4006 6522
514 412 624 469 9.83

1155 405 1212 459 S.
1254 398 1624 455 A'I‘llANASlI
1667 396 1817 453 OPP.
1858 392 2039 448 PARS
2082 391 2086 442 Ε

2191 423 2207 436 .
2244 387 2614 444 IIISTORICA
2654 386 2741 441 ET
2784 386 3204 443 DOGMATKZA.

3672 386 3783 442 '28“

519 522 845 582 solarentur,
877 526 929 573 et
957 531 1052 572 eos
1091 516 1184 585 qui
1220 517 1554 584 scripserant
1585 514 2003 590 adhortarentur
2032 519 2086 561 ut

2192 505 2507 557 ἀποστεῖλαι
2536 501 2837 573 συμπαθεῖν
2878 506 2992 565 τοῖς
3034 503 3333 572 πάσχουσι;
3366 500 3785 572 προτρέψασθαι

518 610 805 673 venirent;
838 621 946 675 quo
969 620 1127 675 quam
1159 606 1390 674 primum
1420 602 1669 658 omnibus
1700 599 1917 653 tandem
1945 612 2095 652 com-

519 699 733 767 positis,
777 713 879 752 nec
904 697 1105 751 diutius
1150 694 1347 749 fratres
1378 692 1549 747 nostri
1594 698 1943 751 vexarentur,
1995 703 2093 743 nec

518 802 616 842 vos
649 789 868 857 quidam
910 784 1409 842 calumniarentur?
1455 782 1561 837 Sed
1610 782 1793 836 nescio
1836 779 1963 849 quid
1998 795 2095 835 vos

520 878 596 932 ita
638 877 863 933 aﬂ'ectos
903 877 1169 940 exhibuit,
1201 883 1261 929 ut
1306 889 1403 928 nos
1434 872 1758 927 induxeritis
1803 872 1870 925 ad
1917 871 2095 941 suspi-

519 969 773 1033 caudam,
804 983 925 1037 quas
951 982 1045 1022 vos
1073 968 1232 1021 verba
1262 980 1363 1019 nos
1392 962 1689 1018 honorandi
1716 975 1881 1016 causa
1912 961 2095 1015 dicere

521 1058 876 1120 videbamini,
906 1058 1021 1111 haec
1068 1056 1181 1125 ipsa
1212 1070 1337 1110 cum
1387 1052 1620 1123 quadam
1660 1050 2096 1105 dissimulatione

520 1148 742 1203 dixisse.
794 1147 1101 1218 Presbyteri
1139 1159 1373 1214 namque
1417 1144 1510 1213 qui
1561 1144 1709 1198 missi
1762 1151 1910 1206 sunt,
1958 1156 2095 1210 quos

520 1255 643 1294 eum
674 1240 870 1309 gaudio
901 1238 1126 1293 rediisse
1163 1236 1376 1304 decuit,
1424 1245 1645 1291 econtra
1676 1234 1854 1288 maesti
1886 1233 2095 1287 rediere

518 1330 589 1385 ob
619 1345 681 1384 ea
715 1343 835 1397 qua:
867 1327 973 1381 illic
1011 1327 1124 1397 geri
1174 1335 1590 1395 conspexerant.
1618 1323 1734 1393 Ego
1777 1337 1906 1377 vero
1946 1332 2095 1391 post-

516 1434 681 1489 quam
728 1418 936 1472 litteras
966 1417 1094 1487 legi,
1129 1432 1251 1471 cum
1298 1417 1466 1470 multa
1498 1430 1707 1469 mecum
1737 1424 2091 1484 reputassem,

517 1507 801 1577 epistolam
828 1507 968 1577 apud
1000 1520 1087 1561 me
1114 1506 1337 1571 retinui,
1372 1520 1600 1574 sperans
1629 1515 1865 1559 vestrum
1902 1504 2093 1557 saltem

523 1599 737 1666 aliquos
769 1613 891 1653 esse
920 1600 1207 1663 venturos,
1230 1610 1330 1651 nec
1356 1596 1582 1667 epistola
1617 1611 1751 1665 opus
1780 1594 1926 1661 fore;
1954 1608 2022 1649 ne
2047 1595 2092 1648 si

520 1690 617 1743 illa
683 1689 857 1758 palam
913 1689 1177 1757 prodiret,
1230 1687 1428 1741 multos
1465 1687 1549 1741 hic
1600 1686 1784 1740 dolore
1832 1683 2089 1739 aﬂlceret.

518 1779 969 1848 Quandoquidem
1000 1789 1182 1833 autem
1218 1778 1367 1832 nullo
1392 1778 1714 1832 adveniente
1742 1789 1963 1831 necesse
1995 1777 2093 1829 fuit

522 1870 668 1923 illam
722 1869 987 1938 proferre,
1040 1867 1215 1922 fateor
1262 1869 1434 1930 vobis,
1487 1880 1675 1921 omnes
1731 1866 2093 1919 admiratione

519 1969 707 2026 captos
750 1958 841 2011 vix
886 1956 1063 2011 induci
1105 1957 1345 2024 potuisse
1384 1965 1441 2009 ut
1471 1956 1757 2010 crederent
1788 1969 1875 2009 res
1911 1955 2095 2021 hujus-

519 2052 659 2105 tnodi
701 2065 731 2103 ιι
775 2050 927 2103 vobis
950 2064 1073 2103 esse
1104 2050 1377 2117 scriptas:
1417 2047 1698 2103 contentio
1743 2048 1887 2102 enim
1922 2047 2095 2117 magis

520 2155 680 2209 quam
710 2140 949 2195 charitas
980 2140 1032 2193 in
1063 2139 1153 2192 illa
1191 2138 1417 2207 epistola
1460 2152 1580 2193 sese
1610 2136 1895 2205 prodebat.
1938 2136 2092 2202 Quod

517 2231 563 2284 si
610 2230 930 2299 eloquentia
960 2229 1296 2283 ostentandae
1344 2244 1526 2290 causa,
1576 2229 1665 2296 qui
1694 2228 1974 2295 epistolam
2012 2228 2093 2280 di-

516 2319 684 2373 ctavit
712 2319 785 2371 ita
814 2318 1113 2386 scripserit,
1136 2316 1437 2383 huiusmodi
1456 2330 1585 2369 sane
1612 2315 1847 2369 studium
1870 2315 1934 2367 ad
1958 2314 2091 2369 alios

518 2419 747 2479 spectat.
778 2407 834 2461 lu
867 2408 1025 2461 rebus
1058 2406 1200 2460 enim
1243 2406 1652 2465 ecclesiasticis.
1684 2420 1788 2459 non
1817 2404 2091 2473 specimen

517 2499 839 2567 eloquentia
863 2496 1210 2565 quaerendum
1234 2505 1337 2562 est,
1370 2496 1464 2550 sed
1506 2512 1742 2551 canones
1772 2496 2089 2565 apostolici;

524 2603 591 2644 ae
622 2587 976 2652 studendum,
1007 2595 1064 2640 ut
1094 2601 1159 2638 ne
1180 2601 1317 2639 unus
1346 2585 1558 2655 quidem
1593 2601 1659 2640 ex
1688 2585 1894 2654 pusillis
1918 2586 2007 2655 qui
2041 2586 2091 2638 in

516 2679 766 2736 Ecclesia
811 2688 935 2733 sunt
967 2676 1449 2731 scandalizetur".
1485 2676 1714 2745 Expedit
1757 2676 1898 2729 enim
1940 2676 2090 2744 juxta

518 2768 937 2823 ecclesiasticam
987 2766 1337 2828 sententiam,
1375 2766 1531 2835 112
1563 2764 1758 2820 molam
1804 2767 2090 2819 asinariam

518 2857 831 2926 suspendia
867 2855 1026 2919 collo,
1074 2866 1130 2911 et
1168 2855 1240 2909 ita
1288 2857 1547 2925 deniergi,
1594 2856 1769 2924 potius
1804 2870 1965 2924 quam
2008 2854 2091 2909 vel

502 2956 682 3001 unum
728 2962 794 3000 ex
836 2945 1045 3014 pusillis
1087 2945 1476 2999 scandalizare.
1527 2944 1680 3011 Quod
1722 2945 1768 2998 si
1822 2944 2091 3013 aliquibus

519 3041 751 3110 quadam
780 3039 1009 3093 invicem
1033 3038 1305 3092 simultate
1323 3037 1499 3091 ductis
1523 3036 1661 3107 (non
1684 3037 1826 3091 enim
1847 3039 2089 3092 omnium

2194 595 2321 657 τοὺς
2345 592 2659 665 γράψαντας
2699 593 2891 656 ἐλθεῖν,
2926 594 3014 645 ἴνα
3054 592 3228 645 πάντα
3257 591 3448 645 θᾶττον
3487 591 3645 643 λύσιν
3690 590 3789 642 λα-

2194 685 2356 739 δόντα
2383 684 2738 755 διορθωθῆναι
2766 683 2989 754 δυνηθῇ,
3019 684 3113 737 καὶ
3142 683 3337 753 μηκέτι
3372 684 3510 753 μήτε
3540 683 3591 734 οἱ
3627 679 3789 735 ἀδελ-

2195 778 2285 847 φοὶ
2332 775 2491 847 ἡμῶν
2534 774 2803 844 πάσχωσι,
2844 777 2980 846 μήτε
3029 775 3173 845 ὑμᾶς
3202 790 3345 836 τινες
3382 772 3791 837 διαϐάλλωσινς

2207 868 2344 921 Ἀλλ’
2379 868 2482 920 οὐκ
2519 861 2667 929 οἶδα,
2702 866 2753 917 τί
2788 865 2849 919 τὸ
2877 865 3036 929 δόξαν
3060 866 3229 928 οὕτως
3258 866 3402 935 ὑμᾶς
3447 863 3790 934 διατεθῆναι,

2196 959 2337 1013 ὥστε
2385 958 2479 1011 καὶ
2527 958 2673 1028 ἡμᾶς
2720 956 2945 1026 ποιῆσαι
2978 955 3310 1024 λογίζεσθαι,
3347 957 3431 1009 ὃτι
3476 955 3574 1009 καὶ
3616 956 3675 1008 ἐν
3709 949 3793 1017 οἷς

2194 1047 2410 1111 ἐδόξατε
2444 1047 2684 1117 ρήμασιν
2724 1046 2869 1115 ἡμᾶς
2916 1045 3102 1114 τιμᾷν,
3154 1044 3327 1097 ταῦτα
3371 1061 3792 1115 μετασχηματι-

2196 1137 2412 1208 ζόμενοι
2441 1136 2552 1206 (55)
2587 1140 2727 1205 μετά
2756 1135 3037 1204 εἰρωνείας
3063 1133 3203 1197 τινὸς
3233 1136 3513 1205 είρήκατε.
3545 1134 3658 1188 Καὶ
3683 1134 3795 1205 γὰρ

2196 1226 2290 1279 καὶ
2337 1225 2386 1278 οἱ
2444 1223 2801 1295 πρεσόύτεροι
2841 1223 2890 1274 οἱ
2932 1222 3348 1285 ἀποσταλέντες,
3383 1220 3478 1285 οὓς
3507 1223 3618 1274 ἔδει
3652 1224 3795 1292 μετὰ

2196 1319 2367 1388 χαρᾶς
2394 1315 2709 1369 ἐπανελθεῖν
2753 1313 3059 1366 τούναντίον
3094 1311 3423 1383 λυπούμενοι
3459 1312 3792 1384 ἐπανῆλθον,

2194 1405 2281 1473 ἐφ’
2311 1400 2391 1467 οἷς
2430 1405 2738 1475 ἑωράκασιν
2785 1404 2901 1455 ἐκεῖ
2937 1402 3262 1473 γινομένοις.
3315 1404 3424 1455 Καὶ
3462 1403 3643 1471 ἔγωγε
3676 1406 3794 1465 τοῖς

2196 1495 2519 1565 γράμμασιν
2552 1493 2821 1563 ἐντυχὼν,
2876 1492 3044 1547 πολλὰ
3088 1493 3476 1563 λογισάμενος,
3522 1493 3795 1563 κατέσχον

2196 1584 2327 1653 παρ’
2355 1582 2577 1652 ἐμαυτῷ
2631 1581 2730 1653 τὴν
2786 1582 3095 1653 ἐπιστολὴν,
3148 1580 3382 1651 νομίζων
3436 1583 3589 1652 ὅμως
3640 1582 3795 1651 ἥξειν

2193 1672 2365 1736 τινας,
2417 1672 2512 1724 καὶ
2561 1672 2635 1743 μὴ
2690 1674 2878 1743 χρείαν
2913 1669 3050 1725 εἶναι
3089 1673 3187 1743 τῆς
3230 1674 3541 1742 ἐπιπολῆς,
3592 1674 3683 1727 ἴνα
3715 1674 3795 1747 μὴ

2196 1767 2306 1827 καὶ,
2350 1767 2407 1828 ἐς
2442 1764 2673 1834 φανερὸν
2709 1764 2958 1829 ἐλθοῦσα,
3012 1763 3239 1827 πολλοὺς
3278 1764 3388 1818 τῶν
3435 1763 3673 1819 ἐνταῦθα
3699 1766 3796 1818 λυο

2197 1857 2367 1926 πήσῃ.
2418 1855 2636 1925 Ἐπειδὴ
2670 1855 2725 1907 δὲ
2754 1855 2977 1924 μηδενὸς
3011 1853 3275 1917 ἐλθόντος,
3310 1854 3525 1925 ἀνάγκη
3566 1856 3794 1924 γέγονεν

2196 1946 2364 2016 αὐτὴν
2407 1947 2862 2017 προκομισθῆναι,
2910 1946 3155 2017 ὁμολογῶ
3202 1947 3350 2016 ὑμῖν,
3394 1948 3597 2011 πάντες
3630 1948 3795 2003 ἐθαύ-

2200 2053 2399 2105 μασαν,
2438 2037 2528 2087 καὶ
2557 2035 2725 2101 ἐγγὺς
2756 2035 3016 2096 ἀπιστίας
3046 2034 3354 2102 γεγόνασιν,
3390 2037 3439 2087 εί
3487 2035 3628 2099 ὅλως
3659 2040 3790 2110 παρ’

2197 2126 2349 2196 ὑμῶν
2384 2124 2607 2178 τοιαῦτα
2644 2126 2858 2195 ἐγράφη
2881 2142 2892 2154 ·
2944 2126 3271 2193 φιλονεικίας
3312 2125 3420 2196 γάρ
3454 2126 3660 2197 μᾶλλον
3697 2128 3791 2181 καὶ

2194 2218 2293 2270 ούκ
2336 2218 2555 2286 ἀγάπης
2606 2212 2672 2285 ἦν
2720 2218 3059 2287 ἡέπιστολή.
3114 2217 3176 2269 Εἰ
3210 2218 3307 2287 μὲν
3335 2214 3427 2271 οὖν
3473 2218 3791 2289 φιλοτιμίας

2194 2308 2365 2376 λόγων
2420 2308 2605 2360 ἕνεκεν
2664 2310 2692 2358 ὀ
2738 2307 3118 2378 ὑπαγορεύσας
3177 2308 3434 2379 ἔγραψεν,
3494 2309 3675 2364 ἄλλων
3723 2313 3785 2363 τὸ

2194 2398 2431 2452 τοιοῦτον
2474 2398 2832 2469 ἐπιτήδευμα.
2879 2399 2967 2451 Ἐν
3011 2399 3118 2470 γὰρ
3148 2402 3260 2463 τοῖς
3302 2401 3787 2472 ἐκκλησιαστικοίς

2194 2491 2254 2543 ού
2280 2490 2453 2558 λόγων
2479 2488 2735 2555 ἐπίδειξίς
2774 2492 2939 2554 ἐστιν,
2986 2490 3119 2543 ἀλλὰ
3155 2491 3379 2555 κανόνες
3405 2493 3786 2559 ἀποστολικοὶ,

2195 2586 2291 2638 καὶ
2316 2584 2520 2655 σπουδὴ
2543 2582 2638 2635 τοῦ
2675 2582 2750 2654 μὴ
2776 2583 3145 2646 σκανδαλίζειν
3169 2585 3264 2637 ἕνα
3295 2584 3404 2637 τῶν
3436 2587 3654 2658 μικρῶν
3679 2587 3786 2640 τῶν

2194 2679 2249 2730 ἐν
2277 2680 2343 2747 τῇ
2382 2676 2693 2746 Ἐκκλησία.
2744 2677 3015 2746 Συμφέρει
3058 2676 3165 2747 γὰρ
3216 2678 3357 2731 κατὰ
3399 2678 3494 2731 τὸν
3528 2679 3787 2749 ἐκκλησι-

2194 2766 2415 2818 αστικὸν
2468 2766 2643 2833 λόγον,
2684 2765 2850 2836 μύλον
2901 2765 3077 2817 όνικὸν
3138 2766 3519 2837 κρεμασθῆναι
3570 2771 3653 2832 είς
3691 2769 3784 2821 τὸν

2190 2855 2457 2927 τράχηλον
2483 2856 2575 2909 καὶ
2596 2856 3105 2924 καταποντισθῆναι,
3129 2857 3161 2925 ἢ
3188 2856 3543 2911 σκανδαλίσαι
3571 2858 3673 2912 κᾶν
3688 2860 3783 2913 ἕνα

2190 2947 2298 2999 τῶν
2326 2946 2557 3017 μικρῶν.
2606 2947 2670 2999 Et
2715 2947 2770 2999 δὲ
2821 2946 2896 3009 ὥς
2933 2964 3090 2999 τινων
3124 2947 3517 3017 λελυπημένων
3558 2950 3649 3003 διὰ
3686 2952 3783 3021 τὴν

2193 3038 2327 3108 πρὸς
2358 3037 2616 3108 ἀλλήλους
2659 3036 3045 3107 μικροψυχίαν,
3080 3038 3161 3105 (ού
3190 3038 3299 3109 γὰρ
3325 3038 3392 3091 ἂν
3409 3041 3625 3110 εἴποιμι
3656 3043 3786 3096 πάν-

521 3132 680 3186 talein
714 3140 949 3185 mentem
979 3129 1144 3183 fuisse
1175 3128 1437 3197 dixerim)
1469 3127 1774 3183 istiusmodi
1802 3129 2084 3197 epistolam

2191 3146 2296 3181 των
2322 3126 2459 3181 εἶναι
2490 3126 2693 3198 ταύτην
2734 3127 2957 3199 γνώμην
2982 3129 3020 3197 ο)
3061 3128 3285 3198 τοιαύτη
3327 3130 3556 3199 γέγονεν
3589 3134 3624 3203 ἡ
3663 3135 3782 3186 ἐπι-

517 3223 683 3277 scribi
716 3222 954 3291 placuit:
985 3220 1213 3275 decebat
1238 3221 1453 3289 quidem
1488 3222 1571 3274 vel
1609 3221 1830 3274 omnino
1861 3236 1966 3275 non
2005 3222 2087 3275 ol-

517 3311 685 3377 l'endi,
721 3322 814 3366 aut
842 3312 1009 3367 solem
1038 3326 1141 3365 non
1171 3312 1422 3367 occidere
1450 3326 1614 3381 super
1637 3311 1839 3367 oﬁ'cnsa
1864 3313 1911 3344 "
1939 3327 1955 3367 :
1993 3322 2085 3366 aut

516 3403 705 3457 saltem
745 3417 810 3456 eo
838 3400 1084 3472 progredi
1122 3415 1224 3455 non
1255 3400 1512 3471 oportuit,
1549 3409 1606 3455 ut
1644 3415 1705 3455 ea
1752 3402 1954 3471 scripto
1993 3404 2086 3458 de-

514 3495 659 3551 clara
669 3506 835 3550 retur.

582 3585 670 3639 22.
721 3585 859 3652 Quid
903 3588 1048 3641 enim
1098 3596 1277 3641 actum
1330 3596 1414 3642 est
1452 3588 1670 3656 dignum
1704 3585 1951 3656 querela,
1994 3594 2087 3639 aut

513 3676 832 3744 quibusnam
869 3677 1108 3747 epistola:
1135 3692 1267 3731 mea:
1288 3678 1445 3731 dictis
1478 3678 1628 3732 vobis
1654 3677 2082 3731 succensendum

513 3769 646 3823 fuit?
676 3769 757 3823 An
806 3770 929 3837 quia
967 3770 1164 3823 hortati
1198 3783 1383 3822 smnus
1430 3776 1488 3820 ut
1519 3769 1584 3821 ad
1623 3768 1883 3837 synodum
1925 3781 2084 3821 acce-

517 3864 755 3917 deretis?
783 3862 928 3931 atqui
960 3860 1089 3912 illud
1124 3874 1242 3911 cuin
1276 3858 1469 3927 gaudio
1500 3858 1680 3926 potius
1708 3859 2082 3927 excipiendum

517 3951 639 4005 fuit.
672 3952 771 4017 Qui
810 3952 952 4004 enim
992 3949 1151 4001 rebus
1183 3962 1210 3999 a
1248 3961 1307 4000 se
1332 3945 1500 4015 gestis
1530 3955 1642 4010 aut,
1684 3956 1741 4000 ut
1779 3947 1876 4015 ipsi
1910 3946 2083 4013 aiunt,

509 4041 766 4110 iudicatis
792 4055 895 4093 non
921 4038 1186 4101 diuidunt,
1216 4052 1321 4091 non
1346 4037 1561 4105 indigne
1592 4036 1771 4092 lerunt
1795 4038 1839 4091 si
1872 4039 1940 4091 ab
1964 4038 2083 4092 aliis

509 4131 768 4197 judicium
814 4145 969 4184 suum
1008 4129 1381 4194 examinetur;
1416 4129 1510 4183 sed
1560 4128 1811 4182 ﬁduciam
1858 4128 2078 4203 habent,

512 4220 655 4287 quod
691 4234 809 4288 qua:
864 4220 962 4289 ipsi
999 4218 1145 4286 juste
1187 4217 1518 4285 iudicarunt,
1569 4218 1763 4286 injusta
1809 4234 2079 4287 nunquam

515 4310 631 4364 ﬁeri
678 4310 908 4364 valeant.
960 4310 1223 4376 Quocirca
1269 4309 1505 4379 episcOpi
1554 4310 1606 4364 in
1649 4324 1838 4379 magna
1874 4310 2082 4380 synodo

514 4397 725 4453 Nicmna
756 4399 1090 4469 congregati,
1125 4414 1229 4452 non
1260 4399 1398 4452 citra
1427 4399 1517 4453 Dei
1545 4399 1853 4465 consilium,
1883 4399 2081 4468 prioris

2193 3219 2373 3289 στολὴ,
2410 3218 2614 3289 ἔπρεπε
2656 3216 2755 3287 μὲν
2789 3219 2919 3288 μηδὲ
2950 3218 3083 3282 ὅλως
3123 3219 3449 3290 λυπηθῆναι,
3487 3223 3626 3293 μηδὲ
3660 3226 3780 3278 ἐπ’.-

2187 3313 2340 3366 δῦναι
2372 3310 2463 3363 τὸν
2505 3309 2655 3379 ἥλιον
2707 3310 2799 3361 ἐπὶ
2848 3313 2911 3379 τῇ
2946 3309 3124 3380 λύπῃο
3166 3312 3271 3364 ἔδει
3316 3312 3373 3365 δέ
3415 3315 3571 3383 ὅμως
3601 3317 3675 3388 μὴ
3704 3317 3784 3379 είς

2186 3401 2435 3457 τοσοῦτον
2495 3399 2877 3471 παραχθῆναι,
2931 3400 3071 3453 ὥστε
3133 3403 3228 3454 καὶ
3280 3402 3561 3474 ἔγγραφον
3612 3406 3784 3476 αὐτὴν

2190 3492 2583 3557 ἐπιδείξασθαι.

2256 3585 2345 3639 22.
2376 3584 2440 3635 Τί
2467 3582 2575 3651 γὰρ
2608 3582 2701 3634 καὶ
2732 3581 2955 3649 γέγονεν
2998 3583 3147 3648 ἄξιον
3192 3582 3391 3655 λύπης,
3421 3584 3455 3655 ἦ
3485 3586 3547 3639 ἐν
3577 3586 3684 3640 τίνι
3712 3580 3783 3657 ἦν

2185 3677 2330 3742 ἄξιον
2366 3678 2675 3750 λυπηθῆναι
2720 3682 2864 3751 ὑμᾶς
2907 3678 2988 3745 οἷς
3032 3683 3125 3735 καὶ
3174 3684 3532 3753 ἐγράψαμενς
3584 3684 3656 3737 Ἦ
3698 3685 3782 3737 ὃτι

2184 3770 2637 3841 προετρεψάμεθα
2678 3773 2757 3835 είς
2804 3772 3019 3826 σύνοδον
3062 3774 3407 3842 ὰπαντῆσαις
3452 3772 3593 3826 ἀλλὰ
3627 3774 3783 3827 τοῦτο

2187 3858 2385 3929 μᾶλλον
2415 3860 2520 3913 ἔδει
2550 3862 2689 3930 μετὰ
2722 3863 2895 3933 χαρᾶς
2917 3862 3189 3928 δέξασθαι.
3227 3863 3289 3914 0i
3320 3862 3432 3932 γάρ
3461 3862 3779 3933 παρρησίαν

2182 3950 2416 4021 ἔχοντες,
2444 3953 2530 4020 ἐφ’
2560 3946 2643 4015 οἷς
2675 3954 3029 4023 πεποιήκασι,
3079 3952 3193 4014 καὶ,
3224 3952 3298 4014 ὼς
3340 3953 3497 4005 αὐτοὶ
3539 3952 3779 4020 λέγουσι,

2183 4040 2524 4111 κεκρίκασιν,
2560 4042 2658 4093 οὐκ
2683 4040 3101 4108 ἀγανακτοῦσιν,
3132 4042 3181 4093 εί
3208 4041 3339 4112 παρ’
3367 4042 3575 4112 ἐτέρων
3597 4040 3783 4106 ἐξετά-

2182 4131 2379 4202 ζοιτοὴ
2412 4132 2620 4202 κρίσιςθ
2655 4132 2791 4185 ἀλλὰ
2819 4132 3141 4203 θαρροῦσιν,
3175 4134 3257 4185 ὅτι
3290 4132 3325 4185 ἃ.
3364 4132 3595 4196 δικαίως
3624 4134 3777 4202 ἐκρι-

2181 4242 2299 4287 ναν,
2348 4224 2518 4276 ταῦτα
2565 4223 2722 4276 ἄδικα
2762 4226 2863 4277 οὐκ
2912 4226 2975 4278 ἄν
3023 4241 3149 4277 ποτε
3187 4224 3412 4291 γένοιτο.
3476 4224 3579 4277 Διά
3622 4224 3780 4278 τοῦτο

2184 4316 2293 4386 (56)
2324 4317 2417 4368 καὶ
2449 4317 2496 4368 oi
2538 4317 2594 4367 ἐν
2624 4320 2689 4387 τῇ
2736 4315 2876 4369 κατὰ
2905 4315 3137 4368 Νίκαιαν
3169 4314 3380 4387 μεγάλῃ
3417 4316 3624 4385 συνόδῳ
3655 4332 3779 4367 συν-

2183 4405 2425 4468 ελθόντες
2464 4405 2749 4459 ἐπίσκοποι
2798 4407 2898 4458 οὐκ
2941 4405 3066 4458 ἄνευ
3098 4404 3229 4458 Θεοῦ
3262 4405 3573 4476 βουλήσεως
3622 4422 3778 4457 συνε-

511 4491 699 4558 synodi
721 4492 855 4545 Acta
894 4490 946 4544 in
991 4489 1097 4543 alia
1145 4490 1351 4560 synodo
1398 4490 1627 4559 disquiri
1673 4492 2076 4560 permiserunt;

2191 4496 2436 4568 χώρησαν
2484 4498 2543 4549 ἐν
2587 4496 2748 4567 ἑτέρα
2794 4496 2995 4565 συνόδῳ
3025 4497 3094 4549 τὰ
3128 4495 3227 4565 τῆς
3274 4496 3555 4566 προτέρας
3589 4484 3773 4563 ἐξετάέ

512 4590 570 4633 ιιι
603 4582 691 4650 qni
723 4582 1049 4651 iudicarent,
1090 4597 1203 4651 prae
1234 4582 1405 4638 oculis
1449 4582 1733 4647 habentes,
1780 4582 2071 4638 secundum

511 4670 748 4727 futurum
779 4689 903 4730 esse
935 4674 1219 4741 judicium,
1260 4690 1381 4729 cuin
1416 4675 1561 4729 omni
1594 4674 1800 4728 cautela
1839 4690 1949 4729 rem
1980 4689 2075 4728 ex-

512 4762 841 4828 penderent;
874 4772 929 4818 et
958 4764 1050 4833 qui
1092 4764 1489 4831 iudicarentur,
1534 4766 1818 4819 crederent
1868 4779 1926 4818 se
1965 4781 2071 4820 non

510 4866 579 4905 ex
618 4853 857 4919 priorum
898 4852 1138 4922 iudicum
1183 4856 1307 4909 odio
1344 4865 1399 4909 et
1446 4855 1751 4920 inimicitia,
1796 4856 1888 4909 sed
1932 4854 2075 4923 juste

506 4941 774 5009 iudicatos
803 4958 943 4999 esse.
981 4945 1130 5011 Quod
1168 4947 1210 5001 si
1256 4946 1561 5014 hujusmodi
1604 4946 2075 5009 consuetudinem,

512 5030 789 5097 antiquant
829 5046 979 5097 sane,
1039 5034 1092 5088 in
1133 5049 1322 5103 magna
1358 5035 1564 5105 synodo
1596 5044 1947 5091 memoratam
1984 5036 2078 5090 de-

513 5121 898 5192 scriptamque,
927 5126 1064 5191 apud
1096 5140 1188 5179 vos
1227 5129 1404 5182 valere
1436 5127 1636 5189 nolitis,
1680 5127 1931 5182 indecora
1964 5129 2078 5182 l'ue-

514 5210 584 5263 rit
621 5211 885 5279 ejusmodi
920 5216 1205 5269 recusatio.
1253 5216 1455 5269 Morem
1502 5232 1738 5286 namque
1780 5216 1871 5285 qui
1911 5217 2078 5272 semel

514 5307 567 5352 in
613 5301 854 5358 Ecclesia
885 5305 1137 5372 obtinuit,
1165 5316 1220 5361 et
1256 5322 1286 5361 a
1326 5309 1549 5378 synodis
1578 5307 1931 5366 conﬁrmatus
1971 5323 2074 5380 est,

582 5438 625 5469 "
650 5439 838 5495 Matth.
866 5459 1017 5507 xvm,
1042 5444 1095 5497 6.
1169 5446 1213 5476 ⁷⁸
1255 5445 1452 5513 Ephcs.
1482 5460 1555 5511 tv,
1594 5446 1688 5501 26.

726 5560 853 5633 [ξος.
890 5564 1374 5633 σχηματισάμενοι.

586 5624 1011 5707 (salutamus;
1050 5635 1152 5687 hoc
1187 5624 1463 5707 decretum
1513 5634 1667 5707 inter
1685 5633 1875 5700 viginti
1904 5649 2073 5707 cano-

516 5705 613 5743 nes
656 5693 840 5750 Nicaea:
880 5700 1054 5771 editos
1103 5718 1206 5756 non
1272 5705 1520 5757 habetur.
1562 5702 1668 5757 Sed
1716 5693 1911 5771 praeter
1951 5705 2071 5761 illos

514 5773 745 5819 canones
789 5770 1032 5836 quzedain
1091 5770 1193 5827 alia
1246 5773 1583 5842 disciplinain
1643 5774 1945 5842 spectantia
2013 5777 2067 5832 in

2182 4585 2391 4650 ζεσθαι,
2434 4586 2520 4638 ἵνα
2562 4587 2651 4637 καὶ
2690 4586 2737 4637 οί
2776 4586 3053 4655 κρίνοντες
3094 4584 3200 4656 πρὸ
3231 4584 3530 4654 ὀφθαλμῶν
3562 4584 3775 4655 ἔχοντες

2180 4678 2277 4746 τὴν
2306 4678 2568 4746 ἐσομένην
2600 4676 2857 4747 δευτέραν
2892 4676 3074 4746 κρίσιν
3099 4675 3234 4746 μετὰ
3260 4675 3443 4745 πάσης
3473 4674 3773 4743 suam!“

2182 4764 2495 4829 ἐξετάζωσι,
2553 4765 2646 4817 καὶ
2697 4767 2744 4818 οί
2804 4764 3116 4835 κρινόμενοι
3155 4764 3476 4826 πιστεύωσι,
3532 4764 3609 4835 μὴ
3658 4760 3772 4818 κατ’

2182 4854 2379 4927 ἔχθραν
2417 4854 2523 4907 τῶν
2557 4855 2860 4926 προτέρων,
2888 4856 3031 4909 ἀλλὰ
3053 4854 3191 4907 κατὰ
3216 4852 3278 4906 τὸ
3304 4853 3518 4908 δίκαιον
3551 4847 3785 4915 ἑαυτούς’

2182 4948 2461 5019 κρίνεσθαι
2487 4945 2620 5016 (57).
2651 4946 2713 4997 Ei
2742 4944 2797 4997 δὲ
2822 4945 2883 4997 τὸ
2903 4943 3141 4997 τοιοῦτον
3173 4942 3292 5007 ἔθος
3322 4943 3556 4997 παλαιὸν
3582 4944 3770 5013 τυγχά-

2180 5057 2289 5103 νον,
2323 5035 2690 5109 μημονευθέν
2711 5035 2767 5087 δὲ
2791 5036 2884 5087 καὶ
2909 5035 3114 5104 γραφὲν
3130 5035 3188 5086 ἐν
3202 5037 3268 5105 τῇ
3306 5034 3524 5106 μεγάλῃ
3549 5035 3766 5105 συνόδῳ.

2184 5132 2341 5201 ὑμεῖς
2376 5128 2532 5181 τοῦτο
2563 5128 2693 5195 παρ’
2733 5127 2861 5194 ὑμῖν
2898 5125 3101 5195 ἰσχύειν
3145 5125 3207 5177 οὐ
3258 5123 3466 5189 θέλετε,
3512 5126 3767 5196 ἀπρεπὴς

2188 5222 2285 5292 μὲν
2316 5222 2347 5290 η
2386 5216 2611 5287 τοιαύτη
2649 5214 2981 5285 παραίτησις
3002 5231 3013 5242 ’
3060 5214 3123 5265 τὸ
3154 5216 3263 5284 γὰρ
3300 5213 3450 5281 ἆπαξ
3484 5216 3765 5287 συνήθειαν

2184 5310 2417 5381 ἐσχηκὸς
2446 5312 2503 5362 ἐν
2544 5311 2610 5377 τῇ
2648 5307 2972 5376 Ἐκκλησία,
3017 5306 3112 5357 καὶ
3159 5306 3265 5357 ὑπὸ
3306 5306 3544 5361 συνόδων
3591 5308 3765 5376 βεσαιο

2185 5570 2287 5624 hac
2318 5566 2752 5636 synodogstatuta
2784 5577 2904 5636 esse
2929 5571 3135 5636 certum
3177 5570 3281 5615 est.
3324 5558 3459 5613 Post
3493 5557 3580 5610 διὰ
3614 5554 3762 5609 τοῦτο

2183 5640 2236 5694 in
2282 5633 2426 5706 Reg:
2448 5634 2541 5688 καί
2575 5633 2883 5706 legit_ur._ln
2909 5633 3030 5706 aliis
3058 5633 3231 5706 ilecst.
3262 5698 3302 5706 _
3326 5698 3360 5706 __
3392 5697 3405 5706 _
3452 5700 3453 5703 η

2183 5691 2545 5829 ⁷⁷(ἷό7ὶυῐίοε.
2587 5691 2658 5761 εἴ
2692 5703 2883 5769 Basil.,
2918 5699 3214 5770 κρίνεσθαι.
3262 5697 3405 5754 Editi
3446 5700 3595 5765 Vero,
3648 5691 3759 5763 κρί-

2177 5794 2278 5831 νασ
2316 5794 2374 5830 αι
