4006 6506
244 420 335 479 285
1308 416 1651 472 APULOGIA
1689 417 1775 472 (ΖΟ

1878 418 1966 472 BA
2008 418 2333 478 ARIANOS.

3350 430 3467 488 236

245 531 383 593 ωθὲν,
415 530 511 581 οὐκ
538 528 759 595 εὔλογον
794 527 902 580 ὑπὸ
940 529 1132 596 ὀλίγων
1163 529 1554 601 παραλύεσθαι.
1586 529 1775 591 ’Δλλωέ

1897 530 2117 586 minime
2150 538 2570 586 consentaneum
2597 542 2679 587 est
2710 548 2738 587 a
2766 536 2953 605 paucis
2983 539 3256 609 abrogari.
3302 539 3456 596 Alias

246 638 294 672 τε
328 619 437 672 οὐδὲ
482 621 539 671 ὲν
580 618 754 687 τούτῳ
804 618 1029 681 δικαίως
1070 621 1137 673 ἂν
1185 623 1401 689 φανεῖεν
1438 620 1786 690 λυπηθέντες.

248 712 300 762 Ol
329 710 428 780 γὰρ
458 711 587 779 παρ’
616 708 771 779 ὑμῶν
802 710 913 762 τῶν
940 710 1065 779 περὶ
1098 710 1353 762 Εὐσέϐιον
1396 710 1789 775 ἀποσταλέντες

246 796 338 867 (58)
376 796 505 864 μετά
546 798 914 867 γραμμάτων,
944 798 1084 865 λέγω
1105 798 1167 868 δὴ
1190 799 1472 869 Μακάριος
1494 800 1523 851 ὁ
1549 799 1788 869 πρεσϐύ-

246 901 399 955 τερος,
428 885 519 939 καὶ
537 885 857 956 Μαρτύριος
879 887 973 939 καὶ
1001 886 1249 958 Ἡσύχιος
1270 890 1317 939 οἰ
1338 888 1591 952 διάκονοι,
1612 890 1787 942 ἀπαν-

243 976 475 1044 τήσαντες
499 973 753 1037 ἐνταῦθα,
779 975 855 1038 ὼς
884 976 982 1027 οὐκ
1009 976 1348 1045 ἠδυνήθησαν
1387 976 1521 1047 πρὸς
1544 978 1667 1039 τοὺς
1700 976 1787 1028 έλ-

245 1066 406 1129 θόντας
445 1065 762 1119 Ἀθανασίου
798 1067 1200 1136 πρεσϐυτέρους
1230 1068 1565 1137 ἀντιστῆναι,
1591 1066 1703 1119 ἀλλ’
1730 1068 1787 1120 ὲν

243 1160 353 1212 πᾶσι
379 1159 721 1230 διετρέποντο
748 1158 841 1211 καὶ
872 1158 1236 1229 διηλέγχοντο,
1269 1158 1331 1210 τὸ
1353 1158 1651 1228 τηνικαῦτα
1671 1157 1787 1227 ἠξί-

241 1266 363 1303 ωσαν
386 1251 529 1319 ἡμᾶς
554 1290 568 1313 ,
615 1248 756 1304 ὥστε
789 1249 1002 1303 σύνοδον
1032 1251 1429 1319 συγκροτῆσαι,
1460 1252 1553 1304 καὶ
1582 1250 1786 1321 γράψαι

239 1344 315 1397 καὶ
346 1342 646 1413 Ἀθανασίῳ
673 1343 751 1413 τῷ
778 1343 1061 1412 ὲπισκόπῳ
1087 1344 1167 1405 εις
1204 1342 1625 1413 Ἀλεξάνδρειαν,
1652 1344 1787 1414 γρά-

237 1436 319 1503 ψαι
344 1433 394 1485 δὲ
420 1434 649 1497 καὶτοῖς
676 1436 802 1505 περὶ
823 1434 1102 1497 Εὐσέϐιον,
1136 1436 1221 1487 ἵνα
1248 1435 1336 1486 ἐπὶ
1360 1433 1628 1504 παρουσία
1659 1435 1788 1486 πάν-

237 1538 342 1580 των,
370 1523 399 1590 ἡ
428 1521 613 1573 δικαία
643 1522 823 1590 κρίσις
851 1521 1193 1591 ἐξενεχθῆναι
1237 1521 1456 1592 δυνηθῇ.
1506 1522 1639 1575 Τότε
1677 1522 1784 1593 γὰρ

237 1612 311 1665 καὶ
347 1612 725 1666 ἀποδεικνύναι
754 1615 929 1666 πάντα
974 1613 1040 1665 τά
1092 1612 1233 1666 κατά
1274 1613 1583 1666 Ἀθανάσιον
1613 1615 1782 1683 ἐπηγ-

236 1700 447 1766 γείλαντο
471 1719 483 1729 ·
522 1706 676 1773 κοινῇ
702 1702 811 1773 γὰρ
835 1705 924 1771 ὑφ’
954 1703 1113 1774 ήμῶν
1141 1703 1533 1775 διηλέγχθησαν
1572 1706 1621 1756 οἱ
1656 1705 1783 1775 περὶ

236 1791 521 1863 Μαρτύριον
548 1794 644 1846 καὶ
676 1794 947 1861 Ἦσύχιον,
981 1795 1074 1847 καὶ
1105 1796 1153 1846 οί
1196 1793 1510 1846 Ἀθανασίου
1530 1794 1622 1845 τοῦ
1659 1796 1777 1846 ἑπι-

1898 630 2073 675 tamen
2104 622 2156 676 in
2186 624 2289 676 hoc
2310 622 2431 690 jure
2460 622 2719 694 indignati
2748 641 3087 697 nequaquam
3118 631 3407 685 videantur
3437 648 3452 685 :

1891 724 2015 763 nam
2058 713 2147 780 qui
2174 728 2203 765 a
2232 712 2385 767 vobis
2412 712 2730 770 Eusebianis
2758 731 2879 771 cum
2918 717 3111 773 litteris
3151 721 3299 776 missi
3328 730 3455 777 sunt

1890 798 2159 856 Macarius
2184 804 2483 872 presbyter,
2513 803 2805 876 Martyrius
2833 817 2887 861 et
2917 807 3216 879 llesychius
3237 812 3451 866 diaconi

1890 889 1981 957 qui
2031 892 2134 944 huc
2176 893 2631 959 advenere,cum
2666 911 2771 951 non
2823 898 3065 953 valerent
3114 903 3453 972 presbyteris

1888 980 2189 1045 Athanasii,
2228 983 2320 1051 qui
2368 985 2474 1038 huc
2511 1001 2573 1041 se
2610 989 2976 1055 contulerant,
3012 991 3314 1058 obsistere;
3357 994 3453 1047 sed

1889 1069 1942 1123 in
1974 1071 2227 1125 omnibus
2254 1072 2621 1129 refutareutur
2651 1092 2715 1131 ac
2756 1080 3243 1148 convincerentur;
3271 1092 3384 1135 tum
3419 1098 3450 1137 a

1889 1157 2044 1211 nobis
2067 1159 2403 1227 postularunt
2428 1174 2485 1217 ut
2515 1168 2752 1234 synodus
2779 1168 3126 1232 indiceretur,
3149 1170 3454 1241 litteneque

1886 1248 1955 1301 ad
2002 1248 2357 1304 Athanasium
2406 1253 2713 1323 episcopum
2754 1257 3177 1323 Alexandriam,
3210 1262 3453 1331 itemque

1886 1338 1953 1390 ad
1984 1338 2315 1394 Eusebianos
2342 1341 2708 1405 mitterentur,
2754 1354 2812 1399 ut
2840 1361 3023 1401 coram
3068 1351 3323 1405 omnibus
3357 1352 3451 1421 ju-

1884 1434 2028 1480 stum
2052 1438 2235 1494 posset
2262 1428 2488 1498 proferri
2507 1430 2785 1498 judicium.
2816 1435 2950 1489 Tum
2974 1452 3032 1491 se
3056 1441 3237 1493 omnia
3264 1450 3450 1497 contra

1883 1517 2240 1572 Athanasium
2280 1519 2437 1573 allata
2468 1522 2696 1577 crimina
2732 1524 3077 1593 probaturos,
3104 1530 3449 1594 promisere:

1885 1607 2095 1673 publice
2134 1609 2276 1662 enim
2324 1624 2353 1662 a
2392 1613 2546 1666 nobis
2585 1611 2872 1683 Martyrius
2896 1624 2949 1669 et
2980 1614 3279 1686 Hesychius
3316 1634 3450 1673 con-

1884 1695 2012 1749 victi
2058 1706 2206 1760 sunt,
2255 1697 2584 1767 presbyteris
2630 1702 2913 1757 Athanasii
2957 1703 3298 1760 Alexandriae
3338 1708 3453 1777 epi-

1885 1788 2055 1857 scopi,
2084 1803 2206 1842 cum
2236 1790 2430 1844 ﬁducia
2467 1791 2871 1848 obsistentibus.
2918 1795 3213 1865 Martyrius
3244 1813 3369 1852 vero
3397 1809 3453 1855 et

236 1879 406 1932 σκόπου
467 1881 829 1951 πρεσϐύτεροι
879 1881 1023 1951 (59),
1072 1881 1211 1952 μετά
1255 1881 1627 1952 πεποιθήσεως
1660 1882 1775 1934 ἀνθ-

1889 1877 2041 1939 socii,
2067 1886 2127 1931 ut
2151 1892 2275 1932 vere
2296 1880 2493 1946 dicam,
2520 1882 2571 1935 in
2594 1884 2847 1939 omnibus
2879 1877 3271 1950 refut‘abantur,
3299 1889 3452 1945 hino-

237 1967 415 2021 ίσταντο
436 1986 450 2001 ⁸
482 1972 532 2023 οί
568 1970 625 2023 δὲ
652 1972 779 2043 περὶ⁸
800 1972 1133 2043 Μαρτύριον,
1162 1974 1209 2024 εί
1228 1972 1307 2024 δεῖ
1333 1972 1562 2041 τάληθὲς
1591 1974 1779 2034 εἰπεῖν,

202 2059 280 2143 ,ἑν
303 2061 421 2113 πᾶσι
452 2060 833 2130 διετρέποντο,
877 2061 997 2114 ὅθεν
1037 2062 1130 2115 καὶ
1162 2061 1399 2130 ἠξίωσαν
1448 2062 1659 2114 σύνοδον
1690 2078 1779 2129 γεο

232 2146 410 2201 νέσθαι.
468 2148 533 2200 Εἰ
588 2148 790 2214 τοίνυν,
833 2150 966 2219 μηδὲ
1006 2148 1111 2202 τῶν
1156 2150 1283 2219 περὶ
1327 2148 1637 2220 Μαρτύριον
1689 2150 1782 2202 καὶ

239 2236 464 2307 Ἦσύχιον
486 2238 839 2304 ἀξιωσάντων
863 2238 1111 2307 γενέσθαι
1144 2239 1377 2304 σύνοδον,
1402 2238 1782 2308 προτρεψάμε-

228 2329 463 2399 νοςήμην
503 2326 615 2396 ἐγὼ
663 2328 855 2383 σκύλαι
899 2331 1021 2392 τοὺς
1061 2330 1397 2400 γράψαντας,
1444 2329 1629 2381 ἕνεκεν
1674 2328 1780 2382 τῶν

229 2418 442 2487 ἀδελφῶν
474 2419 636 2489 ἡμῶν
663 2420 768 2472 τῶν
802 2420 1139 2489 αἰτιωμένων
1174 2420 1386 2473 ἀδικίαν
1433 2420 1777 2484 πεπονθέναι,

228 2508 303 2559 καὶ
328 2507 495 2571 οὕτως
531 2508 751 2576 εὔλογος
786 2505 853 2578 ἦν
889 2512 983 2562 καὶ
1024 2508 1264 2579 δικαίαή
1300 2510 1611 2580 προτροπὴ,
1666 2509 1779 2561 ἔστι

227 2597 313 2668 γάρ
338 2599 765 2669 έκκλησιαστικὴ
794 2598 889 2651 καὶ
922 2598 1039 2668 Θεῴ
1083 2600 1392 2669 ἀρέσκουσα
1412 2614 1424 2627 ·
1469 2600 1559 2651 ὅτε
1590 2599 1645 2651 δὲ
1686 2598 1779 2661 οὓς

232 2687 363 2756 ὑμεῖς
385 2690 543 2743 αὐτοὶ
569 2691 617 2741 oi
654 2690 779 2761 περὶ
820 2689 1073 2741 Εὑσέϐιον
1111 2689 1453 2755 ἀξιοπίστους
1474 2689 1775 2759 ἡγήσασθε,

228 2780 304 2830 καὶ
339 2775 481 2832 εὖτοὶ
539 2779 779 2848 ⁴ἠξίωσαν
819 2780 964 2849 ἡμᾶς
997 2779 1347 2847 συγκαλέσαι,
1391 2781 1677 2833 ἀκόλουθον
1709 2777 1776 2851 ἦν

234 2867 340 2931 τοὺς
372 2868 667 2938 κληθέντας
698 2870 771 2938 μὴ
807 2868 1141 2940 λυπηθῆναι,
1174 2869 1307 2921 ἀλλά
1342 2870 1537 2939 μάλλον
1573 2870 1775 2939 προθύ-

227 2976 319 3027 μως
349 2961 675 3030 ἀπαντῆσαι.
717 2960 923 3013 Οὐκοῦν
960 2963 992 3032 ἡ
1036 2961 1135 3031 μὲν
1161 2960 1357 3024 δόξασα
1408 2960 1775 3029 ἀγανάκτησις

223 3049 309 3101 τῶν
347 3051 693 3120 λυπηθέντων
718 3050 1013 3121 προπετὴς,
1059 3054 1091 3122 η
1121 3051 1534 3122 δέπαραίτησις
1566 3050 1672 3101 τῶν
1700 3049 1773 3119 μὴ

224 3137 540 3205 θελησάντων
565 3140 874 3209 ἀπαντῆσαι
892 3142 1163 3212 ἀπρεπὴς,
1196 3143 1290 3194 καὶ
1310 3126 1543 3203 ὕποπτος
1570 3144 1634 3194 ὲκ
1654 3141 1773 3193 τού-

1884 1981 1988 2034 que
2027 1966 2223 2021 factum
2268 1978 2353 2021 est
2392 1978 2447 2022 ut
2473 1974 2732 2040 synodum
2771 1976 2943 2028 coacti
2992 1976 3102 2031 sint
3149 1978 3445 2047 postulare.

1885 2056 1943 2110 Si
1985 2058 2147 2123 igitur
2192 2057 2449 2128 Martyrio
2504 2071 2559 2114 et
2604 2061 2869 2131 llesychio
2922 2066 3123 2120 nullam
3177 2070 3446 2135 synodum

1882 2146 2299 2215 postulantibus,
2336 2158 2525 2203 auctor
2559 2165 2657 2219 ego
2698 2152 2944 2221 fuissem,
2978 2165 3037 2207 ut
3078 2157 3168 2225 qui
3211 2158 3446 2226 scripse-

1881 2243 2003 2287 rant
2033 2234 2482 2303 delatigarentur,
2520 2237 2746 2292 fratrum
2778 2250 3085 2295 nostrorum
3135 2245 3306 2311 gratia
3351 2246 3443 2313 qui

1879 2337 1938 2377 se
1968 2322 2216 2389 injuriain
2259 2339 2443 2392 passos
2473 2328 2937 2393 conquerebantur
2960 2369 2975 2393 ,
3013 2344 3078 2384 eo
3105 2330 3270 2384 etiam
3314 2347 3443 2387 casu

1879 2428 2031 2481 aequa
2059 2424 2112 2467 et
2148 2414 2292 2483 justa
2333 2414 2521 2468 fuisset
2559 2416 2890 2484 adhortatio,
2932 2418 3127 2487 quippe
3172 2435 3292 2489 qua:
3320 2436 3441 2475 cum

1879 2503 2246 2557 ecclesiastica
2297 2505 2391 2565 sit,
2436 2513 2545 2557 tum
2609 2504 2717 2559 Deo
2762 2516 2946 2575 grata;
2991 2508 3103 2575 jam
3144 2524 3273 2564 vero
3319 2526 3443 2565 cum

1880 2590 2039 2645 iidem
2072 2593 2170 2660 ipsi
2203 2608 2339 2661 quos
2383 2608 2475 2647 vos
2506 2593 2816 2660 Eusebiani,
2862 2598 2963 2651 tide
3004 2598 3193 2668 dignos
3231 2615 3444 2654 censui-

1878 2680 1997 2744 stis,
2035 2694 2131 2734 nos
2174 2692 2427 2750 rogarunt
2462 2694 2515 2735 ut
2547 2684 2784 2752 synodus
2809 2697 3225 2750 convocaretur,
3265 2688 3446 2741 decuit

1878 2782 2097 2825 vocatos
2124 2787 2228 2823 non
2266 2773 2481 2839 indigne
2520 2773 2683 2837 ferre,
2717 2775 2809 2829 sed
2850 2778 3026 2844 potius
3067 2776 3321 2832 alacriter
3346 2793 3443 2832 oc-
3498 2800 3513 2805 λ

1877 2876 2114 2915 currere.
2142 2861 2481 2930 Quapropter
2504 2864 2799 2932 indignatio
2826 2881 3012 2919 eorum
3046 2869 3135 2935 qui
3167 2870 3269 2923 hoc
3300 2884 3444 2937 aegre

1876 2951 2055 3006 ferunt
2086 2963 2334 3020 proterva
2363 2964 2444 3007 est
2471 2970 2483 3005 :
2520 2954 2838 3009 detrectatio
2865 2970 2992 3009 vero
3018 2972 3202 3011 eorum
3234 2961 3324 3026 qui
3350 2973 3441 3014 ve-

1875 3044 1994 3097 nire
2032 3044 2253 3097 noluere
2292 3044 2572 3097 inhonesta
2606 3055 2662 3099 et
2691 3057 2938 3113 suspecta
2975 3048 3102 3101 hinc
3142 3049 3441 3117 deprehen-

1876 3132 2041 3186 ditur.
2074 3134 2154 3185 An
2182 3133 2305 3200 quis
2332 3135 2698 3201 conqueritur,
2727 3138 2770 3189 si
2804 3151 2923 3203 qua:
2961 3150 2991 3189 a
3027 3151 3085 3190 se
3116 3149 3264 3193 recte
3297 3137 3438 3192 facta

223 3198 640 3282 των-δείκνυται.
677 3198 921 3282 ΔίτΙιᾶταί
948 3198 1031 3292 τίς
1078 3198 1403 3299 ά-πράττων
1441 3198 1599 3291 αὐτὸς
1637 3231 1767 3283 ἀπο-

1878 3220 2173 3282 existimat,
2197 3198 2264 3273 ab
2290 3220 2407 3273 aliis
2436 3198 2549 3274 fieri
2579 3220 2796 3275 videat?
2817 3198 2872 3275 Si
2900 3222 3065 3285 enim,
3093 3230 3151 3275 ut
3175 3223 3436 3288 scribitis,

220 3318 432 3389 δέχεται,
459 3322 507 3371 εί
540 3322 668 3391 παρ’
699 3319 884 3388 ἑτέρου
916 3320 1174 3389 γινόμενα
1201 3320 1417 3389 βλέποι;
1458 3322 1520 3373 Ei
1546 3322 1673 3393 γὰρ,
1697 3322 1772 3385 ὼς

222 3410 457 3478 γράφετε,
491 3411 785 3463 ἀσάλευτον
812 3410 922 3479 ἔχει
962 3411 1061 3480 τὴν
1107 3412 1258 3480 ίσχὺν
1293 3412 1499 3480 ἑκάστη
1536 3412 1768 3478 σύνοδος,

1872 3310 2124 3380 qualibet
2177 3312 2412 3381 synodus
2458 3311 2667 3365 lirinatn
2714 3312 2875 3367 habet
2919 3312 3320 3377 auctoritatem,
3384 3322 3440 3367 et

1871 3402 2257 3456 contumeliose
2285 3403 2462 3471 agitur
2487 3418 2606 3456 cum
2634 3403 2817 3470 judice
2858 3404 2900 3457 si
2932 3403 3049 3473 ejus
3077 3402 3338 3471 judicium
3367 3404 3437 3458 ab

222 3500 301 3553 καὶ
331 3501 645 3571 ἀτιμάζεται
674 3503 703 3554 ὁ
734 3502 944 3571 κρίνας,
989 3501 1081 3553 έάν
1109 3505 1237 3571 παρ’
1281 3503 1485 3573 ἑτέρων
1524 3506 1557 3575 ἡ
1594 3503 1772 3574 κρίσις

1878 3493 1976 3548 alio
1996 3494 2355 3557 examinetur,
2385 3494 2742 3558 considerate,
2769 3509 2972 3563 quaeso,
2991 3494 3195 3556 dilecti,
3216 3494 3437 3563 quinam

222 3586 514 3659 ἐξετάζηται
540 3590 650 3659 (60)
679 3629 694 3654 ,
734 3593 1004 3651 σκοπεῖτε,
1036 3590 1330 3659 ἀγαπητοὶ,
1366 3591 1509 3654 τίνες
1544 3593 1681 3645 είσ“ιν
1723 3595 1769 3644 οί

1878 3594 1999 3637 sunt
2029 3584 2118 3651 qui
2164 3584 2425 3655 synodum
2467 3585 2812 3648 inbonorant,
2862 3595 2915 3638 et
2950 3584 3167 3654 quinam
3210 3584 3436 3639 aliorum

224 3676 416 3731 σύνοδον
457 3679 834 3749 ἀτιμάζοντες,
882 3681 975 3732 καὶ
1015 3681 1156 3743 τίνες
1198 3682 1266 3733 τά
1305 3680 1413 3733 τῶν
1455 3683 1770 3751 φθασάντων

1878 3670 2108 3738 iudicata
2154 3674 2486 3727 rescindunt.
2522 3674 2590 3727 Et
2618 3689 2685 3728 ne
2721 3675 3051 3744 singulorum
3080 3684 3201 3730 acta
3231 3690 3436 3743 expen-

222 3769 383 3836 κρῖναι
425 3769 719 3822 διαλύουσι.
773 3771 881 3822 Καὶ
917 3772 1003 3823 ἵνα
1044 3769 1118 3839 μὴ
1154 3771 1221 3824 τά
1266 3770 1386 3823 καθ’
1417 3772 1643 3826 ἕκαστον
1676 3773 1769 3825 νῦν

223 3855 464 3922 ἐξετάζων
514 3862 795 3930 ἐπιϐαρεῖν
850 3877 1001 3922 τινας
1047 3860 1207 3923 δοκῶ,
1257 3860 1391 3913 ἀλλά
1434 3863 1494 3914 τό
1534 3880 1595 3930 γε
1637 3863 1749 3932 (lii)

222 3945 501 4003 τελευταῖον
545 3950 873 4020 γενόμενον,
921 3950 1003 4016 ἐφ’
1050 3943 1093 4016 ᾧ
1148 3950 1241 4001 καὶ
1292 3951 1526 4019 φρίξειεν
1572 3952 1636 4005 ἄν
1687 3970 1770 4015 τις

224 4035 432 4103 ἁκούων,
478 4041 638 4111 ἀρκεῖ
678 4040 812 4111 πρὸς
863 4038 1134 4105 ἀπόδειξιν
1182 4040 1395 4092 πάντων
1440 4041 1547 4093 τῶν
1595 4059 1769 4113 παρα-

224 4125 537 4196 λειφθέντων.

285 4216 362 4269 25.
394 4221 452 4271 Oi
497 4220 764 4291 ’Apstavo‘:
792 4221 840 4271 οί
866 4220 975 4272 ἀπὸ
1002 4218 1094 4272 τοῦ
1122 4220 1217 4290 τῆς
1243 4221 1515 4289 μακαρίας
1550 4222 1770 4291 μνήμης

246 4306 557 4381 Ἀλεξάνδρου
585 4311 679 4363 τοῦ
712 4312 1004 4381 γενομένου
1051 4312 1351 4365 ἐπισκόπου
1385 4312 1486 4381 τῆς
1528 4313 1771 4375 Ἀλεξαν-

230 4396 400 4466 δρείας,
441 4401 532 4454 ἐπὶ
569 4401 795 4472 ἀσεϐείᾳ
836 4401 1212 4472 ἐκϐληθέντες.
1234 4403 1295 4453 οὺ
1330 4402 1487 4471 μόνον
1523 4403 1626 4455 ὑπὸ
1664 4403 1770 4455 τῶν

1871 3765 2021 3827 dens,
2050 3765 2313 3832 quosdam
2335 3779 2565 3834 gravare
2594 3766 2777 3819 videar
2800 3784 2813 3817 :
2839 3780 2968 3819 sane
2993 3767 3133 3832 quod
3160 3777 3438 3833 postremo

1869 3864 2077 3922 gestuin
2110 3863 2213 3919 est,
2242 3869 2362 3908 cum
2392 3854 2463 3908 sit
2498 3854 2826 3909 horrendum
2858 3854 3014 3924 113
3060 3856 3263 3921 auditu,
3291 3853 3439 3908 stilli-

1871 3942 1946 3995 cit
1972 3941 2039 3994 ad
2062 3951 2277 4007 caetera,
2303 3955 2420 4011 qua:
2452 3956 2481 3994 a
2516 3956 2601 3995 me
2632 3943 2976 4007 omittuntur,
3014 3942 3435 3997 comurobanda.

1938 4231 2028 4285 23.
2069 4231 2256 4285 Ariani
2308 4246 2337 4285 a
2384 4230 2555 4285 beata:
2595 4232 2868 4287 memoria:
2911 4231 3218 4286 Alexandro
3264 4244 3439 4298 quon-

1871 4319 1992 4373 dam
2020 4320 2361 4375 Alexandriaa
2383 4322 2637 4389 episcopo
2661 4323 2730 4374 ob
2756 4322 3083 4389 impietatem
3115 4319 3293 4387 eiecti,
3326 4335 3434 4374 non

1872 4407 2048 4461 solum
2079 4422 2109 4460 a
2141 4408 2368 4476 singulis
2402 4410 2714 4463 civitatibus
2739 4410 2947 4475 expulsi
2983 4418 3128 4471 sunt,
3162 4410 3252 4461 sed
3283 4417 3335 4460 et
3365 4411 3437 4459 ah

231 4491 327 4543 καθ’
356 4493 589 4564 ἑκάστην
644 4492 801 4545 πόλιν
851 4492 1331 4562 ἀπεκηρύχθησαν,
1375 4492 1507 4545 άλλά
1535 4494 1626 4545 καὶ
1667 4494 1769 4546 ὑπὸ

1878 4495 2122 4549 omnibus
2148 4495 2350 4563 pariter
2372 4496 2460 4563 qui
2494 4500 2560 4549 ad
2590 4495 2858 4549 Nicwnam
2893 4510 3139 4563 magnam
3170 4496 3436 4565 synodum

230 4582 413 4637 πάντων
441 4584 549 4636 τῶν
576 4585 727 4653 κοινῇ
764 4581 1125 4635 συνελθόντων
1170 4584 1226 4635 ὲν
1264 4586 1327 4653 τῇ
1367 4584 1508 4635 κατά
1536 4583 1767 4636 Νίκαιαν

231 4674 410 4747 μεγάλῃ
436 4675 638 4744 συνόδῳ
675 4673 1196 4743 ἀνεθεματίσθησαν.
1228 4675 1302 4727 Ού
1360 4674 1466 4745 γάρ
1497 4670 1562 4745 ἦν
1589 4675 1767 4728 αὐτῶν

227 4761 274 4812 τὸ
294 4766 439 4834 τυχὸν
460 4764 854 4835 πλημμέλημα,
876 4763 997 4816 οὐδὲ
1021 4766 1099 4827 είς
1127 4764 1410 4835 ἄνθρωπον
1432 4761 1569 4835 ἦσαν
1591 4766 1768 4835 ἀμαρ-

226 4854 479 4921 τήσαντες,
510 4855 626 4907 ἀλλ’
659 4857 739 4916 είς
798 4854 959 4908 αὐτὸν
1011 4856 1101 4907 τὸν
1134 4855 1334 4926 Κύριον
1364 4858 1395 4926 ἡ
1407 4855 1521 4925 μῶν
1562 4856 1765 4927 Ἰησοῦν

224 4940 443 5013 Χριστὸν,
476 4946 567 4998 τὸν
594 4946 721 4997 Υξὸν
746 4945 840 4997 τοῦ
870 4944 1002 4997 Θεοῦ
1028 4944 1119 4997 τοῦ
1152 4946 1369 5011 ζῶντος.
1405 4948 1513 5001 Καὶ
1539 4948 1689 5019 ὅμως
1715 4948 1764 4999 οἱ

225 5034 310 5086 ὑπὸ
338 5038 509 5106 πάσης
542 5037 643 5106 τῆς
675 5036 995 5105 οἰκουμένης
1021 5038 1514 5110 ἀποκηρυχθέντες,
1547 5038 1642 5093 καὶ
1670 5054 1768 5090 κα-

223 5121 275 5174 τὰ
307 5128 474 5179 πᾶσαν
518 5126 845 5196 Ἐκκλησίαν
876 5126 1327 5195 στηλιτευθέντες,
1377 5129 1471 5182 νῦν
1524 5129 1770 5196 λέγονται

220 5211 453 5283 δεδέχθαι,
514 5217 600 5284 ἐφ’
632 5206 677 5283 ᾧ
706 5216 798 5268 καὶ
836 5217 976 5285 ὑμᾶς
1032 5216 1375 5282 ἀκούσαντας
1420 5217 1768 5289 χαλεπαίνειν

217 5302 396 5362 δίκαιον
426 5310 687 5379 ἠγοῦμαι.
738 5310 891 5372 Τίνες
920 5305 1009 5361 οὖν
1048 5311 1185 5363 εἰσιν
1222 5312 1272 5363 οἱ
1320 5312 1533 5366 σύνοδον
1571 5310 1771 5380 ἀτιμά-

216 5394 405 5464 ζοντες
432 5402 552 5471 οὐχὶ
584 5402 635 5454 οἱ
656 5400 763 5453 τῶν
793 5401 1110 5470 τριακοσίων
1138 5406 1241 5468 τὰς
1270 5404 1485 5475 ψήφους
1511 5406 1641 5475 παρ’
1676 5405 1766 5456 οὑ-

215 5480 288 5536 δέν
332 5488 559 5559 θέμενοι,
607 5492 701 5544 καὶ
727 5490 975 5545 ἀσέϐειαν
1025 5493 1309 5557 εὐσεϐείας
1340 5498 1763 5567 προκρίναντες;

275 5663 376 5729 (58)
430 5667 500 5739 Ita
559 5667 687 5735 Reg.
736 5674 790 5720 et
843 5664 1004 5720 Basil.
1059 5666 1202 5724 Editi
1256 5670 1757 5739 autem,&1:ocr:dzv—

215 5745 292 5793 τις
315 5738 574 5791 mendose.

272 5802 369 5875 (59)
392 5806 541 5874 lieg.,
574 5805 868 5859 ἐπισκόπου
883 5805 979 5877 τῆς
1004 5806 1429 5876 Ἀλεξανδρείας.

1872 4594 2261 4651 convenerant,
2282 4587 2628 4639 anathemate
2651 4595 2775 4639 sunt
2791 4586 3050 4640 damnati.
3084 4583 3273 4653 Neque
3290 4585 3432 4639 enim

1872 4674 1990 4728 leve
2011 4682 2134 4728 erat
2160 4688 2347 4728 eorum
2379 4673 2577 4736 scelus,
2620 4688 2719 4727 nec
2756 4672 2808 4725 in
2846 4674 3118 4726 hominem
3146 4672 3432 4737 duntaxat,

1871 4770 1963 4822 sed
2006 4766 2059 4819 in
2106 4765 2281 4833 ipsum
2324 4764 2604 4818 Dominum
2649 4772 2893 4817 nostrum
2929 4762 3113 4817 Jesum
3159 4763 3433 4818 Christum

1872 4859 2067 4913 Filium
2095 4856 2185 4911 Dei
2212 4857 2440 4910 viventis
2466 4863 2842 4926 peccaverant.
2868 4857 3117 4908 Attamen
3145 4855 3233 4922 qui
3264 4869 3293 4907 a
3324 4863 3436 4910 toto

1872 4960 2136 5003 terrarum
2176 4949 2309 5001 orbe
2356 4946 2539 5016 rejecti
2575 4947 2809 5009 fuerant,
2850 4953 2905 4999 et
2949 4945 3088 5014 apud
3127 4947 3433 5000 universam

1872 5040 2170 5095 Ecclesiam
2226 5036 2488 5103 inlamati,
2544 5054 2683 5092 nunc
2733 5035 2948 5107 recepti'
2978 5039 3250 5103 dit-untur,
3291 5040 3433 5107 quod

1877 5132 2023 5186 vobis
2049 5131 2391 5185 audientibus
2423 5130 2641 5199 indigne
2670 5128 2947 5182 ferendum
2982 5130 3257 5184 existimo.
3298 5129 3429 5193 Qui-

1871 5240 1994 5279 nam
2044 5224 2207 5292 igitur
2250 5232 2373 5276 sunt
2420 5222 2509 5291 qui
2556 5221 2818 5291 synodum
2865 5222 3129 5274 dedecore
3160 5216 3435 5271 amciunt?

1871 5328 2047 5369 nonne
2089 5313 2179 5382 qui
2226 5321 2590 5368 trecentorum
2632 5313 3006 5381 episcoporum
3039 5309 3288 5375 snﬂ'ragia
3334 5323 3432 5375 pro
3498 5366 3505 5370 _

1867 5405 2038 5459 nihilo
2084 5403 2305 5467 habent,
2349 5413 2403 5457 et
2453 5404 2783 5471 impietatem
2823 5402 3006 5470 pietati
3059 5397 3434 5465 anteponunt?

1868 5494 2146 5564 Siquidem
2192 5495 2652 5548 Ariomanitarum
2687 5492 2905 5545 hmresis
2932 5492 2998 5542 ab
3033 5489 3285 5541 omnibus
3309 5488 3428 5541 ubi-

1939 5667 2231 5737 (00)Reg.,
2264 5666 2606 5734 ἐξετάζηται,
2647 5664 2846 5718 rectius
2866 5678 3027 5731 quam
3076 5664 3206 5717 editi
3236 5672 3291 5719 et
3339 5663 3429 5719 alii

1867 5754 1994 5793 mss.
2025 5737 2341 5807 ἐργάζηται.

1943 5802 2065 5875 (υιγ
2084 5802 2237 5876 Ιίνςί,
2257 5808 2316 5857 τύ
2339 5822 2421 5872 γε.
2462 5803 2562 5859 Alii
2593 5812 2642 5857 cl
2669 5802 2821 5869 etlili,
2848 5803 2906 5855 τό
2936 5818 3013 5855 τε.
