4006 6506
502 420 507 431 ‘
537 416 643 470 237

1144 406 1201 461 S.
1244 401 1613 458 ATHANASII
1653 400 1802 457 OPP.
1845 397 2021 453 PARS
2062 396 2101 453 l.
2141 426 2211 437 —
2252 395 2618 451 HISTORICA
2662 395 2750 448 ET
2789 392 3207 449 DOGMA'I'ICA.

3676 392 3779 447 288

537 543 643 601 que
676 522 943 594 episcOpis
982 520 1229 577 convicta
1277 529 1333 574 et
1363 518 1716 575 condemnata
1756 526 1840 569 est
1872 529 1887 567 :
1931 516 2094 568 Atha-

2213 513 2270 565 Ἦ
2303 513 2399 581 μὲν
2423 512 2532 582 γὰρ
2578 511 2685 565 τῶν
2728 507 3141 581 ’Δρειομανιτῶν
3172 507 3380 577 αἵρεσις
3419 508 3527 560 ὑπὸ
3564 508 3782 561 πάντων

540 597 728 674 nasius
756 628 885 669 vero
912 621 967 667 et
1003 610 1287 665 Marcellus
1315 607 1574 686 episcopi,
1607 605 1867 675 plurimos
1902 604 2099 657 habent

2213 602 2304 655 τῶν
2334 600 2644 671 ἁπανταχοῦ
2676 600 2987 659 ἐπισκόπων
3010 597 3361 669 κατεγνώσθη
3387 598 3484 651 καὶ
3507 598 3786 667 ἀπεκηρύο

541 706 635 778 qui
675 719 734 760 se
775 703 954 758 verbis
985 702 1309 770 scriptisque
1333 697 1647 753 defendant.
1694 695 1825 748 Nam
1862 694 1930 748 de
1959 692 2101 747 Mar-

538 797 677 852 cello
699 797 853 850 nobis
878 794 1240 849 testimonium
1264 790 1610 859 perhibuere,
1639 786 1857 855 quodin
1885 784 2101 840 Nicmna

538 888 745 959 synodo
793 886 1007 938 Arianis
1058 882 1356 936 obstiterit.
1408 878 1484 932 De
1545 879 1844 931 Athanasio
1894 886 2097 940 autem,

539 979 739 1032 dicitur
767 975 909 1044 quod
956 988 1055 1028 nec
1099 972 1226 1041 Tyri
1264 969 1571 1044 convictus,
1600 982 1699 1022 nec
1744 967 1797 1021 in
1845 964 2101 1027 Mareote,

546 1068 635 1121 ubi
669 1042 1012 1120 monumenta
1042 1062 1307 1139 adversus
1336 1042 1487 1112 illum
1512 1058 1772 1112 adornata
1797 1063 1942 1118 sunt,
1969 1068 2106 1122 pra:-

547 1170 673 1211 sens
715 1153 895 1209 fuerit.
935 1152 1100 1206 Scitis
1135 1159 1341 1211 autem,
1382 1147 1588 1210 dilecti,
1618 1160 1741 1213 quae
1782 1159 1888 1198 una
1931 1142 2103 1197 solum

543 1254 697 1312 parte
739 1250 1001 1312 praesente
1042 1249 1295 1309 aguntur,
1346 1237 1544 1291 nullam
1596 1235 1701 1289 vim
1742 1234 1964 1297 habere,
2008 1230 2102 1286 sed

540 1344 787 1403 suspecta
838 1347 981 1386 esse.
1028 1329 1139 1385 Nos
1186 1340 1365 1383 tamen
1412 1340 1723 1397 quanquam
1780 1326 1862 1379 sic
1921 1333 2103 1377 actum

540 1433 708 1486 esset,
730 1419 1090 1476 accurationis
1115 1417 1504 1487 disquisitionis
1527 1431 1711 1478 causa,
1736 1427 1835 1467 nec
1856 1427 1951 1466 vos
1976 1410 2104 1475 illis,

542 1528 642 1568 nec
673 1526 767 1567 eos
804 1510 897 1580 qui
931 1524 1026 1579 pro
1055 1509 1159 1563 illis
1190 1510 1521 1577 scripserant
1564 1506 1745 1571 vobis,
1775 1513 2106 1572 anteponen-

544 1612 647 1667 tes,
678 1603 873 1657 hortati
910 1616 1096 1655 sumus
1118 1614 1215 1654 eos
1242 1599 1332 1667 qui
1364 1598 1571 1651 litteras
1608 1597 1887 1659 miserant,
1917 1600 1975 1647 ut
2001 1593 2106 1647 huc

542 1708 604 1749 se
641 1692 969 1754 conferrent,
1017 1700 1076 1743 ut
1121 1688 1554 1758 quandoquidem
1605 1686 1783 1756 plures
1844 1691 1972 1738 sunt
2014 1681 2104 1751 qui

545 1797 644 1855 pro
674 1783 778 1837 illis
807 1782 1094 1849 scripsere,
1118 1780 1171 1833 in
1201 1781 1406 1848 synodo
1428 1776 1614 1832 omnia
1641 1775 2104 1839 examinarentur,

2201 692 2336 761 χθη·
2404 690 2717 752 Ἀθανάσιος
2768 689 2824 742 δὲ
2876 691 2970 744 καὶ
3016 688 3332 759 Μάρκελλος
3388 689 3440 741 οἱ
3469 689 3782 751 ἐπίσκοποι,

2201 781 2452 843 πλείονας
2479 780 2661 849 ἔχουσι
2683 778 2808 841 τοὺς
2832 778 2974 850 ὑπὲρ
3005 778 3212 833 ἑαυτῶν
3235 778 3492 845 λέγοντας
3524 778 3623 830 καὶ
3650 778 3787 847 γρά-

2203 888 2419 942 φοντας.
2457 870 2775 943 Μάρκελλος
2821 871 2917 941 μὲν
2949 870 3058 940 γὰρ
3105 868 3462 940 ἐμαρτυρήθη
3506 871 3663 939 ἡμῖν,
3691 868 3787 921 καὶ

2203 968 2262 1018 ἐν
2287 968 2353 1035 τῇ
2377 964 2517 1017 κατὰ
2554 963 2789 1016 Νίκαιαν
2823 961 3025 1031 συνόδῳ
3055 963 3166 1023 τοῖς
3204 960 3273 1013 τὰ
3306 960 3520 1031 Ἀρείου
3556 960 3779 1030 φρονοῦο

2204 1074 2288 1109 σιν
2325 1053 2683 1126 ἁντειρηκώς-
2728 1052 3040 1115 Ἀθανάσιος
3059 1051 3116 1104 δὲ
3142 1052 3517 1122 ἐμαρτυρήθη,
3557 1051 3696 1122 μηδέ
3730 1053 3788 1104 ἐν

2204 1145 2364 1217 Τύρῳ
2397 1142 2799 1213 καταγνωσθεὶς
2825 1142 2957 1213 (62),
2987 1143 3046 1195 ὲν
3065 1140 3121 1193 δὲ
3150 1141 3229 1211 τῷ
3250 1140 3522 1211 Μαρεώτῃ
3546 1141 3625 1211 μὴ
3647 1157 3790 1213 παρ-

2204 1240 2360 1299 εῖναι,
2424 1235 2552 1289 ἔνθα
2587 1234 2656 1286 τὰ
2688 1234 3056 1304 ὑπομνήματα
3102 1233 3220 1285 κατ’
3249 1230 3414 1284 αὑτοῦ
3452 1231 3788 1300 γεγενῆσθαι

2204 1327 2441 1395 λέγεται.
2480 1324 2670 1376 Οἴδατε
2720 1324 2797 1385 δὲ,
2837 1322 3131 1391 ἀγαπητοὶ,
3156 1322 3241 1374 ὅτι
3275 1320 3346 1374 τὰ
3375 1320 3518 1373 κατὰ
3555 1320 3790 1390 μονομέ-

2208 1434 2355 1489 ρειαν
2383 1417 2535 1485 ἰσχὺν
2554 1414 2652 1467 οὐκ
2677 1414 2812 1483 ἔχει,
2837 1412 2952 1465 ἀλλ’
2977 1412 3193 1465 ὕποπτα
3214 1411 3471 1481 τυγχάνει
3496 1410 3593 1463 καὶ
3617 1410 3788 1479 ὅμως,

2205 1508 2409 1561 τούτων
2438 1507 2628 1569 ὄντων,
2663 1506 2824 1575 ἡμεῖς
2849 1504 2990 1575 ὑπὲρ
3009 1503 3313 1573 ἀκριϐείας,
3338 1501 3458 1555 οὔτε
3489 1504 3642 1572 ὑμῖν,
3663 1500 3793 1553 οὔτε

2204 1600 2318 1659 τοῖς
2344 1596 2483 1666 ὑπὲρ
2507 1594 2687 1649 αὐτῶν
2737 1592 2978 1664 γράψασι
3018 1594 3299 1663 πρόκριμα
3335 1592 3619 1655 ποιοῦντες
3662 1609 3795 1662 προ-

2205 1686 2550 1760 ετρεψάμεθα
2567 1687 2693 1749 τοὺς
2714 1685 3026 1756 γράψαντας
3046 1684 3238 1747 ἐλθεῖν,
3264 1684 3351 1748 ἵν’,
3365 1683 3555 1753 ἐπειδὴ
3576 1682 3793 1745 πλείους

2210 1778 2345 1831 είσὶν
2374 1778 2423 1829 οἱ
2468 1775 2607 1845 ὑπὲρ
2639 1774 2815 1827 αὐτῶν
2854 1774 3181 1843 γράψαντες,
3220 1775 3310 1826 ἐπὶ
3350 1773 3566 1826 συνόδου
3609 1772 3789 1825 πάντα

544 1853 652 1942 quo
690 1886 789 1926 nec
822 1871 1123 1932 damnetur,
1160 1867 1434 1931 innoxius,
1483 1880 1581 1920 nec
1617 1864 1709 1933 qui
1744 1876 1870 1918 reus
1900 1872 2007 1928 est,
2049 1872 2108 1915 ut

2213 1866 2492 1936 ὲξετασθῇ,
2520 1866 2659 1937 πρὸς
2707 1865 2768 1917 τὸ
2804 1863 2939 1935 μηδὲ
2978 1864 3069 1916 τὸν
3094 1864 3331 1917 ἀναίτιον
3362 1861 3791 1933 κατακριθῆναι,

546 1977 713 2032 purus
760 1960 1039 2015 habeatur.
1097 1958 1210 2011 Non
1266 1958 1431 2027 igitur
1470 1969 1503 2009 a
1557 1954 1713 2008 nobis
1758 1954 2107 2021 vilipenditur

544 2051 802 2120 synodus,
838 2048 931 2102 sed
966 2046 1034 2099 ah
1063 2046 1129 2099 iis
1164 2047 1254 2114 qni
1289 2056 1493 2100 temere
1525 2054 1581 2099 et
1623 2044 1900 2099 levissime
1946 2045 2105 2098 Aria-

548 2156 648 2195 nos
694 2140 761 2193 ab
800 2137 1049 2193 omnibus
1098 2136 1382 2191 damnatos
1413 2136 1574 2190 etiam
1617 2144 1807 2190 contra
1856 2134 2102 2202 iudicum

544 2229 866 2286 sententiain
903 2228 1206 2297 recipiunt;
1255 2242 1481 2296 quorum
1524 2227 1764 2296 plerique
1802 2227 1916 2295 jam
1963 2241 2111 2280 resoc

545 2320 643 2374 luti
683 2334 806 2373 cum
842 2316 1056 2370 Chrile
1088 2326 1246 2377 sunt,
1289 2314 1381 2368 alii
1429 2327 1555 2368 vero
1586 2316 1876 2369 etiamnum
1920 2329 2109 2383 super-

544 2410 701 2463 stitcs
765 2406 983 2474 indigne
1016 2407 1194 2460 lerunt
1220 2406 1363 2474 quod
1402 2419 1557 2459 suum
1584 2404 1847 2473 judicium
1891 2406 2107 2472 quidam

549 2500 906 2556 resciderent.

617 2677 708 2730 ει.
751 2674 862 2730 Hoc
889 2683 1070 2729 autem
1103 2673 1178 2727 ita
1220 2686 1279 2728 se
1320 2672 1526 2727 habere
1554 2672 2009 2743 deprehendimus
2045 2687 2109 2728 ex

551 2768 619 2821 iis
646 2782 765 2835 quae
794 2763 1134 2819 Alexandria:
1177 2770 1293 2816 acta
1325 2769 1471 2816 sunt.
1507 2759 1643 2814 Nam
1680 2761 1954 2830 Carpones
1983 2763 2110 2831 qui-

549 2859 672 2914 dam
726 2857 795 2911 ab
838 2855 1141 2909 Alexandro
1188 2854 1257 2908 ob
1308 2854 1564 2907 Arianam
1609 2854 1854 2907 hmresim
1903 2854 2113 2922 pulsus,

550 2964 674 3005 cum
701 2946 971 3002 nonnullis
992 2944 1236 3015 ejusdem
1266 2944 1485 2998 baaresis
1500 2957 1666 2997 causa
1694 2941 1905 3010 ejectis,
1930 2958 1958 2996 a
1981 2957 2115 3011 quo-

442 3056 449 3063 '
550 3040 673 3093 dam
716 3037 976 3106 Gregorio
1021 3035 1195 3101 missi,
1241 3035 1347 3088 huc
1400 3046 1615 3088 venere.
1669 3033 1901 3103 Idipsum
1936 3042 2112 3088 tamen

550 3146 579 3181 a
613 3128 847 3182 Macario
882 3125 1214 3196 presbytero,
1246 3122 1504 3193 Martyrio
1535 3132 1586 3177 et
1624 3122 1893 3192 Hesychia
1924 3124 2112 3178 diaco-

552 3220 659 3283 uis,
702 3218 1034 3272 didicimus:
1083 3226 1376 3285 antequam
1416 3214 1556 3268 enim
1598 3215 1899 3284 presbyteri
1942 3215 2111 3268 Atha-

552 3306 688 3361 nasii
726 3306 1064 3369 advenirent,
1108 3314 1360 3358 auctores
1404 3303 1558 3358 nobis
1598 3313 1757 3357 erant
1787 3314 1847 3357 ut
1878 3305 2116 3359 Alexan-

549 3398 723 3451 driam
754 3395 908 3452 Pisto
945 3396 1159 3449 cuidam
1192 3394 1401 3449 litteras
1434 3394 1798 3458 mitteremus,
1831 3409 1937 3463 quo
1969 3407 2115 3449 tein-

550 3503 680 3559 porc
749 3488 1075 3541 Athanasius
1134 3501 1349 3556 quoque
1412 3488 1695 3554 episcopus
1769 3487 2115 3542 Alexandriae

551 3578 797 3648 degebat.
828 3576 996 3642 Quem
1031 3574 1236 3630 Pistunt
1263 3575 1546 3629 Athanasii
1582 3576 1883 3644 presbyteri
1921 3592 2114 3644 snper-

552 3667 850 3730 venientes,
899 3666 1157 3719 Arianum
1216 3680 1338 3719 esse
1391 3663 1765 3728 declararunt,
1829 3665 2112 3734 expulsum

549 3757 678 3811 olim
720 3757 787 3811 ab
831 3757 1139 3811 Alexandro
1164 3756 1418 3824 episcopo
1457 3764 1512 3809 et
1545 3772 1573 3809 a
1618 3755 1833 3811 Nicmna
1869 3757 2110 3825 synodo;

552 3858 737 3917 postea
790 3861 918 3901 vero
960 3847 1270 3901 ordinatum
1316 3860 1346 3898 a
1392 3846 1625 3913 quodam
1676 3846 1924 3901 Secundo
1953 3860 2112 3915 quem

554 3951 747 4005 magna
776 3937 1015 4005 synodus
1046 3935 1303 4000 ejeccrat,
1343 3943 1528 4003 utpote
1558 3935 1839 3989 Arianunt.
1870 3935 1981 3990 lloc
2020 3952 2118 3989 ουν

554 4037 661 4081 tctn
710 4041 810 4080 nec
864 4027 976 4093 ipse
1030 4025 1338 4094 Martyrius,
1391 4035 1486 4080 aut
1534 4027 1666 4081 socii
1714 4026 2117 4091 inliciabantur,

555 4132 729 4187 neque
777 4116 1279 4186 negabantPistum
1327 4132 1357 4171 a
1406 4116 1655 4174 Secundo
1690 4118 1856 4175 fuisse
1894 4120 2115 4173 ordina-

557 4220 688 4264 tum.
718 4209 854 4264 Hinc
884 4211 1043 4278 igitur
1072 4211 1413 4281 perpendatis
1438 4214 1621 4275 velim,
1656 4211 1878 4281 quinam
1911 4213 2033 4282 jure
2060 4211 2112 4265 in

550 4300 709 4364 culpa
744 4298 974 4351 habendi
1011 4298 1157 4352 sint:
1208 4314 1374 4355 nosne
1399 4302 1489 4371 qui
1531 4301 1843 4369 persuaderi
1881 4316 1985 4355 non
2014 4315 2112 4368 po-

2211 1960 2346 2028 μήτε
2372 1958 2461 2009 τὸν
2491 1955 2787 2010 ὑπεύθυνον
2814 1954 2890 2017 ὡς
2923 1954 3160 2024 καθαρὸν
3202 1954 3534 2025 λογισθῆναι.
3580 1953 3792 2006 Ούκοῦν

2206 2047 2267 2099 ού
2298 2047 2429 2116 παρ’
2456 2048 2489 2116 ἠ
2500 2045 2615 2116 μῶν
2674 2044 2997 2114 ἀτιμάζεται
3044 2043 3279 2107 σύνοδος,
3309 2044 3446 2096 ἀλλὰ
3478 2044 3612 2113 παρ’
3648 2041 3791 2094 ὲκεί-

2207 2154 2313 2189 νων
2350 2136 2458 2189 τῶν
2506 2135 2691 2199 ἁπλῶς
2739 2136 2833 2189 καὶ
2881 2134 2956 2197 ὡς
3007 2134 3162 2204 ἔτυχε
3223 2136 3349 2197 τοὺς
3382 2133 3538 2205 παρά
3572 2135 3791 2188 πάντων

2208 2226 2634 2297 κατακριθέντας
2681 2226 3006 2296 Ἀρειανοὺς,
3060 2224 3153 2278 καὶ
3212 2224 3364 2295 παρὰ
3416 2224 3647 2296 γνώμην
3682 2223 3792 2277 τῶν

2209 2318 2507 2388 κρινάντων
2524 2317 2848 2387 δεξαμένων.
2877 2317 2940 2370 0i
2960 2316 3069 2387 γὰρ
3098 2315 3338 2377 πλείονες
3357 2314 3455 2385 ἤδη
3489 2314 3793 2367 ἀναλύσαν-

2206 2408 2298 2470 τές
2322 2410 2427 2460 είσι
2461 2409 2557 2460 σὺν
2605 2406 2824 2478 Χριστῷ
2846 2423 2859 2436 ·
2920 2408 2970 2459 οἱ
3019 2406 3076 2459 δὲ
3106 2406 3188 2460 ἔτι
3220 2407 3314 2459 καὶ
3366 2406 3460 2459 νῦν
3487 2408 3546 2458 ἐν
3578 2406 3657 2476 τῷ
3691 2406 3791 2475 βίῳ

2207 2501 2382 2572 τούτῳ
2428 2499 2792 2565 ἐξετάζονται,
2836 2496 3288 2566 ἀγανακτοῦντες,
3336 2498 3419 2551 ὅτι
3466 2498 3568 2569 τὴν
3612 2496 3792 2551 αὐτῶν

2210 2592 2391 2663 κρίσιν
2415 2591 2609 2645 ἔλυσάν
2641 2607 2807 2659 τινες.

2278 2682 2367 2735 24.
2405 2680 2573 2734 Τοῦτο
2614 2680 2670 2733 δὲ
2704 2681 2797 2733 καὶ
2844 2680 2953 2734 ἀπὸ
2998 2679 3107 2732 τῶν
3148 2679 3455 2748 γενομένων
3504 2679 3607 2750 μὲν
3644 2680 3702 2733 ἐν
3721 2680 3792 2747 τῇ

2224 2769 2594 2840 ’Ἀλεξανδρείᾳ
2635 2769 2897 2839 ἔγνωμεν.
2943 2770 3051 2821 Καὶ
3077 2770 3185 2838 γὰρ
3216 2770 3309 2821 καὶ
3331 2767 3648 2839 Καρπὼνης
3680 2768 3792 2837 {63)

2210 2878 2297 2923 τις
2330 2859 2614 2930 ἐκϐληθεὶς
2654 2859 2756 2912 ὑπὸ
2798 2858 3147 2929 Ἀλεξάνδρου
3188 2859 3275 2913 διὰ
3307 2858 3403 2929 τὴν
3443 2858 3661 2929 Ἀρείου
3707 2860 3794 2913 αἴ-

2215 2967 2364 3021 ρεσιν
2399 2951 2537 3019 μετά
2566 2966 2748 3014 τινων,
2796 2949 2891 3001 καὶ
2922 2947 3097 3001 αὐτῶν
3136 2948 3507 3019 ἐκϐληθέντων
3560 2949 3649 3003 διὰ
3696 2949 3795 3020 τὴν

2215 3037 2385 3110 αὐτὴν
2442 3040 2674 3110 αἵρεσιν,
2730 3038 3047 3108 ἐληλύθασιν
3080 3038 3332 3101 ἐνταῦθα,
3392 3039 3796 3102 ἀποσταλέντες

2140 3168 2182 3224 C
2216 3131 2369 3201 παρὰ
2406 3128 2701 3200 Γρηγορξου
2736 3129 2879 3191 τινός
2900 3145 2915 3160 ο
2944 3130 3091 3199 ὅμως
3117 3129 3173 3182 δὲ
3212 3127 3490 3198 ἐμάθομεν
3527 3130 3624 3181 καὶ
3649 3129 3798 3199 παρὰ

2220 3220 2506 3292 Μακαρίου
2536 3220 2628 3272 τοῦ
2656 3219 3044 3291 πρεσϐυτέρου,
3081 3220 3173 3272 καὶ
3204 3218 3541 3289 Μαρτυρὶου,
3572 3220 3665 3273 καὶ
3708 3218 3798 3271 Ἦ-

2222 3312 2406 3381 συχίου
2458 3311 2565 3363 τῶν
2594 3310 2872 3363 διακόνων.
2906 3310 3017 3379 Πρὸ
3052 3309 3144 3363 τοῦ
3193 3309 3301 3377 γὰρ
3326 3309 3642 3378 ἀπαντῆσαι
3675 3310 3798 3371 τοὺς

2232 3402 2547 3456 Ἀθανασίου
2584 3400 3004 3472 πρεσϐυτέρους,
3047 3400 3444 3471 προετρέποντο
3480 3402 3630 3470 ἡμᾶς
3664 3400 3798 3469 γρά-

2223 3509 2342 3562 φειν
2372 3494 2430 3544 ἐν
2452 3491 2823 3561 Ἀλεξανδρείᾳ
2863 3489 3041 3559 Πιστῷ
3068 3508 3193 3554 τινι,
3238 3490 3401 3561 ἡνίκα
3431 3492 3527 3543 καὶ
3572 3489 3799 3544 Ἀθανά-

2223 3599 2336 3645 σιος
2361 3584 2389 3635 ὁ
2419 3582 2711 3643 ἐπίσκοπος
2754 3581 2811 3633 ὲν
2856 3579 3223 3651 Ἀλεξανδρεία
3253 3577 3337 3648 ἦν.
3376 3580 3582 3633 Τοῦτον
3610 3581 3666 3634 δὲ
3709 3582 3798 3634 τὸν

2221 3672 2417 3724 Πιστὸν
2464 3672 2514 3724 oi
2555 3670 2869 3723 ’Δθανασίου
2926 3668 3020 3722 τοῦ
3077 3669 3375 3723 ἐπισκόπου
3429 3670 3797 3741 πρεσϐύτεροι

2220 3759 2646 3829 παραγενόμενοι
2669 3757 2954 3820 ἀπέδειξαν
2978 3752 3113 3809 εἶναι
3144 3757 3436 3826 ’Δρειανὸν.
3466 3758 3797 3829 ἐκϐληθέντα

2224 3849 2321 3919 μὲν
2373 3848 2477 3900 ὑπὸ
2519 3845 2863 3917 Ἀλεξάνδρου
2917 3846 3008 3899 τοῦ
3067 3846 3363 3900 ἐπισκόπου
3406 3849 3624 3919 καὶτῆς
3658 3849 3798 3913 κατὰ

2214 3940 2447 3992 Νίκαιαν
2482 3938 2702 3990 συνόδου
2737 3938 2869 4007 (64),
2905 3937 3310 3990 κατασταθέντα
3339 3938 3396 3990 δὲ
3442 3940 3550 3992 ὑπὸ
3573 3941 3795 3994 Σεκούν-

2214 4027 2305 4080 δου
2334 4026 2498 4089 τινὸς,
2528 4026 2589 4078 ὃν
2621 4028 2653 4096 ἡ
2690 4027 2900 4097 μεγάλη
2941 4026 3154 4089 σύνοδος
3198 4028 3475 4099 ’Δρειανὸν
3547 4030 3679 4084 ὅντα
3710 4030 3797 4096 ἐξ·

2217 4118 2395 4172 έϐαλε.
2416 4116 2584 4170 Τοῦτο
2602 4118 2658 4170 δὲ
2679 4118 2798 4170 οὐδὲ
2828 4119 2978 4170 αὐτοὶ
3008 4118 3057 4169 oi
3083 4120 3207 4189 περὶ
3233 4120 3554 4191 Μαρτύριον
3583 4123 3817 4176 ἁντέλε-’

2218 4224 2338 4293 γον,
2360 4206 2479 4259 οὐδὲ
2511 4205 2770 4277 ἠρνοῦντο
2821 4208 2913 4261 τὸν
2945 4208 3139 4259 Πιστὸν
3174 4208 3279 4261 ὑπὸ
3310 4209 3611 4264 Σεκούνδου
3639 4214 3796 4282 ἐσχη-

2222 4299 2373 4352 κέναι
2404 4298 2502 4370 τὴν
2554 4298 2905 4351 κατάστασιν.
2954 4299 3209 4351 Σκοπεῖτε
3238 4299 3412 4353 τοίνυν
3448 4304 3545 4355 καὶ
3580 4306 3645 4356 ἐκ
3675 4305 3795 4357 τού-

555 4388 756 4442 tuimus
806 4397 865 4442 ut
905 4387 1054 4443 Pisto
1106 4390 1307 4445 Ariano
1340 4391 1729 4456 scriberemus,
1766 4406 1833 4446 an
1890 4392 1981 4461 qui
2022 4405 2110 4445 au-

2221 4406 2351 4451 των,
2397 4389 2538 4451 τίνες
2567 4388 2633 4441 ἂν
2676 4389 2780 4441 ὑπὸ
2814 4388 3016 4459 μέμψιν
3060 4388 3281 4452 δικαίως
3312 4391 3580 4457 γένοιντο,
3641 4397 3689 4447 οί
3723 4397 3795 4465 μὴ

624 4604 809 4689 (dmin
841 4606 941 4661 hoc
976 4606 1092 4689 loco
1138 4608 1477 4689 explanamlo
1511 4609 1755 4689 plerique
1797 4609 1954 4689 hujus
2007 4611 2106 4689 τιςνί

553 4686 803 4755 auctores
872 4677 1257 4761 nequicquam.
1302 4677 1903 4761 desuil‘:trt‘tnt:mNannii
1964 4682 2107 4732 enim

551 4746 866 4817 versionem
908 4750 1096 4817 secuti,
1134 4746 1260 4799 illttd
1297 4763 1311 4798 :
1353 4747 1485 4817 μηδέ
1543 4748 1602 4799 ἐν
1638 4746 1799 4817 Τύρῳ
1831 4764 2112 4816 καταγνω-

555 4811 817 4884 σθείς,εἰε
852 4812 1204 4884 intellexere:
1239 4811 1426 4884 neque
1447 4815 1568 4884 Tyri
1607 4811 2109 4871 conde'mnutus'eu.
2152 4828 2163 4841 '

555 4881 624 4932 Et
672 4882 937 4959 haeecum
990 4881 1179 4959 synodi
1235 4881 1517 4959 'l‘yriensis
1564 4883 2112 4959 historiaconciliare

555 4951 755 5009 conati,
784 4951 836 4999 in
866 4963 968 5017 qua
1011 4951 1367 5006 Athanasium
1392 4952 1700 5006 damnatum
1729 4952 1895 5007 fuisse
1925 4956 2112 5008 certis-

554 5018 750 5095 simum
773 5026 873 5077 est,
902 5017 1171 5095 lliil‘llll_l_il|
1191 5031 1494 5095 quautaset
1516 5036 1673 5091 quam
1705 5024 1945 5095 diversas
1969 5025 2115 5078 abie-

556 5086 685 5159 rint_
723 5086 1363 5159 sentcn_tias.rllaecivero
1407 5086 1547 5144 dum'
1591 5101 1737 5145 recte
1777 5092 2117 5159 explicentur

556 5152 687 5233 nihil
722 5155 922 5221 negotii
959 5153 1161 5233 facient
1201 5175 1215 5210 :
1244 5174 1382 5233 Anam
1415 5174 1515 5212 vox
1555 5152 1985 5233 καταγινώσκειν
2017 5177 2115 5217 sa:-

554 5225 781 5303 pissinte
833 5225 971 5289 apud
996 5226 1351 5303 Athanasium
1401 5239 1456 5281 ct
1481 5225 1791 5303 apud‘alios
1826 5240 2112 5303 auctores,

552 5294 900 5371 convincere,
926 5294 1012 5371 vel
1040 5295 1446 5371 deprehendere
1473 5294 1768 5371 significat;
1789 5308 1949 5371 atque
1976 5301 2111 5354 adeo

553 5363 634 5440 sic
681 5363 969 5440 vertendus
1001 5364 1087 5440 hic
1111 5364 1267 5440 locus
1294 5406 1309 5430 ,
1333 5437 1342 5440 _
1366 5383 1528 5440 neque
1565 5363 1987 5440 ’l'yri__convicms
2011 5381 2107 5426 est.

554 5429 923 5510 qudgutiqite
944 5429 1301 5510 indubitatum
1332 5429 1580 5510 habetur,
1608 5429 2020 5510 nullinnquippe
2046 5454 2111 5492 ex

554 5501 780 5573 objectis
828 5501 1135 5573 _At_h:tnasio
1184 5505 1480 5558 sceleribus
1540 5506 1768 5573 probare
1817 5501 2115 5573 potuerunt

558 5566 840 5643 Eusebiani
884 5568 1008 5639 Tyri
1031 5574 1362 5643 congregati.
1395 5574 1472 5625 Ex
1503 5566 1798 5643 innumeris
1817 5566 1944 5642 'quze
1976 5576 2114 5643 apud

558 5638 1549 5711 Atharytsiunroccurruttiexetuplis,
1594 5642 1679 5695 hic
1723 5638 1891 5710 pauca
1923 5638 2116 5711 nilei-a-

557 5718 694 5756 tutts.
720 5704 883 5759 Paulo
903 5708 1034 5761 inira
1057 5724 1068 5760 :
1095 5708 1157 5759 Ei
1191 5711 1287 5778 μὲν
1318 5704 1446 5779 γὰρ,
1484 5704 1743 5764 ἐλθόντων
1770 5712 1942 5781 ύμών,
1976 5708 2115 5781 ἦσαν

2215 4607 2707 4686 καταγνωσθέντες,
2744 4609 2790 4686 si
2818 4609 2955 4662 vobis
2992 4611 3350 4686 accedentibus
3392 4616 3621 4670 convicti
3665 4618 3792 4686 [αἱς-

2217 4690 2349 4730 sent.
2378 4678 2541 4741 Cujus
2586 4678 2685 4729 loci
2744 4678 2881 4731 Italic
2930 4694 3051 4731 esse,
3079 4682 3401 4734 settleutiam
3440 4696 3507 4736 ex
3540 4678 3790 4741 contextu

2218 4747 2403 4821 liquet.
2443 4747 2505 4797 Et
2527 4761 2674 4821 nnm_.
2698 4746 2792 4821 δῦ,
2832 4746 3015 4821 λοιπὸν
3049 4750 3143 4801 καὶ
3171 4751 3317 4819 ἡμᾶς
3338 4752 3400 4803 ού
3423 4756 3794 4821 καταγνόντας

2220 4811 2495 4893 βούλονται
2533 4814 2853 4893 συμψήφους
2871 4811 3032 4893 εἶναι,
3071 4835 3163 4893 nos
3192 4811 3280 4885 qui
3299 4811 3376 4873 ide
3408 4811 3606 4876 scelere
3633 4811 3795 4893 (scili;

2219 4895 2305 4938 cet
2324 4886 2657 4960 _Atltanasii}_
2685 4886 2931 4960 certiores
2957 4887 3087 4953 facti
3107 4904 3209 4960 non
3237 4904 3442 4960 anticus,
3480 4886 3794 4960 nassam..-

2218 4954 2335 5034 gaft'
2390 4953 2908 5034 coluntgnAtlianasii
2946 4956 3227 5034 sententia
3260 4957 3518 5024 liquidius
3554 4953 3790 5034 apparet

2222 5022 2359 5076 infra
2384 5036 2530 5075 num.
2557 5022 2649 5085 ‘19,
2680 5023 2767 5075 tibi
2798 5023 2915 5075 vide
2945 5026 3053 5087 sis;
3078 5034 3133 5077 et
3160 5026 3294 5079 alias
3319 5022 3653 5083 seXcenties.

2292 5090 2614 5170 l_’a1_t_ln_inl'ra
2666 5092 2795 5160 Reg.
2831 5094 3178 5170 μονομερίαν.
3212 5093 3378 5160 ΕιΙὶιί,
3403 5098 3790 5170 μονυμέρειαν,

2222 5163 2315 5216 sed
2331 5159 2479 5231 alibi
2491 5159 3111 5231 εειιψυιχμονομέρειαν.

2298 5229 2410 5303 (ϐδ)
2454 5228 2527 5280 Dc
2565 5231 2667 5282 hoc
2691 5228 3086 5303 Carpone'vide
3116 5231 3251 5303 infra
3303 5233 3355 5285 in
3396 5234 3632 5303 epistola
3670 5238 3791 5289 Alc-

2220 5299 2436 5373 ;attdri,
2492 5307 2547 5349 et
2609 5300 2749 5366 apud
2791 5298 3173 5373 Epiphauinnt,
3230 5298 3560 5373 heresi-69,
3604 5308 3790 5373 quiatt

2217 5368 2359 5449 hunc
2388 5365 2691 5449 Carpuuent
2722 5383 2881 5421 unatn
2913 5383 2979 5421 ex
3004 5370 3383 5425 Alexandrinis
3408 5365 3674 5429 Ecclesiis
3700 5375 3787 5428 ad-

2220 5447 2579 5491 ministrasse.

2291 5504 2402 5573 (64)
2449 5503 2650 5580 _Pist_ns
2717 5505 2859 5559 inter
2921 5502 3669 5580 Mareoticospresbyteros
3726 5512 3789 5562 ab

2222 5573 2529 5649 Alexandro
2554 5575 2837 5649 damnatos
2882 5588 3215 5649 memoratur
3277 5573 3337 5649 ili
3389 5573 3617 5649 epistola
3646 5584 3786 5646 ejus-

2224 5648 2345 5701 dcin
2397 5644 2685 5699 Alexandri
2711 5646 2777 5700 ad
2820 5644 3023 5701 calcem
3047 5661 3267 5717 operum
3314 5648 3360 5700 A
3391 5644 3601 5706 hanasii
3637 5644 3785 5707 casa.
