4006 6498
194 490 280 548 289

1245 458 1588 533 aromata
1631 470 1910 530 CONTRA
1948 468 2270 529 ARIANOS.

3288 465 3395 526 290

194 597 467 662 πεισθέντες
490 597 671 670 ἡμεῖς,
694 590 833 651 ὥστε
854 593 1037 665 Πιστῷ
1058 589 1136 664 τῷ
1171 591 1430 663 Ἀρειανῷ
1450 590 1562 663 (65)
1592 590 1725 662 γρείι⁸

1845 595 2004 645 :tores
2028 587 2187 661 1,],4⁵
2209 593 2384 654 erant,
2405 594 2464 642 ut
2486 600 2732 657 magnam
2754 587 3015 658 synodum
3038 585 3399 657 vilipendere—

193 696 290 766 ψει,
317 693 347 765 ἢ
371 694 417 746 οἱ
440 689 895 763 συμϐουλεύοντες
923 687 1185 759 ἀτιμάσαι
1208 686 1305 755 τὴν
1336 684 1577 756 μεγάλην
1607 681 1730 735 σύν-

192 786 304 847 οδον,
354 782 443 836 καὶ
497 783 609 845 τοῖς
658 780 905 835 ἀσεϐέσιν
953 779 1027 841 ὡς
1055 775 1301 831 εὐσεϐέσι
1332 775 1575 846 γράψαι;
1621 771 1732 825 Καὶ

192 876 279 947 γὰρ
312 874 398 927 καὶ
426 872 709 942 Μακάριος
750 873 779 923 ὁ
806 869 1194 943 πρεσϐύτερος,
1230 869 1259 921 ὁ
1290 868 1437 938 παρὰ
1467 864 1730 918 Εὐσεϐίου

194 964 307 1037 μετὰ
353 963 455 1018 τῶν
490 964 618 1036 περὶ
647 961 957 1035 Μαρτύριον
1002 958 1345 1023 ἀποσταλεὶς,
1393 958 1469 1022 ὼς
1505 958 1732 1029 ἧκουσεν

190 1058 481 1131 ὲπιστάντας
510 1058 638 1120 τοὺς
683 1054 1085 1127 πρεσϐυτέρους
1129 1053 1466 1118 Ἀθανασίου,
1520 1054 1735 1125 ἐκδεχο-

193 1149 339 1219 μένων
388 1148 543 1219 ἡμῶν
588 1148 687 1219 τὴν
743 1147 1044 1219 παρουσίαν
1087 1146 1250 1200 αὐτοῦ
1302 1146 1439 1217 μετὰ
1469 1146 1577 1199 τῶν
1606 1148 1735 1219 περὶ

189 1240 469 1311 Μαρτύριον
525 1240 619 1293 καὶ
653 1240 926 1310 Ἠσύχιον,
960 1238 1283 1310 ἀπεδήμησε
1330 1238 1523 1302 νυκτὸς
1554 1239 1732 1293 καίτοι

189 1332 327 1385 νοσῶν
345 1331 418 1403 τῷ
446 1332 659 1404 σώματι
677 1350 690 1363 ⁸
724 1332 798 1395 ὡς
823 1335 887 1386 ὲκ
918 1331 1105 1385 τούτου
1135 1330 1315 1384 λοιπὸν
1339 1333 1484 1403 ἡμᾶς
1511 1332 1736 1386 ἀκολού-

189 1424 275 1487 θως
320 1423 673 1495 στοχάζεσθαι
704 1424 837 1496 (66),
878 1426 980 1488 ὅτι,
1035 1424 1420 1496 αἰσχυνόμενος
1469 1427 1559 1481 τὸν
1592 1428 1735 1483 κατὰ

189 1516 355 1569 Πιστοῦ
386 1517 628 1586 ἔλεγχον,
655 1516 1021 1588 ἀνεχώρησεν.
1066 1517 1348 1572 Ἀδύνατον
1375 1518 1482 1591 γὰρ
1506 1520 1604 1593 τὴν
1636 1538 1734 1575 κα-

186 1607 410 1661 τάστασιν
442 1608 736 1663 Σεκούνδου
788 1607 881 1661 τοῦ
927 1608 1206 1680 Ἀρειανοῦ
1254 1611 1310 1664 ἐν
1356 1613 1420 1682 τῇ
1470 1612 1731 1685 καθολικῇ

196 1691 458 1772 Ἐκκλησία
505 1702 741 1772 ἰσχῦσαι.
786 1702 1003 1772 ’Λτιμία
1041 1701 1149 1774 γὰρ
1180 1702 1394 1775 άληθῶς
1422 1705 1559 1776 αῦτη
1590 1707 1733 1759 κατὰ

184 1792 261 1863 τῆς
294 1792 505 1847 συνόδου
542 1795 638 1865 καὶ
674 1794 780 1847 τῶν
826 1796 885 1846 ὲν
935 1794 1069 1865 αὐτῇ
1121 1795 1479 1851 συνελθόντων
1512 1800 1734 1852 ἐπισκό-

186 1903 295 1948 πων,
323 1886 412 1939 ἐὰν
438 1886 510 1939 τὰ
550 1885 690 1957 μετὰ
714 1886 979 1958 τοσαύτης
1018 1888 1256 1957 σπουδῆς
1305 1888 1400 1942 καὶ
1428 1890 1729 1960 εὐλαϐείας,

184 1978 240 2039 ὡς
260 1978 381 2031 Θεοῦ
406 1979 701 2051 παρόντος,
728 1978 1017 2049 γενόμενα,
1047 1981 1169 2034 ἀντὶ
1203 1976 1428 2052 μηδενὸς
1456 1982 1611 2055 λυθῇ.

236 2070 311 2125 25.
344 2071 517 2143 Εἴπερ
540 2066 656 2136 οὖν,
686 2071 763 2134 ὡς
810 2072 1070 2142 γράφετε,
1105 2074 1171 2127 ἐκ
1204 2072 1297 2127 τοῦ
1326 2076 1467 2129 κατὰ
1495 2078 1736 2134 Νοϐᾶτον

184 2165 256 2218 καὶ
298 2164 397 2235 τὸν,
428 2162 776 2234 Σαμοσατέα.
809 2163 1020 2217 Παῦλον
1067 2166 1505 2237 παραδείγματος
1534 2169 1603 2223 τά
1630 2170 1738 2225 τῶν

185 2255 391 2308 συνόδων
411 2253 626 2325 ἰσχύειν
655 2254 901 2325 δόγματα
933 2256 1058 2328 χρὴ,
1089 2257 1195 2311 ἔδει
1235 2258 1437 2329 μᾶλλον
1464 2261 1537 2335 μὴ
1572 2261 1738 2335 λωθῆ-

184 2364 249 2400 ναι
278 2347 371 2401 τῶν
392 2349 733 2419 τριακοσίων
782 2349 881 2414 τὴν
927 2350 1128 2419 ψῆφον,
1158 2350 1265 2404 ἔδει
1318 2353 1416 2424 τὴν
1450 2354 1740 2429 καθολικὴν

185 2437 363 2490 σύνοδον
393 2436 503 2492 ὑπὸ
538 2438 646 2492 τῶν
692 2439 889 2508 ὀλίγων
919 2441 993 2511 μὴ
1038 2440 1424 2511 ἀτιμασθῆναι.
1470 2446 1741 2516 Αίρετικοὶ

183 2529 267 2601 γὰρ
288 2531 332 2583 οί
370 2528 665 2604 Ἀρειανοῖ,
691 2529 878 2603 ὥσπερ
906 2528 1166 2597 κάκεῖνοι,
1191 2535 1284 2587 καὶ
1311 2534 1490 2605 ὅμοιαι
1520 2538 1575 2589 αἱ
1602 2539 1742 2593 κατὰ

182 2621 349 2676 τούτων
392 2623 573 2695 ψῆφοι
613 2626 735 2687 ταῖς
782 2626 902 2677 κατ’
927 2625 1168 2678 ἐκείνων.
1202 2625 1417 2680 Τούτων
1456 2626 1513 2681 δὲ
1543 2630 1743 2702 τολμηο

185 2711 367 2778 θέντων,
408 2715 561 2778 τίνες
618 2714 757 2767 εἰσὶν
789 2715 836 2767 οἱ
898 2714 1069 2783 φλόγα
1102 2716 1365 2786 διχονοίας
1400 2718 1739 2788 άνάψαντεςς

182 2805 299 2875 ἡμᾶς
328 2808 432 2876 γὰρ
459 2806 627 2860 τοῦτο
657 2806 1014 2877 πεποιηκέναι
1043 2807 1351 2878 γράψαντες
1397 2808 1739 2880 ἐμέμψασθε.

182 2890 280 2968 Ἆρ’
309 2895 592 2969 οὗνήμεῖς
626 2897 891 2968 διχονοίας
919 2900 1296 2969 εἰργασάμεθα
1331 2902 1381 2954 oi
1420 2902 1744 2971 συναλγοῦν-

182 3001 253 3050 τες
278 2992 383 3052 τοῖς
415 2991 729 3060 πάσχουσιν
755 2988 1023 3059 ἀδελφοῖς,
1050 2992 1143 3043 καὶ
1170 2990 1313 3044 κατά
1340 2993 1539 3047 κανόνα
1566 2994 1744 3049 πάντα

181 3083 555 3153 πεποιηκότεςς
589 3077 623 3152 ἢ
658 3082 708 3133 οί
759 3081 1077 3150 φιλονείκως
1102 3082 1194 3135 καὶ
1217 3085 1365 3155 παρὰ
1402 3086 1603 3141 κανόνα
1634 3086 1743 3143 τῶν

181 3175 467 3242 τριακοσίων
536 3174 638 3245 τὴν
683 3173 861 3245 ψῆφον
906 3173 1185 3239 λύσαντες,
1241 3178 1334 3230 καὶ
1369 3178 1509 3231 κατὰ
1564 3180 1742 3233 πάντα

180 3265 255 3336 τὴν
277 3266 483 3321 σύνοδον
522 3266 925 3337 ἀτιμάσαντες;
966 3268 1040 3321 Οὐ
1069 3267 1178 3338 γὰρ
1210 3270 1365 3341 μόνον
1386 3271 1435 3323 οἱ
1475 3272 1740 3342 Ἀρειανοὶ

181 3358 460 3431 ἐδέχθησαν,
505 3358 642 3413 ἀλλὰ
672 3358 767 3412 καὶ
794 3355 902 3414 ἀπὸ
934 3360 1101 3413 τόπου
1134 3363 1212 3425 εἰς
1244 3360 1405 3416 τόπον
1443 3363 1743 3437 μεμελετή-

182 3464 311 3503 κασιν
337 3454 629 3505 ἐπίσκοποι
672 3450 965 3504 διαϐαίνειν
1000 3452 1135 3521 (67).
1163 3453 1227 3506 Εί
1258 3448 1350 3507 οὖν
1371 3453 1584 3527 άληθῶς
1620 3455 1741 3527 ῐσην

182 3542 256 3595 καὶ
274 3543 362 3615 τὴν
383 3542 570 3614 αὐτὴν
584 3541 805 3613 ἡγεῖσθε
833 3541 1137 3613 τιμὴν·τῶν
1172 3545 1505 3611 ἐπισκόπων,
1545 3549 1637 3602 κα)¹
1664 3549 1739 3620 μὴ

182 3635 232 3686 ἐκ
252 3636 331 3688 τοῦ
378 3634 651 3706 μεγέθους
684 3633 790 3686 τῶν
840 3631 1067 3699 πόλεων,
1102 3632 1177 3699 ὡς
1226 3638 1488 3708 γράφετε,
1527 3639 1739 3709 κρίνετε

181 3727 280 3790 τοὺς
315 3726 677 3791 ἐπισκόπους,
710 3726 817 3779 ἔδει
846 3726 937 3780 τὸν
969 3728 1396 3800 πεπιστευμένον
1418 3731 1617 3803 μικρὰν
1642 3732 1741 3803 p.31-

181 3834 269 3871 νειν
306 3822 357 3873 ὲν
412 3824 482 3893 τῇ
547 3818 925 3897 πιστευθείσῂ
960 3820 1054 3873 καὶ
1091 3820 1166 3891 μὴ
1221 3822 1517 3887 έξουθενεῖν
1552 3820 1650 3894 μὲν
1679 3824 1741 3879 τὸ

182 3916 588 3988 πεπιστευμένον
621 3913 755 3985 (68),
794 3915 1137 3985 μεταϐαίνειν
1157 3916 1212 3968 δὲ
1236 3918 1314 3981 εἰς
1338 3918 1437 3989 τὴν
1466 3918 1539 3990 μὴ
1572 3920 1742 3991 ἐγχει-

185 4006 446 4074 ρισθεῖσαν,
500 4007 595 4061 ἴνα
635 4006 738 4076 τῆς
789 4007 888 4076 μὲν
923 4007 1073 4079 παρὰ
1117 4006 1251 4061 Θεοῦ
1290 4009 1534 4081 δοθείσης
1573 4028 1741 4065 κατα-

184 4105 344 4172 φρονῇ.
377 4102 475 4172 τὴν
520 4100 575 4163 δὲ
622 4098 732 4152 τῶν
782 4098 1081 4170 ἀνθρώπων
1118 4100 1419 4167 κενοδοξίαν
1458 4103 1735 4173 ἀγαπήσῃ.

184 4191 382 4259 Οὐκοῦν,
418 4190 728 4262 ἀγαπητοὶ,
758 4189 862 4244 ἔδει
892 4192 1220 4261 ἀπαντῆσαι,
1246 4193 1339 4245 καὶ
1372 4193 1444 4263 μὴ
1476 4195 1742 4265 παραιτή-

184 4284 367 4350 σασθαι,
395 4288 482 4338 ἵνα
520 4284 617 4338 καὶ
647 4284 800 4346 τέλος
829 4282 966 4355 λάϐῃ
998 4285 1059 4337 τὸ
1098 4286 1327 4356 πρᾶγμα
1347 4302 1362 4317 ’
1392 4285 1547 4338 τοῦτο
1576 4286 1684 4358 γὰρ
1713 4287 1742 4339 ό

181 4371 309 4442 λόγος
347 4378 602 4431 ἀπαιτεῖ.
666 4374 803 4431 Ἀλλ’
845 4374 974 4438 ἴσως
1022 4376 1056 4445 ἡ
1089 4375 1396 4447 προθεσμία
1428 4378 1736 4431 ὲνεπόδισε⁶

182 4467 461 4538 ῒέάφαντες
508 4467 621 4539 γὰρ
661 4457 999 4537 ἐμέμψασθε,
1043 4468 1126 4520 ὅτι
1170 4468 1358 4540 στενὴν
1391 4468 1487 4540 τὴν
1547 4469 1743 4542 προθε-

185 4558 321 4628 σμίαν
342 4562 443 4632 τῆς
476 4558 701 4613 συνόδου
718 4555 995 4631 ὠρίσαμεν
1014 4575 1028 4590 ο
1058 4558 1190 4613 ἀλλά
1210 4562 1302 4615 καὶ
1323 4560 1500 4625 τοῦτο,
1527 4561 1745 4632 ἀγαπη-

1831 696 1971 745 mus,
1988 691 2039 735 et
2056 681 2255 750 impiis,
2272 680 2425 751 quasi
2442 679 2514 749 pii
2536 678 2784 745 fuissent,
2805 678 3007 735 litteras
3027 678 3400 735 mitteremus?

1830 770 1964 826 Nam
1997 770 2264 827 Macarius
2291 773 2404 842 ipse
2428 771 2733 843 presbyter.
2765 770 2856 841 qui
2885 786 3009 826 cum
3036 769 3294 842 Martyrio
3327 769 3400 825 ab

1832 863 2067 919 Eusebio
2100 864 2299 920 missus
2322 874 2438 923 est.
2470 872 2530 917 ut
2577 862 2782 918 audivit
2812 861 3020 917 instare
3052 861 3401 933 presbyteros

1832 955 2139 1020 Athanasii,
2160 971 2280 1011 cum
2307 971 2403 1011 nos
2428 965 2868 1026 exspectaremus
2891 964 2951 1009 ut
2975 970 3079 1008 una
3105 969 3227 1008 cum
3258 954 3402 1009 Mar-

1835 1049 1976 1120 tyrio
2005 1057 2059 1102 et
2091 1047 2356 1119 Hesychia
2385 1065 2583 1118 ,coram
2616 1049 2772 1106 nobis
2815 1064 2875 1105 se
2906 1049 3144 1113 sisteret,
3174 1063 3404 1119 corpore

1832 1139 1960 1195 licet.
1979 1154 2141 1211 aeger,
2166 1150 2326 1194 noctu
2355 1141 2647 1206 abscessit;
2680 1149 2737 1195 ut
2765 1141 2890 1195 hinc
2913 1154 3014 1196 nos
3045 1140 3238 1195 merito
3267 1154 3402 1194 con-

1828 1229 2141 1299 jiceremus,
2178 1246 2299 1286 eum
2332 1232 2454 1288 ideo
2495 1233 2835 1297 discessisse,
2883 1232 3026 1303 quod
3062 1246 3123 1287 se
3177 1232 3405 1302 puderet

1834 1320 2041 1375 Pistum
2076 1322 2390 1377 convictum
2419 1324 2486 1377 iri
2519 1341 2533 1379 :
2562 1340 2685 1378 cum
2721 1323 3052 1393 impossibile
3079 1331 3227 1378 esset
3250 1322 3405 1377 ordi-

1835 1413 2108 1469 nationem
2144 1413 2377 1470 Secundi
2415 1416 2600 1470 Ariani
2646 1417 2697 1471 in
2735 1417 2976 1472 Ecclesia
3017 1416 3222 1471 valere.
3266 1414 3406 1470 illud

1835 1506 1978 1560 enim
2026 1522 2215 1562 revera
2257 1509 2462 1579 synodo
2488 1518 2545 1563 et
2576 1510 2849 1580 episcopis
2892 1511 2984 1580 qui
3016 1512 3070 1566 in
3101 1526 3166 1566 ea
3208 1525 3409 1568 conve-

1836 1613 1967 1653 nere
1997 1602 2447 1656 contumeliosum
2488 1612 2655 1665 esset.
2690 1603 2736 1657 si
2771 1617 2890 1671 qua:
2923 1602 2996 1657 illi
3043 1612 3195 1659 tanto
3224 1605 3407 1660 Studio

1836 1705 1900 1745 ac
1941 1693 2160 1761 pietate,
2194 1694 2351 1763 quasi
2399 1697 2507 1750 Deo
2548 1705 2819 1765 praesente
2849 1696 3114 1766 egissent,
3153 1706 3409 1767 tanquam

1838 1785 1966 1839 nulli
2000 1787 2158 1855 pretii
2192 1787 2607 1858 abrogarentur.

1907 2057 1997 2112 25.
2035 2055 2091 2112 Si
2138 2055 2326 2127 igitur,
2368 2057 2447 2112 uti
2489 2058 2766 2121 scribitis,
2809 2072 2877 2114 ex
2914 2057 3108 2116 Novati
3156 2070 3210 2117 et
3259 2061 3412 2118 Pauli

1839 2147 2238 2205 Samosatensis
2270 2150 2541 2221 exemplo,
2574 2152 2907 2222 synodorum
2939 2152 3195 2223 dogmata
3224 2156 3412 2224 vigere

1838 2249 2102 2310 oportet:
2151 2250 2303 2296 certe
2364 2240 2535 2296 multo
2586 2242 2758 2313 magis
2806 2234 2990 2298 decuit
3039 2251 3409 2300 trecentorum

1838 2332 2215 2403 episcoporum
2256 2332 2476 2388 decreta
2512 2348 2616 2387 non
2666 2334 2819 2389 irrita
2857 2334 2994 2401 fieri,
3042 2351 3142 2391 nec
3186 2338 3411 2393 univero

1840 2424 2005 2479 salem
2051 2424 2316 2494 synodum
2359 2439 2387 2477 a
2419 2426 2608 2493 paucis
2636 2426 2935 2481 contemni.
2969 2422 3222 2483 Hreretici
3266 2430 3411 2485 enim

1840 2523 1965 2572 sunt
2007 2515 2192 2570 Ariani
2236 2530 2390 2585 aeque
2430 2531 2495 2572 ac
2534 2516 2632 2581 illi,
2682 2516 2946 2587 pariaque
2986 2526 3176 2573 contra
3224 2519 3323 2574 hos
3351 2535 3417 2575 ac

1840 2615 2027 2661 contra
2062 2606 2181 2660 illos
2218 2607 2437 2661 decreta
2486 2605 2755 2674 prodiere.
2788 2605 2925 2661 Cum
2952 2605 3088 2662 tales
3127 2622 3296 2663 ausus
3332 2608 3418 2663 vi-

1842 2700 2102 2764 derimus,
2153 2698 2377 2769 quinam
2429 2698 2714 2753 discordia:
2758 2696 3032 2753 ﬂammam
3084 2698 3416 2755 accenderet

1842 2805 1940 2846 nos
1964 2791 2107 2846 enim
2139 2799 2197 2843 ut
2229 2791 2320 2859 qui
2356 2789 2471 2845 haec
2510 2788 2803 2845 fecerimus
2830 2791 3087 2861 arguistis
3131 2792 3185 2848 in
3216 2791 3413 2849 litteris

1840 2882 2060 2938 vestris.
2090 2879 2272 2936 Nosne
2300 2881 2631 2937 discordiam
2683 2882 3015 2948 induximus,
3050 2883 3147 2953 qui
3180 2883 3417 2940 aﬂlicto-

1842 2990 1962 3029 rum
1996 2972 2223 3028 fratrum
2260 2974 2434 3029 vicem
2476 2973 2745 3041 dolemus,
2793 2982 2848 3029 et
2893 2974 3077 3030 omnia
3119 2976 3419 3033 secundum

1842 3081 2103 3122 canouem
2147 3064 2394 3136 egimus?
2435 3080 2615 3119 annon
2656 3064 2835 3133 potius
2861 3065 2956 3135 qui
2991 3068 3336 3123 contentiose
3362 3078 3421 3123 et

1843 3167 2032 3215 contra
2063 3171 2349 3223 canonem,
2393 3163 2763 3212 trecentorum
2792 3156 3009 3212 decreta
3036 3157 3333 3224 violarunt,
3363 3167 3420 3216 et

1846 3253 1900 3306 in
1952 3251 2205 3305 omnibus
2250 3251 2514 3320 synodum
2548 3249 3027 3321 contempserunt?
3074 3249 3191 3305 Non
3243 3251 3418 3306 solum

1846 3343 1989 3398 enim
2018 3342 2204 3397 Ariani
2230 3340 2473 3408 admissi,
2496 3341 2589 3396 sed
2614 3350 2667 3397 et
2691 3357 2721 3396 a
2754 3341 2876 3397 loco
2907 3343 2959 3396 in
2983 3341 3160 3398 locum
3180 3343 3421 3415 episcopi

1847 3450 1967 3491 sese
2008 3435 2307 3489 transferre
2339 3432 2514 3488 moliti
2561 3444 2707 3489 sunt.
2754 3432 2812 3489 Si
2857 3434 3020 3504 igitur
3058 3449 3185 3492 vere
3231 3452 3421 3507 parem

1847 3527 2208 3595 eumdemque
2233 3524 2555 3580 existimatis
2576 3524 2953 3594 episcoporum
2980 3525 3241 3581 honorem
3272 3543 3286 3579 :
3319 3542 3421 3583 nec

1848 3633 1915 3673 ex
1946 3616 2314 3689 magnitudine
2356 3617 2658 3679 civitatum,
2698 3616 2775 3670 uti
2818 3616 3085 3682 scribitis,
3133 3618 3422 3689 episc0po-

1852 3731 1967 3770 rum
2002 3712 2319 3784 dignitatem
2366 3710 2652 3775 metimini,
2693 3713 2931 3781 oportuit
2970 3726 3095 3765 cum
3133 3711 3220 3767 cui
3251 3726 3420 3781 parva

1848 3809 2041 3862 civitas
2056 3806 2367 3861 concredita
2384 3804 2581 3869 fuerat,
2607 3804 2659 3857 in
2680 3803 2771 3858 illa
2791 3817 3034 3867 manere,
3055 3817 3154 3858 nec
3171 3813 3423 3859 contem-

1847 3911 1938 3972 pta
1962 3899 2049 3955 illa
2073 3914 2191 3969 quae
2219 3899 2321 3954 sibi
2339 3899 2543 3953 credita
2570 3897 2795 3963 erat,ad
2814 3895 2975 3951 aliam
3007 3896 3110 3952 sibi
3137 3911 3245 3952 non
3267 3912 3423 3953 com-

1849 3996 2069 4050 missam
2106 3992 2377 4058 transire;
2412 3991 2486 4046 ita
2516 3999 2575 4044 ut
2596 4004 2714 4044 eam
2747 4004 2868 4057 quae
2890 3988 2991 4043 sibi
3021 4005 3051 4042 a
3083 3989 3193 4044 Deo
3222 3990 3423 4044 tradita

1846 4098 1929 4142 est
1957 4086 2280 4155 despiceret,
2311 4086 2526 4139 inanem
2561 4082 3008 4152 vero,hominum
3057 4084 3285 4154 gloriam
3329 4097 3423 4138 ex-

1846 4191 2077 4250 aptaret.
2094 4180 2259 4248 Ergo,
2277 4178 2636 4240 dilectissimi,
2652 4176 2891 4246 oportuit
2910 4190 3007 4231 vos
3024 4176 3129 4231 huc
3144 4177 3423 4242 accedere,

1847 4284 1903 4327 et
1939 4288 2043 4326 non
2087 4272 2345 4335 abnuere,
2389 4284 2496 4338 quo
2532 4268 2803 4337 negotium
2832 4269 2897 4322 ad
2928 4266 3091 4322 tinem
3118 4267 3422 4322 deducere-

1851 4375 1938 4419 tur
1962 4382 1976 4418 ;
2004 4364 2055 4417 id
2080 4365 2223 4419 enim
2252 4362 2390 4416 ratio
2414 4361 2669 4428 postulat.
2696 4358 2800 4414 Sed
2826 4358 3062 4413 fortasse
3088 4358 3418 4428 praeﬁnitum

1851 4468 2067 4528 tempus
2101 4456 2155 4511 id
2188 4454 2339 4510 vobis
2368 4468 2473 4509 non
2506 4452 2788 4521 permisit;
2825 4452 2877 4506 in
2909 4450 3109 4505 litteris
3154 4450 3299 4504 enim
3327 4463 3422 4503 ve-

1851 4552 1981 4609 stris
2005 4547 2292 4618 conquesti
2319 4547 2451 4601 estis
2478 4546 2544 4599 ad
2584 4542 2846 4615 synodum
2876 4541 3196 4613 cogendam,
3247 4556 3423 4611 angu-

183 4651 263 4719 τοὶ,
292 4654 566 4726 πρόφασίς
619 4654 785 4705 ἐστιν.
837 4653 900 4706 Εἰ
949 4652 1177 4726 μὲνγὰρ
1211 4654 1535 4726 ἐρχομένους
1592 4655 1740 4719 τινὰς

1850 4656 1991 4701 stum
2041 4641 2302 4710 temporis
2345 4638 2576 4708 spatium
2630 4650 2728 4691 nos
2776 4633 3087 4689 delinivisse
3120 4633 3246 4689 :sed
3292 4634 3420 4697 hoc,

183 4745 501 4799 συνέκλεισεν
541 4748 576 4815 ἡ
614 4743 817 4815 ἡμέρα,
877 4743 1061 4796 στενὸν
1108 4742 1173 4797 ἂν
1226 4746 1288 4798 τὸ
1344 4745 1612 4815 διάστημα
1645 4745 1745 4815 τῆς

182 4835 495 4908 προθεσμίας
522 4832 767 4906 ἠλέγχθη
792 4849 805 4863 ⁸
833 4836 880 4886 εί
914 4833 969 4887 δὲ
998 4835 1047 4886 οἱ
1092 4835 1267 4888 ἐλθεῖν
1305 4835 1377 4906 μὴ
1414 4833 1748 4905 βουλόμενοι,

179 4932 533 5002 κατεσχήκασι
556 4929 662 4982 καὶ
692 4928 821 4991 τοὺς
880 4926 1284 4999 πρεσϐυτέρους
1319 4927 1423 4990 ἓως
1456 4926 1620 4980 αὑτοῦ
1652 4926 1747 4980 τοῦ

190 5020 499 5098 Ἰανουαρίου
527 5024 641 5093 (69)
680 5022 866 5095 μηνὸς,
899 5023 974 5093 μὴ
1010 5021 1356 5094 θαρρούντων
1383 5020 1531 5075 ἐστὶν
1557 5022 1589 5091 ἡ
1616 5020 1750 5091 πρό-

180 5131 320 5181 φασις
340 5135 353 5146 ’
380 5114 556 5189 ἦλθον
581 5115 692 5186 γὰρ
721 5114 807 5177 ἂν,
841 5112 917 5176 ὡς
950 5116 1235 5185 προεῖπον,
1274 5115 1323 5167 εί
1365 5112 1647 5184 ἐθάρρουν,
1687 5112 1746 5164 ού

181 5207 295 5277 πρὸς
324 5209 383 5262 τὺ
419 5210 704 5278 διάστημα
749 5206 849 5276 τῆς
880 5206 1000 5259 ὀδοῦ
1043 5206 1392 5269 σκοποῦντες,
1440 5205 1561 5259 οὐδὲ
1615 5203 1750 5276 πρὸς

176 5296 259 5368 τὴν
277 5301 619 5374 προθεσμίαν
668 5300 925 5371 ὁρῶντες,
975 5299 1087 5353 ἁλλ’
1119 5301 1214 5353 ἐπὶ
1260 5302 1371 5363 τοῖς
1397 5298 1624 5362 δικαίοις
1654 5299 1750 5352 καὶ

212 5416 342 5509 ,(θξξ)
369 5418 464 5505 Sic
501 5416 641 5486 Reg.
669 5422 724 5468 et
750 5411 909 5467 Basil.
936 5413 1076 5467 Editi
1100 5428 1229 5469 vero
1261 5414 1537 5479 mendose,
1557 5411 1742 5485 Πιστῷ

176 5488 491 5627 τῳ(θέξέἴέ
517 5555 652 5625 Reg.
712 5562 768 5609 et
800 5552 961 5609 Basil.
1017 5554 1159 5607 Editi
1190 5568 1337 5618 vero,
1375 5552 1744 5624 ἁποστοχάζε-

398 5696 701 5752 Eusebium
731 5694 905 5763 οπβίι
949 5694 1037 5762 (ιιιῑ
1074 5694 1260 5769 re.“ch
1296 5693 1575 5769 BerytenSi
1619 5692 1748 5747 sede

179 5764 635 5823 Nicomediensem
659 5774 976 5834 occuparat,
1006 5779 1069 5819 ac
1103 5766 1315 5818 demum
1356 5764 1495 5817 hanc
1533 5777 1748 5834 quoque

178 5840 483 5907 repudians,
508 5832 1167 5907 Constantinopolitanam
1204 5835 1498 5907 invaserat.
1530 5832 1749 5907 Quze’de

179 5902 295 5965 sede
344 5909 398 5963 in
444 5902 630 5964 sedem
675 5904 961 5960 translatio
1016 5917 1227 5959 canone
1277 5902 1493 5958 Νίτωηο
1540 5904 1748 5958 decimo

182 5978 358 6047 quinto
379 5978 725 6051 prohibetur.

496 6079 769 6141 Panos.
811 6073 929 6136 Gn.
972 6067 1176 6134 XXV.

1851 4736 2054 4799 dilecti,
2099 4748 2248 4789 mera
2281 4729 2554 4788 cavillatio
2580 4738 2683 4784 est.
2718 4726 2852 4782 Nam
2897 4726 2941 4781 si
2975 4740 3117 4796 quos
3144 4728 3255 4793 iam
3287 4740 3419 4797 pro-

1850 4831 2024 4887 fectos
2057 4828 2173 4883 dies
2198 4827 2287 4882 ille
2330 4824 2719 4896 praevertisset,
2765 4829 3049 4891 angustum
3086 4834 3220 4876 sane
3252 4819 3422 4874 fuisse

1851 4919 2100 4992 prretiniti
2132 4917 2392 4985 temporis
2424 4914 2656 4984 Spatium
2692 4911 2865 4982 palam
2892 4918 3053 4965 esset.
3077 4908 3211 4963 Cum
3239 4919 3419 4964 autem

1852 5014 1889 5069 ii
1913 5012 2111 5083 quibus
2151 5009 2410 5064 accedere
2460 5021 2563 5061 non
2611 5004 2789 5067 libuit,
2836 5004 3181 5074 presbyteros
3208 5015 3423 5072 quoque

1854 5120 2025 5174 usque
2047 5102 2115 5157 ad
2138 5114 2380 5156 mensem
2403 5098 2718 5154 Januarium
2744 5096 3095 5157 detinuerint,
3119 5108 3263 5149 mera
3291 5105 3423 5148 sane

1856 5196 2128 5253 cavillatio
2164 5192 2327 5249 fuerit
2360 5190 2637 5245 hominum
2669 5189 2779 5244 suis
2815 5188 2976 5243 rebus
3018 5184 3366 5241 dilildentium
3401 5198 3416 5236 :

1855 5291 2133 5348 venissent
2156 5285 2323 5349 enim,
2354 5292 2414 5337 ut
2447 5283 2599 5351 prius
2626 5280 2758 5343 dixi,
2791 5280 2833 5333 si
2860 5281 2926 5333 de
2955 5292 3053 5331 sua
3084 5288 3245 5329 causa
3285 5275 3422 5327 bene

1922 5406 2032 5478 (68)
2070 5402 2213 5478 Editi
2247 5399 2406 5465 male,
2438 5397 2530 5453 τὸν
2576 5392 3025 5462 πεπιστευμένον,
3072 5403 3168 5442 nos
3204 5386 3335 5454 lieg.
3366 5394 3421 5441 et

1851 5473 2345 5545 BasiIJseqnimur.
2479 5539 2493 5545 _
2590 5538 2625 5545 η
2893 5530 2905 5545 ,
3017 5528 3079 5545 π
3254 5524 3266 5545 ,

1925 5527 2212 5620 (δέγεάίςις
2254 5539 2541 5620 υοηιπιιειον
2590 5528 3217 5620 ἶιελξδαῖίγιαείφέ,Ρῗΐῐῗίν
3239 5527 3420 5620 1993‘

1854 5597 2210 5690 νιοίςῐῐσὶδίεέἀ
2242 5627 2372 5690 ιιιεε-
2402 5597 2538 5690 βεεί
2562 5616 2613 5690 ει
2634 5597 3208 5690 Βθεξιτ.,ἶ’ξεγγ9’έσξρὲἳϊ
3238 5598 3415 5690 '51???

1856 5668 2113 5757 έιῖιῗιίειῖιί
2143 5681 2362 5736 Ἰουνίου
2407 5668 2686 5757 legendum
2726 5674 3039 5727 existiment
3073 5684 3093 5757 ε⁵
3116 5668 3423 5757 εειίηιῖοοίιις

1856 5737 2221 5815 Euidamus
2247 5766 2368 5805 cum
2393 5737 2521 5802 editi
2554 5758 2667 5815 tum
2681 5757 2850 5815 _tns_s.,
2870 5754 3098 5815 quorum
3133 5737 3418 5815 lectionem

1855 5807 2252 5884 verae—historia:
2270 5830 2566 5888 congruere
2579 5813 2634 5868 in
2651 5807 2935 5868 Monitoad
2957 5810 3094 5864 hanc
3112 5807 3419 5879 Apologiam

1856 5893 2362 5953 demonstravimus.

2970 6000 3149 6094 ἰο
