4006 6508
549 494 656 558 τοι

1129 493 1189 553 S.
1228 493 1602 552 ATHAIVASII
1641 490 1794 550 OPP.
1831 491 2012 548 PARS
2051 492 2094 549 1.
2130 525 2199 536 -
2239 484 2611 547 HISTORICA
2650 479 2739 545 ΕΤ
2782 486 3208 546 DOGMATICA.

3706 484 3825 543 293

558 609 900 687 sperassent;
924 625 1033 667 non
1058 609 1273 668 itineris
1295 612 1640 667 intervallum
1663 609 2125 675 considerassent,

2246 611 2341 672 τοῖς
2383 606 2629 675 εὐλόγοις
2680 603 3199 677 παρρησιαζόμενοι.
3265 599 3407 655 Ἀλλ’
3441 599 3578 663 ἴσως
3610 592 3699 652 διὰ
3728 597 3825 653 τὸν

558 722 661 763 nec
704 704 770 760 ad
802 704 1126 775 praeﬁnitum
1164 711 1379 774 tempus
1420 704 1813 772 respexissent,
1847 705 1939 757 sed
1964 702 2127 771 justi-

554 800 647 855 tite
672 807 729 854 et
754 796 1000 868 aequitati
1047 811 1159 851 suae
1186 811 1365 851 causa:
1390 796 1757 851 conﬁdissent.
1790 798 1857 851 At
1882 796 2131 852 fortassis

555 891 625 946 ob
660 888 919 959 temporis
959 887 1225 942 rationem
1270 902 1374 940 non
1408 901 1633 952 venere;
1681 886 1785 941 hoc
1829 887 1973 940 enim
2010 901 2131 941 sur-

556 997 675 1038 sum
728 981 929 1051 scripto
970 977 1350 1050 signiﬁcastis;
1399 978 1701 1048 oportuisse
1754 978 1965 1034 scilicet
2008 993 2127 1043 nos,

562 1071 1059 1125 animadvertentes
1080 1076 1399 1138 praesentem
1432 1083 1610 1122 rerum
1633 1066 1988 1122 Orientalium
2015 1077 2128 1122 sta-

560 1173 697 1228 tum,
748 1178 854 1217 non
889 1176 989 1216 vos
1026 1159 1226 1215 hortari
1259 1161 1325 1213 ad
1362 1158 1705 1214 veniendum.
1755 1158 1813 1214 Si
1862 1159 2025 1227 igitur
2058 1158 2126 1213 ob

554 1254 717 1309 talem
762 1262 1063 1323 temporum
1109 1250 1473 1306 conditionem
1519 1247 1745 1318 profecti
1799 1263 1905 1302 non
1971 1248 2125 1311 estis,

556 1360 619 1404 ut
647 1349 849 1413 dicitis,
874 1348 1055 1402 decuit
1080 1359 1173 1400 vos
1199 1345 1249 1399 in
1276 1344 1485 1414 primis,
1510 1344 1602 1412 qui
1628 1345 1882 1410 temporis
1907 1341 2128 1410 hujusce

552 1443 818 1497 rationem
839 1441 1116 1511 spectatis,
1132 1454 1237 1493 non
1257 1447 1507 1492 auctores
1529 1436 1861 1499 schismatis,
1886 1436 2059 1489 luctus
2076 1444 2131 1489 et

554 1535 921 1605 lacrymarum
942 1533 995 1586 in
1018 1532 1278 1586 Ecclesils
1308 1544 1403 1585 vos
1428 1530 1709 1583 exhibere.
1739 1527 1857 1583 1am
1880 1530 1971 1598 qui
1996 1527 2131 1582 talia

2232 699 2422 770 καιρὸν
2450 697 2549 749 οὐκ
2583 697 2924 767 ἀπήντησαν
2982 696 3141 749 τοῦτο
3162 694 3271 766 γὰρ
3319 692 3631 766 γράφοντες
3659 692 3825 746 πάλιν

2231 791 2556 862 ἐδηλώσατε,
2595 789 2670 851 ὡς
2702 790 2809 861 ἄρα
2839 788 2945 841 ἔδει
2977 790 3143 858 ἡμᾶς,
3191 787 3581 858 σκοπήσαντας
3614 785 3708 838 τὸν
3733 786 3829 839 ἐπὶ

2229 887 2328 956 τῆς
2361 882 2500 954 ἐῴας
2529 882 2738 953 καιρὸν,
2777 882 2851 953 μὴ
2880 879 3287 952 προτρέψασθαι
3316 880 3462 950 ὑμᾶς
3484 877 3824 947 ἀπαντῆσαι.

2230 980 2294 1032 Εἰ
2326 979 2424 1049 μὲν
2450 972 2543 1030 οὖν
2579 977 2668 1030 διὰ
2712 975 2773 1028 τὸ
2810 974 3054 1029 τοιοῦτον
3080 972 3215 1028 εἶναι
3242 975 3334 1028 τὸν
3359 972 3554 1045 καιρὸν
3579 973 3684 1026 οὐκ
3719 972 3826 1025 ἀπ-

2230 1070 2521 1142 ηντήσατε,
2542 1068 2618 1131 ὡς
2648 1068 2805 1137 φατὲ,
2831 1066 2936 1120 ἔδει
2956 1066 3118 1138 προτὲ
3129 1064 3376 1137 ρους(70)
3395 1067 3562 1138 ὑμᾶς,
3581 1066 3678 1119 τὸν
3708 1082 3828 1120 και-

2235 1164 2327 1234 ρὸν
2354 1160 2543 1214 τοῦτον
2570 1162 2973 1231 σκοπήσαντας,
3018 1160 3093 1230 μὴ
3124 1160 3329 1223 αἰτίους
3360 1159 3687 1230 σχίσματος,
3724 1175 3831 1229 μη-

2231 1255 2287 1308 δὲ
2311 1254 2571 1324 ὀλολυγῆς
2592 1254 2686 1307 καὶ
2702 1252 2914 1323 θρήνων
2936 1254 2992 1305 ὲν
3013 1255 3132 1315 ταῖς
3162 1251 3511 1322 Ἑκκλησίαις
3533 1249 3794 1319 γενέσθαι
3808 1289 3829 1307 ο

2234 1345 2348 1398 Νῦν
2381 1345 2437 1398 δὲ
2469 1348 2517 1397 οἱ
2546 1344 2719 1397 ταῦτα
2750 1344 3109 1416 πεποιηκότες
3152 1344 3361 1410 ἔδειξαν
3388 1344 3463 1416 μὴ
3494 1343 3589 1397 τὸν
3637 1342 3832 1414 καιρὸν

2238 1436 2427 1500 αἴτιον,
2476 1438 2613 1490 ἀλλὰ
2642 1438 2742 1509 τὴν
2803 1436 3123 1508 προαίρεσιν
3185 1436 3293 1491 τῶν
3354 1437 3429 1508 μὴ
3480 1434 3832 1507 θελησάντων

2238 1529 2571 1601 ἀπαντῆσαι.

570 1634 825 1693 egerunt,
857 1624 1190 1688 indicarunt,
1216 1636 1320 1677 non
1346 1621 1605 1692 temporis
1626 1622 1990 1677 conditionem
2026 1620 2254 1688 hujusce
2282 1628 2357 1680 rei
2387 1640 2606 1678 causam
2629 1638 2767 1687 esse,
2788 1625 2880 1679 sed
2906 1624 3163 1679 accedere
3185 1621 3484 1677 nolentium
3511 1621 3829 1676 consilium.

631 1715 789 1789 115
821 1714 914 1769 26.
948 1710 1116 1767 Miror
1145 1721 1325 1765 autem
1358 1711 1499 1764 hanc
1522 1709 1765 1780 epistola:
1792 1717 1985 1762 vestra:
2008 1723 2133 1777 par-

2309 1713 2399 1765 26.
2430 1710 2709 1782 Θαυμάζω
2758 1712 2813 1765 δὲ
2850 1713 3066 1765 κάκεῖνο
3092 1712 3153 1763 τὸ
3182 1710 3346 1781 μέρος
3384 1710 3485 1781 τῆς
3514 1710 3833 1780 ἐπιστολῆς,

556 1818 708 1873 tem,
736 1822 842 1877 qua
892 1805 979 1859 vel
1008 1801 1246 1858 scribere
1291 1800 1410 1854 ausi
1449 1800 1583 1855 estis
1607 1838 1622 1865 ,
1684 1814 1769 1853 me
1796 1800 1970 1855 solum
2002 1799 2132 1854 solis

506 1918 507 1921 η
556 1896 899 1961 Eusebianis,
938 1902 993 1951 et
1040 1908 1149 1948 non
1187 1891 1437 1949 omnibus
1477 1890 1632 1946 vobis
1677 1890 1983 1960 scripsisse.
2032 1890 2135 1946 Le-

555 1992 778 2046 vitatem
802 1988 947 2044 enim
977 1986 1160 2057 potius
1190 2000 1350 2054 quam
1382 1986 1668 2039 veritatem
1699 1983 1753 2037 in
1784 1984 2134 2053 expostulan-

560 2084 703 2138 tibus
743 2079 988 2135 iuvenire
1020 2086 1125 2132 est.
1170 2076 1299 2131 Mihi
1329 2076 1477 2130 enim
1508 2076 1602 2144 qui
1644 2090 1751 2130 non
1796 2074 2016 2130 aliunde
2049 2076 2135 2129 lit-

557 2186 705 2232 teras
730 2180 920 2229 contra
940 2168 1303 2226 Athanasium
1337 2168 1700 2237 accepissem,
1731 2182 1893 2238 quam
1926 2181 1958 2221 a
1987 2166 2132 2221 Mar-

558 2264 701 2338 tyrio
720 2272 778 2319 et
801 2261 1093 2333 Hesychia,
1122 2274 1347 2315 necesse
1392 2257 1493 2313 fuit
1525 2258 1630 2313 illis
1659 2258 1751 2327 qui
1787 2266 1978 2312 contra
2008 2271 2134 2312 eum

559 2358 892 2428 scripserant
925 2352 1280 2423 respondere.
1317 2350 1571 2421 Oportuit
1614 2351 1782 2421 igitur
1819 2359 1913 2404 aut
1958 2350 2130 2405 Euse-

558 2449 751 2504 bianos
786 2461 897 2501 non
932 2445 1076 2500 solos
1104 2485 1119 2510 ,
1169 2443 1375 2513 absque
1420 2442 1573 2499 vobis
1604 2444 1891 2508 omnibus,
1928 2444 2135 2499 scribe-

559 2556 656 2608 re;
684 2547 777 2593 aut
802 2552 922 2603 vos,
947 2536 1145 2606 quibus
1170 2551 1276 2590 non
1304 2535 1524 2607 scripsi,
1561 2550 1667 2590 non
1716 2536 1942 2590 moleste
1992 2534 2137 2591 ferre

561 2632 609 2687 si
653 2630 761 2685 illis
785 2629 1109 2699 rescriptum
1139 2628 1211 2683 sit
1259 2628 1347 2697 qui
1401 2628 1532 2682 mihi
1585 2612 1939 2698 scripserant.
1999 2627 2135 2681 Nam

561 2726 610 2781 si
658 2722 841 2778 decuit
868 2720 1123 2792 epistolas
1157 2720 1223 2776 ad
1266 2734 1365 2776 vos
1412 2735 1603 2777 omnes
1663 2721 1804 2775 mitti
1834 2762 1850 2788 ,
1895 2736 1993 2789 par
2037 2720 2139 2775 fuit

562 2815 726 2873 etiam
770 2828 867 2870 vos
913 2828 1020 2869 una
1059 2828 1181 2869 cum
1240 2812 1347 2868 illis
1395 2814 1704 2884 scripsisse.
1740 2812 1894 2867 Nunc
1948 2822 2131 2867 autem

564 2907 708 2980 quod
762 2921 1057 2977 congruum
1110 2913 1226 2961 erat
1261 2914 1611 2975 spectantes,
1666 2904 1770 2959 illis
1820 2904 2138 2975 scripsimus

558 3003 655 3075 qui
692 3016 799 3057 nos
838 3000 1099 3056 certiores
1146 2999 1529 3062 reddiderant,
1575 3007 1628 3053 et
1672 2998 1880 3054 litteras
1920 2999 1988 3053 ad
2040 3012 2138 3051 nos

2234 1805 2351 1867 πῶς
2379 1805 2515 1868 ὅλως
2548 1805 2655 1859 κᾶν
2691 1804 2906 1877 ἐγράφη
2952 1804 3082 1875 παρ’
3126 1803 3299 1874 ὑμῶν,
3324 1802 3414 1855 ’ὅτι
3458 1802 3523 1873 δὴ
3556 1804 3675 1865 τοῖς
3706 1804 3834 1873 περὶ

2235 1895 2492 1948 Εὐσέϐιον
2527 1896 2705 1966 μόνοις
2737 1896 2870 1966 (7|),
2902 1897 2995 1948 καὶ
3017 1895 3077 1947 οὐ
3115 1896 3279 1947 πᾶσιν
3310 1894 3438 1964 ὑμῖν
3477 1894 3643 1964 μόνος
3669 1893 3835 1964 ἔγρα-

2234 1986 2329 2057 ψα.
2362 1987 2663 2061 Εὑχέρειαν
2711 1989 2818 2059 γὰρ
2848 1988 2955 2041 τῶν
2999 1986 3369 2058 μεμψαμένων
3406 1985 3611 2057 μᾶλλον
3663 1986 3729 2039 ἄν
3752 2003 3838 2049 τις

2235 2079 2387 2151 εὖροι
2411 2080 2556 2149 ἤπερ
2610 2077 2886 2148 ἀλήθειαν.
2932 2076 3071 2146 Ἐγὼ
3108 2076 3236 2149 γὰρ,
3270 2077 3369 2129 οὐκ
3398 2076 3623 2130 ἄλλοθεν
3653 2076 3838 2129 λαϐὼν

2235 2170 2377 2225 κατὰ
2423 2169 2737 2222 Ἀθανασίον
2764 2170 3065 2240 γράμματα
3114 2170 3147 2240 ἢ
3173 2168 3261 2222 διὰ
3286 2168 3393 2221 τῶν
3424 2170 3555 2240 περὶ
3610 2168 3839 2240 Magni-

2241 2281 2353 2337 ριον
2386 2264 2480 2316 καὶ
2522 2261 2793 2333 Ἦσύχιον,
2824 2262 3052 2325 ἐκείνοις
3080 2261 3295 2335 ἀνάγκῃ
3330 2261 3549 2333 ἔγραψα
3594 2263 3710 2324 τοῖς
3744 2261 3841 2315 καὶ

2236 2355 2477 2427 γράψασι
2508 2358 2629 2408 κατ’
2657 2354 2846 2407 αὑτοῦ.
2888 2355 3033 2407 Ἔδει
3060 2354 3296 2425 τοίνυνῆ
3332 2355 3461 2416 τοὺς
3500 2353 3632 2426 περὶ
3666 2354 3839 2406 Εὐσέ-

2238 2449 2353 2502 6ιον
2390 2449 2463 2519 μὴ
2488 2448 2681 2519 μόνους
2715 2448 2881 2519 χωρὶς
2905 2448 3117 2500 πάντων
3147 2446 3302 2517 ὑμῶν
3334 2445 3570 2519 γράψαι,
3603 2446 3637 2516 ἢ
3666 2447 3837 2517 ὑμᾶς,

2236 2535 2317 2603 οἷς
2352 2540 2425 2612 μὴ
2477 2540 2712 2611 ἔγραψα,
2764 2538 2838 2611 μὴ
2891 2538 3196 2602 λυπεῖσθαι,
3256 2538 3304 2590 εἰ
3342 2538 3577 2601 ἐκείνοις
3620 2538 3841 2610 ἐγράφη

2237 2636 2348 2697 τοῖς
2392 2633 2485 2686 καὶ
2534 2631 2827 2703 γράψασιν.
2867 2632 2928 2683 Εἰ
2970 2630 3081 2702 γὰρ
3134 2630 3302 2701 ἐχρῆν
3358 2632 3454 2684 καὶ
3484 2632 3658 2683 πᾶσιν
3708 2631 3841 2701 ὑμῖν

2238 2725 2559 2789 ἐπιστεῖλαι,
2598 2724 2702 2777 ἔδει
2732 2725 2824 2776 καὶ
2859 2724 3003 2793 ὑμᾶς
3037 2724 3133 2775 σὺν
3174 2723 3404 2786 ἐκείνοις
3438 2722 3676 2793 γράψαι.
3721 2721 3842 2775 Νὖν

2236 2818 2313 2882 δὲ,
2371 2818 2432 2871 τὸ
2488 2815 2776 2871 ἀκόλουθον
2822 2814 3169 2879 σκοποῦντες,
3226 2816 3455 2878 ἐκείνοις
3513 2814 3840 2886 ἐγράψαμεν

2239 2916 2350 2975 τοῖς
2377 2912 2467 2964 καὶ
2491 2909 2793 2981 δηλώσας-ιν
2848 2910 2998 2980 ἡμῖν,
3023 2909 3113 2961 καὶ
3144 2911 3257 2971 τοῖς
3290 2907 3650 2960 ἁποστείλασι
3702 2906 3841 2978 πρὸς

2238 3006 2404 3074 ἡμᾶς,
2435 3005 2495 3056 Ei
2514 3003 2570 3056 δέ
2595 3001 2686 3055 καὶ
2706 3002 2765 3054 τὸ
2797 3002 2953 3072 μόνον
2975 3002 3071 3071 ἐμὲ
3096 3000 3431 3073 γεγραφέναι
3464 3000 3698 3062 ἐκείνοις
3725 2996 3840 3050 Ext-

559 3096 844 3151 miserant.
894 3092 1046 3160 Quod
1072 3090 1117 3146 si
1162 3090 1291 3145 illud
1316 3106 1413 3145 vos
1467 3092 1761 3145 commovit
1801 3091 1946 3160 quod
1994 3090 2139 3145 solus

2246 3115 2406 3167 νησεν
2454 3098 2617 3167 ὑμᾶς,
2662 3094 2953 3147 ἀκόλουθόν
3007 3095 3152 3147 ἐστιν
3188 3095 3331 3162 ὑμᾶς
3369 3094 3720 3160 ἀγανακτεῖν,
3754 3091 3843 3143 ὅτι

562 3187 922 3259 scripserim;
959 3200 1059 3255 par
1090 3194 1172 3239 est
1199 3199 1296 3237 vos
1328 3184 1490 3239 etiam
1536 3182 1807 3252 indignari
1839 3226 1853 3250 ,
1888 3185 2029 3251 quod
2063 3182 2140 3237 illi

566 3281 698 3335 inihi
723 3279 821 3334 soli
852 3278 1193 3348 scripserint.
1227 3276 1334 3333 Sed
1373 3277 1425 3330 in
1454 3275 1556 3329 hoc
1587 3291 1803 3344 quoque
1837 3275 1991 3330 adest
2019 3290 2141 3344 pro-

563 3372 761 3428 babilis
800 3380 853 3427 et
870 3371 1016 3439 justa
1040 3384 1204 3424 causa
1235 3410 1249 3435 ,
1283 3368 1642 3424 dilectissimi.
1668 3372 1919 3421 Attamen
1952 3382 2143 3421 neces-

565 3480 691 3522 sum
722 3474 807 3519 est
842 3462 997 3517 vobis
1028 3461 1356 3533 signiﬁcare,
1382 3460 1595 3514 etiamsi
1625 3459 1771 3513 solus
1801 3459 2141 3529 scripserim,

568 3572 678 3611 non
710 3555 831 3610 ideo
864 3553 967 3608 mei
1001 3552 1173 3607 solius
1202 3566 1324 3607 esse
1369 3550 1512 3604 illam
1562 3551 1885 3605 sententiam
1914 3590 1928 3614 ,
1959 3550 2053 3605 sed
2091 3560 2145 3604 et

569 3647 813 3701 omnium
844 3645 937 3715 qui
965 3645 1017 3699 in
1056 3644 1207 3699 [talia
1259 3652 1421 3709 sunt,
1453 3652 1507 3697 et
1551 3643 1641 3711 qui
1685 3642 1740 3696 in
1779 3642 1865 3697 his
1896 3643 2143 3712 partibus

564 3738 774 3807 degunt
803 3736 1204 3805 episc0porum.
1241 3735 1307 3788 Et
1365 3748 1465 3800 ego
1512 3733 1729 3803 quidem
1789 3748 1895 3787 non
1954 3748 2146 3787 omnes

569 3827 714 3881 volui
745 3826 815 3880 ad
846 3825 1190 3879 scribendum
1222 3823 1480 3877 inducere
1506 3863 1520 3887 ,
1555 3838 1623 3876 nc
1667 3823 2039 3891 complurimis
2092 3822 2145 3876 id

571 3919 940 3986 importunum
970 3915 1128 3968 foret.
1157 3914 1316 3969 Certe
1339 3914 1450 3983 jam
1481 3914 1547 3967 ad
1578 3914 1899 3983 praeﬁnitum
1931 3924 2145 3983 tempus

569 4007 811 4078 episcopi
846 4020 1175 4070 convenere,
1197 4015 1252 4060 et
1287 4006 1530 4075 ejusdem
1584 4007 1868 4061 sententiae
1900 4007 2144 4073 fuerunt,

572 4115 733 4169 quam
784 4098 961 4152 denuo
988 4097 1070 4151 his
1108 4097 1310 4153 litteris
1360 4097 1511 4152 vobis
1568 4097 1867 4167 signiﬁco:
1912 4113 2147 4168 quapro-

571 4202 711 4261 pter,
739 4190 918 4246 dilecti
950 4229 966 4255 ,
1008 4189 1222 4244 etiamsi
1252 4188 1401 4244 solus
1433 4188 1651 4253 scribo,
1694 4190 1933 4244 omnium
1962 4197 2144 4244 tamen

569 4286 713 4339 hanc
760 4298 884 4339 esse
934 4283 1255 4338 sententiam
1310 4283 1607 4353 agnoscite.
1656 4282 1722 4335 Et
1777 4282 1890 4337 haec
1930 4282 2143 4350 quidem

568 4370 705 4425 satis
744 4370 858 4425 sint
886 4369 957 4424 ad
984 4370 1467 4426 demonstrandum
1492 4413 1507 4437 ,
1550 4371 1813 4439 quosdam
1861 4385 1928 4424 ex
1966 4371 2141 4433 vobis,

567 4478 675 4519 non
721 4478 936 4534 aquas,
973 4464 1066 4520 sed
1124 4463 1358 4534 injustas
1395 4476 1450 4518 et
1488 4472 1771 4532 suspectas
1817 4476 2012 4518 causas
2050 4464 2146 4518 af-
2175 4442 2223 4501 D

567 4557 732 4613 ferre.

636 4651 729 4705 ΞΤ.
762 4649 916 4717 Quod
946 4660 1125 4706 autem
1156 4666 1261 4705 non
1313 4659 1518 4705 temere
1586 4648 1668 4703 vel
1717 4647 1917 4717 injuste
1960 4648 2144 4716 coepi-

572 4758 765 4814 scopos
797 4753 1014 4798 nostros
1039 4743 1394 4797 Athanasium
1424 4752 1479 4796 et
1518 4740 1834 4797 Marcellum
1884 4743 1950 4795 ad
1991 4755 2143 4795 com-

572 4836 882 4890 munionem
914 4836 1314 4906 susceperimus
1342 4876 1355 4899 ,
1385 4836 1599 4889 tametsi
1631 4851 1697 4890 ex
1728 4834 2053 4903 supradictis
2086 4834 2137 4889 id

573 4926 707 4982 satis
736 4927 951 4996 planum
985 4937 1067 4981 est
1104 4946 1119 4982 :
1160 4942 1339 4998 operte
1371 4930 1600 4998 pretium
1658 4938 1836 4983 tamen
1874 4926 2038 4982 fuerit
2085 4936 2146 4981 ut

572 5019 761 5088 paucis
802 5018 983 5074 verbis
1032 5020 1159 5075 illud
1192 5022 1343 5076 vobis
1377 5022 1800 5075 demonstretur.
1837 5018 2147 5088 Scripserat

565 5110 681 5184 jam
719 5119 876 5165 antea
926 5110 1186 5167 Eusebius
1212 5125 1399 5168 contra
1428 5114 1784 5167 Athanasium
1816 5128 1830 5177 ;
1868 5128 1965 5167 vos
2014 5127 2147 5181 quo-

645 5293 754 5364 (70)
784 5292 875 5349 Sic
901 5295 1030 5366 Reg.
1067 5306 1120 5352 et
1146 5296 1269 5351 Bas.
1295 5295 1433 5350 Editi
1463 5309 1590 5349 vero
1618 5304 1813 5364 prazter
1842 5293 1984 5358 Col.,
2016 5312 2150 5364 προ-

567 5382 753 5436 τερον,
789 5367 1066 5422 mendose.

638 5435 752 5507 (7t)
774 5437 847 5489 De
867 5437 980 5491 solo
1013 5437 1244 5492 Eusebio
1277 5435 1475 5490 Julium
1497 5436 1587 5491 hic
1612 5451 1917 5491 sermonem
1950 5437 2152 5490 habere

574 5506 716 5561 forte
736 5506 859 5576 quis
878 5508 1098 5575 putarit,
1127 5524 1251 5561 nam
1285 5508 1330 5561 is
1346 5506 1493 5561 solus
1523 5507 1805 5576 scripsisse
1840 5507 2039 5559 dicitur
2064 5521 2151 5559 su-

569 5591 837 5651 praltum.
926 5576 1069 5633 Sane
1092 5578 1224 5651 illud
1247 5580 1294 5631 oi
1330 5578 1457 5651 περὶ
1478 5576 1764 5651 Εὐσέϐιον,
1780 5576 2149 5651 quodpassim

572 5644 640 5700 de
672 5644 907 5702 Eusebio
960 5663 1081 5703 cum
1115 5649 1299 5711 sociis,
1331 5644 1417 5703 vel
1460 5648 1527 5702 de
1571 5644 1891 5702 Eusebia’uis
1919 5646 2142 5708 dicitur,

573 5730 960 5793 nonnunquam
987 5719 1053 5772 de
1085 5718 1199 5775 solo
1228 5719 1463 5775 Eusebio
1496 5719 1722 5787 intelligi
1752 5717 1986 5769 videtur.
2037 5717 2141 5772 Res

570 5784 662 5840 hic
688 5785 740 5838 in
769 5784 930 5843 dubio
961 5801 1225 5843 versatur.

594 5921 601 5927 .
641 5854 755 5927 (72)
804 5856 895 5911 Sic
939 5874 1125 5911 omnes
1178 5876 1299 5913 cum
1336 5860 1467 5915 editi
1516 5868 1626 5913 tum
1670 5872 1825 5921 mss.,
1853 5859 1947 5912 sed
2001 5857 2143 5911 hami

576 5925 735 5979 uuuie
762 5926 1044 5996 legendum
1071 5930 1168 5981 οὑκ
1208 5929 1421 6000 ἄλογος,
1454 5946 1560 6001 quo
1600 5932 1727 5983 item
1760 5930 1918 5985 modo
1951 5929 2146 5998 legisse

2245 3188 2337 3241 καὶ
2365 3187 2508 3257 μόνῳ
2539 3187 2660 3257 ἐμοὶ
2701 3184 2964 3257 ἔγραψαν.
3004 3184 3161 3236 Ἀλλὰ
3195 3186 3289 3237 καὶ
3319 3186 3376 3237 ἐν
3419 3184 3600 3255 τούτῳ
3635 3184 3841 3257 πιθανὴ

2248 3281 2346 3351 μὲν
2364 3279 2457 3332 καὶ
2478 3278 2577 3329 οὐκ
2603 3276 2821 3344 εὔλογος
2845 3275 2954 3345 (72)
2976 3276 3008 3345 ή
3032 3276 3325 3345 πρόφασις,
3354 3274 3667 3345 ἀγαπητοίο
3691 3274 3842 3344 ὅμως

2243 3372 2300 3425 δὲ
2336 3370 2599 3440 γνωρίσαι
2630 3368 2760 3438 ὑμῖν
2798 3369 3111 3435 ἀναγκαῖον,
3135 3368 3237 3433 ὅτι,
3266 3368 3315 3418 εἰ
3354 3365 3450 3417 καὶ
3476 3365 3643 3436 μόνος
3672 3366 3843 3436 ἐγραο

2244 3463 2341 3532 ψα,
2376 3462 2488 3515 ἀλλ’
2518 3462 2616 3514 οὐκ
2646 3460 2779 3532 ἐμοῦ
2815 3460 2973 3530 μόνου
3016 3459 3163 3512 ἐστὶν
3209 3457 3348 3529 αὕτη
3379 3460 3413 3530 ἡ
3451 3458 3676 3530 γνώμη,
3704 3460 3845 3514 ἀλλὰ

2246 3555 2337 3608 καὶ
2370 3556 2587 3607 πάντων
2627 3552 2735 3604 τῶν
2767 3552 2906 3606 κατὰ
2946 3550 3043 3621 τὴν
3083 3550 3333 3614 Ἰταλίαν,
3369 3552 3467 3603 καὶ
3496 3551 3609 3604 τῶν
3640 3554 3697 3604 ἐν
3720 3552 3844 3606 τοῦ-

2245 3661 2358 3706 τοις
2398 3648 2509 3708 τοῖς
2543 3645 2766 3715 μέρεσιν
2798 3644 3130 3696 ἐπισκόπων.
3168 3643 3279 3695 Καὶ
3315 3642 3494 3711 ἔγωγε
3538 3647 3670 3708 τοὺς
3703 3644 3842 3697 πάν-

2246 3749 2343 3795 τας
2370 3733 2469 3785 οὐκ
2497 3733 2737 3803 ἠθέλησα
2785 3734 3005 3803 ποιῆσαι
3044 3731 3272 3803 γράψαι,
3300 3733 3386 3786 ἵνα
3410 3734 3487 3804 μὴ
3520 3736 3677 3806 παρὰ
3710 3734 3841 3787 πολ-

2246 3824 2352 3876 λῶν
2382 3824 2441 3877 τὸ
2481 3824 2645 3895 βάρος
2680 3824 2894 3893 ἔχωσιν.
2943 3823 3155 3895 ’Λμέλει
3199 3825 3294 3877 καὶ
3327 3824 3423 3877 νῦν
3460 3828 3527 3896 τῇ
3559 3826 3843 3898 όρισθείσῃ

2248 3916 2555 3987 προθεσμίᾳ
2590 3916 2849 3987 συνῆλθον
2880 3918 3185 3979 ἐπίσκοποι,
3220 3918 3312 3970 καὶ
3331 3916 3541 3988 ταύτης
3572 3920 3673 3990 τῆς
3700 3918 3842 3987 γνὼ-

2251 4027 2358 4080 μης
2417 4009 2723 4077 γεγόνασιν,
2780 4011 2846 4079 ἦν
2880 4009 3038 4062 πάλιν
3090 4009 3317 4081 γράφων
3364 4010 3496 4079 ὑμῖν
3545 4012 3839 4081 σημαίνω.

2248 4099 2408 4163 ὥστε,
2444 4102 2738 4173 ἀγαπητοὶ,
2770 4104 2816 4155 εἰ
2851 4104 2945 4155 καὶ
2981 4103 3137 4173 μόνος
3168 4102 3491 4167 ἐπιστέλλω,
3529 4104 3670 4157 ἀλλὰ
3710 4105 3842 4158 πάν-

2245 4211 2353 4246 των
2388 4193 2610 4263 γνώμην
2635 4194 2745 4264 (75)
2777 4195 2977 4265 ταύτην
3010 4190 3143 4247 εἶναι
3167 4193 3488 4263 γινώσκετε.
3524 4197 3717 4250 Ταῦτα
3742 4196 3843 4267 μὲν

2246 4282 2338 4339 οὖν
2384 4287 2512 4361 περὶ
2567 4286 2662 4339 τοῦ
2713 4286 2786 4357 μὴ
2847 4288 3081 4355 εὐλόγως
3124 4287 3275 4350 τινάς
3304 4286 3363 4351 ἐξ
3415 4288 3577 4359 ὑμῶν
3625 4288 3842 4360 προφά-

2250 4393 2383 4440 σεις,
2406 4376 2541 4429 ἀλλὰ
2562 4376 2779 4439 ἀδίκους
2812 4379 2904 4430 καὶ
2933 4377 3229 4441 ὑπόπτους,
3265 4377 3626 4448 πορίσασθαι.

2322 4648 2412 4701 27.
2451 4648 2585 4717 Περὶ
2615 4647 2671 4701 δὲ
2708 4647 2800 4701 τοῦ
2848 4649 2922 4719 μὴ
2973 4648 3212 4720 εὐχερῶς
3262 4648 3394 4718 μηδὲ
3442 4649 3653 4715 ἀδίκως
3701 4652 3843 4723 ἡμᾶς

2254 4740 2600 4809 ὑποδεδέχθαι
2629 4742 2709 4807 εἰς
2752 4741 3033 4794 κοινωνίαν
3062 4744 3187 4805 τοὺς
3206 4741 3666 4814 ,συνεπισκόπους
3688 4744 3841 4814 ἡμῶν

2259 4834 2571 4887 Ἀθανάσιον
2759 4833 3094 4904 Μάρκελλον,
3144 4836 3191 4887 εἰ
3221 4810 3313 4886 Qad
3345 4833 3415 4887 τὰ
3474 4810 3844 4905 πφλεχθέντα

2255 4929 2433 4991 ἱκανὰ,
2458 4930 2606 4991 ὅμως
2628 4926 2713 4978 διὰ
2743 4924 2988 4997 βραχέων
3006 4918 3224 4997 ἐὔλογον
3252 4928 3379 4998 ὑμῖν
3405 4927 3602 4992 δεῖξαι.
3644 4930 3845 4997 Ἔγρα..

2252 5020 2359 5090 ψαν
2395 5020 2502 5088 (74)
2548 5020 2596 5071 οἱ
2654 5018 2782 5087 περ)⁴
2823 5018 3077 5073 Εὑσέϐιον
3114 5020 3375 5092 πρότερον
3405 5023 3551 5077 κατὰ
3578 5024 3691 5077 τῶν
3721 5023 3844 5094 πρὶ

2268 5111 2611 5165 Ἀθανάσιον·
2654 5110 2929 5182 ἐγράψατε
2962 5111 3018 5164 δὲ
3071 5112 3161 5164 καὶ
3207 5111 3301 5165 νῦν
3335 5113 3530 5183 ὑμεῖς’
3596 5115 3842 5186 ἔγραψαν

2260 5294 2478 5368 videtur
2500 5292 2741 5368 Nannius
2773 5296 2863 5365 qui
2900 5296 3084 5368 vertit,
3115 5312 3294 5368 verum
3325 5298 3379 5350 in
3413 5297 3513 5368 Itoc
3556 5300 3675 5367 ipsa
3695 5300 3846 5368 juxta

2256 5377 2300 5418 et
2320 5366 2645 5418 rationabilis
2660 5383 2820 5419 causa
2851 5376 2947 5418 est.
2978 5365 3106 5431 Quae
3130 5366 3223 5418 τοῦ
3256 5368 3291 5418 ἁ
3319 5369 3371 5420 in
3400 5367 3461 5418 εὐ
3490 5365 3848 5423 commutatio

2257 5436 2395 5503 apud
2446 5437 2798 5488 Athanasium
2867 5436 3003 5487 alias
3074 5438 3359 5503 reperitur,
3418 5440 3841 5491 amanuensium

2258 5521 2448 5574 nempe
2484 5506 2611 5560 vitio
2656 5507 2894 5559 inducta.
2921 5506 3013 5559 Sic
3043 5506 3211 5571 Epist.
3235 5507 3301 5559 ad
3331 5506 3495 5562 Solit.
3524 5509 3852 5561 εὐσεϐέστα-

2255 5594 2343 5639 τος
2373 5576 2821 5648 quandoquepro
2851 5576 3213 5648 ἀσεᾷέστατος
3248 5576 3468 5645 legitur.
3502 5578 3676 5634 Paulo
3700 5589 3843 5648 post,

2255 5649 2287 5716 ἡ
2326 5658 2448 5699 ante
2473 5645 2665 5716 γνώμη
2688 5646 2841 5700 deest
2866 5648 2916 5699 in
2956 5646 3091 5715 Reg.

2327 5716 2441 5787 (73)
2487 5717 2577 5771 Sic
2628 5715 2916 5787 RegsAlii
2952 5731 3081 5787 vero
3136 5732 3255 5770 (‘Itln
3309 5718 3493 5781 editis,
3533 5715 3673 5773 εἶναι
3707 5716 3850 5787 τνὼο

2253 5785 2387 5911 μόην,
2440 5788 2642 5841 omisso
2696 5785 2917 5856 ταύτην.
2971 5786 3091 5842 Mox
3137 5788 3371 5844 fortasse
3412 5785 3853 5861 legendum'et‘to

2254 5876 2281 5910 Λ
2316 5875 2459 5911 γους.

2254 5875 2459 5920 Λόγους.

2480 5930 2608 5999 Reg.
2636 5938 2688 5982 et
2721 5927 2905 5991 Basil.,
2949 5928 3247 5999 ἐγράψατε.
