4006 6500
213 492 307 562 293

1258 486 1609 559 .APOLOGIA
1647 502 1923 559 CONTRA
1955 503 2274 560 ARIANOS.

3293 496 3407 556 396

213 616 261 671 δὲ
289 612 374 669 καὶ
400 613 637 666 πλεῖστοι
689 610 971 664 ἐπίσκοποι
1009 610 1118 666 ἀπὸ
1146 612 1245 683 τῆς
1272 615 1547 682 Αἰγύπτου
1574 615 1667 667 καὶ
1692 615 1750 679 ἐξ

1859 628 1955 684 que
2002 614 2113 682 jam
2155 614 2364 668 litteras
2393 612 2615 668 misistis
2647 630 2663 667 :
2699 612 2965 682 scripsere
2995 625 3209 683 quoque
3253 626 3403 668 com-

214 710 363 765 ἄλλων
390 704 664 776 ἐπαρχιῶν
696 704 834 777 ὑπὲρ
876 705 1208 759 Ἀθανασίου.
1252 706 1473 778 Πρῶτον
1519 708 1615 777 μὲν
1654 704 1745 762 οὖν

212 800 270 852 τὰ
305 797 417 849 κατ’
450 793 612 847 αὑτοῦ
658 794 956 865 γράμματα
996 796 1123 865 παρ’
1164 795 1315 864 ὑμῶν
1355 796 1583 865 μάχεται
1612 796 1747 867 πρὸς

211 887 372 951 ἑαυτὰ,
393 885 484 939 καὶ
505 885 760 956 οὐδεμίαν
784 886 1096 955 συμφωνίαν
1126 885 1238 955 ἔχει
1259 886 1325 938 τά
1355 887 1582 957 δεύτερα
1613 888 1747 957 πρὸς

207 980 264 1033 τὰ
290 977 489 1050 πρῶτα,
522 977 637 1030 ἀλλ’
666 979 723 1031 ἐν
743 977 953 1040 πολλοῖς
984 978 1051 1031 τά
1082 978 1273 1050 πρῶτα
1306 979 1409 1031 ὑπὸ
1432 980 1538 1031 τῶν
1569 978 1749 1032 δευτέ-

209 1089 300 1142 ρων
327 1070 527 1133 λύεται,
558 1070 653 1122 καὶ¹
674 1070 741 1122 τὰ
761 1069 983 1140 δεύτερα
1014 1070 1117 1123 ὑπὸ
1140 1071 1247 1123 τῶν
1278 1069 1507 1141 πρώτων
1532 1070 1748 1124 διαϐάλο

205 1162 363 1216 λεται’
397 1161 738 1233 ἀσυμφώνων
772 1162 829 1215 δὲ
857 1162 1025 1215 ὄντων
1054 1163 1160 1215 τῶν
1195 1164 1557 1236 γραμμάτων,
1600 1164 1748 1217 οὐδε-

206 1255 289 1325 μία
317 1255 491 1317 πίστις
545 1254 814 1324 περὶτῶν
869 1254 1171 1325 λεγομένων
1201 1255 1385 1316 ὲστίν,’
1438 1255 1647 1319 ἔπειτα,
1700 1256 1748 1308 εί

204 1349 298 1409 τοῖς
320 1346 442 1418 παρ’
474 1345 503 1397 ὑ
513 1343 631 1414 μῶν
661 1348 947 1414 γραφεῖσιν
968 1344 1180 1411 ἀξιοῦτε
1207 1346 1500 1410 πιστεύειν,
1528 1346 1751 1399 ἀκόλου-

210 1436 282 1489 θόν
307 1438 414 1487 ἐστι
442 1436 539 1489 καὶ
560 1438 672 1499 τοῖς
695 1435 834 1506 ὑπὲρ
857 1435 1017 1487 αὐτοῦ
1041 1437 1281 1506 γράψασι
1315 1437 1387 1507 μὴ
1415 1436 1711 1506 ἀπιστῆσαι
1730 1453 1744 1465 ·

208 1529 285 1584 καὶ
319 1528 549 1598 μάλιστα
580 1529 661 1581 ὅτι
687 1529 843 1597 ὑμεῖς
895 1530 991 1598 μὲν
1022 1528 1321 1599 πόρρωθεν,
1356 1530 1549 1581 ἐκεῖνοι
1607 1529 1664 1581 δὲ
1692 1530 1749 1580 ἐν

204 1621 296 1680 τοῖς
324 1618 505 1680 τόποις
530 1617 704 1679 ὄντες,
741 1618 831 1669 καὶ
864 1618 1061 1680 εἰδότες
1081 1618 1171 1670 τὸν
1202 1618 1387 1688 ἄνδρα,
1424 1619 1517 1670 καὶ
1550 1617 1617 1670 τὰ
1637 1620 1752 1670 ἐκεῖ

203 1710 432 1778 γινόμενα
459 1708 765 1779 πράγματα
809 1709 1096 1779 γράφουσι,
1137 1710 1538 1781 μαρτυροῦντες
1588 1710 1749 1762 αὐτοῦ

201 1800 263 1872 τῷ
292 1800 387 1870 βίῳ
417 1800 555 1870 (75),
614 1800 709 1853 καὶ
764 1799 1226 1870 διαϐεϐαιούμενοι
1278 1801 1336 1851 ἐν
1382 1802 1544 1853 πᾶσιν
1590 1800 1751 1852 αὐτὸν

1848 705 2030 774 plures
2055 704 2291 773 episcopi
2320 718 2387 758 ex
2412 703 2644 774 Egypto
2672 712 2726 757 et
2754 721 2822 758 ex
2852 703 2970 757 aliis
2994 704 3286 772 provinciis
3303 718 3403 773 pro

1845 794 2165 847 Athanasio.
2200 794 2382 847 Primo
2439 792 2605 863 igitur
2649 792 3042 848 observandum
3069 803 3282 847 vestras
3305 794 3405 847 ad-

1846 899 2034 939 versus
2062 884 2207 938 illum
2248 884 2459 939 litteras
2486 924 2501 949 ,
2542 887 2682 939 inter
2712 901 2769 940 se
2814 900 3072 955 pugnare,
3108 895 3162 940 et
3198 887 3407 955 priores

1848 990 1969 1030 cum
2000 976 2252 1030 secundis
2285 976 2591 1031 nullatenus
2624 978 2970 1032 consentire:
3013 978 3106 1032 sed
3138 978 3191 1031 in
3223 978 3409 1033 multis

1846 1068 2035 1137 prima:
2081 1082 2111 1120 a
2158 1068 2407 1121 secundis
2439 1068 2806 1133 confutantur,
2854 1079 2909 1123 et
2956 1070 3204 1124 secundas
3233 1085 3263 1123 a
3295 1069 3409 1138 pri-

1848 1159 1953 1212 mis
2002 1158 2121 1212 falsi
2174 1167 2493 1229 arguuntur.
2523 1159 2655 1214 Cum
2698 1171 2881 1214 autem
2932 1160 3127 1215 littera:
3177 1161 3320 1216 inter
3351 1176 3412 1216 se

1849 1262 1955 1301 non
1989 1249 2363 1315 consentiant,
2392 1248 2537 1303 nulla
2562 1264 2691 1303 sane
2727 1251 2858 1306 fides
2884 1266 3068 1305 earum
3119 1252 3280 1307 dictis
3315 1253 3412 1307 ha-

1850 1338 2063 1393 beatur.
2098 1339 2303 1395 Dehinc
2337 1340 2383 1393 si
2420 1341 2613 1394 vestris
2653 1340 2847 1395 litteris
2892 1342 3049 1396 [idem
3102 1342 3285 1397 haberi
3314 1359 3411 1412 po-

1851 1427 2096 1491 stulatis,
2125 1438 2545 1483 consentaneum
2574 1439 2657 1483 est
2686 1440 2740 1483 et
2786 1431 2853 1485 iis
2879 1447 2997 1498 quae
3024 1447 3121 1499 pro
3155 1433 3245 1487 illo
3272 1434 3414 1488 scri-

1850 1526 1938 1587 pta
1985 1531 2113 1573 sunt
2168 1520 2323 1572 fidem
2376 1536 2481 1574 non
2520 1520 2789 1590 abnegare
2826 1539 2840 1575 :
2875 1522 3109 1577 maxime
3156 1524 3281 1591 quia
3314 1538 3413 1578 vos

1851 1610 2065 1679 quidem
2097 1624 2128 1664 e
2153 1611 2441 1680 longinquo
2471 1613 2742 1679 scribitis;
2776 1613 2850 1667 illi
2871 1630 2999 1667 vero
3034 1616 3084 1668 in
3119 1616 3249 1685 ipsis
3278 1616 3414 1671 locis

1851 1727 1972 1765 cum
2004 1712 2133 1773 sint,
2166 1711 2255 1764 ubi
2292 1720 2343 1765 et
2365 1711 2540 1763 virum
2579 1710 2751 1779 ipsum
2789 1723 2843 1766 et
2875 1712 3087 1780 negotia
3128 1713 3237 1767 illic
3263 1722 3418 1781 gesta

1849 1803 2126 1863 viderunt,
2155 1802 2356 1870 scripto
2388 1803 2508 1854 vitae
2538 1801 2652 1869 ejus
2680 1802 3003 1869 probitatem
3047 1812 3331 1867 testantur,
3363 1812 3419 1856 et

203 1892 439 1962 συσκευὴν
489 1890 843 1944 πεπονθέναι.
887 1892 996 1944 Καὶ
1022 1891 1180 1943 πάλιν
1227 1891 1497 1961 Ἀρσένιός
1528 1891 1638 1960 (76)
1669 1908 1751 1953 τις

1859 1891 2119 1946 aflirmant
2151 1908 2271 1946 eum
2300 1892 2628 1946 calumniam
2663 1894 2715 1945 in
2748 1892 2998 1945 onmibus
3023 1908 3242 1961 passum
3275 1909 3414 1947 esse.

200 1982 464 2046 ἐπίσκοπος
507 1982 703 2053 ἐλέχθη
733 1984 860 2035 ποτὲ
888 1984 962 2047 ὠς
991 1983 1294 2053 ἀναιρεθεὶς
1340 1983 1485 2053 παρά
1529 1983 1752 2036 Ἀθανα-

1859 1983 1930 2036 Ac
1956 1998 2169 2035 rursum
2200 1983 2463 2037 Arsenius
2497 1983 2719 2052 quidam
2770 1983 3056 2052 episcopus
3078 2023 3092 2045 ,
3128 1984 3305 2037 dictus
3336 1992 3419 2037 est

203 2071 314 2135 σίου,
356 2072 492 2125 ἀλλά
542 2072 732 2125 τοῦτον
778 2072 1052 2143 ἐμάθομεν
1105 2074 1223 2143 ζῇν,
1255 2072 1389 2126 ἀλλὰ
1431 2074 1523 2125 καὶ
1572 2072 1752 2140 φιλίαν

1859 2073 2137 2141 aliquando
2166 2074 2483 2129 interfectus
2515 2074 2581 2127 ab
2616 2073 2946 2135 Athanasio,
2976 2074 3071 2128 sed
3102 2075 3242 2129 hunc
3269 2075 3417 2129 vive-

200 2162 316 2233 ἒχειν
334 2164 465 2236 πρὸς
505 2164 693 2217 αὐτόν.
731 2164 815 2217 Τά
870 2165 1237 2235 ὑπομνήματα
1282 2164 1351 2217 τὰ
1389 2164 1448 2217 ὲν
1481 2163 1753 2237 Μαρεὼτῃ

1859 2180 1950 2229 re,
1988 2165 2095 2218 imo
2148 2165 2263 2232 ejus
2312 2164 2544 2218 amicum
2584 2178 2701 2217 esse
2752 2165 3058 2219 didicimus.
3104 2164 3194 2217 Ille
3245 2165 3413 2232 igitur

201 2255 435 2325 γενόμενα
467 2253 898 2308 διεϐεϐαιώσατο
945 2256 1086 2308 κατὰ
1131 2256 1487 2327 μονομὲρειαν
1525 2255 1752 2325 γεγενῆ-

203 2344 331 2399 σθαι’
363 2350 498 2418 μήτε
534 2347 645 2418 γὰρ
671 2348 789 2399 ἐκεῖ
817 2349 1065 2417 παρεῖναι
1085 2347 1367 2417 Μακάριον
1396 2347 1485 2399 τὸν
1519 2346 1755 2418 πρεσϐύ-

200 2453 329 2507 τερον
355 2437 443 2489 τὸν
469 2436 971 2506 κατηγορούμενον,
1003 2438 1137 2507 μήτε
1165 2437 1324 2491 αὑτὸν
1347 2437 1437 2489 τὸν
1460 2438 1755 2491 ἐπίσκοπον

200 2525 335 2578 αὐτοῦ
368 2526 725 2580 ’Δθανάσιον·
762 2527 855 2579 καὶ
883 2525 1041 2579 τοῦτο
1076 2528 1136 2580 ού
1174 2528 1331 2598 μόνον
1363 2530 1427 2581 ἐκ
1457 2529 1563 2581 τῶν
1591 2529 1753 2582 αὐτοῦ

200 2616 362 2684 λόγων,
392 2618 538 2671 ἀλλά
563 2618 659 2671 καὶ
689 2620 754 2670 ἐκ
791 2619 903 2670 τῶν
932 2619 1040 2689 (77)
1066 2620 1492 2689 ὑπομνημάτων,
1523 2614 1597 2673 ὧν
1631 2621 1755 2674 ἐκό-

202 2724 335 2777 μισαν
360 2711 488 2779 ἡμῖν
508 2710 559 2762 οἱ
577 2708 706 2781 περὶ
726 2710 1038 2781 Μαρτύριον
1063 2710 1157 2763 καὶ
1182 2711 1451 2781 Ἠσύχιον,
1474 2712 1715 2783 ἔγνωμεν
1738 2727 1752 2741 °

200 2800 490 2869 ἀναγνόντες
526 2802 638 2872 γὰρ
667 2801 921 2872 εὕρομεν,
955 2801 1088 2854 ὃτιὸ
1120 2802 1217 2871 μὲν
1253 2805 1557 2873 κατήγορος
1593 2801 1758 2871 ’ἰσχύ-

201 2905 280 2961 ρσς
304 2893 413 2945 ἐκεῖ
438 2895 648 2964 παρῆν,
682 2892 803 2946 οὔτε
830 2894 886 2946 δὲ
921 2893 1222 2964 Μακάριος,
1257 2893 1377 2946 οὔτε
1404 2896 1432 2946 ό
1462 2894 1756 2959 ἐπίσκοπος

209 2980 497 3047 Ἀθανάσιος
521 3002 536 3013 ·
572 2984 710 3036 ἀλλὰ
732 2986 973 3047 καὶτοὺς
1002 2985 1113 3055 (78)
1149 2985 1552 3057 πρεσϐυτέρους
1598 2986 1755 3038 Ἀθα-

201 3074 355 3127 νασίου
385 3075 678 3142 ἀξιοῦντας
714 3080 989 3145 παρεῖναι,
1040 3078 1133 3130 καὶ
1174 3077 1248 3147 μὴ
1285 3076 1751 3149 συγχωρηθέντας.

203 3165 324 3218 Ἔδει
348 3169 425 3230 δὲ,
463 3169 769 3238 ἀγαπητοὶ,
805 3168 963 3239 εἴπερ
998 3168 1136 3239 μετὰ
1172 3168 1424 3240 ἀληθείας
1464 3169 1669 3236 ἐγίνετο
1695 3166 1756 3219 τὸ

200 3260 464 3331 κριτήριον,
512 3260 589 3331 μὴ
637 3261 797 3331 μόνον
848 3261 937 3314 τὸν
969 3262 1290 3332 κατήγορον,
1326 3261 1461 3314 ἀλλά
1520 3262 1612 3314 καὶ
1664 3261 1756 3313 τὸν

200 3352 653 3423 κατηγορούμενον
706 3355 979 3423 παρεῖναι.
1019 3352 1225 3424 ’Ὠσπερ
1258 3352 1365 3423 γὰρ
1404 3352 1461 3405 ὲν
1494 3355 1559 3422 τῇ
1594 3352 1756 3423 Τύρῳ

196 3436 449 3512 Μακάριος
501 3443 691 3513 παρῆν
738 3446 765 3495 6
790 3443 1277 3514 κατηγορούμενος,
1304 3446 1398 3497 καὶ
1435 3443 1680 3515 Ἰσχύρας
1728 3447 1757 3497 6

198 3534 494 3605 κατήγορος,
533 3534 626 3586 καί
654 3534 807 3586 οὐδὲν
840 3533 1052 3602 ἐδείχθη
1074 3550 1087 3562 ·
1132 3532 1302 3597 οὕτως
1342 3534 1446 3586 ἔδει
1475 3534 1567 3585 καὶ
1597 3535 1653 3586 ὲν
1680 3532 1757 3603 τῷ

200 3622 440 3696 Ησρεὼτῃ
504 3625 584 3695 μὴ
626 3625 793 3695 μόνον
825 3624 1079 3677 ἀπελθεῖν
1134 3625 1224 3694 τὸν
1256 3627 1578 3696 κατήγορον,
1625 3624 1759 3677 ἀλλὰ

200 3716 380 3769 καὶτὸν
413 3718 916 3789 κατηγορούμενον,
949 3718 1034 3769 ἵνα
1056 3715 1245 3787 παρὼν
1270 3716 1568 3787 ἢὲλεγχθῇ,
1597 3716 1651 3786 ἢ,
1684 3717 1756 3787 μὴ

200 3804 463 3878 ἐλεγχθεὶς,
505 3809 655 3879 δείξῃ
687 3808 784 3879 τὴν
816 3808 1194 3876 συκοφαντίαν.
1224 3809 1336 3860 Νῦν
1361 3809 1437 3872 δὲ,
1469 3807 1656 3861 τούτου
1684 3808 1757 3877 μὴ

198 3900 483 3969 γενομένου,
544 3900 680 3954 ἀλλά
717 3900 877 3970 μόνου
927 3899 1247 3964 ἀπελθόντος
1297 3901 1389 3954 τοῦ
1430 3900 1755 3973 κατηγόρου,

202 3987 299 4054 μεθ’
343 3985 413 4045 ὧν
458 3992 825 4064 παρῃτήσατο
865 3990 1173 4054 Ἀθανάσιος
1214 3991 1369 4063 (79),
1422 3990 1638 4045 ὕποπτα
1690 3988 1758 4042 τά

201 4080 474 4152 πράγματα
504 4083 779 4151 φαίνεται.

254 4352 335 4407 28.
383 4354 611 4425 ᾙτιᾶτο
643 4352 702 4404 δὲ
734 4352 978 4416 καὶτοὺς
1025 4353 1353 4417 ἀπελθόντας
1391 4371 1469 4417 εις
1517 4353 1608 4407 τὸν
1642 4354 1761 4406 Μα-
1840 4352 1843 4353 ⁷

201 4444 383 4515 ρεὼτην
430 4445 593 4515 παρά
642 4442 868 4514 γνώμην
908 4443 1071 4496 αὐτοῦ
1112 4445 1522 4516 ἀπεληλυθέναι.
1569 4445 1761 4511 Ἔλεγε

196 4535 305 4607 γὰρ,
328 4540 407 4591 ὃτι
437 4538 723 4605 Θεόγνιον,
760 4538 851 4589 καὶ
872 4536 1071 4606 Μάριν,
1098 4538 1189 4589 καὶ
1220 4538 1515 4609 Θεόδωρον,
1551 4534 1762 4606 Ούρσά-

1855 2254 2224 2325 (Athanasius)
2257 2265 2605 2309 monumenta
2638 2256 2690 2307 in
2720 2254 2960 2308 Mareote
2989 2254 3247 2309 adornata
3272 2296 3286 2319 ,
3336 2254 3417 2307 al-

1854 2355 1967 2399 tera
2003 2344 2175 2399 solum
2204 2362 2233 2400 e
2278 2345 2522 2415 partibus
2559 2357 2860 2416 prarsente,
2893 2348 3032 2401 facta
3082 2346 3248 2402 fuisse
3274 2346 3419 2401 allir-

1853 2437 2039 2489 mavit.
2068 2435 2200 2489 Nam
2228 2451 2325 2491 nec
2360 2436 2469 2491 illic
2500 2435 2736 2492 adfuisse
2786 2437 3082 2491 Macarium
3139 2442 3420 2510 presbyte-

1854 2544 1975 2582 rum
2004 2569 2019 2593 ,
2055 2530 2144 2598 qui
2182 2530 2563 2593 accusabatur,
2602 2545 2700 2584 nec
2731 2530 2903 2599 ipsum
2947 2530 3257 2599 episcopum
3303 2532 3421 2600 ejus

1854 2604 2213 2673 Athanasium
2243 2638 2255 2673 :
2282 2631 2335 2674 et
2364 2620 2487 2685 hoc,
2519 2636 2624 2672 non
2664 2621 2834 2675 solum
2865 2637 2931 2674 ex
2954 2622 3135 2675 verbis
3164 2620 3299 2689 ejus,
3327 2623 3422 2677 sed

1854 2725 1917 2765 et
1953 2712 2081 2779 ipsis
2118 2711 2526 2779 inquisitionum
2554 2712 2940 2776 monumentis,
2971 2726 3091 2781 qua:
3125 2711 3416 2784 Martyrius

1854 2811 1909 2857 et
1937 2801 2233 2872 Hesychius
2274 2802 2429 2855 nobis
2456 2804 2769 2866 attulerunt,
2802 2806 3141 2872 agnovimus.
3174 2803 3424 2871 Legenda

1855 2893 2055 2962 quippe
2104 2894 2514 2962 comperimus,
2568 2903 2943 2948 accusatorem
2994 2894 3154 2965 116
3204 2898 3423 2963 quidem

1855 2983 2130 3055 lscbyram
2162 2984 2269 3038 illic
2290 2983 2558 3049 adfuisse;
2592 2984 2885 3037 Macariqu
2916 2995 3097 3038 autem
3134 2996 3189 3040 et
3216 2987 3426 3055 episco-

1854 3090 1979 3145 pum
2007 3074 2361 3129 Athanasium
2412 3075 2651 3134 tninime.
2694 3074 2832 3140 Quin
2873 3085 2929 3129 et
2977 3075 3261 3130 Athanasii
3302 3093 3426 3145 pre-

1856 3165 2089 3234 sbyteris
2131 3164 2569 3232 postulantibus,
2606 3165 2682 3218 uti
2729 3165 2833 3219 sibi
2883 3166 3146 3221 interesse
3196 3167 3422 3231 liceret,

1859 3255 1987 3328 iljud
2010 3266 2260 3324 negatum
2294 3270 2433 3308 esse.
2474 3255 2721 3323 Oportuit
2748 3266 2951 3322 autem,
2983 3258 3348 3323 dilectissimi,
3378 3263 3424 3316 si

1858 3346 2019 3401 modo
2052 3346 2315 3413 judicium
2350 3346 2477 3400 illud
2507 3348 2719 3403 sincere
2746 3358 2924 3402 actum
2954 3348 3165 3416 fuisset,
3200 3367 3305 3406 non
3334 3368 3427 3407 ac-

1859 3451 2159 3493 cusatorem
2187 3439 2445 3491 duntaxat
2470 3477 2484 3501 ,
2514 3438 2607 3493 sed
2635 3448 2687 3492 et
2712 3450 3028 3494 accusatum
3061 3442 3269 3497 adesse.
3308 3442 3428 3499 Sic-

1860 3540 1917 3583 ut
1948 3531 2091 3584 enim
2122 3530 2249 3599 Tyri
2283 3530 2474 3583 aderat
2504 3529 2774 3586 Macarius
2806 3532 2895 3601 qui
2953 3535 3338 3599 accusabatur,
3371 3546 3428 3590 et

1861 3622 2104 3692 lscbyras
2135 3632 2443 3688 accusator,
2485 3632 2540 3676 et
2588 3623 2719 3676 nihil
2760 3624 2833 3676 ibi
2882 3626 3167 3693 probatum
3200 3636 3315 3689 est;
3349 3627 3429 3680 sic

1859 3721 1913 3766 et
1947 3714 1996 3764 in
2030 3711 2303 3772 Mareoten
2336 3715 2575 3782 Oportuit
2599 3753 2615 3778 ,
2647 3731 2755 3767 non
2792 3725 3165 3771 accusatorem
3211 3718 3383 3771 solum
3409 3762 3425 3782 ,

1860 3803 1955 3856 sed
1988 3814 2042 3855 et
2068 3813 2380 3857 accusatum
2414 3805 2707 3869 accedere,
2746 3817 2803 3859 ut
2842 3806 2887 3861 is
2914 3822 3152 3875 prtesens
3185 3807 3267 3861 vel
3298 3824 3431 3863 con-

1861 3893 2195 3959 vinceretur,
2247 3896 2325 3948 vcl
2377 3896 2420 3949 si
2469 3897 2714 3951 convinci
2769 3912 2870 3951 non
2900 3897 3196 3966 potuisset,
3227 3901 3431 3954 calum-

1861 3987 2005 4039 niam
2064 3987 2235 4055 palam
2287 3986 2510 4044 faceret.
2561 3988 2679 4042 Jam
2732 4005 2860 4043 vero
2908 4006 3029 4045 cum
3081 3992 3181 4046 hoc
3226 3991 3430 4047 factum

1860 4093 1967 4132 non
1992 4081 2100 4143 sit,
2132 4080 2223 4133 sed
2252 4080 2400 4132 solus
2432 4092 2735 4144 accusator,
2776 4097 2897 4135 cum
2936 4082 3002 4137 iis
3030 4098 3164 4152 quos
3191 4081 3433 4138 Athana-

1861 4169 1974 4222 sius
2006 4172 2309 4232 recusabat,
2358 4184 2423 4223 eo
2464 4173 2815 4239 concesserit,
2845 4184 3094 4242 suspecta
3139 4188 3271 4227 sane
3312 4184 3430 4228 acta

1862 4261 1953 4314 illa
1986 4261 2261 4314 videntur.

1930 4352 2021 4406 28.
2056 4352 2394 4421 Conquestus
2427 4354 2692 4406 estetiam
2743 4354 2855 4421 ipse
2905 4354 3279 4425 (Athanasius)
3337 4356 3430 4425 qui

1862 4447 1927 4499 ad
1988 4443 2259 4500 Mareoten
2305 4444 2529 4513 profecti
2575 4454 2796 4508 essent,
2845 4461 2905 4500 se
2952 4456 3267 4512 recusante,
3303 4447 3433 4503 illuc

1864 4537 2219 4590 concessisse.
2238 4535 2459 4589 Dicebat
2486 4537 2626 4589 enim
2657 4534 3017 4605 Theognium,
3038 4535 3229 4602 Marin,
3250 4536 3432 4591 Theo-

199 4643 313 4692 χιον,
333 4630 427 4682 καὶ
446 4630 748 4691 Οὐάλεντα,
787 4628 881 4681 καὶ
908 4629 1255 4694 Μακεδόνιον,
1281 4630 1555 4691 ὑπόπτους
1573 4628 1756 4691 ὄντας,

1866 4628 2079 4687 dorum,
2115 4625 2397 4682 Ursacium
2420 4669 2434 4692 ,
2465 4626 2746 4680 Valentem
2772 4668 2787 4691 ,
2819 4636 2873 4680 et
2905 4626 3296 4691 Macedonium,
3328 4629 3432 4682 sibi

198 4720 527 4776 ἀπέστειλαν.
564 4721 677 4773 Καὶ
717 4719 875 4773 τοῦτο
916 4721 1016 4772 οὐκ
1046 4720 1109 4773 ἐκ
1136 4719 1245 4773 τῶν
1269 4720 1440 4787 λόγων
1469 4718 1633 4772 αὐτοῦ
1659 4718 1758 4787 μό-

199 4826 288 4875 νον,
322 4813 457 4866 ἀλλά
492 4814 593 4866 καὶ
626 4813 690 4863 ἐκ
727 4813 825 4883 τῆς
863 4810 1144 4881 ἐπιστολῆς
1179 4811 1523 4882 Ἀλεξάνδρου
1552 4810 1644 4862 τοῦ
1665 4826 1760 4877 γε-

196 4905 398 4972 νομένου
432 4905 743 4958 ἐπισκόπου
797 4905 894 4975 τῆς
927 4904 1322 4974 Θεσσαλονίκης
1360 4904 1599 4956 ἐδείκνυε
1624 4901 1757 4970 (80).

199 4990 491 5065 Προήνεγκε
520 4995 632 5065 γὰρ
662 4994 944 5065 ἐπιστολὴν
971 4994 1133 5046 αὐτοῦ
1155 4996 1455 5064 γραφεῖσαν
1482 4992 1615 5062 πρὸς
1644 4994 1759 5044 Διο-

195 5079 376 5147 νύσιον,
410 5085 507 5138 τὸν
543 5087 605 5137 ὲν
660 5087 724 5154 τῇ
760 5084 958 5154 συνόδῳ
995 5085 1210 5155 κόμητα
1253 5083 1384 5155 (8|),
1435 5086 1492 5135 ἐν
1614 5082 1763 5151 δηλοῖ

196 5177 416 5245 φανερὰν
467 5174 745 5245 συσκευὴν
774 5176 1024 5243 γενέσθαι
1080 5176 1224 5229 κατὰ
1262 5176 1595 5229 Ἀθανασιου.
1650 5176 1761 5229 Καὶ

256 5329 360 5397 (75)
406 5329 577 5384 Notat
616 5331 1008 5399 praecedentem
1053 5329 1333 5399 epistolam
1378 5330 1753 5400 episcolzorum

194 5394 581 5468 Egyptiorum.

254 5469 360 5540 (76)
391 5470 494 5523 llic
512 5468 775 5523 Arsenius
793 5470 881 5538 qui
912 5471 1210 5526 certissime
1234 5471 1514 5540 episcopus
1536 5484 1673 5533 erat,
1699 5480 1756 5523 ut

193 5540 377 5602 passim
416 5542 473 5593 in
520 5540 604 5593 his
648 5541 1009 5594 monumentis
1030 5540 1253 5603 dicitur,
1292 5559 1319 5592 ιι
1354 5541 1545 5594 Rufino
1583 5553 1635 5596 et
1688 5544 1754 5594 ab

194 5607 303 5661 aliis
333 5610 623 5679 presbyter
660 5608 803 5662 Cleri
834 5609 1207 5675 Alexandrini,
1246 5628 1273 5662 a
1310 5613 1577 5667 nonnullis
1625 5626 1754 5665 vero

191 5680 445 5744 sequioris
501 5681 598 5733 aevi
642 5680 953 5732 auctoribus
995 5680 1161 5733 lector
1214 5680 1377 5734 fuisse
1408 5693 1755 5735 rneuuuratur.

192 5745 287 5817 ξω
311 5763 476 5817 quam
507 5759 667 5803 caute
692 5748 888 5802 Rutiuo
909 5760 963 5802 et
984 5751 1264 5804 Athanasii
1291 5753 1414 5807 vita:
1444 5753 1758 5807 auctoribus

189 5812 383 5872 Graecis
404 5820 544 5873 ﬁdes
566 5819 893 5873 sithabenda
913 5818 1025 5885 jam
1047 5820 1302 5874 diximus.

255 5885 518 5960 (ζητῶν
564 5888 717 5945 deest
764 5888 817 5943 in
845 5888 1022 5945 editis.
1069 5887 1174 5943 Nos
1205 5905 1389 5945 sumus
1417 5905 1482 5944 cx
1523 5890 1650 5960 Reg.
1703 5898 1753 5945 et

192 5950 628 6013 Basilfmutuati.

1864 4727 2166 4786 suspectos,
2202 4718 2330 4771 illuc
2374 4719 2571 4771 missos
2611 4718 2797 4771 fuisse.
2832 4716 2945 4770 Hoc
2974 4728 3153 4772 autem
3185 4733 3290 4772 non
3320 4721 3434 4774 suis

1863 4808 2047 4862 verbis
2083 4817 2288 4862 tantum
2317 4849 2332 4874 ,
2389 4809 2485 4862 sed
2535 4808 2698 4861 etiam
2756 4823 2823 4861 ex
2870 4808 3094 4878 cpistola
3137 4808 3435 4864 Alexandri

1865 4901 2136 4968 quondam
2217 4901 2618 4955 Thessalonicae
2686 4900 2923 4970 episcopi
3009 4901 3433 4956 demonstrabat.

1863 4990 2096 5047 Protulit
2122 4992 2267 5046 enim
2299 4994 2415 5063 ejus
2443 4992 2762 5062 epistolam,
2811 4995 2877 5047 ad
2915 4992 3229 5066 Dionysium
3261 4995 3314 5049 in
3370 5010 3436 5049 ea

1868 5083 2075 5152 synodo
2107 5085 2384 5149 comitem,
2422 5084 2723 5153 scriptam:
2759 5099 2867 5153 qua
2900 5084 3235 5154 signiﬁcabat
3264 5084 3432 5139 mani-

1869 5174 2062 5229 festam
2100 5176 2363 5231 adversus
2412 5175 2773 5234 Athanasium
2818 5177 3276 5248 conspirationem
3316 5189 3437 5230 esse

1935 5330 2045 5405 (78)
2078 5330 2313 5405 Ineditis
2328 5330 2451 5405 τούς
2469 5332 2636 5389 deest.
2667 5334 2719 5387 lu
2743 5334 2874 5405 Reg.
2902 5335 3113 5404 legitur.
3142 5332 3308 5394 infra,
3336 5344 3435 5397 pro

1863 5400 2092 5469 ἐγίνετο,
2110 5400 2236 5471 Reg.
2251 5441 2265 5463 ,
2290 5402 2522 5470 ἐγένετο.

1935 5472 2047 5543 (79)
2080 5467 2215 5526 εἰεί
2256 5467 2387 5541 Reg.
2452 5474 2595 5527 Editi
2657 5488 2788 5527 vero
2862 5473 3148 5536 mendose,
3208 5467 3437 5523 Ἀθανά-

1863 5557 1997 5595 σιον.

1928 5610 2040 5682 (80)
2076 5611 2199 5664 Hzec
2239 5611 2527 5665 Alexandri
2575 5612 2640 5665 ad
2675 5611 2982 5679 Dionysium
3015 5612 3269 5663 comitem
3316 5608 3435 5677 epi-

1866 5682 2000 5736 stola
2035 5682 2172 5732 infra
2202 5682 2449 5735 habetur.

1939 5750 2049 5821 (8t)
2104 5750 2255 5819 Reg.,
2287 5750 2505 5819 κόμιτα.
2560 5749 2787 5821 fschyraz
2838 5764 3053 5819 quoque
3104 5746 3434 5821 declaratio,

1865 5816 2079 5887 de'qua
2116 5816 2237 5873 mox
2280 5816 2457 5889 agitur
2510 5820 2647 5873 infra
2680 5816 2929 5874 'videsis.
2964 5816 3241 5889 Similiter
3291 5816 3433 5889 Cleri

1860 5886 2212 5943 Alexandrini
2266 5886 2339 5944 et'
2379 5888 2652 5946 Mareotici
2708 5890 3099 5948 obtestationes
3150 5886 3291 5945 infra
3338 5888 3435 5944 ha-

1864 5964 2072 6013 bentur.
3080 5972 3083 5975 '
