3978 6510
548 482 656 539 295
1113 476 1172 535 S.
1213 473 1584 531 ATHANASH
1623 470 1775 527 UPP.
1815 468 1998 524 PARS
2036 468 2078 523 i.
2120 500 2187 511 -—
2229 464 2595 530 HISTORICA
2638 468 2725 528 ET
2764 474 3179 531 DOGMATICA.
3683 479 3792 537 296

549 595 850 655 conﬂatam.
886 592 997 648 lmo
1042 592 1206 662 ipsius
1242 592 1569 649 accusatoris
1616 589 1848 658 lschyrre
1892 589 2120 647 ιἐεειῆ-⁴

2218 590 2369 643 κὺτοῦ
2413 592 2468 644 δὲ
2515 592 2607 645 τοῦ
2656 594 2958 664 κατηγόρου
3012 591 3230 665 ’ἰσχύρα
3262 592 3595 665 προεκόμισε
3630 598 3789 666 χεῖρα

548 700 698 759 ptum
735 686 953 754 protulit
1001 685 1407 747 authenticum,
1458 681 1597 751 quod
1630 689 1798 734 totum
1826 692 1945 736 erat
1992 684 2107 754 ejus

2219 682 2505 755 5λόγραφον
2536 686 2874 756 αύθεντικὴν,
2912 686 2969 738 ἐν
3099 687 3348 758 μάρτυρα
3381 686 3473 741 τὸν
3526 688 3660 743 Θεὸν
3696 689 3790 743 τὸν

550 792 709 833 manu
739 785 1039 839 exaratum,
1059 775 1234 844 inquo
1266 775 1429 828 Deum
1462 772 1885 842 omnipotentem
1915 783 2106 830 testem

2220 778 2622 849 παντοκράτορα
2672 778 3114 849 ἐπικαλούμενος,
3169 780 3305 851 μήτε
3348 780 3614 852 ποτηρίου
3659 782 3791 837 κλά-

542 870 812 924 invocans
836 908 853 933 ,
890 883 1063 937 neque
1092 867 1313 923 calicem
1347 863 1514 919 fuisse
1542 864 1905 929 confractum,
1936 882 2110 937 neque

2217 881 2316 929 σιν,
2355 866 2490 936 μήτε
2534 865 2817 939 τραπέζης
2862 867 3169 939 ἀνατροπὴν
3212 869 3538 939 γεγενῆσθαι
3579 870 3788 939 ἔλεγεν,

551 972 789 1012 mensam
819 971 1065 1012 eversam
1102 954 1410 1010 declarabat
1436 969 1450 1007 :
1476 953 1571 1008 sed
1609 967 1667 1008 se
1704 967 1735 1006 a
1766 954 2107 1024 quibusdam,

2219 956 2321 1010 ὶλλ’
2344 956 2742 1029 ύποϐεϐλῆσθαι
2773 958 2961 1013 ἑαυτὸν
2995 961 3099 1013 ὑπό
3120 977 3281 1015 τινων
3322 962 3634 1017 πλάσασθαι
3658 964 3790 1018 ταύ-

550 1060 611 1103 υι
658 1049 798 1103 hanc
861 1047 1260 1102 accusationem
1316 1045 1693 1115 confingeret,
1751 1045 2109 1100 subornatum

2220 1062 2309 1119 την
2343 1050 2440 1121 τὴν
2475 1050 2829 1122 κατηγορίαν.
2868 1050 3299 1122 Ἀπαντήσαντες
3324 1053 3381 1106 δὲ
3419 1053 3513 1107 καὶ
3547 1054 3791 1125 πρεσϐύ-

550 1153 692 1193 esse.
733 1139 865 1194 Cum
890 1137 1233 1192 advenissent
1266 1145 1444 1190 autem
1479 1135 1782 1206 presbyteri
1812 1135 2110 1203 Mareotici,

2223 1150 2356 1212 τεροι
2385 1140 2477 1193 τοῦ
2503 1142 2821 1212 Μαρεώτου,
2852 1142 3299 1197 διεϐεϐαιώσαντο
3324 1145 3459 1215 μήτε
3485 1144 3579 1198 τὸν
3622 1146 3794 1216 Ἰσχύ-

552 1229 899 1294 aliirmarunt,
920 1244 1095 1299 neque
1121 1228 1393 1298 lschyram
1421 1242 1541 1282 esse
1573 1227 1847 1282 catholica:
1863 1227 2113 1284 Ecclesiae

2220 1249 2314 1303 ραν
2357 1231 2723 1305 πρεσϐύτερον
2773 1228 2910 1285 εἶναι
2959 1235 3059 1305 τῆς
3106 1234 3396 1305 ηθολικῆς
3437 1235 3791 1308 Ἐκκλησίας,

549 1323 946 1393 presbyterum,
970 1336 1144 1390 neque
1174 1320 1279 1374 tale
1325 1320 1529 1374 facinus
1557 1329 1899 1388 perpetrasse
1928 1319 2110 1374 Maca-

2223 1327 2351 1397 μήτε
2376 1344 2428 1378 τι
2450 1324 2687 1379 τοιοῦτον
2712 1326 3235 1398 πεπλημμεληκέναι
3255 1328 3567 1400 Μακάριον,
3610 1331 3794 1384 ὁποῖον

550 1415 713 1478 rium,
744 1413 903 1481 quale
941 1414 987 1468 is
1034 1412 1109 1467 illi
1166 1411 1485 1481 imputabat.
1540 1408 1845 1482 Presbyteri
1880 1425 2010 1465 vero
2058 1418 2113 1465 et

2226 1420 2416 1482 ἐκεῖνος
2449 1418 2845 1488 κατηγόρησενι
2888 1422 2949 1472 Οἱ
2988 1420 3343 1491 πρεσϐύτεροι
3375 1420 3432 1473 δὲ
3479 1420 3578 1474 καὶ
3600 1422 3654 1474 οἱ
3680 1421 3797 1475 διὰ-

549 1505 761 1561 diaconi
791 1503 881 1573 qui
924 1504 1029 1557 huc
1060 1514 1339 1555 accessere
1362 1538 1379 1564 ,
1422 1514 1527 1553 non
1561 1514 1726 1567 pauca
1756 1534 1770 1561 ,
1800 1498 1891 1553 sed
1920 1514 2113 1567 quam-

2225 1526 2378 1571 κονοι,
2439 1510 2847 1581 ἀπαντήσαντες
2879 1511 3129 1573 ἐνταῦθα,
3167 1512 3265 1564 ούκ
3299 1512 3477 1580 ὀλίγα,
3526 1513 3666 1566 ἀλλὰ
3701 1515 3796 1567 καὶ

546 1595 782 1666 plurima
808 1593 876 1648 de
903 1590 1186 1647 Athanasii
1234 1589 1543 1644 innocentia
1585 1589 1939 1649 testabantur,
1972 1586 2115 1644 adir-

2227 1600 2380 1654 πολλὰ
2414 1601 2798 1673 ἐμαρτύρησαν
2829 1602 2965 1673 ὑπὲρ
2998 1603 3088 1655 τοῦ
3115 1604 3409 1656 ἐπισκόπου
3448 1603 3798 1669 Ἀθανασίου,

550 1694 762 1740 manles
792 1683 928 1737 nihil
971 1696 1157 1735 eorum
1204 1694 1325 1749 quae
1373 1679 1450 1733 illi
1500 1678 1893 1746 objiciebantur
1924 1694 2111 1735 verum

2226 1690 2669 1761 Βιαϐεϐαιούμενοι
2702 1692 2866 1762 μηδὲν
2924 1692 3119 1764 ἀληθὲς
3151 1689 3286 1747 εἶναι
3316 1696 3425 1748 τῶν
3473 1696 3596 1747 κατ’
3628 1696 3797 1749 αὑτοῦ

550 1784 692 1834 esse,
730 1768 823 1823 sed
855 1767 1313 1837 conspirationem
1343 1768 1605 1821 adversus
1638 1780 1760 1819 eum
1791 1766 1958 1822 fuisse
1987 1783 2115 1823 con-

2231 1784 2536 1854 ιεγομένων,
2594 1785 2861 1855 συσκευὴν
2893 1785 2949 1838 δὲ
2995 1786 3154 1840 αὐτὸν
3185 1786 3532 1841 πεπονθέναι.
3596 1788 3709 1841 Καὶ.
3748 1788 3802 1839 οἱ

549 1860 754 1916 ﬂatam.
802 1860 940 1927 Quin
992 1858 1206 1930 Egypti
1237 1872 1483 1927 quoque,
1533 1872 1596 1911 ac
1653 1856 1829 1927 Libya:
1876 1859 2112 1929 episcopi

2224 1868 2322 1926 ἀπὸ
2346 1874 2445 1942 τῆς
2471 1874 2745 1942 Αἰγύπτου
2767 1875 2823 1928 δὲ
2867 1877 2957 1929 καὶ
2991 1876 3195 1946 Λιϐύης
3228 1878 3426 1941 πάντες
3478 1878 3795 1940 ἐπίσκοποι,

549 1966 760 2014 omnes.
795 1950 988 2003 litteris
1016 1948 1129 2003 suis
1161 1948 1343 2002 testati
1386 1956 1533 2011 sunt,
1565 1962 1685 2001 cum
1731 1946 1845 2015 ejus
1895 1949 2113 2005 ordina-

2403 1925 2441 1942 ι·
2473 1925 2484 1926 ί
2507 1925 2530 1926 νν
2550 1925 2562 1942 ο
2587 1925 2596 1926 ί
2619 1925 2704 1928 ⁷η-
2726 1925 2735 1927 ν
2776 1925 2820 1928 -τ
2870 1925 2955 1929 ’⁷⁷η
2991 1925 3193 1946 """tv
3234 1925 3326 1930 ""'
3347 1925 3423 1941 "‘-
3479 1925 3796 1940 *η’-’⁷⁷⁷⁷⁷⁷1

2228 1966 2514 2037 γράφοντες
2541 1965 2986 2021 διεϐεϐαιώσαντο
3014 1969 3105 2022 καὶ
3133 1970 3232 2040 τὴν
3256 1971 3595 2023 κατάστασιν
3628 1969 3799 2022 αὐτοῦ

550 2045 755 2097 tionem
783 2042 1008 2096 liberam
1034 2050 1087 2093 et
1124 2038 1549 2094 ecclesiasticam
1586 2038 1769 2101 fuisse,
1796 2048 1905 2092 tum
1934 2055 2053 2109 quae
2082 2058 2113 2096 a

2229 2055 2435 2127 ἔννομον
2458 2057 2549 2110 καὶ
2581 2056 3036 2128 ὲκκλησιαστικὴν
3061 2038 3361 2125 γεγονέναι,
3396 2059 3492 2113 καὶ
3522 2058 3702 2111 πάντα
3727 2058 3800 2110 τὰ

549 2135 703 2189 vobis
735 2133 993 2187 adversus
1020 2131 1168 2185 illum
1199 2130 1378 2183 delata
1419 2140 1547 2183 sunt
1575 2130 1755 2184 omnia
1786 2144 1906 2184 esse
1935 2130 2069 2187 falsa
2098 2151 2111 2187 :

2227 2150 2344 2217 παρ’
2372 2147 2525 2218 ὑμῶν
2565 2147 2830 2219 λεγόμενα
2875 2148 2995 2201 κατ’
3023 2149 3189 2202 αὐτοῦ
3225 2145 3363 2203 εἶναι
3409 2150 3583 2219 ψευδῆ
3606 2165 3622 2180 ⁸
3673 2148 3798 2202 οὔτε

549 2242 728 2298 neque
756 2225 899 2281 enim
946 2222 1145 2277 caedem
1202 2220 1399 2275 factam
1426 2260 1439 2285 ,
1484 2236 1581 2275 nec
1613 2221 1749 2275 ullos
1799 2222 1915 2290 ejus
1954 2239 2116 2277 causa

2229 2239 2323 2309 γὰρ
2355 2239 2511 2307 φόνον
2549 2239 2891 2311 γεγενῆσθαι,
2939 2239 3061 2293 οὔτε
3112 2240 3262 2303 τινὰς
3318 2239 3677 2311 ἀναιρεθῆναι
3728 2239 3800 2293 δι’

548 2319 760 2375 occisos
784 2358 800 2382 ,
834 2308 1011 2385 neque
1042 2314 1266 2369 calicem
1318 2312 1655 2366 confractqu
1708 2311 1902 2377 fuisse;
1956 2315 2047 2368 sed
2084 2331 2115 2371 a

2231 2308 2397 2393 ιύτὸν,
2424 2330 2544 2384 οὔτε
2581 2308 2769 2384 κλάσιν
2806 2332 3062 2402 ποτηρίου
3096 2308 3459 2402 γεγενῆσθαι,
3494 2308 3635 2386 ἀλλὰ
3665 2333 3802 2385 πάν-

550 2426 677 2465 vero
705 2409 1001 2463 abhorrere
1032 2406 1236 2460 omnia.
1288 2404 1398 2458 lmo
1443 2418 1571 2457 vero
1618 2418 1685 2456 ex
1734 2404 1863 2473 ipsis
1892 2406 2118 2474 inquisi-

2230 2436 2285 2473 τα
2309 2416 2444 2473 εἶναι
2476 2421 2663 2493 ψευδῆ.
2692 2422 2800 2475 Καὶ
2850 2423 2913 2473 ἐκ
2936 2422 3043 2475 τῶν
3078 2423 3483 2494 ὑπομνημάτων
3510 2423 3570 2477 δὲ
3598 2425 3708 2478 τῶν
3739 2426 3801 2477 ὲν

551 2501 755 2555 ιὶοηιιιιι
788 2496 1174 2559 monumentis,
1213 2509 1331 2563 qure
1364 2494 1416 2547 in
1451 2492 1689 2546 Mareote
1710 2533 1724 2553 ,
1756 2509 1860 2546 una
1907 2504 2115 2548 tantum

2231 2511 2488 2583 Μαρεώτῃ
2532 2492 2672 2567 κατὰ
2709 2514 3066 2584 μονομέρειαν
3092 2492 3477 2585 γεγενημένων
3491 2514 3627 2585 (82),
3664 2516 3802 2568 ὲδείε

550 2606 617 2647 ex
644 2589 887 2658 partibus
927 2594 1192 2656 prmsente
1217 2624 1233 2650 ,
1266 2585 1405 2638 facta
1453 2584 1665 2639 fuerant
1691 2624 1707 2650 ,
1748 2586 2118 2653 comprobavit

2229 2618 2377 2654 κνυεν
2402 2603 2429 2653 6
2456 2602 2747 2665 ἐπίσκοπος
2785 2602 3095 2665 Ἀθανάσιος
3136 2602 3232 2655 ἕνα
3272 2584 3683 2673 κατηχούμενον
3710 2603 3800 2667 ἐξ·

548 2685 839 2753 episcopus
863 2677 1211 2738 Athanasius,
1238 2676 1687 2729 catechumenum
1721 2676 2004 2741 queunlam
2038 2676 2117 2729 in-

2227 2692 2534 2753 ετασθέντα,
2570 2694 2662 2745 καί
2692 2692 2909 2746 εἰπόντα
2942 2693 3087 2747 ἔνδον
3118 2689 3256 2747 εἶναι
3292 2694 3685 2765 μετὰἸσχύρα,
3707 2695 3798 2747 ὅτε

552 2782 888 2841 terrogatum
919 2769 1148 2833 dixisse,
1199 2781 1259 2822 se
1293 2767 1439 2820 intus
1480 2782 1600 2820 cum
1646 2766 1863 2837 lscliyra
1915 2768 2113 2831 fuisse,

2227 2782 2499 2853 Μακάριος
2534 2784 2562 2835 6
2595 2784 2958 2855 πρεσϐύτερος
3003 2784 3336 2847 Ἀθανασίου,
3393 2785 3471 2848 ὡς
3522 2786 3798 2854 λέγουσιν,

548 2880 658 2934 quo
690 2873 929 2933 tempore
950 2861 1100 2913 aiunt
1123 2857 1415 2912 Macarium
1432 2857 1711 2911 Athanasii
1744 2859 2115 2928 presbyterum

2229 2874 2418 2945 ἐπέστη
2451 2875 2530 2945 τῷ
2561 2876 2738 2943 τόπῳ·
2791 2878 2884 2929 καὶ
2931 2877 3121 2940 ἄλλους
3173 2878 3229 2931 δὲ
3280 2876 3670 2941 ἐξετασθέντας
3703 2876 3800 2928 καὶ

549 2974 609 3012 se
642 2958 693 3010 in
727 2970 849 3009 eum
880 2954 1054 3008 locum
1089 2951 1379 3005 immisisse
1407 2968 1421 3003 :
1446 2965 1508 3004 ex
1550 2951 1669 3004 aliis
1712 2952 1837 3004 item
1889 2951 2119 3004 interro-

2231 2967 2468 3029 εἰπόντας
2502 2968 2592 3020 τὸν
2628 2969 2724 3037 μὲν
2761 2971 2819 3022 ὲν
2868 2969 3060 3039 κελλίῳ
3114 2970 3317 3042 μικρῷ,
3350 2970 3442 3022 τὸν
3487 2970 3546 3022 δὲ
3575 2968 3802 3021 ὄπισθεν

548 3050 690 3120 κοιίε
746 3046 946 3101 dixisse
993 3044 1319 3113 quemdam,
1366 3041 1506 3110 quod
1560 3042 1611 3094 in
1664 3056 1825 3110 parva
1878 3040 2117 3105 cellula,

2228 3064 2317 3133 τῆς
2346 3063 2513 3136 θύρας
2548 3065 2901 3118 κατακεῖσθαι
2930 3064 3019 3119 τὸν
3064 3066 3327 3135 ’1σχύραν,
3363 3065 3487 3117 τότε
3514 3063 3799 3125 νοσοῦντα,

548 3139 715 3193 alium
749 3178 764 3202 ,
818 3135 957 3207 quod
1006 3148 1143 3204 pone
1196 3132 1414 3201 ianuam
1445 3130 1651 3197 iaceret
1698 3131 1943 3201 Ischyras
1996 3143 2119 3186 tunc

2231 3130 2307 3207 ὅτε
2342 3130 2626 3226 Μακάριον
2660 3156 2905 3225 λέγουσιν
2949 3130 3322 3226 ἀπηντηκέναι
3368 3158 3502 3209 ἐκεϊε
3570 3156 3701 3209 Ἀπὸ

547 3241 815 3302 aegrotus,
847 3241 955 3297 quo
986 3236 1226 3294 tempore
1266 3225 1341 3278 illi
1400 3222 1694 3276 Macarium
1742 3224 1892 3276 aiunt
1932 3240 1997 3277 eo
2027 3225 2118 3277 ad-

2228 3248 2420 3301 τούτων
2440 3222 2523 3301 ὧν*
2543 3247 2694 3316 ἔλεγε
2730 3222 2821 3301 καὶ
2850 3250 3006 3319 ἡμεῖς
3053 3222 3361 3312 ἀκολούθως
3390 3222 3799 3320 στοχαζόμεθα,

548 3324 786 3379 venisse.
815 3322 891 3376 Ex
922 3320 1039 3389 ejus
1076 3328 1256 3372 autem
1284 3317 1442 3369 dictis
1474 3316 1575 3370 hoc
1605 3330 1700 3367 nos
1724 3325 2119 3383 consequenter

2232 3344 2300 3396 5τι
2329 3341 2443 3405 πῶς
2468 3337 2576 3395 οἷόν
2603 3359 2663 3395 τε
2683 3342 2773 3394 τὸν
2805 3316 3023 3395 ὄπισθεν
3050 3342 3147 3411 τῆς
3174 3332 3343 3413 θύρας
3374 3316 3521 3411 νόσιρν
3542 3316 3803 3394 κατακεί-

549 3416 858 3485 colligimus
888 3431 903 3469 :
932 3412 1021 3481 qui
1056 3411 1172 3464 fieri
1204 3407 1378 3479 potuit
1405 3422 1526 3461 eum
1560 3446 1575 3471 ,
1616 3407 1705 3475 qui
1736 3420 1873 3475 pone
1897 3404 2116 3473 januam

2236 3452 2382 3487 κενον
2412 3404 2531 3488 τότε
2570 3435 2877 3505 ἑστηκέναι,
2913 3434 3007 3486 καὶ
3050 3404 3400 3507 λειτουργεῖν,
3432 3404 3529 3489 καὶ
3562 3434 3807 3506 προσφέ-

550 3522 691 3575 aeger
722 3504 1108 3563 decumberet,
1163 3512 1289 3554 tunc
1345 3498 1601 3562 stetisse,
1650 3497 1921 3566 Iiturgiam
1977 3495 2118 3550 cele-

2235 3495 2368 3588 οειν;
2401 3523 2432 3593 ἢ
2469 3525 2584 3588 πῶς
2614 3495 2725 3579 οἷύν
2757 3543 2813 3578 τε
2836 3495 2905 3596 ἦν
2938 3495 3251 3597 προσφορὰν
3276 3495 3624 3596 προκεῖσθαι,
3656 3495 3806 3577 ἔνδον

549 3598 763 3656 brasse,
800 3608 863 3647 ac
894 3590 1224 3645 oblationem
1260 3587 1453 3640 fecisse
1480 3585 1501 3637 τ
1534 3594 1625 3636 aut
1654 3586 1743 3653 qui
1776 3587 1947 3654 potuit
1969 3586 2119 3639 obla-

2234 3616 2384 3669 5ντων
2408 3617 2514 3669 τῶν
2541 3618 2962 3688 κατηχουμὲνων
2982 3634 2997 3681 ;
3017 3619 3077 3669 Εἰ
3108 3616 3217 3689 γὰρ
3237 3615 3382 3668 ἔνδον
3417 3611 3561 3685 ἦσαν
3588 3615 3640 3666 οἱ
3674 3630 3805 3666 κατ-

550 3690 628 3743 tio
656 3686 901 3758 apposita
947 3697 1068 3737 esse
1089 3720 1104 3744 ,
1149 3695 1270 3733 cum
1301 3679 1448 3731 intus
1484 3686 1665 3730 essent
1694 3676 2068 3730 catechumeni
2096 3676 2120 3729 ?

2231 3704 2352 3776 ηχού
2362 3724 2531 3776 μενοι,
2845 3708 2873 3759 6
2899 3676 3088 3777 καιρὸς
3232 3676 3569 3778 προσφορᾶς.
3593 3705 3802 3768 Ταῦτα,

550 3780 608 3836 Si
652 3781 795 3834 enim
831 3778 978 3831 intus
1005 3784 1160 3829 erant
1192 3768 1565 3825 cateclnnneui
1585 3813 1598 3831 ,
1629 3770 1863 3822 nondum
1888 3768 2119 3823 oblatio-

2438 3768 2667 3869 εἴργηται,
2695 3768 2878 3866 ἔλεγεν
2897 3800 2925 3851 6
2950 3768 3243 3859 ἐπίσκοπος
3275 3768 3612 3860 ζΛθανασιος,
3631 3796 3724 3848 καὶ
3738 3798 3808 3848 ὲκ

554 3874 640 3928 nis
671 3883 884 3939 tempus
911 3876 1047 3922 erat.
1089 3865 1233 3929 llaec,
1258 3872 1315 3917 ut
1344 3863 1541 3917 dictum
1572 3871 1686 3924 est,
1712 3862 1890 3915 aiebat
1911 3861 2119 3924 episco-

2234 3888 2328 3941 τῶν
2376 3861 2806 3959 ύπομνημάτων-
2841 3889 3100 3952 ἐδείκνυε,
3152 3886 3655 3956 διαϐεϐαιουμένων
3708 3886 3805 3938 καὶ

551 3978 655 4031 pus
705 3959 1077 4016 Athanasius:
1111 3957 1224 4011 haec
1267 3971 1330 4009 ex
1374 3955 1504 4022 ipsis
1534 3953 1893 4007 monumentis
1941 3952 2119 4022 palam

2235 3981 2327 4032 τῶν
2349 3982 2442 4034 σὺν
2469 3981 2635 4052 αὐτῷ,
2662 3982 2796 4053 μηδὲ
2818 3981 2955 4044 ὅλως
2976 3978 3136 4034 αὑτὸν
3169 3978 3545 4051 πρεσϐύτερον
3576 3978 3806 4048 γεγενῆ-

553 4053 793 4109 faciebat
825 4069 839 4105 :
879 4052 944 4105 iis
976 4050 1064 4120 qui
1112 4065 1233 4101 cum
1279 4063 1341 4101 eo
1368 4056 1525 4100 erant
1564 4045 1977 4123 allirmantibus,
2019 4059 2121 4098 nec

2235 4071 2344 4123 πθαί
2385 4089 2513 4125 ποτε
2547 4045 2603 4125 ἐφ
2634 4045 2699 4143 τῇ
2724 4045 2984 4143 καθολικῇ
3018 4045 3332 4143 Ἐκκλησία,
3372 4045 3511 4141 μηδὲ
3539 4045 3806 4140 mles

556 4144 832 4215 lscliyram
865 4155 1099 4209 unquam
1131 4139 1183 4192 in
1216 4136 1454 4191 Ecclesia
1488 4135 1753 4188 catholica
1802 4134 1967 4189 fuisse
1997 4148 2122 4205 pre-

2235 4164 2381 4217 ιύτόν
2426 4181 2555 4217 ποτε
2593 4166 2649 4217 ὲν
2690 4167 2756 4234 τῇ
2804 4164 3096 4233 Ἐκκλησία
3126 4163 3199 4226 ὼς
3241 4162 3649 4232 πρεσϐύτερον·
3682 4161 3806 4214 ούῶ

553 4240 856 4309 shyterum,
886 4248 985 4287 nec
1018 4234 1069 4287 in
1096 4230 1480 4285 ecclesiasticis
1510 4227 1868 4281 conventibus
1891 4226 2119 4296 presby-

2236 4256 2328 4325 γὰρ
2378 4254 2496 4307 ούδὲ
2525 4257 2611 4308 ὅτε
2647 4226 2756 4325 (833
2803 4226 3141 4324 Ἀλέξανδρος
3187 4226 3395 4323 ἐδέγετο
3442 4226 3585 4323 μετὰ
3614 4252 3807 4322 φιλαν-

555 4328 653 4382 teri
686 4327 863 4381 locum
909 4324 1188 4380 habuisse.
1218 4321 1357 4388 Quin
1395 4317 1552 4387 117
1582 4331 1689 4385 quo
1723 4326 1963 4386 tempore
1996 4315 2121 4370 Ale-

2235 4315 2464 4417 ipioniav
2492 4346 2591 4415 τῆς
2627 4315 2863 4415 μεγάλης
2892 4315 3107 4398 συνόδου
3123 4315 3257 4407 τοὺς
3272 4315 3395 4395 ἀπὸ
3430 4315 3527 4396 τοῦ
3570 4315 3806 4413 aifatu-

551 4422 781 4488 lauder,
818 4434 1008 4489 magna
1037 4415 1241 4489 synodo
1290 4428 1387 4482 per
1428 4410 1815 4480 indulgentiam
1840 4409 1894 4463 id
1925 4423 2113 4462 conce-

2238 4409 2310 4499 τος
2342 4409 2963 4507 Μελιτίουίὼνομόίσθαι
3010 4437 3170 4489 αὑτὸν
3205 4435 3309 4488 ὑπὸ
3363 4409 3636 4487 Μελιτίου-
3670 4409 3809 4504 μετὰ

555 4512 739 4573 dente,
772 4523 866 4563 eos
891 4507 985 4577 qui
1020 4515 1176 4559 erant
1204 4517 1270 4559 ex
1310 4501 1605 4556 schismate
1643 4498 1863 4563 Meletii,
1893 4498 2117 4566 recepit,

2239 4498 2330 4581 τῶν
2354 4528 2517 4581 αὑτοῦ
2544 4498 2965 4582 διεϐεϐαιοῦντο*
2997 4529 3025 4582 6
3055 4529 3149 4581 καὶ
3182 4527 3436 4598 μέγιστόν
3461 4528 3581 4579 ἐστι
3610 4498 3810 4595 τεκμή-

551 4600 826 4671 lschyram
855 4614 884 4652 a
918 4596 1129 4651 Meletio
1164 4595 1217 4648 in
1255 4608 1483 4647 numero
1515 4592 1953 4660 presbyterorum
1990 4602 2119 4643 suo-

2238 4638 2340 4691 ptov
2380 4622 2453 4693 μὴ
2478 4618 2611 4675 εἶναι
2634 4622 2795 4676 αὐτὸν
2820 4623 2954 4694 μήτε
2992 4592 3273 4676 Μελιτίουξ
3303 4622 3365 4673 Εἰ
3397 4620 3509 4690 γὰρ
3538 4615 3630 4690 ἦν,

555 4707 673 4745 rum
720 4689 1055 4743 nominatum
1105 4701 1210 4741 non
1237 4686 1403 4739 fuisse
1433 4682 1794 4735 aﬂirmabant.
1826 4680 1980 4745 Quod
2008 4694 2124 4733 mae

2243 4732 2331 4778 τως
2365 4680 2455 4767 καί
2488 4716 2649 4779 αὐτὸς
2686 4680 2893 4779 αύτοίςι
2923 4715 3319 4787 συνηριθμεῖτο.
3355 4712 3569 4775 Ἀλλως
3626 4728 3682 4764 τε
3712 4710 3814 4763 καὶ

554 4783 759 4835 ximuru
812 4786 1188 4849 argumentum
1220 4784 1343 4840 est,
1383 4774 1558 4842 ipsum
1609 4786 1676 4826 ne
1707 4786 1773 4824 ex
1819 4768 2124 4827 Meletianis

2240 4825 2282 4860 ιν
2308 4764 2487 4871 δλλοις
2508 4812 2535 4861 6
2563 4764 2807 4879 ’ἰσχύρας
2837 4764 3173 4879 ᾆμευσὰμενος
3206 4806 3478 4859 ἐδείκνυτο
3513 4806 3620 4858 ὑπὸ
3650 4803 3811 4855 Ἀθα-

555 4874 771 4941 quidem
806 4869 1139 4941 presbyteris
1177 4881 1297 4922 esse
1335 4884 1348 4920 :
1381 4880 1502 4919 nam
1548 4864 1593 4918 si
1634 4878 1700 4917 ex
1738 4861 1842 4915 illis
1876 4862 2120 4915 exstitis-

2468 4861 2481 4871 ,
2638 4861 2669 4879 Α
2712 4861 2725 4879 ,
2788 4861 2804 4872 ,
2851 4861 2863 4878 ,
2919 4861 2924 4862 κ
2983 4861 3027 4879 κ,
3153 4861 3170 4870 -

2240 4899 2409 4950 ιασίου
2460 4901 2520 4951 ὲκ
2562 4899 2667 4952 τῶν
2700 4901 3137 4971 ὑπομνημάτων
3180 4901 3569 4969 κατηγορήσας
3599 4897 3706 4967 γὰρ
3732 4896 3811 4958 ὡς

556 4993 678 5048 set,
725 4985 791 5038 iis
824 4998 954 5038 sane
999 4995 1051 5037 et
1100 4983 1214 5051 ipse
1246 4987 1636 5033 annumeratus
1666 4974 1880 5028 fuisset.
1921 4973 2124 5030 Praeter

2242 4988 2444 5041 Βιϐλίων
2498 4992 2865 5062 κεκαυμένων,
2919 4992 3029 5054 ὅτε,
3082 4990 3157 5053 ὡς
3217 4990 3457 5057 λέγουσι,
3526 4991 3813 5059 Μακάριος

556 5075 670 5129 haec
704 5072 808 5127 alia
835 5088 1048 5143 quoque
1092 5072 1323 5142 lschyra:
1350 5067 1632 5122 mendacia
1673 5065 2001 5119 Athanasius
2050 5079 2119 5120 ex

2243 5083 2450 5153 ιπέστη,
2499 5084 2735 5154 ἠλέγχθη
2790 5083 2877 5151 ὑφ’
2908 5076 2984 5135 ὧν
3046 5081 3205 5145 αὐτὸς
3257 5081 3456 5150 ἤνεγκε
3517 5079 3814 5150 μαρτύρων

555 5184 920 5240 monumentis
953 5184 1058 5238 illis
1086 5164 1418 5252 coarguebat
1449 5196 1461 5231 :
1498 5178 1696 5246 quippe
1738 5177 1830 5245 qui
1875 5177 1927 5231 in
1954 5192 2115 5232 accu-

1006 5184 1058 5238 is
1086 5164 1418 5252 coarguebat
1449 5196 1461 5231 :
1498 5178 1696 5246 quippe
1738 5177 1830 5245 qui
1875 5177 1927 5231 in
1954 5192 2115 5232 accu-
2222 5182 2577 5252 ψευσάμενος.

552 5278 763 5333 satione
801 5292 895 5332 sua
928 5277 994 5331 de
1040 5276 1189 5329 libris
1213 5313 1229 5337 ,
1268 5271 1482 5343 quando
1545 5268 1811 5323 Macarius
1843 5309 1858 5333 ,
1909 5280 1968 5325 ut
2022 5270 2123 5339 ipsi
2167 5276 2338 5341 aiunt,
2364 5276 2574 5345 irrupit,
2596 5269 2920 5331 combustis,
2951 5272 3018 5321 ab
3044 5283 3111 5321 us
3142 5267 3271 5334 ipsus
3299 5280 3438 5335 quos
3497 5264 3588 5317 ille
3644 5271 3814 5316 testes

554 5370 800 5423 adhibuit
830 5368 951 5422 falsi
983 5367 1270 5422 convictus
1305 5373 1409 5419 est.
2912 5443 2935 5449 _
3093 5443 3107 5449 Δ
3279 5441 3290 5449 _
3547 5441 3560 5449 _
3763 5432 3785 5449 ,

623 5461 715 5516 ‘29.
750 5460 875 5515 Haec
921 5473 1040 5514 cum
1095 5460 1169 5511 ita
1212 5457 1545 5515 dicerentur,
1577 5460 1633 5505 et
1679 5460 1756 5505 tot
1806 5460 1973 5506 testes
2025 5466 2123 5521 pro

2297 5452 2385 5506 29.
2426 5448 2642 5503 Τούτων
2675 5448 2855 5500 τοίνυν
2880 5443 3057 5507 οὕτως
3093 5441 3428 5511 λεγομένων,
3473 5441 3571 5493 καὶ
3618 5441 3814 5491 τοσού-

556 5550 646 5606 illo
681 5561 914 5618 starent,
944 5558 1133 5621 totque
1163 5549 1277 5617 ipse
1301 5545 1521 5601 aﬂ‘erret
1545 5541 1873 5601 innocentiae
1899 5558 2010 5597 sua:
2031 5557 2123 5595 ar-

2246 5562 2336 5598 των
2392 5544 2491 5613 μὲν
2552 5541 2717 5593 ὄντων
2772 5538 2881 5591 τῶν
2950 5535 3244 5607 μαρτύρων
3288 5532 3399 5585 τῶν
3431 5532 3576 5602 ὑπὲρ
3618 5526 3817 5591 αὐτοῦ,

626 5750 738 5891 (82;
762 5750 920 5819 Reg.,
956 5749 1282 5871 μονομερίαν
1299 5748 1626 5818 γενομένων.

626 5822 715 5891 ςὸὖ
767 5820 907 5874 Editi
952 5821 1109 5891 male.
1158 5880 1161 5881 ν
1194 5836 1265 5871 τι.
1299 5819 1624 5891 Heg._vero,
1662 5816 1965 5891 6re._i_’aulo
1996 5825 2121 5885 post

2247 5765 2292 5802 ex
2360 5748 2493 5821 Reg.
2566 5744 2812 5803 mutuati.
2876 5740 3000 5796 Mox
3074 5738 3230 5809 Regn,
3279 5734 3635 5806 ὠνομάσθαι,
3682 5743 3818 5786 eum

2247 5830 2409 5875 teuto.

621 5816 736 5886 ('83)
767 5816 907 5874 Ε.ὐῖιὶ
952 5816 1109 5877 ἱιιδιοζ
1158 5816 1265 5881 ὅτι.
1299 5816 1440 5886 Heg.
1465 5834 1613 5881 vero,
1665 5818 1777 5872 ὅτε.
1802 5816 1965 5869 Paulo
1996 5825 2121 5885 post
2230 5830 2409 5875 acuto.

554 5888 651 5943 τοῦ
704 5886 830 5945 ante
876 5889 1169 5959 σχίσματος
1228 5892 1374 5943 deest
1436 5888 1490 5942 in
1544 5889 1722 5944 editis.
1781 5886 1886 5943 Nos
1936 5902 2123 5942 sumus
