3978 6502
566 401 674 460 299
1133 402 1190 458 S.
1233 401 1600 459 ATIIANASII
1639 403 1789 461 OPP.
1831 402 2008 458 PARS
2044 403 2091 459 Ι.
2127 433 2198 446 —
2235 399 2610 459 HISTORICA
2647 401 2737 457 ET
2773 401 3196 459 DOGMATICA.
3703 401 3812 459 suo

567 514 751 572 decuit
779 513 860 570 sic
887 521 1081 586 prater
1106 513 1196 585 jus
1225 512 1416 585 fasque
1443 557 1458 582 ,
1489 523 1544 570 et
1581 523 1775 570 contra
1805 512 2131 568 ecclesiasti-

2241 512 2414 565 ταῦθα
2438 512 2713 576 ἐλθόντεςο
2743 514 2792 566 εί
2816 512 2924 585 γὰρ
2957 512 3056 567 καὶ
3087 514 3222 584 μετὰ
3240 513 3338 586 τὴν
3369 515 3587 570 σύνοδον
3637 516 3810 570 ὑπεύ-ο

567 623 690 663 cum
716 621 977 662 canonem
1005 645 1022 672 ,
1071 606 1312 662 ordinari
1363 606 1672 676 quempiam
1703 625 1718 660 :
1747 607 1914 676 118.
1952 606 2050 660 sed
2081 605 2131 660 in

2237 602 2394 667 θυνος
2447 599 2516 675 ἦν
2548 602 2791 675 εὑρεθεὶς
2831 605 2861 658 ό
2913 604 3229 668 Ἀθανάσιος
3272 605 3404 675 (89),
3431 607 3532 659 οὐκ
3569 607 3679 660 εδει
3709 609 3812 682 τὴν

567 697 685 768 ipsa
713 697 946 753 ecclesia
975 737 990 763 ,
1023 713 1090 753 ex
1146 698 1262 768 ipso
1291 697 1617 752 sacerdotali
1646 698 1856 759 ordine,
1906 713 1974 752 ex
2021 697 2131 767 ipso

2234 693 2567 747 κατάστασιν
2597 692 2746 746 οὕτω·
2787 693 3143 764 παρανόμως,
3179 694 3272 746 καὶ
3297 693 3458 765 ,παρὰ
3493 695 3586 748 τὸν
3617 696 3814 770 ἐκκλη-

568 790 738 856 clero,
767 791 834 844 ab
866 790 1136 861 episcOpis
1175 789 1469 858 provinciae
1499 789 1644 843 illius
1688 788 1944 844 constitui
1975 802 2131 858 opor-

2238 785 2514 839 σιαστικδν
2548 785 2747 838 κανόνα
2767 783 3063 854 γενέσθαι·
3095 784 3208 837 ἀλλ’
3240 786 3325 836 ἐπ’
3358 785 3530 855 αὐτῆς
3573 787 3674 856 τῆς
3718 790 3815 842 ἐκ-

570 883 693 950 tuit,
724 892 779 937 et
802 897 1144 953 nequaquam
1168 897 1310 937 nunc
1344 880 1712 950 apostolorum
1742 895 1982 936 canones
2017 879 2133 934 vio-

569 974 693 1029 lari.
729 974 786 1028 Si
828 975 973 1030 enim
1004 977 1056 1030 in
1086 989 1413 1045 quemquam
1445 983 1685 1029 vestrum
1718 974 1821 1028 tale
1855 974 2132 1044 quidpiam

570 1066 918 1121 commissum
951 1076 1112 1133 esset,
1150 1080 1327 1121 nonne
1355 1065 1717 1130 clamassetis,
1749 1080 1925 1120 nonne
1970 1064 2134 1120 viola-

571 1164 750 1210 torum
784 1171 1049 1211 canonum
1073 1157 1366 1211 vindictam
1399 1155 1770 1226 postulassetis
1795 1157 1819 1209 ?
1841 1155 2017 1222 Certe,
2048 1157 2133 1211 di-

571 1246 719 1313 lecti,
751 1247 854 1303 hoc
885 1249 1040 1317 quasi
1071 1248 1180 1303 Deo
1206 1260 1470 1320 praesente
1501 1265 1623 1302 cum
1675 1249 1905 1304 veritate
1958 1249 2132 1318 loqui-

570 1353 713 1402 mur,
747 1354 811 1394 ac
843 1338 994 1393 vobis
1023 1339 1251 1394 dicimus
1283 1356 1297 1393 :
1325 1355 1427 1394 non
1460 1348 1541 1394 est
1567 1340 1668 1394 hoc
1700 1341 1871 1410 pium,
1913 1355 2010 1394 nec
2051 1339 2132 1394 le-

569 1426 839 1498 gitimum,
883 1443 987 1482 non
1021 1428 1373 1484 ecclesiastici
1396 1429 1553 1498 juris.
1585 1429 1701 1500 lpsa
1736 1444 1966 1499 namque
1998 1429 2132 1486 Gre-

569 1518 706 1586 gorii
731 1518 784 1571 in
816 1520 1174 1588 suoingressu
1193 1529 1364 1587 gesta,
1382 1519 1741 1575 ordinationis
1773 1520 1890 1588 ejus
1915 1521 2130 1575 modum

570 1609 831 1666 indicant.
868 1609 924 1664 In
961 1610 1110 1665 hisce
1134 1612 1277 1666 enim
1309 1613 1458 1680 pacis
1500 1611 1827 1681 temporibus
1850 1651 1866 1678 ,
1903 1621 1962 1666 ut
2002 1628 2129 1666 nar-

573 1711 762 1754 rarunt
792 1700 828 1754 ii
859 1701 948 1770 qui
981 1701 1306 1756 Alexandria
1340 1712 1636 1766 venerunt,
1691 1713 1745 1757 et
1783 1704 2132 1772 quemadmo-

570 1791 695 1844 dum
738 1792 976 1861 episcopi
1037 1806 1251 1862 quoque
1304 1791 1502 1847 litteris
1556 1794 1669 1848 suis
1713 1793 2127 1866 signiﬁcaruttt,

2235 875 2484 945 κλησίας,
2532 875 2626 927 ἀπ’
2670 873 2837 946 αὐτοῦ
2875 873 2966 926 τοῦ
3019 874 3309 944 ἱερατείου,
3353 874 3448 927 ἀπ’
3490 873 3660 928 αὑτοῦ
3713 876 3813 930 τοῦ

2214 963 2458 1035 κλήρου,
2493 965 2620 1028 τοὺς
2649 965 2708 1016 ἐν
2746 966 2819 1035 τῇ¹
2860 962 3101 1035 ἐπαρχίᾳ
3140 963 3471 1027 ἐπισκόπους
3500 963 3612 1017 ἔδει
3639 981 3814 1018 κατα-

2236 1057 2447 1127 στῆσαι,
2477 1055 2570 1109 καὶ
2603 1053 2677 1126 μὴ
2697 1053 2792 1108 νῦν
2821 1054 2947 1116 τοὺς
2977 1054 3086 1107 άπὸ
3112 1053 3219 1106 τῶν
3239 1054 3554 1108 ἀποστόλων
3579 1057 3812 1121 κανόνας

2234 1146 2631 1219 παραλύεσθαι.
2657 1143 2804 1218 Ἀρα
2836 1145 2964 1217 γὰρ,
2993 1148 3045 1199 εἰ
3079 1145 3197 1199 καθ’
3230 1145 3348 1209 ἐνὸς
3370 1146 3525 1217 ὑμῶν
3564 1148 3814 1216 ἐγεγόνει

2231 1229 2494 1303 τοιοῦτον,
2519 1238 2618 1290 οὐκ
2641 1237 2707 1290 ἂν
2737 1236 3022 1308 ἐϐοήσατε,
3058 1236 3158 1289 οὐκ
3177 1235 3243 1290 ἂν
3275 1235 3570 1307 ἠξιώσατε,
3597 1239 3676 1301 ὡς
3704 1255 3812 1292 παι-

2236 1329 2609 1401 ραλελυμένων
2653 1327 2762 1380 τῶν
2803 1327 3062 1392 κανόνων,
3112 1327 3507 1400 ἐκδικηθῆναις
3567 1332 3814 1402 Ἀγαπη-

2230 1421 2334 1484 τοί,
2365 1421 2440 1484 ὡς
2472 1419 2612 1474 Θεοῦ
2652 1419 2939 1491 παρόντος,
2987 1418 3124 1490 μετὰ
3169 1419 3427 1490 ἀληθείας
3457 1421 3814 1493 φθεγγόμεθα

2231 1513 2325 1565 καὶ
2357 1512 2604 1582 λέγομεν,
2630 1512 2731 1564 οὐκ
2771 1511 2887 1563 ἔστι
2918 1510 3078 1564 τοῦτο
3123 1512 3363 1575 εὐσεϐὲς,
3393 1512 3523 1566 οὐδὲ.
3556 1513 3809 1583 νόμιμον,

2230 1603 2350 1657 οὐδὲ
2378 1603 2842 1674 ἐκκλησιαστικόν.
2869 1603 2980 1656 Καὶ
3007 1603 3115 1674 γὰρ
3139 1603 3232 1657 καὶ
3258 1602 3327 1656 τά
3351 1603 3624 1672 λεγόμενα
3651 1620 3812 1672 γεγε-

2230 1693 2420 1767 νῆσθαι
2448 1693 2602 1766 παρὰ
2629 1694 2932 1767 Γρηγορίου
2965 1695 3024 1748 ἐν
3053 1697 3118 1766 τῇ
3149 1693 3340 1765 εἰσόδῳ
3369 1693 3536 1748 αὐτοῦ
3568 1694 3812 1749 δείκνυσι

2229 1786 2329 1857 τὴν
2355 1786 2454 1856 τῆς
2483 1785 2869 1850 καταστάσεως
2895 1785 3070 1850 τάξιν.
3101 1786 3188 1840 Ἐν
3203 1787 3310 1856 γὰρ
3326 1786 3591 1848 τοιούτοις
3607 1788 3813 1858 εἰρηνι-

569 1881 800 1934 ecclesia
836 1881 1144 1935 incendium
1189 1896 1347 1951 passa
1391 1892 1516 1948 εει,
1563 1884 1798 1955 virgines
1829 1886 2128 1952 dcuudatm,

2236 1881 2352 1942 κοῖς
2382 1881 2614 1949 καιροῖς,
2639 1878 2714 1943 ὡς
2748 1879 2904 1934 αὐτοὶ
2931 1881 2979 1932 oi
3011 1878 3256 1942 ἐλθόντες
3286 1879 3395 1932 ἀπὸ
3422 1880 3523 1950 τῆς
3565 1857 3813 1944 Ἀλεξανο

570 1972 819 2028 monachi
857 1972 1183 2038 conculcati,
1217 1975 1515 2046 presbyteri
1573 1985 1628 2030 et
1684 1991 1750 2030 ex
1795 1976 1946 2046 plebe
1979 1976 2134 2030 multi

570 2061 756 2116 laniati
786 2077 850 2116 ac
902 2064 1005 2116 vim
1041 2065 1302 2135 perpessi,
1327 2066 1562 2136 episcopi
1595 2067 1943 2122 incarcerem
1977 2067 2133 2133 trusi,

570 2153 724 2208 tnulti
746 2153 948 2209 circum
980 2157 1122 2211 circa
1157 2157 1355 2226 raptati
1384 2177 1396 2211 :
1428 2168 1612 2213 sancta
1643 2160 1898 2231 mysteria
1918 2161 1985 2214 de
2014 2158 2136 2228 qui-

566 2243 672 2299 bus
719 2245 938 2302 violatis
984 2247 1277 2303 Macarium
1327 2250 1707 2321 presbyterum
1758 2252 2129 2316 accusabant,

566 2336 637 2390 ab
661 2336 893 2392 ethnicis
927 2339 1135 2410 direpta
1170 2349 1342 2407 sunt,
1375 2351 1431 2397 et
1480 2344 1531 2396 in
1585 2351 1784 2397 terram
1841 2343 2079 2412 projecta
2115 2361 2130 2398 :

567 2441 742 2496 eoque
773 2429 948 2483 solum
981 2432 1092 2486 haec
1129 2433 1312 2486 omnia
1339 2443 1399 2486 ut
1441 2432 1687 2504 Gregorii
1735 2435 2132 2490 ordinationem

571 2517 741 2600 aliqui
784 2521 1173 2590 admitterent;
1205 2525 1320 2578 hazc
1349 2534 1525 2579 autem
1573 2527 1882 2596 significant
1913 2529 2129 2595 quinam

567 2611 677 2666 sint
719 2612 810 2684 qui
861 2629 1094 2670 canones
1141 2617 1358 2669 violant.
1391 2615 1521 2670 Nam
1552 2618 1596 2670 si
1639 2617 1879 2687 legitima
1933 2617 2129 2672 fuisset

569 2702 866 2769 erdinatio,
906 2720 1244 2775 nequaquam
1296 2717 1494 2776 praeter
1546 2708 1634 2778 jus
1685 2708 1873 2778 fasque
1903 2724 1997 2764 cos
2039 2723 2130 2763 co-

569 2793 766 2861 egisset
793 2797 884 2865 qui
917 2795 1021 2850 sibi
1051 2797 1684 2868 obtemperarelegitime
1710 2801 1993 2868 negabant.
2029 2798 2133 2856 Ve-

572 2892 899 2949 rumtamen,
952 2884 1017 2939 iis
1077 2888 1147 2938 ita
1182 2887 1351 2955 gestis
1373 2926 1388 2950 ,
1419 2889 1674 2951 scribitis,
1707 2903 1957 2958 magnam
2018 2899 2130 2944 tum

571 2983 759 3038 pacem
780 2971 1124 3028 Alexandriae
1164 2984 1219 3028 et
1265 2976 1316 3029 in
1347 2974 1580 3046 [Egypto
1613 2977 1779 3032 fuisse
1807 2997 1820 3032 :
1860 2977 1964 3033 nisi
1993 2977 2132 3033 forte

569 3060 718 3129 pacis
748 3062 888 3118 ratio
919 3072 1122 3119 mutata
1153 3065 1261 3132 sit,
1290 3078 1345 3122 et
1375 3068 1486 3136 jam
1527 3069 1640 3124 haec
1670 3085 1856 3139 pacem
1896 3069 2130 3139 appella-

567 3150 663 3205 tis.

639 3413 726 3469 51.
754 3413 884 3468 illud
914 3429 1130 3486 quoque
1152 3416 1303 3472 vobis
1327 3418 1636 3473 necessario
1660 3419 2004 3475 indicandum
2039 3437 2136 3491 pu-

568 3506 698 3572 tavi,
725 3506 1080 3562 Athanasium
1113 3524 1303 3579 nempe
1335 3509 1655 3577 afﬁrmasse,
1682 3511 1970 3565 Macarium
2005 3512 2133 3583 Tyri

565 3601 667 3654 sub
695 3600 939 3656 custodia
967 3601 1193 3655 militum
1240 3603 1602 3666 remansisse;
1654 3613 2134 3672 accusatoremque

566 3690 737 3743 solum
771 3690 974 3744 abiisse
1013 3706 1134 3744 cum
1193 3691 1259 3745 iis
1291 3691 1383 3759 qui
1422 3692 1474 3744 in
1521 3689 1792 3747 Mareoten
1824 3695 2133 3762 proliciscc-

569 3780 788 3846 bantur,
835 3781 1282 3851 presbyterisque
1327 3782 1642 3851 rogantibus
1671 3793 1728 3837 ιιι
1768 3783 1869 3838 sibi
1909 3784 2135 3854 inquisi-

567 3871 696 3925 tioni
724 3871 914 3926 adesse
936 3871 1145 3935 liceret,
1172 3871 1224 3926 id
1256 3882 1506 3942 negatum
1538 3872 1701 3928 fuisse
1723 3876 2133 3946 ;interrogatio-

568 3977 690 4016 nem
734 3973 915 4018 autem
947 3964 1010 4018 de
1041 3964 1235 4029 calice,
1265 3975 1320 4020 et
1357 3966 1424 4020 de
1455 3981 1638 4022 mensa
1674 3967 1869 4023 factam
1896 3985 2016 4025 esse
2043 3986 2134 4025 co-

570 4067 685 4107 ram
716 4051 981 4122 praefecto
1007 4065 1060 4110 et
1102 4054 1216 4123 ejus
1239 4056 1468 4110 cohorte
1488 4095 1503 4119 ,
1529 4060 1888 4126 praesentibus
1919 4075 2134 4130 quoque

566 4144 799 4198 ethnicis
827 4142 1116 4200 etludaris.
1142 4145 1438 4202 Videbatur
1457 4149 1585 4204 illud
1611 4151 1766 4204 initio
1793 4151 2136 4221 incredibile,

568 4233 671 4287 nisi
709 4234 901 4289 fuisset
936 4250 1003 4290 ex
1052 4237 1183 4305 ipsis
1214 4248 1457 4293 actorum
1502 4243 1866 4298 monumentis
1907 4245 2128 4298 demou-

565 4333 819 4391 stratum,
851 4327 994 4395 quod
1045 4328 1198 4383 nobis
1227 4330 1572 4387 admirationi
1605 4333 1727 4394 fuit.
1753 4343 1813 4388 ιιι
1845 4336 2005 4389 etiam
2034 4349 2125 4389 vo-

562 4418 666 4480 bis,
691 4418 896 4484 dilecti,
932 4420 1050 4476 fore
1077 4422 1354 4478 existi-mo.
1391 4425 1466 4479 Ac
1491 4440 1611 4478 cum
1652 4425 1982 4498 presbyteris
2005 4427 2131 4483 huic

2233 1971 2417 2044 δρείας
2437 1971 2800 2042 ἀπήγγειλαν,
2828 1971 3010 2036 καθὼς
3034 1971 3128 2026 καὶ
3151 1972 3200 2024 οἰ
3229 1971 3520 2024 ἐπίσκοποι
3537 1971 3808 2041 ἔγραψαν,

2233 2067 2274 2136 ἡ
2336 2064 2602 2134 ἐκκλησία
2650 2065 2976 2136 ἐμπρησμὸν
3020 2063 3312 2134 ὑπέμεινε,
3359 2062 3628 2134 παρθένοι
3687 2066 3812 2132 ἐγυ-

2237 2153 2545 2226 μνώθησάν,
2581 2154 2898 2225 μονάζοντες
2938 2154 3410 2226 κατεπατήθησαν,
3443 2155 3809 2227 πρεσϐύτερα

2233 2247 2328 2300 καὶ
2367 2247 2473 2316 (90)
2497 2247 2682 2300 πολλοὶ
2704 2247 2799 2300 τοῦ
2829 2247 2958 2301 λαοῦ
2989 2245 3312 2318 ᾑκίσθησαν,
3334 2248 3426 2300 καὶ
3457 2247 3582 2317 βίαν
3609 2249 3810 2301 πεπόνο

2233 2336 2409 2402 θασιν,
2449 2337 2734 2392 ἐπίσκοποι
2756 2336 3217 2409 ἐφυλακίσθησαν,
3245 2336 3662 2408 περιεσύρησαν
3690 2337 3812 2390 πολ·

2229 2428 2346 2482 λοίσ
2389 2428 2457 2482 τά
2505 2429 2634 2497 ἅγια
2685 2429 2980 2501 μυστήρια,
3021 2429 3106 2498 ἐφ’
3134 2424 3217 2493 οἷς
3237 2428 3479 2500 ᾐτιῶντο.
3521 2430 3811 2500 Μακάριόν

2230 2517 2322 2570 τὸν
2367 2515 2758 2588 πρεσϐύτερον,
2808 2515 2914 2569 ὑπὸ
2953 2514 3180 2568 ἐθνικῶν
3225 2514 3582 2586 διηρπάζετο,
3612 2515 3706 2567 καὶ
3729 2516 3814 2576 εἰς

2230 2609 2333 2679 γῆν
2364 2607 2743 2671 κατεϐάλλετο,
2784 2608 2870 2660 ἵνα
2895 2607 2993 2678 τὴν
3023 2607 3320 2679 Γρηγορίου
3351 2605 3497 2668 τινὲς
3537 2597 3809 2659 κατάστα-

2233 2717 2315 2752 σιν
2354 2699 2630 2765 δέξωνται·
2676 2698 2746 2751 τά
2787 2697 2842 2750 δέ
2885 2697 3113 2751 τοιαῦτα
3172 2697 3410 2751 δείκνυσι
3453 2697 3586 2760 τοὺς
3636 2713 3812 2768 παρα-

2231 2789 2458 2852 λύοντας
2484 2791 2609 2853 τοὺς
2633 2789 2884 2852 κανόνας.
2912 2790 2976 2842 Εἰ
2997 2789 3104 2860 γὰρ
3133 2784 3428 2860 νομίμηῆν
3465 2790 3498 2860 ή
3533 2789 3810 2843 κατάσταφ

2233 2896 2335 2943 σις.
2392 2881 2493 2933 οὐκ
2550 2879 2618 2934 ἂν
2669 2879 2757 2933 διὰ
2795 2880 3143 2950 παρανομίας
3193 2879 3476 2949 ἠνάγκαζε
3522 2877 3808 2932 πείθεσθαι

2229 2970 2355 3033 τοὺς
2380 2969 2626 3041 νομίμως
2655 2969 3016 3032 ἀπειθοῦντας
3032 2967 3198 3039 αὐτῷ.
3219 2970 3330 3021 Καὶ
3353 2969 3525 3039 ὅμως,
3549 2969 3810 3022 τοιούτων

2230 3061 2554 3132 γενομένων,
2581 3061 2822 3132 γράφετε
2849 3062 3070 3134 εἰρήνην
3105 3061 3348 3132 μεγάλην
3378 3060 3710 3131 γεγενῆσθαι
3750 3064 3812 3114 ἐν

2231 3157 2297 3225 τῇ
2349 3153 2720 3226 Ἀλεξανδρείᾳ
2749 3153 2842 3206 καὶ
2881 3157 2948 3224 τῇ
2987 3153 3247 3224 Αἰγύπτῳ
3275 3169 3290 3182 ·
3323 3152 3481 3215 ἐκτὸς
3519 3155 3568 3205 εἰ
3612 3152 3687 3224 μή
3715 3154 3809 3206 ἀν·

2231 3244 2682 3316 τιμεταϐἐϐληται
2710 3245 2771 3299 τὸ
2789 3245 2948 3318 ἔργον
2969 3244 3326 3316 τῆςεῳήνης,
3364 3245 3459 3298 καὶ
3485 3244 3557 3298 τὰ
3586 3243 3812 3299 τοιαῦτα⁸

2232 3339 2451 3408 εἰρήνην
2484 3337 2796 3407 ὀνομάζετε.

2301 3430 2387 3484 3|.
2439 3430 2674 3482 Κάκεῖνο
2709 3430 2767 3482 δὲ
2801 3430 2929 3500 ὑμῖν
2954 3429 3250 3495 ἀναγκαῖον
3289 3427 3515 3499 ἐνόμισα
3547 3425 3805 3500 δηλῶσαι,

2232 3521 2312 3573 ὃτι
2359 3519 2670 3583 Ἀθανάσιος
2704 3518 3068 3572 διεϐεϐαιοῦτο
3098 3518 3384 3589 Μακάριον
3415 3519 3476 3571 ἐν
3505 3518 3671 3590 Τύρῳ
3703 3519 3808 3572 ὑπὸ

2234 3610 2570 3683 στρατιώτας
2615 3611 2964 3684 γεγενῆσθαι,
3004 3611 3096 3665 καὶ
3144 3612 3300 3682 μόνον
3361 3609 3453 3664 τὸν
3497 3611 3807 3682 κατήγορον

2232 3701 2630 3771 ἀπεληλυθέναι
2665 3703 2802 3773 μετὰ
2829 3703 2936 3756 τῶν
2962 3701 3303 3755 ἀπελθόντων
3331 3701 3412 3765 είς
3442 3703 3537 3754 τὸν
3576 3699 3810 3774 Μαρεώ-

2231 3809 2349 3864 την,
2376 3793 2469 3845 καὶ
2494 3792 2622 3856 τοὺς
2649 3793 2748 3863 μὲν
2776 3792 3176 3864 πρεσϐυτέρους
3222 3790 3510 3855 ἀξιοῦντας
3553 3795 3808 3863 παρεῖναι

2231 3887 2288 3937 ἐν
2319 3887 2381 3955 τῇ
2410 3881 2654 3948 ἐξετάσει
2702 3885 2776 3956 μὴ
2821 3882 3290 3956 συ-γκεχωρῆσθαιο
3330 3883 3432 3953 τὴν
3463 3883 3523 3936 δὲ
3562 3883 3806 3950 ἐξέτασιν

2230 3975 2553 4046 γεγενῆσθαι
2581 3976 2710 4047 περί
2738 3976 2995 4048 ποτηρίου
3027 3976 3121 4028 καὶ
3156 3972 3451 4046 τραπέζης,
3479 3976 3574 4027 ἐπὶ
3605 3992 3808 4046 παρου-

2233 4066 2324 4137 σίᾳ
2357 4066 2452 4119 τοῦ
2483 4067 2722 4138 ἐπάρχου
2765 4067 2858 4118 καὶ
2905 4065 3002 4135 τῆς
3051 4063 3257 4130 τάξεως
3290 4063 3479 4129 αὐτοῦ,
3522 4065 3808 4136 παρόντων

2232 4158 2460 4212 ἐθνικῶν
2522 4158 2618 4213 καὶ
2668 4157 2954 4212 Ἰουδαίων.
2997 4155 3166 4210 Τοῦτο
3199 4156 3256 4209 δέ
3297 4156 3442 4209 κατὰ
3484 4158 3589 4221 τὰς
3634 4159 3816 4228 ἀρχάς

2231 4251 2460 4305 ἄπιστον
2495 4245 2583 4320 ἦν,
2616 4252 2664 4303 εἰ
2706 4250 2778 4320 μὴ
2833 4249 2926 4302 καὶ
2971 4250 3036 4302 ἐκ
3067 4249 3173 4302 τῶν
3219 4251 3638 4319 ὑπομνημάτων
3675 4249 3807 4302 ἐδεί-

2232 4360 2414 4406 κνυτο,
2446 4343 2528 4411 ἐφ’
2561 4337 2605 4409 ᾧ
2639 4343 2732 4395 καὶ
2763 4341 3174 4412 ἐθαυμάσαμεν,
3207 4341 3412 4411 νομίζω
3449 4343 3506 4394 δέ
3534 4343 3629 4395 καὶ
3661 4343 3804 4412 ὑμᾶς

2233 4433 2648 4504 ἐπιθαυμάζειν,
2685 4433 2976 4502 ἀγαπητοί.
3013 4432 3378 4504 Πρεσϐύτεροι
3430 4433 3532 4502 μὲν
3559 4435 3660 4486 οὐκ
3689 4433 3806 4484 ἐπι-

562 4510 778 4581 negotio
805 4511 1070 4568 interesse
1096 4529 1202 4567 non
1236 4515 1664 4584 permitteretur,
1701 4517 1824 4572 licet
1857 4519 1890 4572 ii
1931 4529 2130 4589 myste-

2233 4527 2524 4598 τρέπονται
2551 4528 2824 4596 παρεῖναι,
2851 4527 2900 4577 οἰ
2931 4526 3024 4578 καὶ
3051 4525 3158 4578 τῶν
3195 4523 3514 4594 μυστηρίων
3561 4525 3805 4594 λειτουρ-

563 4603 771 4659 riorum
811 4606 1043 4662 ministri
1092 4608 1200 4663 sint
1224 4650 1237 4673 ,
1271 4612 1411 4680 apud
1461 4620 1746 4666 externum
1783 4621 1958 4667 tamen
1983 4611 2130 4681 judi-

2235 4618 2324 4686 γοί
2346 4616 2723 4686 τυγχάνοντες,
2751 4616 2843 4669 ἐπὶ
2866 4615 2922 4668 δὲ
2951 4613 3214 4678 ἐξωτικοῦ
3258 4612 3516 4666 δικαστοῦ
3533 4652 3549 4677 ,
3604 4613 3806 4683 παρόν-

561 4712 703 4762 cem,
731 4701 1089 4768 praesentibus
1118 4703 1558 4772 catechumenis,
1590 4715 1645 4758 et
1670 4704 1811 4773 quod
1858 4706 2128 4775 indignius

2235 4724 2342 4760 των
2387 4705 2827 4776 κατηχουμένων,
2873 4705 2968 4758 καὶ
3007 4704 3068 4756 τό
3112 4721 3175 4771 γε
3219 4703 3329 4773 (91)
3373 4704 3672 4774 χείριστον,
3715 4703 3805 4755 ἐπὶ

559 4797 672 4855 εει,
702 4803 884 4844 coram
921 4791 1152 4848 etlmicis
1181 4804 1235 4848 ει
1256 4792 1478 4859 Iudaeis,
1530 4795 1621 4864 qui
1668 4806 1886 4866 propter
1940 4798 2125 4852 odium

2235 4797 2463 4852 ἐθνικῶν
2535 4797 2630 4850 καὶ
2692 4795 2958 4849 Ἰουδαίων
3007 4795 3114 4848 τῶν
3169 4794 3612 4865 διαϐεϐλημένων
3679 4793 3806 4864 περὶ

559 4879 617 4949 in
643 4879 1105 4938 christianismum
1132 4885 1270 4939 male
1292 4887 1516 4941 audiunt
1539 4885 1670 4957 (92),
1692 4885 2040 4957 interrogatio
2061 4888 2129 4943 de

2233 4889 2323 4942 τὸν
2372 4888 2805 4960 χριστιανισμὸν,
2849 4887 3094 4951 ἐξέτασις
3135 4887 3261 4957 περὶ
3301 4887 3536 4956 αἵματος
3569 4882 3810 4956 Χριστοῦ.

558 4971 824 5041 sanguine
856 4982 909 5026 et
932 4990 1156 5045 corpore
1193 4978 1394 5033 Christi
1424 4979 1602 5033 habita
1633 4989 1736 5032 est.
1765 4977 1901 5033 Nam
1929 4980 1974 5034 si
2002 4995 2124 5035 om-

2233 4981 2327 5034 καὶ
2355 4979 2608 5051 σώματος
2640 4977 2876 5050 Χριστοῦ
2901 4979 3129 5046 γίνεται.
3166 4979 3228 5030 Εἰ
3253 4977 3364 5048 γάρ
3392 4977 3488 5030 καὶ
3520 4976 3659 5039 ὅλως
3683 4976 3803 5041 ἐγε-

557 5063 696 5118 nino
739 5063 916 5120 scelus
963 5078 1334 5136 perpetratum
1384 5079 1488 5135 est,
1513 5071 1753 5137 oportuit
1784 5071 1886 5126 hoc
1924 5072 2123 5141 negotii

2233 5072 2376 5141 γόνει
2425 5089 2478 5125 τι
2522 5069 2922 5141 πλημμέλημα,
2985 5069 3088 5122 ἔδει
3136 5069 3194 5121 ἐν
3241 5069 3306 5138 τῇ
3359 5066 3665 5137 Ἐκκλησία
3698 5066 3803 5118 ὑπὸ

555 5156 612 5213 in
642 5157 880 5214 Ecclesia
910 5175 938 5212 a
972 5158 1185 5214 clericis
1212 5161 1508 5216 secundum
1533 5161 1677 5232 leges
1708 5163 2035 5226 examinari,
2072 5171 2127 5216 et

2233 5164 2507 5236 κληρικῶν
2540 5164 2786 5235 νομίμως
2817 5162 2924 5233 (95)
2959 5161 3308 5229 ἐξετάζεσθαι
3333 5159 3407 5215 τά,
3432 5159 3680 5218 τοιαῦτα,
3709 5157 3802 5212 καὶ

627 5274 737 5340 (89)
769 5273 862 5327 His
889 5274 1084 5329 similia
1116 5276 1236 5330 vide
1264 5276 1422 5342 epist.
1458 5276 1726 5344 encyclica
1759 5291 1942 5343 supra.
2224 5277 2346 5342 quia
2414 5292 2540 5330 cum
2591 5276 2768 5328 statim
2823 5285 2942 5342 post
2983 5275 3161 5344 fugam
3212 5287 3332 5328 eam
3385 5270 3800 5342 conscripserit,

628 5345 742 5414 (90)
770 5344 1036 5398 Partieula
1067 5345 1161 5399 καί
1211 5345 1397 5400 deerat
1426 5347 1476 5398 in
1508 5344 1684 5408 editis,
1721 5347 1812 5398 sed
1847 5362 1964 5400 eam
1995 5347 2120 5414 legit
2223 5346 2461 5399 nomium
2485 5346 2662 5398 omnia
2701 5344 2982 5414 rescivisse
3009 5345 3199 5414 potuit.

553 5413 889 5476 Nannius,et
917 5415 1116 5480 Regius
1135 5417 1299 5468 codex
1337 5414 1518 5469 habet.
1541 5415 1690 5468 Hunc
1713 5415 1885 5470 locum
1917 5416 1996 5470 sic
2034 5413 2122 5470 ex-

2297 5416 2413 5484 (9|)
2439 5415 2591 5484 Reg,
2625 5415 2784 5482 τόγε,
2820 5413 2974 5478 editi,
3004 5413 3063 5466 τό
3089 5431 3169 5484 τε.

553 5485 737 5552 primit
760 5485 1154 5539 Athanasiusin
1191 5484 1415 5550 cpistola
1437 5485 1710 5553 encyclica
1745 5486 2065 5553 praecedenti
2099 5503 2114 5539 :

553 5487 737 5552 primit
760 5487 1154 5539 Athanasiusin
1191 5487 1415 5550 cpistola
1441 5487 1710 5553 encyclica
1745 5487 2065 5553 praecedenti
2099 5503 2114 5539 :

553 5554 911 5626 πρεσϐύτεροι
943 5554 1052 5626 γὰρ
1069 5557 1166 5626 καὶ
1191 5553 1367 5626 λαῖκοί
1398 5552 1726 5626 ἐξέσθησαν.
1760 5554 1906 5626 lianc
1940 5570 2116 5626 rerum

2319 5487 2409 5548 92)
2452 5487 2540 5537 Vel
2572 5487 2710 5552 apud
2735 5487 3073 5538 Christianas
3094 5487 3408 5537 dilTamat-is.

2293 5487 2406 5625 ίςιδ)
2453 5554 2607 5626 Reg“
2634 5554 2899 5626 νομίμων,
2936 5569 3057 5626 quae
3093 5568 3218 5626 vero
3246 5560 3554 5626 sequuntur
3586 5559 3703 5619 post

552 5619 896 5678 Alexandriae
941 5619 994 5694 in
1023 5619 1296 5694 'Gregorii
1349 5619 1647 5678 intrusione
1697 5623 2112 5694 descriptionem

2233 5619 2462 5688 τοιαῦτα,
2484 5619 2569 5676 illa
2589 5619 2796 5692 nempe,
2817 5619 2996 5693 καὶμὴ
3017 5622 3119 5676 ὑπὸ
3132 5622 3380 5684 ἐθνικῶν,
3399 5633 3531 5683 etc.,
3548 5635 3714 5694 usque
3728 5619 3804 5694 ad

553 5703 823 5762 gestarum
861 5691 1047 5747 confer
1078 5688 1234 5748 sud'es
1262 5709 1380 5747 cum
1424 5695 1610 5748 eadem
1641 5688 1892 5760 epistola.
1915 5692 1987 5746 De
2023 5709 2112 5746 sa-
2221 5695 2444 5748 τοιαῦτα
2461 5688 3799 5761 sequens.'inediti'sdeerant,etexmannscriptis,

552 5760 662 5816 éris
688 5770 865 5816 autem
903 5763 1175 5832 mysteriis
1239 5779 1316 5817 ιιω
1350 5763 1576 5833 gentiles
1610 5763 1977 5831 indignissime
2006 5772 2116 5817 tra-
2215 5765 2388 5832 .llcgio
2407 5760 2653 5824 excepto,
2685 5763 3019 5830 exciderant,
3051 5765 3192 5835 quod
3221 5765 3450 5833 phrases
3471 5763 3662 5818 eodem
3680 5773 3801 5815 ωομ-

552 5835 787 5889 ctarunt,
819 5831 948 5888 nihil
977 5833 1129 5889 habet
1150 5779 1545 5889 Aiiianasiusin
1569 5833 1792 5889 epistola
1820 5834 2110 5889 cncvdica.
2220 5834 2289 5889 do
2320 5837 2372 5889 in
2393 5833 2618 5888 τοιαῦτα
2644 5834 2969 5889 desinerent.
3317 5842 3323 5846 '

551 5835 787 5899 clarum,
819 5831 948 5888 nihil
977 5833 1129 5892 habet
1150 5831 1545 5890 Athatta‘siusiu
1569 5833 1792 5906 epistola
1820 5834 2110 5906 encyclica,

2233 5834 2289 5891 lo
2310 5831 2372 5892 in
2393 5833 2618 5888 τοιαῦτα
2644 5834 2969 5890 desinerent.
3066 5831 3082 5835 ⁷
3222 5831 3237 5833 ’
3317 5842 3323 5846 ·

2319 5486 2409 5548 92)
2452 5483 2540 5537 Vel
2572 5486 2710 5552 apud
2735 5484 3073 5538 Christianas
3094 5482 3408 5537 diffamat-is.
