3978 6512
563 356 667 413 305

1122 360 1181 415 S.
1221 362 1597 420 ATHANASII
1631 366 1785 423 OPP.
1826 368 2007 427 PARS
2046 370 2083 425 Ι.
2124 399 2192 410 -—
2232 370 2603 429 HISTORICA
2643 371 2728 427 ET
2767 372 3197 431 DOGMATICA.

3697 371 3806 431 σοι

559 485 884 543 perpessas:
918 489 983 531 ac
1025 476 1081 532 in
1112 477 1226 533 suis
1276 477 1504 551 aliisque
1552 480 1805 537 Ecclesiis
1851 484 1997 552 paria
2055 484 2120 539 iis

2225 486 2315 538 xui.
2352 485 2563 539 ἀδικίαν
2583 484 2681 548 τὰς
2710 483 3128 558 (υῈκκλησίας
3158 487 3498 551 πεπονθέναι,
3527 489 3622 541 καὶ
3646 488 3807 559 ὃμοια

560 578 679 637 quae
708 563 1046 622 Alexandriae
1090 577 1238 638 gesta
1273 582 1393 624 esse
1421 570 1774 640 afﬁrmat-unt,
1809 587 1912 626 non
1945 572 2118 627 solum

559 655 744 718 verbo,
784 655 878 710 sed
918 665 975 712 et
1010 657 1172 714 rebus
1222 658 1373 727 ipsis.
1418 658 1497 713 Ex
1538 659 1774 731 Egypto
1823 676 2034 731 quoque
2073 670 2129 716 et

556 743 879 799 Alexandria
914 761 1082 817 nuper
1105 761 1227 803 cum
1267 746 1462 803 litteris
1506 748 1856 805 advenientes
1893 751 2124 824 presby-

561 836 683 900 teri,
724 836 869 895 baud
900 838 1016 893 sine
1056 836 1272 908 querela
1302 846 1357 892 et
1385 840 1586 908 gemitu
1629 841 1809 897 testati
1838 850 1983 906 sunt,
2014 843 2129 911 epi-

558 942 749 996 scopos
789 928 1094 999 complures
1122 944 1183 985 ac
1212 932 1590 1001 presbyteros,
1630 934 1721 1001 qui
1760 934 1827 987 ad
1865 934 2123 1004 synodum

556 1030 617 1072 se
656 1017 902 1073 conferre
934 1019 1148 1085 vellent,
1177 1020 1475 1089 prohibitos
1507 1021 1694 1079 luisse.
1723 1023 1954 1082 Aiebant
1980 1024 2123 1079 enim

557 1118 679 1179 post
704 1109 985 1166 Athanasii
1017 1111 1334 1178 discessum,
1361 1114 1526 1167 etiam
1565 1129 1735 1185 usque
1778 1116 1844 1169 ad
1889 1131 2126 1185 praesens

556 1209 794 1270 tempus,
853 1203 1152 1274 episcopos,
1209 1220 1407 1274 eosque
1443 1205 1803 1271 confessores,
1828 1208 1996 1279 plagis
2048 1208 2126 1264 la—

557 1294 728 1358 niari,
771 1295 903 1350 alios
946 1296 998 1352 in
1047 1313 1266 1353 carcere
1299 1297 1573 1354 detineri:
1616 1297 1835 1368 jamque
1873 1301 2126 1369 antiquos

554 1385 829 1453 prmsules,
855 1387 947 1456 qui
979 1388 1175 1444 multos
1203 1403 1375 1444 annos
1412 1390 1465 1443 in
1496 1389 1804 1458 episcopatu
1853 1399 2127 1460 transegc~

555 1484 699 1542 rant,
744 1478 810 1531 ad
843 1479 1144 1535 ministeria
1188 1479 1401 1551 publica
1451 1480 1588 1535 tradi
1630 1498 1644 1535 :
1688 1490 1744 1535 et
1776 1494 1966 1536 omnes
2012 1481 2126 1537 fere

554 1567 807 1623 Ecclesiae
853 1570 1127 1625 catholica;
1170 1571 1428 1636 clericos,
1476 1579 1533 1625 et
1590 1570 1850 1640 populos,
1912 1570 2124 1627 insidiis

553 1660 728 1728 appeti
756 1674 820 1715 ac
860 1663 1285 1731 persecutionem
1318 1664 1607 1719 sustinere.
1636 1664 1935 1719 Nonnullos
1979 1664 2123 1720 enim

444 1800 449 1805 .
552 1750 958 1821 episcoporum,
1001 1760 1057 1809 et
1096 1753 1354 1823 quosdam
1390 1753 1608 1819 fratres,
1659 1763 1906 1810 extorres
1945 1754 2122 1812 factos

552 1841 824 1909 dicebant,
851 1844 994 1898 nulla
1031 1844 1134 1898 alia
1170 1845 1237 1900 de
1266 1859 1451 1910 causa,
1507 1846 1611 1901 nisi
1644 1854 1702 1900 ut
1729 1847 1812 1901 vel
1856 1848 2005 1902 inviti
2034 1862 2125 1904 co—
2153 1830 2195 1885 Β

510 1924 521 1933 ί
552 1944 828 2005 gerentur,
862 1952 982 1993 cum
1013 1935 1291 2007 Gregorio,
1321 1946 1375 1992 et
1404 1936 1521 2006 ejus
1566 1938 1924 1994 sectatoribus
1965 1939 2123 1994 Aria-

553 2028 657 2094 nis,
683 2031 1109 2085 communicare.
1155 2030 1385 2101 Ancyra
1427 2038 1609 2084 autem
1646 2031 1700 2084 in
1729 2028 1965 2095 Galatia,
2015 2046 2120 2086 non

553 2135 745 2192 pauca,
771 2123 865 2177 sed
888 2131 945 2177 et
978 2122 1044 2176 iis
1072 2135 1191 2191 quae
1228 2120 1571 2176 Alexandria:
1608 2128 1754 2191 gesta
1801 2132 1933 2176 sunt
1971 2120 2123 2190 paria

552 2214 841 2269 commissa
871 2215 1190 2281 audivimus,
1215 2228 1337 2268 cum
1372 2215 1439 2268 ab
1476 2212 1618 2276 aliis,
1665 2221 1777 2269 tum
1808 2228 1835 2266 a
1871 2212 2123 2267 Marcello

552 2306 645 2374 qui
673 2304 805 2360 illud
839 2305 1145 2361 testimonio
1165 2319 1265 2359 suo
1292 2304 1667 2360 confirmabat.
1697 2304 1777 2359 Ad
1807 2304 1939 2367 haec,
1969 2312 2119 2357 tanta

556 2407 772 2466 tamque
811 2397 1014 2452 atrocia
1066 2398 1271 2455 scelera
1311 2400 1691 2456 nonnullorum
1740 2416 1806 2457 ex
1842 2400 2018 2467 vobis,
2063 2409 2122 2455 ut

554 2487 805 2543 nomina'
836 2502 1023 2546 eorum
1080 2497 1329 2558 taceam,
1381 2491 1450 2547 ab
1505 2490 1887 2547 accedentibus
1940 2492 2117 2548 delata

553 2585 715 2643 sum;
754 2586 810 2632 ut
851 2593 952 2648 ego
995 2579 1084 2633 illa
1141 2581 1379 2637 scribere
1431 2582 1636 2638 veritus
1675 2584 1779 2639 sim
1816 2601 1829 2638 :
1864 2599 1984 2655 qua:
2024 2599 2120 2640 vos

554 2665 785 2723 fortasse
820 2666 1116 2727 didiceritis
1148 2671 1215 2727 ab
1250 2671 1390 2728 aliis.
1432 2673 1639 2733 Etenim
1690 2675 1806 2729 haec
1844 2674 2119 2745 potissima

554 2759 685 2817 mihi
733 2760 1003 2815 scribendi
1053 2776 1215 2817 causa
1266 2764 1399 2831 fuit,
1441 2775 1496 2820 et
1535 2780 1631 2822 vos
1676 2766 2027 2829 adhortandi,
2061 2776 2121 2822 ut

555 2851 662 2905 huc
714 2854 976 2908 veniretis
1022 2873 1037 2909 ι
1079 2871 1187 2922 quo
1235 2864 1289 2911 et
1340 2873 1521 2913 coram
1585 2860 1699 2914 haec
1754 2860 2019 2925 audiatis,
2065 2870 2121 2916 et

552 2944 735 2998 omnia
783 2946 980 3016 corrigi
1028 2947 1187 3018 120
1228 2958 1284 3003 et
1336 2952 1515 3005 sanari
1557 2961 1773 3021 queant.
1829 2952 2119 3023 Propterea

553 3034 788 3089 alacrius
822 3039 1119 3092 accersitos
1150 3053 1437 3095 occurrere
1482 3044 1743 3112 oportuit,
1784 3054 1838 3100 et
1878 3060 1985 3099 non
2036 3061 2120 3101 re-

554 3139 751 3181 cusare
778 3146 791 3182 ε
819 3142 883 3183 ne
912 3130 953 3182 si
1001 3145 1104 3184 non
1150 3144 1525 3196 occurrerent.
1571 3136 1637 3189 de
1664 3134 1775 3203 jam
1822 3137 1979 3193 dictis
2024 3154 2116 3192 su-
2146 3163 2187 3221 ς

557 3220 722 3285 specti
757 3220 1103 3283 haberentur,
1137 3232 1321 3294 utpote
1350 3225 1442 3295 qui
1474 3241 1561 3281 res
1591 3242 1620 3280 a
1648 3241 1709 3282 se
1740 3227 1973 3299 scriptas
2001 3243 2121 3301 pro-

556 3311 689 3367 bare
713 3328 818 3371 non
850 3314 1143 3382 potuerint.

622 3494 710 3548 34.
754 3493 878 3550 Haac
920 3511 1041 3551 cum
1088 3496 1162 3551 ita
1196 3496 1371 3551 delata
1414 3497 1565 3565 sint,
1593 3506 1648 3551 et
1691 3496 1943 3553 Ecclesia
1985 3498 2121 3554 adeo

552 3588 805 3658 gravibus
840 3600 1156 3655 premantur
1200 3590 1381 3653 malis,
1427 3604 1490 3643 ac
1526 3588 1739 3643 insidiis
1771 3598 2116 3659 appetantur,

553 3691 612 3734 nt
641 3680 978 3735 aﬂirmavere
1007 3682 1099 3750 qui
1138 3682 1252 3737 haec
1298 3681 1705 3746 renuntiabant;
1733 3680 1949 3750 quinam
1992 3689 2120 3735 sunt

552 3774 644 3842 qui
688 3772 960 3829 flammam
994 3774 1278 3828 discordiae
1322 3774 1663 3828 accendunt?
1699 3788 1868 3828 nosne
1896 3773 1986 3842 qui
2016 3774 2118 3828 ista

553 3865 831 3928 dolemus,
883 3874 938 3919 et
983 3875 1206 3918 vexatos
1256 3864 1452 3918 fratres
1521 3865 1862 3929 miseramur,
1912 3880 1977 3918 an
2027 3865 2117 3933 qui

554 3956 676 4009 talia
721 3966 1035 4025 perpetrant
1083 3954 1362 4009 facinora?
1398 3954 1563 4009 Miror
1602 3956 1781 4021 enim,
1824 3971 1946 4010 cum
1995 3956 2119 4012 talis

554 4063 616 4101 ac
653 4055 798 4101 tanta
844 4063 1022 4101 rerum
1069 4046 1407 4117 perturbatio
1447 4046 1611 4101 fuerit
1652 4047 1703 4101 in
1753 4047 1976 4118 singulis
2016 4047 2121 4103 Ec-

556 4138 760 4201 clesiis,
813 4152 931 4205 quae
978 4152 1140 4191 causa
1178 4138 1283 4191 illis
1320 4137 1419 4190 fuit
1465 4129 1579 4191 huc.
1616 4139 1975 4205 properandi,
2023 4153 2120 4194 vos

555 4237 731 4283 tamen
761 4215 1031 4292 scribere,
1074 4230 1415 4283 concordiam
1448 4230 1498 4283 iu
1533 4229 1789 4284 Ecclesiis
1822 4232 2113 4286 exstitisse.

552 4314 677 4376 Haec
704 4332 882 4375 autem
917 4336 1023 4377 non
1056 4322 1119 4376 ad
1164 4322 1571 4377 aedificationem
1607 4322 1884 4385 Ecclesiae,
1921 4323 2016 4377 sed
2052 4323 2116 4377 ad

551 4410 669 4483 ejus
716 4411 925 4467 ruinam
980 4421 1208 4483 vergunt
1250 4432 1264 4468 :
1306 4423 1359 4467 et
1404 4414 1493 4482 qui
1550 4412 1634 4466 bis
1684 4415 1955 4481 gaudent,
2011 4427 2114 4467 non

2226 578 2335 629 τῶν
2366 576 2505 629 κατὰ
2550 576 2951 648 Ἀλεξάνδρειαν
2982 578 3082 632 καὶ
3112 578 3209 642 τὰς
3238 579 3467 644 ἑαυτῶν,
3498 580 3592 633 καὶ
3623 582 3681 634 ἐν
3709 581 3807 635 ἆλ-

2226 666 2345 730 λαις
2376 666 2725 738 Ἐκκλησίαις
2757 668 3085 740 γεγενῆσθαι
3116 669 3525 734 διεεεὸαιοῦντο,
3561 670 3624 723 ού
3665 669 3808 742 λόγῳ

2230 759 2407 828 μόνον,
2426 759 2561 813 ἀλλά
2596 760 2689 813 καὶ
2704 760 3010 830 πράγμασι.
3031 761 3144 814 Καὶ
3166 761 3224 827 ἐξ
3240 761 3514 830 Αἰγύπτου
3530 760 3586 813 δὲ
3601 761 3812 832 καὶτῆς

2238 849 2661 922 Ἀλεξανδρείας,
2696 851 2858 904 πάλιν
2888 852 3133 915 ἐλθόντες
3157 852 3250 907 νῦν
3276 851 3636 924 πρεσϐύτεροι
3674 853 3812 927 μεεά

2224 941 2585 1012 γραμμάτων,
2615 942 2979 1013 ἀπωδύροντο,
3024 944 3108 999 ὅτι
3151 945 3337 997 πολλοὶ
3370 945 3664 997 ἐπίσκοποι
3717 945 3814 998 καὶ

2225 1031 2603 1103 πρεσϐύτεροι,
2630 1032 2872 1098 θέλοντες
2899 1034 3072 1098 ἐλθεῖν
3098 1037 3178 1098 εἰς
3208 1037 3305 1107 τὴν
3331 1036 3572 1101 σύνοδον,
3613 1036 3814 1090 ἐκωλύ-

2226 1120 2418 1192 θησαν.
2465 1124 2639 1195 Μέχρι
2675 1124 2781 1194 γὰρ
2813 1123 2906 1179 νῦν
2946 1125 3039 1179 καὶ
3078 1126 3216 1195 μετά
3232 1127 3342 1198 οτὴν
3375 1127 3469 1181 τοῦ
3504 1129 3811 1191 ἐπισκόπου

2236 1211 2552 1266 Ἀθανασίου
2585 1214 2913 1285 ἀποδημίαν,
2934 1215 3118 1284 ἔλεγον
3152 1218 3481 1280 ἐπισκόπους
3515 1219 3594 1289 (2)
3622 1220 3812 1289 ὁμολο-

2224 1304 2396 1375 γητάς
2423 1305 2857 1367 κατακόπτεσθαι
2882 1306 3137 1377 πληγαῖς,
3160 1309 3253 1363 καὶ
3281 1309 3474 1377 ἄλλους
3509 1310 3810 1379 φυλακίζε-

2226 1394 2375 1461 σθαι,
2424 1397 2523 1467 ἤδη
2568 1396 2625 1450 δὲ
2670 1397 2767 1450 καὶ
2810 1399 3089 1469 ἀρχαίους,
3152 1400 3396 1457 πλεῖστον
3444 1402 3567 1455 ὅσον
3621 1403 3812 1473 χρόνον

2224 1486 2444 1557 ἔχοντας
2487 1490 2545 1540 ἐν
2592 1491 2659 1559 τῇ
2695 1490 2988 1560 ἐπισκοπῇ,
3041 1492 3122 1554 είς
3166 1490 3507 1563 λειτουργίας
3544 1492 3812 1563 δημοσίας

2223 1575 2633 1646 παραδίδοσθαι,
2685 1578 2778 1631 καὶ
2827 1577 3009 1648 σχεδὸν
3043 1580 3249 1644 πάντας
3287 1580 3415 1644 τοὺς
3460 1581 3562 1651 τῆς
3598 1582 3813 1635 καθολιο

2224 1666 2325 1737 κῆς
2356 1666 2678 1737 Ἐκκλησίας
2703 1667 3015 1740 κληρικοὺς,
3039 1672 3134 1724 καὶ
3154 1671 3334 1736 λαοὺς,
3359 1672 3811 1728 ἐπιϐουλεύεσθαι

2224 1760 2317 1813 καὶ
2347 1759 2654 1822 διώκεσθαι,
2697 1763 2807 1816 Καὶ
2856 1763 2963 1835 γὰρ
3013 1764 3106 1817 καί
3137 1781 3288 1827 τινας
3322 1766 3685 1831 ἐπισκόπους,
3717 1766 3812 1819 καί

2222 1866 2374 1914 τινας
2395 1850 2656 1925 ἀδελφοὺς
2679 1850 3001 1923 ὑπερορίους
3019 1853 3203 1921 ἔλεγον
3224 1854 3554 1924 γεγενῆσθαι
3570 1857 3640 1909 δι’
3659 1856 3811 1910 οὐδὲν

2222 1940 2427 2013 ἕτερον,
2477 1942 2510 2012 ἢ
2561 1942 2645 1995 ἵνα
2670 1942 2765 1997 καὶ
2804 1942 3026 2008 ἄκοντες
3071 1945 3488 2014 ἀναγκάζωνται
3528 1950 3810 2001 κοινωνεῖν

2222 2032 2505 2105 Γρηγορίῳ
2530 2034 2625 2087 καλ¹
2648 2035 2760 2097 τοῖς
2786 2036 2881 2089 σὺν
2905 2034 3054 2105 αὐτῷ
3097 2037 3411 2108 Ἀρειανοῖς.
3445 2038 3559 2090 Καὶ
3592 2038 3652 2091 ἐν
3688 2039 3811 2107 ’Δγ-ο

2222 2124 2365 2197 κύρᾳ
2388 2126 2444 2180 δὲ
2474 2126 2575 2197 τῆς
2603 2126 2870 2193 Γαλατίας
2899 2128 2972 2200 (5)
3005 2129 3103 2182 οὐκ
3132 2129 3287 2198 ὀλίγα
3323 2129 3679 2201 γενενῆσθαι,
3709 2132 3806 2185 ἀλ-

2221 2215 2289 2269 λὰ
2313 2216 2383 2270 τὰ
2412 2216 2552 2279 αὐτὰ
2571 2218 2732 2272 πάλιν
2752 2221 2864 2284 τοῖς
2893 2219 3033 2273 κατά
3067 2220 3475 2295 Ἀλεξάνδρειαν
3492 2225 3809 2297 γενομένοις

2220 2306 2532 2379 ἠκούσαμεν
2563 2310 2658 2363 καὶ
2684 2309 2813 2381 παρ’
2846 2310 3067 2382 ἐτέρων,
3096 2312 3188 2365 καὶ
3213 2313 3535 2385 Μάρκελλος
3562 2316 3621 2369 δὲ
3640 2318 3670 2369 ὁ
3691 2317 3809 2371 ἐπί-

2223 2415 2427 2461 σκοπος
2466 2399 2882 2472 διεμαρτύρατο.
2912 2400 3056 2472 Πρός
3087 2402 3143 2457 δὲ
3176 2402 3388 2469 τούτοις
3428 2407 3523 2459 καὶ
3550 2408 3811 2473 τοιαύτας

2220 2491 2578 2566 κατηγορίας,
2634 2491 2729 2545 καὶ¹
2758 2490 2900 2547 οὕτω
2935 2493 3114 2557 δεινὰς
3146 2496 3288 2549 κατά
3330 2488 3499 2552 τινων
3539 2498 3599 2565 ἐξ
3633 2500 3806 2570 ὑμῶν,

2222 2582 2307 2634 ἵνα
2344 2582 2417 2653 μὴ
2449 2581 2589 2650 λέγω
2611 2583 2677 2635 τὰ
2695 2582 2949 2654 ὀνόματα,
2975 2585 3023 2636 οἱ
3050 2585 3464 2656 ἀπαντήσαντες
3492 2590 3803 2660 είρήκασιν,

2219 2672 2287 2736 ἃς
2329 2672 2439 2743 ἐγὼ
2482 2675 2581 2745 μὲν
2619 2675 2825 2746 γράψαι
2862 2678 3296 2749 παρῃτησάμην*
3329 2678 3473 2744 Δἴσως
3507 2679 3565 2733 δὲ
3602 2680 3677 2750 (4)
3716 2682 3809 2735 καὶ⁸

2221 2764 2379 2835 ὑμεῖς
2417 2766 2545 2838 παρ’
2579 2766 2778 2837 ἐτέρων
2799 2767 3089 2837 ἀκηκόατε.
3121 2766 3220 2831 Διά
3251 2752 3409 2821 τοῦτο
3438 2769 3548 2841 γάρ
3574 2772 3810 2841 μάλιστα

2220 2855 2312 2908 καὶ
2328 2856 2541 2927 ἔγραψα
2566 2858 3005 2930 προτρεπόμενος
3033 2859 3177 2929 ὑμᾶς
3201 2858 3396 2927 ἐλθεῖν,
3422 2861 3510 2914 ἵνα
3534 2864 3635 2917 καὶ
3665 2882 3808 2936 παρ-

2220 2945 2370 3010 όντες
2426 2948 2714 3019 ἀκούσητε,
2778 2948 2872 3003 καὶ
2907 2948 3081 3001 πάντα
3113 2948 3475 3021 διορθωθῆναι
3510 2953 3610 3006 καὶ
3644 2953 3807 3026 θερα-

2221 3038 2485 3111 πευθῆναι
2526 3038 2746 3111 δυνηθῇ.
2790 3039 2988 3092 Ἐπὶδέ
3013 3040 3216 3094 τούτων
3263 3042 3339 3112 (5)
3375 3042 3809 3115 προθυμοτέρως

2222 3128 2328 3181 ἔδει
2371 3131 2495 3191 τοὺς
2537 3128 2831 3200 κληθέντας
2863 3129 3170 3201 ἀπαντῆσαι
3216 3132 3310 3184 καὶ
3359 3132 3433 3203 μὴ
3462 3136 3811 3205 παραιτήσα.

2222 3220 2367 3281 σθαι,
2397 3222 2482 3273 ἵνα
2512 3220 2585 3291 μὴ
2615 3221 2751 3284 τέως
2780 3220 3008 3277 ὕποπτοι
3039 3222 3167 3292 περὶ
3186 3222 3255 3283 τὰ
3283 3222 3570 3292 λεχθέντα,
3602 3225 3698 3278 ἐὰν
3733 3226 3807 3298 μὴ

2218 3313 2571 3383 ἀπαντήσωσι
2596 3308 2941 3383 νομισθῶσιν,
2966 3312 3040 3376 ὡς
3070 3312 3142 3383 μὴ
3164 3312 3241 3383 (6)
3266 3313 3559 3385 δυνάμενοι
3589 3315 3806 3386 ἐλέγξαι

2217 3400 2254 3456 ἆ
2278 3400 2540 3472 ἔγραψαν.
2564 3428 2565 3431 η
3326 3454 3329 3455 ,

2290 3494 2377 3549 54.
2424 3493 2639 3547 Τούτων
2690 3494 2867 3549 τοίνυν
2909 3494 3050 3549 οὓτω
3101 3495 3430 3566 λεγομένων,
3491 3498 3591 3551 καὶ
3635 3497 3805 3562 οὕτως

2217 3585 2324 3637 τῶν
2350 3585 2679 3655 Ἐκκλησιῶν
2704 3586 3041 3660 πασχουσῶν,
3070 3588 3163 3641 καὶ
3185 3587 3714 3659 ἐπιϐουλευομένων,
3730 3592 3804 3653 ὡς

2219 3680 2267 3731 οἱ
2298 3678 2727 3747 ἀπαγγέλλοντες
2763 3678 3174 3745 διεϐεϐαιοῦντο,
3208 3681 3350 3745 τίνες
3377 3683 3517 3736 εἰσὶν
3544 3685 3597 3736 οἱ
3633 3684 3805 3754 φλόγα

2219 3769 2482 3839 διχονοίας
2510 3768 2845 3835 ἀνάψαντες;
2902 3772 3061 3841 ἡμεῖς
3102 3772 3151 3823 οἱ
3184 3771 3515 3842 λυπούμενοι
3561 3776 3659 3827 ἐπὶ
3692 3778 3804 3838 τοῖς

2194 3910 2195 3913 η
2218 3858 2497 3923 τοιούτοις,
2516 3859 2609 3915 καὶ
2631 3862 3038 3931 συμπάσχοντες
3063 3864 3175 3925 τοῖς
3204 3864 3503 3933 πάσχουσιν
3526 3866 3799 3936 ἀδελφοῖς,

2220 3950 2324 4020 ﬁo!
2351 3949 2420 4003 τά
2444 3948 2665 4002 τοιαῦτα
2692 3950 3082 4021 ἐργασάμενοι;
3100 3951 3374 4022 Θαυμάζω
3386 3954 3496 4023 γὰρ
3523 3956 3664 4019 πῶς,
3690 3974 3803 4010 τοι-

2221 4041 2390 4112 αύτης
2412 4042 2504 4094 καὶ
2531 4040 2796 4111 τοσαύτης
2822 4044 2935 4094 ἐκεῖ
2957 4043 3359 4107 ἀκαταστασίας
3408 4045 3531 4099 καθ’
3563 4049 3803 4121 ἑκάστην

2232 4134 2551 4205 Ἐκκλησίαν
2576 4133 2761 4205 οὔσης,
2789 4134 2858 4186 δι’
2879 4136 2944 4203 ἢν
2987 4135 3081 4186 καὶ
3108 4134 3157 4186 οἱ
3189 4136 3606 4207 ἀπαντήσαντες
3637 4136 3801 4211 ἦλθον

2218 4225 2471 4289 ἐνταῦθα,
2498 4224 2738 4296 γρᾴφετε
2770 4225 2925 4295 ὑμεῖς
2951 4224 3198 4295 ὁμόνοιαν
3230 4228 3565 4295 γεγενῆσθαι
3600 4232 3659 4283 ἐν
3681 4233 3800 4296 ταῖς

2231 4317 2574 4386 Ἐκκλησίαις
2590 4333 2603 4346 ο
2633 4315 2699 4368 τὰ
2721 4315 2776 4367 δὲ
2794 4314 3014 4369 τοιαῦτα
3034 4318 3133 4371 οὐκ
3156 4316 3247 4369 ἐπὶ
3269 4318 3526 4389 οἰκοδομῇ
3544 4322 3646 4391 τῆς
3680 4322 3801 4374 Ἐκ-

2219 4410 2464 4478 κλησξας.
2494 4408 2609 4465 ἀλλ’
2637 4408 2729 4461 ἐπὶ
2752 4408 3065 4478 καθαιρέσει
3105 4408 3307 4479 ταύτης
3339 4410 3583 4477 γίνεται·
3632 4414 3721 4466 xa‘t
3747 4412 3797 4465 οἱ

621 4678 694 4750 (l)
745 4679 914 4745 Editi,
941 4682 1062 4752 τῆς,
1094 4680 1368 4737 mendose.
1400 4680 1535 4751 Reg.
1568 4695 1715 4746 vero,
1743 4681 1843 4745 τὰς
1890 4679 2119 4752 Ἐκκλη-
2150 4682 2196 4739 D
2224 4678 2533 4752 presbyteri,
2562 4692 2608 4731 et
2652 4677 2788 4748 quod
2818 4693 2936 4752 cum
2962 4677 3207 4752 lacrymis
3226 4677 3477 4752 luctuque
3505 4689 3583 4733 est
3614 4682 3794 4736 dicen-

550 4747 691 4803 sisic.

737 4816 796 4871 In
813 4820 1139 4901 epistola-ad
1174 4820 1441 4901 solitarios
1469 4821 1609 4901 inter
1636 4820 1920 4901 episcopos
1948 4819 2117 4901 Eg!-

552 4887 692 4954 ptios
736 4890 849 4954 qui,
889 4890 1101 4944 Arianis
1131 4892 1464 4949 auctoribus.
1499 4890 1901 4944 calamitatibus
1952 4887 2119 4945 variis

550 4963 675 5010 sunt
701 4956 898 5022 affecti,
919 4960 1302 5028 Serapammon
1332 4960 1609 5014 cnnfessor
1639 4961 1687 5013 in
1712 4959 1960 5013 exsilium
1989 4962 2119 5013 mis-

549 5040 643 5079 sus
675 5027 891 5082 dicitur.
950 5027 1206 5084 Potamon
1262 5046 1393 5084 vero
1448 5033 1573 5083 item
1631 5029 1909 5083 cnufessor
1943 5029 2025 5083 cui
2062 5029 2116 5082 in

548 5097 925 5168 persecutione
973 5100 1159 5154 oculus
1199 5099 1425 5157 cffossus
1472 5099 1668 5162 fuerat,
1704 5110 1781 5153 tot
1813 5099 1981 5168 plagis
2034 5107 2117 5152 est

549 5165 809 5228 laniatus,
835 5177 893 5221 ut
926 5172 1112 5237 paucis
1132 5180 1251 5235 post
1274 5170 1458 5224 diebus
1482 5169 1784 5223 exstinctus
1814 5165 2118 5224 sitCNullus

547 5243 728 5308 tamen
762 5237 832 5292 ibi
855 5239 919 5291 ad
949 5239 1241 5293 ministeria
1276 5238 1486 5308 publica
1518 5240 1744 5292 traditus
1767 5247 2114 5297 memoratur,

547 5306 673 5375 quia
709 5322 812 5360 non
842 5309 1012 5375 potuit
1042 5306 1367 5363 Athanasius
1422 5308 1511 5378 qui
1543 5310 1655 5365 hanc
1689 5309 1885 5363 ibidem
1930 5308 2116 5376 paucis

546 5384 797 5449 enarrat,
812 5378 1020 5449 singula
1044 5394 1345 5433 recensere.

621 5444 698 5516 (5)
739 5443 1087 5515 Flagifiorum
1124 5450 1350 5518 Ancyra:
1392 5456 1663 5515 gestorum
1690 5443 2115 5518 invidiamAMar-

549 5513 688 5570 cello'
716 5513 991 5584 imponere
1026 5513 1291 5572 conantur
1309 5513 1493 5571 Ariani
1522 5516 1761 5585 episcopi
1799 5516 1849 5566 in
1885 5513 2108 5585 epgstola

550 5581 945 5657 pseudosj’uodi
976 5588 1334 5649 Sardicensis,
1365 5588 1451 5639 ubi
1481 5581 1592 5657 btet.-
1617 5581 1867 5653 leguntur
1900 5598 1913 5634 :
1941 5581 2112 5657 [viuere

550 5654 772 5728 namque
789 5654 852 5728 et
872 5659 925 5709 in
948 5658 1156 5728 Ancyra
1178 5659 1454 5728 provincia:
1477 5655 1699 5728 Galatia’
1738 5660 1851 5719 post
1886 5654 2110 5728 reditum

551 5721 794 5786 Marcelli
834 5721 1089 5792 hwretici',
1128 5721 1404 5778 domorum
1426 5725 1689 5785 incendia,
1719 5730 1769 5774 et
1792 5738 1978 5792 genera
2020 5721 2107 5773 di-

551 5808 711 5857 terra,
744 5794 1015 5864 bellorum,
1052 5790 1179 5853 nudi
1208 5796 1271 5851 ab
1322 5794 1432 5868 ipso
1467 5795 1534 5847 ad
1565 5793 1735 5865 forum
1773 5790 2109 5855 trahebantur

2225 4746 2391 4809 dum,
2420 4746 2775 4800 consecratum
2834 4746 3041 4800 Domini
3082 4746 3278 4812 corpus
3339 4746 3407 4801 ad
3459 4752 3791 4805 sacerdotum

2220 4819 2357 4875 colla
2383 4832 2687 4890 suspensum
2718 4816 2897 4890 pala_m
2936 4817 3236 4890 publiceque
3265 4819 3605 4890 profanabar,
3633 4822 3792 4890 virgi-

2220 4905 2407 4958 nesque
2429 4886 2786 4958 sanctissimas
2822 4886 2929 4958 Deo
2950 4885 3256 4955 Christoque
3279 4885 3484 4941 dicatas
3503 4885 3791 4954 publice'in

2219 4955 2337 5029 [oro
2379 4956 2753 5029 mediaqueuin
2794 4955 3048 5029 civitate.‘
3078 4960 3511 5029 concurrentibus
3558 4960 3787 5029 populis.

2218 5023 2495 5081 abstractis
2544 5023 2786 5088 uestibus,
2822 5025 3083 5079 horrenda
3112 5025 3344 5094 fwditate
3377 5023 3639 5082 nudabat.
3666 5028 3789 5084 Haec

2217 5097 2261 5150 si
2298 5110 2483 5150 revera
2531 5105 2679 5165 gesta
2738 5097 2864 5158 sint,
2913 5095 2980 5165 ab
3030 5095 3160 5165 ipsis
3207 5097 3423 5150 Arianis
3468 5109 3786 5165 perpetrata

2218 5180 2338 5245 esse
2402 5168 2491 5219 vix
2544 5164 2636 5219 est
2691 5166 2831 5245 quod
2894 5164 3198 5245 dubitemus
3253 5181 3270 5221 :
3323 5164 3529 5245 quippe
3576 5164 3787 5245 quibus

2218 5238 2458 5290 solemne
2496 5244 2612 5288 erat
2670 5234 2929 5303 ejusmodi
2989 5234 3226 5290 facinora
3281 5234 3646 5300 committere,
3691 5240 3787 5291 de-

2218 5320 2321 5373 que
2350 5306 2509 5361 rebus
2541 5320 2572 5359 a
2600 5318 2658 5359 se
2691 5305 2855 5374 gestis
2880 5305 3166 5376 episcopos
3195 5305 3299 5360 sibi
3331 5307 3685 5363 adversantes
3701 5308 3786 5362 in.

2217 5376 2489 5431 simulare.
3556 5431 3561 5435 .

2286 5445 2363 5517 (4)
2389 5442 2658 5499 Particula
2676 5442 2754 5508 δέ,
2788 5459 2908 5514 quae
2939 5443 2992 5499 in
3016 5446 3173 5500 editis
3190 5444 3397 5510 deerat,
3426 5462 3494 5503 es
3522 5446 3658 5518 Reg.
3690 5446 3783 5500 dea

2214 5525 2421 5571 summa
2451 5522 2551 5568 est.

2289 5532 2738 5658 ἓςιὲιῆῗφξῃηε
2770 5593 2936 5658 recle,
2962 5585 3089 5643 Ἐπὶ
3113 5586 3169 5641 δὲ
3195 5585 3487 5658 τοῦ.Βεε.,
3506 5602 3665 5658 quem
3694 5599 3784 5644 SO-

2217 5652 2449 5725 qui‘ntur,
2477 5652 2600 5706 Ἐπὶ
2618 5652 2674 5725 δὲ
2695 5652 2917 5725 τούτων.

2284 5723 2361 5797 (6)
2388 5724 2541 5791 ιὶθεη
2575 5723 2710 5794 μήτε
2743 5722 2835 5786 ὡς.
