3978 6502
196 394 289 451 505
1216 387 1565 446 APOLOGIA
1603 387 1882 444 CONTRA
1919 386 2241 445 ARIANOS.
3294 384 3407 443 306

193 516 244 568 iw
260 510 452 571 τούτοις
474 508 532 561 δὲ
552 507 832 579 χαίροντες
873 508 972 561 οὐκ
1009 508 1147 563 εἰσιν
1180 510 1405 581 εἰρήνης
1439 509 1564 573 υἱοὶ,
1603 507 1738 562 ἀλλά

1864 509 2010 574 ιτιείε,
2052 507 2147 563 sed
2180 505 2512 562 confusionis
2548 504 2642 560 lilii
2677 514 2801 560 sunt
2830 523 2844 560 :
2875 504 3018 561 Deus
3062 518 3191 559 vero
3218 511 3403 557 noster

192 599 595 663 ἀκαταστασίαςο
649 601 678 653 ὁ
717 600 774 653 δὲ
815 599 946 663 Θεὸς
987 601 1142 672 ήμῶν
1183 603 1283 657 οὐκ
1329 602 1477 657 ἐστιν
1529 604 1734 657 ἀκατα-

1864 615 1941 655 ιοιι
1986 608 2068 653 est
2115 599 2257 653 Deus
2285 596 2637 662 confusionis,
2680 596 2777 652 sed
2825 598 2994 666 pacis.
3039 594 3398 665 Quapropter,

194 693 408 755 στασίας,
452 691 567 751 ἀλλ’
595 693 834 763 εἰρήνης.
876 694 1093 764 Διόπερ,
1131 694 1208 757 ὡς
1237 689 1378 749 οἶδεν
1410 696 1439 747 ὀ
1475 694 1607 758 Θεὸς
1643 694 1737 747 καὶ

1864 698 1896 743 ιι
1934 688 2064 743 mihi
2109 688 2356 742 conscius
2385 696 2468 741 est
2501 686 2643 741 Deus
2687 696 2741 741 et
2774 685 2936 741 Pater
2984 686 3191 741 Domini
3228 686 3401 741 nostri

1834 777 1960 834 Jesu
1989 776 2217 844 Christi,
2263 787 2457 833 vestrae
2489 775 2908 832 existimationis
2954 790 3136 830 curam
3185 788 3402 844 gerens,

1836 877 2096 939 exoptans
2122 884 2335 938 quoque
2366 868 2636 923 Ecclesias
2665 882 2770 921 non
2805 867 2856 921 in
2890 866 3289 936 perturbatione
3314 866 3407 920 de-

189 968 383 1029 καὶτὰς
421 967 744 1037 Ἐκκλησίας
792 968 864 1040 μὴ
900 969 957 1021 ἐν
1008 969 1385 1042 ἀκαταστασία
1418 966 1576 1033 εῖναι,
1603 967 1737 1023 ἀλλά

1864 974 1985 1027 ποτε,
2020 960 2112 1015 sed
2150 973 2243 1013 eas
2271 970 2330 1013 ut
2371 961 2437 1015 ab
2472 959 2730 1030 apostolis
2765 968 3021 1013 statutum
3063 967 3149 1012 est
3190 972 3407 1026 perma-

187 1060 430 1131 διαμένειν
482 1059 672 1131 ὥσπερ
718 1060 822 1113 ὑπὸ
871 1061 979 1113 τῶν
1027 1061 1337 1114 ἀποστόλων
1394 1059 1736 1129 ἐκανονίσθη,

1864 1065 1997 1116 nere;
2035 1051 2147 1105 haec
2177 1052 2243 1104 ad
2273 1066 2368 1104 vos
2415 1052 2655 1105 scribere
2708 1049 3075 1105 necessarium
3126 1047 3293 1112 duxi;
3350 1053 3411 1101 ut

189 1150 365 1222 γράψαι
394 1151 523 1221 ὑμῖν
578 1150 754 1203 ταῦτα
803 1152 1097 1220 ἀναγκαῖον
1137 1152 1452 1223 ἡγησάμην,
1509 1152 1596 1206 ἵνα
1636 1152 1736 1223 ἤδη

1864 1156 1983 1196 tunc
2026 1143 2238 1195 tandem
2289 1141 2408 1195 illos
2467 1140 2845 1205 confundatis,
2891 1140 2980 1209 qui
3029 1139 3097 1194 ob
3164 1148 3409 1193 mutuum

190 1243 297 1296 ποτὲ
325 1242 683 1313 δυσωπήσητε
723 1244 846 1305 τοὺς
878 1242 965 1295 διὰ
996 1243 1094 1314 τὴν
1126 1243 1263 1313 πρὸς
1310 1241 1573 1314 ἀλλήλους
1628 1244 1738 1294 ἀπ-

1864 1243 1983 1287 nter
2010 1246 2069 1286 se
2102 1231 2307 1296 odium,
2333 1229 2604 1285 Ecclesias
2632 1245 2698 1284 eo
2724 1231 2993 1301 redigunt.
3022 1230 3212 1283 Audivi
3242 1230 3409 1296 enim,

190 1332 373 1403 ἐχθειαν
390 1332 467 1403 (8)
504 1332 647 1386 οὕτω
673 1333 1016 1403 διαθεμένους
1033 1333 1131 1397 τάς
1168 1333 1514 1405 Ἐκκλησίας.
1534 1332 1739 1386 Ἤκου-

1864 1320 2128 1376 nonnullos
2168 1334 2310 1383 esse,
2380 1334 2584 1389 paucos
2630 1333 2879 1384 numero,
2925 1319 3015 1388 qui
3063 1319 3253 1372 horum
3295 1333 3413 1372 om-

190 1426 375 1495 σαγάρ,
400 1426 480 1477 ὅτι
502 1425 648 1487 τινές
670 1426 805 1478 εἰσιν
830 1424 996 1493 ὀλίγοι
1021 1426 1071 1478 οἱ
1102 1425 1303 1480 τούτων
1332 1404 1549 1479 πάντων
1578 1423 1739 1477 αἴτιοι

1864 1410 1989 1465 tium
2026 1417 2209 1463 essent
2240 1415 2513 1461 auctores.
2541 1405 2774 1475 Operam
2804 1405 2930 1460 date
2962 1413 3021 1459 nt
3060 1404 3270 1459 viscera
3311 1404 3416 1458 mi-

186 1515 534 1584 τυγχάνοντες.
585 1513 931 1567 Σπουδάσατε
968 1512 1042 1583 (9)
1085 1514 1160 1576 ὡς
1202 1514 1485 1583 σπλάγχνα
1528 1512 1742 1584 ἔχοντες

1864 1499 2158 1557 sericordire
2185 1499 2469 1564 habentes,
2499 1511 2562 1552 ea
2597 1497 2961 1565 corrigantur,
2988 1496 3065 1550 uti
3092 1511 3254 1566 supra
3278 1495 3414 1562 dixi,

187 1605 438 1678 οἰκτιρμοῦ
472 1605 891 1676 διορθώσασθαι,
934 1606 1011 1669 ὠς
1045 1609 1325 1676 προεῖπον,
1356 1604 1425 1657 τὰ
1458 1605 1609 1677 παρά
1643 1621 1743 1659 κα-

1864 1608 1963 1663 lua:
2000 1599 2194 1648 contra
2234 1605 2498 1647 canonem
2531 1599 2679 1661 gesta
2723 1600 2881 1653 sunt,
2922 1597 2981 1642 ut
3029 1589 3075 1641 si
3118 1588 3245 1657 quid
3288 1586 3417 1641 mali

186 1699 288 1753 νόνα
314 1677 611 1769 γενόμενα,
653 1699 762 1761 ἵνα,
796 1700 845 1752 εί
873 1697 967 1753 καί
1004 1715 1057 1750 τι
1102 1697 1441 1770 προελήφθη,
1481 1697 1637 1750 τοῦτο
1673 1700 1739 1768 τῇ

1864 1682 2221 1747 mteverterit,
2268 1681 2320 1736 id
2354 1689 2538 1735 vestro
2571 1678 2749 1734 studio
2777 1680 3111 1733 emendetur.
3140 1677 3250 1733 Nec
3283 1678 3416 1734 mihi

185 1789 395 1861 ὑμετέρα
444 1789 655 1860 σπουδῇ
693 1787 1022 1860 θεραπευθῇ.
1067 1788 1176 1840 Καὶ
1220 1788 1294 1861 μὴ
1336 1789 1605 1859 γράφητε,
1658 1788 1742 1841 ὃτι

1864 1774 2099 1831 ιετὶιιοιίε
2141 1790 2156 1827 :
2203 1771 2443 1828 Marcelli
2522 1780 2577 1825 et
2635 1770 2915 1825 Athanasii
2978 1770 3418 1825 communionem

186 1881 274 1953 Τὴν
317 1860 643 1953 Μαρκέλλου
700 1882 796 1937 και
835 1879 1173 1942 Ἀθανασίου,
1208 1880 1241 1949 ἢ
1283 1860 1382 1951 τὴν
1420 1880 1575 1950 ἡμῶν
1618 1880 1741 1933 ἑλοῦ

1864 1866 2020 1922 potius
2056 1880 2219 1935 quam
2256 1872 2505 1918 nostram
2536 1862 2839 1932 cooptasti;
2872 1876 2993 1915 nam
3029 1860 3145 1915 haec
3173 1875 3278 1915 non
3324 1875 3422 1930 pa-

185 1943 431 2027 κοινωνίαν
448 1990 461 2004 ⁸
499 1973 564 2027 οὑ
587 1974 697 2044 γὰρ
717 1970 1107 2045 είρήνης,ἀλλὰ
1138 1943 1473 2041 φιλονεικίας*
1492 1972 1584 2026 καὶ
1613 1986 1739 2042 μισ-

1864 1960 1954 2025 vis,
1999 1959 2093 2014 sed
2144 1955 2511 2012 contentionis
2560 1963 2615 2009 et
2666 1954 2776 2008 odii
2828 1953 3050 2008 fraterni
3093 1961 3217 2007 sunt
3255 1943 3438 2021 ανδοξ

184 2065 429 2135 αδελφίας,
449 2068 527 2119 τὰ
567 2043 789 2119 τοιαῦτα
814 2043 1189 2138 γνωρίσματα,
1216 2064 1315 2118 Διά
1342 2064 1500 2118 τοῦτο
1520 2059 1613 2117 οὖν
1642 2064 1741 2117 κά-

1864 2059 2043 2107 nenta.
2073 2047 2414 2118 Quapropter
2455 2045 2738 2116 superiora
2787 2043 3014 2114 scripsi,
3064 2052 3124 2097 ut
3155 2044 3419 2098 certiores

184 2157 247 2226 γὼ
278 2134 339 2212 τὰ
375 2157 761 2231 προειρημένα
799 2134 1037 2229 ἔγραψα,
1063 2158 1171 2223 ἵνα,
1205 2157 1485 2229 μαθόντες,
1521 2157 1604 2210 ὅτι
1642 2156 1743 2209 οὐκ

1864 2141 2006 2206 'acti,
2045 2154 2140 2195 eos
2186 2153 2291 2193 non
2336 2136 2539 2207 injuste
2583 2148 2615 2190 a
2655 2135 2809 2190 nobis
2848 2143 3093 2204 receptos
3135 2148 3279 2198 esse,
3314 2134 3418 2188 hu-

184 2225 353 2315 ἀδίκως
402 2225 717 2321 ἐδεξιῇλεθα
763 2225 977 2314 αὐτοὺς,
1027 2225 1307 2318 παύσησθε
1357 2248 1457 2319 τῆς
1485 2247 1743 2317 τοιαύτης

1869 2231 2079 2289 usmodi
2124 2228 2304 2301 jurgio
2352 2227 2513 2282 ﬁnem
2564 2226 2939 2296 lmponeretis.
2985 2225 3086 2293 Qui
3137 2226 3217 2290 si,
3266 2225 3421 2281 vobis

183 2340 344 2409 ἔριδος.
390 2340 454 2396 Ei
509 2316 610 2413 μὲν
654 2341 763 2413 γὰρ
804 2340 1062 2396 ἐλθόντων
1095 2316 1249 2409 ὑμῶν
1284 2316 1423 2409 ἦσαν
1456 2353 1743 2405 καταγνω-

1864 2337 1958 2378 nnc
2004 2319 2458 2385 concedentibus,
2511 2317 2748 2373 convicti
2800 2317 3069 2382 fuissent,
3112 2327 3167 2372 et
3219 2316 3265 2372 si
3310 2331 3419 2371 non

1844 2423 2236 2472 consentaneas
2286 2412 2526 2466 rationes
2575 2424 2674 2478 pro
2722 2424 2821 2464 sua
2862 2408 3177 2464 defensione
3227 2416 3419 2477 protu-

1846 2506 2069 2569 iissent,
2104 2506 2226 2577 jure
2266 2504 2459 2559 merito
2489 2502 2619 2557 talia
2654 2502 3031 2573 scripsissetis.
3067 2499 3422 2569 Quandoqui-

1845 2598 1968 2655 dem
2005 2606 2221 2663 autem,
2264 2604 2322 2649 ut
2360 2609 2523 2663 supra
2568 2594 2715 2661 dixi,
2747 2592 2903 2662 juxta
2951 2607 3187 2649 canones
3217 2600 3273 2647 et
3314 2605 3423 2646 uou

1848 2692 2072 2763 injuste,
2119 2703 2243 2745 cum
2280 2687 2387 2743 illis
2425 2685 2807 2742 communione
2835 2685 3150 2756 juugimur,
3195 2684 3422 2739 obsecro

1849 2796 1945 2837 vos
1998 2794 2095 2849 per
2143 2778 2454 2842 Christum,
2521 2790 2589 2831 ne
2640 2775 2833 2831 sinatis
2901 2776 3130 2832 discindi
3182 2773 3425 2829 membra

1850 2873 2077 2937 Christi,
2105 2885 2212 2926 neu
2248 2869 2464 2941 praeviis
2499 2869 2809 2924 rumoribus
2845 2870 3005 2924 iidem
3038 2867 3303 2929 habeatis,
3329 2865 3427 2921 sed

193 783 356 855 Πατὴρ
397 781 489 836 τοῦ
531 782 736 853 Κυρίου
776 783 933 854 ήμῶν
993 785 1166 855 Ἰησοῦ
1218 786 1477 857 Χριστοῦ,
1514 784 1739 856 κηδόμε-

191 893 263 939 νος
290 876 380 946 μὲν
410 875 504 928 καὶ
537 876 638 944 τῆς
676 876 827 945 ὑμῶν
853 876 929 946 (7)
963 876 1303 947 ὑπολήψεως,
1341 877 1631 948 εὐχόμενος
1679 876 1736 929 δὲ

184 2433 389 2499 σθέντες,
439 2436 498 2488 εἰ
543 2434 619 2505 μὴ
664 2432 917 2501 εὐλόγους
946 2431 1245 2498 ἀποδείξεις
1288 2430 1431 2501 ἔχειν
1463 2429 1745 2499 ἐφαίνοντο

184 2525 299 2597 ὑπὲρ
341 2527 580 2589 ἑαυτῶν,
630 2525 809 2589 καλῶς
838 2525 905 2579 ἂν
941 2525 1007 2578 τά
1040 2523 1265 2583 τοιαῦτα
1303 2523 1742 2593 γεγραφήκειτε·

182 2618 337 2690 ἐπειδὴ
362 2619 437 2684 δὲ,
461 2619 553 2681 ὡς
591 2619 869 2689 προεῖπον,
919 2615 1218 2680 καωνικῶς
1268 2616 1362 2669 καὶ
1406 2615 1507 2668 οὐκ
1546 2612 1747 2677 ἀδίκως

181 2707 261 2779 τὴν
286 2708 414 2781 πρὸς
439 2707 655 2771 αὐτοὺς
677 2707 909 2777 ἔσχομεν
938 2706 1240 2768 κοινωνίαν,
1267 2702 1566 2776 παρακαλῶ
1607 2701 1746 2774 ὑπὲρ

184 2800 409 2871 Χριστοῦ,
433 2800 524 2872 μὴ
545 2797 877 2871 ἐπιτρέψητε
897 2798 1269 2871 διασχισθῆναι
1290 2797 1360 2849 τά
1379 2796 1514 2867 μέλη
1528 2794 1748 2865 (10)τοῦ

185 2891 387 2961 Χριστοῦ
414 2892 565 2964 μηδὲ
593 2893 706 2955 τοῖς
736 2890 1089 2963 προλήμμασι
1112 2889 1460 2958 πιστεύσητε,
1491 2887 1626 2941 ἀλλά
1649 2885 1749 2956 τὴν

184 2983 259 3036 τοῦ
284 2985 493 3055 Κυρίου
529 2984 755 3053 εἰρήνην
785 2982 1192 3053 προτιμήσατε·
1228 2981 1286 3034 οὐ
1313 2980 1421 3049 γὰρ
1454 2980 1598 3032 ὅσιον
1630 2976 1751 3031 οὐδέ

187 3075 361 3130 δίκαιον
404 3078 480 3131 δι’
526 3075 724 3144 ὀλίγων
780 3074 1141 3146 μικροψυχίαν
1178 3072 1305 3136 τοὺς
1349 3071 1422 3143 μὴ
1465 3086 1750 3139 καταγνω-

186 3167 379 3233 σθέντας
403 3167 782 3241 ἀπορρίπτειν
804 3168 897 3220 καὶ
918 3166 1111 3219 λυπεῖν
1138 3166 1195 3218 ἐν
1218 3164 1392 3235 τούτῳ
1414 3164 1474 3217 τὸ
1500 3163 1749 3233 Πνεῦμα.

1853 2970 2064 3025 Domini
2115 2983 2301 3039 pacem
2355 2966 2525 3036 pluris
2570 2964 2805 3019 faciatis.
2854 2960 2972 3016 Non
3023 2959 3167 3015 enim
3211 2971 3427 3027 aequum

1848 3061 2162 3130 iustumque
2191 3058 2359 3114 fuerit
2381 3058 2449 3113 ob
2482 3068 2782 3126 paucorum
2818 3051 3172 3113 simultatem,
3201 3062 3294 3103 eos
3332 3046 3428 3117 qui

1855 3151 2091 3209 convicti
2142 3166 2246 3207 non
2281 3158 2445 3214 sunt,
2500 3146 2770 3216 abjicere,
2816 3151 2871 3198 et
2919 3142 2973 3197 in
3023 3141 3127 3196 hoc
3166 3138 3426 3208 Spiritum

187 3259 237 3311 Ei
267 3222 333 3316 δὲ⁷
349 3222 614 3332 νομίζετε
653 3258 912 3313 δύνασθαί
941 3275 1060 3311 τινα
1090 3256 1210 3310 κατ’
1233 3222 1409 3313 αύτιῦν
1445 3222 1749 3319 ἀποδεῖξαι,

1864 3244 2201 3300 contristare.
2252 3240 2408 3307 Quod
2459 3239 2505 3293 si
2558 3233 2905 3291 arbitramini
2956 3245 3118 3302 posse
3178 3228 3428 3298 quaedam

184 3351 263 3405 καὶ
286 3353 359 3416 είς
392 3352 700 3426 πρόσωπον
735 3350 932 3413 αὐτοὺς
963 3348 1201 3416 ἐλέγξαι,
1232 3347 1537 3401 ἐλθέτωσαν
1562 3346 1613 3399 οἱ
1638 3344 1755 3415 (Μ)

190 3441 509 3516 βουλόμενοι.
547 3443 829 3514 Ἐτοίμους
875 3441 984 3513 7&9
1016 3442 1243 3503 ἑαυτοὺς
1285 3441 1379 3494 καὶ
1418 3439 1573 3493 αὐτοὶ
1615 3434 1757 3491 εἶναι

188 3536 592 3608 ἐπηγγείλαντο,
619 3536 761 3591 ὥστε
787 3535 882 3589 καὶ
913 3533 1191 3599 ἀποδεῖξαι
1218 3534 1312 3587 καὶ
1338 3531 1630 3599 διελέγξαι,
1658 3546 1758 3583 πε-

191 3628 236 3700 ρὶ
258 3622 323 3682 ὧν
354 3631 498 3701 ἡμῖν
534 3623 893 3698 ἀπήγγειλαν.

245 3721 324 3777 55.
358 3721 661 3795 Σημάνατε
704 3715 798 3773 οὖν
842 3720 995 3790 ἡμῖν,
1038 3716 1331 3787 ἀγαπητοὶ,
1374 3714 1504 3785 περὶ
1542 3711 1758 3776 τούτου,

194 3813 267 3867 iva
308 3815 590 3876 κάκείνοις
652 3811 971 3884 γράψωμεν,
1011 3810 1247 3873 καὶτοῖς
1291 3808 1563 3876 ὀφείλουσι
1600 3804 1761 3858 πάλιν

193 3907 443 3961 συνελθεῖν
510 3904 833 3965 ἐπισκόποις
856 3919 871 3933 ·
928 3901 1065 3971 πρὸς
1108 3900 1169 3953 τὸ
1220 3899 1438 3953 πάντων
1478 3896 1762 3968 παρόντων

194 4000 299 4064 τοὺς
328 3998 675 4061 ὑπευθύνους
704 3994 1176 4065 καταγνωσθῆναι,
1212 3993 1305 4047 καὶ
1334 3991 1529 4064 μηκέτι
1562 3992 1767 4045 ἀκατα-

195 4093 397 4147 στασίαν
426 4094 493 4145 ἐν
521 4093 643 4152 ταῖς
679 4085 1025 4158 Ἐκκλησίαις
1050 4082 1320 4155 γενέσθαι.
1359 4083 1544 4153 Ἀρκεῖ
1558 4080 1667 4150 γὰρ
1695 4078 1764 4132 τά

192 4184 436 4254 γενόμενα
466 4200 482 4218 ν
527 4182 710 4253 ἀρκεῖ,
741 4182 821 4233 ὅτι
848 4178 1132 4250 παρόντων
1183 4176 1496 4229 ἐπισκόπων
1542 4173 1765 4226 ἐπίσκο-

195 4292 270 4327 ποι
301 4272 647 4349 ἐξωρίζοντο.
669 4272 806 4342 Περὶ
834 4264 894 4323 οὗ
915 4270 1035 4323 οὐδὲ
1052 4271 1427 4343 μακρηγορεῖν
1450 4268 1548 4331 δεῖ,
1578 4266 1666 4319 ἵνα
1688 4265 1762 4336 μὴ

199 4364 465 4437 βαρεῖσθαι
496 4366 544 4417 οἱ
570 4362 839 4433 παρόντες
880 4361 1002 4413 τότε
1031 4359 1282 4413 δοκῶσιν.
1326 4360 1390 4411 Ei
1412 4357 1521 4427 7&9
1546 4357 1627 4409 δεῖ
1652 4355 1763 4425 (12)

193 4457 402 4530 τάληθὲς
463 4458 666 4516 εἰπεῖν,
722 4453 821 4507 οὐκ
883 4452 987 4506 ἔδει
1044 4452 1204 4523 μέχρι
1254 4450 1465 4504 τούτων
1524 4447 1762 4516 φθάσαι,

193 4548 295 4603 οὐδὲ
329 4552 408 4613 είς
446 4547 707 4601 τοσοῦτον
746 4543 917 4597 ἐλθεῖν
947 4542 1047 4605 τὰς
1086 4540 1469 4615 μικροψυχίας.
1504 4539 1685 4592 Ἔστω
1708 4537 1767 4591 δέ

1856 3339 2121 3394 adversus
2149 3334 2270 3389 illos
2301 3330 2543 3403 probari,
2572 3343 2637 3384 ac
2667 3342 2854 3383 coram
2889 3339 2985 3380 eos
3020 3321 3301 3387 convinci;
3336 3335 3429 3375 ve-

1857 3431 2011 3485 niant
2033 3427 2231 3498 quibus
2265 3425 2319 3480 id
2354 3421 2643 3491 placuerit.
2672 3418 2806 3473 Nam
2837 3430 2899 3472 se
2928 3424 3147 3485 paratos
3175 3411 3291 3467 fore
3321 3409 3432 3480 pol-

1857 3520 1990 3577 liciti
2031 3526 2188 3584 sunt,
2229 3516 2299 3571 ad
2336 3529 2401 3570 ea
2439 3526 2559 3584 qua:
2607 3510 2765 3566 nobis
2802 3506 3194 3563 denuntiarunt
3229 3501 3432 3572 liquido

1858 3611 2280 3682 comprobanda.

1928 3703 2020 3759 '55.
2061 3701 2338 3757 Certiores
2372 3698 2537 3767 igitur
2581 3709 2711 3759 nos,
2756 3688 3125 3754 dilectissimi,
3172 3687 3241 3741 de
3273 3701 3336 3741 ea
3374 3699 3434 3741 re

1862 3796 2044 3860 facite,
2072 3809 2182 3865 quo
2209 3803 2265 3848 et
2291 3792 2420 3859 illis,
2449 3798 2502 3845 et
2530 3786 2801 3860 episcopis
2832 3785 2939 3840 huc
2972 3778 3321 3865 conventuris
3349 3791 3435 3831 re-

1862 3892 2210 3955 scribamus;
2263 3896 2323 3942 ut
2364 3881 2722 3955 praesentibus
2764 3877 3015 3935 omnibus
3050 3875 3139 3945 qui
3183 3872 3257 3927 rei
3306 3877 3437 3925 sunt

1862 3982 2288 4044 convincantur;
2319 3986 2379 4031 ut
2406 3990 2475 4031 ne
2503 3974 2735 4029 ulterius
2767 3967 3111 4042 perturbatio
3158 3964 3212 4019 in
3248 3960 3436 4017 Eccle-

1860 4074 1959 4131 siis
2001 4070 2253 4127 exsistat.
2287 4067 2387 4124 Sat
2429 4076 2556 4121 sunt
2582 4065 2728 4120 enim
2779 4076 2868 4117 res
2917 4060 3183 4113 hactenus
3228 4064 3437 4126 gestae;

1863 4164 2061 4221 sufficit
2084 4176 2319 4233 quoque,
2348 4161 2403 4215 in
2434 4156 2725 4229 praesentia
2752 4153 3128 4224 episcoporum
3157 4147 3440 4217 episcopos

1866 4258 1919 4312 in
1949 4256 2197 4312 exsilium
2226 4263 2378 4308 actos
2411 4266 2554 4307 esse.
2581 4249 2698 4316 Qua
2731 4250 2800 4302 de
2830 4261 2890 4301 re
2923 4260 3031 4299 non
3062 4251 3145 4298 est
3178 4238 3442 4311 prolixior

1866 4363 2046 4405 sermo
2079 4346 2380 4410 habendus,
2427 4357 2494 4399 ne
2525 4340 2739 4413 gravari
2773 4339 3055 4392 videantur
3083 4334 3172 4404 qui
3202 4341 3314 4386 tum
3344 4328 3441 4384 ad-

1869 4440 2039 4497 fuere.
2083 4436 2219 4492 Nam
2255 4436 2299 4491 si
2340 4449 2469 4489 vere
2512 4431 2838 4492 dicendum,
2887 4425 3110 4481 minime
3141 4421 3325 4476 decuit
3372 4418 3443 4473 ad

1872 4534 1989 4588 hate
2033 4544 2206 4600 usque
2254 4527 2502 4582 facinora
2548 4522 2875 4595 procedere,
2920 4526 3013 4571 aut
3060 4527 3298 4581 eousque
3344 4510 3444 4565 has

204 4603 507 4703 ’Δθανάσιος
530 4639 628 4692 καὶ
650 4634 987 4706 Μάρκελλος,
1010 4603 1373 4703 ὦς’γράφετε,
1402 4627 1760 4701 μετετέθησαν

1872 4622 2240 4679 dissensiones
2298 4615 2573 4687 progredi.
2625 4614 2791 4675 Esto,
2838 4610 2947 4665 sint
2996 4603 3326 4661 Athanasius
3386 4612 3445 4659 et

195 4732 292 4786 ἀπὸ
456 4694 604 4784 ἰδίων
632 4694 831 4788 τόπων,
865 4725 918 4778 τί
948 4694 1048 4778 καὶ
1089 4694 1365 4795 περὶ-τῶν
1389 4694 1565 4777 ἀλλων
1591 4694 1660 4773 ἀν
1690 4736 1760 4781 τις

1874 4714 2178 4779 Marcellus,
2223 4712 2301 4767 uti
2354 4709 2616 4773 scribitis,
2659 4722 2691 4761 a
2736 4704 2850 4760 suis
2893 4699 3113 4758 sedibus
3162 4694 3447 4764 translati;

196 4826 322 4880 εἴποι
339 4826 453 4879 τῶν
483 4826 547 4877 ἐκ
568 4820 843 4890 διαφόρων
863 4818 1065 4879 τόπων,
1090 4814 1165 4877 ὡς
1193 4815 1474 4887 προεῖπον,
1510 4809 1774 4863 ἐλθόντων

196 4919 416 4975 ἐνταῦθα
439 4916 759 4973 ἐπισκόπων
782 4914 876 4967 καὶ
905 4910 1328 4983 πρεσϐυτέρων;
1359 4907 1471 4961 Καὶ
1491 4906 1645 4960 αὐτοὶ
1664 4906 1773 4976 γὰρ

197 5013 343 5066 πάλιν
369 5009 656 5085 ἡρπάσθαι
685 5006 909 5068 ἑαυτοὺς
937 5004 1029 5058 καὶ
1059 5002 1284 5057 τοιαῦτα
1312 4998 1640 5054 πεπονθέναι
1662 4996 1778 5050 ἔλε-

198 5119 301 5170 τον.
330 5100 404 5157 Ὦ
432 5099 737 5172 ἀγαπητοίε
784 5096 967 5152 οὐκέτι
997 5093 1141 5149 κατά
1166 5093 1226 5146 τὸ
1255 5088 1603 5159 Εὑαγγέλιον,
1638 5086 1774 5142 ἀλλά

197 5194 372 5250 λοιπὸν
399 5196 491 5249 ἐπὶ
513 5189 793 5265 ἐξορισμῷ
826 5189 921 5244 καὶ
952 5186 1168 5256 θανάτῳ
1194 5187 1248 5240 αἱ
1273 5183 1482 5255 κρίσεις
1510 5181 1607 5252 τῆς
1653 5181 1776 5235 Ἐκ-

198 5290 422 5361 κλησίας
457 5288 618 5342 εἰσιν.
657 5286 720 5341 Ei
749 5283 859 5357 7&9
880 5282 973 5337 καὶ
998 5280 1156 5344 ὅλως,
1192 5279 1267 5341 ὡς
1305 5276 1460 5346 φατὲ,
1500 5272 1693 5343 γέγονέ
1723 5289 1779 5325 τι

271 5444 347 5528 (7)
371 5445 537 5528 3e33,,
566 5439 1084 5528 dp'tbvgﬁditivero
1110 5450 1234 5491 cum
1273 5433 1395 5487 aliis
1416 5444 1573 5498 mss.,
1606 5426 1787 5499 ἡμῶν.

206 5510 371 5579 Magis
397 5510 783 5581 arridet'Begii
818 5510 999 5565 lectio.

273 5571 349 5653 ιε)
380 5587 454 5640 lta
488 5586 621 5654 Reg.
662 5571 975 5654 Editi'vero,
1014 5576 1379 5654 Melitam,
1401 5571 1675 5654 mendose.

380 5639 1052 5731 Βᾷςηίίέαὶκσπορδάσητε.
1086 5639 1205 5731 Βξόκ
1249 5645 1407 5731 ~editi,
1450 5639 1783 5731 ὀἰκτἚ-μιῖέν.

206 5710 365 5797 Βέέί,
395 5710 705 5797 οίιῖτίρμοῦ.
724 5722 869 5777 Infra
886 5710 1016 5775 editi
1036 5718 1193 5784 male,
1214 5718 1280 5787 τῇ
1299 5713 1543 5786 ἡμετέρᾳ
1556 5710 1782 5781 σπουδῇ.

207 5798 363 5852 Rem.
386 5796 647 5852 ὑμετέρα.

306 5814 705 5940 i't'tf‘iiieiiég.
750 5862 894 5924 Editi
927 5868 1131 5930 autem,
1170 5857 1239 5914 τὰ
1293 5854 1454 5928 μέρη,
1499 5853 1782 5912 mendose.

1876 4809 1970 4865 sed
2008 4805 2137 4876 quid
2177 4805 2249 4861 de
2280 4803 2401 4858 aliis
2442 4801 2677 4866 dicatur,
2718 4810 2838 4853 cum
2876 4790 3140 4864 episcopis
3169 4799 3282 4844 tum
3326 4800 3450 4856 pre-

1875 4898 2132 4970 sbyteris,
2157 4897 2246 4966 qui
2279 4910 2345 4949 ex
2377 4893 2613 4950 diversis
2642 4890 2796 4956 locis,
2829 4882 3281 4960 quemadmodum
3312 4878 3449 4946 dixi,

1879 4993 1986 5047 huc
2015 5005 2073 5046 se
2106 4987 2425 5045 contulere?
2458 4985 2595 5040 Nam
2633 4984 2719 5039 isti
2754 4994 2973 5053 quoque
2998 4992 3057 5035 se
3086 4978 3363 5045 abreptos,
3393 4981 3452 5029 et

1881 5084 2183 5140 istiusmodi
2217 5078 2625 5138 calamitatibus
2666 5075 2897 5131 afﬂictos
2922 5088 3044 5129 esse
3083 5071 3262 5127 testati
3300 5076 3452 5124 sunt;

1882 5176 1927 5233 Ο
1955 5177 2170 5231 dilecti!
2207 5173 2321 5229 Non
2359 5171 2470 5242 jam
2506 5170 2739 5227 ulterius
2776 5168 2929 5241 121
2964 5164 3220 5221 Ecclesiae
3247 5158 3454 5232 judicia

1885 5269 2186 5327 secundum
2220 5264 2573 5338 Evangelium
2609 5263 2987 5324 instituuntur,
3014 5259 3108 5313 sed
3138 5252 3224 5310 vel
3251 5251 3320 5307 ad
3356 5263 3456 5305 ex-

1982 5474 2071 5566 iéj
2108 5474 2513 5566 Ῑὶρξζξὶιὲἱςιὰρ
2533 5474 2626 5566 ἑῄῖ
2662 5488 2827 5543 Paulo
2852 5474 3012 5566 infra.
3054 5474 3156 5566 3‘9:
3184 5474 3456 5566 gos-papa:

1887 5547 2003 5641 χία-
2017 5547 2140 5623 ἴση
2151 5547 2350 5622 Sinin?
2367 5547 2777 5641 idenijssionenl.
2815 5555 2898 5641 Ve}
2952 5547 3455 5641 Ρ¹¹⁸ίξξ²ξ¹ίῖηί¹²ξ⁴ἷω

1886 5613 2776 5710 ἒίξηίθξξιιῖῖιίῖνθξιῖι-Νιιηιιἱιις,’
2798 5626 2892 5710 sed
2927 5613 3278 5680 simultatem,
3308 5613 3456 5710 "dis:

1885 5686 2471 5835 sationem—Eadem
2520 5697 2789 5758 seutcmia
2846 5695 2961 5750 lucc
3010 5705 3114 5747 vox
3166 5702 3264 5744 usu
3308 5686 3457 5742 venit

1886 5797 1939 5835 lu
1970 5794 2049 5835 ra.

1886 5794 2049 5838 intra.

1984 5427 2042 5480 il
2102 5427 2165 5481 Οἱ
2197 5428 2249 5480 in
2268 5425 2429 5480 editis
2453 5425 2623 5487 deest,
2668 5421 2762 5473 sed
2794 5418 2845 5470 in
2870 5416 3002 5484 Reg.
3027 5410 3239 5478 legitur.

1958 5427 2071 5570 ξιεζ
2121 5498 2279 5566 Reg.,
2313 5494 2513 5570 Εῐλγάρ
2544 5491 2626 5570 δή.
2662 5488 2827 5543 Paulo
2852 5486 3239 5570 il.tfl‘fi,_:\:?_xug_l
