3978 6540
500 377 603 433 507

1073 373 1133 431 S.
1172 369 1549 429 ATHANASII
1588 371 1742 427 OPP.
1785 371 1967 429 PARS
2006 370 2046 425 l.
2088 355 2159 412 -ξ
2197 367 2567 424 lllSTORlCA
2610 366 2699 421 ET
2738 363 3164 423 DOGMATICA.

3658 360 3766 419 508

501 495 703 559 silium,
731 493 821 550 vel
847 494 913 550 ad
947 504 1174 549 mortem
1208 495 1426 549 dantur.
1473 492 1608 547 Nam
1654 493 1698 547 si
1742 493 1988 554 omnino,
2016 499 2071 545 ut

2180 492 2260 554 εἰς
2294 491 2491 553 αὐτοὺς
2520 489 2843 560 ἁμάρτημα,
2871 486 2980 539 ἔδει
3014 486 3159 540 κατά
3190 483 3282 538 τὸν
3314 484 3774 557 ἐκκλησιαστικὸν

502 588 715 653 dicitis,
744 587 929 657 aliqua
955 586 1058 641 fuit
1085 602 1273 642 eorum
1320 586 1497 655 culpa,
1530 585 1768 655 oportuit
1800 585 1956 654 juxta
1985 598 2076 638 ec-

504 680 869 736 clesiasticum
906 693 1186 743 canonem,
1212 688 1266 733 et
1297 694 1405 733 non
1444 691 1509 732 eo
1558 686 1735 746 pacto,
1776 691 1888 731 rem
1935 676 2077 746 judi-

502 776 617 831 cari
646 790 662 829 :
690 774 931 844 oportuit
956 772 1207 828 omnibus
1237 772 1394 826 nobis
1426 770 1786 838 rescripsisse,
1814 778 1873 823 ut
1903 769 1977 824 ita
2006 767 2075 822 ab

498 867 771 934 omnibus,
813 864 956 936 quod
982 864 1184 933 justum
1210 872 1353 919 esset
1399 865 1795 917 decerneretur.
1825 862 2074 933 Episcopi

502 960 647 1014 enim
686 967 843 1014 erant
875 959 966 1028 qui
1003 955 1365 1027 patiebantur,
1406 968 1509 1010 nec
1540 956 1792 1026 vulgares
1820 954 2077 1011 Ecclesiae

502 1060 709 1107 vexatae
738 1059 884 1115 sunt,
914 1051 1007 1105 sed
1047 1064 1182 1119 quas
1221 1049 1323 1117 ipsi
1372 1047 1599 1119 apostoli
1649 1063 1745 1117 per
1788 1062 1847 1102 se
1878 1047 2077 1118 guber-

508 1152 728 1197 narunl.
758 1141 867 1196 Cur
895 1152 1073 1195 autem
1117 1141 1183 1195 de
1210 1140 1571 1195 Alexandrina
1601 1139 1938 1210 potissimum
1978 1139 2081 1195 Ec-

504 1234 695 1299 clesia,
730 1234 859 1288 nihil
900 1232 1055 1288 nobis
1082 1232 1343 1301 scriptum
1370 1232 1491 1287 est?
1522 1232 1603 1286 An
1633 1231 1895 1301 ignoratis
1939 1230 2078 1286 hanc

498 1338 624 1378 esse
668 1324 1138 1386 consuetudinem,
1166 1333 1225 1376 ut
1266 1323 1496 1393 primum
1529 1323 1684 1377 nobis
1706 1323 1997 1387 scribatur,
2022 1333 2079 1378 et

497 1414 644 1477 hinc,
671 1414 813 1480 quod
838 1413 1042 1481 justum
1072 1424 1177 1476 est,
1200 1413 1731 1498 decernatur‘bSane
1771 1414 1815 1468 si
1845 1428 1949 1482 qua
1982 1414 2075 1468 hu-

495 1504 726 1573 iusmodi
757 1507 992 1576 suspicio
1023 1506 1076 1561 in
1112 1506 1256 1560 illius
1289 1507 1440 1562 urbis
1481 1506 1791 1575 episcopum
1821 1505 2075 1571 cadebat,

496 1598 566 1653 ad
601 1600 742 1653 hanc
789 1598 1091 1654 Ecclesiam
1143 1597 1278 1652 illud
1321 1597 1730 1654 rescribendum
1766 1596 1887 1651 fuit.
1926 1594 2079 1651 Nunc

495 1701 678 1744 autem
711 1689 810 1753 illi,
842 1704 901 1745 re
929 1690 1087 1744 nobis
1117 1705 1224 1745 non
1254 1690 1520 1753 indicata,
1554 1698 1908 1759 posteaquam
1933 1688 2077 1757 quod

495 1780 655 1836 libuit
690 1795 854 1848 egere
885 1820 901 1845 ,
936 1795 1037 1836 nos
1062 1782 1259 1850 quibus
1286 1795 1349 1835 ea
1389 1779 1618 1834 crimina
1651 1778 1934 1848 explorata
1967 1793 2073 1832 non

2179 581 2398 644 κανόνα,
2442 581 2536 634 καὶ
2589 580 2665 651 μὴ
2688 579 2863 644 οὕτως
2896 577 3224 649 γεγενῆσθαι
3272 578 3370 650 τὴν
3415 580 3631 652 κρίσιν·
3664 580 3776 635 ἔδει

2178 674 2457 744 γραφῆναι
2479 674 2645 727 πᾶσιν
2662 674 2813 743 ἡμῖν,
2838 672 2926 725 ἴνα
2955 670 3128 734 οὕτως
3158 670 3308 743 παρὰ
3337 671 3555 726 πάντων
3580 672 3773 743 ὁρισθῇ

2180 763 2243 817 τὸ
2275 763 2505 817 δίκαιον.
2566 764 2884 816 Ἐπίσκοποι
2916 762 3027 833 γάρ
3053 758 3191 833 ἦσαν
3240 763 3290 814 οἱ
3322 763 3647 833 πάσχοντες,
3679 763 3775 815 καὶ

2178 855 2277 926 οὐχ
2321 858 2376 909 αἱ
2406 855 2667 927 τυχοῦσαι
2709 855 3029 925 Ἐκκλησίαι
3060 855 3117 907 αἱ
3144 854 3447 925 πάσχουσαι
3481 854 3620 925 (15),
3657 854 3773 909 ἀλλ’

2180 940 2256 1001 ὧν
2286 948 2440 1001 αὐτοὶ⁵
2482 949 2532 1002 οἱ
2571 947 2859 1002 ἀπόστολοι
2894 947 2960 1000 δι’
2992 946 3199 1000 ἐαυτῶν
3232 946 3642 1018 καθηγήσαντο.
3676 946 3778 1001 Διά

2178 1037 2233 1090 τί
2262 1037 2319 1091 δὲ
2344 1039 2473 1110 περὶ
2509 1040 2609 1109 τῆς
2655 1037 3049 1110 ’Δλεξανδρέων
3089 1037 3564 1109 Ἐκκλησίαςυμά)
3614 1038 3778 1109 μάλιέ

2183 1146 2286 1183 στα
2316 1130 2416 1182 οὐκ
2453 1131 2723 1201 ἐγράφετο
2754 1132 2921 1201 ὴμῖνς
2953 1131 3025 1183 Ἦ
3062 1132 3328 1199 ἀγνοεῖτε,
3350 1131 3434 1183 ὅτι
3463 1130 3628 1183 τοῦτο
3655 1130 3777 1194 ἔθος

2180 1216 2271 1293 ἦν,
2312 1222 2585 1295 πρότερον
2613 1223 2920 1294 γράφεσθαι
2958 1225 3109 1293 ἡμῖν,
3149 1224 3245 1276 καὶ
3274 1222 3447 1286 οὕτως
3480 1222 3637 1276 ἐνθεν
3666 1224 3779 1295 ὁρε-

2180 1314 2369 1380 ζεσθαι
2394 1315 2461 1369 τὰ
2488 1315 2703 1379 δίκαια;
2733 1317 2795 1368 Εἰ
2820 1315 2919 1386 μὲν
2942 1311 3034 1369 οὖν
3061 1333 3113 1368 τι
3149 1314 3389 1368 τοιοῦτον
3418 1311 3488 1386 ἦν
3510 1316 3778 1369 ὑποπτευ-

2182 1408 2273 1462 θὲν
2307 1410 2388 1472 είς
2424 1409 2514 1461 τὸν
2542 1409 2843 1462 ἐπίσκοπον
2879 1408 2971 1461 τὸν
3000 1409 3135 1472 ἐκεῖ,
3162 1408 3269 1460 ἔδει
3292 1408 3429 1480 πρὸς
3460 1408 3562 1478 τὴν
3586 1408 3777 1462 ἐνταῦρ

2181 1498 2247 1553 θα
2284 1499 2606 1570 Ἐκκλησίαν
2635 1500 2913 1570 γραφῆναι
2936 1516 2950 1529 ο
2992 1498 3086 1552 νῦν
3117 1499 3174 1552 δὲ
3205 1500 3255 1552 οἱ
3290 1501 3441 1569 ἡμᾶς
3469 1500 3545 1570 μὴ
3577 1500 3783 1571 πληρο-

2180 1595 2540 1666 φορήσαντες,
2566 1592 2872 1662 πράξαντες
2904 1591 2962 1645 δὲ
2986 1590 3139 1645 αὐτοὶ
3167 1592 3243 1655 ὼς
3268 1591 3566 1661 ἠθέλησαν,
3591 1591 3778 1644 λοιπὸν

2180 1686 2278 1739 καὶ
2297 1687 2445 1756 ἡμᾶς
2470 1686 2529 1738 ού
2557 1684 2931 1752 καταγνόντας
2954 1683 3227 1753 βούλονται
3255 1683 3586 1755 συμψήφους
3612 1681 3773 1737 εἷναι.

2187 1777 2301 1848 Ούχ
2328 1776 2502 1840 οὓτως
2523 1778 2581 1829 αἱ
2610 1776 2827 1830 Παύλου
2853 1774 3146 1841 διατάξεις,
3178 1776 3284 1844 ούχ
3309 1775 3485 1839 οὕτως
3522 1777 3577 1829 οἱ
3607 1776 3777 1829 πατέ-

496 1883 659 1939 sunt,
699 1838 801 1928 sibi
863 1838 1253 1944 suifragatores
1296 1888 1419 1929 esse
1461 1872 1675 1927 volunt.
1722 1838 2071 1943 iV'equaqttam

2180 1838 2301 1939 ρεςη
2314 1838 2764 1940 παραδεδώκασιν
2784 1884 2798 1896 ·
2852 1838 3219 1929 άλλοςττύπος
3244 1838 3406 1917 ’ἐστὶν
3456 1861 3638 1929 οὗτος,
3682 1868 3777 1921 καὶ

492 1965 626 2019 talia
662 1977 791 2020 sunt
817 1965 965 2020 Pauli
1015 1976 1239 2032 statuta,
1287 1982 1396 2022 non
1436 1967 1552 2022 hzec
1597 1965 1788 2021 Patres
1836 1967 2076 2021 tradide-

496 2066 667 2110 runt:
701 2057 796 2112 sed
827 2056 1005 2112 aliena
1038 2069 1121 2113 est
1156 2058 1258 2112 ista
1290 2056 1490 2122 forma,
1527 2073 1727 2113 novum
1774 2058 1876 2113 hoc
1915 2058 2075 2113 insti-

496 2156 689 2204 tutum.
716 2147 958 2204 Obsecro
982 2149 1235 2205 alacriter
1260 2150 1544 2217 toleretis;
1580 2166 1700 2220 quae
1721 2150 1864 2205 enim
1896 2150 2075 2206 scribo

493 2238 561 2292 ad
614 2238 882 2309 publicum
936 2241 1137 2295 bonum
1184 2242 1497 2296 conferunt.
1548 2240 1684 2296 Nam
1742 2258 1862 2313 quae
1913 2258 2074 2297 acce-

492 2331 672 2400 pimus
709 2347 740 2386 a
776 2333 935 2388 beato
964 2333 1125 2389 Petro
1155 2334 1422 2402 apostolo,
1473 2350 1537 2391 ea
1582 2336 1736 2391 vobis
1788 2337 2070 2406 significo;

494 2440 601 2478 non
636 2424 944 2493 scripturus
993 2433 1197 2489 tamen,
1236 2427 1380 2495 quod
1431 2437 1559 2481 uota
1604 2429 1744 2498 apud
1782 2444 1971 2485 omnes
2011 2447 2073 2485 ea

493 2533 615 2573 esse
657 2517 989 2585 existimem,
1025 2518 1125 2571 nisi
1176 2534 1296 2586 quae
1343 2529 1493 2589 gesta
1540 2529 1669 2575 sunt
1714 2536 1816 2576 nos
1848 2531 2076 2576 contur-

492 2609 737 2663 bassent.
766 2608 1017 2677 Episcopi
1046 2608 1394 2677 abripiuntur
1421 2618 1475 2663 et
1504 2625 1536 2664 e
1566 2610 1679 2664 suis
1711 2612 1933 2667 sedibus
1963 2612 2074 2681 pel-

494 2698 681 2752 luntur
707 2715 721 2752 :
749 2697 840 2752 alii
884 2698 1100 2753 aliunde
1128 2713 1317 2753 eorum
1341 2699 1463 2753 vice
1499 2701 1952 2758 constituuntur:
1980 2703 2073 2757 alii

493 2804 623 2845 vero
668 2790 877 2846 insidiis
914 2800 1284 2860 appetuntur:
1318 2791 1391 2845 ita
1426 2800 1485 2846 ut
1517 2792 1697 2863 populi
1731 2794 1799 2850 de
1835 2795 2073 2866 abreptis

493 2882 733 2947 doleant,
762 2882 1062 2938 submissos
1098 2883 1342 2954 recipere
1368 2892 1667 2952 cogantur;
1711 2894 1772 2940 ut
1800 2900 1938 2955 quos
1976 2900 2075 2942 εις

496 2983 688 3041 optant
730 2989 835 3029 non
875 2976 1190 3044 requirant,
1233 2990 1369 3045 quos
1412 2985 1595 3030 autem
1643 2976 1863 3044 nolunt,
1917 2978 2072 3035 inviti

494 3066 783 3136 recipiant.
809 3065 981 3138 _Rogo
1011 3081 1107 3120 vos
1139 3081 1205 3121 ne
1244 3066 1384 3121 ultra
1416 3066 1725 3137 hujusmodi
1771 3083 1859 3124 res
1908 3085 2073 3140 agan-

2178 1959 2361 2013 καινὸν
2397 1958 2460 2012 τὸ
2487 1957 2842 2029 ἐπιτήδευμα.
2893 1957 3223 2029 Παρακαλῶ,
3282 1956 3423 2027 μετά
3462 1958 3779 2031 προθυμίας

2178 2049 2437 2118 ἐνέγκατε
2458 2067 2471 2079 ·
2503 2048 2646 2119 ὑπὲρ
2676 2047 2769 2100 τοῦ
2802 2050 2953 2118 κοινῇ
2986 2048 3100 2118 (15)
3134 2049 3517 2120 συμφέροντός
3558 2050 3709 2102 ἐστιν
3741 2050 3778 2103 ἃ

2176 2141 2407 2211 γράφωο
2464 2139 2501 2194 ἃ
2544 2141 2653 2209 γὰρ
2709 2139 3124 2210 παρειλήφαμεν
3177 2141 3330 2212 παρὰ
3363 2140 3457 2194 τοῦ
3500 2144 3776 2213 μακαρίου

2176 2233 2387 2305 Πέτρου
2422 2231 2515 2286 τοῦ
2548 2232 2870 2296 ἀποστόλου,
2922 2231 3096 2285 ταῦτα
3142 2234 3235 2286 καὶ
3276 2234 3405 2303 ὑμῖν
3445 2233 3641 2303 δηλῶ·-
3684 2236 3778 2289 καὶ

2176 2327 2279 2381 ούκ
2304 2326 2371 2380 ἂν
2404 2324 2639 2396 ἔγραψα,
2663 2324 2874 2394 φανερά
2909 2324 3206 2395 ἡγούμενος
3241 2321 3382 2378 εἶναι
3419 2325 3596 2379 ταῦτα
3627 2328 3777 2398 παρά

2178 2422 2365 2479 πᾶσιν,
2392 2420 2441 2471 εί
2474 2418 2549 2489 μὴ
2570 2416 2637 2470 τὰ
2657 2418 2925 2487 γενόμενα
2950 2417 3096 2487 ἡμᾶς
3120 2416 3405 2487 ἐτάραξεν.
3452 2417 3775 2471 Ἐπίσκοποι

2178 2510 2515 2583 άρπάζονται
2541 2511 2635 2563 καὶ
2654 2507 3027 2573 ἐκτοπίζονται
3052 2525 3068 2539 ι
3097 2508 3245 2562 ἄλλοι
3274 2509 3331 2561 δὲ
3354 2508 3656 2579 ἀλλαχόθεν
3685 2512 3778 2563 άνο

2176 2603 2491 2666 τιτίθενται,
2532 2603 2626 2655 καὶ
2659 2601 2808 2656 ἄλλοι
2846 2600 3314 2653 ὲπιϐουλεύονται-
3353 2600 3499 2654 ὥστε
3550 2603 3646 2654 ἐπὶ
3677 2603 3776 2672 μὲν

2174 2698 2287 2760 τοῖς
2316 2695 2670 2768 άρπασθείσιν
2704 2695 2899 2756 αὐτοὺς
2938 2692 3173 2757 πενθεῖν,
3200 2694 3293 2747 ἐπὶ
3322 2693 3379 2745 δὲ
3419 2696 3536 2758 τοῖς
3558 2711 3774 2764 πεμπορ

2178 2787 2359 2859 μένοις
2386 2787 2812 2857 ἀναγκάζεσθαι.
2842 2786 2950 2852 ἵνα,
2967 2786 3063 2850 οὓς
3092 2788 3189 2857 μὲν
3212 2786 3449 2849 θέλουσι,
3485 2787 3563 2857 μὴ
3588 2788 3777 2858 ἐπιζη-

2173 2878 2365 2946 τῶσιν,
2406 2879 2501 2944 οὓς
2544 2880 2601 2933 δὲ
2650 2879 2725 2950 μὴ
2761 2878 3061 2949 βούλονται,
3101 2878 3384 2949 δέχωνται.
3428 2880 3596 2945 Ἀξιῶ
3633 2881 3776 2950 ὑμᾶς

2179 2975 2376 3047 μηκέτι
2426 2974 2651 3029 τοιαῦτα
2697 2972 2964 3043 γενεσθαι,
2996 2973 3243 3043 γράψατε
3276 2974 3333 3027 δὲ
3374 2973 3589 3045 μᾶλλον,
3634 2976 3774 3028 κατά

2174 3068 2284 3122 τῶν
2312 3068 2381 3121 τὰ
2410 3067 2637 3121 τοιαῦτα
2681 3068 3124 3139 ἐπιχειρούντων,
3190 3068 3276 3119 ἵνα
3315 3068 3515 3137 μηκέτι
3547 3068 3776 3123 τοιαῦτα

504 3168 635 3213 tur:
673 3159 783 3214 imo
815 3160 995 3229 potius
1028 3168 1217 3213 contra
1261 3174 1355 3214 eos
1398 3160 1619 3214 scribite
1650 3160 1741 3231 qui
1786 3160 1917 3216 talia
1955 3178 2071 3218 mo-

2180 3161 2459 3231 πάσχωσιν
2482 3162 2538 3213 αἱ
2576 3161 2911 3231 Ἑκκλησίαι,
2950 3160 3080 3232 μηδέ
3106 3178 3193 3223 τις
3217 3161 3519 3225 ἐπίσκοπος
3562 3162 3597 3231 ἢ
3639 3179 3774 3233 πρε-

494 3250 719 3317 liuntur,
752 3266 819 3306 ne
861 3250 1115 3321 deinceps
1159 3250 1230 3305 ita
1293 3260 1561 3306 vexentur
1606 3250 1893 3320 Ecclesiae,
1941 3268 2071 3309 neve

2184 3253 2441 3324 σϐύτερος
2478 3252 2635 3325 ὕϐριν
2652 3252 2866 3324 πάσχῃ,
2894 3253 2927 3323 ἦ
2958 3252 3108 3323 παρά
3142 3251 3390 3324 γνώμην,
3426 3252 3626 3325 ὥσπερ
3656 3254 3777 3327 ἐδή-

494 3346 619 3417 quis
660 3347 945 3416 episcopus
998 3355 1092 3400 aut
1140 3344 1422 3417 presbyter
1467 3347 1850 3402 contumeliam
1898 3348 2071 3419 patia-

2180 3345 2361 3401 λωσαν
2383 3349 2536 3417 ἡμῖν,
2574 3346 2955 3416 ἀναγκάζηταί
2989 3363 3073 3409 τις
3095 3350 3291 3411 ποιεῖν,
3316 3347 3404 3400 ἵνα
3436 3348 3512 3419 μὴ
3548 3351 3644 3401 καὶ
3670 3366 3775 3402 πα-

494 3448 587 3493 tur
627 3457 641 3492 :
698 3448 791 3493 aut
840 3448 1028 3493 contra
1076 3436 1243 3491 animi
1286 3437 1366 3492 sui
1415 3440 1739 3494 sententiam
1786 3439 1880 3510 (ut
1920 3440 2079 3497 nobis

493 3532 791 3587 indicatum
812 3532 939 3601 est),
972 3531 1094 3600 quis
1135 3531 1315 3586 facere
1344 3539 1601 3599 cogatur;
1633 3546 1701 3585 ne
1729 3531 1867 3602 apud
1899 3533 2079 3587 ethni-

494 3636 591 3676 cos
630 3621 799 3675 risum
845 3635 1183 3683 mm'eamus,
1224 3635 1287 3676 ac
1336 3620 1389 3674 in
1432 3620 1644 3691 primis,
1692 3635 1760 3675 ne
1805 3620 1974 3676 Deum
2006 3623 2074 3677 ad

494 3715 633 3769 iram
685 3714 1047 3769 concitemus.
1092 3713 1479 3785 Unusquisque
1534 3715 1677 3770 enim
1728 3724 1971 3770 nostrum
2020 3716 2073 3771 in

493 3805 580 3860 die
605 3804 792 3873 judicii
829 3804 1099 3858 rationem
1124 3820 1343 3859 suorum
1371 3806 1425 3859 in
1466 3806 1569 3861 hac
1600 3806 1710 3860 vita
1742 3820 1965 3875 operum
1992 3818 2074 3862 est

494 3898 821 3952 redditurus.
870 3896 1089 3953 Utinam
1148 3913 1341 3953 omnes
1391 3899 1686 3953 secundum
1738 3900 1907 3953 Deum
1946 3916 2073 3955 sen-

494 3989 656 4051 tiant,
686 3997 745 4041 ut
776 3997 832 4043 et
870 3988 1131 4045 Ecclesia:
1171 3991 1449 4060 episcopis
1490 3990 1604 4045 suis
1652 3992 1908 4060 receptis,
1952 4008 2074 4063 per-

492 4088 658 4149 petuo
685 4080 958 4149 gaudeant
986 4082 1038 4135 in
1069 4081 1288 4137 Christo
1316 4079 1446 4137 Jesu
1478 4080 1706 4137 Domino
1736 4092 1945 4149 nostro,
1978 4100 2072 4153 per

494 4183 656 4238 quem
683 4169 851 4239 gloria
881 4170 1028 4226 Patri
1059 4171 1113 4226 in
1147 4171 1342 4228 saecula
1371 4172 1719 4227 saeculorum.
1743 4171 1935 4227 Amen.
1968 4173 2073 4228 Va-

493 4258 608 4314 lere
638 4275 735 4316 vos
780 4263 833 4315 in
875 4262 1108 4319 Domino
1143 4274 1358 4335 exopto,
1394 4263 1703 4320 charissimi
1750 4279 1814 4319 ac
1857 4264 2072 4322 deside-

493 4354 754 4408 ratissimi
786 4352 1008 4410 fratres.

563 4445 654 4499 56.
696 4445 820 4500 llaec
841 4456 1127 4517 postquam
1153 4450 1394 4521 synodus
1417 4450 1605 4506 Romae
1622 4462 1947 4524 congregata
1974 4468 2071 4523 per

2182 3440 2251 3511 ρά
2291 3442 2404 3504 τοῖς
2437 3439 2615 3493 ἔθνεσι
2659 3440 2873 3508 γέλωτα
2902 3439 3247 3511 όφλήσωμεν,
3272 3440 3367 3493 καὶ
3400 3441 3509 3511 πρό
3534 3459 3601 3509 γε
3636 3442 3774 3496 πάνο

2176 3548 2307 3594 των,
2344 3532 2430 3585 ἵνα
2488 3532 2563 3603 μὴ
2611 3531 2723 3603 (16)
2756 3532 2849 3585 τὸν
2880 3531 3012 3586 Θεὸν
3048 3532 3463 3604 παροξύνωμεν.
3505 3535 3776 3600 Ἕκαστος

2177 3623 2286 3695 γὰρ
2312 3624 2472 3695 ἡμῶν
2507 3623 2775 3677 ἀποδώσει
2798 3623 2956 3693 λόγον
2984 3626 3042 3677 ἐν
3062 3624 3246 3697 ἡμέρᾳ
3275 3626 3514 3697 κρίσεως
3540 3628 3673 3698 περὶ
3698 3620 3772 3681 ὧν

2176 3716 2409 3770 ἐνταῦθα
2430 3716 2655 3787 ἔπραξε.
2695 3717 2909 3770 Γένοιτο
2925 3717 2981 3769 δὲ
3015 3718 3224 3781 πάντας
3252 3718 3393 3772 κατά
3422 3719 3559 3773 Θεὸν
3582 3721 3777 3791 φρονῆ-

2177 3826 2287 3874 σαι,
2318 3810 2405 3862 ἵνα
2453 3810 2547 3863 καὶ
2591 3810 2648 3863 αἱ
2686 3810 3003 3881 Ἐκκλησίαι
3052 3812 3178 3872 τοὺς
3216 3812 3556 3875 ἐπισκόπους
3592 3814 3770 3866 αὐτῶν

2174 3897 2571 3962 ἀπολαῦοὗσαι,
2616 3898 2849 3969 χαίρωσι
2907 3898 2997 3952 διὰ
3056 3899 3257 3962 παντὸς
3300 3901 3358 3952 ἐν
3406 3900 3635 3972 Χριστῷ
3671 3902 3767 3971 Ἰη-

2178 3992 2273 4046 σοῦ
2340 3992 2418 4063 τῷ
2480 3992 2671 4063 Κυρίῳ
2718 3991 2899 4063 ἡμῶν,
2952 3991 3019 4045 δι’
3075 3985 3136 4045 οὗ
3190 3992 3269 4063 τῷ
3314 3994 3493 4064 Πατρὶ
3552 3996 3586 4065 ἡ
3644 3991 3770 4058 δόξα

2174 4090 2253 4152 είς
2279 4088 2405 4152 τοὺς
2434 4087 2632 4150 αἰῶνας
2652 4086 2761 4139 τῶν
2793 4085 3023 4140 αἰώνων.
3060 4086 3113 4137 Ἀ
3126 4087 3251 4157 μήν.
3292 4085 3606 4157 Ἐρῤὦσθαι
3628 4088 3768 4157 ὑμᾶς

2174 4186 2232 4237 ἐν
2258 4183 2448 4255 Κυρίῳ
2476 4183 2725 4255 εὔχομαι,
2764 4182 3045 4251 ἀγαπητοὶ
3089 4182 3183 4234 καὶ
3214 4180 3588 4233 ποθεινότατοι
3616 4176 3769 4231 ἀδελ-

2172 4278 2263 4347 φοί
2288 4277 2420 4346 (17).

2244 4452 2332 4507 56.
2388 4453 2573 4506 Ταῦτα
2606 4453 2704 4524 τῆς
2736 4454 2794 4505 ἐν
2841 4451 3025 4522 Ῥώμῃ
3066 4451 3281 4504 συνόδου
3330 4449 3630 4521 γραψάσης
3680 4449 3765 4503 διὰ

493 4534 693 4591 Julium
726 4539 1031 4595 Romanum
1059 4541 1376 4612 episcopum
1418 4545 1751 4614 scripsisset,
1787 4562 1910 4600 cum
1947 4562 2067 4600 rur-

2188 4545 2409 4598 Ἰουλίου
2461 4544 2555 4598 τοῦ
2590 4544 2888 4598 ἐπισκόπου
2936 4542 3172 4615 Ῥώμης,
3208 4543 3396 4615 ἐπειδὴ
3423 4544 3591 4596 πάλιν
3617 4545 3766 4614 ἡναι-

491 4647 585 4685 sus
636 4631 924 4688 Eusebiani
983 4633 1325 4700 impudenter
1373 4650 1433 4689 se
1481 4647 1759 4706 gererent,
1795 4637 2069 4693 Ecclesias

490 4724 892 4791 perturbarent,
934 4740 999 4781 ac
1034 4726 1222 4781 multis
1258 4738 1516 4797 pararent
1556 4728 1803 4792 insidias,
1851 4730 2070 4800 religio-

489 4816 692 4871 sissimi
730 4818 1087 4888 imperatores
1134 4819 1488 4876 Constantius
1524 4832 1579 4876 et
1608 4819 1875 4877 Constans
1902 4827 1969 4877 de
2002 4823 2069 4877 iis

491 4909 755 4965 certiores
816 4909 969 4975 lacti,
1021 4912 1300 4981 jusserunt
1358 4912 1671 4968 Occidentis
1717 4924 1772 4969 et
1826 4913 2069 4969 Orientis

491 5001 774 5073 episcopos
815 5002 1101 5060 Sardicam
1154 5007 1469 5061 convenire.
1527 5005 1743 5060 Interim
1802 5006 2068 5062 Eusebius

490 5103 722 5150 mortem
750 5094 905 5149 obiit.
932 5094 1103 5150 Porro
1137 5094 1385 5165 plurimis
1410 5095 1647 5167 undique
1678 5098 2055 5153 convenienti-

564 5208 677 5279 (15)
717 5207 869 5275 Quod
918 5209 989 5263 ait
1034 5208 1208 5267 Julius
1262 5226 1354 5267 eas
1392 5211 1666 5268 Ecclesias
1728 5213 1796 5267 ab
1845 5214 2063 5268 Arionis

492 5291 726 5354 vexatas
751 5280 914 5354 fuisse
933 5297 1069 5354 quas
1110 5283 1212 5350 ipsi
1231 5284 1477 5354 apostoli
1505 5300 1603 5354 per
1659 5299 1719 5338 se
1767 5284 2065 5353 gubernas—

494 5360 637 5417 sent,
664 5352 729 5405 ad
749 5351 918 5422 solum
949 5352 1367 5407 Alexandrinam
1397 5351 1585 5407 referri
1621 5351 1835 5407 videtur
1868 5374 1881 5407 :
1910 5356 2066 5422 quip-

495 5436 562 5546 Ee
586 5436 705 5490 quae
740 5438 769 5477 a
804 5421 988 5477 Marco
1020 5425 1275 5494 primum,
1316 5432 1376 5475 ut
1427 5423 1665 5546 vulgaris
1716 5424 1822 5478 fert
1857 5421 2061 5493 opinio,

542 5502 661 5546 etro
715 5492 1025 5546 ordinante.
1088 5493 1464 5546 administrata
1547 5495 1645 5546 uit.
1682 5493 1842 5546 Viros
1883 5504 2061 5546 autem

542 5502 661 5546 etro
715 5492 1036 5560 ordinante;
1088 5493 1464 5547 administrata
1523 5492 1645 5548 fuit.
1682 5493 1842 5548 Viros
1883 5492 2061 5548 autem

500 5562 843 5633 apostolicos,
895 5574 951 5617 et
1004 5563 1366 5633 apostolorum
1424 5563 1737 5632 discipulos,
1789 5564 2062 5631 apostolos

498 5630 769 5703 interdum
803 5636 871 5688 ab
914 5630 1152 5703 antiquis
1192 5633 1369 5687 vocari
1420 5630 1673 5687 omnibus
1725 5630 2061 5703 compertum

501 5708 607 5755 est.
640 5701 791 5757 Unde
820 5701 1128 5769 conjectare
1156 5703 1316 5756 liceat
1351 5704 1525 5770 ipsum
1561 5703 1801 5756 Marcum
1842 5701 1871 5756 a
1926 5702 2067 5757 Julio

504 5772 754 5843 pontiﬁce
780 5773 1003 5843 apostoli
1047 5773 1260 5825 nomine
1293 5774 1625 5829 subindicari
1648 5814 1662 5843 ,
1697 5773 1838 5843 quod
1887 5776 2059 5832 erudi-

505 5847 682 5895 torum
708 5840 911 5911 judicio
940 5843 1299 5913 permittatur.

2178 4636 2436 4708 σχύντουν
2459 4639 2507 4690 οἱ
2528 4638 2655 4709 περὶ
2674 4636 2950 4701 Εὑσέὸιον,
2968 4636 3067 4699 τάς
3090 4653 3151 4688 τε
3185 4635 3516 4707 Ἐκκλησίας
3541 4638 3765 4709 ἐτάρατ-

2172 4748 2285 4795 τον,
2334 4731 2431 4784 καὶ
2470 4730 2683 4795 πολλοῖς
2714 4729 3088 4794 ἐπεϐούλευον,
3127 4729 3389 4800 μαθόντες
3433 4731 3485 4781 οξ
3527 4729 3763 4799 θεοφιλέ-

2174 4838 2358 4874 στατοι
2393 4820 2629 4892 βασιλεῖς
2656 4820 3036 4883 Κωνστάντιος
3072 4820 3166 4873 καὶ
3192 4820 3511 4887 Κώνστανς,
3553 4822 3764 4875 ἐκέλευ-

2170 4929 2271 4965 σαν
2296 4912 2423 4977 τούς
2460 4930 2521 4965 τε
2556 4913 2667 4967 ἀπὸ
2687 4912 2787 4983 τῆς
2815 4912 3033 4975 Δύσεως
3060 4912 3155 4964 καὶ
3184 4911 3284 4981 τῆς
3324 4912 3622 4984 ’Ᾱνατολῆς
3646 4915 3761 4966 ἐπι·

2171 5006 2407 5071 σκόπους
2431 5006 2706 5059 συνελθεῖν
2739 5008 2818 5069 είς
2847 5007 2944 5078 τὴν
2965 5006 3182 5079 Σαρδῶν
3205 5004 3383 5061 πόλιν.
3422 5006 3482 5060 Ὁ
3527 5008 3631 5078 μὲν
3668 5003 3758 5060 οὖν

2163 5096 2552 5169 Εὐσέϐιος(18)
2571 5098 2629 5152 ἐν
2656 5097 2735 5170 τῷ
2758 5099 2965 5169 μεταξὺ
2989 5097 3343 5169 τετελεύτηκε
3364 5114 3377 5127 °
3411 5097 3686 5154 πλείστων
3703 5101 3758 5155 δὲ

2245 5214 2361 5261 (υἱ
2390 5214 2468 5269 ita
2501 5216 2637 5284 Reg.
2663 5214 2808 5270 Editi
2834 5229 2981 5278 vero,
3024 5212 3418 5285 Ἀλεξανδρέων
3452 5214 3685 5279 πόλεως.

2238 5286 2259 5354 (
2269 5284 2351 5349 l5)
2382 5286 2539 5355 Reg.,
2562 5284 2765 5340 κοινοῦ.

2238 5357 2352 5427 (l6)
2388 5354 2503 5410 Ἵνα
2536 5358 2609 5428 μή
2639 5357 2692 5411 in
2718 5356 2880 5413 editis
2907 5356 3078 5412 deest.
3110 5359 3218 5410 Nos
3244 5370 3309 5409 ex
3341 5354 3478 5425 Reg.
3516 5355 3751 5425 sumpsi-

2166 5444 2310 5484 mus.

2240 5499 2351 5563 (l7)
2383 5496 2531 5569 Haec,
2562 5496 2717 5561 τέλος
2746 5498 2845 5569 τῆς
2886 5498 3176 5569 ἐπιστολῆς
3220 5495 3438 5552 Ἰουλίου
3470 5496 3583 5569 ,τρῦ
3632 5499 3751 5569 ἐπι-

2172 5572 2377 5651 σκόπου
2415 5568 2657 5692 Ἱῆιὶξμης,
2686 5565 2811 5633 ﬁnis
2829 5569 3061 5634 epistola:
3092 5565 3227 5622 Julii
3250 5568 3477 5648 episcopi
3502 5565 3748 5633 Romani,

2172 5655 2289 5692 otia:
2324 5654 2376 5692 in
2399 5638 2561 5692 editis
2607 5642 2922 5692 eaehautur.
2962 5656 2989 5692 a
3018 5640 3146 5692 Reg.
3181 5649 3235 5692 et
3260 5637 3423 5692 Basnl.
3460 5638 3676 5690 absum.

2171 5655 2289 5704 quae
2324 5639 2376 5692 in
2399 5637 2561 5708 editis
2588 5637 2922 5708 legebantur,
2962 5656 2989 5693 a
3018 5640 3146 5708 Reg.
3181 5649 3235 5693 et
3260 5637 3423 5692 Basil.
3460 5638 3676 5690 absum.

2248 5709 2359 5779 (l8)
2396 5707 2625 5763 Socrate
2650 5707 2683 5761 I.
2708 5726 2771 5769 ιι.
2802 5724 2854 5763 c.
2887 5711 2974 5774 12,
3009 5722 3063 5764 ει

2176 5777 2506 5845 aneloi'ilius,
2562 5780 2698 5834 obiit
2737 5780 2999 5835 Eusebius
3052 5779 3177 5835 Julii
3238 5777 3438 5832 litteris
3508 5778 3746 5845 nondum

3168 5722 3395 5764 zomeno
3433 5708 3469 5760 Ι.
3498 5722 3581 5769 ιιι,
3612 5724 3660 5758 c.
3686 5706 3737 5764 ἒ,

2044 5892 2077 5921 γ
2177 5852 2434 5920 acceptis.
2487 5844 2646 5922 atque
2684 5850 2818 5908 adeo
2854 5866 2996 5910 anno
3046 5850 3171 5916 542,
3220 5848 3314 5906 scd
3379 5849 3446 5905 iis
3484 5844 3744 5917 refragari
