3978 6506
185 369 272 426 309

1302 374 1645 433 APOLOGIA
1684 372 1959 429 CONTRA
1998 374 2317 433 AMANOS.

3296 375 3399 431 540

187 490 513 560 πανταχόθεν
546 492 924 560 συνελθόντων,
967 496 1129 565 ἡμεῖς
1160 495 1262 567 μὲν
1297 493 1744 568 προααλούμεθα

1857 497 1966 559 bus,
2009 495 2226 552 Eusebii
2255 493 2430 551 socios
2452 493 2863 564 provocavimus
2901 492 2965 547 ad
3007 491 3281 563 judicium.
3318 490 3399 545 Illi

188 585 291 648 τοὺς
334 587 632 651 κοινωνοὺς
676 587 784 658 (19)
822 588 931 640 τῶν
973 589 1102 660 περὶ
1142 588 1399 642 Εὑσέὸιον
1431 591 1511 652 είς
1542 588 1741 659 κρίσιν.

202 679 408 732 Ἐκεῖνοι
450 679 510 732 δὲ
551 679 661 751 πρὸ
704 680 993 752 ὀφθαλμῶν
1039 681 1251 753 ἔχοντες
1293 682 1329 736 ὃ.
1367 681 1627 753 ἔπραξαν,
1654 682 1747 734 καὶ

195 772 461 842 βλέποντες
500 775 633 836 τοὺς
669 774 987 837 ἀνελθόντας
1020 776 1357 847 κατηγόρους
1404 774 1599 839 αὐτῶν,
1633 776 1749 842 ἐφο-

194 862 359 917 ϐοῦντο
410 862 514 934 τὴν
558 865 775 936 κρίσιν·
805 867 897 919 καὶ
938 866 1046 937 γὰρ
1090 869 1304 921 πάντων
1343 865 1597 937 καθαρῶς
1642 866 1747 919 ἀπ-

193 956 540 1025 αντησάντων,
560 956 717 1010 αὐτοὶ
744 957 902 1011 πάλιν
925 958 1186 1029 ἐπήγοντο
1210 958 1325 1030 μεθ’
1348 959 1553 1014 ἑαυτῶν
1572 958 1746 1029 κόμη-

193 1048 414 1118 cas-(20),
441 1049 847 1113 Μουσωνιανὸν,
870 1050 962 1104 καὶ
994 1051 1242 1122 Ἦσύχιον
1262 1044 1359 1105 τὸν
1382 1051 1744 1123 Καστρήσιον,

196 1144 268 1207 ἵν’,
295 1143 484 1214 ὥσπερ
506 1143 809 1207 εἰώθεισαν,
843 1147 909 1214 τῇ
932 1144 1154 1196 ἐκείνων
1181 1142 1416 1213 ἐξουσίᾳ,
1436 1141 1585 1194 ταῦθ’
1607 1141 1748 1210 ἅπερ

194 1234 452 1291 ἐύούλοντο
487 1236 784 1308 πράξωσιν.
851 1236 1064 1307 Ἐπειδὴ
1103 1236 1160 1289 δέ
1198 1237 1365 1307 χωρὶς
1420 1237 1671 1305 κομήτων
1714 1235 1747 1303 ἡ

196 1328 388 1392 σύνοδος
432 1324 523 1400 ἦν,
571 1329 669 1383 καὶ
726 1329 1060 1400 στρατιώτης
1110 1328 1283 1393 οὐδεὶς
1318 1328 1525 1397 ἐγίνετο
1564 1327 1746 1397 μέσος,

195 1421 554 1493 ἐταράχθησαν
580 1421 877 1491 πληγέντες
911 1420 1016 1473 ὑπὸ
1059 1419 1150 1473 τοῦ
1198 1419 1515 1482 συνειδότος.
1553 1418 1749 1470 Οὐκέτι

194 1515 283 1585 γὰρ
301 1514 374 1578 ῶς
403 1514 595 1585 ἤθελον
616 1515 916 1586 ἐκρίνοντο,
946 1513 1057 1566 ἀλλ’
1076 1513 1152 1577 ὠς
1187 1516 1214 1565 ὁ
1232 1512 1343 1583 (21)
1370 1512 1470 1582 τῆς
1496 1509 1750 1581 ἀληθείας

194 1606 369 1676 ἀπῄτει
389 1605 567 1674 λόγος.
597 1606 721 1658 Ἐπὶ
746 1606 878 1659 πολὺ
903 1606 1079 1659 τοίνυν
1103 1607 1135 1675 ἡ
1144 1604 1257 1675 μῶν
1278 1601 1747 1675 προκαλουμένων,

195 1699 273 1750 καὶ
326 1698 427 1767 τῆς
477 1698 697 1751 συνόδου
742 1697 851 1750 τῶν
882 1697 1192 1750 ἐπισκόπων
1234 1693 1611 1765 προκαλούσης
1655 1691 1752 1744 αύ-

193 1786 453 1856 τοῦς(22).
488 1788 581 1840 καὶ
610 1787 891 1857 λεγούσης·
926 1805 944 1837 ‹
981 1784 1205 1838 Ἥλθετε
1245 1784 1518 1853 κριθῆναι,
1558 1781 1643 1834 διὰ
1696 1781 1749 1833 τί
1776 1826 1826 1885 Β

192 1879 349 1932 τοίνυν
386 1877 633 1940 ἐλθόντες
655 1877 1034 1943 ύποποδίζετε;
1077 1877 1272 1947 Ἐχρῆν
1303 1875 1411 1947 γὰρ
1433 1875 1575 1944 ὑμᾶς
1603 1873 1636 1942 ἢ
1676 1872 1748 1943 μὴ

193 1969 369 2033 ἐλθεῖν,
403 1970 438 2041 ἢ
474 1969 727 2032 ἐλθόντας
763 1969 836 2039 μὴ
870 1967 1241 2040 κρύπτεσθαι·
1291 1966 1449 2021 τοῦτο
1479 1964 1586 2035 γάρ
1620 1965 1750 2034 ὑμῖν

192 2063 331 2135 φέρει
361 2064 630 2133 μεγίστην
655 2062 1017 2129 κατάγνωσιν.
1065 2060 1215 2124 Ἰδοὺ,
1255 2060 1505 2130 πάρεισιν
1545 2060 1593 2110 οί
1624 2057 1751 2127 περὶ

202 2153 523 2213 Ἀθανάσιον,
556 2152 653 2216 οὓς
683 2152 919 2215 ἀπόντας
946 2150 1272 2215 διεϐάλλετε,
1309 2151 1397 2215 ἵν’,
1423 2150 1477 2202 ετ
1513 2167 1566 2202 τι
1597 2148 1750 2218 νομί-

192 2244 295 2309 ζετε
320 2244 432 2315 (25)
462 2245 630 2315 ἔχειν,
656 2244 962 2315 διελέγξητε
1007 2244 1226 2307 τούτους
1262 2242 1564 2313 παρόντας·
1612 2242 1659 2293 εί
1694 2240 1750 2293 δὲ

195 2337 520 2409 μὴδύνασθε,
572 2335 958 2409 προσποιεῖσθε
1003 2335 1059 2387 δὲ
1121 2334 1193 2404 μὴ
1245 2331 1552 2403 βούλεσθαι,
1603 2328 1749 2398 δῆλοί

192 2434 300 2483 ἐστε
340 2428 695 2498 συκοφάνται,
726 2428 821 2481 καὶ
848 2426 1052 2497 ταύτην
1093 2426 1220 2494 ὑμῖν
1263 2425 1297 2494 ἡ
1339 2421 1551 2483 σύνοδος
1593 2418 1750 2471 δώσει

193 2522 278 2592 τὴν
308 2522 506 2593 κρίσιν.
547 2540 565 2571 ι
609 2521 673 2574 Oi
709 2519 765 2571 δὲ
803 2517 976 2572 ταῦτα
1005 2516 1354 2577 ἀκούσαντες,
1392 2513 1485 2566 καὶ
1526 2525 1752 2577 καταγι-

193 2612 474 2675 νώσκοντες
519 2609 736 2663 ἑαυτῶν
793 2608 1028 2678 (ηδεισαν
1080 2606 1188 2676 γὰρ
1252 2603 1287 2657 ἃ
1332 2602 1600 2673 ἔπραξαν,
1657 2598 1752 2653 καὶ

194 2702 480 2757 ἐπλάσαντο
508 2700 631 2755 καθ’
651 2698 857 2770 ἡμῶν),
890 2697 1235 2769 ᾐσχύνθησαν
1260 2693 1591 2763 ἀπαντῆσαι,
1621 2689 1754 2743 πολ-

195 2790 279 2861 λὴν
303 2794 396 2845 καὶ
426 2791 656 2863 ἀπρεπῆ
686 2790 808 2844 καθ’
837 2789 1046 2842 ἐαυτῶν
1078 2788 1173 2858 τὴν
1214 2785 1572 2854 συκοφαντίαν
1600 2781 1752 2849 ἐλέγ-

196 2881 388 2946 ξαντες.
418 2883 484 2935 Ἦ
503 2881 683 2935 τοίνυν
703 2881 835 2948 ἁγία
860 2879 1090 2941 σύνοδος,
1117 2876 1459 2944 καταγνοῦσα
1474 2875 1571 2944 τῆς
1592 2875 1756 2943 ἀπρε-

193 2973 317 3038 ποῦς
352 2975 448 3028 καὶ
478 2974 720 3027 ὑπόπτου
750 2972 928 3042 φυγῆς
958 2971 1200 3033 ἐκείνων,
1245 2968 1462 3034 ἐδέξατο
1499 2968 1646 3037 ἡμᾶς
1674 2967 1754 3028 είς

195 3065 494 3134 ἀπολογίαν.
538 3064 962 3137 Διηγησαμένων
1012 3062 1069 3115 δὲ
1114 3060 1272 3131 ἡμῶν
1323 3060 1411 3113 διὰ
1462 3058 1752 3129 μαρτύρων

1845 601 1975 641 vero
1994 587 2191 656 quibus
2217 602 2327 657 pra:
2346 586 2516 642 oculis
2544 595 2726 641 essent
2749 601 2842 641 sua
2872 584 3110 639 facinora
3128 621 3144 647 ,
3182 597 3403 651 conspe-

1845 680 1948 733 ctis
1973 694 2186 749 quoque
2212 681 2324 735 suis
2349 678 2749 733 accusatoribus
2776 678 2870 747 qui
2897 674 3403 743 advenerant,judt-

1846 772 1995 825 cium
2046 769 2487 826 reformidabant.
2540 768 2748 824 Etenim
2792 782 2912 822 cum
2956 780 3143 820 omnes
3191 765 3400 818 sincera

1846 871 2029 916 mente
2054 860 2408 926 accederent;
2440 860 2511 913 illi
2539 873 2724 913 rursus
2753 857 2977 911 comites
3006 853 3400 921 Musonianum,

1847 962 1903 1007 et
1926 952 2248 1022 Hesychium
2278 952 2645 1007 Castrensium
2687 964 2865 1005 secum
2898 947 3191 1011 adduxere,
3215 957 3273 999 ut
3305 961 3403 1013 pro

1847 1057 1940 1098 sua
1973 1043 2381 1107 consuetudine,
2413 1043 2620 1097 illorum
2647 1050 2909 1111 potestate
2931 1038 3074 1103 freti,
3102 1035 3242 1107 quod
3268 1035 3402 1091 libe-

1846 1142 1935 1188 ret
1965 1132 2306 1202 perficerent.
2338 1132 2477 1185 Cum
2500 1140 2677 1186 autem
2709 1131 2912 1199 absque
2932 1128 3218 1182 comitibus
3247 1139 3408 1195 syno-

1848 1223 1947 1276 dus
1985 1221 2373 1283 celebraretur,
2418 1236 2481 1274 ac
2516 1219 2691 1275 nullus
2719 1220 2791 1275 ibi
2844 1218 2996 1273 miles
3032 1217 3188 1287 122
3241 1216 3407 1269 inter-

1848 1321 2010 1377 esset,
2043 1310 2275 1380 perculsi
2313 1326 2343 1363 a
2385 1325 2483 1364 sua
2522 1309 2851 1365 conscientia
2898 1308 3227 1364 consternati
3259 1314 3405 1359 sunt.

1848 1405 1965 1459 Non
2013 1404 2155 1457 enim
2204 1402 2430 1472 amplius
2477 1416 2575 1471 pro
2605 1415 2703 1454 sua
2746 1400 2965 1456 libidine
2999 1399 3406 1469 iudicabantur,

1850 1495 1944 1550 sed
1970 1504 2027 1547 ut
2061 1493 2307 1548 veritatis
2331 1492 2469 1547 ratio
2494 1490 2819 1561 postulabat.
2846 1490 3012 1545 Nobis
3032 1490 3194 1559 igitur
3212 1490 3408 1543 iterum

1849 1602 2013 1661 atque
2042 1591 2238 1644 iterum
2287 1585 2709 1657 provocantibus
2729 1592 2783 1637 et
2804 1583 3177 1652 episcOporum
3206 1580 3411 1649 synodo

1850 1699 1942 1739 eos
1973 1683 2056 1737 bis
2088 1679 2269 1736 verbis
2312 1685 2622 1732 accersente
2664 1694 2678 1729 :
2718 1694 2737 1727 σ
2769 1673 2885 1728 Huc
2928 1673 3228 1728 accessistis
3258 1681 3316 1725 ut
3344 1670 3412 1724 ad

1847 1772 2104 1843 judicium
2146 1783 2242 1822 vos
2275 1766 2570 1829 sisteretis,
2616 1779 2715 1819 cur
2739 1763 2924 1833 itaque
2950 1770 3234 1832 postquam
3265 1761 3415 1814 veni-

1852 1841 1973 1925 stis,
2016 1874 2113 1913 vos
2134 1856 2477 1912 subducitis?
2498 1853 2748 1924 Oportuit
2769 1854 2913 1907 enim
2943 1841 3038 1905 aut
3058 1866 3164 1906 non
3189 1849 3415 1904 accede-

1853 1965 1936 2013 re,
1985 1957 2077 2001 aut
2116 1954 2399 2015 postquam
2452 1942 2783 2007 accessistis,
2836 1957 2942 1995 non
2986 1939 3355 2009 subterfugere
3393 1954 3409 2002 ;

1851 2041 1954 2095 hoc
1980 2039 2124 2093 enim
2161 2038 2451 2091 maximum
2476 2045 2559 2090 est
2585 2045 2773 2089 contra
2791 2048 2887 2087 vos
2911 2044 3308 2103 argumentum.
3332 2031 3411 2085 En

1852 2134 2049 2188 adsunt
2078 2129 2408 2185 Athanasius
2432 2138 2487 2183 et
2515 2127 2647 2182 socii
2669 2141 2802 2194 quos
2827 2126 3082 2181 absentes
3104 2124 3416 2179 calumniati

1848 2224 2011 2286 estis;
2044 2232 2103 2276 ut
2130 2222 2174 2275 si
2205 2221 2332 2289 quid
2363 2218 2651 2274 dicendum
2683 2217 2883 2272 habere
2930 2215 3148 2287 putetis,
3180 2228 3417 2283 praesen-

1855 2326 1935 2371 tes
1968 2314 2295 2385 coarguatis.
2327 2312 2447 2375 Sin,
2481 2326 2604 2365 cum
2636 2325 2742 2364 non
2779 2307 3017 2378 possitis,
3047 2322 3144 2361 vos
3173 2305 3312 2360 nolle
3341 2305 3418 2361 si-

1850 2408 2093 2471 mulatis,
2144 2413 2329 2476 aperte
2382 2402 2730 2473 sycophantae
2777 2400 2929 2460 estis,
2985 2406 3040 2452 et
3090 2398 3233 2452 hanc
3266 2398 3419 2452 vobis

1852 2497 2089 2569 synodus
2125 2493 2262 2548 feret
2288 2490 2637 2547 sententiam.
2674 2506 2694 2539 ι
2729 2486 2934 2553 Quibus
2953 2484 3157 2540 auditis
3186 2484 3289 2551 illi,
3318 2500 3416 2539 sua
3478 2488 3481 2491 ’

1852 2607 1913 2648 se
1936 2593 1997 2646 da
2016 2596 2235 2644 nutante
2263 2584 2599 2641 conscientia
2628 2582 2896 2653 (sciebant
2932 2579 3077 2635 enim
3119 2592 3240 2649 quae
3272 2575 3420 2632 fece-

1861 2694 2003 2748 rant,
2028 2691 2082 2737 et
2105 2695 2224 2751 qua:
2257 2679 2546 2733 adversum
2583 2690 2678 2730 nos
2702 2672 3125 2751 conﬂuxerant),
3164 2670 3421 2725 accedere

1852 2773 2009 2829 veriti
2035 2748 2199 2839 sunt;
2228 2771 2415 2843 sicque
2455 2770 2725 2836 ingentem
2761 2780 2823 2819 ac
2850 2748 3047 2820 {tedam
3090 2762 3420 2818 calumniam

1854 2881 2009 2921 suam
2041 2864 2217 2935 palam
2248 2861 2448 2917 fecere.
2485 2860 2687 2915 Sancta
2731 2873 2860 2928 ergo
2906 2858 3146 2927 synodus
3173 2855 3422 2911 animad-

1856 2971 2011 3012 versa
2042 2968 2230 3010 eorum
2252 2952 2395 3022 turpi
2420 2960 2583 3020 atque
2611 2957 2858 3017 suspecta
2892 2946 3039 3016 fuga,
3072 2960 3170 3000 nos
3206 2943 3423 2999 admisit

1855 3051 1923 3105 ad
1969 3047 2359 3103 defensionem.
2414 3042 2549 3097 Cum
2595 3052 2796 3101 autem,
2855 3038 3082 3092 testibus
3138 3035 3419 3105 ﬁrmisque

196 3158 283 3211 καὶ
301 3124 711 3221 ἀποδείξεων.
735 3124 1041 3225 πραχθέντα
1068 3124 1189 3206 καθ’
1213 3152 1387 3222 ἡμῶν,
1416 3124 1746 3220 ἐθαύμασανο

1857 3138 2263 3214 probationibus
2287 3133 2564 3198 adhibitis,
2595 3145 2714 3201 qua:
2742 3138 2930 3184 contra
2976 3141 3077 3181 nos
3117 3135 3268 3197 gesta
3302 3124 3421 3181 fue-

196 3249 283 3302 καὶ
322 3250 556 3312 ἅπαντες
588 3248 924 3317 ἐπέγνωσαν,
966 3247 1049 3299 ὅτι
1076 3245 1163 3298 διὰ
1196 3244 1350 3297 τοῦτο
1374 3243 1597 3305 εἰκότως
1624 3242 1752 3309 ἐφο-

197 3340 427 3412 ϐήθησαν
466 3340 567 3411 τὴν
598 3338 833 3403 σύνοδον,
855 3338 940 3390 ἵνα
978 3336 1052 3407 μὴ
1074 3337 1154 3399 είς
1184 3336 1471 3406 πρόσωπον
1493 3330 1757 3404 ἐλεγχθῶ·

200 3449 277 3483 σιν
300 3449 312 3461 ·
350 3431 535 3499 ἔλεγόν
576 3446 635 3483 τε
656 3446 670 3459 ·
717 3429 879 3490 Ἴσως
908 3426 1217 3497 νομίζοντες
1248 3424 1322 3495 μὴ
1362 3421 1755 3494 παραγίνεσθαι

200 3521 316 3584 τοὺς
340 3521 468 3591 περὶ
499 3518 838 3581 Ἀθανάσιον,
869 3517 1186 3586 ἀπήντησαν
1204 3514 1311 3567 ἀπὸ
1324 3514 1422 3585 τῆς
1446 3512 1753 3584 ’Δνατολῆς,

202 3612 407 3679 ὃπουγε,
446 3611 643 3673 ἰδόντες
667 3608 864 3670 αὐτοὺς
888 3604 1448 3677 παρρησιαζομένους,
1497 3604 1591 3657 καὶ
1622 3620 1757 3672 προ-

204 3702 550 3773 καλουμένους
590 3701 690 3771 τὴν
720 3699 922 3771 κρίσιν,
966 3697 1273 3767 φεύγουσιν.
1316 3695 1491 3766 Ἦμᾶς
1531 3695 1629 3766 μὲν
1665 3690 1758 3748 οὖν

204 3796 511 3860 ἀπεδέξαντο
537 3795 614 3862 ῶς
636 3790 991 3863 ἀδικηθέντας
1024 3789 1117 3843 καὶ
1153 3789 1327 3860 μάτην
1351 3788 1757 3858 διαϐληθέντας,

208 3888 293 3940 καὶ
317 3888 592 3959 ἐκύρωσαν
626 3886 705 3938 ἔτι
746 3884 941 3955 μᾶλλον
972 3885 1049 3947 είς
1074 3884 1220 3952 ἡμᾶς
1245 3883 1347 3953 τήν
1380 3899 1445 3934 τε
1478 3880 1761 3934 κοινωνίαν

209 3980 291 4032 καὶ
310 3981 520 4051 ἀγάπην
541 3978 652 4049 γει)
674 3993 687 4006 ·
711 3978 837 4040 τοὺς
856 3976 913 4029 δὲ
933 3976 1219 4038 κοινωνοὺς
1238 3976 1334 4028 καὶ
1353 3973 1762 4044 ἀναιδεστέρους

206 4072 510 4142 γενομένους
538 4071 639 4141 τῆς
672 4067 933 4122 Εὑσεὸίου
965 4065 1299 4137 κακουργίας
1341 4064 1608 4130 καθεῖλον,
1631 4063 1762 4116 Θεό-

205 4161 361 4234 δωρον
400 4163 508 4217 ἀπὸ
565 4160 914 4233 Ἡρακλείας,
974 4160 1282 4231 Νάρκισσον
1338 4159 1446 4212 ἀπὸ
1496 4157 1766 4229 Νερωνιά-

204 4250 285 4314 δος
329 4252 458 4323 (25),
525 4252 781 4305 Ἀκάκιον
832 4250 939 4302 ἀπὸ
974 4248 1326 4319 Καισαρείας,
1357 4247 1625 4315 Στέφανον
1655 4245 1765 4297 ἀπὸ

216 4344 546 4416 Ἀντιοχείας,
574 4345 669 4397 καὶ
694 4342 996 4417 Ούρσάκιον
1040 4342 1133 4394 καὶ
1172 4340 1444 4394 Οὐάλεντα
1488 4339 1593 4391 ἀπὸ
1622 4340 1765 4391 Παν-

204 4438 388 4502 νονίας,
427 4439 522 4492 καὶ
550 4436 907 4507 Μηνόφαντον
937 4434 1045 4487 ἀπὸ
1089 4432 1335 4501 Ἐφέσου,
1374 4431 1468 4483 καὶ
1493 4428 1764 4501 Γεώργιον

1857 3243 1999 3301 rant,
2024 3231 2417 3293 retulissemus,
2467 3222 2828 3279 admiratione
2864 3219 3004 3289 capti
3031 3228 3157 3274 sunt
3197 3216 3421 3272 :omni-

1854 3328 2060 3394 busque
2087 3321 2264 3392 palam
2303 3317 2432 3385 fuit,
2450 3315 2572 3384 jure
2604 3313 2799 3369 merito
2830 3326 2925 3366 eos
2948 3309 3210 3382 synodum
3251 3308 3423 3363 refor-

1856 3418 2110 3485 midasse,
2134 3425 2194 3469 ut
2215 3427 2284 3468 ne
2308 3424 2490 3466 coram
2508 3407 2982 3464 convincerentur.
3007 3401 3141 3455 Tum
3167 3400 3421 3457 aiebant:

1858 3512 1937 3567 Eo
1964 3509 2193 3565 fortasse
2216 3520 2282 3559 ex
2309 3502 2532 3559 Oriente
2564 3506 2833 3554 venerunt
2857 3536 2872 3561 ,
2891 3496 3032 3567 quod
3065 3494 3421 3550 Athanasium

1858 3619 1980 3658 cum
2030 3601 2143 3655 suis
2173 3604 2428 3668 putarent
2454 3608 2558 3649 non
2594 3606 2937 3649 accessurum
2976 3588 3281 3658 :siquidem
3302 3603 3423 3644 cer-

1859 3702 2052 3751 nentes
2072 3704 2163 3745 eos
2195 3690 2357 3744 rebus
2388 3687 2500 3742 suis
2526 3682 2797 3739 conlidere
2836 3697 2899 3736 ac
2920 3680 2972 3734 in
3000 3682 3088 3749 jus
3108 3694 3422 3749 provocare,

1862 3785 2044 3855 fugam
2072 3781 2299 3835 faciunt.
2330 3777 2440 3833 Nos
2466 3777 2654 3848 igitur,
2690 3783 2874 3844 utpote
2900 3773 3094 3843 injuria
3121 3770 3342 3827 affectos
3361 3786 3425 3826 ac

1862 3878 1929 3932 de
1962 3874 2111 3929 falsis
2151 3869 2469 3926 criminibus
2508 3875 2811 3929 accusatos,
2844 3862 3426 3934 receperuntylirmio-

1864 3970 2018 4037 rique
2064 3962 2329 4020 sententia
2375 3975 2474 4015 nos
2523 3960 2589 4014 ad
2639 3956 3073 4013 communionem
3120 3963 3174 4009 et
3223 3966 3424 4024 agapen

1864 4056 2230 4116 admittendos
2272 4055 2655 4109 decreverunt.
2698 4045 2823 4103 lllos
2866 4055 3045 4100 autem
3075 4045 3167 4114 qui
3211 4043 3426 4098 Eusebii

1863 4150 2127 4209 scelerum
2173 4160 2293 4201 sese
2336 4153 2617 4198 consortes
2661 4139 2824 4194 etiam
2876 4136 2966 4191 illo
3013 4135 3428 4204 impudentiores

1865 4240 2267 4301 exhibuerant,
2311 4235 2783 4295 condemnarunt,
2831 4227 3171 4282 Theodorum
3234 4239 3427 4295 nempe

1868 4329 2143 4387 Heracleae
2188 4326 2520 4395 episcopum,
2560 4320 2867 4374 Narcissum
2910 4314 3248 4379 Neroniadis,
3286 4313 3424 4369 Aca-

1866 4425 2009 4478 cium
2044 4419 2325 4480 Cazsareac,
2359 4411 2688 4482 Stephanum
2716 4406 3033 4471 Antiochiae,
3060 4402 3336 4458 Ursacium
3369 4411 3424 4457 et

204 4528 306 4581 ἀπὸ
328 4495 671 4591 Ᾰαοδικείας.
708 4495 820 4579 Καὶ
841 4524 1084 4599 ἔγραψαν
1113 4495 1224 4587 τοῖς
1244 4520 1553 4592 ἅπανταχοῦ
1697 4522 1756 4573 οί·

1870 4512 2150 4566 Valentem
2200 4508 2253 4560 in
2314 4502 2589 4559 Pannonia
2650 4500 2951 4568 episcopos,
3008 4495 3427 4562 Menophantum

203 4621 459 4693 κουμένης
490 4619 832 4681 ἐπισκόποις,
866 4617 959 4670 καὶ
991 4619 1057 4689 τῇ
1086 4615 1313 4669 ὲκάστου
1343 4615 1452 4669 τῶν
1480 4611 1761 4683 ἀδικηθένρ

201 4727 302 4765 των
325 4714 586 4786 παροικίᾳ
608 4711 743 4783 (26),
765 4710 955 4765 ταῦτα·

202 4938 402 4992 videtur
447 4935 804 4993 Athanasius.
868 4934 1019 4988 Hanc
1065 4948 1181 4988 rem
1246 4933 1379 4990 alias
1424 4932 1596 4990 fusius
1628 4949 1752 5006 age-

204 5023 380 5146 In"(51.9)
413 5078 505 5133 Sic
536 5077 772 5146 ch.,et
803 5075 875 5128 ita
913 5073 1194 5146 legendum
1234 5072 1423 5129 suadet
1460 5072 1657 5131 similis
1682 5074 1765 5131 lo-

206 5162 294 5199 cus
324 5141 481 5203 infra.
515 5141 682 5207 Editi,
714 5141 1082 5206 κοινωνικούς.

187 5224 218 5245 -‘
274 5217 377 5286 (20)
410 5217 573 5286 Beg.,
602 5215 855 5286 κόμιτας.
881 5213 1001 5267 Mox
1018 5215 1581 5286 _idem_,_Kacfcpﬁctov.
1604 5212 1769 5286 Paulo

211 5283 657 5370 νοεῌὶρεηῖιπερ
678 5283 986 5355 βούλονται.
1014 5283 1135 5338 Mox
1166 5284 1303 5338 idem
1326 5283 1391 5338 de
1411 5283 1578 5349 more,
1601 5285 1770 5355 χωρὶς

496 5426 664 5482 editis
696 5425 855 5480 artic.
884 5425 913 5477 ὁ
952 5423 1124 5479 deest.
1176 5422 1234 5476 lu
1276 5422 1410 5493 Reg.
1469 5435 1596 5478 vero
1619 5423 1775 5494 Jelii'

237 5508 263 5543 ll
298 5532 313 5546 .

237 5509 383 5643 ﬁﬂ)
409 5566 583 5643 ﬁditi,
613 5563 995 5643 προκαλούσης
1028 5561 1243 5629 αὐτούς,
1274 5572 1327 5618 et
1370 5564 1441 5619 ita
1471 5562 1671 5643 legisse
1687 5562 1771 5617 vi-

220 5632 371 5706 detur
413 5632 780 5706 Nannius'qui
829 5632 993 5706 vertit
1026 5651 1182 5688 eos...
1209 5632 1611 5706 qccersereﬂAt
1633 5632 1768 5706 Reg.

215 5701 636 5776 ἀποστελλούσης
670 5701 809 5776 προς
833 5702 1054 5772 αὐτούς,
1084 5718 1191 5761 non
1220 5704 1572 5763 incommode.

282 5772 388 5846 (25)
428 5772 602 5848 Heg;
622 5772 903 5846 νομίζητε.

1861 4602 2079 4677 Ephesi,
2115 4608 2170 4655 et
2191 4596 2479 4667 Georgium
2506 4593 2804 4648 Laodiceae.
2829 4589 3280 4657 Scripseruntque
3308 4602 3423 4642 om-

1866 4700 2026 4759 nibus
2044 4693 2243 4761 ubique
2273 4698 2541 4743 terrarum
2576 4681 2863 4753 episcopis,
2883 4690 2937 4734 et
2965 4679 3033 4733 ad
3058 4678 3298 4748 singulas
3326 4692 3422 4731 eo-

1866 4811 1987 4856 rum
2010 4788 2277 4863 parmcias
2298 4783 2389 4855 qui
2419 4780 2665 4850 iniuriam
2698 4779 2839 4850 passi
2857 4778 3086 4843 fuerant,
3103 4775 3189 4831 bis
3208 4775 3384 4832 verbis
3406 4794 3424 4831 :

1946 4926 2061 4997 (24)
2095 4924 2193 4997 Ad_
2214 4934 2441 4997 agapen,
2480 4918 2532 4971 id
2579 4924 2659 4997 est
2687 4914 2753 4997 ad
2775 4912 3029 4997 cepvivia
3064 4909 3428 4997 (idaliumalie

1869 4981 2344 5071 qua—vocefus'ius
2394 4981 2725 5059 pertractant
2775 4985 3053 5051 Suicerus,
3116 4981 3349 5052 Cangius
3371 4990 3427 5036 et

1869 5060 1958 5126 a'lii
1990 5060 2346 5128 complurimi.

1942 5120 2056 5219 {25)
2085 5120 2474 5219 Νερωνιάδοςζτ
2505 5126 2562 5181 ln
2593 5124 2783 5219 Hilarii
2842 5122 3155 5219 fragmentis
3199 5120 3424 5219 igitur,

1875 5188 2177 5263 Narcissus.
2208 5188 2521 5270 Irenopolis,
2585 5197 2681 5252 sed
2726 5188 2981 5251 mendose
3040 5206 3138 5262 pro
3190 5188 3428 5257 Neropo-

1873 5279 1960 5334 lis.

1947 5329 2057 5419 (26)
2084 5340 2396 5419 Aﬂapqmlq...
2438 5338 2569 5419 Haec
2591 5350 2697 5419 vox
2737 5334 3030 5419 interdum“
3046 5329 3285 5419 admittit;
3303 5341 3426 5419 fro

1877 5399 2220 5481 όίίῖοὲεἰϋξιῖι
2243 5399 2358 5468 ὺοό
2376 5410 2493 5464 loco
2521 5416 2576 5463 et
2600 5407 2737 5481 alias
2779 5403 3075 5481 saepissime
3097 5399 3234 5467 apud
3255 5399 3424 5481 Atha-

1880 5465 2130 5552 BL'EiEH:
2150 5465 2417 5541 ihtérdum
2466 5494 2562 5552 pro
2585 5478 2824 5552 quadam
2854 5465 3111 5525 'Ecclesia
3134 5465 3423 5552 "peculiari,

1876 5536 2345 5612 {iiiiiis'cé’riere
2370 5536 2482 5614 est;
2510 5547 2599 5600 ubi
2614 5536 2899 5614 'Mareotes
2926 5536 3186 5614 παροικία
3214 5549 3424 5614 ηυιιοοέ

1871 5604 2511 5696 ᾖᾷίοῖξ-νῖἆοηῆέίεείυἱη
2560 5616 2612 5694 in
2653 5612 2804 5696 Notis
2832 5610 2897 5696 ad
2913 5604 3185 5696 Eusebi,“
3195 5619 3253 5696 ρ.
3279 5604 3420 5696 die}

1871 5672 2237 5752 siéadnahﬁ.
2261 5672 2447 5759 Hujus
2495 5684 2643 5743 vocis
2685 5684 2937 5753 frequens
2962 5688 3045 5736 est
3089 5672 3219 5735 usus
3280 5672 3423 5747 apud

1871 5765 2077 5823 Patres.
