3978 6566
498 415 597 471 3H

1063 417 1121 471 S.
1161 416 1533 472 ATHANASII
1574 416 1724 471 OPP.
1766 414 1947 470 PARS
1984 414 2025 471 l.
2064 445 2134 455 --
2172 414 2534 471 HISTORICA
2573 415 2666 470 ΕΤ
2705 414 3122 472 DOGMATICA.

3620 415 3729 472 312

500 528 836 585 EPISTOLA
885 528 1137 585 SYNODI
1186 531 1503 587 SARDICE
1549 528 2059 587 CONGREGATAE.

2202 531 2515 584 ΙΠΙΣΤΟΔΗ
2572 531 2711 582 ΤΗΣ
2770 530 2860 583 ΕΝ
2894 531 3187 584 ΣΑΡΔΙΚΗ
3246 528 3731 583 ΣΥΝΑΧΘΕΙΣΗΣ

933 689 1016 745 SA
1030 689 1218 745 NCTA
1292 689 1630 746 SYA‘ODUS

501 794 594 847 per
628 778 721 833 Dei
744 781 967 848 gratiam
996 780 1232 836 Sardica:
1266 792 1597 851 congregata,
1628 800 1693 837 ea:
1725 785 1847 835 urbe
1877 783 2062 849 Roma,

574 882 638 918 ex
675 865 972 931 Hispaniis,
997 864 1209 927 Galliis,
1244 866 1429 920 Italia.
1450 868 1759 934 Campania.
1791 868 2064 931 Calabria,

576 949 787 1013 Apulia,
832 949 1037 1016 Africa,
1062 949 1340 1014 Sardinia,
1378 948 1688 1013 Pannoniis,
1718 950 1925 1020 Mysiis,
1960 951 2069 1004 Da-

580 1034 681 1094 cia,
717 1030 937 1093 Norico,
974 1033 1167 1092 Siscia,
1204 1032 1495 1094 Dardania,
1542 1034 1705 1086 altera
1742 1034 1923 1096 Dacia,
1954 1034 2069 1087 Ma-

579 1118 809 1179 cedonia,
856 1117 1145 1180 Thessalia,
1190 1118 1406 1175 Achaia.
1459 1133 1521 1170 ex
1578 1116 1772 1181 Epiris.
1820 1116 2067 1181 Thracia,

581 1199 859 1267 Rhodope,
904 1199 1228 1262 Palwstina,
1271 1199 1490 1258 Arabia,
1524 1198 1677 1251 Creta
1714 1208 1766 1251 et
1798 1198 2066 1269 .Egypto;
2121 1258 2131 1267 .

577 1284 885 1351 presbyteris
930 1292 983 1335 et
1034 1284 1291 1343 diaconis,
1336 1296 1381 1335 et
1425 1285 1675 1335 universw
1725 1295 1918 1336 sancta:
1954 1283 2073 1344 _Dei

581 1364 831 1422 Ecclesia:
855 1366 1187 1421 Alexandria:
1206 1369 1571 1431 commoranti,
1592 1367 1789 1420 dilectis
1816 1367 2073 1435 fratribus

581 1450 637 1502 in
670 1450 891 1503 Domino
914 1452 1160 1504 salutem.

582 1623 677 1678 57.
714 1624 892 1678 Etiam
939 1634 1135 1679 vestrm
1188 1624 1407 1691 pietatis
1460 1624 1656 1680 litteris
1701 1627 1934 1681 nondum
1990 1642 2070 1683 ac-

514 1712 704 1781 ceptis,
736 1727 841 1766 non
874 1713 1112 1781 ignotum
1152 1714 1202 1767 id
1244 1714 1422 1777 nobis,
1470 1714 1559 1768 sed
1591 1714 1920 1785 exploratum
1954 1717 2078 1783 fuit,

2778 599 3107 653 ΣΥΝΟΔΟΥ.

2658 710 2719 765 Ἠ
2765 710 2937 763 ἈΓΙΑ
2972 710 3193 761 ΣΥΝΟΔ
3204 711 3294 760 ΟΣ

2164 779 2202 847 η
2232 784 2377 833 κατὰ
2412 780 2557 834 Θεοῦ
2588 779 2763 848 χάριν
2800 779 2867 830 ἐν
2901 778 3157 846 Σαρδικῇ
3203 774 3579 848 συιςαχθεῖσα
3615 774 3736 848 ἀπὸ

2251 850 2511 924 Ῥώμηςη
2562 846 2694 924 καί
2728 848 3001 924 Σπανςῶν
3020 888 3034 911 ,
3066 846 3390 924 *Γαλλνῷη
3440 847 3733 924 ⁸Ἰταλίας,

2236 916 2604 987 Καμπανίας,
2648 919 2999 985 Καίαϐρίης,
3065 918 3391 981 Ἀπουλίας,
3440 916 3747 987 Ἀφρικ-ἦςν,

2237 985 2571 1056 Σαρδινίας,
2626 988 2985 1049 "array/tor,
3047 988 3308 1049 Μυσίων,
3355 985 3736 1053 Δακίας(27),

2237 1061 2520 1126 Νωρίκου,
2549 1060 2813 1123 Σισκίας,
2848 1057 3193 1123 Δαρδανίας,
3244 1057 3441 1123 ἄλλης
3495 1056 3740 1120 Δακίας,

2238 1129 2631 1193 Μακεδονίας,
2684 1128 3040 1193 Θεσσαλίας.
3104 1128 3359 1193 Ἀχαΐας,
3435 1126 3742 1192 Ἠπείρων,

2247 1199 2476 1265 Θρᾴκης
2524 1199 2620 1251 καὶ
2683 1196 2980 1263 Ῥοδόπης,
3032 1198 3125 1249 καὶ
3174 1196 3606 1260 Παλαιστίνης,
3643 1193 3743 1265 καὶ

2254 1263 2533 1336 Ἀραϐίας,
2556 1268 2649 1320 καὶ
2678 1266 2924 1333 Κρήτης,
2952 1270 3049 1319 καί
3073 1268 3390 1336 Αἰγύπτου·
3411 1263 3737 1336 πρεσϐυτέ-

2236 1334 2384 1406 ροίς,
2435 1340 2531 1391 καὶ
2579 1337 2915 1406 διακόνοις,
2946 1337 3042 1388 καί
3098 1336 3262 1402 πάσῃ
3309 1334 3384 1406 τῇ
3417 1335 3560 1403 ἁγίᾳ
3618 1335 3746 1384 Ἐκ-

2242 1409 2466 1474 κλησία
2517 1408 2620 1460 τοῦ
2657 1406 2801 1459 Θεοῦ
2854 1405 2927 1472 τῇ
2974 1407 3043 1458 ἐν
3085 1405 3498 1472 Ἀλεξανδρείᾳ
3539 1420 3744 1469 παροι-

2244 1480 2459 1546 κούσῃ,
2490 1475 2815 1545 ἀγαπητοῖς
2858 1475 3139 1544 ἀδελφοῖς
3166 1477 3234 1529 ἐν
3266 1476 3461 1541 Κυρίῳ
3489 1474 3745 1542 χαίρειν.

2246 1638 2334 1692 57.
2377 1637 2486 1691 Kal.
2514 1637 2643 1705 πρὶν
2680 1636 2776 1706 μὲν
2810 1635 2994 1690 λαϐεῖν
3027 1636 3172 1704 ἡμᾶς
3206 1633 3273 1686 τὰ
3301 1633 3610 1703 γράμματα
3653 1633 3749 1701 τῆς

2178 1725 2459 1787 εὐλαϐείας
2498 1724 2671 1795 ὑμῶν,
2721 1725 2820 1776 οὐκ
2851 1723 3169 1792 ἠγνοοῦμεν,
3202 1721 3337 1775 ἀλλὰ
3386 1722 3478 1773 καὶ
3514 1722 3751 1790 φανερὸν

516 1806 863 1860 exsecranda
888 1808 1207 1860 Arianorum
1251 1808 1471 1862 haeresis
1503 1818 1784 1877 patronos,
1837 1810 1999 1863 multa
2024 1822 2079 1865 et

2202 1822 2309 1888 ιμῖν
2350 1814 2439 1887 ἦν,
2491 1818 2565 1879 ὡς
2621 1818 2701 1868 ὄτι
2747 1817 2795 1867 οἱ
2841 1818 2940 1884 τῆς
2998 1814 3311 1883 δυσωνύμου
3363 1812 3473 1865 τῶν
3542 1813 3754 1882 Ἀρεια-

518 1897 724 1949 atrocia
762 1897 813 1949 in
844 1898 1065 1949 exitium
1098 1898 1274 1965 potius
1298 1899 1597 1951 animarum
1632 1914 1872 1963 suarum,
1914 1916 2075 1968 quam

2202 1908 2284 1961 ’ὧν
2341 1907 2603 1977 αἱρέσεως
2645 1905 2944 1977 προστάται
3000 1906 3167 1957 πολλὰ
3231 1905 3323 1956 καὶ
3378 1904 3551 1967 δεινὰ,
3619 1903 3754 1972 μᾶλα

519 1989 575 2045 in
598 1988 894 2043 Ecclesium
930 1990 1263 2043 machinatos
1291 2005 1428 2045 esse.
1456 1991 1577 2046 Hac
1605 1992 1745 2044 cnim
1775 1993 1871 2046 fuit
1890 2008 2075 2047 eorum

520 2094 611 2133 ars
633 2090 688 2133 et
718 2081 980 2143 vafrities,
1006 2096 1330 2151 semperque
1378 2085 1532 2149 hujus
1564 2085 1792 2139 lethiferi
1822 2087 2075 2154 propositi

519 2170 707 2236 fuere,
756 2182 816 2225 ιιι
852 2188 1040 2227 omnes
1074 2175 1271 2242 ubique
1298 2175 1627 2229 orthodoxos
1651 2215 1665 2237 ,
1706 2176 1794 2243 qui
1831 2176 2080 2231 Ecclesia:

520 2262 801 2317 catholica:
835 2264 989 2337 123
1035 2265 1332 2318 doctrinam
1361 2266 1611 2332 retinent,
1641 2282 1668 2318 a
1699 2266 1946 2321 Patribus
1976 2269 2080 2323 sibi

522 2357 799 2419 traditam,
849 2357 1063 2411 sedibus
1109 2357 1325 2427 pellere,
1396 2368 1449 2412 et
1510 2360 1758 2428 persequi
1813 2368 2077 2426 satagunt.

520 2447 656 2501 Aliis
682 2448 825 2500 enim
870 2448 993 2500 ficta
1018 2450 1264 2502 crimina
1308 2449 1633 2517 imposuere,
1682 2451 1815 2503 alios
1853 2452 1905 2505 in
1934 2452 2080 2507 exsi-

524 2538 654 2591 lium
702 2539 920 2601 misere,
958 2539 1091 2592 alios
1132 2540 1183 2593 in
1228 2542 1357 2608 ipsis
1398 2542 1674 2610 suppliciis
1710 2543 2075 2599 coniecerunt.

525 2627 690 2682 Certe
745 2628 929 2681 fratris
979 2631 1147 2681 nostri
1178 2638 1231 2682 et
1265 2632 1564 2699 coepiscopi
1605 2631 1882 2685 Athanasii
1929 2632 2081 2687 inuo-

523 2720 764 2774 centiam
798 2719 847 2772 vi
889 2727 943 2791 et
973 2722 1251 2789 tyrannide
1276 2722 1663 2777 circumvenire
1704 2724 1879 2777 conati
1912 2735 2037 2779 sunt
2065 2743 2078 2779 :

524 2819 860 2878 quapropter
888 2810 1033 2863 nulla
1060 2812 1363 2875 sedulitate,
1387 2812 1527 2865 nulla
1559 2812 1681 2877 lide,
1703 2813 1785 2866 vel
1808 2814 2082 2882 aequitate,

523 2898 582 2955 in
612 2915 680 2953 eo
705 2898 997 2967 iudicando
1026 2913 1153 2955 sunt
1183 2903 1284 2955 usi.
1312 2901 1435 2956 ideo
1461 2902 1617 2956 diﬂisi
1647 2904 1709 2957 iis
1742 2918 1877 2972 quas
1906 2904 2083 2959 lusere

532 2990 753 3055 fabulis,
793 3002 953 3061 atque
1002 2994 1305 3047 rumoribus
1359 3008 1495 3062 quos
1538 2995 1602 3047 de
1648 2994 1736 3047 illo
1785 3008 2079 3063 Sparsere:

525 3084 634 3135 imo
667 3083 1177 3150 animadvertentes,
1208 3098 1267 3138 se
1290 3099 1395 3137 non
1432 3098 1555 3138 Vera
1594 3100 1747 3153 posse
1777 3102 1960 3140 earum
1992 3103 2078 3143 re-

2175 2000 2267 2052 λον
2285 2000 2341 2051 δὲ
2368 2000 2461 2051 καὶ
2495 1998 2604 2068 (28)
2639 1998 2723 2050 ἐπ’
2758 1996 2961 2068 ὀλέθρῳ
2987 1998 3084 2067 τῆς
3118 1995 3321 2048 ἐαυτῶν
3342 1996 3521 2065 ψυχῆς
3547 1995 3581 2065 ἢ
3613 1994 3757 2048 κατὰ

2177 2095 2276 2162 τῆς
2338 2090 2659 2160 Ἐκκλησίας
2718 2087 3085 2159 ἐμηχανῶντο.
3143 2086 3292 2156 Αὕτη
3320 2086 3429 2155 γάρ
3470 2081 3540 2155 ἦν
3573 2084 3755 2138 αὐτῶν

2178 2181 2340 2251 τέχνη
2401 2180 2495 2233 καὶ
2548 2180 2869 2247 πανουργία,
2921 2178 3123 2248 ταύτης
3174 2177 3259 2230 ἀεὶ
3310 2176 3410 2245 τῆς
3442 2174 3753 2245 θανατηφό-

2184 2289 2276 2343 ρου
2306 2271 2559 2339 γεγόνασι
2596 2270 2941 2341 προθέσεως,
2995 2271 3143 2331 ὅπως
3202 2267 3412 2329 πάντας
3462 2266 3575 2337 (29)
3630 2269 3756 2331 τοὺς

2179 2361 2497 2430 ὁποιδήποτε
2547 2359 2911 2429 τυγχάνοντας
2961 2362 3060 2429 τῆς
3095 2356 3259 2428 ὀρθῆς
3299 2357 3479 2426 δόξης,
3521 2357 3620 2409 καὶ
3661 2357 3758 2428 τὴν

2180 2452 2280 2522 τῆς
2318 2452 2609 2522 καθολικῆς
2650 2452 2970 2522 Ἐκκλησίας
3006 2451 3352 2504 διδασκαλίαν
3391 2450 3756 2519 κατέχοντας,

2180 2544 2276 2613 τὴν
2317 2543 2465 2615 παρὰ
2494 2544 2600 2596 τῶν
2626 2543 2881 2616 Πατέρων
2920 2541 3100 2602 αὐτοῖς
3135 2539 3557 2611 παραδοθεῖσαν,
3603 2555 3759 2591 σπουν

2182 2634 2361 2697 δάζειν
2392 2634 2631 2687 ἐλαύνειν
2667 2635 2759 2687 καὶ
2786 2633 3017 2687 διώκειν.
3057 2633 3193 2695 Τοὺς
3222 2633 3319 2701 μὲν
3349 2631 3461 2704 γὰρ
3500 2630 3761 2691 πλαστοῖς

2184 2724 2522 2795 ἐγκλήμασιν
2577 2725 2891 2787 ὑπέϐαλλον,
2943 2724 3131 2786 ἄλλους
3177 2726 3257 2785 είς
3305 2721 3597 2793 ἐξορισμὸν
3665 2721 3760 2773 ἁπ-

2183 2815 2444 2879 έστελλον,
2459 2816 2645 2879 ἄλλους
2661 2818 2717 2868 ἐν
2732 2817 2921 2879 αὑταῖς
2937 2818 3054 2878 ταῖς
3080 2814 3371 2883 τιμωρίαις
3392 2812 3753 2865 κατεπόνουν.

2197 2905 2407 2974 ’Δμὲλει
2432 2905 2630 2959 καὶτοῦ
2653 2906 2877 2973 ἀδελφοῦ
2895 2908 2988 2958 καὶ
3005 2905 3401 2959 συνεπισκὸπου
3436 2903 3597 2973 ἡμῶν
3626 2900 3762 2971 (29')

2197 2994 2511 3048 Ἀθανασίου
2573 2994 2671 3066 τὴν
2745 2995 3085 3066 καθαρότητα
3154 2994 3245 3064 βία
3320 2994 3417 3046 καλ⁵
3482 2994 3770 3063 τυραννίδι

2188 3088 2544 3141 συλλαϐέσθαι
2578 3087 2932 3152 ἐσπούδασαν,
2958 3089 3051 3140 καὶ
3079 3086 3166 3139 διά
3212 3084 3371 3138 τοῦτο
3407 3082 3531 3137 οὔτε
3568 3086 3763 3154 ἐπιμε-

528 3185 646 3223 rum
678 3169 922 3237 proferre
960 3181 1313 3241 argumenta;
1347 3187 1469 3226 cum
1496 3183 1674 3228 essent
1712 3176 1761 3229 in
1794 3176 1925 3232 urbe
1964 3178 2085 3235 Sar-

2202 3179 2304 3250 ίὴς,
2343 3178 2465 3232 οὕτε
2490 3178 2626 3249 μετὰ
2661 3180 2915 3243 πίστεως,
2937 3178 3047 3231 οὔθ’
3084 3177 3219 3240 ὅλως
3254 3176 3439 3229 δικαία
3469 3176 3694 3243 γέγονεν
3729 3177 3768 3245 ἡ

528 3266 671 3332 dica,
720 3267 1014 3322 noluerunt
1063 3270 1129 3321 ad
1178 3271 1441 3337 synodum
1488 3280 1795 3326 sanctorum
1847 3275 2085 3328 omnium

524 3358 899 3427 episcoporum
954 3359 1230 3413 accedere.
1272 3361 1448 3429 Atque
1488 3362 1611 3416 hinc
1652 3364 2090 3432 mquitasjudicii

525 3446 714 3501 fratris
743 3458 797 3501 et
833 3449 1140 3517 coepiscopi
1183 3450 1355 3503 nostri
1394 3448 1519 3504 Julii
1553 3450 1753 3520 liquido
1784 3455 2032 3522 apparuit
2069 3471 2084 3511 :

528 3538 620 3605 qui
656 3554 759 3591 non
796 3540 1087 3593 temerario
1130 3540 1380 3604 consilio,
1411 3541 1504 3594 sed
1535 3557 1654 3594 cum
1697 3544 1873 3597 debita
1925 3560 2088 3600 accu-

529 3628 743 3683 ratione
774 3630 1095 3683 sententiam
1139 3630 1281 3695 tulit,
1319 3631 1453 3684 adeo
1480 3642 1537 3685 ut
1570 3632 1701 3687 nihil
1737 3636 1805 3688 sit
1844 3635 1988 3689 dubii
2025 3638 2091 3691 de

532 3720 907 3773 communione
961 3719 1144 3774 fratris
1210 3721 1381 3775 nostri
1446 3723 1725 3777 Athanasii
1789 3726 2087 3785 relictum:

535 3808 733 3877 quippe
754 3809 845 3876 qui
878 3810 1147 3878 octoginta
1188 3810 1471 3878 episcopos
1507 3826 1602 3879 pro
1630 3827 1687 3867 se
1722 3814 1969 3867 habuerit
2002 3831 2091 3871 ve—

536 3912 693 3953 races
716 3908 901 3954 testes.
923 3900 965 3951 A
988 3914 1091 3966 quo
1115 3899 1241 3953 illud
1263 3916 1475 3971 quoilue
1497 3918 1618 3956 cum
1646 3905 1892 3972 :Pquitale
1915 3917 2089 3960 actum

534 3994 645 4051 est,
670 3987 812 4055 quod
853 4002 947 4055 per
986 3986 1215 4043 dilectos
1260 3990 1458 4045 fratres
1501 4002 1711 4047 nostros
1752 3996 2091 4067 presbyteros

537 4091 690 4140 suos,
720 4086 774 4130 et
822 4092 918 4145 per
966 4077 1174 4134 litteras
1215 4095 1361 4145 suas,
1394 4081 1745 4148 Eusebianos,
1793 4101 1895 4139 non
1947 4097 2093 4143 recto

533 4166 737 4235 judicio
766 4168 857 4222 sed
884 4169 937 4222 vi
964 4167 1151 4236 fretos,
1183 4172 1458 4239 sapienter
1490 4174 1731 4229 eluserit.
1759 4176 2094 4248 Quapropter

537 4273 728 4314 omnes
752 4259 951 4328 ubique
970 4262 1203 4334 episcopi
1220 4264 1521 4330 Athanasii,
1544 4277 1728 4336 utpote
1760 4270 2087 4337 innocentis,

538 4351 973 4406 communionem
1016 4352 1225 4407 ﬁrmam
1289 4364 1594 4425 statamque
1644 4358 1903 4414 fecerunt.
1960 4361 2092 4416 Illud

536 4455 748 4510 quoque
783 4452 960 4496 vestra
995 4444 1229 4499 charitas
1254 4445 1677 4513 animadvertat;
1717 4464 1836 4502 cum
1868 4451 1934 4503 ad
1963 4465 2091 4504 san-

2188 3273 2316 3341 παρ’
2349 3270 2569 3324 ἐκείνων
2634 3271 2832 3343 κρίσις.
2869 3271 3064 3339 Διόπερ
3112 3268 3231 3322 οὐδὲ
3289 3266 3643 3339 θαρροῦντες,
3687 3262 3765 3329 οἷς

2189 3359 2721 3430 ἐδραματούργησαν,
2761 3359 2881 3412 οὐδὲ
2923 3353 3003 3421 οἷς
3045 3356 3346 3427 ἐθρύλησαν
3400 3357 3525 3410 κατ’
3578 3356 3765 3419 αὑτοῦ,

2190 3450 2326 3504 ἀλλὰ
2363 3452 2456 3503 καὶ
2492 3450 2837 3521 θεωροῦντες,
2880 3450 2955 3513 ὡς
3000 3452 3060 3502 οὑ
3099 3449 3352 3503 δύνανται
3391 3450 3522 3519 περὶ
3562 3447 3767 3500 τούτων

2192 3540 2488 3605 ἀποδείξεις
2524 3539 2666 3608 ἔχειν
2724 3538 2961 3609 ἀληθεῖς,
3016 3538 3279 3609 παρόντες
3343 3538 3421 3599 είς
3474 3536 3576 3606 τὴν
3632 3537 3768 3607 Σαρ-

2190 3631 2293 3684 δῶν
2322 3631 2429 3699 (50)
2470 3630 2640 3694 πόλιν,
2666 3630 2767 3682 οὐκ
2781 3628 3049 3699 ⁴ηθέλησαν
3067 3632 3143 3691 είς
3174 3628 3273 3699 τὴν
3308 3628 3530 3681 σύνοδον
3553 3629 3769 3682 πάντων

2188 3722 2297 3781 τῶν
2360 3722 2529 3790 ἁγίων
2568 3721 2878 3773 ἐπισκόπων
2926 3720 3255 3789 ἀπαντῆσαι.
3320 3720 3413 3773 Ἐκ
3451 3720 3519 3789 δὴ
3580 3719 3769 3772 τούτου

2190 3831 2323 3882 φανε
2335 3812 2401 3885 ρὰ
2450 3813 2543 3864 καὶ
2570 3811 2751 3864 δικαία
2776 3810 3107 3879 καθέστηκεν
3145 3812 3178 3884 ἡ
3203 3810 3387 3882 κρίσις
3410 3811 3505 3864 τοῦ
3535 3810 3765 3879 ἀδελφοῦ

2191 3905 2288 3959 καὶ
2340 3894 2731 3956 συνεπισκοπου
2781 3901 2935 3971 ἡμῶν
2985 3900 3223 3954 Ἰουλίου·
3266 3902 3326 3954 οὐ
3366 3900 3477 3973 γὰρ
3536 3901 3769 3954 ἀσκεπτὶ

2194 3996 2557 4067 βεϐούλευται,
2592 3992 2725 4047 ἀλλὰ
2759 3992 2851 4046 καὶ
2886 3994 3002 4062 μετ’
3025 3992 3338 4062 ἐπιμελείας
3366 3992 3591 4063 ὥρισεν.
3632 3992 3768 4045 ὥστε

2196 4092 2329 4162 μηδὲ
2373 4092 2508 4154 ὅλως
2546 4088 2792 4143 διστάσαι
2849 4087 2959 4159 (Si)
3020 4089 3146 4159 περὶ
3192 4090 3288 4159 τῆς
3328 4091 3621 4154 κοινωνίας
3676 4090 3773 4145 τοῦ,

2192 4178 2419 4247 ἁδελφοῦ
2490 4176 2645 4247 ἡμῶν
2713 4176 3046 4233 ’Λθανασίου.
3107 4173 3233 4245 Εἶχε
3286 4176 3393 4247 γάρ
3454 4180 3772 4234 ἐπισκόπων

2193 4270 2516 4339 ὀγδοήκοντα
2533 4267 2749 4339 ἀληθεῖς
2774 4268 3052 4339 μάρτυρας
3072 4282 3086 4297 ⁸
3110 4263 3223 4336 εἶχε
3247 4267 3340 4319 κα)⁵
3358 4267 3517 4322 τοῦτο
3540 4269 3769 4335 δίκαιον,

2194 4362 2275 4413 ὅτι
2312 4359 2400 4412 διὰ
2426 4358 2533 4410 τῶν
2566 4359 2861 4427 ἀγαπητῶν
2884 4356 3123 4425 ἀδελφῶν
3148 4356 3302 4427 ήμῶν
3330 4358 3438 4410 τῶν
3469 4359 3771 4429 πρεσϐυτέ-

2200 4469 2304 4523 ρων
2352 4448 2544 4502 ἐαυτοῦ
2605 4451 2699 4502 καὶ
2749 4448 2834 4501 διὰ
2888 4447 3228 4523 γραμμάτων
3282 4447 3591 4517 μεθώδευσε
3649 4450 3772 4511 τοὺς

536 4542 678 4586 ctam
725 4535 989 4603 synodum
1034 4535 1273 4591 Sardicte
1333 4547 1710 4607 congregatum
1765 4540 2085 4604 advenisset,

2202 4542 2323 4613 περὶ
2376 4538 2655 4602 Εὑσέϐιον,
2698 4539 2825 4600 τοὺς
2858 4538 2957 4591 οὐκ
3004 4537 3098 4589 ἐπὶ⁹
3156 4537 3353 4608 κρίσει,
3389 4536 3504 4590 ἀλλ’
3536 4538 3631 4589 ἐπὶ
3687 4537 3773 4607 βίᾳ

536 4635 688 4691 tunc,
726 4628 803 4681 uti
842 4641 1007 4696 supra
1049 4628 1305 4695 diximus,
1347 4630 1648 4685 Orientales
1692 4633 1991 4702 episcopos,
2038 4642 2093 4688 et

536 4718 757 4786 scriptis
802 4718 1024 4784 litteris,
1055 4728 1108 4773 et
1153 4720 1423 4774 mandatis
1454 4736 1557 4775 non
1598 4721 1834 4791 scriptis,
1876 4738 1905 4777 a
1938 4724 2093 4778 nobis

533 4809 732 4864 citatos
759 4820 1084 4879 vocatosque
1112 4811 1297 4875 fuisse,
1322 4820 1381 4865 ut
1409 4826 1467 4866 se
1491 4812 1694 4881 judicio
1720 4814 1993 4868 sisterent.
2021 4814 2092 4868 At

536 4901 612 4955 illi
662 4916 755 4955 sua
813 4917 932 4956 sese
987 4904 1276 4959 damnante
1316 4904 1671 4967 conscientia,
1714 4904 1959 4972 turpibus
2012 4904 2093 4959 usi

537 4990 1070 5061 tergiversationibus
1090 4993 1352 5063 judicium
1388 4993 1699 5062 subterfuge
1710 5009 1767 5047 rc
1787 5004 2089 5063 cmpernnl.

536 5080 887 5137 Postulabant
941 5084 1105 5149 enim,
1156 5095 1215 5140 ut
1274 5086 1613 5140 innocentem
1657 5083 1813 5153 quasi
1860 5098 2006 5137 reum
2059 5098 2090 5138 a

534 5182 722 5229 nostra
766 5177 1141 5231 communione
1189 5176 1505 5248 ejiceremus
1543 5190 1693 5231 :non
1748 5176 2089 5230 advertentes

607 5296 718 5366 (27)
749 5294 905 5361 Reg.,
924 5295 1146 5360 Δακιας,
1171 5306 1226 5350 et
1253 5305 1397 5366 recte
1416 5295 1656 5366 quidem.
1677 5295 1840 5366 Editi,
1858 5295 2087 5350 Δακίων.

534 5368 678 5431 Mox,
701 5364 949 5430 Σισκίας.
992 5366 1128 5420 Sunt
1156 5369 1243 5431 qui
1289 5364 1551 5429 Θουσκίας
1584 5365 1873 5434 Ιεκεηάιιηι
1908 5366 2092 5419 existi-

536 5446 684 5492 ment
719 5455 734 5492 :
769 5438 864 5491 sed
888 5452 1074 5492 omnes
1100 5450 1220 5489 cum
1248 5436 1377 5489 editi
1412 5445 1522 5487 tum
1558 5432 1687 5489 mss.
1722 5432 1943 5496 Σισκίας
1990 5435 2090 5487 ha-

536 5506 688 5570 bent,
719 5515 774 5561 et
812 5506 885 5558 ita
917 5505 1195 5572 legendum
1221 5520 1339 5559 esse
1374 5513 1615 5568 constat;
1654 5520 1775 5557 nam
1802 5506 1955 5557 initio
1984 5504 2087 5556 hu-

534 5576 623 5645 jus
651 5575 921 5643 Apologia
976 5575 1303 5645 Athanasius
1330 5574 1382 5627 in
1434 5589 1659 5628 numero
1692 5572 2085 5645 provinciarum

541 5643 767 5713 'quarum
817 5644 1055 5714 episcopi
1101 5644 1377 5699 Sardicam
1438 5651 1822 5708 convenerant,
1864 5643 2095 5697 Sisciam

541 5716 774 5768 reponit.

606 5730 774 5783 ponit.

616 5782 728 5848 (28)
760 5782 868 5836 Kal
888 5785 1035 5838 deest
1064 5784 1116 5834 in
1146 5780 1276 5846 Reg.
1301 5781 1354 5835 ln
1382 5782 1501 5837 aliis
1522 5797 1650 5837 vero
1677 5781 1889 5848 legitur.

616 5784 704 5847 (28
760 5784 868 5836 Kal
888 5785 1035 5838 deest
1064 5784 1116 5834 in
1146 5784 1276 5846 Reg.
1301 5784 1354 5835 In
1382 5784 1501 5837 aliis
1522 5797 1650 5837 vero
1677 5784 1889 5848 legitur.

613 5784 728 5924 (29;
756 5852 912 5923 Reg,
946 5853 1173 5919 πάντας,
1209 5853 1407 5908 rectius
1438 5867 1597 5925 quam
1626 5853 1796 5921 editi,
1838 5850 1927 5921 qui
1959 5850 2093 5907 πάν-

2199 4634 2394 4706 μᾶλλον
2431 4631 2893 4702 ἐπερειδομένους.
2941 4629 3102 4682 Ὅθεν
3142 4629 3191 4681 οἱ
3237 4626 3515 4697 πανταχοῦ
3578 4630 3773 4693 πάντες

2197 4725 2501 4784 ἐπίσκοποι.
2529 4724 2629 4793 τὴν
2663 4722 2946 4779 κοινωνίαν
2973 4720 3291 4774 Ἀθανασίου
3323 4720 3668 4774 ἐϐεϐαίωσαν
3689 4721 3773 4774 διὰ

2196 4816 2294 4886 τὴν
2329 4815 2674 4886 καθαρὰτητα
2720 4813 2906 4869 αὐτοῦ.
2932 4814 3165 4866 Κάκεῐνο
3212 4813 3267 4866 δὲ
3307 4814 3463 4883 ὑμῶν
3505 4817 3541 4885 ὴ
3588 4816 3772 4886 ἀγάπη

2202 4906 2496 4977 συνοράτωο
2533 4904 2721 4975 ἐπειδὴ
2746 4906 2824 4966 είς
2863 4902 2960 4973 τὴν
2983 4902 3141 4970 ἁγίαν
3178 4902 3394 4955 σύνοδον
3418 4903 3519 4975 τὴν
3552 4905 3611 4958 ἐν
3642 4905 3777 4976 Σαρ-

2198 4995 2321 5067 δικῇ
2364 4996 2716 5065 συναχθεῖσαν
2765 4994 3112 5066 παρεγένετο,
3144 4993 3265 5046 τότε
3298 4993 3383 5063 δὴ,
3414 4995 3563 5047 καθὰ
3592 4995 3770 5067 προεί-

2197 5106 2393 5161 πομεν,
2443 5089 2537 5161 καὶ
2572 5088 2660 5142 διὰ
2707 5088 3046 5159 γραμμάτων
3095 5085 3187 5138 καὶ
3233 5086 3297 5138 δι’
3333 5087 3605 5157 ἀγράφων
3633 5090 3771 5140 ἐντο-

2195 5178 2303 5232 λῶν
2332 5178 2445 5249 (5‘2)
2478 5177 2900 5249 ὑπεμνήσθησαν
2930 5177 2980 5229 oi
3017 5175 3118 5245 τῆς
3144 5174 3302 5247 ἑῴας,
3332 5176 3427 5229 καὶ
3465 5176 3775 5249 ἐκλήθησαν

2198 5316 2308 5362 τως
2341 5298 2561 5352 habent.

2272 5368 2398 5389 [ann
2430 5367 2566 5389 ‘Yulg
2639 5365 2789 5389 Ruf.-.
2848 5363 2886 5389 ι’

2269 5368 2401 5438 (29‘)
2430 5367 2610 5489 Vulg,
2639 5365 2809 5445 ὑμῶν.
2848 5363 3039 5445 Ευιτη
3424 5432 3435 5444 ⁸
3650 5432 3663 5443 θ

2269 5438 2384 5504 (5'0)
2415 5438 2534 5491 Basi
2564 5478 2601 5501 .,
2625 5435 2860 5505 Σερδων,
2888 5450 2995 5505 quo
3028 5441 3150 5487 Item
3177 5432 3337 5488 modo
3366 5431 3506 5487 ahas
3562 5432 3771 5502 iegtlur.

2196 5506 2353 5577 Παίς..
2373 5505 2609 5577 Σαρδὼν,
2641 5504 2762 5577 cum
2786 5504 2932 5571 gravi
2963 5513 3210 5557 accentu.

2290 5574 2378 5645 3i)
2414 5574 2565 5646 Reg,
2591 5574 2855 5646 διστάξαι.

2290 5578 2378 5645 51)
2414 5578 2565 5646 Reg.,
2591 5578 2855 5639 διστάξαι.

2267 5578 2386 5717 (δὲ)
2409 5645 2565 5715 Reg.,
2599 5647 2665 5718 διξ
2691 5644 2955 5718 ἀγράφων
3008 5639 3248 5718 ἐντολήν.
3289 5639 3408 5718 Mos
3445 5640 3593 5718 idem

2201 5710 2378 5785 θησαν
2401 5710 2527 5785 παρ’
2548 5715 2703 5786 ἡμῶν
2732 5710 2869 5769 ὥστε
2893 5715 3164 5783 παρεῖναι.
3193 5711 3253 5766 Ιιι
3283 5711 3442 5766 editis
3464 5712 3594 5782 παρ’
3619 5710 3773 5781 ἡμῶν

2200 5787 2338 5842 ὥστε
2370 5788 2579 5842 desunt.
