3978 6510
555 462 662 524 319

1118 470 1177 527 S.
1216 467 1584 530 ATHANASH
1622 461 1774 530 ΟῬΡ.
1815 462 1994 529 PARS
2029 464 2075 529 Ῐ.
2105 504 2175 516 --
2207 466 2577 532 HISTORICA
2614 471 2703 531 ET
2740 474 3158 534 DOGMATICA.

3682 484 3792 542 ξ’»ἓο

556 582 848 653 iudicando
877 592 1003 640 sunt
1036 586 1142 641 usi.
1178 586 1302 641 ldeo
1330 587 1489 642 diffisi
1538 586 1605 641 iis
1651 601 1786 655 quas
1812 586 1989 642 lusere
2032 585 2114 640 fa-

2217 586 2313 656 φοῦ
2343 586 2436 640 καὶ
2464 587 2859 641 συνεπισκόπου
2894 587 3051 659 ἡμῶν
3093 588 3410 645 Ἀθανασίου
3433 592 3532 664 τὴν
3561 594 3796 668 καθαρό-

560 675 726 740 bulis,
754 685 916 745 atque
947 677 1252 732 rumoribus
1280 693 1418 747 quos
1458 679 1524 733 de
1559 678 1649 733 illo
1676 692 1927 747 sparsere
1957 696 1969 731 :
2007 679 2116 732 imo

558 767 1066 833 anitnadverteutes,
1086 783 1144 823 se
1160 784 1261 823 non
1284 784 1403 822 vera
1424 783 1578 837 posse
1596 784 1657 823 ea
1668 785 1779 822 rutn
1798 784 1975 823 rerum
1996 785 2119 839 proa-

561 858 704 913 ferre
733 872 1090 929 argumenta;
1124 877 1243 915 cum
1277 869 1459 914 essent
1493 859 1545 913 in
1577 858 1709 914 urbe
1750 860 1995 925 Sardica,
2022 877 2117 915 no-

560 948 778 1003 luerunt
820 952 885 1005 ad
929 953 1187 1021 synodum
1230 963 1542 1007 sanctorum
1570 956 1809 1010 omnium
1844 955 2118 1024 episcopo-

562 1056 681 1095 rum
714 1044 993 1098 accedere.
1033 1045 1207 1113 Atque
1238 1045 1363 1100 hinc
1393 1047 1616 1115 aequitas
1637 1046 1822 1115 judicii
1850 1046 2033 1101 fratris
2063 1054 2117 1101 et

570 1130 876 1200 coepiscopi
929 1132 1098 1185 nostri
1145 1131 1267 1187 Julii
1318 1132 1516 1203 liquido
1563 1136 1828 1205 apparuit,
1868 1135 1957 1204 qui
2011 1150 2115 1189 non

567 1223 853 1276 temerario
904 1224 1149 1288 consilio,
1214 1226 1307 1278 sed
1355 1241 1477 1279 cum
1523 1226 1702 1280 debita
1768 1227 2114 1280 accuratione

563 1312 885 1365 sententiam
918 1311 1059 1376 tulit,
1089 1312 1223 1367 adeo
1254 1322 1311 1366 ut
1346 1314 1475 1367 nihil
1511 1313 1582 1367 sit
1607 1313 1753 1367 dubii
1784 1314 1848 1367 de
1874 1327 2118 1366 commu-

566 1402 729 1456 nione
762 1401 947 1456 fratris
976 1404 1142 1459 nostri
1166 1405 1442 1458 Athanasii
1470 1405 1713 1459 relictum
1748 1423 1761 1457 ι
1795 1404 1995 1473 quippe
2024 1404 2114 1472 qui

564 1494 836 1562 octoginta
869 1494 1148 1564 episcopos
1185 1511 1281 1564 pro
1311 1511 1367 1549 se
1396 1497 1646 1551 habuerit
1671 1510 1898 1549 veraces
1928 1504 2113 1549 testes.

558 1584 603 1637 A
632 1599 737 1654 quo
768 1584 892 1637 illud
928 1600 1142 1655 quoque
1175 1602 1294 1640 cum
1328 1588 1581 1655 :equitate
1628 1596 1804 1640 actum
1837 1594 1942 1649 est,
1974 1586 2115 1653 quod

557 1690 656 1744 per
677 1676 899 1729 dilectos
926 1675 1120 1730 fratres
1155 1686 1371 1731 nostros
1397 1677 1742 1749 presbyteros
1780 1692 1926 1741 suos,
1960 1676 2118 1746 126

559 1774 616 1818 et
648 1780 742 1833 per
773 1765 981 1820 litteras
1025 1780 1171 1829 suas,
1214 1766 1569 1829 Eusebianos,
1602 1782 1706 1819 non
1738 1778 1884 1821 recto
1911 1765 2118 1834 judicio

559 1856 651 1908 sed
686 1855 734 1908 vi
763 1856 948 1922 fretos,
982 1846 1253 1926 sapienter
1282 1858 1526 1912 eluserit.
1558 1856 1899 1926 Quapropter
1929 1871 2119 1911 omnes

2217 694 2352 749 τητα
2384 677 2475 749 βία
2502 678 2596 731 καὶ
2623 680 2897 750 τυραννίδι
2921 679 3273 735 συλλαϐέσθαι
3301 684 3668 751 ἐσπούδασαν,
3697 689 3795 743 καὶ

2212 766 2301 819 διὰ
2320 767 2476 821 τοῦτο
2509 767 2633 821 οὔτε
2658 768 2795 838 μετά
2836 770 3091 833 πίστεως,
3114 770 3224 824 οὗθ’
3254 772 3389 835 ὅλως
3416 774 3605 829 δικαία
3636 777 3797 845 γέγο-

2215 875 2304 910 νεν
2331 861 2363 928 ή
2394 859 2520 930 παρ’
2553 859 2772 915 ἐκείνων
2821 862 3021 933 κρίσις⁶
3066 863 3253 936 διόπερ
3284 865 3404 918 οὐδὲ
3442 865 3793 937 θαρροῦντες,

2214 942 2295 1010 οἷς
2326 947 2626 1020 ἐδραματού
2636 958 2858 1022 ργησαν,
2883 952 3002 1004 οὐδὲ
3025 946 3105 1017 οἷς
3127 954 3427 1027 ἐθρύλησαν
3459 958 3578 1010 κατ’
3604 957 3794 1027 αὐτοῦ,

2217 1037 2351 1091 ἀλλά
2400 1038 2493 1091 καὶ
2518 1040 2865 1111 θεωροῦντες,
2900 1043 2975 1106 ὡς
3010 1044 3070 1097 ού
3123 1044 3370 1100 δύνανται
3402 1049 3532 1119 περὶ
3586 1048 3798 1104 τούτων

2214 1127 2513 1192 ἀποδείξεις
2545 1129 2686 1200 ἔχειν
2734 1132 2969 1204 ἀληθεῖς,
3002 1136 3268 1206 παρόντες
3310 1141 3390 1202 εἰς
3434 1141 3533 1211 τὴν
3575 1141 3799 1213 Σαρδῶν

2215 1221 2388 1285 πόλιν,
2406 1222 2505 1275 οὐκ
2533 1214 2800 1294 ἠθέλησαν
2825 1228 2904 1290 είς
2916 1227 3013 1298 τὴν
3032 1228 3244 1282 σύνοδον
3262 1231 3477 1284 πάντων
3502 1233 3615 1285 τῶν
3629 1234 3799 1302 ἁγίων

2215 1311 2527 1367 ἐπισκόπων
2558 1316 2889 1387 ἀπαντῆσαν
2924 1319 2987 1371 ἐκ
3017 1319 3081 1390 δὴ
3114 1320 3301 1374 τούτου
3350 1326 3565 1395 φανερὰ
3595 1326 3694 1378 καὶ
3719 1327 3799 1379 δι-

2215 1404 2344 1457 καία
2363 1405 2745 1478 καθέστηκενή
2780 1408 2958 1479 κρίσις
2973 1411 3065 1463 τοῦ
3097 1412 3325 1481 ἀδελφοῦ
3355 1416 3449 1468 καὶ
3481 1418 3802 1472 συνεπισκό-

2216 1513 2319 1549 που
2346 1497 2500 1567 ἡμῶν
2543 1494 2780 1552 Ἰουλίου·
2806 1502 2864 1553 οὐ
2882 1502 2988 1572 γὰρ
3012 1503 3243 1556 ἀσκεπτὶ
3270 1505 3649 1574 βεϐούλευται,
3666 1509 3803 1563 ἀλλά

2217 1588 2310 1639 καὶ
2340 1589 2455 1658 μετ’
2479 1588 2798 1659 ἐπιμελείας
2819 1591 3040 1663 ὥρισεν,
3058 1595 3196 1648 ὥστε
3225 1597 3360 1667 μηδέ
3394 1599 3532 1663 ὅλως
3549 1600 3803 1655 διστάσαι

2217 1679 2345 1749 περὶ
2376 1680 2473 1750 τῆς
2506 1678 2791 1746 κοινωνίας
2818 1682 2913 1737 τοῦ
2968 1685 3196 1754 ἀδελφοῦ
3249 1689 3406 1758 ἡμῶν
3452 1690 3799 1748 Ἀθανασίου.

2216 1765 2344 1857 Ῑεξῖχε
2368 1772 2474 1843 γάρ
2526 1774 2835 1828 ἐπισκόπων
2874 1776 3197 1849 ὀγδοήκοντα
3225 1780 3443 1850 ἀληθεῖς
3471 1785 3761 1857 μάρτυρας
3785 1804 3799 1819 ο

2218 1854 2330 1931 εἶχε
2351 1863 2616 1918 καὶτοῦτο
2642 1865 2865 1928 δίκαιον,
2890 1860 2969 1921 ὅτι
2997 1866 3084 1922 διά
3098 1870 3204 1922 τῶν
3228 1872 3530 1944 ἀγαπητῶν
3553 1874 3801 1947 ἀδελφῶν

557 1944 754 2013 ubique
784 1946 1019 2014 episcopi
1045 1948 1348 2013 Athanasii,
1395 1957 1579 2015 utpote
1616 1947 1943 2012 innocentis,
1969 1959 2115 2001 com-

2220 1944 2375 2023 ἡμῶν
2400 1955 2507 2008 τῶν
2540 1958 2920 2030 πρεσϐυτέρων
2954 1961 3167 2027 ἑαυτοῦ,
3202 1966 3294 2017 καὶ⁵
3324 1940 3412 2019 διά
3450 1940 3801 2039 γραμμάτων

557 2035 865 2089 munionem
891 2034 1099 2089 ﬁrmam
1131 2047 1439 2105 statumque
1461 2037 1721 2091 fecerunt.
1756 2036 1886 2089 lllud
1906 2048 2118 2103 quoque

559 2133 737 2180 vestra
790 2127 1028 2181 cltaritas
1076 2127 1677 2182 animadvertat:Gum
1739 2127 1807 2181 ad
1871 2136 2115 2181 sanctam

555 2218 815 2288 synodum
877 2217 1113 2273 Sardica:
1166 2228 1542 2289 congregatam
1590 2219 1916 2280 advenisset,
1966 2224 2114 2279 tunc,

556 2311 631 2361 uti
658 2324 815 2377 supra
853 2311 1107 2377 diximus,
1132 2308 1433 2366 Orientales
1478 2312 1777 2380 episcopos,
1801 2319 1855 2365 et
1899 2310 2115 2379 scriptis

557 2399 776 2467 litteris,
799 2409 854 2454 et
905 2402 1175 2455 mandatis
1220 2415 1324 2455 non
1372 2401 1612 2471 scriptis,
1649 2416 1677 2454 a
1723 2402 1876 2456 nobis
1922 2401 2116 2455 citatos

556 2502 886 2560 vocatosque
935 2491 1125 2558 fuisse,
1179 2502 1235 2545 ut
1281 2508 1340 2547 se
1385 2492 1585 2560 judicio
1626 2493 1899 2548 sisterent.
1932 2494 1999 2547 At
2036 2493 2113 2546 illi

558 2597 653 2636 sua
696 2597 817 2637 sese
856 2583 1145 2637 damnante
1170 2583 1516 2649 conscientia,
1551 2584 1792 2654 turpibus
1839 2585 1916 2637 usi
1953 2583 2115 2652 tergi-

556 2674 954 2729 Versati‘onibus
981 2674 1238 2744 judicium
1268 2674 1644 2745 subterfugere
1685 2684 1983 2743 coeperunt.
2016 2674 2115 2729 Po-

558 2766 836 2819 smlabaut
868 2765 1009 2819 enim
1063 2776 1122 2820 ut
1146 2768 1482 2821 innocentem
1502 2767 1652 2837 quasi
1690 2782 1836 2821 reum
1868 2783 1895 2819 a
1929 2776 2114 2821 nostra

554 2856 935 2909 communione
979 2856 1328 2925 ejiceremus,
1387 2873 1491 2911 non
1566 2860 1903 2912 advertentes
1952 2860 2156 2927 quam“

560 2945 839 3011 indc’cens,
869 2945 976 2999 imo
1012 2948 1190 3017 potius
1220 2963 1377 3016 quam
1420 2948 1750 3015 impossibile
1788 2949 1912 3001 illud
1944 2957 2109 3005 esset.

558 3035 700 3101 Quin
740 3044 793 3089 et
835 3047 1176 3090 monumenta
1211 3037 1262 3090 in
1295 3036 1527 3091 Mareote
1560 3038 1702 3093 edita
1734 3055 1761 3092 a
1804 3039 2115 3094 sceleratis-

557 3126 716 3182 simis
764 3134 819 3182 et
870 3128 1249 3199 perditissimis
1297 3129 1612 3198 quibusdam
1663 3130 2113 3197 adolescentibus.

556 3218 751 3286 quibus
779 3234 844 3274 ne
876 3220 1151 3274 minimum
1187 3222 1398 3291 quidem
1421 3221 1701 3275 clericatus
1723 3222 2114 3311 gradum‘quis-

558 3310 702 3380 piam
743 3310 1076 3375 contulisset,
1132 3286 1235 3365 una
1282 3312 1453 3366 solum
1499 3327 1530 3367 e
1562 3316 1801 3379 partibus
1835 3290 2116 3382 pneseute,
2148 3286 2189 3344 (ί

558 3403 699 3456 facta
715 3417 832 3458 esse
848 3404 1127 3457 constabat
1147 3420 1160 3457 :
1182 3418 1303 3457 nam
1325 3417 1495 3472 neque
1512 3403 1674 3458 frater
1697 3416 1875 3460 noster
1890 3405 2121 3460 Athana-

556 3493 690 3557 sius,
711 3507 879 3562 neque
897 3492 1158 3547 Macarius
1182 3493 1460 3563 presbyter
1476 3493 1543 3546 ab
1567 3493 1669 3547 illis
1692 3504 1972 3551 accusatus
2009 3496 2116 3551 illic

556 3583 858 3638 adfuerant.
882 3583 1152 3653 Etalioqui
1171 3598 1353 3637 eorum
1374 3584 1647 3652 inquisitio
1664 3600 1755 3639 seu
1774 3587 1946 3655 potius
1969 3588 2118 3642 frau-

558 3671 774 3726 dulenta
795 3671 1075 3740 subiectio,
1106 3670 1251 3724 omni
1278 3671 1605 3739 turpitudine
1619 3672 1771 3741 plena
1802 3685 1919 3728 erat
1947 3691 1960 3727 :
1990 3692 2115 3730 nam

556 3778 679 3817 cum
706 3763 928 3826 ethnici,
953 3773 1062 3816 tum
1093 3762 1463 3818 catecliumeni
1502 3763 1984 3831 interrogabantur,
2009 3782 2117 3821 non

556 3861 619 3906 ut
633 3868 750 3920 quae
766 3854 965 3906 scirent
988 3853 1245 3916 dicerent,
1266 3853 1356 3907 sed
1382 3865 1436 3906 ut
1453 3869 1570 3923 qua:
1585 3856 1651 3909 ab
1677 3856 1779 3910 illis
1795 3856 2114 3922 didicerant,

557 3940 695 3996 falso
731 3944 1055 4011 proferrent.
1087 3942 1364 4009 Siquidem
1396 3953 1452 3998 et
1490 3954 1725 3999 vestrum
1771 3948 2115 4017 presbytero.

557 4048 701 4097 rum,
730 4034 822 4102 qui
853 4035 1075 4088 absente
1110 4035 1384 4105 episcopo,
1413 4035 1490 4091 rei
1524 4051 1706 4090 curam
1732 4040 2025 4108 gerebatis,
2048 4056 2112 4094 ac

559 4123 803 4179 voluistis
819 4127 1094 4194 quaestioni
1111 4128 1388 4193 interesse,
1412 4136 1467 4182 et
1483 4130 1760 4184 veritatem
1789 4129 2110 4198 patefacere,

556 4216 946 4286 mendaciaque
971 4216 1227 4280 refutare,
1258 4218 1402 4272 nulla
1429 4228 1511 4273 est
1536 4220 1713 4274 habita
1746 4223 1880 4276 ratio
1905 4239 1919 4287 ;
1942 4237 2112 4291 neque

555 4304 700 4358 enim
742 4318 838 4359 vos
891 4306 1083 4360 adesse
1124 4319 1527 4373 concesserunt,
1584 4309 1679 4364 sed
1721 4312 2112 4367 contumeliose

553 4391 845 4462 ejecerunt.
877 4398 955 4452 Ac
983 4397 1106 4452 licet
1132 4399 1255 4454 hinc
1290 4402 1522 4456 maxime
1545 4416 1729 4456 eorum
1760 4403 2110 4473 schphantia

551 4487 802 4542 omnibus
842 4499 1113 4558 comperta
1170 4492 1257 4554 sit,
1296 4501 1530 4546 attamen
1590 4495 1716 4547 dum
1765 4505 2110 4549 monumenta

2225 2043 2529 2113 μεθώδευσε
2558 2049 2680 2111 τοὺς
2708 2049 2832 2120 περὶ
2871 2048 3148 2117 Εὐσέϐιον,
3172 2057 3296 2119 τοὺς
3323 2057 3424 2111 οὐκ
3443 2058 3539 2114 ἐπὶ
3600 2062 3797 2134 κρίσει,

2222 2134 2334 2187 ἀλλ’
2361 2137 2453 2189 ἐπὶ
2492 2136 2582 2208 βίᾳ
2611 2138 2806 2208 μᾶλλον
2834 2141 3294 2215 ἐπερειδομένουςι
3335 2149 3498 2203 Ὅθεν
3521 2153 3571 2205 οἱ
3594 2169 3798 2208 παντα-

2220 2225 2318 2296 χοῦ
2375 2228 2574 2293 πάντες
2619 2230 2904 2285 ἐπίσκοποι
2952 2233 3050 2305 τὴν
3117 2240 3401 2294 κοινωνίαν
3472 2243 3796 2301 Ἀθανασίου

2221 2314 2553 2371 ἐϐεϐαίωσαν
2592 2316 2678 2373 διὰ
2720 2320 2817 2392 τὴν
2855 2322 3195 2395 καθαρότητα
3221 2328 3405 2383 αὑτοῦ.
3444 2332 3692 2389 Κάκεῖνο
3742 2337 3798 2391 δὲ

2222 2405 2251 2457 ὑ
2259 2407 2373 2478 μῶν
2400 2411 2432 2479 ἡ
2449 2410 2635 2480 ἀγάπη
2650 2413 2942 2484 συνοράτω·
2959 2408 3172 2492 Ἐπειδὴ
3194 2421 3273 2483 είς
3287 2420 3385 2491 τὴν
3406 2422 3573 2491 ἁγίαν
3586 2426 3799 2482 σύνοδον

2218 2498 2317 2569 τὴν
2349 2499 2406 2551 ἐν
2426 2501 2657 2572 Σαρδικῇ
2681 2505 3029 2575 συναχθεῖσαν
3048 2501 3392 2578 παρεγένετο,
3418 2515 3540 2569 τότε
3553 2514 3642 2589 δὴ,
3658 2520 3798 2575 καθά

2221 2590 2574 2660 προείπομεν,
2631 2590 2725 2646 καὶ
2766 2595 2852 2647 διὰ
2907 2601 3244 2670 γραμμάτων
3277 2605 3372 2657 καὶ
3420 2605 3490 2658 δι’
3532 2609 3798 2680 ἀγράφων

2221 2680 2449 2733 ἐντολῶν
2471 2681 2895 2756 ὑπεμνήσθησαν
2943 2690 2993 2741 οἱ
3021 2692 3118 2761 τῆς
3163 2691 3323 2762 ἑῴας,
3363 2697 3458 2750 καὶ
3487 2699 3796 2770 ἐκλήθησαν

2221 2776 2351 2845 παρ’
2403 2774 2558 2846 ἡμῶν
2590 2774 2730 2831 ὥστε
2786 2783 3055 2852 παρεῖναι.
3104 2784 3243 2839 Ἀλλ’
3274 2790 3497 2853 ἐκεῖνοι,
3533 2793 3643 2846 ὑπὸ
3696 2796 3795 2866 τῆς

2223 2866 2577 2937 συνειδήσεως
2621 2873 3165 2945 καταγινωσκόμενοι,
3211 2879 3487 2949 ἀπρεπέσι
3526 2884 3796 2956 χρώμενοι

2223 2958 2548 3029 προφάσεσι,
2593 2961 2900 3030 φυγοδικεῖν
2959 2966 3209 3036 ἤρξαντο.
3268 2970 3482 3034 Ἠξίουν
3530 2975 3644 3045 γάρ
3706 2977 3794 3030 τὸν

2223 3049 2418 3112 ἀθῶον,
2446 3050 2519 3114 ὡς
2552 3046 2867 3119 ὑπεύθυνον,
2903 3057 3010 3111 ἀπὸ
3065 3060 3160 3129 τῆς
3206 3061 3479 3133 ἡμετέρας
3511 3068 3794 3132 κοινωνίας

2222 3138 2597 3208 ἐκϐάλλεσθαι,
2628 3144 2689 3197 οὐ
2721 3147 3048 3217 συνορῶντες
3085 3142 3160 3213 ὡς
3185 3152 3454 3223 ἀπρεπὲς,
3491 3157 3698 3225 μᾶλλον
3739 3160 3796 3213 δὲ

2221 3227 2478 3323 ἀδύνατον
2503 3229 2570 3304 ἦν
2598 3235 2772 3323 τοῦτο.
2801 3234 2910 3291 Καὶ
2941 3239 3006 3292 τὰ
3031 3241 3396 3314 ὑπομνήματα
3428 3244 3485 3300 δὲ
3506 3248 3578 3301 τὰ
3620 3252 3678 3303 ἐν
3720 3252 3796 3323 τῷ

2221 3316 2488 3389 Μαρεώτῃ
2512 3318 2774 3393 γενόμενα
2812 3325 2919 3377 ὑπὸ
2950 3332 3322 3401 παμπονήρων
3361 3336 3457 3388 καὶ
3491 3316 3793 3402 ἐξωλεστάί-

2219 3423 2326 3459 των
2347 3408 2505 3461 τινῶν
2528 3412 2822 3483 νεωτέρων,
2863 3410 2943 3480 οἷς
2965 3419 3063 3471 οὑκ
3116 3420 3180 3473 άν
3202 3439 3284 3485 τις
3318 3425 3645 3483 ἐπίστευσεν
3678 3432 3797 3487 οὐδὲ

2218 3494 2310 3547 τὸν
2335 3497 2567 3592 ’τυχόντα
2601 3499 2804 3572 βαθμὸν
2826 3505 2917 3558 τοῦ
2948 3506 3169 3577 κλήρου,
3199 3513 3494 3586 συνέστηκε
3529 3521 3678 3574 κατὰ
3704 3540 3796 3592 μοι

2218 3584 2503 3683 νομέρειαν
2533 3591 2862 3662 πεπρᾶχθαι.
2927 3594 3060 3649 Οῦτε
3112 3599 3220 3671 γὰρ
3279 3605 3306 3655 ὁ
3350 3584 3583 3677 ἀδελφὸς
3639 3584 3796 3683 ἡμῶν

2230 3675 2539 3742 Ἀθανάσιος
2558 3683 2585 3733 ὁ
2604 3682 2916 3749 ἐπίσκοπος,
2934 3685 3055 3739 οὗτε
3086 3687 3363 3762 Μακάριος
3376 3696 3404 3748 ό
3421 3675 3793 3773 πρεσϐύτερος

2213 3766 2243 3818 ὁ
2294 3770 2763 3842 κατηγορούμενος
2812 3776 2905 3830 ὑπ’
2938 3778 3113 3833 αὐτῶν
3160 3785 3361 3855 παρῆν.
3426 3766 3542 3841 Καὶ
3574 3766 3790 3865 ὅμως-ὴ

2216 3859 2344 3928 παρ’
2377 3859 2553 3913 αὐτῶν
2576 3861 2860 3954 ἐρώτησις,
2894 3868 3092 3939 μᾶλλον
3117 3871 3172 3923 δὲ
3189 3872 3475 3949 ὑποϐολὴή
3500 3859 3790 3954 γενομένης

2214 3950 2393 4046 fdo-,1;
2422 3952 2679 4046 αἰσχύνης
2718 3952 2784 4026 ἦν
2822 3961 3013 4031 μεστήδ
3045 3964 3121 4034 πῆ
3172 3964 3270 4034 μὲν
3303 3966 3412 4038 γὰρ
3440 3950 3671 4038 ἐθνικοί,

2212 4041 2267 4094 δὲ
2301 4044 2691 4113 κατηχούμενοι
2750 4049 3057 4118 ὴρωτῶντο,
3096 4054 3191 4123 οὐχ
3245 4056 3353 4119 ἵνα,
3387 4059 3535 4132 ἆπερ
3591 4041 3787 4132 ἴσασιν,

2211 4133 2455 4192 εἴπωσιν.
2511 4135 2624 4187 ἀλλ’
2672 4137 2778 4203 ἵνα,
2816 4139 2956 4211 ἅπερ
3007 4145 3134 4214 παρ’
3182 4146 3360 4201 αὐτῶν
3408 4154 3789 4227 μεμαθήκασι,

2210 4226 2535 4295 ψεύσωνται.
2583 4230 2693 4283 Καὶ
2756 4230 2864 4303 γὰρ
2907 4233 2997 4286 καὶ
3044 4235 3195 4305 ὑμῶν
3246 4239 3356 4293 τῶν
3401 4226 3790 4317 πρεσϐυτέρων

2212 4317 2602 4388 φροντιζόντων
2622 4322 2713 4374 ἐπὶ
2730 4325 2793 4394 τῇ
2822 4325 3055 4397 ἀπουσίᾳ
3076 4327 3165 4379 τοῦ
3179 4324 3445 4403 ὑμετέρου
3465 4338 3787 4405 ἐπισκόπου,

2212 4411 2304 4461 καὶ
2334 4409 2674 4481 βουλομένων
2726 4418 2977 4485 παρεῖναι
3006 4420 3095 4471 ἐπὶ
3139 4424 3204 4491 τῇ
3235 4420 3505 4490 ἐξετάσει,
3540 4432 3638 4483 καὶ
3693 4432 3788 4503 τὴν

2212 4500 2469 4583 ἀλήθειαν
2502 4502 2691 4568 δεῖξαι,
2727 4507 2821 4558 καὶ
2870 4508 2937 4559 τὰ
2971 4508 3139 4581 ψευδῆ
3166 4512 3455 4582 διελέγξαι,
3491 4520 3671 4586 οὐδεὶς
3712 4500 3786 4577 λϐ-

554 4576 643 4632 illa
674 4578 1001 4648 legerentur,
1033 4584 1488 4653 deprehendimus
1526 4585 1701 4654 ipsum
1760 4585 2112 4643 sceleratissi-

2217 4580 2313 4661 γος
2338 4592 2576 4662 γέγονεν·
2602 4593 2700 4649 οὐκ
2731 4576 3032 4669 ἐπέτρεψαν
3046 4576 3154 4672 γὰρ
3171 4576 3329 4673 ὑμᾶς.
3346 4576 3627 4677 έαρετναι,

552 4685 697 4725 mum
738 4671 1033 4746 lschyratn,
1064 4676 1155 4745 qui
1193 4691 1365 4730 vacuo
1397 4680 1744 4747 episcopatus
1778 4680 2017 4744 nomine,
2055 4681 2108 4734 in

551 4763 853 4817 mercedem
894 4767 1260 4834 syc0phantia:
1304 4782 1435 4833 suae,
1468 4779 1554 4822 est
1596 4769 1663 4822 ab
1705 4769 1811 4823 illis
1854 4770 2108 4835 donatus,

549 4851 871 4907 calumniam
920 4870 1072 4908 suam
1114 4871 1431 4927 coarguere.
1476 4858 1531 4911 ln
1574 4857 1765 4913 iisdem
1811 4860 1954 4914 cnim
1994 4877 2110 4916 mo-

550 4945 818 5001 numentis
844 4948 1101 5001 narrabat
1142 4949 1256 5018 ipse
1283 4949 1549 5021 lscbyras,
1580 4966 1659 5019 se,
1695 4967 1800 5021 qua
1834 4955 1963 5009 bora
1995 4954 2110 5008 Ma—

548 5035 754 5090 earium
782 5036 832 5089 in
860 5052 1011 5091 suam
1039 5038 1231 5095 cellam
1255 5042 1465 5096 venisse
1495 5041 1818 5107 afﬁrmabat,
1846 5053 2108 5113 mgrotum

544 5125 779 5195 jacuisse
823 5145 840 5185 :
890 5128 1018 5185 licet
1054 5146 1085 5185 e
1127 5143 1315 5187 contra
1351 5133 1643 5189 Eusebiani
1700 5136 1941 5190 scribere
1991 5136 2107 5190 ausi

550 5215 680 5281 sint,
715 5217 1008 5290 lscbyram,
1040 5236 1161 5275 curn
1202 5223 1470 5278 Macarius
1524 5227 1858 5295 supervenit,
1895 5229 2110 5283 stetisse

547 5319 601 5362 et
629 5309 950 5367 oblationem
982 5313 1193 5369 fecisse.

2218 4686 2311 4737 καὶ
2372 4683 2487 4754 μεθ’
2515 4683 2723 4756 ὕϐρεως
2752 4687 3022 4751 ἐξέϐαλον.
3053 4692 3161 4745 Καὶ
3198 4696 3245 4747 εἰ
3303 4698 3398 4750 καὶ
3438 4700 3507 4753 τὰ
3556 4704 3788 4773 μάλιστα

2216 4776 2424 4847 φανερὰ
2454 4779 2586 4831 πᾶσι
2619 4777 2919 4852 καθέστηκε
2946 4784 3038 4837 καὶ
3054 4786 3117 4838 ἐκ
3138 4787 3342 4842 τούτων
3372 4792 3404 4862 ἡ
3428 4781 3783 4865 συκοφαντία,

2215 4868 2383 4938 ὅμως,
2414 4869 2931 4943 ἀναγινωσκομένων
2961 4875 3069 4928 τῶν
3092 4877 3520 4952 ὑπομνημάτων,
3558 4884 3784 4959 εὕρομεν

2215 4960 2375 5013 αὑτὸν
2412 4961 2503 5014 τὸν
2542 4964 2899 5035 παμπόνηρον
2943 4968 3209 5040 ’ἰσχύραη
3243 4970 3333 5026 τὸν
3362 4976 3456 5029 ἐπὶ
3504 4982 3573 5050 τῇ
3631 4998 3785 5034 συκοο

2214 5054 2411 5123 φαντίᾳ
2447 5050 2633 5124 μισθὸν
2672 5059 2802 5127 παρ’
2834 5059 3012 5112 αὐτῶν
3052 5060 3282 5117 λαϐόντα
3313 5062 3373 5118 τὸ
3396 5067 3591 5123 δοκοῦν
3621 5072 3784 5141 ὄνομα

2211 5143 2311 5212 τῆς
2343 5145 2661 5217 ἐπισκοπῆς,
2680 5145 3017 5217 διελέγχοντα
3043 5152 3233 5205 ἑαυτοῦ
3272 5154 3371 5227 τὴν
3394 5162 3777 5230 συκοφαντίαν.

2210 5232 2381 5297 Αὐτὸς
2434 5234 2542 5306 γὰρ
2579 5237 2606 5288 ὁ
2656 5236 2899 5308 Ἰσχύρας
2945 5240 3004 5292 ἐν
3049 5243 3229 5306 αὐτοῖς
3265 5248 3377 5310 τοῖς
3429 5248 3780 5322 ὑπομνήμασι

2209 5326 2507 5397 διελάλησε,
2568 5328 2686 5380 κατ’
2738 5330 2951 5399 ἐκείνην
2978 5331 3074 5402 τὴν
3107 5332 3276 5405 ὥραν,
3309 5338 3368 5389 ἐν
3496 5343 3776 5414 Μακάρων

546 5400 858 5472 ἐληλυθέναι
890 5406 969 5469 εις
998 5405 1061 5459 τὸ
1084 5406 1290 5460 κελλίον
1316 5405 1509 5461 ἑαυτοῦ
1539 5408 1928 5477 διεϐεϐαιοῦτο,
1972 5418 2235 5472 νοσοῦντα
2272 5418 2392 5470 τότε
2422 5419 2776 5472 κατακεῖσθαι
2800 5422 3008 5476 ἐαυτόψ
3032 5400 3206 5478 καίτοι
3226 5426 3334 5481 τῶν
3352 5400 3484 5501 περὶ
3521 5400 3777 5489 Εὑσέϐιον

545 5494 747 5564 γράψαι
776 5497 1175 5568 τολμησάντων,
1211 5498 1429 5551 ἑστάναι
1463 5498 1585 5552 τότε
1615 5501 1705 5555 τὸν
1743 5503 1993 5577 Ἰσχύραν
2025 5510 2119 5562 καὶ
2157 5507 2509 5581 προσφέρειν,
2536 5510 2624 5562 ὅτε
2656 5512 2937 5582 Μακάριος
2964 5514 3186 5586 ἐπέστη.

614 5585 703 5638 42.
733 5587 871 5653 Quin
895 5588 1055 5642 etiam
1088 5604 1150 5642 ea
1175 5604 1278 5657 qua
1315 5599 1436 5657 post
1464 5592 1546 5645 usi
1580 5602 1705 5646 sunt
1744 5594 2100 5664 syc0pbantla

542 5686 599 5733 et
626 5678 894 5734 calumnia
929 5680 1176 5735 omnibus
1207 5680 1486 5737 manifesta
1517 5692 1623 5737 est.
1655 5684 1891 5739 Aiebant
1930 5687 2097 5753 enim,

543 5779 599 5823 et
625 5769 830 5836 magnis
861 5769 1187 5825 clamoribus
1220 5772 1590 5837 affirmabant,
1623 5775 1826 5831 caadem
1854 5776 2099 5832 Athana-

548 5859 688 5915 siam
715 5868 1074 5931 perpetrasse,
1113 5869 1167 5917 et
1211 5864 1499 5921 Arsenium
1538 5867 1826 5935 quemdam
1870 5866 2102 5927 Meletias

2272 5596 2363 5651 42.
2410 5597 2650 5669 Κάκείνη
2686 5596 2741 5651 δέ
2770 5602 2902 5653 πᾶσι
2957 5604 3163 5675 φανερὰ
3204 5605 3544 5682 καθέστηκεν
3566 5613 3599 5684 ή
3622 5632 3775 5669 συκο-

2205 5685 2402 5755 φαντία
2450 5689 2542 5740 καὶ
2562 5688 2802 5761 διαϐολὴ,
2834 5693 2899 5764 ἢν
2925 5694 3213 5765 ᾐτιάσαντο
3230 5697 3368 5767 μετά
3387 5701 3584 5756 ταῦτα.
3606 5705 3773 5772 Ἔφα-

2206 5794 2306 5831 σαν
2350 5778 2458 5851 γὰρ
2478 5780 2569 5833 καὶ
2604 5784 2937 5855 κατεϐόησαν
2967 5787 3122 5855 φόνον
3151 5787 3465 5860 δεδρακέναι
3490 5793 3583 5847 τὸν
3620 5794 3769 5848 Ἀθα-

2208 5870 2409 5939 νάσιον,
2435 5873 2529 5927 καὶ
2554 5873 2629 5938 ὼς
2646 5876 2916 5946 Ἀρσένιόν
2943 5896 3082 5948 τινα,
3101 5880 3422 5937 Μελιτιανὸν
3450 5886 3764 5948 ἐπίσκοπον,
