3978 6522
188 432 259 486 3!!
1257 424 1551 487 APOLOGI
1564 435 1597 487 Δ
1640 424 1915 490 CONTRA
1955 428 2279 488 ARIANOS.

3306 424 3410 484 32‘!

191 549 523 621 ἀνῃρηκέναι,
580 554 664 622 ἐφ’
722 544 764 619 ᾧ
815 554 1162 624 προσποιητῷ
1192 555 1477 624 στεναγμῷ
1505 554 1598 606 καὶ
1655 573 1742 606 πει

1853 570 1969 605 num
2000 556 2307 621 episc0pum
2338 551 2603 607 occidisse
2634 572 2647 607 :
2674 566 2829 621 quam
2879 566 2988 606 rem
3037 548 3289 605 simulato
3313 566 3407 619 ge-

195 644 496 713 πλασμένοις
544 644 805 716 δάκρυσιν
854 646 1222 716 ὑπεκρίνοντο,
1260 648 1353 699 καὶ
1412 647 1597 716 ἠξίουν
1654 646 1747 699 τοῦ

198 733 363 797 ζῶντος
388 734 465 799 ὡς
494 734 819 805 τεθνηκότος
849 735 908 786 τὸ
932 735 1085 805 σῶμα
1110 733 1452 804 ἀποδυθῆναι.
1488 735 1624 787 Ἀλλ’
1651 737 1750 787 οὐκ

199 827 420 893 ἄγνωστα
448 826 645 893 γέγονε
672 826 737 878 τά
772 826 1075 896 σοφίσματα
1110 827 1333 879 τούτων’
1368 826 1609 893 ἔγνωσαν
1641 828 1748 898 γὰρ

199 918 408 978 ἆπαντες
466 916 569 985 ζῇν
598 918 692 969 τὸν
725 916 1024 987 ἄνθρωπον,
1074 918 1167 970 καὶ
1199 918 1255 968 ἐν
1285 920 1397 979 τοῖς
1445 917 1608 980 ζῶσιν
1665 919 1751 981 ἐξ-

200 1007 476 1071 ετάζεσθαι·
521 1010 617 1060 καὶ
650 1008 835 1077 ἐπειδὴ
857 1007 1039 1079 ἑώρων
1066 1010 1290 1071 ἑαυτοὺς
1331 1011 1377 1061 οἱ
1406 1010 1540 1079 πρὸς
1577 1010 1753 1062 πάντα

201 1099 415 1168 εὐχερεῖς
458 1098 906 1167 διελεγχομένους
950 1100 1041 1152 ἐπὶ
1076 1103 1190 1162 τοῖς
1225 1100 1497 1169 ψεύσμασι
1520 1101 1745 1161 τούτοις·

201 1190 336 1252 αὑτὸς
364 1190 473 1261 γὰρ
497 1190 605 1254 ζῶν
631 1192 660 1241 ό
705 1192 972 1263 Ἀρσένιος
994 1190 1259 1243 ἐδείκνυεν
1286 1191 1475 1243 ἑαυτὸν
1512 1192 1584 1259 μὴ
1619 1192 1749 1259 ἀνῃ-

204 1283 374 1353 ρῆσθαι
422 1282 556 1352 μηδὲ
598 1271 935 1353 τεθνηκέναι·
985 1285 1132 1353 ὅμως
1160 1283 1257 1352 οὺχ
1290 1282 1595 1353 ἡσύχασαν,
1636 1271 1782 1337 ἀλλ”

202 1374 365 1442 ἑτέρας
380 1374 744 1440 συκοφαντίας
766 1374 897 1444 πρὸς
917 1378 1035 1436 ταῖς
1050 1373 1341 1444 προτέραις
1369 1375 1750 1441 συκοφαντίαις

201 1462 495 1532 ἐπεζήτουν,
519 1464 606 1516 ἵνα
624 1465 806 1527 πάλιν,
838 1468 1296 1536 μηχανησάμενοι,
1321 1467 1643 1521 διαϐάλλωσι
1660 1470 1751 1521 τὸν

201 1552 480 1623 ἄνθρωπον.
506 1553 571 1605 Τί
590 1550 704 1617 οὖν,
722 1556 988 1623 ἀγαπητοί
1009 1573 1022 1618 ;
1048 1557 1160 1607 Οὐκ
1187 1556 1458 1625 ἐταράχθη
1486 1557 1751 1624 eseam;

199 1644 335 1713 ἡμῶν
376 1643 718 1709 Ἀθανάσιος,
754 1644 888 1697 ἀλλά
911 1644 1070 1697 πάλιν
1104 1645 1269 1715 πολλῇ
1305 1648 1585 1717 παρρησία
1615 1646 1751 1719 χριὶμ

203 1753 337 1803 μενος
371 1736 725 1806 προεκαλεῖτο
744 1736 833 1789 καὶ
866 1738 956 1789 ἐπὶ
987 1736 1195 1799 τούτοις
1218 1737 1430 1800 αὐτούς.
1465 1740 1571 1789 Καὶ
1594 1740 1752 1808 ἡμεῖς

198 1826 243 1878 δὲ
278 1826 555 1895 ηὐχόμεθα
607 1828 702 1879 καὶ⁸
746 1828 1189 1898 προετρεπόμεθα
1232 1829 1403 1881 ἐλθεῖν
1429 1831 1623 1891 αὐτοὺς
1673 1832 1752 1892 είς

201 1917 281 1987 τὴν
306 1918 501 1988 κρίσιν,
543 1919 639 1970 καὶ
685 1920 840 1989 είπερ
899 1920 1170 1982 δύνανται,
1223 1920 1511 1988 διελέγξαι.
1551 1923 1613 1972 Ὠ
1657 1921 1754 1990 τῆς

200 2008 379 2076 πολλῆς
407 2010 746 2077 πλεονεξίαςί
771 2010 815 2062 ὣ
846 2012 942 2080 τῆς
981 2011 1157 2080 δεινῆς
1180 2012 1581 2082 ὑπερηφανίαςί
1620 2012 1753 2080 μᾶλ-

198 2099 273 2151 λον
296 2099 369 2160 δὲ,
412 2102 459 2152 εί
491 2100 575 2153 δεῖ
597 2100 827 2168 τάληθὲς
860 2104 1052 2161 εἰπεῖν,
1074 2100 1119 2152 ὣ
1144 2102 1319 2170 κακῆς
1350 2104 1439 2153 καὶ
1456 2101 1755 2154 ὑπευθύνου

198 2192 572 2261 συνειδήσεωςί
612 2192 769 2245 τοῦτο
820 2193 926 2265 γάρ
977 2196 1110 2246 πᾶσι
1143 2195 1543 2265 πεφανέρωται.
1573 2194 1753 2257 Ὅθεν,

197 2284 448 2354 ἀγαπητοὶ
465 2285 701 2351 ἀδελφοὶ,
730 2286 898 2355 ὐπομι
905 2289 1111 2355 μνήσκο
1118 2304 1214 2357 μεν
1231 2289 1323 2340 καὶ
1341 2305 1473 2358 προτ
1484 2288 1757 2359 ρεπιᾶμεθα

197 2373 327 2444 ὑμᾶς
372 2375 475 2444 πρὸ
517 2375 732 2427 πάντων
784 2377 880 2448 τὴν
908 2377 1070 2447 ὀρθὴν
1109 2378 1290 2429 πίστιν
1312 2378 1412 2447 τῆς
1453 2378 1755 2450 Καθολικῆς

209 2465 520 2535 Ἑκκλησίας
569 2468 836 2538 κατέχειν.
870 2468 1043 2522 Πολλά
1087 2470 1185 2536 μὲν
1214 2469 1323 2540 γὰρ
1362 2471 1454 2523 καὶ
1478 2470 1623 2523 δεινά
1666 2473 1757 2523 καί

196 2558 392 2625 χαλεπά
443 2559 768 2620 πεπόνθατε,
820 2560 1018 2621 πολλὰς
1070 2559 1127 2612 δὲ
1183 2561 1367 2633 ὕϐρεις
1417 2562 1510 2614 καὶ
1548 2561 1757 2626 ἀδικίας

194 2648 466 2717 ὑπέμεινεν
495 2654 527 2721 ἡ
555 2651 827 2719 Καθολικὴ
869 2652 1178 2722 Ἐκκλησία·
1203 2654 1315 2705 ἀλλ’
1350 2654 1401 2705 ’0
1435 2656 1757 2722 ὑπομείνας

194 2740 271 2802 είς
290 2739 478 2805 τέλος.
513 2738 688 2805 οὗτος
716 2740 1068 2806 σωθήσεται.
1106 2744 1325 2813 Διόπερ.
1362 2744 1463 2796 κᾶν
1489 2743 1758 2795 ἕτιποιεῖν

196 2830 490 2900 τολμήσωσι
517 2834 638 2885 καθ’
658 2835 687 2884 ὑ
697 2835 833 2902 μῶν.
866 2834 897 2903 ἡ
930 2833 1105 2903 θλίψις
1118 2836 1236 2887 ἀντὶ
1258 2838 1427 2906 χαρᾶς
1449 2837 1575 2905 ὑμῖν
1597 2837 1751 2889 Eatur

194 2921 256 2972 τὰ
281 2922 385 2991 γάρ
411 2923 630 2976 τοιαῦτα
662 2924 957 2994 παθήματα
995 2926 1155 2996 μέρος
1181 2926 1295 2977 ὲστί
1332 2926 1647 2996 μαρτυρίοιν
1665 2928 1757 2979 καὶ

197 3011 497 3063 αἱτοιαῦται
532 3013 685 3082 ὑμῶν
718 3012 995 3083 ὁμολογίαι
1040 3016 1132 3067 καὶ
1156 3016 1211 3066 αἱ
1254 3014 1473 3083 βάσανοι
1507 3017 1604 3069 οὐκ
1626 3017 1754 3087 άμι-

200 3104 303 3156 σθοι
343 3108 715 3175 τυγχάνουσιν,
758 3107 869 3160 ἀλλ’
901 3108 1237 3179 ἀπολήψεσθε
1292 3110 1440 3179 παρά
1487 3110 1579 3162 τοῦ
1620 3111 1752 3164 Θεοῖ

197 3196 258 3248 τά
276 3196 495 3250 ἔπαθλα.
519 3200 661 3251 Διότι
694 3198 925 3268 μάλιστα
957 3198 1285 3267 ἀγωνίζεσθε
1308 3200 1445 3271 ὑπὲρ
1466 3202 1563 3271 τῆς
1580 3203 1754 3269 ὑγιαι-

200 3286 380 3357 νούσης
412 3288 643 3351 πίστεως
673 3290 766 3342 καὶ
799 3290 894 3359 τῆς
938 3290 1303 3361 καθαρότητος
1330 3291 1421 3343 τοῦ
1456 3293 1749 3346 ἐπισκόπου

202 3378 341 3445 ὑμῶν
384 3379 701 3432 Ἀθανασίου
756 3382 848 3434 τοῦ
878 3382 1285 3453 συλλειτουργοῦ
1314 3384 1488 3454 ἡμῶν.
1514 3386 1621 3437 Καὶ
1645 3384 1752 3456 γὰρ

203 3470 311 3521 οὐδὲ
336 3473 491 3540 ἡμεῖς
536 3475 1058 3545 παρεσιωπήσαμεν,
1106 3476 1226 3528 οὐδὲ
1275 3477 1626 3547 ἡμελήσαμεν
1654 3478 1753 3546 τῆς

205 3559 341 3627 ὑμῶν
386 3565 715 3633 ἀμεριμνίας
786 3566 979 3634 χάριν·
1032 3565 1146 3617 ἀλλ’
1204 3568 1595 3639 ἐφροντίσαμεν
1660 3570 1753 3621 καὶ

205 3655 581 3723 πεποιήκαμεν,
605 3657 709 3708 ἀπε
719 3672 748 3726 ρ
767 3658 794 3707 ό
823 3656 919 3725 τῆς
944 3657 1162 3725 ἀγάπης
1180 3659 1332 3726 λόγος
1348 3662 1585 3712 ἀπαιτεῖ.
1611 3661 1753 3729 Συμ-

209 3744 467 3814 πάοχομεν
498 3746 605 3816 γὰρ
630 3750 740 3809 τοῖς
766 3748 1057 3817 πάσχουσιν
1088 3749 1335 3817 ἀδελφοῖς
1364 3750 1537 3820 ἡμῶν,
1570 3751 1660 3804 καὶ
1684 3751 1751 3802 τὰ

207 3835 405 3888 ἐκείνων
432 3839 729 3908 παθήματα
764 3839 869 3897 ἴδια
908 3838 1202 3909 ἡγούμεθα,
1234 3842 1326 3894 καὶ
1350 3845 1459 3904 τοῖς
1490 3842 1751 3912 δάκρυσιν

209 3926 344 3993 ὑμῶν
387 3930 452 3982 τὰ
485 3932 725 4002 ὑμέτερα
772 3932 978 4001 δάκρυα
1027 3934 1405 4003 συνεμίξαμεν.
1447 3935 1557 4004 Οὐχ
1594 3936 1751 4003 ὑμεῖς

207 4015 257 4067 δὲ
309 4020 446 4087 μόνοι
494 4023 816 4086 πεπόνθατε,
863 4024 1097 4091 ἀδελφοὶ,
1152 4025 1287 4076 ἀλλά
1326 4027 1418 4078 καὶ
1448 4026 1629 4079 πολλοὶ
1661 4026 1749 4079 ἄλ‹

205 4106 274 4159 λοι
316 4113 712 4185 συλλειτουργοὶ
743 4116 898 4186 ἡμῶν
934 4116 1105 4169 ταῦτα
1149 4117 1390 4180 ἐλθόντες
1440 4119 1750 4189 ἀπωδύρον-

204 4215 259 4250 το
289 4203 409 4274 (t7).

265 4294 343 4349 45.
380 4297 574 4370 Διόπερ
642 4298 1021 4368 ἀνηνέγκαμεν
1078 4300 1171 4353 καὶ
1236 4299 1547 4370 ἠξιώσαμεν
1622 4303 1749 4364 τοὺς

204 4379 599 4448 εὐσεϐεστάτους
646 4388 741 4438 καὶ
791 4386 1227 4455 θεοφιλεστάτους
1280 4388 1559 4458 βασιλέας,
1602 4390 1748 4451 ὅπως

202 4466 625 4546 ἡφιλανθρωπία
666 4476 845 4529 αὐτῶν
892 4478 982 4529 καὶ
1030 4478 1154 4536 τοὺς
1188 4478 1267 4530 ἔτι
1319 4478 1623 4547 κάμνοντας
1657 4480 1747 4530 καὶ

203 4564 531 4633 πιεζομένους
560 4568 817 4637 ἀνεθῆναι
848 4568 1096 4640 κελεύσῃ,
1122 4570 1215 4621 καί⁸
1242 4570 1580 4639 προστάξωσι
1616 4571 1747 4639 μηδ·
1782 4592 1827 4647 ι)

200 4654 282 4708 ένα
316 4659 418 4711 τῶν
458 4660 748 4721 δικαστῶν,
789 4655 869 4723 οἷς
928 4663 1053 4731 περὶ
1105 4661 1278 4730 μόνων
1326 4662 1433 4713 τῶν
1480 4662 1751 4731 δημοσίων

203 4746 363 4814 μέλειν
419 4754 718 4821 προσήκει,
773 4752 912 4821 μήτε
970 4751 1171 4823 κρίνειν
1229 4752 1553 4822 κληρικοὺς,
1612 4754 1749 4823 μήτε

200 4836 317 4902 ὅλως
345 4842 435 4894 τοῦ
466 4842 651 4895 λοιποῦ
683 4842 949 4912 προφάσει
966 4842 1071 4895 τῶν
1089 4844 1423 4912 Ἐκκλησιῶν
1451 4847 1751 4915 ἐπιχειρεῖν

196 4941 242 4977 τι
269 4931 399 4982 κατὰ
425 4932 534 4983 τῶν
578 4931 842 5000 ἀδελφῶν,
872 4933 984 4984 ἀλλ’
1010 4933 1095 4986 ἵνα
1126 4933 1352 4998 ἕκαστος
1400 4935 1569 5006 χωρίς
1609 4953 1752 5000 τινος

194 5015 437 5088 διωγμοῦ,
473 5023 641 5091 χωρίς
682 5038 826 5084 τινος
872 5021 990 5090 βίας
1036 5025 1129 5077 καὶ
1164 5024 1500 5092 πλεονεξίας,
1543 5026 1618 5091 ὡς
1662 5026 1750 5080 εὔ·-

195 5123 327 5173 χεται
361 5111 454 5164 καὶ
487 5110 755 5181 βούλεται,
784 5111 881 5181 ζῇ,
926 5112 1016 5165 καὶ
1066 5114 1183 5184 μεθ’
1210 5115 1436 5185 ἡσυχίας
1469 5116 1560 5168 καὶ
1604 5115 1753 5186 εἰρῆ-

194 5214 278 5267 γης
316 5202 411 5272 τὴν
451 5203 749 5271 καθολικὴν
795 5203 888 5256 καὶ
930 5205 1290 5275 ἀποστολικὴν
1337 5207 1517 5259 πίστιν
1556 5208 1748 5277 μετέρε-

192 5302 353 5356 χηται.
399 5294 699 5364 Γρηγόριος
753 5292 936 5361 μέντοι
974 5296 1003 5347 ὁ
1053 5296 1383 5365 παρανόμως
1440 5297 1589 5366 παρὰ
1641 5297 1749 5349 τῶν

192 5378 459 5446 αἱρετικιῖιν
486 5384 779 5452 λεγόμενος
805 5384 1228 5453 κατασταθῆναι,
1255 5386 1347 5438 καὶ
1380 5387 1457 5448 είς
1490 5387 1587 5456 τὴν
1621 5387 1748 5455 ὑμε-

190 5466 333 5537 τέραν
365 5473 517 5526 πάλιν
549 5474 680 5542 παρ’
704 5473 883 5525 αὐτῶν
921 5473 1242 5536 ἀποσταλείς
1263 5490 1275 5503 ⁸
1320 5474 1411 5527 καὶ
1446 5473 1603 5526 τοῦτο
1639 5476 1748 5546 γὰρ

189 5563 479 5620 γινωσκέτω
519 5562 677 5633 ὑμῶν
705 5564 738 5631 ή
779 5563 1080 5633 ὁμοψυχία,
1111 5564 1193 5615 ὅτι
1238 5564 1413 5634 κρίσει
1460 5564 1555 5634 τῆς
1600 5566 1748 5636 ἱερᾶς

253 5672 293 5702 ⁸⁸
322 5676 499 5732 Matth.
539 5694 592 5737 Χ,
624 5675 718 5729 22.

1850 646 1982 696 tuitu
2056 655 2108 698 et
2155 644 2303 699 falsis
2349 644 2601 714 lacrymis
2650 643 3019 712 deplorabant,
3071 643 3411 712 postulamus

1851 735 2081 789 viventis
2112 750 2308 802 corpus
2344 736 2497 804 quasi
2543 738 2589 791 is
2618 749 2861 790 mortuus
2899 746 3041 791 esset
3086 736 3184 789 sibi
3237 733 3403 789 tradi.

1851 823 1959 876 Sed
2010 839 2113 878 non
2172 825 2328 879 latuit
2374 841 2559 880 eorum
2627 825 2867 880 vafrities
2912 826 3212 881 :omnibus
3261 828 3406 881 enim

1850 926 2179 980 compertum
2242 917 2340 971 fuit
2392 918 2663 973 hominem
2711 918 2911 983 vivere,
2962 927 3017 973 et
3067 921 3209 971 inter
3256 920 3410 973 vivos

1852 1008 2124 1061 numerari
2152 1023 2165 1058 :
2195 1017 2391 1062 etcum
2416 1010 2793 1077 conspicerem
2817 1008 2913 1075 illi,
2947 1009 3012 1062 ad
3050 1023 3209 1063 omne
3235 1009 3411 1064 scelus

1855 1099 2086 1166 prompti
2113 1099 2238 1162 viri,
2256 1114 2315 1154 se
2336 1101 2597 1155 mendacii
2620 1100 2927 1156 convictos:
2944 1102 3057 1170 ipse
3081 1102 3224 1154 enim
3248 1102 3413 1155 Arse-

1852 1190 1972 1241 nius
2000 1190 2153 1241 vivus
2188 1204 2248 1244 se
2288 1190 2510 1245 minime
2547 1193 2785 1247 occisum
2826 1201 2919 1247 aut
2974 1202 3243 1247 mortuum
3289 1206 3411 1244 esse

1851 1278 2023 1347 palam
2071 1279 2225 1345 fecit;
2282 1282 2450 1336 nihilo
2496 1292 2673 1337 tamen
2717 1285 2889 1352 magis
2940 1284 3287 1351 quieverunt.
3314 1284 3407 1335 sed

1851 1370 1986 1423 alias
2015 1373 2399 1439 sycophantias
2428 1373 2697 1438 prioribus
2725 1376 2995 1429 addendas
3023 1375 3305 1443 qumsiere,
3333 1382 3415 1441 ut,

1853 1462 2137 1528 quibusvis
2173 1464 2439 1518 machinis
2472 1464 2749 1528 adhibitis,
2790 1466 3061 1519 hominem
3113 1467 3287 1519 denno
3322 1480 3414 1518 ca-

1854 1553 2270 1609 lumniarentur.
2304 1552 2444 1619 Quid
2476 1555 2657 1624 igitur,
2683 1556 2861 1609 dilecti
2883 1554 3270 1624 TNeqoaqnam
3293 1568 3415 1623 per-

1853 1644 2074 1697 territus
2114 1654 2197 1697 est
2252 1645 2420 1699 frater
2464 1654 2649 1700 noster
2685 1646 3034 1709 Athanasius,
3072 1647 3166 1699 sed
3219 1647 3415 1700 iterum

1853 1748 2049 1802 magna
2101 1750 2231 1787 usus
2284 1734 2481 1791 fiducia
2536 1752 2629 1792 eos
2679 1738 2731 1791 in
2778 1738 2867 1806 jus
2926 1738 3272 1805 provocabat.
3310 1739 3418 1792 Nos

1853 1838 2066 1892 quoque
2100 1826 2404 1894 rogavimus
2432 1829 2745 1897 hortatique
2781 1844 2987 1892 sumus,
3019 1838 3079 1882 ut
3125 1829 3327 1897 judicio
3361 1844 3421 1883 se

1786 1902 1828 1956 Β
1857 1918 2137 1981 sisterent,
2176 1927 2231 1969 et
2279 1918 2323 1973 si
2375 1930 2615 1987 possent,
2648 1922 2920 1975 hominem
2946 1922 3348 1975 convincerent.
3376 1921 3422 1978 0

1856 2025 2104 2077 magnam
2148 2012 2508 2079 arrogantiam
2534 2013 2548 2065 !
2579 2027 2611 2065 ο
2649 2013 2919 2082 ingentem
2964 2013 3419 2081 superhiarniaut

1854 2103 2033 2171 p0tius
2068 2104 2112 2156 si
2146 2117 2273 2157 vere
2315 2103 2599 2157 dicendum
2643 2114 2745 2168 est,
2786 2120 2819 2159 ο
2864 2105 3081 2170 malam,
3106 2115 3156 2158 et
3189 2106 3417 2158 crimine

1854 2191 2145 2247 obnoxiam
2182 2194 2605 2249 conscientiam!
2647 2196 2789 2264 quod
2835 2211 2965 2251 sane
3016 2197 3145 2249 nulli
3187 2211 3293 2250 non
3322 2211 3417 2251 ex-

1856 2283 2119 2351 ploratum
2169 2294 2271 2339 est.
2319 2286 2606 2352 Quocirca,
2654 2287 2833 2340 dilecti
2886 2286 3104 2351 fratres,
3141 2304 3417 2342 monemus

1856 2388 1950 2429 vos
1982 2384 2036 2429 et
2061 2377 2363 2441 hortamur,
2402 2386 2593 2445 utpm
2624 2379 2875 2432 omnibus
2919 2390 3121 2431 rectam
3159 2377 3415 2432 Ecclesia:

1854 2463 2144 2519 Catholica:
2180 2464 2335 2519 fidem
2372 2466 2671 2519 retineatis.
2715 2464 2874 2518 Multa
2902 2467 3117 2534 quidem
3149 2468 3330 2535 gravia
3358 2475 3415 2519 et

1856 2556 2057 2609 atrocia
2090 2555 2381 2617 tolerastis,
2413 2556 2608 2609 multas
2632 2570 2845 2624 quoque
2874 2558 3227 2610 contumelias
3256 2565 3307 2610 et
3333 2557 3417 2610 in-

1848 2645 2023 2713 jurias
2036 2646 2288 2700 sustinuit
2312 2644 2588 2699 Catholica
2618 2639 2883 2699 Ecclesia:
2903 2647 2995 2699 sed
3013 2649 3103 2716 qui
3123 2663 3419 2714 persevera-

1856 2738 1984 2791 verit
2010 2753 2169 2806 usque
2194 2738 2245 2789 in
2276 2737 2453 2803 ﬁnem,
2481 2736 2565 2789 hic
2588 2738 2761 2789 salvus
2794 2740 2891 2790 erit
2918 2738 2985 2790 ⁸⁸.
3022 2740 3197 2805 Quare
3225 2739 3271 2792 si
3294 2739 3421 2807 quid

1857 2827 2046 2881 iterum
2071 2836 2258 2881 contra
2285 2842 2381 2880 vos
2410 2829 2811 2895 aggrediantur,
2833 2829 3109 2883 tribulatio
3129 2829 3216 2882 illa
3238 2829 3423 2898 gaudii

1855 2922 2007 2973 vobis
2031 2921 2148 2974 loco
2173 2918 2238 2973 sit
2278 2938 2291 2971 :
2318 2934 2439 2970 nam
2471 2920 2771 2973 istiusmodi
2804 2919 3123 2974 amictiones
3148 2934 3272 2990 pars
3293 2930 3421 2973 sunt

1856 3013 2125 3081 martyrii,
2153 3021 2207 3065 et
2230 3011 2541 3079 hujusmodi
2570 3021 2760 3065 vestra:
2793 3012 2952 3079 127
2970 3010 3337 3066 confessiones
3362 3020 3423 3065 et

1859 3113 2122 3157 tormenta
2138 3118 2230 3156 sua
2248 3102 2493 3157 mercede
2526 3116 2631 3155 non
2650 3105 2910 3156 carebunt
2935 3118 2948 3152 :
2970 3104 3063 3156 sed
3098 3102 3417 3157 certaminis

1856 3194 2088 3262 praemiis
2105 3208 2134 3244 a
2155 3192 2264 3246 Deo
2276 3191 2504 3246 donandi
2522 3191 3034 3256 estis.Quamobrem
3059 3206 3155 3258 pro
3169 3204 3297 3243 sana
3319 3190 3421 3245 fide

1860 3284 2190 3353 potissimum
2212 3284 2500 3345 deccrtate,
2518 3297 2725 3335 necnon
2740 3298 2834 3351 pro
2856 3282 3161 3338 innocentia
3181 3283 3422 3337 Athana-

1859 3375 1920 3426 sii
1947 3374 2178 3441 episcopi
2209 3374 2371 3428 vestri
2405 3384 2458 3426 et
2484 3375 2836 3429 comministri
2862 3376 3052 3429 nostri.
3082 3374 3217 3427 Nam
3246 3389 3421 3443 neque

1862 3482 1971 3520 rem
1994 3467 2206 3520 silentio
2220 3468 2629 3535 prattcrivimus.
2649 3484 2823 3537 neque
2846 3468 3178 3539 negieximus
3199 3484 3317 3540 qua:
3337 3484 3420 3526 ve-

1859 3564 1984 3608 stra:
2001 3556 2274 3608 securitati
2292 3556 2654 3611 conducebant
2672 3574 2686 3609 :
2707 3559 2795 3611 sed
2814 3573 2874 3611 ea
2894 3560 3298 3627 curavimue,ea
3310 3561 3421 3631 egi-

1859 3661 1978 3699 mus
2002 3661 2123 3714 qua:
2158 3648 2435 3701 charitatis
2470 3650 2608 3702 ratio
2641 3649 2893 3717 postulat.
2929 3650 3181 3706 Fratrum
3220 3653 3417 3721 quippe

1860 3746 2165 3791 nostrorum
2223 3737 2538 3794 afﬂictorum
2598 3742 2769 3795 vicem
2822 3741 3089 3806 dolemus,
3125 3752 3179 3796 et
3204 3742 3415 3799 illorum

1858 3824 2192 3892 afﬂictiones,
2222 3838 2435 3885 nostras
2459 3830 2803 3896 arbitramur,
2824 3824 2887 3886 ρι’
2910 3842 3122 3887 nostras
3152 3832 3420 3905 lacrymas

1858 3933 1977 3972 cum
1998 3920 2189 3974 vestris
2215 3921 2673 3977 comntiscuimus.
2694 3921 2878 3992 Neque
2900 3939 2997 3978 vos
3020 3925 3277 3979 duntaxat
3309 3926 3419 3982 laesi

1858 4012 2009 4075 estis,
2041 4012 2255 4074 fratres,
2285 4014 2376 4066 sed
2406 4014 2470 4066 de
2501 4014 2689 4068 iisdem
2726 4015 2859 4084 ipsis
2886 4016 3195 4084 complures
3230 4015 3320 4069 alii
3347 4030 3417 4071 ex

1857 4102 2243 4156 comministris
2300 4105 2520 4167 nostris,
2598 4104 2702 4158 huc
2760 4120 2879 4158 cum
2929 4107 3226 4171 venissent,
3282 4104 3417 4160 fusis

1857 4190 2117 4260 lacrymis'
2136 4194 2417 4261 conquesti
2441 4206 2589 4250 sunt.

1924 4283 2011 4336 43.
2048 4284 2311 4347 Quocirca
2358 4286 2473 4339 haec
2507 4283 2785 4342 retulimus
2821 4287 2890 4345 ad
2931 4287 3201 4356 piissime
3223 4296 3279 4340 et
3310 4287 3405 4341 Dei

1856 4377 2251 4429 amantissimos
2293 4378 2665 4446 imperatores,
2706 4385 2956 4445 rogantes
2994 4391 3182 4432 eorum
3215 4379 3406 4432 humao

1857 4468 2096 4528 nitatem,
2128 4477 2184 4519 ut
2215 4482 2307 4519 eos
2331 4468 2419 4536 qui
2451 4467 2623 4520 adhuc
2671 4477 2938 4520 vexantur
2975 4476 3029 4521 et
3077 4465 3406 4536 afﬂiguntur,

1856 4558 2048 4611 dimitti
2078 4557 2322 4625 jubeant,
2353 4559 2756 4625 decernantque
2787 4568 2866 4623 ut,
2904 4574 2970 4612 ne
3003 4560 3123 4627 quis
3146 4560 3415 4628 iudicum,

1858 4663 2084 4717 quorum
2113 4650 2343 4703 officium
2368 4660 2453 4705 est
2478 4651 2757 4718 popularia
2790 4649 2961 4705 solum
3004 4666 3218 4716 curare,
3255 4653 3415 4707 cleri-

1856 4756 1948 4795 cos
1989 4742 2213 4810 judicet,
2264 4752 2356 4795 aut
2406 4743 2674 4796 ullatenus
2714 4744 2766 4796 in
2801 4753 3093 4813 posterum,
3130 4746 3416 4801 occasione

1856 4835 2214 4888 curandarum
2255 4832 2643 4898 Ecclesiarum,
2670 4836 2927 4889 adversus
2977 4832 3171 4889 fratres
3202 4835 3414 4905 quidvis

1854 4925 2105 4979 moliatur
2131 4942 2143 4975 :
2172 4929 2264 4979 sed
2316 4935 2373 4980 ut
2395 4927 2623 4997 quisque
2650 4927 2789 4981 citra
2837 4927 3287 4995 persecutionem,
3322 4938 3416 4981 aut

1854 5016 1982 5079 vim,
2011 5018 2093 5071 vel
2125 5018 2388 5083 fraudem,
2415 5034 2512 5085 pro
2557 5032 2684 5075 voto
2711 5029 2766 5073 et
2797 5021 3073 5075 voluntate
3117 5035 3213 5075 sua
3244 5022 3412 5074 vitam

1852 5120 1993 5179 agat,
2031 5125 2096 5164 ac
2123 5124 2243 5166 cum
2274 5112 2457 5181 quiete
2499 5123 2555 5168 et
2584 5128 2716 5182 pace
2755 5113 3076 5169 catholicam
3111 5124 3163 5167 et
3194 5123 3413 5181 aposto-

1854 5202 2007 5253 licam
2042 5214 2278 5257 sectetur
2323 5202 2505 5260 fldem.
2536 5203 2703 5260 Porro
2736 5216 2971 5261 vestram
3002 5205 3411 5259 unanimitatem

1855 5295 2111 5347 munitam
2160 5296 2423 5360 volumus.
2468 5297 2812 5369 Gregorium,
2851 5299 2941 5367 qui
2992 5298 3189 5352 dicitur
3214 5304 3410 5364 prarter

1844 5384 1935 5452 jus
1990 5387 2175 5457 fasque
2210 5389 2277 5444 ab
2314 5390 2584 5446 btereticis
2628 5392 2934 5451 ordinatus.
2979 5398 3034 5444 et
3082 5391 3133 5440 in
3169 5399 3404 5439 vestram

1852 5480 2036 5533 urbem
2082 5480 2148 5533 ab
2182 5482 2286 5536 illis
2327 5484 2543 5549 missus,
2569 5485 2835 5538 universa
2865 5496 3034 5535 sacrae
3067 5478 3408 5550 synodijudi-

1850 5571 1933 5624 cio
1962 5574 2271 5627 damnatum
2300 5575 2711 5645 depositumque
2742 5572 2939 5637 fuisse;
2972 5570 3185 5626 tametsi
3217 5582 3405 5624 revera

252 5764 291 5831 (ί
301 5766 349 5849 ἶ.)
368 5767 501 5847 Βρς.
536 5767 937 5849 ἀτιιιιδύροιντοἈ
948 5768 1083 5849 Mos
1103 5772 1239 5849 idem
1298 5786 1415 5837 post
1440 5776 1548 5844 ’ἀνη
1557 5775 1753 5843 νέγκαμ

1907 5777 2062 5831 habet
2115 5776 2311 5841 τοίνυν,
2366 5790 2418 5830 et
2476 5775 2633 5845 paulo
2666 5786 2785 5849 post
2815 5772 3283 5837 θεοσεϐεστάτους,
3319 5769 3405 5825 ubi

187 5828 233 5884 in
259 5828 407 5892 editis
434 5828 485 5888 et
513 5828 742 5890 czuteris'
761 5843 879 5891 cod.
912 5828 1380 5903 θεοφιλεστάτους.

484 5934 757 5991 ΡΑτιιοι..
793 5933 907 5994 Gn.
940 5934 1135 5996 XXV.

1610 5999 1641 6007 ο

3064 5930 3126 5987 ll
