3978 6506
225 419 314 475 529

1283 415 1631 472 APOLOGIA
1667 416 1942 473 comma
1981 383 2310 474 ARIANOS.

3322 421 3429 477 350

225 535 445 604 τούμενοι
476 532 573 603 τὴν
603 533 737 604 πρὸς
775 534 994 598 τούτους
1036 536 1317 590 κοινωνίαν
1347 537 1592 608 ἀνάγκην
1627 533 1746 608 εἶχο·

1870 538 1958 594 nia
1987 537 2130 593 nulla
2157 536 2260 593 alia
2310 537 2375 592 de
2418 549 2581 591 causa
2609 551 2768 604 quam
2799 537 3168 593 abominandae
3197 537 3430 592 Ariano-

224 623 468 695 πυρᾶσθαι
516 623 622 695 (64)
671 626 893 680 τούτων.
947 610 1130 680 Talin
1165 627 1346 684 τοίνυν
1397 628 1762 700 συνορῶντες,

221 719 286 778 είς
328 716 498 768 στενὸν
526 713 665 786 εἶχον
692 717 759 770 τὰ
790 719 888 790 τῆς
916 720 1314 792 προαιρέσεως·
1342 719 1635 792 ᾐσχύνοντο
1667 722 1764 792 μὲν

218 810 308 878 γὰρ
345 808 617 879 ὁμολογεῖν
650 810 686 864 ἃ
717 812 1005 883 δεδράκασι
1046 811 1178 882 (65).
1218 813 1319 865 Διὰ
1359 813 1416 866 δὲ
1457 813 1518 867 τὸ
1562 813 1636 885 μὴ
1675 813 1763 866 δύ-

220 899 384 952 νασθαι
431 899 614 952 λοιπὸν
672 900 751 954 ἔτι
797 902 968 956 ταῦτα
1021 903 1389 972 κρύπτεσθαι,
1445 905 1763 975 ἀπήντησαν

218 990 284 1054 et;
315 990 404 1062 τὴν
447 992 668 1063 Σαρδῶν
721 995 893 1058 πόλιν,
943 995 1028 1048 ἵνα
1070 996 1158 1048 διὰ
1202 997 1300 1066 τῆς
1347 995 1581 1065 ἀφίξεως
1633 997 1763 1050 ὑπό-

218 1099 340 1135 νοιαν
366 1083 436 1145 ὡς
466 1086 540 1154 μὴ
575 1087 1064 1156 πλημμελήσαντες
1103 1089 1326 1154 δόξωσιν
1366 1090 1758 1162 ἀποφέρεσθαι.

226 1171 417 1235 Ἰδόντες
458 1173 512 1226 δὲ
538 1176 664 1239 τοὺς
704 1179 832 1246 παρ’
872 1178 1051 1231 αὐτῶν
1089 1181 1623 1252 συκοφαντηθέντας,
1667 1183 1760 1234 καὶ

215 1264 318 1325 τοὺς
357 1265 478 1335 παρ’
508 1266 690 1320 αὐτῶν
723 1268 1020 1332 παθόντας,
1063 1273 1189 1334 τοὺς
1234 1273 1591 1344 κατηγόρους,
1637 1275 1761 1337 τοὺς

214 1352 434 1422 ἐλέγχους
475 1356 580 1426 πρὸ
623 1357 916 1427 ὀφθαλμῶν
962 1360 1203 1431 ἔχοντες,
1247 1362 1418 1416 ἐλθεῖν
1462 1365 1562 1417 οὐκ
1605 1363 1759 1417 ἐϐού-

212 1447 336 1499 λοντο
386 1447 675 1518 κληθέντες
738 1451 883 1521 (66),
921 1455 1100 1507 καίτοι
1165 1455 1272 1507 τῶν
1330 1455 1758 1528 συλλειτουργῶν

212 1536 342 1605 ἡμῶν
381 1537 720 1606 Ἀθανασίου,
768 1544 863 1595 καὶ
913 1544 1252 1615 Μαρκέλλου,
1303 1546 1396 1600 καὶ
1443 1546 1754 1616 Ἀσκληπᾶ,

212 1629 347 1700 πολλῇ
385 1634 448 1701 τῇ
495 1634 780 1705 παρρησίᾳ
813 1636 1129 1707 χρωμένων,
1175 1638 1614 1710 ἀποδυρομένων,
1663 1642 1757 1692 καὶ

209 1723 559 1792 ἐπικειμένων,
619 1726 713 1778 καὶ
748 1728 1200 1799 προκαλουμένων
1249 1729 1359 1801 (67)
1405 1731 1621 1794 αὐτοὺς,
1665 1732 1756 1784 καὶ

207 1815 667 1886 ἐπαγγελλομένων
692 1818 765 1889 μὴ
803 1820 958 1890 μόνον
985 1821 1223 1892 ἐλέγχειν
1251 1822 1348 1893 τὴν
1375 1823 1753 1892 συκοφαντίαν,

1865 643 1982 682 rum
2009 627 2284 684 haereseos
2317 626 2523 698 gratia;
2559 627 2650 695 qui
2683 625 2824 680 enim
2864 640 3049 680 eorum
3086 627 3428 682 communio-

1865 734 1986 772 nem
2018 720 2335 774 recusabant
2353 719 2467 774 hmc
2486 717 2715 787 experiri
2743 719 2915 774 coacti
2943 728 3086 773 sunt.
3114 715 3239 774 Haec
3263 719 3432 786 igitur

1865 809 1988 862 dum
2016 811 2520 876 animadverterent,
2542 809 2669 878 quid
2693 808 2897 862 consilii
2925 817 3181 877 caperent
3209 809 3425 878 ignora-

1863 899 2027 965 bant;
2086 900 2474 954 erubescebant
2525 901 2669 953 enim
2730 897 2970 953 facinora
3016 898 3259 953 confiteri
3303 913 3423 953 sua.

1863 993 2014 1060 Quod
2044 1003 2220 1046 autem
2269 993 2383 1047 haec
2413 991 2550 1046 ultra
2587 991 2753 1045 latere
2807 1006 2912 1045 non
2947 990 3208 1056 valerent,
3239 988 3426 1043 Sardi-

1863 1099 1980 1137 cam
2014 1092 2289 1146 venerant,
2327 1093 2383 1137 ut
2416 1085 2644 1140 adventu
2679 1097 2776 1137 suo
2807 1081 3165 1152 suspicionem
3195 1079 3426 1151 ﬂagitio-

1863 1191 1978 1231 rum
2031 1175 2208 1230 levare
2229 1175 2554 1228 viderentur.
2581 1175 2651 1229 At
2682 1174 2769 1229 ubi
2810 1189 2903 1228 eos
2937 1187 3071 1242 quos
3107 1172 3189 1226 vel
3220 1173 3422 1227 calum-

1864 1266 1965 1319 niis
1999 1264 2082 1320 vel
2107 1264 2504 1319 calamitatibus
2523 1261 2842 1330 aﬂliserant,
2864 1272 3205 1318 accusatores
3231 1263 3424 1316 debitis

1861 1356 2198 1411 documentis
2226 1357 2516 1410 instructos
2543 1368 2914 1425 conspexere;
2953 1354 3126 1410 vocati
3174 1353 3323 1417 licet,
3365 1364 3443 1407 se‘

1861 1452 2049 1505 sistere
2066 1450 2351 1505 noluerunt
2375 1465 2390 1514 ;
2415 1448 2660 1517 quamvis
2677 1447 3031 1503 comministri
3055 1446 3223 1502 nostri
3250 1446 3420 1501 Atha-

1861 1543 2068 1604 nasius,
2095 1540 2384 1596 Marcellus
2414 1549 2470 1594 et
2522 1538 2801 1610 Asclepas,
2837 1553 3029 1608 magna
3074 1553 3196 1593 cum
3229 1537 3422 1592 fiducia

1860 1643 2343 1704 conquererentur,
2377 1632 2659 1697 instarent,
2694 1637 3052 1700 provocarent
3102 1636 3157 1684 et
3197 1627 3420 1698 pollice-

1860 1733 2046 1778 rentur
2077 1739 2136 1778 se
2163 1738 2266 1778 non
2296 1723 2467 1778 solum
2495 1721 2901 1794 sycophantiam
2947 1718 3293 1785 refutaturos,
3328 1717 3420 1773 sed

1858 1816 2020 1868 etiam
2073 1823 2386 1870 ostensuros
2419 1823 2618 1884 quanta
2671 1813 2744 1866 illi
2799 1811 3002 1867 scelera
3025 1817 3424 1882 perpetrassent

207 1903 316 1957 ἀλλὰ
360 1906 450 1958 κα)⁸
501 1907 780 1961 δεικνύναι
824 1909 922 1962 ὅσα
957 1911 1095 1963 κατὰ
1139 1910 1247 1964 τῶν
1274 1912 1612 1984 Ἐκκλησιῶν
1653 1915 1746 1967 αύ-

1859 1907 2115 1960 adversus
2147 1883 2595 1960 Ecclesiassuas.
2651 1905 2720 1957 At
2753 1903 2829 1958 illi
2883 1911 3029 1956 tanto
3079 1899 3423 1956 conscientia

205 1995 292 2047 τῶν
329 1997 760 2070 ἐπλημμέλησαν
800 2000 928 2069 (68).
968 2003 1030 2055 Ol
1072 2002 1128 2056 δὲ
1180 2004 1415 2074 τοσούτῳ
1462 2005 1610 2075 φόϐῳ
1659 2005 1753 2058 τοῦ

208 2091 466 2155 συνειδότος
519 2094 950 2165 κατεσχέθησαν,
1007 2096 1082 2159 ὡς
1138 2101 1327 2166 φυγεῖν
1382 2099 1611 2162 αὐτοὺς,
1663 2099 1756 2152 καὶ

204 2178 274 2232 διὰ
317 2181 410 2250 τῆς
464 2184 653 2254 φυγῆς
698 2186 796 2255 τὴν
861 2189 1222 2256 συκοφαντίαν
1277 2189 1454 2243 αὐτῶν
1505 2190 1752 2258 ἐλέγξαι,

205 2271 277 2322 καὶ
312 2270 445 2342 ἆπερ
482 2273 942 2346 ἐπλημμέλησαν,
973 2277 1060 2330 διὰ
1095 2277 1187 2330 τὸν
1212 2278 1452 2350 δρασμὸν
1494 2279 1756 2350 ὁμολογῆ-

205 2377 275 2414 σαι
318 2362 439 2432 (69).

255 2452 331 2506 46.
369 2455 428 2507 El
469 2457 568 2508 καὶ
604 2455 675 2508 τά
734 2457 968 2526 μάλιστα
1023 2460 1198 2512 τοίνυν
1245 2460 1304 2513 ού
1342 2461 1500 2532 μόνον
1550 2464 1612 2516 ἐκ
1645 2463 1753 2516 τῶν

202 2545 461 2615 προτέρων,
486 2546 632 2600 ἀλλὰ
660 2549 753 2601 καὶ
785 2549 848 2601 ἐκ
874 2551 1096 2616 τούτων,
1135 2551 1314 2604 αὐτῶν
1347 2554 1378 2623 ἡ
1415 2555 1754 2626 κακοτροπία

199 2635 437 2692 δείκνυται
487 2640 587 2693 καὶ
630 2642 994 2709 συκοφαντία,
1043 2645 1191 2713 ὅμως
1230 2644 1313 2697 ἵνα
1366 2646 1498 2717 μηδὲ
1546 2647 1609 2700 ἐκ
1654 2649 1753 2719 τῆς

202 2730 346 2800 φυγῆς
377 2733 656 2803 πρόφασίν
685 2750 806 2786 τινα
839 2734 1029 2806 ἐτέρας
1063 2736 1397 2806 κακουργίας
1429 2737 1750 2808 πορίσασθαι

197 2819 480 2888 δυνηθῶσιν,
509 2824 874 2894 ἐσκεψάμεθα
902 2824 1043 2878 κατὰ
1070 2827 1160 2879 τὸν
1187 2827 1282 2896 τῆς
1315 2827 1571 2898 ἀληθείας
1597 2827 1752 2896 λόγον

200 2910 250 2966 τὰ
276 2918 391 2987 παρ’
440 2916 675 2969 ἐκείνων
728 2917 1278 2990 δραματουργηθέντα
1332 2919 1615 2984 ἐξετάσαι·
1659 2922 1751 2974 καὶ

195 3003 322 3059 τοῦτο
358 3006 726 3079 προθέμενοι,
764 3008 994 3080 εὕρομεν
1024 3011 1216 3074 αὐτοὺς
1247 3011 1338 3064 καὶ
1382 3013 1445 3064 ἐκ
1475 3012 1582 3064 τῶν
1613 3029 1752 3083 πρα-

194 3095 394 3164 χθέντων
421 3101 795 3170 συκοφάντας,
829 3103 920 3155 καὶ
965 3103 1127 3173 μηδὲν
1167 3103 1350 3174 ἓτερον
1393 3105 1423 3175 ἢ
1462 3104 1750 3175 ἐπιϐουλὴν

1859 2008 2066 2052 terrore
2119 1999 2352 2066 correpti
2380 2004 2529 2059 sunt,
2574 2003 2632 2048 ut
2683 1993 2862 2062 fugam
2903 1991 3161 2057 facerent,
3213 1998 3268 2045 et
3296 1988 3419 2060 fuga

1855 2087 2181 2143 calumniam
2209 2101 2359 2142 suam
2388 2086 2694 2156 proderent,
2714 2099 2778 2139 ac
2802 2083 3004 2140 scelera
3036 2097 3130 2138 sua
3169 2081 3420 2152 fugiendo

1856 2181 2172 2235 faterentur.

1926 2451 2013 2511 46.
2040 2453 2205 2511 Porro
2230 2453 2476 2523 quamvis
2499 2465 2686 2507 eorum
2704 2448 3020 2520 improbitas
3045 2456 3099 2502 et
3121 2445 3420 2519 sycophan-

1856 2555 1925 2608 tia
1966 2567 2068 2607 non
2100 2553 2257 2607 modo
2283 2565 2347 2605 ex
2371 2548 2662 2619 prioribus,
2716 2545 2807 2601 sed
2857 2559 2923 2600 ex
2955 2543 3073 2598 istis
3103 2554 3315 2612 quoque
3347 2541 3418 2594 sit

1854 2643 2130 2714 explorata
2157 2658 2172 2708 ;
2203 2650 2464 2705 attamen,
2497 2651 2564 2692 ne
2599 2651 2664 2692 ex
2697 2635 2818 2707 fuga
2853 2649 2946 2688 sua
2979 2633 3098 2688 novi
3133 2629 3414 2702 cujusdam

1852 2737 1960 2792 doli
1989 2736 2325 2791 occasionem
2379 2739 2598 2798 captare
2623 2728 2866 2793 valeant,
2905 2727 3078 2782 visum
3107 2723 3209 2778 fuit
3257 2723 3414 2778 nobis

1854 2829 2092 2899 improba
2116 2842 2299 2883 eorum
2320 2825 2558 2880 facinora
2586 2823 2735 2892 juxta
2772 2818 3018 2874 veritatis
3049 2830 3292 2872 normam
3317 2814 3422 2868 dis-

1852 2920 2086 2988 quirere.
2134 2916 2211 2970 Re
2247 2917 2325 2971 sic
2370 2912 2662 2984 proposita,
2714 2909 2874 2980 130
2912 2924 3006 2964 eos
3035 2923 3100 2962 ex
3129 2908 3241 2961 suis
3270 2905 3411 2959 actis

1851 3011 2213 3082 sycophantas
2239 3020 2375 3070 esse,
2409 3014 2463 3059 et
2492 3017 2675 3058 revera
2707 3001 2927 3056 insidias
2948 3000 3230 3051 adversum
3259 3008 3408 3049 com-

1851 3102 2128 3156 ministros
2169 3107 2380 3153 nostros
2437 3093 2697 3148 struxisse
2741 3087 3208 3160 deprehendimus.
3251 3085 3412 3139 Arse-

195 3190 308 3242 κατὰ
330 3192 430 3245 τῶν
467 3193 905 3264 συλλειτουργῶν
936 3194 1090 3265 ἡμῶν
1125 3195 1517 3264 πεποιηκόταςο
1547 3195 1604 3247 ὃν
1639 3196 1746 3268 γὰρ

1851 3192 1972 3247 nius
2005 3191 2171 3254 enim,
2229 3201 2385 3256 quem
2425 3185 2492 3238 ab
2533 3180 2832 3237 Athanasio
2879 3188 3131 3233 necatum
3175 3177 3412 3238 aiebant,

193 3277 344 3349 ελεγον
397 3284 558 3354 παρὰ
634 3283 948 3337 ’Λθανασίου
1011 3283 1372 3354 πεφονεῦσθαι
1438 3287 1735 3357 Ἀρσένιον,

188 3364 313 3434 οὗτος
336 3373 419 3444 ζῇ,
448 3374 555 3427 καὶ
583 3375 643 3425 ἐν
674 3377 784 3436 τοῖς
815 3371 977 3436 ζῶσιν
1010 3373 1334 3438 ἐξετάζεται.
1376 3377 1504 3430 Ἀπὸ
1530 3376 1585 3429 δέ
1619 3377 1742 3429 τού-

192 3473 263 3511 του
298 3462 401 3532 (70)
436 3464 541 3516 καὶ
574 3461 647 3515 τὰ
680 3463 808 3532 περὶ
840 3462 945 3515 τῶν
980 3463 1153 3517 ἄλλων
1200 3464 1560 3536 θρυλληθέντα
1608 3467 1738 3536 παρ’

193 3552 338 3608 αὐτῶν
374 3556 635 3626 φαίνεται
679 3555 989 3627 πλάσματα.
1027 3557 1242 3629 Ἐπειδὴ
1280 3559 1335 3612 δὲ
1368 3561 1458 3612 καὶ
1487 3560 1610 3630 περὶ
1646 3577 1739 3613 πο-

190 3644 344 3713 τηρίου
396 3649 719 3719 ἐθρύλλουν,
761 3648 836 3712 ὼς
883 3649 1204 3714 κλασθέντος
1250 3654 1400 3722 παρά
1450 3653 1736 3725 Μακαρίου

188 3731 263 3784 τοῦ
304 3738 684 3810 πρεσϐυτέρου
739 3738 1076 3802 Ἀθανασίου,
1126 3740 1512 3813 ἐμαρτύρησαν
1557 3742 1654 3813 μὲν
1689 3745 1737 3796 οἱ

191 3829 597 3899 παραγενόμενοι
643 3829 752 3882 ἀπὸ
781 3830 878 3900 τῆς
915 3830 1337 3904 Ἀλεξανδρείας,
1386 3836 1479 3888 καὶ
1510 3834 1740 3907 Μαρεώ-

189 3929 261 3967 του
288 3920 377 3971 tui.
405 3920 521 3972 τῶν
570 3920 774 3972 λοιπῶν
813 3922 990 3973 τόπων
1036 3922 1167 3993 (71),
1212 3924 1291 3976 ὅτι
1342 3925 1506 3994 μηδὲν
1534 3926 1738 3979 τούτων

191 4004 509 4078 πέπρακται·
548 4011 647 4064 καὶ
696 4012 745 4063 οἱ
788 4013 1158 4066 ἐπίσκοποιδέ
1203 4016 1502 4086 γράφοντες
1540 4019 1589 4070 oi
1633 4017 1739 4070 ἀπὸ

187 4094 267 4164 τῆς
291 4102 568 4170 Αἰγύπτου
610 4102 749 4172 πρὸς
789 4103 998 4156 Ἰούλιον
1025 4105 1114 4158 τὸν
1141 4106 1543 4178 συλλειτουργὸν
1583 4109 1740 4179 ἡμῶν

190 4186 361 4254 ἱκανῶς
404 4191 817 4245 διεϐεϐαιοῦντο
862 4195 993 4264 μηδέ
1026 4195 1278 4248 ὑπόνοιαν
1323 4197 1458 4260 ὅλως
1486 4197 1740 4270 τοιαύτην

188 4277 282 4332 ἐκεῖ
321 4283 676 4354 γεγενῆσθαι.
711 4284 914 4348 ’Ἄλλως
945 4303 1002 4338 τε
1027 4286 1062 4339 ἃ
1093 4286 1342 4355 λέγουσιν
1375 4290 1740 4360 ὑπομνήματα

188 4369 304 4442 ἔχειν
329 4379 450 4432 κατ’
493 4378 659 4431 αὑτοῦ
692 4380 831 4432 κατά
864 4380 1213 4452 μονομέρειαν
1262 4382 1556 4453 συνέστηκε
1585 4400 1741 4452 γεγε-

187 4462 381 4534 νῆσθαιο
411 4468 514 4522 καὶ
546 4470 696 4538 ὅμως
736 4469 828 4520 καὶ
856 4472 910 4521 ἐν
943 4472 1054 4532 τοῖς
1098 4471 1450 4542 ὑπομνήμασι
1497 4471 1702 4534 τούτοις
1724 4513 1737 4536 ,

1841 3283 2134 3342 etiamnum
2171 3286 2443 3347 superstes
2465 3284 2548 3331 est
2577 3283 2632 3329 et
2673 3273 2815 3327 inter
2847 3270 2998 3323 vivos
3021 3275 3364 3323 ‘numeratur
3393 3281 3407 3316 :

1842 3374 2078 3441 hincque
2107 3383 2168 3422 ea
2195 3367 2359 3421 etiam
2389 3379 2507 3433 quae
2527 3365 2592 3419 de
2609 3361 2731 3416 aliis
2753 3366 3068 3430 sparserunt
3095 3356 3261 3426 liquet
3293 3367 3415 3408 esse

1840 3462 2086 3518 conficta.
2108 3457 2544 3527 Quandoquidem
2563 3463 2741 3508 autem
2760 3450 2834 3505 illi
2859 3451 2925 3505 de
2944 3449 3108 3506 calice
3129 3463 3159 3502 a
3181 3445 3414 3501 Macario

1840 3553 2152 3624 presbytero
2191 3548 2470 3604 Athanasii
2514 3545 2790 3602 confracto
2838 3539 3279 3605 insusurrahant;
3321 3537 3412 3608 qui

1838 3643 2157 3699 Alexandria
2171 3649 2223 3696 et
2239 3655 2302 3696 ex
2320 3639 2575 3705 Mareme,
2590 3652 2791 3692 necnon
2809 3651 2871 3692 ex
2891 3634 3010 3689 aliis
3026 3633 3156 3688 locis
3173 3631 3276 3686 huc
3291 3645 3417 3690 con.

1839 3743 2132 3801 cesserant,
2158 3734 2335 3789 testati
2353 3739 2474 3786 sunt
2497 3727 2903 3800 nihilejusmodi
2921 3725 3266 3781 commissum
3289 3723 3415 3776 fuis-

1841 3844 1918 3885 se.
1935 3828 2040 3881 lmo
2055 3825 2288 3897 episcopi
2310 3821 2544 3895 Egyptii
2563 3823 2756 3877 litteris
2772 3821 2882 3876 suis
2898 3818 2961 3874 ad
2973 3818 3170 3874 Julium
3189 3815 3414 3871 commi-

1841 3921 2067 3974 nistrum
2093 3928 2331 3971 nostrum
2359 3915 2718 3969 testimonium
2740 3913 2939 3975 ferunt,
2964 3925 3030 3966 ne
3053 3907 3410 3978 suspicionem

1841 4012 2053 4082 quidem
2072 4007 2230 4077 hujus
2254 4009 2328 4063 rei
2354 4008 2423 4062 ibi
2449 4007 2744 4062 exstitisse.
2775 4005 2940 4060 Porro
2960 4018 3025 4058 ea
3045 4017 3162 4072 qum
3189 4016 3250 4056 se
3283 4013 3414 4055 con-

1845 4113 1924 4156 tra
1960 4102 2104 4156 illum
2137 4101 2339 4155 habere
2366 4099 2551 4153 dicunt
2580 4105 2925 4152 monumenta
2945 4136 2960 4160 ,
2997 4100 3212 4149 constat
3238 4091 3407 4144 altera

1841 4194 2011 4248 solum
2047 4201 2196 4262 parte
2223 4200 2488 4261 praesente
2515 4190 2677 4244 fuisse
2705 4189 2847 4244 edita
2882 4203 2897 4240 :
2933 4197 2992 4243 et.
3019 4185 3214 4256 alioqui
3241 4185 3293 4238 in
3325 4183 3409 4237 his

1845 4283 2202 4338 momnnentis
2240 4281 2551 4344 eliiciendis,
2587 4267 2787 4334 ethnici
2818 4283 2885 4348 fet
2919 4272 3292 4331 catechumeni
3323 4274 3409 4326 in-

1847 4375 2102 4444 terrogati
2154 4373 2325 4428 fuere.
2388 4371 2618 4436 Quidam
2657 4381 2832 4425 autem
2889 4385 2953 4423 ex
3006 4365 3407 4423 catechumenis

1845 4467 1970 4530 illis,
2001 4466 2380 4534 interrogatus,
2408 4463 2585 4517 aiebat
2615 4477 2672 4516 se
2700 4462 2840 4516 intus
2868 4459 3031 4514 fuisse
3062 4456 3274 4529 quando
3300 4454 3406 4508 Ma.

185 4554 358 4612 ἐθνικοὶ
394 4560 494 4615 καὶ
523 4560 918 4630 κατηχούμενοι
961 4562 1278 4635 ἡρωτῶντοο
1310 4563 1366 4629 ἐξ
1401 4556 1474 4616 ὧν
1500 4558 1578 4625 εἷς
1611 4579 1741 4614 κατ-

1850 4557 2026 4609 carius
2055 4555 2105 4608 iu
2156 4570 2277 4608 eum
2309 4555 2480 4607 locum
2514 4569 2570 4607 se
2601 4552 2816 4606 immisit
2857 4568 2871 4603 :
2909 4550 3045 4604 alius
3084 4551 3208 4604 item
3237 4547 3408 4600 inter-

186 4649 458 4721 ηχούμενος
487 4650 839 4722 ἐρωτώμενος
863 4651 1096 4721 ἔφασκεν
1117 4653 1260 4707 ἔνδον
1286 4649 1444 4719 εἶναι,
1468 4655 1553 4706 ὅτε
1576 4656 1604 4706 ὁ
1620 4653 1728 4723 (72)

377 4872 538 4944 Begu
574 4872 886 4944 πειρᾶσθαι.
916 4869 1053 4924 Editi
1077 4869 1624 4944 v_ero,_n§:pa_a0ﬁvat.

240 4939 354 5011 (6.3),
378 4937 565 4995 Tlieod
598 4983 614 5007 ,
652 4937 1023 5011 αἰσχυνόμενοι
1057 4939 1164 5011 γὰρ
1209 4941 1244 4994 δι
1276 4937 1586 5010 δεδράκασι,
1649 4937 1735 4991 διὰ

179 5003 231 5079 Ὲὺ
251 5003 318 5079 μὴ
339 5003 889 5076 δύνασθαίέτιίίὶειςξ
930 5003 1254 5073 λοιπὸνέτι,
1303 5003 1554 5062 ἰηόιιὶιὶυ
1609 5023 1735 5079 vero

179 5071 428 5195 ilgzst.
455 5083 574 5136 Mox
604 5084 766 5146 idem,
799 5071 878 5143 είς
911 5079 1006 5150 τὴν
1027 5071 1292 5150 Σάρδεων.
1333 5079 1487 5148 Reg,
1521 5080 1598 5140 εἰς
1640 5077 1734 5148 τὴν

215 5161 388 5213 εροων.

379 5221 612 5296 Tlteod.,
654 5221 915 5296 εἰσελθεῖν
942 5221 1043 5272 οὐκ
1093 5219 1354 5296 ᾒδύναντο
1413 5217 1724 5291 κληθέντες.

179 5278 422 5358 Similiter
445 5278 682 5346 Hilarius
709 5309 722 5344 :
756 5293 924 5344 venire
951 5278 1244 5343 vocati-non
1264 5278 1559 5358 potuerunt.

383 5360 614 5438 Ilieodz,
644 5360 1152 5438 προσκαλουμένων.

259 5426 342 5498 68)
384 5426 799 5500 Ἐκοινὼνησαν.
824 5432 912 5485 Sic
931 5426 1115 5484 omnes
1138 5443 1259 5500 cum
1304 5431 1405 5500 ed.
1425 5439 1532 5480 tum
1573 5443 1722 5492 mss,

177 5497 256 5542 ἰω
291 5497 506 5568 prmstat
558 5497 882 5555 Theodoreti
936 5501 1093 5553 lectio
1137 5497 1584 5568 ἐπλημμέλησαν,
1610 5500 1726 5566 qui-

176 5572 289 5636 cum
313 5565 544 5636 Hilarius
571 5571 957 5622 commiserant.

242 5635 350 5708 (βυ)
375 5635 600 5703 'l‘lieod.,
618 5639 706 5691 διὰ
727 5639 834 5691 τῶν
856 5637 1132 5708 δρασμῶν.

235 5704 358 5778 (70),
384 5709 512 5762 Ἀπὸ
534 5707 602 5761 δὲ
628 5709 863 5762 τούτου.
886 5704 975 5762 Sic
994 5704 1122 5778 Reg.
1145 5717 1198 5778 et
1220 5707 1420 5762 Theod.
1446 5709 1581 5762 Editi
1602 5721 1727 5761 vero

175 5775 297 5842 Περὶ
319 5777 378 5857 δέ
403 5779 613 5858 τούτου..
646 5779 761 5858 Mc}
793 5775 1127 5858 θρυληθέντα
1154 5777 1290 5858 Reg.
1334 5778 1400 5830 de
1433 5794 1724 5858 tuor-ecum

174 5859 323 5898 unico
355 5845 405 5912 λ,
433 5860 485 5903 ct
518 5848 660 5904 infra
689 5845 969 5919 ἐθρύλουν.
1011 5847 1073 5902 Et
1108 5857 1229 5916 post
1250 5845 1368 5902 lucc
1402 5846 1724 5908 κλασθέντος

1841 4658 2056 4717 rogatus
2077 4648 2281 4702 dicebat
2310 4646 2573 4716 lschyram
2623 4644 2768 4697 illum
2822 4644 2888 4698 ab
2916 4644 3042 4712 ipsis
3067 4643 3403 4695 decantatum

1840 4867 1971 4933 Reg.
2004 4879 2058 4921 et
2088 4867 2286 4922 Tlieod.
2328 4865 2542 4920 Atediti
2581 4863 2916 4927 θλασθέντος.

1913 4928 2019 5007 (71)
2047 4938 2178 5005 Reg.
2208 4947 2260 5007 et
2289 4939 2419 4990 edit.
2447 4935 2744 5007 aCmnmel”
2772 4934 2865 5007 xui.
2890 4931 2999 4986 τῶν
3027 4931 3226 5007 τόπων,
3257 4928 3401 5007 Edil.

1841 4999 2040 5070 Parim,
2057 4999 2155 5061 καῖ
2176 5006 2282 5060 τῶν
2307 5005 2508 5059 λοιπῶν
2527 4999 2804 5066 τόπων,ει
2823 5004 2902 5058 sic
2926 5013 3134 5057 veteres
3163 4999 3406 5056 Theodo-

1841 5079 1938 5132 reti
1979 5080 2262 5141 editiones,
2301 5078 2441 5131 uude
2483 5077 2597 5130 hate
2630 5075 2791 5130 lectio
2835 5075 3115 5141 desumpta
3167 5070 3399 5141 videtur.

1841 5147 1984 5201 Nova
2015 5138 2332 5202 Theodoreti
2357 5146 2544 5209 editio,
2571 5144 2791 5200 καὶτῶν
2816 5144 2990 5198 ἄλλων
3013 5138 3213 5196 τόπων.
3233 5138 3400 5193 Paulo

1842 5226 1959 5286 post
1995 5217 2198 5272 Theod.
2239 5215 2565 5287 γράψαντες.
2632 5215 2792 5287 Infra_
2830 5213 3034 5287 Theod.
3060 5210 3292 5287 "Nam;
3339 5223 3399 5258 τε

1831 5279 2076 5357 λέγουσιν
2111 5279 2650 5358 ὑπομνήματαέχειν
2678 5285 2797 5358 κατῖ
2823 5282 3017 5358 αὐτοῦ,
3057 5281 3092 5334 ἃ
3131 5279 3270 5333 κατὰ
3307 5293 3399 5348 μο-

1831 5355 2119 5429 νομέρειαν
2149 5355 2345 5428 συνέϐη
2379 5355 2728 5429 γεγενῆσθαι.
2760 5355 2995 5429 Hilarius
3023 5366 3149 5404 vero
3180 5361 3398 5429 propius

1833 5424 1907 5481 ad
1928 5424 2205 5481 Athanasii
2244 5424 2524 5481 lectiotietn
2559 5424 2766 5479 accedit
2795 5440 2808 5474 :
2840 5424 3030 5477 Dicunt
3061 5428 3233 5471 autent
3277 5426 3396 5469 acia

1833 5500 1992 5551 etiam
2024 5514 2078 5552 se
2100 5501 2289 5551 habere
2313 5501 2561 5551 adversus
2600 5496 2765 5563 ipsum
2791 5509 2810 5545 :
2840 5506 2954 5557 (μιαν
2982 5488 3165 5563 habent
3194 5494 3392 5563 utilem,

1833 5569 2041 5621 absente
2065 5579 2214 5635 parte
2238 5569 2406 5619 altera
2447 5553 2654 5635 constat
2693 5553 2861 5630 fuisse
2881 5559 3133 5626 confecta.
3193 5553 3394 5609 Ibidem

1835 5637 1965 5707 Reg.
1991 5632 2134 5690 κατὰ
2168 5637 2495 5707 μονομερίαν
2534 5632 2784 5707 συνέστη.

1928 5692 2014 5775 72)
2041 5692 2180 5762 Αιί.’
2208 5710 2236 5758 ὁ
2277 5692 2426 5775 (lce'st
2457 5706 2506 5775 in
2546 5704 2675 5775 Reg.
2731 5692 2787 5752 et
2850 5697 3052 5755 Tltcotl.
3080 5692 3246 5752 Paulo
3273 5701 3392 5768 post

1835 5769 1962 5832 edit.
1995 5769 2204 5832 Comm.
2246 5786 2295 5831 et
2323 5774 2451 5844 Reg.
2479 5769 2880 5844 θρυλούμενον..
