3978 6506
526 400 642 455 331‘

1092 404 1149 458 s.
1190 380 1561 461 ATHANASll
1602 406 1753 463 opp.
1794 406 1974 462 rans
2010 410 2050 463 ι.

2196 405 2567 462 HISTORICA
2610 406 2698 461 ΕΤ
2736 403 3174 461 ΒΟΟΜΑΤΙΟΔν

3662 403 3767 459 332

532 528 658 571 tunc
682 527 940 586 aegrotum
972 519 1026 574 in
1066 520 1259 576 cellula
1294 522 1648 584 decubuisse”;
1692 524 1762 577 ita
1792 534 1850 578 ut
1878 526 1999 579 hinc
2029 525 2076 577 li-

2198 525 2483 595 Μακάριος
2525 524 2725 594 ἐπέστη
2761 524 2837 593 τῷ
2867 524 3041 592 τόπῳ·
3070 522 3166 577 καὶ
3209 521 3392 593 ἔτερος
3420 519 3767 591 ἐρωτώμενος

526 606 691 671 qnido
719 616 930 662 constet
960 609 1097 662 nihil
1135 612 1356 666 omnino
1386 612 1767 682 mysteriorum
1795 621 1924 667 tunc
1952 614 2095 668 cele-

525 691 737 744 bratum
786 694 974 761 fuisse,
1009 712 1130 751 cum
1191 701 1562 754 cateclmmeni
1614 701 1758 756 intus
1792 713 1996 764 essent.
2042 714 2097 756 ct

525 779 772 850 lschyras
804 797 907 838 non
943 786 1176 849 adesset,
1206 792 1297 841 sed
1323 804 1464 857 mger
1484 790 1851 847 decumberet.
1876 793 2011 858 Quin
2043 803 2097 847 ct

477 883 493 895 '
523 871 638 937 ipse
667 874 1119 932 sceleratissimus
1170 878 1436 950 lschyras,
1476 882 1565 949 qui
1604 884 1860 938 mentitus
1921 885 2093 937 fuerat

521 962 745 1019 dicendo
774 966 1129 1022 Athanasium
1155 984 1365 1023 sacrum
1399 974 1682 1039 quemdam
1719 974 1909 1027 librum
1941 989 2091 1028 com-

520 1053 778 1119 hussisse,
812 1067 866 1112 et
900 1074 963 1114 ea
1021 1063 1086 1115 de
1140 1078 1197 1115 re
1231 1063 1539 1117 convictum
1574 1065 1760 1130 fuisse,
1814 1066 2092 1121 confessus

520 1152 603 1197 est
633 1160 691 1198 se
716 1162 810 1214 per
835 1148 886 1201 id
918 1152 1176 1220 temporis
1199 1163 1489 1222 :egrotasse
1515 1164 1570 1209 et
1594 1156 1933 1220 decubuisse.
1968 1175 2089 1212 cum

520 1231 784 1289 Macarius
822 1238 1008 1301 adfuit,
1060 1251 1117 1294 ut
1149 1243 1231 1296 vel
1267 1244 1395 1299 hinc
1440 1262 1565 1300 vere
1613 1250 1945 1318 sycophanta
2000 1251 2087 1305 ille

516 1326 588 1377 sit
641 1326 939 1385 habendus.
974 1332 1130 1387 Certe
1186 1336 1238 1390 in
1280 1337 1440 1407 hujus
1472 1339 1757 1395 calumnia:
1786 1343 2086 1397 mercedem

518 1418 689 1488 ipsum
720 1420 996 1491 lschyram
1032 1428 1267 1498 episcopi
1319 1430 1536 1486 nomine
1570 1432 1863 1497 donarunt,
1898 1434 1987 1500 qui
2023 1451 2089 1487 ne

514 1510 796 1579 presbyter
839 1516 1055 1582 quidem
1091 1530 1227 1574 erat.
1285 1521 1400 1575 Duo
1453 1524 1596 1577 enim
1644 1526 1964 1595 presbyteri,
1997 1527 2086 1594 qui

515 1599 711 1656 Meletli
748 1610 1016 1673 quondam
1062 1626 1345 1681 sequaces,
1384 1616 1595 1670 demum
1622 1631 1650 1668 a
1692 1617 1862 1669 beata:
1891 1632 2087 1671 memo-

517 1692 611 1745 ri:e
667 1694 978 1753 Alexandro
1032 1702 1158 1755 olim
1213 1705 1553 1761 Alexandria:
1604 1709 1853 1777 episcopo
1887 1710 2082 1775 recepti

515 1790 662 1845 sunt,
693 1784 962 1855 iidemque
990 1798 1133 1845 nunc
1165 1807 1284 1846 cum
1320 1796 1616 1849 Athanasio
1644 1808 1948 1861 versantur,
1979 1798 2082 1851 huc

2198 614 2347 681 ἔλεγε
2422 616 2513 667 τὸν
2593 614 2982 685 θρυλλούμενον
3062 614 3186 683 παρ’
3260 611 3435 665 αὐτῶν
3521 611 3769 681 Ἱσχύραν

2196 704 2451 759 νοσοῦντα
2492 706 2610 757 τότε
2655 705 3008 758 κατακεῖσθαι
3050 706 3107 755 ἐν
3149 702 3370 771 κελλίῳ’
3396 701 3470 763 ὡς
3512 701 3621 753 ἀπὸ
3652 701 3770 754 τού⁴

2195 813 2287 847 του
2336 795 2617 864 φαίνεσθαι
2664 795 2903 865 μηδόλως
2955 793 3278 862 γεγενῆσθαί
3318 810 3370 844 τι
3402 791 3511 843 τῶν
3561 808 3771 862 μυστη-

2198 886 2349 956 ρίων,
2375 886 2463 937 διὰ
2490 886 2548 937 τὸ
2577 887 2702 947 τοὺς
2730 886 3165 953 κατηχουμένους
3190 883 3334 935 ἔνδον
3366 878 3523 944 εἶναι,
3557 884 3652 934 καὶ
3680 882 3767 935 τὸν

2208 978 2453 1049 Ἰσχύραν
2491 977 2563 1048 μὴ
2600 982 2873 1048 παρεῖναι,
2918 976 3052 1030 ἀλλὰ
3092 976 3347 1028 νοσοῦντα
3383 974 3763 1035 κατακεῖσθαι.

2194 1070 2301 1121 Καὶ
2338 1068 2443 1138 γὰρ
2486 1070 2576 1121 καὶ
2620 1069 2781 1131 αὐτὸς
2840 1068 2949 1136 (75)
2989 1070 3017 1120 6
3067 1068 3421 1137 παμπόνηρος
3479 1065 3765 1135 Ἰσχύρας,

2191 1160 2528 1230 ψευσάμενος
2568 1160 2659 1213 ἐπὶ
2688 1160 2763 1229 τῷ
2808 1161 3088 1228 εἰρηκέναι
3126 1160 3452 1211 κεκαυκέναι
3482 1158 3575 1209 τὸν
3618 1155 3768 1208 Ἀθα-

2193 1254 2373 1306 νάσιόν
2402 1271 2521 1304 τινα
2550 1252 2655 1304 τῶν
2686 1253 2843 1303 θείων
2873 1251 3088 1319 βιϐλίων
3118 1251 3210 1302 καὶ
3252 1248 3586 1317 διηλέγχθαι,
3622 1248 3769 1316 ὡμο-

2191 1345 2383 1415 λόγησε
2441 1345 2559 1397 κατ’
2619 1346 2792 1396 ἐκεῖνο
2844 1342 3036 1412 καιροῦ
3100 1344 3271 1393 νοσεῖν
3331 1343 3419 1393 ὅτε
3486 1340 3764 1410 Μακάριος

2191 1440 2390 1509 παρῆν,
2420 1438 2512 1488 καὶ
2542 1434 2915 1496 κατακεῖσθαι,
2944 1435 3020 1496 ὡς
3058 1434 3150 1486 καὶ
3179 1435 3242 1485 ὲκ
3268 1432 3453 1484 τούτου
3498 1431 3767 1497 συκοφάν-

2187 1548 2285 1599 την
2330 1530 2489 1581 αὐτὸν
2535 1526 2691 1581 εἶναι.
2752 1528 2966 1597 Ἀμέλει
3014 1528 3111 1596 τῆς
3156 1526 3520 1593 συκοφαντίας
3560 1524 3765 1593 ταύτης

2190 1621 2375 1690 μισθὸν
2397 1620 2544 1689 αὐτῴ
2566 1619 2641 1689 τῷ
2670 1619 2885 1688 Ἰσχύρᾳ
2907 1617 3199 1670 δεδώκασιν
3231 1617 3537 1685 ἐπισκοπῆς
3569 1617 3761 1684 ὄνομα,

2185 1710 2261 1779 τῷ
2321 1710 2451 1779 μηδέ
2505 1708 2859 1779 πρεσϐυτέρῳ
2921 1708 3259 1775 τυγχάνοντι.
3324 1707 3763 1774 Ἀπαντήσαντες

2185 1801 2292 1869 γὰρ
2328 1798 2419 1851 δύο
2464 1798 2816 1869 πρεσϐύτεροι
2860 1799 2955 1849 σὺν
2988 1796 3221 1864 Μελιτίῳ
3268 1795 3399 1847 ποτὲ
3444 1795 3757 1864 γενόμενοι,

516 1872 861 1931 advenientes
926 1882 1103 1933 testati
1156 1893 1281 1938 sunt
1346 1885 1493 1939 illum
1565 1903 1834 1957 nunquam
1888 1886 2076 1943 Meletii

2191 1890 2410 1959 ὕστερον
2446 1890 2500 1942 δὲ
2534 1890 2637 1941 ὑπὸ
2665 1889 2757 1943 τοῦ
2792 1888 3092 1959 μακαρίτου
3131 1886 3479 1957 Ἀλεξάνδρου
3525 1885 3622 1938 τοῦ
3671 1901 3761 1952 γε·

514 1966 883 2034 presbyterum
915 1969 1097 2034 fuisse,
1137 1989 1234 2028 nec
1263 1974 1529 2031 Meietium
1556 1978 1607 2030 in
1638 1978 1873 2033 Mareote
1903 1980 2078 2034 eccle-

514 2053 649 2106 siam
677 2056 757 2108 vel
796 2059 1098 2115 ministrum
1152 2080 1385 2133 unquam
1422 2067 1693 2124 habuisse.
1722 2070 2080 2126 Nihilominus

512 2157 632 2196 eum
662 2148 753 2216 qui
778 2153 1059 2223 presbyter
1088 2170 1189 2209 non
1222 2167 1361 2221 erat,
1394 2174 1535 2214 nunc
1569 2162 1721 2229 quasi
1770 2164 2077 2233 episcopum

510 2237 900 2307 produxerunt,
938 2254 993 2296 ut
1021 2247 1120 2300 hoc
1163 2249 1378 2302 nomine
1406 2251 1507 2316 usi,
1549 2267 1641 2319 per
1674 2255 2079 2322 syc0phantiam

506 2327 626 2395 ejus
663 2332 933 2389 auditores
964 2338 1274 2403 percellant.

2184 1982 2407 2051 νομένου
2432 1981 2728 2033 ἐπισκόπου
2766 1980 3161 2049 Ἀλεξανδρείας
3189 1978 3465 2049 δεχθέντες
3499 1977 3637 2048 (74),
3667 1976 3763 2031 καὶ

2184 2074 2277 2126 νῦν
2319 2075 2415 2126 σὺν
2449 2073 2747 2143 Ἀθανασίῳ
2772 2074 2942 2137 ὄντες,
2974 2072 3357 2144 ἐμαρτύρησαν
3399 2067 3760 2140 μηδεπώποτε

2183 2166 2371 2219 τοῦτον
2442 2166 2809 2235 πρεσϐύτερον
2872 2164 3117 2217 Μελιτίου
3190 2161 3561 2231 γεγενῆσθαι,
3626 2158 3762 2230 μηδὲ

2185 2256 2320 2319 ὅλως
2362 2258 2646 2326 ἐσχηκέναι
2671 2258 2917 2310 Μελίτιον
2958 2258 3034 2319 είς
3059 2257 3145 2308 τὸν
3187 2254 3488 2325 Μαρεώτην
3530 2251 3763 2322 Ἐκκλη-

2191 2348 2310 2399 σίαν
2338 2347 2369 2416 ἦ
2404 2348 2712 2417 λειτουργόν
2732 2364 2743 2375 ·
2787 2348 2875 2398 καὶ
2902 2348 3049 2415 ὅμως
3076 2346 3166 2399 τὸν
3209 2346 3341 2416 μηδὲ
3388 2344 3760 2415 πρεσϐύτερον

506 2423 839 2492 τυγχάνοντα
880 2428 975 2482 νῦν
1018 2431 1091 2493 ὡς
1132 2433 1425 2489 ἐπίσκοπον
1458 2436 1663 2505 ἤγαγον
1704 2438 1836 2510 (75),
1885 2440 1969 2491 ἵνα
2001 2438 2076 2509 τῷ
2112 2439 2332 2510 ὀνόματι
2395 2440 2567 2510 τούτῳ
2643 2439 2829 2502 δόξωσι
2871 2442 2935 2509 τῇ
2988 2440 3316 2508 συκοφαντία
3360 2436 3760 2489 καταπλήττειν

507 2514 633 2577 τοὺς
665 2516 975 2582 ἀκούοντας.

578 2605 666 2658 47.
698 2606 889 2661 Lectus
920 2620 1001 2664 cst
1048 2629 1260 2682 quoque
1312 2617 1449 2671 liber
1502 2620 1853 2675 comministri
1908 2623 2076 2676 nostri

510 2694 767 2760 Marcelli,
800 2710 853 2753 et
904 2705 1231 2771 deprehensa
1285 2718 1369 2762 est
1412 2709 1834 2767 Eusebiauorum
1898 2714 2075 2768 dolosa

507 2786 771 2843 vafritics.
807 2790 940 2845 Nam
976 2811 1095 2861 quae
1156 2813 1252 2865 per
1294 2800 1768 2871 interrogationem
1800 2802 2077 2860 Marcellus

509 2879 739 2945 dixerat,
771 2895 831 2936 ca
858 2888 1013 2952 quasi
1041 2902 1106 2939 ex
1140 2888 1381 2956 professo
1405 2891 1566 2956 dicta,
1592 2902 1718 2946 sunt
1743 2894 2075 2951 calumniati.

508 2968 687 3027 Lectis
715 2972 878 3044 igitur
921 2978 1369 3048 subsequentibus
1397 2997 1461 3036 ac
1494 2982 1559 3037 iis
1610 3000 1728 3053 qme
1764 2996 1888 3040 ante
1933 3002 2079 3056 qua:-

507 3062 712 3119 stiones
774 3066 894 3122 ilias
920 3070 1091 3137 posita
1128 3082 1305 3136 erant,
1369 3084 1509 3129 recta
1547 3076 1644 3129 viri
1697 3078 1827 3131 lides
1864 3079 2077 3133 inventa

506 3163 611 3211 est.
669 3155 851 3226 Neque
881 3162 1023 3214 enim
1080 3178 1143 3217 ex
1179 3173 1366 3219 sancta
1420 3165 1607 3234 Maria,
1644 3178 1699 3221 ut
1743 3169 1814 3223 illi
1849 3169 2077 3223 allirma-

507 3244 659 3309 bant,
684 3247 860 3303 Verbo
884 3251 976 3306 Dei
1032 3254 1242 3309 initium
1278 3258 1550 3312 tribuebat
1589 3282 1600 3314 :
1651 3278 1823 3329 neque
1856 3279 2075 3333 regnum

506 3337 625 3404 ejus
653 3340 810 3393 linem
848 3342 1195 3410 habiturum;
1237 3349 1331 3402 sed
1391 3365 1616 3418 regnum
1673 3352 1792 3420 ejus
1825 3354 1974 3409 initio
2023 3364 2077 3410 et

507 3427 613 3481 line
642 3444 826 3485 carere
858 3435 1170 3503 scripserat.
1211 3438 1468 3506 Asclepas
1497 3453 1673 3496 autem
1706 3446 2076 3500 comminister

506 3531 851 3576 monumenta
896 3526 1115 3591 prOtulit
1168 3530 1490 3599 Antiochiae,
1525 3536 1877 3599 pragsentibus
1913 3551 2074 3591 accu-

507 3612 799 3675 satoribus,
831 3624 884 3668 et
907 3615 1137 3674 Eusebio
1165 3618 1423 3675 Caesarea:
1452 3624 1705 3692 episcopo
1730 3626 1893 3689 edita,
1931 3637 1986 3682 et
2008 3643 2073 3682 ex

508 3707 785 3759 sententiis
802 3708 1177 3778 episcoporum
1201 3714 1289 3780 qui
1316 3729 1436 3768 eum
1466 3714 1802 3783 judicabant,
1827 3734 1884 3771 se
1914 3720 2070 3772 inno-

508 3802 715 3847 centem
741 3810 860 3850 esse
909 3798 1317 3854 demonstravit.
1358 3801 1473 3855 Non
1535 3804 1649 3856 sine
1679 3819 1839 3857 causa
1892 3806 2072 3875 igitur,

506 3884 838 3940 dilectissimi
879 3886 1099 3952 fratres,
1140 3892 1335 3959 saepius
1372 3895 1543 3947 vocati
1594 3910 1696 3948 non
1732 3895 2071 3964 obtempera-

504 3985 718 4039 verunt,
755 3980 847 4031 sed
878 3979 1001 4049 fuga
1033 3980 1135 4033 sibi
1170 3983 1571 4038 consuluerunt.
1600 3984 1731 4037 Nam
1766 3986 2073 4052 impellente

502 4069 853 4134 conscientia,
880 4086 936 4124 se
970 4087 1153 4131 revera
1180 4075 1475 4132 Calumnias
1505 4078 1762 4130 struxisse
1798 4078 1948 4146 131
1978 4094 2072 4132 au-

502 4157 756 4225 !ugiendo
796 4162 1207 4227 conﬁrmarunt,
1244 4165 1477 4234 hincque
1514 4168 1735 4238 contigit
1764 4180 1821 4221 ut
1855 4172 1918 4223 iis
1954 4188 2072 4239 qua:

502 4250 571 4303 ab
603 4265 787 4305 eorum
844 4258 1253 4311 accusatoribus
1302 4259 1658 4325 praesentibus
1697 4261 2070 4328 obiicerentur

500 4354 565 4393 ac
593 4341 1111 4410 demonstrarentur,
1148 4345 1279 4400 ﬁdes
1313 4348 1383 4401 sit
1430 4348 1632 4401 habita.
1666 4348 1783 4403 Jam
1813 4367 1939 4406 vero
1964 4370 2070 4408 su-

497 4445 593 4499 per
616 4432 729 4489 hmc
757 4436 961 4500 omnia,
991 4453 1083 4492 eos
1113 4439 1202 4507 qui
1232 4440 1357 4492 olim
1405 4440 1473 4492 ob
1501 4439 1612 4494 Arii
1643 4443 1889 4495 hmresim
1920 4446 2068 4496 dam-

496 4524 604 4578 nati
631 4536 683 4579 et
702 4527 855 4594 ejecti
889 4530 1122 4598 fuerant,
1155 4549 1260 4587 non
1302 4534 1473 4588 solum
1508 4548 1843 4603 receperunt,
1898 4538 1990 4589 sed
2015 4548 2069 4590 et

494 4616 560 4674 ad
582 4616 830 4674 altiorem
859 4624 1084 4691 gradum
1110 4635 1538 4693 promoverunt;
1569 4627 1825 4681 diaconos
1847 4628 2062 4696 quidem

494 4714 560 4765 ad
622 4718 1076 4786 presbyteratum,
1130 4732 1184 4775 et
1215 4738 1279 4776 ex
1323 4723 1654 4792 presbyteris
1686 4723 1749 4774 ad
1779 4725 2062 4790 episcopa-

494 4811 630 4867 tum,
663 4806 803 4858 nulla
836 4806 938 4860 alia
973 4808 1037 4862 dc
1062 4826 1243 4877 causa,
1298 4828 1459 4881 quam
1492 4820 1549 4863 ut
1592 4812 1919 4880 impietatem
1953 4813 2063 4864 dis-

704 4985 929 5058 Theod.,
956 4988 1062 5058 Καὶ
1086 4989 1195 5058 γὰρ
1219 4990 1397 5051 αὐτός.
1426 4988 1588 5041 Paulo
1619 5001 1738 5054 post
1782 4990 1887 5042 τῶν
1912 4990 2070 5042 θείων

495 5052 1273 5125 .8t61iowaa‘.muniendam“
1310 5070 1437 5110 sunt
1478 5061 1568 5125 qui
1620 5052 1815 5112 malint
1867 5061 2063 5124 legi-re,

492 5125 585 5194 καὶ
643 5121 990 5193 διελεγχθείς,
1040 5144 1200 5194 quam
1263 5121 1549 5181 lectionem
1609 5132 1825 5182 lirmare
1858 5121 2067 5182 videtur

492 5193 749 5252 Hilarius.
780 5198 869 5261 qui
907 5193 1089 5256 habet,
1122 5214 1183 5249 ac
1203 5200 1266 5247 de
1292 5199 1386 5250 hoc
1419 5200 1707 5251 convictus.

702 5265 937 5336 Iheodn
963 5267 1403 5336 προσδεχθέντες.

561 5334 675 5400 (75)
700 5334 927 5400 Theod.,
957 5334 1050 5389 νῦν
1074 5334 1366 5390 ἐπίσκοπον
1398 5338 1733 5406 προήγαγον.
1775 5338 1892 5393 Mox
1920 5340 2057 5392 idem

487 5404 679 5474 δόξωσι
718 5406 811 5458 ἐπὶ
842 5407 939 5474 τῆς
969 5409 1355 5474 συκοφαντίας.

562 5473 671 5541 (76)
700 5473 1077 5541 Μαρκέλλου.
1116 5473 1187 5529 De
1238 5476 1472 5530 Marcelli
1528 5493 1690 5531 causa
1745 5493 1967 5543 agemus
2015 5480 2068 5530 iu

489 5545 867 5598 Admonitione
933 5548 982 5597 in
1046 5548 1339 5609 lt‘pislolnm
1402 5551 1469 5597 ad
1532 5549 1821 5599 solr‘tarios.
1906 5548 2071 5601 Paulo

494 5613 920 5685 infra,_Thco_d.,
950 5616 1024 5678 ὡς
1058 5616 1472 5685 ὡμολογημένα.
1502 5616 1618 5670 Mox
1664 5618 1802 5669 idem
1834 5616 2070 5682 ἀνεγνώ-

496 5681 595 5754 σθη
631 5677 724 5735 οὖν
758 5683 928 5736 ταῦτα
961 5677 1054 5739 καὶ
1079 5677 1147 5736 τά
1366 5688 1458 5739 Sed
1490 5685 1720 5737 Hilarius
1746 5677 2064 5739 nobiscum:

489 5749 629 5807 lecta
658 5763 774 5811 sunt
807 5755 940 5804 enim
972 5772 1089 5818 qua?
1114 5749 1478 5819 sequebantur.

564 5818 674 5891 (77)
707 5820 930 5895 Thco«l.,
956 5824 1029 5893 τῷ
1062 5818 1184 5893 Θεῴ
1206 5824 1375 5893 λόγῳ.
1413 5824 1565 5895 Heg,
1695 5825 1786 5878 τοῦ
1815 5825 1947 5879 Θεοῦ
1970 5826 2072 5877 Λό-

2253 2617 2339 2669 47.
2392 2614 2722 2683 Ἀνεγνώσθη
2753 2614 2808 2667 δὲ
2848 2614 2942 2667 κα).
2974 2614 3033 2666 τὸ
3067 2613 3400 2683 σύγγραμμα
3432 2612 3527 2664 τοῦ
3556 2611 3759 2664 συλλει-

2182 2708 2411 2780 τουργοῦ
2439 2706 2754 2778 Μαρκέλλου
2783 2706 2912 2777 (76),
2950 2707 3044 2758 καὶ
3081 2704 3277 2774 εὑρέθη
3302 2703 3409 2755 τῶν
3436 2704 3566 2774 περ).
3595 2701 3756 2756 Εὐσέ-

2183 2801 2295 2855 ϐιον
2337 2802 2369 2871 ἠ
2403 2798 2741 2868 κακοτεχνία.
2782 2799 2847 2849 ’Ἀ
2882 2798 2987 2867 γὰρ
3032 2795 3107 2858 ὡς
3153 2794 3328 2863 ζητῶν
3370 2796 3398 2846 6
3436 2794 3756 2865 Μάρκελλος

2182 2892 2403 2962 εἴρηκε,
2462 2890 2634 2944 ταῦτα
2695 2890 2769 2952 ὡς
2829 2887 3234 2957 ὁμολογούμενα
3311 2885 3754 2956 διαϐεϐλήκασιν.

2195 2984 2531 3052 Ἀνεγνώσθη
2576 2981 2705 3049 γοῦν
2737 2982 2806 3033 τὰ
2832 2981 2991 3050 ἑξῆς,
3038 2981 3130 3033 καὶ
3174 2980 3241 3031 τὰ
3281 2978 3388 3048 πρὸ
3434 2977 3615 3030 αὐτῶν
3652 2978 3758 3029 τῶν

2184 3076 2533 3146 ζητημάτων,
2566 3076 2657 3137 καὶ
2702 3074 2833 3145 ὀρθὴ
2864 3077 2895 3144 ἡ
2934 3074 3112 3137 πίστις
3145 3072 3237 3125 τοῦ
3284 3072 3479 3141 ἀνδρὸς
3526 3072 3752 3142 εὑρέθη·

2183 3166 2304 3219 οὔτε
2339 3166 2446 3237 γὰρ
2483 3167 2589 3218 ἀπὸ
2636 3166 2735 3235 τῆς
2786 3166 2945 3233 ἁγίας
2978 3164 3224 3234 Μαρίας,
3268 3164 3344 3226 ὡς
3390 3164 3547 3216 αὐτοὶ
3591 3162 3761 3215 διεϐε-

2106 3240 2145 3295 C
2180 3257 2501 3321 ϐαιώσαντο,
2544 3257 2715 3329 ἀρχὴν
2747 3257 2914 3309 ἐδίδου
2964 3256 3038 3326 τῷ
3071 3251 3206 3307 Θεοῦ
3248 3255 3407 3325 Λόγῳ
3453 3254 3599 3324 (77),
3635 3254 3755 3308 οὔτε

2177 3353 2328 3417 τέλος
2375 3353 2517 3422 ἔχειν
2544 3352 2641 3421 τὴν
2684 3350 2957 3421 βασιλείαν
2996 3350 3181 3412 αὐτοῦ,
3225 3348 3362 3404 ἀλλὰ
3399 3351 3496 3401 κα).
3526 3351 3622 3420 τὴν
3659 3348 3752 3417 βα-

2179 3446 2379 3498 σιλείαν
2427 3447 2659 3515 ἄναρχον
2710 3446 2801 3497 καὶ
2846 3443 3200 3513 ἀτελεύτητον
3247 3438 3386 3496 εἶναι
3433 3442 3535 3512 τὴν
3567 3440 3755 3494 τούτου

2178 3537 2401 3609 ἔγραψε.
2444 3537 2551 3588 Καὶ
2594 3536 2903 3605 Ἀσκληπᾶς
2961 3535 3016 3587 δὲ
3067 3536 3094 3586 6
3157 3532 3569 3602 συλλειτουργὸς
3620 3548 3756 3602 προ.

2176 3630 2403 3698 ήνεγκεν
2456 3627 2821 3696 ὑπομνήματα
2854 3626 3118 3694 γενόμενα
3168 3624 3277 3693 (78)
3324 3625 3385 3676 ἐν
3427 3621 3755 3693 Ἀντιοχείᾳ,

2179 3721 2457 3791 παρόντων
2502 3718 2610 3770 τῶν
2657 3717 3001 3788 κατηγόρων,
3045 3718 3139 3769 καὶ
3185 3716 3447 3779 Εὑσεϐίου
3494 3715 3593 3769 τοῦ
3652 3714 3757 3769 ἀπὸ

2177 3812 2537 3881 Καισαρείας·
2571 3810 2665 3863 καὶ
2695 3811 2757 3861 ἐκ
2784 3809 2892 3861 τῶν
2922 3809 3246 3876 ἀποφάσεων
3275 3807 3382 3859 τῶν
3413 3806 3756 3859 δικασάντων

2176 3902 2491 3955 ἐπισκόπων
2521 3900 2717 3963 ἔδειξεν
2751 3900 2939 3952 ἑαυτὸν
2980 3899 3151 3953 ἀθῶον
3182 3894 3341 3953 εἶναι.
3368 3897 3615 3959 Εἰκότως
3642 3889 3754 3957 οὖν,

2175 3994 2448 4063 ἀγαπητοὶ
2516 3992 2762 4060 ἀδελφοὶ,
2815 3992 3130 4061 καλούμενοι
3184 3989 3443 4051 πολλάκις
3489 3989 3593 4059 οὐχ
3652 3987 3755 4040 ὐπ-

2174 4084 2409 4151 ἠκουσαν
2445 4082 2575 4151 (78),
2612 4081 2836 4144 εἰκότως
2877 4082 3093 4149 ἔφυγον,
3134 4078 3266 4129 Ὑπὸ
3296 4077 3405 4147 γὰρ
3445 4077 3540 4129 τοῦ
3587 4092 3755 4128 συνει-

2173 4172 2320 4233 δότος
2365 4171 2743 4240 ἐλαυνόμενοι,
2797 4173 2940 4239 φυγῇ
2986 4167 3082 4231 τὰς
3117 4167 3483 4234 συκοςαντίας
3546 4165 3754 4219 ἑαυτῶν

2174 4264 2526 4327 ἐϐεϐαίωσαν,
2559 4263 2650 4319 καὶ
2688 4262 3035 4333 πιστευθῆναι
3069 4262 3186 4312 κατ’
3228 4259 3404 4312 αὐτῶν
3445 4260 3753 4327 πεποιήκα-

2176 4374 2279 4418 σιν,
2318 4354 2353 4408 ἂ
2392 4355 2658 4425 παρόντες
2695 4357 2743 4406 οἱ
2789 4352 3218 4423 κατηγοροῦντες
3264 4350 3452 4418 ἔλεγον
3490 4351 3588 4403 κα).
3626 4351 3749 4401 ἐπε-

2172 4449 2412 4500 δείκνυον
2450 4446 2579 4516 (80).
2618 4446 2769 4498 Ἐπεὶ
2806 4446 2983 4498 τοίνυν
3038 4443 3170 4513 πρὸς
3220 4442 3430 4505 τούτοις
3477 4444 3613 4495 πᾶσι
3660 4442 3749 4493 καὶ

2172 4542 2297 4603 τοὺς
2330 4538 2495 4593 πάλαι
2530 4536 2950 4607 καθαιρεθέντας
2992 4536 3099 4605 (81)
3132 4535 3225 4587 καὶ
3260 4533 3633 4601 ἐκϐληθέντας
3665 4532 3750 4585 διὰ

2170 4630 2265 4699 τὴν
2303 4629 2511 4699 Ἀρείου
2550 4628 2757 4697 αἵρεσιν
2783 4627 2842 4679 οὐ
2875 4626 3033 4696 μόνον
3077 4624 3340 4689 ἐδέξαντο,
3380 4622 3519 4675 ἀλλὰ
3549 4623 3644 4675 καὶ
3674 4622 3748 4683 είς

2174 4722 2393 4791 μείζονα
2423 4720 2625 4789 βαθμὸν
2666 4720 2996 4789 προήγαγον,
3025 4717 3300 4776 διακόνους
3348 4714 3447 4783 μὲν
3494 4714 3578 4777 είς
3624 4728 3749 4782 πρε-

2173 4811 2474 4882 σϐυτέριον,
2504 4810 2609 4863 ἀπὸ
2633 4810 2688 4862 δὲ
2728 4810 3110 4883 πρεσϐυτέρων
3140 4810 3215 4871 εἰς
3244 4808 3584 4869 ἐπισκόπους
3619 4804 3745 4875 (82),

2175 5007 2274 5058 γῳ.
2306 4988 2357 5040 In
2392 4989 2548 5041 editis
2575 4986 2666 5038 τοῦ
2695 4988 2863 5038 deest.

2247 5059 2356 5129 (78)
2410 5058 2636 5118 Theod.,
2674 5061 3012 5126 προήνεγκεν
3077 5054 3449 5124 ὑπομνήματα
3522 5068 3743 5123 γεγενη-

2205 5145 2335 5181 ιενα.

2205 5146 2335 5181 .ενα.

2178 5146 2210 5197 μ
2242 5200 2356 5263 (79)
2384 5198 2613 5260 Theod.,
2650 5197 3035 5248 ὑπακούουσιν.

2242 5268 2349 5336 (80)
2382 5268 2607 5329 Thcod.,
2637 5266 2820 5333 ἔλεγον
2858 5266 2948 5318 καὶ
2980 5265 3369 5336 ἐπεδείκκρντο.
3393 5265 3517 5336 Ἔτι
3552 5265 3739 5336 τοίνυν.

2172 5333 2407 5390 Hilarius
2460 5345 2637 5389 autem
2695 5337 2888 5403 legisse
2924 5337 3152 5398 videtur,
3204 5333 3265 5385 Τί
3326 5334 3550 5399 τοίνυν;
3590 5334 3742 5387 vertit

2175 5409 2337 5468 cnim,
2366 5408 2492 5471 quid
2521 5406 2683 5470 igitur
2705 5410 2729 5459 ξ)

2247 5476 2357 5545 (81)
2380 5470 3124 5545 ΤΙιεοιΙηκατηγορηθέντας.
3160 5473 3262 5525 Sed
3296 5470 3540 5526 Hilarius
3567 5470 3739 5526 nobis-

2175 5562 2318 5605 cum,
2345 5546 2624 5608 depositas.

2248 5614 2355 5684 (82)
2410 5615 2637 5678 Theod.,
2682 5614 2788 5667 ἀπὸ
2832 5614 2887 5665 δὲ
2954 5612 3337 5684 πρεσϐυτέρων
3386 5613 3469 5674 εἰς
3528 5613 3737 5663 ἐπισκο-

2178 5682 2306 5758 πὴν,
2333 5684 2562 5758 Hilarius
2589 5696 2791 5758 autem,
2822 5689 2885 5758 de
2909 5682 3229 5751 presbyterio
3262 5682 3317 5733 in
3353 5684 3731 5758 episcomtmrt.

2178 5753 2421 5819 Stintqui
2450 5756 2762 5807 vertendum
2800 5756 3110 5806 existiment
3147 5760 3477 5819 presbyteros
3530 5753 3730 5815 deposi-

2177 5836 2252 5893 los
2278 5823 2327 5885 in
2360 5827 2741 5892 epispopamm;
2768 5827 2940 5896 quod,
2984 5825 3191 5877 tametsi
3227 5838 3411 5875 verum
3456 5836 3577 5874 esse
3604 5834 3728 5872 ccu-
