3978 6504
225 423 313 477 535
1269 422 1615 479 APOLOGIA
1655 422 1927 478 CONTRA
1970 422 2289 481 ARIANOS.

3313 429 3422 485 σει

225 536 279 590 δι’
302 536 439 589 οὐδὲν
451 537 533 590 ἐτε
539 555 628 608 ρον
645 538 676 609 ἢ
695 539 779 592 ῖνα
794 539 888 609 τὴν
910 539 1159 593 ἀσέόειαν
1180 541 1491 612 διασπεῖραι
1505 542 1599 594 καί⁸
1616 542 1746 594 πλα-

1858 544 2125 599 seminare
2179 553 2235 600 et
2268 544 2429 600 latius
2485 560 2801 615 propagare,
2836 561 2899 601 ae
2928 548 3066 614 piam
3110 546 3266 600 tidem
3295 562 3419 601 cor-

224 629 353 681 τῦναι
378 629 664 700 δυνηθῶσι,
692 632 782 683 καὶ
807 632 903 701 τὴν
931 631 1129 703 εύσεόἧ
1164 632 1517 703 διαφθείρωσι
1547 632 1749 688 πίστιν.

234 824 235 827 η
279 785 355 838 ι8.
381 786 495 838 Εξσῖ
525 786 580 837 δέ
610 786 811 840 τούτων
864 789 999 856 μετὰ
1033 790 1161 851 τοὺς
1204 789 1333 859 περὶ
1374 786 1630 841 Εὑσέὁιον
1660 787 1755 841 νῦν

222 878 409 948 ἱξαρχοι
454 876 722 949 Θεόδωρος
760 882 787 931 6
827 879 932 930 61:6
987 878 1331 950 Ἡρακλείας,
1380 879 1689 949 Νάρκισσος
1726 882 1754 932 6

222 968 310 1021 ἀπὸ
330 969 655 1039 Νερωνιάδος
683 969 781 1038 τῆς
809 970 1077 1035 Κιλικίας,
1129 969 1396 1037 Στέφανος
1441 972 1469 1022 ό
1502 970 1608 1022 ἀπὸ
1641 970 1756 1023 Ἀν-

219 1062 442 1131 τιοχείας,
488 1061 755 1130 Γεώργιος
798 1064 826 1115 ὁ
877 1064 983 1117 61:6
1045 1063 1378 1126 Λαοδικείας,
1436 1062 1687 1124 Ἀκόικιος
1726 1064 1755 1114 6

218 1153 309 1206 61:6
336 1152 660 1221 Καισαρείας
696 1153 793 1223 τῆς
839 1154 1217 1225 Παλαιστίνης,
1258 1154 1615 1225 Μηνόφαντος
1648 1154 1754 1206 61:6

227 1242 421 1311 Ἐρέσου
467 1243 566 1311 τῆς
615 1242 815 1308 Ἄσίας,
871 1246 1169 1316 θύρσάκιος
1215 1246 1243 1298 ό
1290 1245 1398 1298 61:6
1447 1244 1752 1313 Σιγγιδόνου

215 1334 295 1402 τῆς
318 1332 541 1397 Μυσίας,
574 1335 785 1404 Οὐάλης
816 1335 922 1388 61:6
952 1338 1217 1407 Μουρσῶν
1259 1337 1373 1407 (83)
1403 1338 1502 1406 τῆς
1548 1338 1753 1389 Παννο-

215 1427 339 1487 νίας’
368 1427 598 1496 καὶγὰρ
636 1422 779 1481 οὗτοι
823 1431 946 1491 τοὺς
991 1430 1085 1481 σὺν
1133 1430 1316 1491 αὐτοῖς
1362 1427 1611 1489 ἐλθόντας
1649 1427 1754 1480 61:6

213 1520 293 1587 τῆς
313 1517 441 1586 ἑῴας
476 1518 577 1571 οὐκ
596 1520 894 1591 ἐπέτρεπον
923 1520 1044 1573 οὔτε
1079 1522 1159 1584 είς
1187 1522 1286 1591 τὴν
1333 1522 1493 1588 ἁγίαν
1538 1520 1752 1573 σύνοδον

212 1607 462 1671 εἰσελθεῖν,
511 1608 636 1663 οὔτε
672 1610 807 1675 ὅλως
834 1614 913 1675 είς
955 1613 1052 1682 τὴν
1108 1614 1431 1682 Ἐκκλησίαν
1476 1613 1569 1665 τοῦ
1616 1611 1750 1665 Θεοῦ

212 1701 569 1771 παραϐάλλειν.
623 1704 733 1757 Καὶ
780 1706 1059 1775 ἐρχόμενοι
1101 1705 1159 1758 δὲ
1202 1707 1281 1767 είς
1320 1704 1419 1774 τὴν
1462 1704 1748 1775 Σαρδικὴν,

212 1790 329 1843 κατά
355 1792 551 1855 τόπους
585 1794 833 1857 συνόδους
886 1794 1165 1847 ἐποιοῦντο
1204 1795 1339 1864 πρὸς
1381 1796 1624 1858 ἑαυτοὺς,
1659 1796 1751 1848 καὶ

1856 647 2106 702 rumpere
2128 633 2388 689 valerent.

1925 787 2018 841 48.
2070 788 2272 843 Horum
2319 798 2498 843 autem
2533 790 2805 859 principes
2858 798 2979 858 post
3020 789 3308 844 Eusebium
3363 788 3421 844 bl

1854 891 1981 935 sunt
2017 900 2030 935 :
2066 880 2382 937 Theodorus
2422 881 2725 947 Heraclea,
2773 882 3053 937 Narcissus
3101 881 3422 936 Neroniadis
3483 910 3500 922 ε

1854 972 1907 1025 in
1962 971 2173 1035 Cilicia,
2205 971 2509 1043 Stephanus
2541 973 2866 1037 Antiochiae,
2904 972 3169 1039 Georgius
3220 971 3415 1027 Laodi-

1854 1080 1965 1119 cea:
1990 1105 2006 1129 ,
2033 1066 2262 1120 Aeacius
2308 1066 2566 1121 Caesarea:
2596 1066 2650 1119 in
2685 1064 2968 1121 Palmstina
2988 1106 3002 1129 ,
3028 1064 3419 1133 Menophantus

1854 1155 2051 1222 Ephesi
2083 1156 2135 1208 in
2162 1156 2311 1220 Asia,
2344 1156 2600 1211 Ursaeius
2624 1154 2907 1226 Singidoni
2943 1156 2995 1209 in
3019 1151 3419 1224 Mysia,Valens

1854 1245 2073 1299 Nursia:
2118 1246 2170 1298 in
2209 1244 2512 1301 Pannonia.
2545 1245 2633 1300 Isti
2684 1247 2827 1300 enim
2872 1260 2966 1300 eos
2991 1245 3079 1313 qui
3110 1258 3292 1298 secum
3346 1244 3420 1297 ab

1855 1338 2075 1391 Oriente
2114 1346 2395 1400 venerant,
2431 1352 2535 1391 non
2567 1336 2953 1405 permittebant
2979 1336 3044 1390 ad
3075 1348 3287 1389 sacram
3322 1348 3419 1403 sy-

1852 1429 2047 1483 nodum
2076 1430 2355 1493 accedere,
2384 1443 2486 1483 nee
2516 1427 2625 1481 ullo
2664 1428 2821 1482 modo
2854 1430 2918 1480 ad
2973 1425 3267 1480 Ecclesiam
3320 1424 3415 1479 Dei

1851 1535 1908 1574 se
1929 1520 2196 1575 conferre.
2226 1520 2292 1574 Et
2324 1535 2445 1574 cum
2481 1518 2758 1574 Sardicam
2794 1518 3056 1579 venirent,
3074 1532 3170 1585 per
3201 1515 3416 1570 diversa

1852 1610 1966 1665 loca
1995 1611 2228 1680 synodos
2272 1610 2521 1678 privatim
2555 1611 2786 1680 agebant
2816 1648 2831 1671 ,
2865 1607 3229 1675 adhibitisque
3255 1606 3417 1659 minis

1849 1699 2055 1753 fmdera
2098 1700 2354 1766 inibant,
2410 1710 2469 1754 ut
2523 1716 2644 1754 cum
2697 1698 2975 1753 Sardicam
3028 1698 3413 1761 advenissent,

1852 1788 2160 1843 nullatenus
2212 1803 2333 1844 sese
2380 1789 2587 1859 judicio
2617 1790 2895 1853 sisterent,
2930 1804 3107 1859 neque
3142 1804 3244 1843 una
3290 1803 3414 1842 cum

212 1880 451 1951 συνθήκας
484 1884 625 1954 μετὰ
668 1885 934 1938 ἀπειλῶν’
978 1884 1116 1938 ὥστε
1157 1884 1410 1949 ἐλθόντας
1444 1886 1637 1948 αὐτοὺς
1672 1887 1746 1948 είς

1853 1888 2037 1934 sancta
2075 1882 2281 1950 synodo
2324 1882 2714 1935 convenirent:
2746 1880 2840 1935 sed
2880 1879 3244 1949 perfunctorie
3274 1878 3413 1932 dua.

210 1972 287 2041 τὴν
314 1973 602 2046 Σαρδικὴν,
640 1976 775 2047 μηδὲ
803 1976 939 2040 ὅλως
970 1979 1049 2041 είς
1077 1978 1173 2047 τὴν
1200 1978 1377 2048 κρίσιν
1407 1976 1599 2041 ἐλθεῖν,
1628 1978 1748 2048 μηδ’

211 2064 283 2115 ἐπὶ
307 2064 363 2116 :6
394 2066 525 2119 αὐτὸ
573 2053 847 2120 συνελθεῖν
892 2071 956 2138 τῇ
1004 2068 1133 2138 ἁγίᾳ.
1183 2068 1383 2138 συνόδῳ
1434 2068 1564 2136 (14),
1617 2067 1751 2121 ἀλλὰ

211 2154 342 2222 μόνον
368 2157 644 2223 ἐλθόντας,
678 2158 773 2211 καὶ
797 2158 1089 2228 ἀφοσιώσει
1119 2161 1217 2229 τὴν
1238 2160 1525 2230 ἐπιδημίαν
1546 2159 1749 2211 ἑαυτῶν

209 2244 644 2316 ἐπιδειξαμένους,
678 2249 885 2317 ταχέως
921 2252 1128 2316 φυγεῖν.
1172 2248 1355 2301 Ταῦτα
1409 2249 1517 2317 γάρ
1547 2248 1749 2317 γνῶναι

206 2331 509 2404 δεδυνήμεθα
548 2336 704 2409 παρά
740 2336 848 2389 τῶν
901 2337 1319 2408 συλλειτουργῶν
1363 2339 1516 2408 ἡμῶν
1559 2320 1751 2392 Μακα-

209 2424 302 2493 ρίου
320 2426 420 2478 ἀπὸ
450 2426 819 2497 Παλαιστίνης
845 2430 937 2480 καὶ
982 2429 1254 2499 Ἀστερίου
1308 2430 1415 2481 61:6
1471 2427 1747 2498 Ἀραϐίας,

203 2516 290 2567 τῶν
338 2517 600 2571 ἐλθόντων
664 2520 760 2571 σὺν
838 2520 1047 2582 αὐτοῖς,
1112 2522 1204 2573 καὶ
1284 2520 1749 2591 ἀναχωρησάντων

202 2610 289 2662 ἀπὸ
306 2613 396 2681 τῆς
418 2611 682 2673 ἀπιστίας
714 2611 911 2664 αὐτῶν.
939 2606 1097 2664 Οὗτοι
1121 2611 1248 2681 γὰρ,
1272 2612 1513 2674 ἐλθόντες
1542 2613 1620 2675 εἰς
1652 2612 1749 2679 τὴν

201 2700 333 2767 ἁγίαν
387 2702 633 2766 σύνοδον,
685 2702 784 2772 τὴν
840 2704 934 2773 μὲν
991 2702 1110 2772 βίαν
1154 2704 1221 2775 ἣν
1266 2704 1485 2764 ἔπαθον,
1532 2704 1748 2756 ἀπωδύ-

200 2808 326 2862 ροντο
352 2794 493 2864 (85),
521 2795 672 2848 οὐδὲν
700 2794 756 2847 δὲ
792 2794 917 2866 παρ’
938 2794 1117 2857 αὐτοῖς
1162 2794 1317 2868 ὀρθὸν
1353 2794 1534 2863 ἔλεγον
1576 2794 1748 2866 πράτ-

196 2884 370 2946 τεσθαι,
414 2885 808 2957 προστιθέντες
844 2885 936 2938 καὶ
976 2885 1153 2949 τοῦτο,
1200 2887 1275 2948 ὡς
1329 2886 1436 2956 ἄρα
1480 2882 1587 2937 εἷεν
1634 2888 1751 2938 ἐκεῖ

196 2972 484 3043 πολλοὶτῆς
506 2974 672 3045 ὀρθῆς
719 2974 1152 3044 ἀντιποιούμενοι
1183 2974 1359 3045 δόξης,
1407 2974 1501 3027 καὶ
1546 2972 1748 3026 κωλυό-

197 3080 317 3129 μενοι
347 3066 487 3136 παρ’
518 3064 698 3118 αὐτῶν
725 3065 893 3118 ἐλθεῖν
916 3064 1165 3127 ἐνταῦθα,
1189 3064 1274 3117 διὰ
1305 3064 1364 3117 τὸ
1389 3064 1629 3118 ἀπειλεῖν
1656 3067 1750 3117 καὶ

193 3150 603 3220 ἐπαγγέλλεσθαι
627 3152 767 3206 κατά
798 3152 903 3208 τῶν
940 3154 1276 3225 βουλομένων
1314 3154 1614 3223 ἀναχωρεῖν
1652 3154 1745 3205 ἀπ’

1855 1980 2002 2026 taxat
2037 1973 2268 2026 adventu
2304 1988 2401 2027 suo
2458 1972 2762 2039 significato
2786 2012 2802 2034 ,
2856 1972 3040 2024 statim
3072 1969 3412 2039 aufugerent.

1854 2062 1979 2117 Haec
2014 2064 2157 2117 enim
2207 2064 2451 2119 ediscere
2488 2064 2641 2118 licuit
2684 2080 2712 2117 a
2769 2062 3163 2117 comministris
3210 2060 3414 2115 nostris

1856 2152 2089 2206 Macario
2123 2154 2175 2206 in
2210 2154 2491 2207 Palaestina
2523 2154 2796 2222 episcopo,
2840 2161 2895 2205 et
2926 2152 3141 2206 Asterio
3180 2151 3234 2204 in
3267 2150 3411 2204 Ara-

1850 2241 1961 2305 bia,
1986 2244 2098 2310 qui,
2126 2251 2409 2311 postquam
2433 2258 2553 2297 cum
2583 2242 2689 2296 illis
2714 2251 2989 2304 venerant,
3013 2241 3079 2295 ab
3101 2254 3287 2295 eorum
3324 2238 3412 2295 in-

1851 2332 2111 2388 ﬁdelitate
2146 2349 2441 2391 recessere.
2479 2333 2541 2387 Hi
2573 2335 2715 2388 enim
2750 2348 2871 2388 cum
2923 2335 2989 2386 ad
3027 2340 3268 2386 sanetam
3321 2344 3413 2401 sy-

1851 2427 2050 2482 nodum
2112 2428 2499 2491 advenissent,
2537 2426 2603 2480 de
2657 2426 2706 2479 vi
2761 2425 2861 2479 sibi
2920 2424 3069 2478 illata
3128 2424 3411 2491 conquesti

1850 2526 1996 2582 sunt,
2049 2517 2403 2587 dicebantque
2454 2518 2589 2571 nihil
2622 2518 2689 2571 ab
2745 2516 2854 2571 illis
2909 2525 3055 2570 recte
3110 2530 3172 2569 ac
3198 2514 3415 2569 sincere

1850 2611 1957 2680 agi.
2005 2610 2288 2665 Addebant
2344 2611 2560 2679 insuper
2598 2609 2793 2663 multos
2835 2622 2957 2663 cum
3000 2608 3105 2663 illis
3154 2622 3275 2662 esse
3321 2621 3413 2661 re-

1851 2710 1949 2754 cta:
2008 2701 2130 2756 ﬁdei
2187 2702 2439 2765 cultores,
2472 2702 2561 2770 qui
2616 2702 2683 2757 ab
2728 2701 2832 2755 illis
2867 2700 3154 2771 quominus
3186 2699 3291 2752 huc
3320 2713 3409 2752 ac-

1851 2793 2105 2846 cederent
2159 2793 2574 2860 impedirentur;
2621 2806 2713 2846 eos
2756 2793 2898 2847 enim
2949 2793 3039 2860 qui
3076 2804 3137 2845 se
3164 2791 3414 2845 deserere

1850 2880 2052 2935 vellent
2084 2882 2245 2935 minis
2286 2883 2682 2937 absterrebant.
2733 2882 2995 2948 Quocirca
3039 2890 3298 2935 curarunt
3350 2891 3409 2933 ut

1850 2972 1903 3025 in
1936 2987 2039 3024 una
2094 2972 2254 3027 domo
2308 2988 2495 3028 omnes
2556 2983 2873 3036 manerent,
2922 2987 2986 3025 ac
3038 2972 3165 3025 nulli
3217 2984 3412 3025 conce-

1849 3060 2050 3115 debant
2072 3061 2157 3114 vel
2189 3062 2467 3117 minimum
2498 3064 2712 3134 quidem
2754 3065 3010 3132 temporis
3050 3076 3293 3116 seorsum
3318 3060 3417 3114 de-

1849 3170 1997 3222 gere.

191 3244 359 3303 αὐτῶν.
394 3246 611 3301 Τούτου
635 3247 765 3317 γοῦν
792 3249 952 3305 ἕνεκα
991 3251 1084 3304 καὶ
1134 3252 1191 3305 ἐν
1223 3249 1301 3302 ἐνὶ
1348 3252 1481 3320 οἴκῳ
1513 3252 1719 3313 πάντας
1751 3252 1927 3322 μεῖναι
1954 3249 2308 3313 ἐσπούδασαν,
2338 3254 2469 3325 μηδέ
2504 3255 2564 3307 τὸ
2592 3254 2924 3323 βραχύτατον
2965 3248 3185 3313 ιδιάζειν
3214 3249 3412 3311 αὐτοὺς

192 3338 583 3411 ἐπιτρέψαντες.

242 3494 318 3550 49.
359 3498 526 3552 Ἐπεὶ
557 3494 650 3553 οὖν
676 3502 775 3555 οὐκ
809 3502 912 3556 ἔδει
946 3507 1387 3575 παρασιωπῆσαι,
1426 3508 1546 3561 ούδέ
1585 3508 1746 3561 ἀνεκ-
1773 3514 1813 3569 C

189 3582 444 3658 διηγήτους
491 3590 646 3642 ἐᾶσαι
682 3591 783 3654 τὰς
822 3594 1212 3661 συκοφαντίας,
1254 3596 1324 3648 τά
1362 3596 1567 3667 δεσμὰ,
1620 3599 1746 3661 τοὺς

190 3675 371 3742 φόνους,
402 3678 518 3743 τὰς
552 3680 787 3752 πληγὰς,
814 3683 911 3747 τὰς
933 3684 1057 3757 περὶ
1086 3686 1193 3740 τῶν
1232 3687 1482 3741 πλαστῶν
1527 3690 1743 3742 ἐπιστο-

188 3764 273 3818 λῶν
300 3772 595 3836 συσκευὰς,
626 3774 725 3837 τὰς
756 3774 953 3839 αἰκίας,
988 3778 1085 3841 τὰς
1122 3778 1427 3848 γυμνώσεις
1462 3779 1569 3832 τῶν
1604 3798 1743 3851 παρ-

189 3854 347 3922 θένων,
378 3862 491 3925 τὰς
532 3861 854 3935 ἐξοριστίας,
888 3866 986 3929 τὰς
1016 3869 1334 3934 καταλύσεις
1375 3870 1480 3924 τῶν
1519 3872 1745 3940 Ἐκκλη-

189 3950 312 4014 σιῶν,
337 3955 475 4018 τοὺς
505 3955 888 4027 ἐμπρησμοὺς,
920 3957 1016 4021 τὰς
1054 3960 1365 4028 μεταθέσεις
1397 3962 1503 4015 61:6
1533 3965 1744 4034 μικρῶν

188 4040 363 4096 πόλεων
397 4048 490 4107 εἱς
517 4045 767 4114 μείζονας
792 4050 1096 4119 παροικίας,
1127 4052 1217 4103 καὶ
1260 4054 1363 4123 πρό
1393 4071 1455 4121 γε
1503 4055 1739 4119 πάντων,

184 4129 263 4200 τὴν
284 4135 419 4188 κατὰ
452 4135 559 4203 τῆς
586 4135 752 4205 ὀρθῆς
779 4136 1009 4201 πίστεως
1046 4137 1162 4209 (86)
1202 4142 1583 4194 ἐπαναστᾶσαν
1613 4141 1741 4216 δυσ-

185 4218 369 4291 ώνυμον
432 4224 732 4293 Ἀρειανὴν
784 4225 994 4294 αἵρεσιν
1035 4226 1101 4278 δι’
1141 4229 1352 4281 αὐτῶνο
1396 4229 1587 4293 τούτου
1627 4230 1744 4281 ’ἐνε-

182 4326 277 4373 κεν,
297 4316 420 4377 τοὺς
470 4314 567 4383 μὲν
590 4316 906 4384 ἀγαπητοὺς
936 4316 1192 4385 ἀδελφοὺς
1220 4320 1377 4389 ἡμῶν
1404 4323 1498 4374 καὶ
1538 4320 1743 4373 συλλει-

183 4406 420 4470 τουργοὺς
472 4403 808 4468 Ἀθανάσιον,
861 4405 955 4458 καὶ
997 4407 1334 4479 Μάρκελλον,
1371 4411 1463 4463 καὶ
1509 4412 1729 4480 ’Λσκληο

182 4492 271 4545 πᾶν
297 4495 433 4566 (87),
469 4496 564 4548 καὶ
598 4497 725 4558 τοὺς
752 4498 847 4548 σὺν
872 4499 1053 4561 αὐτοῖς
1093 4502 1635 4574 συλλειτουργοῦντας
1662 4502 1739 4571 τῷ

182 4580 366 4654 Κυρίῳ,
410 4585 627 4650 ἀθώους
681 4591 775 4640 καὶ
819 4588 1090 4660 καθαροὺς
1135 4589 1273 4647 εἶναι
1319 4593 1735 4664 ἁπεφηνάμεθα,

178 4674 472 4743 γράψαντες
520 4680 613 4731 καὶ
664 4681 744 4740 είς
787 4680 883 4750 τὴν
944 4683 1169 4735 ἑκάστου
1227 4687 1546 4756 παροικίαν,
1601 4686 1737 4737 ὥστε

1920 3508 2009 3562 49.
2055 3505 2498 3574 Quandoquidem
2550 3504 2712 3573 igitur
2762 3518 2858 3572 par
2888 3518 2992 3557 non
3023 3511 3165 3556 esset
3196 3502 3413 3559 silentio

1848 3601 2266 3669 praetermittere
2299 3612 2486 3651 eorum
2520 3594 2919 3666 syCOphantias,
2948 3595 3183 3656 vincula,
3208 3595 3409 3661 credes,

1848 3690 2031 3758 plagas
2061 3727 2077 3753 ,
2108 3687 2537 3759 conspirationes
2588 3684 2944 3755 supposititiis
2990 3684 3232 3752 epistolis
3266 3694 3410 3738 stru-

1848 3788 1985 3844 ctas,
2016 3778 2260 3844 vulnera,
2290 3776 2557 3847 virginum
2600 3773 2992 3829 denudationes
3014 3815 3028 3839 ,
3060 3773 3268 3834 exsilia,
3321 3789 3411 3828 cc-

1847 3870 2131 3925 clesiarum
2191 3867 2550 3922 desolationcs
2575 3906 2589 3931 ,
2622 3866 2869 3921 incendia
2898 3906 2913 3928 ,
2946 3863 3323 3919 translationes
3378 3880 3408 3917 a

1848 3962 2149 4014 minoribus
2177 3960 2488 4014 civitatibus
2520 3959 2586 4012 ad
2618 3960 2848 4026 majores
2891 3958 3172 4020 dimcescs,
3202 3971 3263 4009 ae
3300 3970 3409 4024 pra:

1848 4053 2116 4115 omnibus,
2147 4052 2531 4106 exsecrantlam
2583 4050 2828 4104 haeresim
2862 4049 3147 4113 Arianam,
3180 4063 3297 4117 qua?
3347 4048 3411 4101 iis

1846 4145 2158 4197 auctoribus
2190 4156 2377 4196 contra
2415 4152 2616 4196 rectam
2648 4142 2804 4198 ﬁdem
2842 4140 3172 4205 insurrexit;
3209 4139 3412 4193 idcirco

1848 4233 2069 4286 dilectos
2109 4233 2323 4299 quidem
2372 4230 2566 4285 fratres
2623 4242 2677 4285 et
2736 4230 3138 4285 comministros
3196 4238 3409 4281 nostros

1848 4325 2207 4378 Athanasium
2236 4363 2249 4387 ,
2304 4322 2613 4376 Marcellum
2647 4331 2701 4375 et
2725 4321 3032 4388 Asclepam,
3082 4329 3135 4373 et
3168 4320 3256 4387 qui
3287 4334 3409 4372 cum

1848 4414 1950 4467 illis
1975 4412 2205 4465 ministri
2237 4420 2361 4465 sunt
2393 4410 2600 4463 Domini
2627 4449 2641 4473 ,
2688 4412 2999 4463 innocentes
3030 4416 3083 4462 et
3105 4422 3268 4477 puros
3291 4422 3411 4461 esse

1848 4504 2277 4567 declaravimus;
2333 4502 2514 4555 missis
2543 4502 2606 4555 ad
2635 4501 2874 4571 singulas
2906 4501 3170 4554 dimceses
3194 4498 3407 4561 litteris,

1848 4604 1907 4648 ut
1944 4594 2205 4661 cujusque
2251 4591 2507 4645 Ecclesia:
2550 4590 2729 4658 populi
2768 4590 2849 4644 sui
2882 4589 3112 4657 episcopi
3150 4588 3409 4643 innocen-

1850 4688 1977 4741 tiam
2013 4694 2326 4755 aguoscant,
2357 4698 2586 4750 cumque
2620 4697 2718 4752 pro
2770 4683 3027 4750 episcopo
3060 4678 3291 4734 habeant
3347 4694 3412 4733 ac

178 4765 444 4826 γινώσκειν
497 4770 733 4839 ἑκάστης
779 4771 1096 4842 Ἐκκλησίας
1139 4778 1262 4839 τοὺς
1293 4778 1452 4840 λαοὺς
1487 4777 1577 4829 τοῦ
1615 4777 1742 4830 ἰδίου

1853 4787 2161 4847 exspectent
2191 4777 2519 4831 redeuntem.
2552 4772 2676 4829 illos
2718 4784 2896 4828 autem
2926 4775 3039 4842 qui,
3059 4773 3233 4827 instar
3261 4770 3409 4840 lupo-

176 5059 365 5133 statex
404 5055 862 5133 przeredentibus,
911 5058 981 5113 ab
1040 5060 1342 5117 Athanasio
1394 5079 1734 5133 nequaquam

175 5124 454 5176 indicatum
488 5126 841 5183 arbitramur.

236 5191 345 5267 (831i
374 5195 582 5267 Theod.
611 5196 856 5267 Μυρσού.
886 5196 1051 5249 llilar.
1086 5216 1117 5250 (ι
1145 5200 1349 5255 Marsa.
1369 5203 1487 5258 Mox
1507 5203 1735 5267 Theo«l.,

171 5262 613 5337 76:;_06v_66‘:0i;
644 5262 907 5337 ἐλθοῦσιν.
962 5267 1125 5320 Paulo
1168 5282 1287 5337 post
1334 5275 1472 5327 idem
1526 5262 1739 5326 σύνοδον

173 5328 352 5411 ἐλθεῖν.
394 5333 515 5411 mox
549 5328 1321 5411 napafiaisivAauvsxgbp‘qeav.
1338 5343 1475 5396 Infra
1497 5344 1739 5395 ἐποιοῦν-

171 5403 381 5481 τορτρὸς
430 5403 682 5468 ἑαυτούς.
731 5408 934 5461 ῚἸιευιΙ.
972 5403 1200 5480 tat-Reg".
1254 5413 1391 5467 Editi
1430 5413 1549 5467 καθ’
1611 5417 1736 5466 ἐαυ-

168 5482 301 5529 τους.

233 5540 640 5628 ίξίίλΐῇςάγίᾳ
698 5548 793 5628 καὶ
833 5548 1074 5628 μεγάλη
1103 5553 1572 5628 συνόδῳ-’Τίιρο-«Ι.
1614 5553 1732 5628 Mn;

171 5602 664 5696 ἓσζξ.,’ὑάπξδημίαν
692 5602 1121 5696 ἐανδτῶνέίρυίῖίοί

331 5674 842 5763 δίιξ.ξ1“Ιίξευςιυῑιειιιεί.Δ
863 5686 1119 5763 _Hilarius_

172 5748 347 5824 uasius
389 5751 519 5805 alias
544 5769 785 5822 semper.
822 5758 1057 5826 Ἀρειον,
1086 5760 1292 5826 Arium,
1320 5748 1434 5819 non.
1453 5748 1578 5818 vero
1628 5764 1735 5817 Ma-

171 5828 229 5866 tta
239 5832 371 5871 rium
408 5834 619 5878 vocant.

1916 5064 2028 5132 (85l
2060 5063 2190 5131 Reg.
2239 5063 2610 5132 ἀπωδύραντο.
2646 5063 2785 5115 infra
2845 5063 2982 5115 idem
3006 5058 3246 5133 619606.
3284 5061 3411 5133 Post

1846 5130 1960 5187 hare
1996 5130 2199 5188 Theotl.
2241 5130 2480 5187 ἀπειλεῖν
2514 5134 2608 5186 καὶ
2641 5133 2999 5187 ἐντέλλεσθαι.
3056 5130 3300 5186 Valesius
3337 5130 3414 5182 le-

1847 5205 2077 5271 gendum
2139 5214 2289 5270 putat
2354 5203 2782 5272 ἐπαγγέλλεσθαι
2844 5204 2935 5257 καὶ
2986 5202 3255 5272 ἀπειλεῖν.
3305 5198 3413 5253 Sed

1847 5270 2107 5340 quorsum
2146 5274 2231 5326 illa
2266 5270 2553 5327 verborum
2613 5275 3016 5335 transmutatio,
3074 5286 3195 5340 cum
3243 5270 3412 5335 ἐπαγ-η

1846 5339 2132 5411 γέλλεσθαι
2165 5343 2396 5412 itlipsum
2428 5347 2499 5397 sit
2530 5346 2669 5411 quod
2702 5344 2962 5401 ἀπειλεῖν,
3010 5349 3070 5412 ut
3105 5339 3239 5412 alias
3272 5352 3414 5412 saepe

1845 5406 2344 5466 animadvertimus.
2410 5406 2575 5466 Paulo
2620 5425 2736 5478 post
2782 5413 2985 5464 Themi.
3036 5410 3093 5460 ἐν
3155 5408 3236 5460 ἐνὶ
3269 5406 3413 5478 ὀἴκῳ

1846 5482 2067 5545 πάντες,
2097 5484 2189 5536 sed
2245 5484 2435 5537 melius
2461 5474 2667 5543 πάντας
2691 5523 2705 5542 ,
2737 5492 2794 5533 ut
2830 5483 2989 5532 habet
3019 5478 3219 5531 Athan.
3268 5474 3410 5545 lul'ra

1843 5544 2286 5623 ἀνεκδιηγήτους.
2320 5553 2710 5623 Felckmannus
2739 5559 2892 5623 putat
2934 5547 3213 5623 legendum
3253 5544 3415 5623 ἀνεκε-

1844 5614 2195 5691 δικήτούς,’(δι
2220 5614 2348 5675 sane
2378 5622 2613 5675 Hilarius
2641 5622 2708 5671 ita
2739 5614 2885 5686 legit,
2912 5616 3000 5682 qui
3020 5614 3200 5691 habet
3231 5631 3245 5667 :
3287 5615 3413 5691 quia

1843 5685 1965 5761 ergo
2025 5709 2126 5745 non
2177 5694 2399 5757 oportuit
2457 5685 2825 5749 conticescere,
2872 5702 2961 5739 nec
3015 5685 3187 5738 iutilia
3230 5685 3415 5738 ruina:

1844 5779 2027 5899 reiSG)
2062 5831 2206 5884 Theo
2231 5832 2261 5882 ί.
2302 5838 2417 5896 post
2449 5828 2676 5888 πίστεως
2708 5825 2850 5879 addit
2886 5823 3003 5880 νῦν.
