  <div class='ocr_page' id='page_1' title='image "/cluster/home/n/w/nwhite01/storage/ocr_20150623/25/hvd.32044004972428/471.png"; bbox 0 0 3978 6508; ppageno 0'>
   <div class='ocr_carea' id='block_1_1' title="bbox 604 404 705 458">
    <p class='ocr_par' dir='ltr' id='par_1_1' title="bbox 604 404 705 458">
     <span class='ocr_line' id='line_1_1' title="bbox 604 404 705 458; baseline -0.02 0"><span class='ocrx_word' id='word_1_1' title='bbox 604 404 705 458; x_wconf 62' lang='grc'><strong>367</strong></span> 
     </span>
    </p>
   </div>
   <div class='ocr_carea' id='block_1_2' title="bbox 1161 389 2160 461">
    <p class='ocr_par' dir='ltr' id='par_1_2' title="bbox 1161 389 2135 455">
     <span class='ocr_line' id='line_1_2' title="bbox 1161 389 2135 455; baseline -0.002 -1"><span class='ocrx_word' id='word_1_2' title='bbox 1161 389 1239 455; x_wconf 76' lang='grc' dir='ltr'><em>’δῖ</em></span> <span class='ocrx_word' id='word_1_3' title='bbox 1272 397 1640 454; x_wconf 66' lang='lat' dir='ltr'><strong>Animas&quot;</strong></span> <span class='ocrx_word' id='word_1_4' title='bbox 1678 395 1827 455; x_wconf 74' lang='lat' dir='ltr'><strong>OP‘P.</strong></span> <span class='ocrx_word' id='word_1_5' title='bbox 1873 399 2056 453; x_wconf 74' lang='lat' dir='ltr'><strong>PARS</strong></span> <span class='ocrx_word' id='word_1_6' title='bbox 2095 392 2135 452; x_wconf 78' lang='grc' dir='ltr'><strong>ι.</strong></span> 
     </span>
    </p>
   </div>
   <div class='ocr_carea' id='block_1_3' title="bbox 2269 389 3241 461">
    <p class='ocr_par' dir='ltr' id='par_1_3' title="bbox 2284 396 3241 461">
     <span class='ocr_line' id='line_1_3' title="bbox 2284 396 3241 461; baseline 0.009 -10"><span class='ocrx_word' id='word_1_7' title='bbox 2284 396 2656 454; x_wconf 69' lang='grc' dir='ltr'><strong>ΗΙΞΤΟΒΙΟᾹ</strong></span> <span class='ocrx_word' id='word_1_8' title='bbox 2689 398 2779 454; x_wconf 86' lang='grc' dir='ltr'><strong>ΕΤ</strong></span> <span class='ocrx_word' id='word_1_9' title='bbox 2818 400 3241 461; x_wconf 72' lang='grc' dir='ltr'><strong>ΒΟΟΜΑΤΙΟΑ.</strong></span> 
     </span>
    </p>
   </div>
   <div class='ocr_carea' id='block_1_4' title="bbox 3745 410 3850 465">
    <p class='ocr_par' dir='ltr' id='par_1_4' title="bbox 3745 410 3850 465">
     <span class='ocr_line' id='line_1_4' title="bbox 3745 410 3850 465; baseline 0.019 -2"><span class='ocrx_word' id='word_1_10' title='bbox 3745 410 3850 465; x_wconf 72' lang='grc' dir='ltr'>διε</span> 
     </span>
    </p>
   </div>
   <div class='ocr_carea' id='block_1_5' title="bbox 606 514 2160 593">
    <p class='ocr_par' dir='ltr' id='par_1_5' title="bbox 606 516 2160 587">
     <span class='ocr_line' id='line_1_5' title="bbox 606 516 2160 587; baseline -0.003 -13"><span class='ocrx_word' id='word_1_11' title='bbox 606 522 707 574; x_wconf 81' lang='lat' dir='ltr'><strong>bus</strong></span> <span class='ocrx_word' id='word_1_12' title='bbox 735 532 813 584; x_wconf 85' lang='lat' dir='ltr'><strong>se,</strong></span> <span class='ocrx_word' id='word_1_13' title='bbox 842 533 937 587; x_wconf 88' lang='lat' dir='ltr'><strong>per</strong></span> <span class='ocrx_word' id='word_1_14' title='bbox 960 517 1142 571; x_wconf 81' lang='lat' dir='ltr'><strong>Jesum</strong></span> <span class='ocrx_word' id='word_1_15' title='bbox 1174 517 1445 572; x_wconf 75' lang='lat' dir='ltr'><strong>Christum</strong></span> <span class='ocrx_word' id='word_1_16' title='bbox 1480 516 1758 570; x_wconf 88' lang='lat' dir='ltr'><strong>Dominum</strong></span> <span class='ocrx_word' id='word_1_17' title='bbox 1787 526 2055 579; x_wconf 86' lang='lat' dir='ltr'><strong>nostrum,</strong></span> <span class='ocrx_word' id='word_1_18' title='bbox 2076 529 2160 584; x_wconf 87' lang='lat' dir='ltr'><strong>pet</strong></span> 
     </span>
    </p>
   </div>
   <div class='ocr_carea' id='block_1_6' title="bbox 2269 514 3857 593">
    <p class='ocr_par' dir='ltr' id='par_1_6' title="bbox 2278 514 3857 593">
     <span class='ocr_line' id='line_1_6' title="bbox 2278 514 3857 593; baseline 0.005 -24"><span class='ocrx_word' id='word_1_19' title='bbox 2278 518 2375 587; x_wconf 85' lang='grc' dir='ltr'><strong>μὸς</strong></span> <span class='ocrx_word' id='word_1_20' title='bbox 2407 519 2505 570; x_wconf 85' lang='grc' dir='ltr'><strong>οὐκ</strong></span> <span class='ocrx_word' id='word_1_21' title='bbox 2536 514 2663 584; x_wconf 79' lang='grc' dir='ltr'>εἶδε,</span> <span class='ocrx_word' id='word_1_22' title='bbox 2704 519 2795 571; x_wconf 72' lang='grc' dir='ltr'><strong>καὶ</strong></span> <span class='ocrx_word' id='word_1_23' title='bbox 2826 514 2917 581; x_wconf 77' lang='grc' dir='ltr'>οὖς</span> <span class='ocrx_word' id='word_1_24' title='bbox 2965 519 3063 572; x_wconf 89' lang='grc' dir='ltr'><strong>οὐκ</strong></span> <span class='ocrx_word' id='word_1_25' title='bbox 3098 521 3321 590; x_wconf 68' lang='grc' dir='ltr'>ἤκουσε,</span> <span class='ocrx_word' id='word_1_26' title='bbox 3367 519 3457 573; x_wconf 72' lang='grc' dir='ltr'><strong>καὶ</strong></span> <span class='ocrx_word' id='word_1_27' title='bbox 3489 523 3582 574; x_wconf 71' lang='grc' dir='ltr'><strong>ἐπὶ</strong></span> <span class='ocrx_word' id='word_1_28' title='bbox 3620 524 3857 593; x_wconf 86' lang='grc' dir='ltr'>καρδίαν</span> 
     </span>
    </p>
   </div>
   <div class='ocr_carea' id='block_1_7' title="bbox 601 608 2171 681">
    <p class='ocr_par' dir='ltr' id='par_1_7' title="bbox 601 608 2171 681">
     <span class='ocr_line' id='line_1_7' title="bbox 601 608 2171 681; baseline -0.003 -16"><span class='ocrx_word' id='word_1_29' title='bbox 601 626 773 681; x_wconf 85' lang='lat' dir='ltr'><strong>quem</strong></span> <span class='ocrx_word' id='word_1_30' title='bbox 808 611 1161 679; x_wconf 81' lang='lat' dir='ltr'><strong>omnipotenti</strong></span> <span class='ocrx_word' id='word_1_31' title='bbox 1212 611 1321 664; x_wconf 86' lang='lat' dir='ltr'><strong>Deo</strong></span> <span class='ocrx_word' id='word_1_32' title='bbox 1371 611 1541 678; x_wconf 78' lang='lat' dir='ltr'><strong>gloria</strong></span> <span class='ocrx_word' id='word_1_33' title='bbox 1590 610 1641 662; x_wconf 93' lang='lat' dir='ltr'><strong>in</strong></span> <span class='ocrx_word' id='word_1_34' title='bbox 1685 608 1879 662; x_wconf 66' lang='lat' dir='ltr'><strong>saecula</strong></span> <span class='ocrx_word' id='word_1_35' title='bbox 1943 608 2171 662; x_wconf 67' lang='lat' dir='ltr'><strong>smculo-</strong></span> 
     </span>
    </p>
   </div>
   <div class='ocr_carea' id='block_1_8' title="bbox 602 700 2168 768">
    <p class='ocr_par' dir='ltr' id='par_1_8' title="bbox 602 700 2168 768">
     <span class='ocr_line' id='line_1_8' title="bbox 602 700 2168 768; baseline -0.001 -12"><span class='ocrx_word' id='word_1_36' title='bbox 602 719 741 757; x_wconf 89' lang='lat' dir='ltr'><strong>rum.</strong></span> <span class='ocrx_word' id='word_1_37' title='bbox 781 704 971 756; x_wconf 76' lang='lat' dir='ltr'><strong>Amen.</strong></span> <span class='ocrx_word' id='word_1_38' title='bbox 1003 702 1193 756; x_wconf 70' lang='lat' dir='ltr'><strong>Valere</strong></span> <span class='ocrx_word' id='word_1_39' title='bbox 1242 718 1336 755; x_wconf 91' lang='lat' dir='ltr'><strong>vos</strong></span> <span class='ocrx_word' id='word_1_40' title='bbox 1374 703 1425 755; x_wconf 92' lang='lat' dir='ltr'><strong>in</strong></span> <span class='ocrx_word' id='word_1_41' title='bbox 1464 701 1691 755; x_wconf 87' lang='lat' dir='ltr'><strong>Domino</strong></span> <span class='ocrx_word' id='word_1_42' title='bbox 1726 712 1941 768; x_wconf 76' lang='lat' dir='ltr'><strong>exopto,</strong></span> <span class='ocrx_word' id='word_1_43' title='bbox 1971 700 2168 754; x_wconf 79' lang='lat' dir='ltr'><strong>fratres</strong></span> 
     </span>
    </p>
   </div>
   <div class='ocr_carea' id='block_1_9' title="bbox 600 794 807 848">
    <p class='ocr_par' dir='ltr' id='par_1_9' title="bbox 600 794 807 848">
     <span class='ocr_line' id='line_1_9' title="bbox 600 794 807 848; baseline 0.005 -2"><span class='ocrx_word' id='word_1_44' title='bbox 600 794 807 848; x_wconf 77' lang='lat' dir='ltr'><strong>dilecti.</strong></span> 
     </span>
    </p>
   </div>
   <div class='ocr_carea' id='block_1_10' title="bbox 2275 608 3859 683">
    <p class='ocr_par' dir='ltr' id='par_1_10' title="bbox 2275 608 3859 683">
     <span class='ocr_line' id='line_1_10' title="bbox 2275 608 3859 683; baseline 0.004 -23"><span class='ocrx_word' id='word_1_45' title='bbox 2275 608 2559 679; x_wconf 76' lang='grc' dir='ltr'>ἀνθρώπου</span> <span class='ocrx_word' id='word_1_46' title='bbox 2604 610 2703 662; x_wconf 80' lang='grc' dir='ltr'><strong>οὐκ</strong></span> <span class='ocrx_word' id='word_1_47' title='bbox 2746 611 2909 680; x_wconf 73' lang='grc' dir='ltr'>ἀνέϐη</span> <span class='ocrx_word' id='word_1_48' title='bbox 2945 610 2979 663; x_wconf 81' lang='grc' dir='ltr'>ἂ</span> <span class='ocrx_word' id='word_1_49' title='bbox 3019 612 3313 682; x_wconf 74' lang='grc' dir='ltr'>ἡτοίμασεν</span> <span class='ocrx_word' id='word_1_50' title='bbox 3348 615 3376 664; x_wconf 85' lang='grc' dir='ltr'>ὁ</span> <span class='ocrx_word' id='word_1_51' title='bbox 3405 614 3535 676; x_wconf 87' lang='grc' dir='ltr'>Θεὸς</span> <span class='ocrx_word' id='word_1_52' title='bbox 3566 617 3681 677; x_wconf 81' lang='grc' dir='ltr'>τοῖς</span> <span class='ocrx_word' id='word_1_53' title='bbox 3724 617 3859 683; x_wconf 80' lang='grc' dir='ltr'>ἀγα-</span> 
     </span>
    </p>
   </div>
   <div class='ocr_carea' id='block_1_11' title="bbox 2276 702 3855 778">
    <p class='ocr_par' dir='ltr' id='par_1_11' title="bbox 2276 702 3855 778">
     <span class='ocr_line' id='line_1_11' title="bbox 2276 702 3855 778; baseline 0.005 -25"><span class='ocrx_word' id='word_1_54' title='bbox 2276 702 2450 754; x_wconf 81' lang='grc' dir='ltr'>πῶσιν</span> <span class='ocrx_word' id='word_1_55' title='bbox 2483 703 2642 754; x_wconf 88' lang='grc' dir='ltr'>αὐτὸν</span> <span class='ocrx_word' id='word_1_56' title='bbox 2676 702 2762 755; x_wconf 81' lang='grc' dir='ltr'>διὰ</span> <span class='ocrx_word' id='word_1_57' title='bbox 2789 702 2881 755; x_wconf 77' lang='grc' dir='ltr'>τοῦ</span> <span class='ocrx_word' id='word_1_58' title='bbox 2916 703 3116 772; x_wconf 79' lang='grc' dir='ltr'>Κυρίου</span> <span class='ocrx_word' id='word_1_59' title='bbox 3168 704 3325 773; x_wconf 77' lang='grc' dir='ltr'>ἡμῶν</span> <span class='ocrx_word' id='word_1_60' title='bbox 3376 706 3549 774; x_wconf 84' lang='grc' dir='ltr'><strong>Ἰησοῦ</strong></span> <span class='ocrx_word' id='word_1_61' title='bbox 3588 708 3855 778; x_wconf 74' lang='grc' dir='ltr'>Χριστοῦ,</span> 
     </span>
    </p>
   </div>
   <div class='ocr_carea' id='block_1_12' title="bbox 2276 789 3857 865">
    <p class='ocr_par' dir='ltr' id='par_1_12' title="bbox 2276 789 3857 865">
     <span class='ocr_line' id='line_1_12' title="bbox 2276 789 3857 865; baseline 0.006 -22"><span class='ocrx_word' id='word_1_62' title='bbox 2276 792 2342 845; x_wconf 80' lang='grc' dir='ltr'>δι’</span> <span class='ocrx_word' id='word_1_63' title='bbox 2372 789 2432 847; x_wconf 76' lang='grc' dir='ltr'>οὗ</span> <span class='ocrx_word' id='word_1_64' title='bbox 2463 794 2541 864; x_wconf 82' lang='grc' dir='ltr'>τῷ</span> <span class='ocrx_word' id='word_1_65' title='bbox 2574 795 2967 865; x_wconf 53' lang='grc' dir='ltr'>παντοκράτολρι</span> <span class='ocrx_word' id='word_1_66' title='bbox 2995 795 3111 865; x_wconf 84' lang='grc' dir='ltr'><strong>Θεῴ</strong></span> <span class='ocrx_word' id='word_1_67' title='bbox 3140 798 3172 865; x_wconf 85' lang='grc' dir='ltr'>ἡ</span> <span class='ocrx_word' id='word_1_68' title='bbox 3206 795 3334 860; x_wconf 82' lang='grc' dir='ltr'><strong>δόξα</strong></span> <span class='ocrx_word' id='word_1_69' title='bbox 3373 800 3452 860; x_wconf 89' lang='grc' dir='ltr'><strong>είς</strong></span> <span class='ocrx_word' id='word_1_70' title='bbox 3490 801 3615 862; x_wconf 72' lang='grc' dir='ltr'>τοὺς</span> <span class='ocrx_word' id='word_1_71' title='bbox 3650 800 3857 863; x_wconf 77' lang='grc' dir='ltr'>αἰῶνας</span> 
     </span>
    </p>
   </div>
   <div class='ocr_carea' id='block_1_13' title="bbox 596 884 2889 958">
    <p class='ocr_par' dir='ltr' id='par_1_13' title="bbox 596 884 2889 958">
     <span class='ocr_line' id='line_1_13' title="bbox 596 884 2889 958; baseline 0.001 -21"><span class='ocrx_word' id='word_1_72' title='bbox 596 884 704 937; x_wconf 67' lang='grc' dir='ltr'><strong>’ὧν</strong></span> <span class='ocrx_word' id='word_1_73' title='bbox 733 885 961 940; x_wconf 80' lang='grc' dir='ltr'>αἰώνων.</span> <span class='ocrx_word' id='word_1_74' title='bbox 1005 887 1192 957; x_wconf 82' lang='grc' dir='ltr'>Ἀμήν.</span> <span class='ocrx_word' id='word_1_75' title='bbox 1257 888 1538 958; x_wconf 75' lang='grc' dir='ltr'>Ερῤὦσθαι</span> <span class='ocrx_word' id='word_1_76' title='bbox 1573 887 1715 955; x_wconf 77' lang='grc' dir='ltr'>ὑμᾶς</span> <span class='ocrx_word' id='word_1_77' title='bbox 1758 886 1815 937; x_wconf 85' lang='grc' dir='ltr'><strong>ἐν</strong></span> <span class='ocrx_word' id='word_1_78' title='bbox 1854 885 2043 956; x_wconf 78' lang='grc' dir='ltr'>Κυρίῳ</span> <span class='ocrx_word' id='word_1_79' title='bbox 2072 886 2321 957; x_wconf 73' lang='grc' dir='ltr'>εὔχομαι,</span> <span class='ocrx_word' id='word_1_80' title='bbox 2356 888 2627 958; x_wconf 73' lang='grc' dir='ltr'>ἀγαπητοὶ</span> <span class='ocrx_word' id='word_1_81' title='bbox 2654 888 2889 955; x_wconf 67' lang='grc' dir='ltr'>ἀδελφοί.</span> 
     </span>
    </p>
   </div>
   <div class='ocr_carea' id='block_1_14' title="bbox 670 979 2165 1046">
    <p class='ocr_par' dir='ltr' id='par_1_14' title="bbox 670 979 2165 1046">
     <span class='ocr_line' id='line_1_14' title="bbox 670 979 2165 1046; baseline -0.001 -13"><span class='ocrx_word' id='word_1_82' title='bbox 670 979 756 1033; x_wconf 72' lang='grc' dir='ltr'>δι.</span> <span class='ocrx_word' id='word_1_83' title='bbox 793 980 926 1034; x_wconf 85' lang='lat' dir='ltr'><strong>Cum</strong></span> <span class='ocrx_word' id='word_1_84' title='bbox 970 981 1052 1032; x_wconf 85' lang='lat' dir='ltr'><strong>his</strong></span> <span class='ocrx_word' id='word_1_85' title='bbox 1079 981 1453 1031; x_wconf 71' lang='lat' dir='ltr'><strong>advenientem</strong></span> <span class='ocrx_word' id='word_1_86' title='bbox 1504 994 1589 1031; x_wconf 85' lang='lat' dir='ltr'><strong>tne</strong></span> <span class='ocrx_word' id='word_1_87' title='bbox 1643 980 1937 1044; x_wconf 76' lang='lat' dir='ltr'><strong>imperator</strong></span> <span class='ocrx_word' id='word_1_88' title='bbox 1963 979 2165 1046; x_wconf 86' lang='lat' dir='ltr'><strong>perim-</strong></span> 
     </span>
    </p>
   </div>
   <div class='ocr_carea' id='block_1_15' title="bbox 604 1067 2168 1136">
    <p class='ocr_par' dir='ltr' id='par_1_15' title="bbox 604 1067 2168 1136">
     <span class='ocr_line' id='line_1_15' title="bbox 604 1067 2168 1136; baseline -0.001 -14"><span class='ocrx_word' id='word_1_89' title='bbox 604 1073 840 1124; x_wconf 87' lang='lat' dir='ltr'><strong>maniter</strong></span> <span class='ocrx_word' id='word_1_90' title='bbox 872 1072 1117 1132; x_wconf 88' lang='lat' dir='ltr'><strong>intuitus,</strong></span> <span class='ocrx_word' id='word_1_91' title='bbox 1160 1071 1224 1121; x_wconf 90' lang='lat' dir='ltr'><strong>ad</strong></span> <span class='ocrx_word' id='word_1_92' title='bbox 1258 1072 1488 1136; x_wconf 85' lang='lat' dir='ltr'><strong>patriam</strong></span> <span class='ocrx_word' id='word_1_93' title='bbox 1524 1067 1932 1135; x_wconf 83' lang='lat' dir='ltr'><strong>Ecclesiamque</strong></span> <span class='ocrx_word' id='word_1_94' title='bbox 1981 1070 2168 1134; x_wconf 85' lang='lat' dir='ltr'><strong>misit;</strong></span> 
     </span>
    </p>
   </div>
   <div class='ocr_carea' id='block_1_16' title="bbox 603 1159 2169 1229">
    <p class='ocr_par' dir='ltr' id='par_1_16' title="bbox 603 1159 2169 1229">
     <span class='ocr_line' id='line_1_16' title="bbox 603 1159 2169 1229; baseline 0.001 -16"><span class='ocrx_word' id='word_1_95' title='bbox 603 1176 722 1213; x_wconf 89' lang='lat' dir='ltr'><strong>cum</strong></span> <span class='ocrx_word' id='word_1_96' title='bbox 754 1162 836 1215; x_wconf 81' lang='lat' dir='ltr'><strong>liis</strong></span> <span class='ocrx_word' id='word_1_97' title='bbox 872 1161 937 1214; x_wconf 87' lang='lat' dir='ltr'><strong>ad</strong></span> <span class='ocrx_word' id='word_1_98' title='bbox 967 1161 1272 1227; x_wconf 83' lang='lat' dir='ltr'><strong>episcopos,</strong></span> <span class='ocrx_word' id='word_1_99' title='bbox 1305 1161 1675 1229; x_wconf 80' lang='lat' dir='ltr'><strong>presbyteros,</strong></span> <span class='ocrx_word' id='word_1_100' title='bbox 1717 1170 1771 1211; x_wconf 85' lang='lat' dir='ltr'><strong>et</strong></span> <span class='ocrx_word' id='word_1_101' title='bbox 1801 1159 2037 1227; x_wconf 87' lang='lat' dir='ltr'><strong>populos</strong></span> <span class='ocrx_word' id='word_1_102' title='bbox 2083 1161 2169 1214; x_wconf 86' lang='lat' dir='ltr'><strong>lit-</strong></span> 
     </span>
    </p>
   </div>
   <div class='ocr_carea' id='block_1_17' title="bbox 602 1250 753 1303">
    <p class='ocr_par' dir='ltr' id='par_1_17' title="bbox 602 1250 753 1303">
     <span class='ocr_line' id='line_1_17' title="bbox 602 1250 753 1303; baseline 0.007 -3"><span class='ocrx_word' id='word_1_103' title='bbox 602 1250 753 1303; x_wconf 89' lang='lat' dir='ltr'><strong>teris.</strong></span> 
     </span>
    </p>
   </div>
   <div class='ocr_carea' id='block_1_18' title="bbox 982 1382 1797 1440">
    <p class='ocr_par' dir='ltr' id='par_1_18' title="bbox 982 1382 1797 1440">
     <span class='ocr_line' id='line_1_18' title="bbox 982 1382 1797 1440; baseline 0.01 -8"><span class='ocrx_word' id='word_1_104' title='bbox 982 1382 1241 1437; x_wconf 81' lang='lat' dir='ltr'><strong>VICTOR</strong></span> <span class='ocrx_word' id='word_1_105' title='bbox 1273 1382 1797 1440; x_wconf 77' lang='lat' dir='ltr'><strong>CONSTANTIUS</strong></span> 
     </span>
    </p>
   </div>
   <div class='ocr_carea' id='block_1_19' title="bbox 1114 1494 1670 1562">
    <p class='ocr_par' dir='ltr' id='par_1_19' title="bbox 1114 1494 1670 1562">
     <span class='ocr_line' id='line_1_19' title="bbox 1114 1494 1670 1562; baseline -0.002 -14"><span class='ocrx_word' id='word_1_106' title='bbox 1114 1494 1375 1548; x_wconf 77' lang='lat' dir='ltr'><strong>Maximus</strong></span> <span class='ocrx_word' id='word_1_107' title='bbox 1411 1494 1670 1562; x_wconf 76' lang='lat' dir='ltr'><strong>Augustus</strong></span> 
     </span>
    </p>
   </div>
   <div class='ocr_carea' id='block_1_20' title="bbox 709 1562 2061 1634">
    <p class='ocr_par' dir='ltr' id='par_1_20' title="bbox 709 1562 2061 1634">
     <span class='ocr_line' id='line_1_20' title="bbox 709 1562 2061 1634; baseline 0.004 -18"><span class='ocrx_word' id='word_1_108' title='bbox 709 1562 979 1633; x_wconf 72' lang='lat' dir='ltr'><strong>Episcopi:</strong></span> <span class='ocrx_word' id='word_1_109' title='bbox 1013 1574 1059 1617; x_wconf 85' lang='lat' dir='ltr'><strong>et</strong></span> <span class='ocrx_word' id='word_1_110' title='bbox 1107 1567 1425 1634; x_wconf 66' lang='grc' dir='ltr'>μνειὺξμενὲε</span> <span class='ocrx_word' id='word_1_111' title='bbox 1486 1564 1757 1619; x_wconf 67' lang='lat' dir='ltr'><strong>catholica:</strong></span> <span class='ocrx_word' id='word_1_112' title='bbox 1793 1565 2061 1621; x_wconf 67' lang='lat' dir='ltr'><strong>Ecclesia.</strong></span> 
     </span>
    </p>
   </div>
   <div class='ocr_carea' id='block_1_21' title="bbox 670 1748 2169 1818">
    <p class='ocr_par' dir='ltr' id='par_1_21' title="bbox 670 1748 2169 1818">
     <span class='ocr_line' id='line_1_21' title="bbox 670 1748 2169 1818; baseline 0.003 -17"><span class='ocrx_word' id='word_1_113' title='bbox 670 1748 1022 1817; x_wconf 81' lang='lat' dir='ltr'><strong>Nequaquam</strong></span> <span class='ocrx_word' id='word_1_114' title='bbox 1050 1748 1342 1802; x_wconf 90' lang='lat' dir='ltr'><strong>destitutus</strong></span> <span class='ocrx_word' id='word_1_115' title='bbox 1378 1749 1467 1801; x_wconf 86' lang='lat' dir='ltr'><strong>Dei</strong></span> <span class='ocrx_word' id='word_1_116' title='bbox 1510 1750 1684 1818; x_wconf 83' lang='lat' dir='ltr'><strong>gratia</strong></span> <span class='ocrx_word' id='word_1_117' title='bbox 1719 1760 1801 1804; x_wconf 89' lang='lat' dir='ltr'><strong>est</strong></span> <span class='ocrx_word' id='word_1_118' title='bbox 1832 1751 2169 1806; x_wconf 85' lang='lat' dir='ltr'><strong>reverendis-</strong></span> 
     </span>
    </p>
   </div>
   <div class='ocr_carea' id='block_1_22' title="bbox 2347 980 3858 1057">
    <p class='ocr_par' dir='ltr' id='par_1_22' title="bbox 2347 980 3858 1057">
     <span class='ocr_line' id='line_1_22' title="bbox 2347 980 3858 1057; baseline 0.006 -25"><span class='ocrx_word' id='word_1_119' title='bbox 2347 980 2432 1034; x_wconf 76' lang='grc'><strong>54.</strong></span> <span class='ocrx_word' id='word_1_120' title='bbox 2474 981 2624 1034; x_wconf 85' lang='grc' dir='ltr'><strong>Μετὰ</strong></span> <span class='ocrx_word' id='word_1_121' title='bbox 2661 981 2865 1034; x_wconf 90' lang='grc' dir='ltr'>τούτων</span> <span class='ocrx_word' id='word_1_122' title='bbox 2915 981 3131 1035; x_wconf 78' lang='grc' dir='ltr'>ἐλθόντα</span> <span class='ocrx_word' id='word_1_123' title='bbox 3180 1002 3249 1054; x_wconf 88' lang='grc' dir='ltr'><strong>με</strong></span> <span class='ocrx_word' id='word_1_124' title='bbox 3282 986 3517 1054; x_wconf 79' lang='grc' dir='ltr'><strong>γνησίως</strong></span> <span class='ocrx_word' id='word_1_125' title='bbox 3549 986 3801 1057; x_wconf 78' lang='grc' dir='ltr'>ἑώρακεν</span> <span class='ocrx_word' id='word_1_126' title='bbox 3829 992 3858 1041; x_wconf 87' lang='grc' dir='ltr'><strong>ό</strong></span> 
     </span>
    </p>
   </div>
   <div class='ocr_carea' id='block_1_23' title="bbox 2280 1071 3856 1151">
    <p class='ocr_par' dir='ltr' id='par_1_23' title="bbox 2280 1071 3856 1151">
     <span class='ocr_line' id='line_1_23' title="bbox 2280 1071 3856 1151; baseline 0.006 -27"><span class='ocrx_word' id='word_1_127' title='bbox 2280 1071 2529 1141; x_wconf 79' lang='grc' dir='ltr'>βασιλεὺς</span> <span class='ocrx_word' id='word_1_128' title='bbox 2566 1075 2657 1127; x_wconf 72' lang='grc' dir='ltr'><strong>καὶ</strong></span> <span class='ocrx_word' id='word_1_129' title='bbox 2696 1074 2978 1127; x_wconf 84' lang='grc' dir='ltr'>ἀπέστειλε</span> <span class='ocrx_word' id='word_1_130' title='bbox 3016 1076 3149 1145; x_wconf 89' lang='grc' dir='ltr'>πρὸς</span> <span class='ocrx_word' id='word_1_131' title='bbox 3197 1077 3295 1148; x_wconf 84' lang='grc' dir='ltr'><strong>τὴν</strong></span> <span class='ocrx_word' id='word_1_132' title='bbox 3341 1080 3577 1149; x_wconf 78' lang='grc' dir='ltr'>πατρίδα</span> <span class='ocrx_word' id='word_1_133' title='bbox 3619 1082 3720 1133; x_wconf 72' lang='grc' dir='ltr'><strong>καὶ</strong></span> <span class='ocrx_word' id='word_1_134' title='bbox 3757 1082 3856 1151; x_wconf 70' lang='grc' dir='ltr'>τὴν</span> 
     </span>
    </p>
   </div>
   <div class='ocr_carea' id='block_1_24' title="bbox 2277 1163 3857 1244">
    <p class='ocr_par' dir='ltr' id='par_1_24' title="bbox 2277 1163 3857 1244">
     <span class='ocr_line' id='line_1_24' title="bbox 2277 1163 3857 1244; baseline 0.006 -28"><span class='ocrx_word' id='word_1_135' title='bbox 2277 1163 2623 1235; x_wconf 75' lang='grc' dir='ltr'>Ἐκκλησίαν,</span> <span class='ocrx_word' id='word_1_136' title='bbox 2650 1165 2864 1235; x_wconf 74' lang='grc' dir='ltr'>γράψας</span> <span class='ocrx_word' id='word_1_137' title='bbox 2879 1170 2986 1229; x_wconf 79' lang='grc' dir='ltr'>τοῖς</span> <span class='ocrx_word' id='word_1_138' title='bbox 3007 1167 3321 1232; x_wconf 76' lang='grc' dir='ltr'><strong>ἐπισκόποις</strong></span> <span class='ocrx_word' id='word_1_139' title='bbox 3342 1172 3435 1223; x_wconf 65' lang='grc' dir='ltr'><strong>καὶ</strong></span> <span class='ocrx_word' id='word_1_140' title='bbox 3463 1173 3857 1244; x_wconf 74' lang='grc' dir='ltr'>πρεσϐυτέροις</span> 
     </span>
    </p>
   </div>
   <div class='ocr_carea' id='block_1_25' title="bbox 2279 1257 2853 1320">
    <p class='ocr_par' dir='ltr' id='par_1_25' title="bbox 2279 1257 2853 1320">
     <span class='ocr_line' id='line_1_25' title="bbox 2279 1257 2853 1320; baseline 0.003 -11"><span class='ocrx_word' id='word_1_141' title='bbox 2279 1258 2371 1309; x_wconf 75' lang='grc' dir='ltr'>καὶ</span> <span class='ocrx_word' id='word_1_142' title='bbox 2398 1257 2543 1320; x_wconf 74' lang='grc' dir='ltr'>λαοῖς</span> <span class='ocrx_word' id='word_1_143' title='bbox 2570 1260 2760 1311; x_wconf 74' lang='grc' dir='ltr'>ταῦτα.</span> <span class='ocrx_word' id='word_1_144' title='bbox 2852 1278 2853 1281; x_wconf 68' lang='lat'>‘</span> 
     </span>
    </p>
   </div>
   <div class='ocr_carea' id='block_1_26' title="bbox 2616 1396 3479 1454">
    <p class='ocr_par' dir='ltr' id='par_1_26' title="bbox 2616 1396 3479 1454">
     <span class='ocr_line' id='line_1_26' title="bbox 2616 1396 3479 1454; baseline 0.008 -7"><span class='ocrx_word' id='word_1_145' title='bbox 2616 1396 2799 1449; x_wconf 83' lang='lat' dir='ltr'><strong><em>NIKH</em></strong></span> <span class='ocrx_word' id='word_1_146' title='bbox 2807 1398 2938 1449; x_wconf 81' lang='grc' dir='ltr'><strong>ΤΗΣ</strong></span> <span class='ocrx_word' id='word_1_147' title='bbox 2971 1398 3479 1454; x_wconf 83' lang='grc' dir='ltr'><strong>ΚΩΝΣΤᾸΝΤΙΟΣ</strong></span> 
     </span>
    </p>
   </div>
   <div class='ocr_carea' id='block_1_27' title="bbox 2746 1505 3380 1574">
    <p class='ocr_par' dir='ltr' id='par_1_27' title="bbox 2746 1505 3380 1574">
     <span class='ocr_line' id='line_1_27' title="bbox 2746 1505 3380 1574; baseline 0.009 -17"><span class='ocrx_word' id='word_1_148' title='bbox 2746 1505 3038 1574; x_wconf 83' lang='grc' dir='ltr'><strong>Μέγιστος</strong></span> <span class='ocrx_word' id='word_1_149' title='bbox 3083 1509 3380 1574; x_wconf 75' lang='grc' dir='ltr'>σεϐαστός</span> 
     </span>
    </p>
   </div>
   <div class='ocr_carea' id='block_1_28' title="bbox 2287 1570 3855 1654">
    <p class='ocr_par' dir='ltr' id='par_1_28' title="bbox 2287 1570 3855 1654">
     <span class='ocr_line' id='line_1_28' title="bbox 2287 1570 3855 1654; baseline 0.01 -32"><span class='ocrx_word' id='word_1_150' title='bbox 2287 1570 2666 1640; x_wconf 82' lang='grc' dir='ltr'>Ἑπισκόποις</span> <span class='ocrx_word' id='word_1_151' title='bbox 2718 1576 2813 1628; x_wconf 82' lang='grc' dir='ltr'>καὶ</span> <span class='ocrx_word' id='word_1_152' title='bbox 2846 1570 3289 1654; x_wconf 46' lang='grc' dir='ltr'>’πρεσβυτέροις</span> <span class='ocrx_word' id='word_1_153' title='bbox 3335 1570 3447 1646; x_wconf 61' lang='grc' dir='ltr'>τῆς</span> <span class='ocrx_word' id='word_1_154' title='bbox 3503 1580 3855 1654; x_wconf 69' lang='grc' dir='ltr'>Καθολικῆς</span> 
     </span>
    </p>
   </div>
   <div class='ocr_carea' id='block_1_29' title="bbox 2865 1647 3242 1714">
    <p class='ocr_par' dir='ltr' id='par_1_29' title="bbox 2865 1647 3242 1714">
     <span class='ocr_line' id='line_1_29' title="bbox 2865 1647 3242 1714; baseline 0 -16"><span class='ocrx_word' id='word_1_155' title='bbox 2865 1647 3242 1714; x_wconf 71' lang='grc' dir='ltr'>Ἐκκλησίας.</span> 
     </span>
    </p>
   </div>
   <div class='ocr_carea' id='block_1_30' title="bbox 2347 1751 3847 1836">
    <p class='ocr_par' dir='ltr' id='par_1_30' title="bbox 2347 1751 3847 1836">
     <span class='ocr_line' id='line_1_30' title="bbox 2347 1751 3847 1836; baseline 0.013 -33"><span class='ocrx_word' id='word_1_156' title='bbox 2347 1751 2457 1823; x_wconf 78' lang='lat' dir='ltr'><strong>(5i)</strong></span> <span class='ocrx_word' id='word_1_157' title='bbox 2491 1753 2602 1806; x_wconf 90' lang='grc' dir='ltr'>Οὐκ</span> <span class='ocrx_word' id='word_1_158' title='bbox 2627 1754 2925 1828; x_wconf 73' lang='grc' dir='ltr'><strong>ἀπελείφθη</strong></span> <span class='ocrx_word' id='word_1_159' title='bbox 2964 1758 3061 1828; x_wconf 82' lang='grc' dir='ltr'>τῆς</span> <span class='ocrx_word' id='word_1_160' title='bbox 3102 1760 3194 1812; x_wconf 85' lang='grc' dir='ltr'><strong>τού</strong></span> <span class='ocrx_word' id='word_1_161' title='bbox 3233 1760 3366 1814; x_wconf 81' lang='grc' dir='ltr'>Θεοῦ</span> <span class='ocrx_word' id='word_1_162' title='bbox 3394 1764 3618 1836; x_wconf 85' lang='grc' dir='ltr'>χάριτος</span> <span class='ocrx_word' id='word_1_163' title='bbox 3652 1769 3682 1820; x_wconf 84' lang='grc' dir='ltr'>ὀ</span> <span class='ocrx_word' id='word_1_164' title='bbox 3705 1768 3847 1821; x_wconf 76' lang='grc' dir='ltr'>αἰδεο</span> 
     </span>
    </p>
   </div>
   <div class='ocr_carea' id='block_1_31' title="bbox 599 1841 2160 1931">
    <p class='ocr_par' dir='ltr' id='par_1_31' title="bbox 599 1841 2160 1914">
     <span class='ocr_line' id='line_1_31' title="bbox 599 1841 2160 1914; baseline 0.001 -20"><span class='ocrx_word' id='word_1_165' title='bbox 599 1842 772 1895; x_wconf 85' lang='lat' dir='ltr'><strong>simus</strong></span> <span class='ocrx_word' id='word_1_166' title='bbox 810 1841 1171 1902; x_wconf 85' lang='lat' dir='ltr'><strong>Athanasius;</strong></span> <span class='ocrx_word' id='word_1_167' title='bbox 1226 1843 1319 1896; x_wconf 90' lang='lat' dir='ltr'><strong>sed</strong></span> <span class='ocrx_word' id='word_1_168' title='bbox 1358 1844 1480 1896; x_wconf 90' lang='lat' dir='ltr'><strong>licet</strong></span> <span class='ocrx_word' id='word_1_169' title='bbox 1524 1843 1589 1895; x_wconf 85' lang='lat' dir='ltr'><strong>ad</strong></span> <span class='ocrx_word' id='word_1_170' title='bbox 1634 1844 1795 1896; x_wconf 86' lang='lat' dir='ltr'><strong>breve</strong></span> <span class='ocrx_word' id='word_1_171' title='bbox 1830 1855 2037 1914; x_wconf 88' lang='lat' dir='ltr'><strong>tempus</strong></span> <span class='ocrx_word' id='word_1_172' title='bbox 2073 1847 2160 1898; x_wconf 87' lang='lat' dir='ltr'><strong>hu-</strong></span> 
     </span>
    </p>
   </div>
   <div class='ocr_carea' id='block_1_32' title="bbox 2269 1841 3849 1931">
    <p class='ocr_par' dir='ltr' id='par_1_32' title="bbox 2273 1842 3849 1931">
     <span class='ocr_line' id='line_1_32' title="bbox 2273 1842 3849 1931; baseline 0.015 -38"><span class='ocrx_word' id='word_1_173' title='bbox 2273 1842 2578 1913; x_wconf 84' lang='grc' dir='ltr'>σιμώτατος</span> <span class='ocrx_word' id='word_1_174' title='bbox 2622 1845 2953 1912; x_wconf 84' lang='grc' dir='ltr'>Ἀθανάσιος,</span> <span class='ocrx_word' id='word_1_175' title='bbox 2988 1849 3100 1902; x_wconf 85' lang='grc' dir='ltr'>ἀλλ’</span> <span class='ocrx_word' id='word_1_176' title='bbox 3138 1854 3187 1904; x_wconf 87' lang='grc' dir='ltr'>εἰ</span> <span class='ocrx_word' id='word_1_177' title='bbox 3228 1855 3321 1906; x_wconf 77' lang='grc' dir='ltr'><strong>καὶ</strong></span> <span class='ocrx_word' id='word_1_178' title='bbox 3350 1857 3405 1909; x_wconf 81' lang='grc' dir='ltr'>ὲν</span> <span class='ocrx_word' id='word_1_179' title='bbox 3438 1857 3637 1928; x_wconf 84' lang='grc' dir='ltr'>βραχεῖ</span> <span class='ocrx_word' id='word_1_180' title='bbox 3676 1861 3849 1931; x_wconf 83' lang='grc' dir='ltr'>χρόνῳ</span> 
     </span>
    </p>
   </div>
   <div class='ocr_carea' id='block_1_33' title="bbox 601 1934 2165 2003">
    <p class='ocr_par' dir='ltr' id='par_1_33' title="bbox 601 1934 2165 2003">
     <span class='ocr_line' id='line_1_33' title="bbox 601 1934 2165 2003; baseline 0.003 -16"><span class='ocrx_word' id='word_1_181' title='bbox 601 1951 772 1988; x_wconf 68' lang='lat' dir='ltr'><strong>mana:</strong></span> <span class='ocrx_word' id='word_1_182' title='bbox 814 1934 1115 2003; x_wconf 87' lang='lat' dir='ltr'><strong>probationi</strong></span> <span class='ocrx_word' id='word_1_183' title='bbox 1169 1934 1445 2001; x_wconf 81' lang='lat' dir='ltr'><strong>subjectus</strong></span> <span class='ocrx_word' id='word_1_184' title='bbox 1477 1934 1663 1998; x_wconf 79' lang='lat' dir='ltr'><strong>fuerit,</strong></span> <span class='ocrx_word' id='word_1_185' title='bbox 1715 1935 1953 1988; x_wconf 88' lang='lat' dir='ltr'><strong>debitum</strong></span> <span class='ocrx_word' id='word_1_186' title='bbox 1990 1946 2165 1991; x_wconf 73' lang='lat' dir='ltr'><strong>tamen</strong></span> 
     </span>
    </p>
   </div>
   <div class='ocr_carea' id='block_1_34' title="bbox 597 2026 2169 2094">
    <p class='ocr_par' dir='ltr' id='par_1_34' title="bbox 597 2026 2169 2094">
     <span class='ocr_line' id='line_1_34' title="bbox 597 2026 2169 2094; baseline 0.001 -16"><span class='ocrx_word' id='word_1_187' title='bbox 597 2040 626 2078; x_wconf 84' lang='lat' dir='ltr'><strong>a</strong></span> <span class='ocrx_word' id='word_1_188' title='bbox 685 2026 1021 2094; x_wconf 79' lang='lat' dir='ltr'><strong>providentia</strong></span> <span class='ocrx_word' id='word_1_189' title='bbox 1056 2030 1298 2078; x_wconf 87' lang='lat' dir='ltr'><strong>omnium</strong></span> <span class='ocrx_word' id='word_1_190' title='bbox 1350 2041 1533 2079; x_wconf 90' lang='lat' dir='ltr'><strong>rerum</strong></span> <span class='ocrx_word' id='word_1_191' title='bbox 1596 2026 1923 2092; x_wconf 85' lang='lat' dir='ltr'><strong>inspectrice</strong></span> <span class='ocrx_word' id='word_1_192' title='bbox 1984 2027 2169 2080; x_wconf 88' lang='lat' dir='ltr'><strong>retulit</strong></span> 
     </span>
    </p>
   </div>
   <div class='ocr_carea' id='block_1_35' title="bbox 595 2117 2167 2187">
    <p class='ocr_par' dir='ltr' id='par_1_35' title="bbox 595 2117 2167 2187">
     <span class='ocr_line' id='line_1_35' title="bbox 595 2117 2167 2187; baseline 0.003 -19"><span class='ocrx_word' id='word_1_193' title='bbox 595 2118 884 2179; x_wconf 79' lang='lat' dir='ltr'><strong>calculum,</strong></span> <span class='ocrx_word' id='word_1_194' title='bbox 914 2132 979 2172; x_wconf 86' lang='lat' dir='ltr'><strong>ac</strong></span> <span class='ocrx_word' id='word_1_195' title='bbox 1007 2117 1095 2171; x_wconf 89' lang='lat' dir='ltr'><strong>Dei</strong></span> <span class='ocrx_word' id='word_1_196' title='bbox 1122 2118 1403 2172; x_wconf 80' lang='lat' dir='ltr'><strong>voluntate</strong></span> <span class='ocrx_word' id='word_1_197' title='bbox 1431 2128 1721 2186; x_wconf 87' lang='lat' dir='ltr'><strong>nostroque</strong></span> <span class='ocrx_word' id='word_1_198' title='bbox 1748 2117 1952 2185; x_wconf 89' lang='lat' dir='ltr'><strong>judicio</strong></span> <span class='ocrx_word' id='word_1_199' title='bbox 1981 2118 2167 2187; x_wconf 65' lang='lat' dir='ltr'><strong>patria:</strong></span> 
     </span>
    </p>
   </div>
   <div class='ocr_carea' id='block_1_36' title="bbox 596 2208 2168 2280">
    <p class='ocr_par' dir='ltr' id='par_1_36' title="bbox 596 2208 2168 2280">
     <span class='ocr_line' id='line_1_36' title="bbox 596 2208 2168 2280; baseline 0.002 -19"><span class='ocrx_word' id='word_1_200' title='bbox 596 2208 759 2261; x_wconf 86' lang='lat' dir='ltr'><strong>simul</strong></span> <span class='ocrx_word' id='word_1_201' title='bbox 788 2218 841 2261; x_wconf 87' lang='lat' dir='ltr'><strong>et</strong></span> <span class='ocrx_word' id='word_1_202' title='bbox 877 2208 1153 2271; x_wconf 67' lang='lat' dir='ltr'><strong>Ecclesiae,</strong></span> <span class='ocrx_word' id='word_1_203' title='bbox 1187 2210 1271 2263; x_wconf 88' lang='lat' dir='ltr'><strong>cui</strong></span> <span class='ocrx_word' id='word_1_204' title='bbox 1312 2210 1494 2263; x_wconf 89' lang='lat' dir='ltr'><strong>divino</strong></span> <span class='ocrx_word' id='word_1_205' title='bbox 1537 2222 1666 2263; x_wconf 88' lang='lat' dir='ltr'><strong>nutu</strong></span> <span class='ocrx_word' id='word_1_206' title='bbox 1708 2211 2049 2280; x_wconf 68' lang='lat' dir='ltr'><strong>prmsidebat,</strong></span> <span class='ocrx_word' id='word_1_207' title='bbox 2086 2221 2168 2265; x_wconf 88' lang='lat' dir='ltr'><strong>est</strong></span> 
     </span>
    </p>
   </div>
   <div class='ocr_carea' id='block_1_37' title="bbox 598 2300 2168 2372">
    <p class='ocr_par' dir='ltr' id='par_1_37' title="bbox 598 2300 2168 2372">
     <span class='ocr_line' id='line_1_37' title="bbox 598 2300 2168 2372; baseline 0.001 -18"><span class='ocrx_word' id='word_1_208' title='bbox 598 2302 906 2354; x_wconf 87' lang='lat' dir='ltr'><strong>restitutus.</strong></span> <span class='ocrx_word' id='word_1_209' title='bbox 947 2300 1102 2354; x_wconf 86' lang='lat' dir='ltr'><strong>Hunc</strong></span> <span class='ocrx_word' id='word_1_210' title='bbox 1131 2302 1306 2369; x_wconf 88' lang='lat' dir='ltr'><strong>ipsum</strong></span> <span class='ocrx_word' id='word_1_211' title='bbox 1346 2317 1465 2369; x_wconf 77' lang='lat' dir='ltr'><strong>quae</strong></span> <span class='ocrx_word' id='word_1_212' title='bbox 1497 2313 1861 2356; x_wconf 88' lang='lat' dir='ltr'><strong>consentanea</strong></span> <span class='ocrx_word' id='word_1_213' title='bbox 1885 2312 2039 2356; x_wconf 91' lang='lat' dir='ltr'><strong>erant</strong></span> <span class='ocrx_word' id='word_1_214' title='bbox 2069 2318 2168 2372; x_wconf 89' lang='lat' dir='ltr'><strong>par</strong></span> 
     </span>
    </p>
   </div>
   <div class='ocr_carea' id='block_1_38' title="bbox 597 2390 2169 2463">
    <p class='ocr_par' dir='ltr' id='par_1_38' title="bbox 597 2390 2169 2463">
     <span class='ocr_line' id='line_1_38' title="bbox 597 2390 2169 2463; baseline 0.003 -21"><span class='ocrx_word' id='word_1_215' title='bbox 597 2390 698 2443; x_wconf 82' lang='lat' dir='ltr'><strong>fuit</strong></span> <span class='ocrx_word' id='word_1_216' title='bbox 728 2406 755 2442; x_wconf 88' lang='lat' dir='ltr'><strong>a</strong></span> <span class='ocrx_word' id='word_1_217' title='bbox 796 2400 980 2444; x_wconf 86' lang='lat' dir='ltr'><strong>nostra</strong></span> <span class='ocrx_word' id='word_1_218' title='bbox 1011 2391 1348 2444; x_wconf 82' lang='lat' dir='ltr'><strong>humanitate</strong></span> <span class='ocrx_word' id='word_1_219' title='bbox 1377 2393 1636 2459; x_wconf 79' lang='lat' dir='ltr'><strong>consequi</strong></span> <span class='ocrx_word' id='word_1_220' title='bbox 1671 2408 1685 2456; x_wconf 92' lang='lat'><strong>;</strong></span> <span class='ocrx_word' id='word_1_221' title='bbox 1726 2393 1795 2445; x_wconf 88' lang='lat' dir='ltr'><strong>ita</strong></span> <span class='ocrx_word' id='word_1_222' title='bbox 1830 2402 1890 2447; x_wconf 93' lang='lat' dir='ltr'><strong>ut</strong></span> <span class='ocrx_word' id='word_1_223' title='bbox 1914 2409 2169 2463; x_wconf 69' lang='lat' dir='ltr'><strong>quaecun-</strong></span> 
     </span>
    </p>
   </div>
   <div class='ocr_carea' id='block_1_39' title="bbox 594 2481 2169 2550">
    <p class='ocr_par' dir='ltr' id='par_1_39' title="bbox 594 2481 2169 2550">
     <span class='ocr_line' id='line_1_39' title="bbox 594 2481 2169 2550; baseline 0.004 -19"><span class='ocrx_word' id='word_1_224' title='bbox 594 2496 702 2549; x_wconf 86' lang='lat' dir='ltr'><strong>que</strong></span> <span class='ocrx_word' id='word_1_225' title='bbox 732 2482 965 2534; x_wconf 88' lang='lat' dir='ltr'><strong>antehac</strong></span> <span class='ocrx_word' id='word_1_226' title='bbox 999 2490 1187 2534; x_wconf 87' lang='lat' dir='ltr'><strong>contra</strong></span> <span class='ocrx_word' id='word_1_227' title='bbox 1240 2481 1360 2534; x_wconf 90' lang='lat' dir='ltr'><strong>illos</strong></span> <span class='ocrx_word' id='word_1_228' title='bbox 1401 2481 1493 2550; x_wconf 92' lang='lat' dir='ltr'><strong>qui</strong></span> <span class='ocrx_word' id='word_1_229' title='bbox 1541 2497 1664 2537; x_wconf 90' lang='lat' dir='ltr'><strong>cum</strong></span> <span class='ocrx_word' id='word_1_230' title='bbox 1697 2497 1762 2536; x_wconf 91' lang='lat' dir='ltr'><strong>eo</strong></span> <span class='ocrx_word' id='word_1_231' title='bbox 1807 2485 2169 2537; x_wconf 87' lang='lat' dir='ltr'><strong>communica-</strong></span> 
     </span>
    </p>
   </div>
   <div class='ocr_carea' id='block_1_40' title="bbox 594 2572 2162 2641">
    <p class='ocr_par' dir='ltr' id='par_1_40' title="bbox 594 2572 2162 2641">
     <span class='ocr_line' id='line_1_40' title="bbox 594 2572 2162 2641; baseline 0.002 -16"><span class='ocrx_word' id='word_1_232' title='bbox 594 2572 725 2625; x_wconf 86' lang='lat' dir='ltr'><strong>bant</strong></span> <span class='ocrx_word' id='word_1_233' title='bbox 754 2573 969 2626; x_wconf 86' lang='lat' dir='ltr'><strong>decreta</strong></span> <span class='ocrx_word' id='word_1_234' title='bbox 1007 2582 1157 2636; x_wconf 91' lang='lat' dir='ltr'><strong>sunt,</strong></span> <span class='ocrx_word' id='word_1_235' title='bbox 1181 2573 1294 2641; x_wconf 87' lang='lat' dir='ltr'><strong>jam</strong></span> <span class='ocrx_word' id='word_1_236' title='bbox 1328 2572 1581 2627; x_wconf 91' lang='lat' dir='ltr'><strong>oblivioni</strong></span> <span class='ocrx_word' id='word_1_237' title='bbox 1623 2575 1925 2638; x_wconf 87' lang='lat' dir='ltr'><strong>tradantur,</strong></span> <span class='ocrx_word' id='word_1_238' title='bbox 1955 2575 2162 2629; x_wconf 92' lang='lat' dir='ltr'><strong>omnis-</strong></span> 
     </span>
    </p>
   </div>
   <div class='ocr_carea' id='block_1_41' title="bbox 594 2665 2163 2734">
    <p class='ocr_par' dir='ltr' id='par_1_41' title="bbox 594 2665 2163 2734">
     <span class='ocr_line' id='line_1_41' title="bbox 594 2665 2163 2734; baseline 0.001 -18"><span class='ocrx_word' id='word_1_239' title='bbox 594 2680 701 2733; x_wconf 88' lang='lat' dir='ltr'><strong>que</strong></span> <span class='ocrx_word' id='word_1_240' title='bbox 739 2665 1000 2718; x_wconf 83' lang='lat' dir='ltr'><strong>adversus</strong></span> <span class='ocrx_word' id='word_1_241' title='bbox 1028 2665 1145 2718; x_wconf 91' lang='lat' dir='ltr'><strong>illos</strong></span> <span class='ocrx_word' id='word_1_242' title='bbox 1176 2665 1412 2733; x_wconf 88' lang='lat' dir='ltr'><strong>suspicio</strong></span> <span class='ocrx_word' id='word_1_243' title='bbox 1441 2665 1492 2717; x_wconf 92' lang='lat' dir='ltr'><strong>in</strong></span> <span class='ocrx_word' id='word_1_244' title='bbox 1530 2674 1805 2734; x_wconf 87' lang='lat' dir='ltr'><strong>posterum</strong></span> <span class='ocrx_word' id='word_1_245' title='bbox 1835 2665 2046 2719; x_wconf 90' lang='lat' dir='ltr'><strong>desinat</strong></span> <span class='ocrx_word' id='word_1_246' title='bbox 2068 2685 2081 2717; x_wconf 88' lang='lat'><strong>:</strong></span> <span class='ocrx_word' id='word_1_247' title='bbox 2106 2675 2163 2718; x_wconf 89' lang='lat' dir='ltr'><strong>et</strong></span> 
     </span>
    </p>
   </div>
   <div class='ocr_carea' id='block_1_42' title="bbox 596 2756 2165 2826">
    <p class='ocr_par' dir='ltr' id='par_1_42' title="bbox 596 2756 2165 2826">
     <span class='ocr_line' id='line_1_42' title="bbox 596 2756 2165 2826; baseline 0.002 -18"><span class='ocrx_word' id='word_1_248' title='bbox 596 2756 935 2818; x_wconf 90' lang='lat' dir='ltr'><strong>immunitas,</strong></span> <span class='ocrx_word' id='word_1_249' title='bbox 970 2772 1074 2826; x_wconf 87' lang='lat' dir='ltr'><strong>qua</strong></span> <span class='ocrx_word' id='word_1_250' title='bbox 1117 2757 1301 2811; x_wconf 87' lang='lat' dir='ltr'><strong>clerici</strong></span> <span class='ocrx_word' id='word_1_251' title='bbox 1330 2758 1424 2825; x_wconf 91' lang='lat' dir='ltr'><strong>qui</strong></span> <span class='ocrx_word' id='word_1_252' title='bbox 1452 2773 1572 2811; x_wconf 91' lang='lat' dir='ltr'><strong>cum</strong></span> <span class='ocrx_word' id='word_1_253' title='bbox 1613 2772 1679 2811; x_wconf 93' lang='lat' dir='ltr'><strong>eo</strong></span> <span class='ocrx_word' id='word_1_254' title='bbox 1704 2768 1828 2811; x_wconf 90' lang='lat' dir='ltr'><strong>sunt</strong></span> <span class='ocrx_word' id='word_1_255' title='bbox 1857 2758 1985 2811; x_wconf 90' lang='lat' dir='ltr'><strong>olim</strong></span> <span class='ocrx_word' id='word_1_256' title='bbox 2021 2758 2165 2811; x_wconf 78' lang='lat' dir='ltr'><strong>frue-</strong></span> 
     </span>
    </p>
   </div>
   <div class='ocr_carea' id='block_1_43' title="bbox 592 2844 2161 2913">
    <p class='ocr_par' dir='ltr' id='par_1_43' title="bbox 592 2844 2161 2913">
     <span class='ocr_line' id='line_1_43' title="bbox 592 2844 2161 2913; baseline 0.001 -14"><span class='ocrx_word' id='word_1_257' title='bbox 592 2844 831 2910; x_wconf 79' lang='lat' dir='ltr'><strong>bantur,</strong></span> <span class='ocrx_word' id='word_1_258' title='bbox 886 2846 991 2900; x_wconf 88' lang='lat' dir='ltr'><strong>illis</strong></span> <span class='ocrx_word' id='word_1_259' title='bbox 1036 2856 1092 2899; x_wconf 90' lang='lat' dir='ltr'><strong>ut</strong></span> <span class='ocrx_word' id='word_1_260' title='bbox 1128 2848 1281 2902; x_wconf 85' lang='lat' dir='ltr'><strong>decet</strong></span> <span class='ocrx_word' id='word_1_261' title='bbox 1330 2847 1702 2902; x_wconf 81' lang='lat' dir='ltr'><strong>conﬁrmetur.</strong></span> <span class='ocrx_word' id='word_1_262' title='bbox 1749 2847 1888 2913; x_wconf 87' lang='lat' dir='ltr'><strong>Quin</strong></span> <span class='ocrx_word' id='word_1_263' title='bbox 1933 2858 1986 2901; x_wconf 92' lang='lat' dir='ltr'><strong>et</strong></span> <span class='ocrx_word' id='word_1_264' title='bbox 2035 2847 2161 2901; x_wconf 84' lang='lat' dir='ltr'><strong>illud</strong></span> 
     </span>
    </p>
   </div>
   <div class='ocr_carea' id='block_1_44' title="bbox 582 2936 2161 3009">
    <p class='ocr_par' dir='ltr' id='par_1_44' title="bbox 582 2936 2161 3009">
     <span class='ocr_line' id='line_1_44' title="bbox 582 2936 2161 3009; baseline 0.003 -18"><span class='ocrx_word' id='word_1_265' title='bbox 582 2936 782 3004; x_wconf 68' lang='lat' dir='ltr'><strong>gratia:</strong></span> <span class='ocrx_word' id='word_1_266' title='bbox 827 2937 1184 3005; x_wconf 86' lang='lat' dir='ltr'><strong>adjiciendum</strong></span> <span class='ocrx_word' id='word_1_267' title='bbox 1221 2937 1467 2991; x_wconf 85' lang='lat' dir='ltr'><strong>arbitrati</strong></span> <span class='ocrx_word' id='word_1_268' title='bbox 1512 2953 1721 3003; x_wconf 90' lang='lat' dir='ltr'><strong>sumus,</strong></span> <span class='ocrx_word' id='word_1_269' title='bbox 1756 2948 1814 2993; x_wconf 90' lang='lat' dir='ltr'><strong>ut</strong></span> <span class='ocrx_word' id='word_1_270' title='bbox 1841 2955 2030 2995; x_wconf 90' lang='lat' dir='ltr'><strong>omnes</strong></span> <span class='ocrx_word' id='word_1_271' title='bbox 2070 2942 2161 3009; x_wconf 85' lang='lat' dir='ltr'><strong>qui</strong></span> 
     </span>
    </p>
   </div>
   <div class='ocr_carea' id='block_1_45' title="bbox 594 3028 2156 3097">
    <p class='ocr_par' dir='ltr' id='par_1_45' title="bbox 594 3028 2156 3097">
     <span class='ocr_line' id='line_1_45' title="bbox 594 3028 2156 3097; baseline 0.004 -19"><span class='ocrx_word' id='word_1_272' title='bbox 594 3030 647 3079; x_wconf 85' lang='lat' dir='ltr'><strong>in</strong></span> <span class='ocrx_word' id='word_1_273' title='bbox 701 3042 855 3081; x_wconf 86' lang='lat' dir='ltr'><strong>sacro</strong></span> <span class='ocrx_word' id='word_1_274' title='bbox 896 3028 1136 3096; x_wconf 79' lang='lat' dir='ltr'><strong>catalogo</strong></span> <span class='ocrx_word' id='word_1_275' title='bbox 1207 3029 1460 3097; x_wconf 88' lang='lat' dir='ltr'><strong>descripti</strong></span> <span class='ocrx_word' id='word_1_276' title='bbox 1506 3038 1630 3083; x_wconf 89' lang='lat' dir='ltr'><strong>sunt</strong></span> <span class='ocrx_word' id='word_1_277' title='bbox 1669 3031 1936 3086; x_wconf 86' lang='lat' dir='ltr'><strong>certiores</strong></span> <span class='ocrx_word' id='word_1_278' title='bbox 1985 3032 2156 3096; x_wconf 80' lang='lat' dir='ltr'><strong>fiant,</strong></span> 
     </span>
    </p>
   </div>
   <div class='ocr_carea' id='block_1_46' title="bbox 600 3121 2161 3194">
    <p class='ocr_par' dir='ltr' id='par_1_46' title="bbox 600 3121 2161 3194">
     <span class='ocr_line' id='line_1_46' title="bbox 600 3121 2161 3194; baseline 0.003 -20"><span class='ocrx_word' id='word_1_279' title='bbox 600 3121 946 3176; x_wconf 82' lang='lat' dir='ltr'><strong>securitatem</strong></span> <span class='ocrx_word' id='word_1_280' title='bbox 972 3136 1094 3175; x_wconf 42' lang='lat' dir='ltr'><strong>esie</strong></span> <span class='ocrx_word' id='word_1_281' title='bbox 1144 3123 1319 3174; x_wconf 88' lang='lat' dir='ltr'><strong>datam</strong></span> <span class='ocrx_word' id='word_1_282' title='bbox 1359 3122 1569 3176; x_wconf 86' lang='lat' dir='ltr'><strong>cunctis</strong></span> <span class='ocrx_word' id='word_1_283' title='bbox 1608 3124 1720 3177; x_wconf 86' lang='lat' dir='ltr'><strong>sive</strong></span> <span class='ocrx_word' id='word_1_284' title='bbox 1748 3123 2017 3194; x_wconf 87' lang='lat' dir='ltr'><strong>episcopis</strong></span> <span class='ocrx_word' id='word_1_285' title='bbox 2048 3126 2161 3179; x_wconf 71' lang='lat' dir='ltr'><strong>sive</strong></span> 
     </span>
    </p>
   </div>
   <div class='ocr_carea' id='block_1_47' title="bbox 602 3197 2231 3283">
    <p class='ocr_par' dir='ltr' id='par_1_47' title="bbox 602 3197 2231 3283">
     <span class='ocr_line' id='line_1_47' title="bbox 602 3197 2231 3283; baseline 0.003 -19"><span class='ocrx_word' id='word_1_286' title='bbox 602 3212 840 3277; x_wconf 87' lang='lat' dir='ltr'><strong>clericis,</strong></span> <span class='ocrx_word' id='word_1_287' title='bbox 869 3213 960 3281; x_wconf 89' lang='lat' dir='ltr'><strong>qui</strong></span> <span class='ocrx_word' id='word_1_288' title='bbox 992 3212 1089 3282; x_wconf 89' lang='lat' dir='ltr'><strong>ipsi</strong></span> <span class='ocrx_word' id='word_1_289' title='bbox 1120 3213 1459 3267; x_wconf 55' lang='lat' dir='ltr'><strong>adhaeserint.</strong></span> <span class='ocrx_word' id='word_1_290' title='bbox 1505 3214 1652 3267; x_wconf 80' lang='lat' dir='ltr'><strong>ltecti</strong></span> <span class='ocrx_word' id='word_1_291' title='bbox 1689 3230 1924 3283; x_wconf 84' lang='lat' dir='ltr'><strong>namque</strong></span> <span class='ocrx_word' id='word_1_292' title='bbox 1964 3216 2157 3270; x_wconf 53' lang='lat' dir='ltr'><strong>unius-</strong></span> <span class='ocrx_word' id='word_1_293' title='bbox 2190 3197 2231 3254; x_wconf 60' lang='grc' dir='ltr'><strong>(ἶ</strong></span> 
     </span>
    </p>
   </div>
   <div class='ocr_carea' id='block_1_48' title="bbox 590 3305 2157 3375">
    <p class='ocr_par' dir='ltr' id='par_1_48' title="bbox 590 3305 2157 3375">
     <span class='ocr_line' id='line_1_48' title="bbox 590 3305 2157 3375; baseline 0.001 -17"><span class='ocrx_word' id='word_1_294' title='bbox 590 3305 850 3374; x_wconf 82' lang='lat' dir='ltr'><strong>cujusque</strong></span> <span class='ocrx_word' id='word_1_295' title='bbox 882 3308 1143 3375; x_wconf 85' lang='lat' dir='ltr'><strong>propositi</strong></span> <span class='ocrx_word' id='word_1_296' title='bbox 1177 3306 1425 3359; x_wconf 90' lang='lat' dir='ltr'><strong>idoneum</strong></span> <span class='ocrx_word' id='word_1_297' title='bbox 1459 3306 1589 3359; x_wconf 90' lang='lat' dir='ltr'><strong>illud</strong></span> <span class='ocrx_word' id='word_1_298' title='bbox 1636 3307 1738 3358; x_wconf 89' lang='lat' dir='ltr'><strong>erit</strong></span> <span class='ocrx_word' id='word_1_299' title='bbox 1761 3320 2157 3373; x_wconf 80' lang='lat' dir='ltr'><strong>argumentum,</strong></span> 
     </span>
    </p>
   </div>
   <div class='ocr_carea' id='block_1_49' title="bbox 593 3392 2160 3462">
    <p class='ocr_par' dir='ltr' id='par_1_49' title="bbox 593 3392 2160 3462">
     <span class='ocr_line' id='line_1_49' title="bbox 593 3392 2160 3462; baseline -0.001 -13"><span class='ocrx_word' id='word_1_300' title='bbox 593 3394 639 3449; x_wconf 89' lang='lat' dir='ltr'><strong>si</strong></span> <span class='ocrx_word' id='word_1_301' title='bbox 672 3394 1212 3462; x_wconf 73' lang='lat' dir='ltr'><strong>Atlianasiojunctus</strong></span> <span class='ocrx_word' id='word_1_302' title='bbox 1264 3393 1444 3446; x_wconf 80' lang='lat' dir='ltr'><strong>fuerit.</strong></span> <span class='ocrx_word' id='word_1_303' title='bbox 1496 3392 1815 3461; x_wconf 86' lang='lat' dir='ltr'><strong>Quicunque</strong></span> <span class='ocrx_word' id='word_1_304' title='bbox 1855 3394 1998 3447; x_wconf 88' lang='lat' dir='ltr'><strong>enim</strong></span> <span class='ocrx_word' id='word_1_305' title='bbox 2046 3409 2160 3447; x_wconf 91' lang='lat' dir='ltr'><strong>me-</strong></span> 
     </span>
    </p>
   </div>
   <div class='ocr_carea' id='block_1_50' title="bbox 593 3483 2161 3554">
    <p class='ocr_par' dir='ltr' id='par_1_50' title="bbox 593 3483 2161 3554">
     <span class='ocr_line' id='line_1_50' title="bbox 593 3483 2161 3554; baseline 0.001 -17"><span class='ocrx_word' id='word_1_306' title='bbox 593 3483 716 3537; x_wconf 89' lang='lat' dir='ltr'><strong>iiori</strong></span> <span class='ocrx_word' id='word_1_307' title='bbox 758 3483 965 3551; x_wconf 85' lang='lat' dir='ltr'><strong>judicio</strong></span> <span class='ocrx_word' id='word_1_308' title='bbox 1011 3494 1066 3538; x_wconf 91' lang='lat' dir='ltr'><strong>et</strong></span> <span class='ocrx_word' id='word_1_309' title='bbox 1114 3494 1264 3537; x_wconf 86' lang='lat' dir='ltr'><strong>sorte</strong></span> <span class='ocrx_word' id='word_1_310' title='bbox 1314 3483 1433 3550; x_wconf 91' lang='lat' dir='ltr'><strong>ejus</strong></span> <span class='ocrx_word' id='word_1_311' title='bbox 1464 3483 1898 3537; x_wconf 88' lang='lat' dir='ltr'><strong>communionem</strong></span> <span class='ocrx_word' id='word_1_312' title='bbox 1939 3496 2161 3554; x_wconf 86' lang='lat' dir='ltr'><strong>coopta-</strong></span> 
     </span>
    </p>
   </div>
   <div class='ocr_carea' id='block_1_51' title="bbox 592 3576 2160 3646">
    <p class='ocr_par' dir='ltr' id='par_1_51' title="bbox 592 3576 2160 3646">
     <span class='ocr_line' id='line_1_51' title="bbox 592 3576 2160 3646; baseline 0.001 -17"><span class='ocrx_word' id='word_1_313' title='bbox 592 3576 723 3640; x_wconf 90' lang='lat' dir='ltr'><strong>riut,</strong></span> <span class='ocrx_word' id='word_1_314' title='bbox 751 3576 849 3629; x_wconf 86' lang='lat' dir='ltr'><strong>hos</strong></span> <span class='ocrx_word' id='word_1_315' title='bbox 877 3591 1065 3629; x_wconf 91' lang='lat' dir='ltr'><strong>omnes</strong></span> <span class='ocrx_word' id='word_1_316' title='bbox 1093 3578 1157 3628; x_wconf 88' lang='lat' dir='ltr'><strong>ad</strong></span> <span class='ocrx_word' id='word_1_317' title='bbox 1198 3576 1606 3629; x_wconf 85' lang='lat' dir='ltr'><strong>similitudinem</strong></span> <span class='ocrx_word' id='word_1_318' title='bbox 1647 3576 1946 3645; x_wconf 88' lang='lat' dir='ltr'><strong>superioris</strong></span> <span class='ocrx_word' id='word_1_319' title='bbox 1976 3579 2160 3646; x_wconf 87' lang='lat' dir='ltr'><strong>provi-</strong></span> 
     </span>
    </p>
   </div>
   <div class='ocr_carea' id='block_1_52' title="bbox 592 3668 2161 3737">
    <p class='ocr_par' dir='ltr' id='par_1_52' title="bbox 592 3668 2161 3737">
     <span class='ocr_line' id='line_1_52' title="bbox 592 3668 2161 3737; baseline 0.003 -18"><span class='ocrx_word' id='word_1_320' title='bbox 592 3668 791 3722; x_wconf 70' lang='lat' dir='ltr'><strong>dentia:</strong></span> <span class='ocrx_word' id='word_1_321' title='bbox 820 3669 1083 3737; x_wconf 81' lang='lat' dir='ltr'><strong>jussimus</strong></span> <span class='ocrx_word' id='word_1_322' title='bbox 1130 3668 1287 3736; x_wconf 76' lang='lat'><strong>137</strong></span> <span class='ocrx_word' id='word_1_323' title='bbox 1317 3678 1373 3719; x_wconf 93' lang='lat' dir='ltr'><strong>ut</strong></span> <span class='ocrx_word' id='word_1_324' title='bbox 1399 3669 1573 3734; x_wconf 86' lang='lat' dir='ltr'><strong>gratia</strong></span> <span class='ocrx_word' id='word_1_325' title='bbox 1600 3684 1628 3719; x_wconf 75' lang='grc' dir='ltr'><strong>ιι</strong></span> <span class='ocrx_word' id='word_1_326' title='bbox 1670 3668 1847 3732; x_wconf 90' lang='lat' dir='ltr'><strong>nobis,</strong></span> <span class='ocrx_word' id='word_1_327' title='bbox 1882 3669 2032 3737; x_wconf 81' lang='lat' dir='ltr'><strong>juxta</strong></span> <span class='ocrx_word' id='word_1_328' title='bbox 2070 3670 2161 3724; x_wconf 87' lang='lat' dir='ltr'><strong>Dei</strong></span> 
     </span>
    </p>
   </div>
   <div class='ocr_carea' id='block_1_53' title="bbox 591 3757 2160 3829">
    <p class='ocr_par' dir='ltr' id='par_1_53' title="bbox 591 3757 2160 3829">
     <span class='ocr_line' id='line_1_53' title="bbox 591 3757 2160 3829; baseline 0.003 -16"><span class='ocrx_word' id='word_1_329' title='bbox 591 3760 947 3823; x_wconf 82' lang='lat' dir='ltr'><strong>voluntatem,</strong></span> <span class='ocrx_word' id='word_1_330' title='bbox 1011 3760 1288 3829; x_wconf 88' lang='lat' dir='ltr'><strong>impertita</strong></span> <span class='ocrx_word' id='word_1_331' title='bbox 1346 3757 1617 3813; x_wconf 79' lang='lat' dir='ltr'><strong>fruantur.</strong></span> <span class='ocrx_word' id='word_1_332' title='bbox 1676 3760 1813 3814; x_wconf 86' lang='lat' dir='ltr'><strong>Deus</strong></span> <span class='ocrx_word' id='word_1_333' title='bbox 1865 3776 1963 3815; x_wconf 89' lang='lat' dir='ltr'><strong>vos</strong></span> <span class='ocrx_word' id='word_1_334' title='bbox 2028 3778 2160 3817; x_wconf 83' lang='lat' dir='ltr'><strong>con-</strong></span> 
     </span>
    </p>
   </div>
   <div class='ocr_carea' id='block_1_54' title="bbox 590 3860 795 3903">
    <p class='ocr_par' dir='ltr' id='par_1_54' title="bbox 590 3860 795 3903">
     <span class='ocr_line' id='line_1_54' title="bbox 590 3860 795 3903; baseline 0 0"><span class='ocrx_word' id='word_1_335' title='bbox 590 3860 795 3903; x_wconf 86' lang='lat' dir='ltr'><strong>servet.</strong></span> 
     </span>
    </p>
   </div>
   <div class='ocr_carea' id='block_1_55' title="bbox 1117 3939 1627 4010">
    <p class='ocr_par' dir='ltr' id='par_1_55' title="bbox 1117 3939 1627 4010">
     <span class='ocr_line' id='line_1_55' title="bbox 1117 3939 1627 4010; baseline 0.006 -17"><span class='ocrx_word' id='word_1_336' title='bbox 1117 3939 1355 4010; x_wconf 80' lang='lat' dir='ltr'><strong>Epistola</strong></span> <span class='ocrx_word' id='word_1_337' title='bbox 1376 3943 1627 3996; x_wconf 80' lang='lat' dir='ltr'><strong>secunda.</strong></span> 
     </span>
    </p>
   </div>
   <div class='ocr_carea' id='block_1_56' title="bbox 658 4033 2154 4105">
    <p class='ocr_par' dir='ltr' id='par_1_56' title="bbox 658 4033 2154 4105">
     <span class='ocr_line' id='line_1_56' title="bbox 658 4033 2154 4105; baseline 0.003 -18"><span class='ocrx_word' id='word_1_338' title='bbox 658 4033 844 4088; x_wconf 80' lang='lat' dir='ltr'><strong>Victor</strong></span> <span class='ocrx_word' id='word_1_339' title='bbox 900 4033 1245 4089; x_wconf 82' lang='lat' dir='ltr'><strong>Constantius</strong></span> <span class='ocrx_word' id='word_1_340' title='bbox 1290 4035 1553 4089; x_wconf 77' lang='lat' dir='ltr'><strong>Maximus</strong></span> <span class='ocrx_word' id='word_1_341' title='bbox 1603 4037 1869 4105; x_wconf 85' lang='lat' dir='ltr'><strong>Augustus</strong></span> <span class='ocrx_word' id='word_1_342' title='bbox 1917 4039 2154 4093; x_wconf 78' lang='lat' dir='ltr'><strong>Alexan-</strong></span> 
     </span>
    </p>
   </div>
   <div class='ocr_carea' id='block_1_57' title="bbox 587 4125 1569 4197">
    <p class='ocr_par' dir='ltr' id='par_1_57' title="bbox 587 4125 1569 4197">
     <span class='ocr_line' id='line_1_57' title="bbox 587 4125 1569 4197; baseline 0.004 -19"><span class='ocrx_word' id='word_1_343' title='bbox 587 4125 743 4179; x_wconf 91' lang='lat' dir='ltr'><strong>drino</strong></span> <span class='ocrx_word' id='word_1_344' title='bbox 775 4127 1052 4181; x_wconf 66' lang='lat' dir='ltr'><strong>catholicae</strong></span> <span class='ocrx_word' id='word_1_345' title='bbox 1075 4128 1325 4182; x_wconf 72' lang='lat' dir='ltr'><strong>Ecclesia:</strong></span> <span class='ocrx_word' id='word_1_346' title='bbox 1353 4129 1569 4197; x_wconf 91' lang='lat' dir='ltr'><strong>populo.</strong></span> 
     </span>
    </p>
   </div>
   <div class='ocr_carea' id='block_1_58' title="bbox 656 4216 2158 4287">
    <p class='ocr_par' dir='ltr' id='par_1_58' title="bbox 656 4216 2158 4287">
     <span class='ocr_line' id='line_1_58' title="bbox 656 4216 2158 4287; baseline 0.005 -17"><span class='ocrx_word' id='word_1_347' title='bbox 656 4216 744 4271; x_wconf 85' lang='lat'><strong>55.</strong></span> <span class='ocrx_word' id='word_1_348' title='bbox 780 4216 912 4271; x_wconf 87' lang='lat' dir='ltr'><strong>Cum</strong></span> <span class='ocrx_word' id='word_1_349' title='bbox 948 4219 1000 4272; x_wconf 88' lang='lat' dir='ltr'><strong>iu</strong></span> <span class='ocrx_word' id='word_1_350' title='bbox 1034 4220 1310 4287; x_wconf 91' lang='lat' dir='ltr'><strong>proposito</strong></span> <span class='ocrx_word' id='word_1_351' title='bbox 1338 4222 1493 4274; x_wconf 90' lang='lat' dir='ltr'><strong>nobis</strong></span> <span class='ocrx_word' id='word_1_352' title='bbox 1520 4222 1589 4274; x_wconf 86' lang='lat' dir='ltr'><strong>sit</strong></span> <span class='ocrx_word' id='word_1_353' title='bbox 1611 4230 1791 4276; x_wconf 87' lang='lat' dir='ltr'><strong>vestra</strong></span> <span class='ocrx_word' id='word_1_354' title='bbox 1822 4222 1875 4275; x_wconf 93' lang='lat' dir='ltr'><strong>in</strong></span> <span class='ocrx_word' id='word_1_355' title='bbox 1904 4222 2158 4278; x_wconf 86' lang='lat' dir='ltr'><strong>omnibus</strong></span> 
     </span>
    </p>
   </div>
   <div class='ocr_carea' id='block_1_59' title="bbox 588 4308 2159 4383">
    <p class='ocr_par' dir='ltr' id='par_1_59' title="bbox 588 4308 2159 4383">
     <span class='ocr_line' id='line_1_59' title="bbox 588 4308 2159 4383; baseline 0.004 -24"><span class='ocrx_word' id='word_1_356' title='bbox 588 4308 949 4377; x_wconf 86' lang='lat' dir='ltr'><strong>tranquillitas</strong></span> <span class='ocrx_word' id='word_1_357' title='bbox 970 4349 985 4374; x_wconf 96' lang='lat'><strong>,</strong></span> <span class='ocrx_word' id='word_1_358' title='bbox 1029 4320 1084 4365; x_wconf 89' lang='lat' dir='ltr'><strong>et</strong></span> <span class='ocrx_word' id='word_1_359' title='bbox 1132 4313 1303 4379; x_wconf 87' lang='lat' dir='ltr'><strong>probe</strong></span> <span class='ocrx_word' id='word_1_360' title='bbox 1336 4311 1577 4365; x_wconf 87' lang='lat' dir='ltr'><strong>sciamus</strong></span> <span class='ocrx_word' id='word_1_361' title='bbox 1608 4326 1703 4365; x_wconf 86' lang='lat' dir='ltr'><strong>vos</strong></span> <span class='ocrx_word' id='word_1_362' title='bbox 1733 4313 1821 4365; x_wconf 91' lang='lat' dir='ltr'><strong>diu</strong></span> <span class='ocrx_word' id='word_1_363' title='bbox 1847 4312 2015 4368; x_wconf 78' lang='lat' dir='ltr'><strong>fuisse</strong></span> <span class='ocrx_word' id='word_1_364' title='bbox 2045 4314 2159 4383; x_wconf 90' lang='lat' dir='ltr'><strong>epi-</strong></span> 
     </span>
    </p>
   </div>
   <div class='ocr_carea' id='block_1_60' title="bbox 584 4398 2157 4474">
    <p class='ocr_par' dir='ltr' id='par_1_60' title="bbox 584 4398 2157 4474">
     <span class='ocr_line' id='line_1_60' title="bbox 584 4398 2157 4474; baseline 0.006 -24"><span class='ocrx_word' id='word_1_365' title='bbox 584 4398 733 4468; x_wconf 87' lang='lat' dir='ltr'><strong>scopi</strong></span> <span class='ocrx_word' id='word_1_366' title='bbox 759 4402 921 4455; x_wconf 80' lang='lat' dir='ltr'><strong>vestri</strong></span> <span class='ocrx_word' id='word_1_367' title='bbox 952 4403 1291 4472; x_wconf 76' lang='lat' dir='ltr'><strong>providentia</strong></span> <span class='ocrx_word' id='word_1_368' title='bbox 1322 4402 1635 4466; x_wconf 88' lang='lat' dir='ltr'><strong>destitutos,</strong></span> <span class='ocrx_word' id='word_1_369' title='bbox 1663 4404 2016 4457; x_wconf 84' lang='lat' dir='ltr'><strong>Athanasium</strong></span> <span class='ocrx_word' id='word_1_370' title='bbox 2041 4406 2157 4474; x_wconf 89' lang='lat' dir='ltr'><strong>cpi-</strong></span> 
     </span>
    </p>
   </div>
   <div class='ocr_carea' id='block_1_61' title="bbox 585 4495 2151 4565">
    <p class='ocr_par' dir='ltr' id='par_1_61' title="bbox 585 4495 2151 4565">
     <span class='ocr_line' id='line_1_61' title="bbox 585 4495 2151 4565; baseline 0.004 -20"><span class='ocrx_word' id='word_1_371' title='bbox 585 4507 810 4561; x_wconf 87' lang='lat' dir='ltr'><strong>scopum</strong></span> <span class='ocrx_word' id='word_1_372' title='bbox 831 4495 1008 4547; x_wconf 89' lang='lat' dir='ltr'><strong>virum</strong></span> <span class='ocrx_word' id='word_1_373' title='bbox 1032 4495 1172 4564; x_wconf 86' lang='lat' dir='ltr'><strong>apud</strong></span> <span class='ocrx_word' id='word_1_374' title='bbox 1195 4509 1386 4549; x_wconf 86' lang='lat' dir='ltr'><strong>omnes</strong></span> <span class='ocrx_word' id='word_1_375' title='bbox 1442 4498 1512 4550; x_wconf 93' lang='lat' dir='ltr'><strong>ob</strong></span> <span class='ocrx_word' id='word_1_376' title='bbox 1568 4495 1783 4549; x_wconf 88' lang='lat' dir='ltr'><strong>insitam</strong></span> <span class='ocrx_word' id='word_1_377' title='bbox 1843 4498 2151 4565; x_wconf 65' lang='lat' dir='ltr'><strong>mquitatem</strong></span> 
     </span>
    </p>
   </div>
   <div class='ocr_carea' id='block_1_62' title="bbox 586 4588 2151 4655">
    <p class='ocr_par' dir='ltr' id='par_1_62' title="bbox 586 4588 2151 4655">
     <span class='ocr_line' id='line_1_62' title="bbox 586 4588 2151 4655; baseline 0.004 -18"><span class='ocrx_word' id='word_1_378' title='bbox 586 4599 905 4654; x_wconf 89' lang='lat' dir='ltr'><strong>mormnque</strong></span> <span class='ocrx_word' id='word_1_379' title='bbox 929 4588 1250 4655; x_wconf 85' lang='lat' dir='ltr'><strong>probitatem</strong></span> <span class='ocrx_word' id='word_1_380' title='bbox 1294 4596 1501 4649; x_wconf 90' lang='lat' dir='ltr'><strong>notum,</strong></span> <span class='ocrx_word' id='word_1_381' title='bbox 1544 4602 1761 4640; x_wconf 90' lang='lat' dir='ltr'><strong>rursum</strong></span> <span class='ocrx_word' id='word_1_382' title='bbox 1807 4590 1872 4641; x_wconf 88' lang='lat' dir='ltr'><strong>ad</strong></span> <span class='ocrx_word' id='word_1_383' title='bbox 1898 4604 1993 4643; x_wconf 89' lang='lat' dir='ltr'><strong>vos</strong></span> <span class='ocrx_word' id='word_1_384' title='bbox 2027 4590 2151 4643; x_wconf 88' lang='lat' dir='ltr'><strong>mit-</strong></span> 
     </span>
    </p>
   </div>
   <div class='ocr_carea' id='block_1_63' title="bbox 585 4677 2150 4747">
    <p class='ocr_par' dir='ltr' id='par_1_63' title="bbox 585 4677 2150 4747">
     <span class='ocr_line' id='line_1_63' title="bbox 585 4677 2150 4747; baseline 0.003 -19"><span class='ocrx_word' id='word_1_385' title='bbox 585 4683 698 4730; x_wconf 90' lang='lat' dir='ltr'><strong>tere</strong></span> <span class='ocrx_word' id='word_1_386' title='bbox 731 4693 941 4747; x_wconf 65' lang='lat' dir='ltr'><strong>aequum</strong></span> <span class='ocrx_word' id='word_1_387' title='bbox 963 4678 1294 4731; x_wconf 88' lang='lat' dir='ltr'><strong>censuimus.</strong></span> <span class='ocrx_word' id='word_1_388' title='bbox 1342 4677 1495 4730; x_wconf 85' lang='lat' dir='ltr'><strong>liunc</strong></span> <span class='ocrx_word' id='word_1_389' title='bbox 1539 4692 1660 4730; x_wconf 92' lang='lat' dir='ltr'><strong>cum</strong></span> <span class='ocrx_word' id='word_1_390' title='bbox 1702 4689 1882 4733; x_wconf 87' lang='lat' dir='ltr'><strong>vestro</strong></span> <span class='ocrx_word' id='word_1_391' title='bbox 1916 4695 2065 4734; x_wconf 90' lang='lat' dir='ltr'><strong>more</strong></span> <span class='ocrx_word' id='word_1_392' title='bbox 2096 4689 2150 4733; x_wconf 90' lang='lat' dir='ltr'><strong>et</strong></span> 
     </span>
    </p>
   </div>
   <div class='ocr_carea' id='block_1_64' title="bbox 582 4770 2143 4839">
    <p class='ocr_par' dir='ltr' id='par_1_64' title="bbox 582 4770 2143 4839">
     <span class='ocr_line' id='line_1_64' title="bbox 582 4770 2143 4839; baseline 0.003 -20"><span class='ocrx_word' id='word_1_393' title='bbox 582 4776 744 4835; x_wconf 89' lang='lat' dir='ltr'><strong>prout</strong></span> <span class='ocrx_word' id='word_1_394' title='bbox 781 4770 1032 4822; x_wconf 84' lang='lat' dir='ltr'><strong>convenit</strong></span> <span class='ocrx_word' id='word_1_395' title='bbox 1055 4771 1391 4839; x_wconf 88' lang='lat' dir='ltr'><strong>receperitis.</strong></span> <span class='ocrx_word' id='word_1_396' title='bbox 1431 4779 1845 4836; x_wconf 86' lang='lat' dir='ltr'><strong>vestrarumque</strong></span> <span class='ocrx_word' id='word_1_397' title='bbox 1879 4771 1946 4823; x_wconf 83' lang='lat' dir='ltr'><strong>ad</strong></span> <span class='ocrx_word' id='word_1_398' title='bbox 1979 4771 2143 4825; x_wconf 88' lang='lat' dir='ltr'><strong>Deum</strong></span> 
     </span>
    </p>
   </div>
   <div class='ocr_carea' id='block_1_65' title="bbox 582 4860 2147 4924">
    <p class='ocr_par' dir='ltr' id='par_1_65' title="bbox 582 4860 2147 4924">
     <span class='ocr_line' id='line_1_65' title="bbox 582 4860 2147 4924; baseline 0.004 -15"><span class='ocrx_word' id='word_1_399' title='bbox 582 4872 804 4924; x_wconf 81' lang='lat' dir='ltr'><strong>precum</strong></span> <span class='ocrx_word' id='word_1_400' title='bbox 842 4860 1223 4914; x_wconf 80' lang='lat' dir='ltr'><strong>auxiliatorem</strong></span> <span class='ocrx_word' id='word_1_401' title='bbox 1256 4861 1673 4924; x_wconf 87' lang='lat' dir='ltr'><strong>constitueritis,</strong></span> <span class='ocrx_word' id='word_1_402' title='bbox 1704 4862 2055 4916; x_wconf 82' lang='lat' dir='ltr'><strong>concordiam</strong></span> <span class='ocrx_word' id='word_1_403' title='bbox 2092 4870 2147 4915; x_wconf 90' lang='lat' dir='ltr'><strong>et</strong></span> 
     </span>
    </p>
   </div>
   <div class='ocr_carea' id='block_1_66' title="bbox 580 4952 2147 5022">
    <p class='ocr_par' dir='ltr' id='par_1_66' title="bbox 580 4952 2147 5022">
     <span class='ocr_line' id='line_1_66' title="bbox 580 4952 2147 5022; baseline 0.004 -24"><span class='ocrx_word' id='word_1_404' title='bbox 580 4963 767 5014; x_wconf 86' lang='lat' dir='ltr'><strong>pacem</strong></span> <span class='ocrx_word' id='word_1_405' title='bbox 794 4961 1107 5019; x_wconf 82' lang='lat' dir='ltr'><strong>perpetuam</strong></span> <span class='ocrx_word' id='word_1_406' title='bbox 1138 4952 1291 5007; x_wconf 90' lang='lat' dir='ltr'><strong>vobis</strong></span> <span class='ocrx_word' id='word_1_407' title='bbox 1321 4964 1707 5019; x_wconf 72' lang='lat' dir='ltr'><strong>congruentem</strong></span> <span class='ocrx_word' id='word_1_408' title='bbox 1732 4953 1992 5022; x_wconf 89' lang='lat' dir='ltr'><strong>nobisque</strong></span> <span class='ocrx_word' id='word_1_409' title='bbox 2022 4970 2147 5022; x_wconf 82' lang='lat' dir='ltr'><strong>gra-</strong></span> 
     </span>
    </p>
   </div>
   <div class='ocr_carea' id='block_1_67' title="bbox 583 5038 2145 5113">
    <p class='ocr_par' dir='ltr' id='par_1_67' title="bbox 583 5038 2145 5113">
     <span class='ocr_line' id='line_1_67' title="bbox 583 5038 2145 5113; baseline 0.005 -21"><span class='ocrx_word' id='word_1_410' title='bbox 583 5038 867 5102; x_wconf 84' lang='lat' dir='ltr'><strong>tissimam,</strong></span> <span class='ocrx_word' id='word_1_411' title='bbox 907 5039 1055 5108; x_wconf 78' lang='lat' dir='ltr'><strong>juxta</strong></span> <span class='ocrx_word' id='word_1_412' title='bbox 1108 5043 1364 5097; x_wconf 74' lang='lat' dir='ltr'><strong>Ecclesia:</strong></span> <span class='ocrx_word' id='word_1_413' title='bbox 1414 5041 1620 5110; x_wconf 86' lang='lat' dir='ltr'><strong>legem,</strong></span> <span class='ocrx_word' id='word_1_414' title='bbox 1653 5044 1856 5098; x_wconf 82' lang='lat' dir='ltr'><strong>curetis</strong></span> <span class='ocrx_word' id='word_1_415' title='bbox 1885 5055 2145 5113; x_wconf 86' lang='lat' dir='ltr'><strong>perpetuo</strong></span> 
     </span>
    </p>
   </div>
   <div class='ocr_carea' id='block_1_68' title="bbox 580 5131 2137 5204">
    <p class='ocr_par' dir='ltr' id='par_1_68' title="bbox 580 5131 2137 5204">
     <span class='ocr_line' id='line_1_68' title="bbox 580 5131 2137 5204; baseline 0.004 -22"><span class='ocrx_word' id='word_1_416' title='bbox 580 5144 818 5187; x_wconf 78' lang='lat' dir='ltr'><strong>servare.</strong></span> <span class='ocrx_word' id='word_1_417' title='bbox 843 5131 1027 5202; x_wconf 83' lang='lat' dir='ltr'><strong>Neque</strong></span> <span class='ocrx_word' id='word_1_418' title='bbox 1048 5134 1193 5189; x_wconf 90' lang='lat' dir='ltr'><strong>enim</strong></span> <span class='ocrx_word' id='word_1_419' title='bbox 1222 5149 1319 5202; x_wconf 88' lang='lat' dir='ltr'><strong>par</strong></span> <span class='ocrx_word' id='word_1_420' title='bbox 1354 5140 1436 5186; x_wconf 88' lang='lat' dir='ltr'><strong>est</strong></span> <span class='ocrx_word' id='word_1_421' title='bbox 1484 5132 1814 5187; x_wconf 85' lang='lat' dir='ltr'><strong>discordiam</strong></span> <span class='ocrx_word' id='word_1_422' title='bbox 1847 5137 1986 5204; x_wconf 83' lang='lat' dir='ltr'><strong>apud</strong></span> <span class='ocrx_word' id='word_1_423' title='bbox 2042 5152 2137 5191; x_wconf 91' lang='lat' dir='ltr'><strong>vos</strong></span> 
     </span>
    </p>
   </div>
   <div class='ocr_carea' id='block_1_69' title="bbox 647 5375 2138 5450">
    <p class='ocr_par' dir='ltr' id='par_1_69' title="bbox 647 5375 2138 5450">
     <span class='ocr_line' id='line_1_69' title="bbox 647 5375 2138 5450; baseline 0.003 -20"><span class='ocrx_word' id='word_1_424' title='bbox 647 5375 762 5448; x_wconf 77' lang='lat'><strong>(5|)</strong></span> <span class='ocrx_word' id='word_1_425' title='bbox 788 5377 881 5433; x_wconf 69' lang='lat' dir='ltr'><strong>Hae</strong></span> <span class='ocrx_word' id='word_1_426' title='bbox 908 5379 1032 5434; x_wconf 87' lang='lat' dir='ltr'><strong>item</strong></span> <span class='ocrx_word' id='word_1_427' title='bbox 1068 5382 1307 5450; x_wconf 61' lang='lat' dir='ltr'><strong>epistola!</strong></span> <span class='ocrx_word' id='word_1_428' title='bbox 1333 5380 1659 5446; x_wconf 86' lang='lat' dir='ltr'><strong>Constantii,</strong></span> <span class='ocrx_word' id='word_1_429' title='bbox 1688 5382 1825 5450; x_wconf 87' lang='lat' dir='ltr'><strong>apud</strong></span> <span class='ocrx_word' id='word_1_430' title='bbox 1857 5382 2138 5437; x_wconf 80' lang='lat' dir='ltr'><strong>Socratem</strong></span> 
     </span>
    </p>
   </div>
   <div class='ocr_carea' id='block_1_70' title="bbox 576 5446 2131 5521">
    <p class='ocr_par' dir='ltr' id='par_1_70' title="bbox 576 5446 2131 5521">
     <span class='ocr_line' id='line_1_70' title="bbox 576 5446 2131 5521; baseline 0.006 -25"><span class='ocrx_word' id='word_1_431' title='bbox 576 5446 668 5500; x_wconf 71' lang='lat' dir='ltr'><strong>lib.</strong></span> <span class='ocrx_word' id='word_1_432' title='bbox 703 5446 819 5503; x_wconf 73' lang='lat' dir='ltr'><strong>uel</strong></span> <span class='ocrx_word' id='word_1_433' title='bbox 851 5451 990 5517; x_wconf 91' lang='lat' dir='ltr'><strong>apud</strong></span> <span class='ocrx_word' id='word_1_434' title='bbox 1029 5446 1257 5521; x_wconf 82' lang='lat' dir='ltr'><strong>Niceph.</strong></span> <span class='ocrx_word' id='word_1_435' title='bbox 1285 5454 1577 5517; x_wconf 86' lang='lat' dir='ltr'><strong>habentur,</strong></span> <span class='ocrx_word' id='word_1_436' title='bbox 1616 5446 1824 5507; x_wconf 79' lang='lat' dir='ltr'><strong>necnon</strong></span> <span class='ocrx_word' id='word_1_437' title='bbox 1854 5454 1909 5505; x_wconf 89' lang='lat' dir='ltr'><strong>in</strong></span> <span class='ocrx_word' id='word_1_438' title='bbox 1941 5452 2131 5507; x_wconf 77' lang='lat' dir='ltr'><strong>Histo-</strong></span> 
     </span>
    </p>
   </div>
   <div class='ocr_carea' id='block_1_71' title="bbox 577 5521 969 5585">
    <p class='ocr_par' dir='ltr' id='par_1_71' title="bbox 577 5521 969 5585">
     <span class='ocr_line' id='line_1_71' title="bbox 577 5521 969 5585; baseline 0.015 -19"><span class='ocrx_word' id='word_1_439' title='bbox 577 5521 656 5567; x_wconf 80' lang='lat' dir='ltr'><strong>ria</strong></span> <span class='ocrx_word' id='word_1_440' title='bbox 686 5522 820 5585; x_wconf 84' lang='lat' dir='ltr'><strong>tripa</strong></span> <span class='ocrx_word' id='word_1_441' title='bbox 829 5521 969 5571; x_wconf 80' lang='lat' dir='ltr'><strong>rtita.</strong></span> 
     </span>
    </p>
   </div>
   <div class='ocr_carea' id='block_1_72' title="bbox 648 5586 2133 5662">
    <p class='ocr_par' dir='ltr' id='par_1_72' title="bbox 648 5586 2133 5662">
     <span class='ocr_line' id='line_1_72' title="bbox 648 5586 2133 5662; baseline 0.003 -23"><span class='ocrx_word' id='word_1_442' title='bbox 648 5586 760 5659; x_wconf 76' lang='lat'><strong>(5‘2)</strong></span> <span class='ocrx_word' id='word_1_443' title='bbox 797 5587 916 5642; x_wconf 72' lang='lat' dir='ltr'><strong>Hzec</strong></span> <span class='ocrx_word' id='word_1_444' title='bbox 944 5590 972 5641; x_wconf 84' lang='grc' dir='ltr'>ὁ</span> <span class='ocrx_word' id='word_1_445' title='bbox 1000 5588 1132 5652; x_wconf 83' lang='grc' dir='ltr'>Θεὸς</span> <span class='ocrx_word' id='word_1_446' title='bbox 1171 5591 1313 5662; x_wconf 82' lang='grc' dir='ltr'>ὑμᾶς</span> <span class='ocrx_word' id='word_1_447' title='bbox 1343 5591 1689 5659; x_wconf 77' lang='grc' dir='ltr'><strong>διαφυλάττοι</strong></span> <span class='ocrx_word' id='word_1_448' title='bbox 1722 5592 1913 5645; x_wconf 86' lang='lat' dir='ltr'><strong>desunt</strong></span> <span class='ocrx_word' id='word_1_449' title='bbox 1947 5593 1997 5643; x_wconf 89' lang='lat' dir='ltr'><strong>in</strong></span> <span class='ocrx_word' id='word_1_450' title='bbox 2030 5592 2133 5645; x_wconf 86' lang='lat' dir='ltr'><strong>So-</strong></span> 
     </span>
    </p>
   </div>
   <div class='ocr_carea' id='block_1_73' title="bbox 574 5667 747 5709">
    <p class='ocr_par' dir='ltr' id='par_1_73' title="bbox 574 5667 747 5709">
     <span class='ocr_line' id='line_1_73' title="bbox 574 5667 747 5709; baseline 0.035 -6"><span class='ocrx_word' id='word_1_451' title='bbox 574 5667 747 5709; x_wconf 83' lang='lat' dir='ltr'><strong>crate.</strong></span> 
     </span>
    </p>
   </div>
   <div class='ocr_carea' id='block_1_74' title="bbox 647 5725 2133 5848">
    <p class='ocr_par' dir='ltr' id='par_1_74' title="bbox 647 5725 2133 5848">
     <span class='ocr_line' id='line_1_74' title="bbox 647 5725 2133 5848; baseline 0.004 -71"><span class='ocrx_word' id='word_1_452' title='bbox 647 5725 758 5792; x_wconf 72' lang='lat'><strong>(35)</strong></span> <span class='ocrx_word' id='word_1_453' title='bbox 790 5726 1115 5848; x_wconf 47' lang='lat' dir='ltr'><strong>Epiphanius</strong></span> <span class='ocrx_word' id='word_1_454' title='bbox 1146 5729 1412 5785; x_wconf 80' lang='lat' dir='ltr'><strong>Scholast.</strong></span> <span class='ocrx_word' id='word_1_455' title='bbox 1434 5732 1485 5784; x_wconf 91' lang='lat' dir='ltr'><strong>in</strong></span> <span class='ocrx_word' id='word_1_456' title='bbox 1513 5729 1752 5783; x_wconf 73' lang='lat' dir='ltr'><strong>Historia</strong></span> <span class='ocrx_word' id='word_1_457' title='bbox 1779 5732 1902 5784; x_wconf 68' lang='grc' dir='ltr'>(τίη.</span> <span class='ocrx_word' id='word_1_458' title='bbox 1934 5732 2133 5800; x_wconf 74' lang='grc' dir='ltr'>ἡμετὲ-</span> 
     </span>
     <span class='ocr_line' id='line_1_75' title="bbox 647 5795 2131 5848; baseline 0.003 -4"><span class='ocrx_word' id='word_1_459' title='bbox 647 5810 679 5844; x_wconf 72' lang='grc' dir='ltr'>.ν</span> <span class='ocrx_word' id='word_1_460' title='bbox 704 5795 858 5848; x_wconf 66' lang='lat' dir='ltr'><strong>lenit:</strong></span> <span class='ocrx_word' id='word_1_461' title='bbox 928 5798 1048 5848; x_wconf 80' lang='lat' dir='ltr'><strong>abet</strong></span> <span class='ocrx_word' id='word_1_462' title='bbox 1074 5800 1215 5848; x_wconf 85' lang='lat' dir='ltr'><strong>enim</strong></span> <span class='ocrx_word' id='word_1_463' title='bbox 1241 5818 1257 5848; x_wconf 64' lang='grc' dir='ltr'><strong>ι</strong></span> <span class='ocrx_word' id='word_1_464' title='bbox 1290 5814 1481 5848; x_wconf 68' lang='grc' dir='ltr'>νοείτω</span> <span class='ocrx_word' id='word_1_465' title='bbox 1512 5800 1796 5848; x_wconf 64' lang='lat' dir='ltr'><strong>inanitatis.</strong></span> <span class='ocrx_word' id='word_1_466' title='bbox 1833 5799 1895 5848; x_wconf 80' lang='lat' dir='ltr'><strong>Et</strong></span> <span class='ocrx_word' id='word_1_467' title='bbox 1928 5804 2003 5848; x_wconf 67' lang='lat' dir='ltr'><strong>sic.</strong></span> <span class='ocrx_word' id='word_1_468' title='bbox 2038 5817 2131 5848; x_wconf 64' lang='lat' dir='ltr'><strong>na—</strong></span> 
     </span>
    </p>
   </div>
   <div class='ocr_carea' id='block_1_75' title="bbox 582 5795 2131 5865">
    <p class='ocr_par' dir='ltr' id='par_1_75' title="bbox 582 5795 2131 5865">
     <span class='ocr_line' id='line_1_76' title="bbox 582 5795 2131 5865; baseline 0.006 -22"><span class='ocrx_word' id='word_1_469' title='bbox 582 5810 679 5863; x_wconf 80' lang='grc' dir='ltr'><strong>ραν</strong></span> <span class='ocrx_word' id='word_1_470' title='bbox 704 5795 858 5862; x_wconf 76' lang='lat' dir='ltr'><strong>legit;</strong></span> <span class='ocrx_word' id='word_1_471' title='bbox 887 5795 1048 5850; x_wconf 82' lang='lat' dir='ltr'><strong>habet</strong></span> <span class='ocrx_word' id='word_1_472' title='bbox 1074 5800 1215 5852; x_wconf 86' lang='lat' dir='ltr'><strong>enim</strong></span> <span class='ocrx_word' id='word_1_473' title='bbox 1241 5818 1257 5856; x_wconf 83' lang='lat'><strong>;</strong></span> <span class='ocrx_word' id='word_1_474' title='bbox 1290 5814 1481 5853; x_wconf 73' lang='lat' dir='ltr'><strong>nostra:</strong></span> <span class='ocrx_word' id='word_1_475' title='bbox 1512 5800 1796 5865; x_wconf 70' lang='lat' dir='ltr'><strong>wquitatis.</strong></span> <span class='ocrx_word' id='word_1_476' title='bbox 1833 5799 1895 5851; x_wconf 81' lang='lat' dir='ltr'><strong>Et</strong></span> <span class='ocrx_word' id='word_1_477' title='bbox 1928 5795 2003 5855; x_wconf 78' lang='lat' dir='ltr'><strong>sic</strong></span> <span class='ocrx_word' id='word_1_478' title='bbox 2038 5817 2131 5854; x_wconf 70' lang='lat' dir='ltr'><strong>tia—</strong></span> 
     </span>
    </p>
   </div>
   <div class='ocr_carea' id='block_1_76' title="bbox 2270 1935 3854 2024">
    <p class='ocr_par' dir='ltr' id='par_1_76' title="bbox 2270 1935 3854 2024">
     <span class='ocr_line' id='line_1_77' title="bbox 2270 1935 3854 2024; baseline 0.013 -39"><span class='ocrx_word' id='word_1_479' title='bbox 2270 1937 2336 2007; x_wconf 82' lang='grc' dir='ltr'>τῇ</span> <span class='ocrx_word' id='word_1_480' title='bbox 2372 1935 2511 1988; x_wconf 77' lang='grc' dir='ltr'>κατὰ</span> <span class='ocrx_word' id='word_1_481' title='bbox 2550 1936 2867 2009; x_wconf 84' lang='grc' dir='ltr'>ἀνθρώπους</span> <span class='ocrx_word' id='word_1_482' title='bbox 2905 1941 3194 2015; x_wconf 76' lang='grc' dir='ltr'>δοκιμασίᾳ</span> <span class='ocrx_word' id='word_1_483' title='bbox 3242 1946 3544 2019; x_wconf 81' lang='grc' dir='ltr'>ὑπεϐλήθη,</span> <span class='ocrx_word' id='word_1_484' title='bbox 3571 1952 3723 2020; x_wconf 82' lang='grc' dir='ltr'>ὅμως</span> <span class='ocrx_word' id='word_1_485' title='bbox 3754 1955 3854 2024; x_wconf 61' lang='grc' dir='ltr'>τὴν</span> 
     </span>
    </p>
   </div>
   <div class='ocr_carea' id='block_1_77' title="bbox 2269 2024 3851 2117">
    <p class='ocr_par' dir='ltr' id='par_1_77' title="bbox 2269 2024 3851 2117">
     <span class='ocr_line' id='line_1_78' title="bbox 2269 2024 3851 2117; baseline 0.013 -39"><span class='ocrx_word' id='word_1_486' title='bbox 2269 2024 2621 2100; x_wconf 79' lang='grc' dir='ltr'>ὀφειλομένην</span> <span class='ocrx_word' id='word_1_487' title='bbox 2644 2030 2793 2100; x_wconf 86' lang='grc' dir='ltr'><strong>παρά</strong></span> <span class='ocrx_word' id='word_1_488' title='bbox 2821 2033 2918 2099; x_wconf 85' lang='grc' dir='ltr'>τῆς</span> <span class='ocrx_word' id='word_1_489' title='bbox 2950 2037 3282 2108; x_wconf 57' lang='grc' dir='ltr'>παντεφόρου</span> <span class='ocrx_word' id='word_1_490' title='bbox 3314 2040 3581 2110; x_wconf 80' lang='grc' dir='ltr'>Προνοίας</span> <span class='ocrx_word' id='word_1_491' title='bbox 3609 2044 3851 2117; x_wconf 57' lang='grc' dir='ltr'>ἀπηνέγ-</span> 
     </span>
    </p>
   </div>
   <div class='ocr_carea' id='block_1_78' title="bbox 2270 2120 3851 2204">
    <p class='ocr_par' dir='ltr' id='par_1_78' title="bbox 2270 2120 3851 2204">
     <span class='ocr_line' id='line_1_79' title="bbox 2270 2120 3851 2204; baseline 0.013 -34"><span class='ocrx_word' id='word_1_492' title='bbox 2270 2132 2403 2171; x_wconf 87' lang='grc' dir='ltr'>κατο</span> <span class='ocrx_word' id='word_1_493' title='bbox 2433 2120 2630 2190; x_wconf 56' lang='grc' dir='ltr'>ψῆφον,</span> <span class='ocrx_word' id='word_1_494' title='bbox 2674 2123 2959 2177; x_wconf 79' lang='grc' dir='ltr'>ἀπολαϐὼν</span> <span class='ocrx_word' id='word_1_495' title='bbox 3005 2126 3253 2198; x_wconf 75' lang='grc' dir='ltr'>βουλήσει</span> <span class='ocrx_word' id='word_1_496' title='bbox 3286 2130 3376 2184; x_wconf 83' lang='grc' dir='ltr'>τοῦ</span> <span class='ocrx_word' id='word_1_497' title='bbox 3408 2134 3728 2204; x_wconf 83' lang='grc' dir='ltr'>κρείττονος</span> <span class='ocrx_word' id='word_1_498' title='bbox 3758 2141 3851 2191; x_wconf 74' lang='grc' dir='ltr'><strong>καὶ</strong></span> 
     </span>
    </p>
   </div>
   <div class='ocr_carea' id='block_1_79' title="bbox 2270 2208 3846 2301">
    <p class='ocr_par' dir='ltr' id='par_1_79' title="bbox 2270 2208 3846 2301">
     <span class='ocr_line' id='line_1_80' title="bbox 2270 2208 3846 2301; baseline 0.016 -41"><span class='ocrx_word' id='word_1_499' title='bbox 2270 2208 2447 2301; x_wconf 70' lang='grc' dir='ltr'>κρίσει</span> <span class='ocrx_word' id='word_1_500' title='bbox 2474 2212 2716 2284; x_wconf 81' lang='grc' dir='ltr'>ἡμετέρᾳ</span> <span class='ocrx_word' id='word_1_501' title='bbox 2731 2214 2825 2286; x_wconf 83' lang='grc' dir='ltr'><strong>τὴν</strong></span> <span class='ocrx_word' id='word_1_502' title='bbox 2844 2218 3074 2288; x_wconf 85' lang='grc' dir='ltr'>πατρίδα</span> <span class='ocrx_word' id='word_1_503' title='bbox 3100 2220 3233 2290; x_wconf 76' lang='grc' dir='ltr'>ὁμοῦ</span> <span class='ocrx_word' id='word_1_504' title='bbox 3260 2223 3352 2276; x_wconf 75' lang='grc' dir='ltr'>καὶ</span> <span class='ocrx_word' id='word_1_505' title='bbox 3372 2224 3471 2296; x_wconf 77' lang='grc' dir='ltr'>τὴν</span> <span class='ocrx_word' id='word_1_506' title='bbox 3496 2227 3846 2301; x_wconf 76' lang='grc' dir='ltr'>Ἐκκλησίαν.</span> 
     </span>
    </p>
   </div>
   <div class='ocr_carea' id='block_1_80' title="bbox 2268 2295 3847 2392">
    <p class='ocr_par' dir='ltr' id='par_1_80' title="bbox 2268 2295 3847 2392">
     <span class='ocr_line' id='line_1_81' title="bbox 2268 2295 3847 2392; baseline 0.016 -41"><span class='ocrx_word' id='word_1_507' title='bbox 2268 2295 2337 2370; x_wconf 82' lang='grc' dir='ltr'>ἦς</span> <span class='ocrx_word' id='word_1_508' title='bbox 2381 2300 2507 2371; x_wconf 83' lang='grc' dir='ltr'>θείῳ</span> <span class='ocrx_word' id='word_1_509' title='bbox 2557 2304 2785 2375; x_wconf 85' lang='grc' dir='ltr'>νεύματι</span> <span class='ocrx_word' id='word_1_510' title='bbox 2834 2310 3142 2381; x_wconf 78' lang='grc' dir='ltr'>προστάτης</span> <span class='ocrx_word' id='word_1_511' title='bbox 3188 2295 3472 2385; x_wconf 72' lang='grc' dir='ltr'>ἐτύγχανε.</span> <span class='ocrx_word' id='word_1_512' title='bbox 3534 2295 3727 2392; x_wconf 76' lang='grc' dir='ltr'>Τούτῷ</span> <span class='ocrx_word' id='word_1_513' title='bbox 3782 2322 3847 2375; x_wconf 70' lang='grc' dir='ltr'><strong>τά</strong></span> 
     </span>
    </p>
   </div>
   <div class='ocr_carea' id='block_1_81' title="bbox 2267 2392 3847 2485">
    <p class='ocr_par' dir='ltr' id='par_1_81' title="bbox 2267 2392 3847 2485">
     <span class='ocr_line' id='line_1_82' title="bbox 2267 2392 3847 2485; baseline 0.016 -42"><span class='ocrx_word' id='word_1_514' title='bbox 2267 2392 2533 2447; x_wconf 81' lang='grc' dir='ltr'>ἀκόλουθα</span> <span class='ocrx_word' id='word_1_515' title='bbox 2565 2396 2668 2449; x_wconf 83' lang='grc' dir='ltr'>ἔδει</span> <span class='ocrx_word' id='word_1_516' title='bbox 2704 2398 2853 2469; x_wconf 84' lang='grc' dir='ltr'>παρὰ</span> <span class='ocrx_word' id='word_1_517' title='bbox 2884 2401 2981 2471; x_wconf 84' lang='grc' dir='ltr'>τῆς</span> <span class='ocrx_word' id='word_1_518' title='bbox 3015 2404 3287 2477; x_wconf 83' lang='grc' dir='ltr'>ἡμετέρας</span> <span class='ocrx_word' id='word_1_519' title='bbox 3322 2409 3569 2480; x_wconf 76' lang='grc' dir='ltr'>ὑπάρξαι</span> <span class='ocrx_word' id='word_1_520' title='bbox 3609 2414 3847 2485; x_wconf 69' lang='grc' dir='ltr'>πρᾳότη-</span> 
     </span>
    </p>
   </div>
   <div class='ocr_carea' id='block_1_82' title="bbox 2267 2486 3847 2577">
    <p class='ocr_par' dir='ltr' id='par_1_82' title="bbox 2267 2486 3847 2577">
     <span class='ocr_line' id='line_1_83' title="bbox 2267 2486 3847 2577; baseline 0.018 -43"><span class='ocrx_word' id='word_1_521' title='bbox 2267 2500 2388 2547; x_wconf 83' lang='grc' dir='ltr'>τος·</span> <span class='ocrx_word' id='word_1_522' title='bbox 2426 2486 2564 2539; x_wconf 78' lang='grc' dir='ltr'>ὥστε</span> <span class='ocrx_word' id='word_1_523' title='bbox 2600 2489 2774 2541; x_wconf 84' lang='grc' dir='ltr'>πάντα</span> <span class='ocrx_word' id='word_1_524' title='bbox 2804 2491 2871 2544; x_wconf 79' lang='grc' dir='ltr'>τὰ</span> <span class='ocrx_word' id='word_1_525' title='bbox 2900 2494 3005 2563; x_wconf 89' lang='grc' dir='ltr'><strong>πρὸ</strong></span> <span class='ocrx_word' id='word_1_526' title='bbox 3034 2495 3225 2550; x_wconf 89' lang='grc' dir='ltr'>τούτου</span> <span class='ocrx_word' id='word_1_527' title='bbox 3262 2502 3404 2553; x_wconf 87' lang='grc' dir='ltr'><strong>κατά</strong></span> <span class='ocrx_word' id='word_1_528' title='bbox 3433 2503 3545 2556; x_wconf 78' lang='grc' dir='ltr'><strong>τῶν</strong></span> <span class='ocrx_word' id='word_1_529' title='bbox 3576 2506 3728 2577; x_wconf 83' lang='grc' dir='ltr'>αὐτῷ</span> <span class='ocrx_word' id='word_1_530' title='bbox 3756 2526 3847 2560; x_wconf 76' lang='grc' dir='ltr'>κε-</span> 
     </span>
    </p>
   </div>
   <div class='ocr_carea' id='block_1_83' title="bbox 2270 2576 3843 2669">
    <p class='ocr_par' dir='ltr' id='par_1_83' title="bbox 2270 2576 3843 2669">
     <span class='ocr_line' id='line_1_84' title="bbox 2270 2576 3843 2669; baseline 0.018 -44"><span class='ocrx_word' id='word_1_531' title='bbox 2270 2576 2672 2647; x_wconf 79' lang='grc' dir='ltr'>κοινωνηκότων</span> <span class='ocrx_word' id='word_1_532' title='bbox 2697 2580 2973 2652; x_wconf 82' lang='grc' dir='ltr'>ὡρισμένα</span> <span class='ocrx_word' id='word_1_533' title='bbox 3005 2585 3099 2638; x_wconf 81' lang='grc' dir='ltr'>νῦν</span> <span class='ocrx_word' id='word_1_534' title='bbox 3134 2590 3408 2663; x_wconf 75' lang='grc' dir='ltr'>ἀμνηστίᾳ</span> <span class='ocrx_word' id='word_1_535' title='bbox 3448 2576 3843 2669; x_wconf 73' lang='grc' dir='ltr'>παραδοθῆναι,</span> 
     </span>
    </p>
   </div>
   <div class='ocr_carea' id='block_1_84' title="bbox 2270 2668 3846 2754">
    <p class='ocr_par' dir='ltr' id='par_1_84' title="bbox 2270 2668 3846 2754">
     <span class='ocr_line' id='line_1_85' title="bbox 2270 2668 3846 2754; baseline 0.016 -37"><span class='ocrx_word' id='word_1_536' title='bbox 2270 2668 2447 2719; x_wconf 81' lang='grc' dir='ltr'>πᾶσάν</span> <span class='ocrx_word' id='word_1_537' title='bbox 2475 2686 2533 2721; x_wconf 88' lang='grc' dir='ltr'><strong>τε</strong></span> <span class='ocrx_word' id='word_1_538' title='bbox 2569 2672 2798 2741; x_wconf 71' lang='grc' dir='ltr'>ὑποψίαν</span> <span class='ocrx_word' id='word_1_539' title='bbox 2829 2676 2924 2745; x_wconf 82' lang='grc' dir='ltr'><strong>τὴν</strong></span> <span class='ocrx_word' id='word_1_540' title='bbox 2950 2680 3069 2730; x_wconf 83' lang='grc' dir='ltr'>κατ’</span> <span class='ocrx_word' id='word_1_541' title='bbox 3104 2681 3281 2735; x_wconf 83' lang='grc' dir='ltr'>αὐτῶν</span> <span class='ocrx_word' id='word_1_542' title='bbox 3315 2686 3578 2754; x_wconf 79' lang='grc' dir='ltr'>σχολάσαι</span> <span class='ocrx_word' id='word_1_543' title='bbox 3616 2668 3846 2745; x_wconf 11' lang='grc' dir='ltr'>τοῦνλοο-</span> 
     </span>
    </p>
   </div>
   <div class='ocr_carea' id='block_1_85' title="bbox 2266 2757 3845 2851">
    <p class='ocr_par' dir='ltr' id='par_1_85' title="bbox 2266 2757 3845 2851">
     <span class='ocr_line' id='line_1_86' title="bbox 2266 2757 3845 2851; baseline 0.016 -41"><span class='ocrx_word' id='word_1_544' title='bbox 2266 2757 2391 2821; x_wconf 75' lang='grc' dir='ltr'>ποῦ,</span> <span class='ocrx_word' id='word_1_545' title='bbox 2423 2760 2522 2831; x_wconf 85' lang='grc' dir='ltr'>τὴν</span> <span class='ocrx_word' id='word_1_546' title='bbox 2565 2762 2832 2829; x_wconf 81' lang='grc' dir='ltr'>ἀτέλειαν,</span> <span class='ocrx_word' id='word_1_547' title='bbox 2872 2761 2940 2837; x_wconf 78' lang='grc' dir='ltr'>ἦς</span> <span class='ocrx_word' id='word_1_548' title='bbox 2980 2768 3167 2839; x_wconf 75' lang='grc' dir='ltr'>ἔτυχον</span> <span class='ocrx_word' id='word_1_549' title='bbox 3222 2774 3389 2828; x_wconf 85' lang='grc' dir='ltr'>πάλαι</span> <span class='ocrx_word' id='word_1_550' title='bbox 3435 2780 3484 2829; x_wconf 86' lang='grc' dir='ltr'>οἱ</span> <span class='ocrx_word' id='word_1_551' title='bbox 3536 2779 3654 2848; x_wconf 75' lang='grc' dir='ltr'>ἅμα</span> <span class='ocrx_word' id='word_1_552' title='bbox 3701 2782 3845 2851; x_wconf 80' lang='grc' dir='ltr'>αὐτῷ</span> 
     </span>
    </p>
   </div>
   <div class='ocr_carea' id='block_1_86' title="bbox 2267 2851 3844 2939">
    <p class='ocr_par' dir='ltr' id='par_1_86' title="bbox 2267 2851 3844 2939">
     <span class='ocr_line' id='line_1_87' title="bbox 2267 2851 3844 2939; baseline 0.014 -35"><span class='ocrx_word' id='word_1_553' title='bbox 2267 2851 2535 2921; x_wconf 75' lang='grc' dir='ltr'>κληρικοὶ,</span> <span class='ocrx_word' id='word_1_554' title='bbox 2572 2855 2782 2921; x_wconf 79' lang='grc' dir='ltr'>τούτοις</span> <span class='ocrx_word' id='word_1_555' title='bbox 2822 2858 3186 2932; x_wconf 73' lang='grc' dir='ltr'>βεϐαιωθῆναί</span> <span class='ocrx_word' id='word_1_556' title='bbox 3237 2870 3649 2939; x_wconf 85' lang='grc' dir='ltr'>προσηκόντως.</span> <span class='ocrx_word' id='word_1_557' title='bbox 3689 2873 3844 2928; x_wconf 59' lang='grc' dir='ltr'><strong>’Δὶᾷὰ</strong></span> 
     </span>
    </p>
   </div>
   <div class='ocr_carea' id='block_1_87' title="bbox 2268 2943 3843 3031">
    <p class='ocr_par' dir='ltr' id='par_1_87' title="bbox 2268 2943 3843 3031">
     <span class='ocr_line' id='line_1_88' title="bbox 2268 2943 3843 3031; baseline 0.015 -37"><span class='ocrx_word' id='word_1_558' title='bbox 2268 2943 2374 3015; x_wconf 81' lang='grc' dir='ltr'>μὴν</span> <span class='ocrx_word' id='word_1_559' title='bbox 2399 2946 2492 2998; x_wconf 74' lang='grc' dir='ltr'><strong>καὶ</strong></span> <span class='ocrx_word' id='word_1_560' title='bbox 2520 2946 2675 3001; x_wconf 78' lang='grc' dir='ltr'>τοῦτο</span> <span class='ocrx_word' id='word_1_561' title='bbox 2720 2953 2786 3021; x_wconf 80' lang='grc' dir='ltr'>τῇ</span> <span class='ocrx_word' id='word_1_562' title='bbox 2832 2953 2911 3014; x_wconf 84' lang='grc' dir='ltr'>εἰς</span> <span class='ocrx_word' id='word_1_563' title='bbox 2941 2955 3100 3008; x_wconf 88' lang='grc' dir='ltr'>αὐτὸν</span> <span class='ocrx_word' id='word_1_564' title='bbox 3131 2957 3311 3028; x_wconf 86' lang='grc' dir='ltr'>χάριτι</span> <span class='ocrx_word' id='word_1_565' title='bbox 3342 2964 3700 3031; x_wconf 81' lang='grc' dir='ltr'>προστιθέναι</span> <span class='ocrx_word' id='word_1_566' title='bbox 3742 2968 3843 3020; x_wconf 66' lang='grc' dir='ltr'>ἐδι-</span> 
     </span>
    </p>
   </div>
   <div class='ocr_carea' id='block_1_88' title="bbox 2264 3039 3837 3126">
    <p class='ocr_par' dir='ltr' id='par_1_88' title="bbox 2264 3039 3837 3126">
     <span class='ocr_line' id='line_1_89' title="bbox 2264 3039 3837 3126; baseline 0.017 -41"><span class='ocrx_word' id='word_1_567' title='bbox 2264 3039 2598 3107; x_wconf 76' lang='grc' dir='ltr'>καιώσαμεν,</span> <span class='ocrx_word' id='word_1_568' title='bbox 2636 3039 2775 3093; x_wconf 75' lang='grc' dir='ltr'>ὥστε</span> <span class='ocrx_word' id='word_1_569' title='bbox 2818 3043 3024 3108; x_wconf 78' lang='grc' dir='ltr'>πάντας</span> <span class='ocrx_word' id='word_1_570' title='bbox 3068 3050 3192 3110; x_wconf 87' lang='grc' dir='ltr'>τοὺς</span> <span class='ocrx_word' id='word_1_571' title='bbox 3223 3049 3317 3102; x_wconf 78' lang='grc' dir='ltr'>τοῦ</span> <span class='ocrx_word' id='word_1_572' title='bbox 3361 3053 3508 3122; x_wconf 83' lang='grc' dir='ltr'>ἱεροῦ</span> <span class='ocrx_word' id='word_1_573' title='bbox 3541 3057 3837 3126; x_wconf 79' lang='grc' dir='ltr'>καταλόγου</span> 
     </span>
    </p>
   </div>
   <div class='ocr_carea' id='block_1_89' title="bbox 2265 3126 3843 3219">
    <p class='ocr_par' dir='ltr' id='par_1_89' title="bbox 2265 3126 3843 3219">
     <span class='ocr_line' id='line_1_90' title="bbox 2265 3126 3843 3219; baseline 0.016 -42"><span class='ocrx_word' id='word_1_574' title='bbox 2265 3126 2550 3195; x_wconf 78' lang='grc' dir='ltr'>γινώσκειν</span> <span class='ocrx_word' id='word_1_575' title='bbox 2570 3131 2870 3186; x_wconf 82' lang='grc' dir='ltr'>ὲνδεδόσθαι</span> <span class='ocrx_word' id='word_1_576' title='bbox 2888 3136 2949 3188; x_wconf 89' lang='grc' dir='ltr'><strong>τὸ</strong></span> <span class='ocrx_word' id='word_1_577' title='bbox 2966 3137 3162 3205; x_wconf 59' lang='grc' dir='ltr'>ἄφοδον</span> <span class='ocrx_word' id='word_1_578' title='bbox 3180 3142 3313 3193; x_wconf 81' lang='grc' dir='ltr'>πᾶσι</span> <span class='ocrx_word' id='word_1_579' title='bbox 3328 3146 3441 3207; x_wconf 86' lang='grc' dir='ltr'>τοῖς</span> <span class='ocrx_word' id='word_1_580' title='bbox 3459 3146 3611 3217; x_wconf 81' lang='grc' dir='ltr'>αὐτῷ</span> <span class='ocrx_word' id='word_1_581' title='bbox 3632 3166 3843 3219; x_wconf 81' lang='grc' dir='ltr'>προστι-</span> 
     </span>
    </p>
   </div>
   <div class='ocr_carea' id='block_1_90' title="bbox 2266 3217 3845 3305">
    <p class='ocr_par' dir='ltr' id='par_1_90' title="bbox 2266 3217 3845 3305">
     <span class='ocr_line' id='line_1_91' title="bbox 2266 3217 3845 3305; baseline 0.019 -37"><span class='ocrx_word' id='word_1_582' title='bbox 2266 3217 2531 3288; x_wconf 83' lang='grc' dir='ltr'>θεμένοις,</span> <span class='ocrx_word' id='word_1_583' title='bbox 2565 3223 2675 3275; x_wconf 72' lang='grc' dir='ltr'>εἴτε</span> <span class='ocrx_word' id='word_1_584' title='bbox 2705 3225 3042 3293; x_wconf 84' lang='grc' dir='ltr'>ἐπισκόποις,</span> <span class='ocrx_word' id='word_1_585' title='bbox 3068 3229 3177 3283; x_wconf 79' lang='grc' dir='ltr'>εἴτε</span> <span class='ocrx_word' id='word_1_586' title='bbox 3201 3233 3503 3305; x_wconf 62' lang='grc' dir='ltr'>κληριικοῖς.</span> <span class='ocrx_word' id='word_1_587' title='bbox 3546 3217 3749 3297; x_wconf 81' lang='grc' dir='ltr'>Ἱκανὸν</span> <span class='ocrx_word' id='word_1_588' title='bbox 3784 3246 3845 3297; x_wconf 74' lang='grc' dir='ltr'>δὲ</span> 
     </span>
    </p>
   </div>
   <div class='ocr_carea' id='block_1_91' title="bbox 2264 3309 3842 3399">
    <p class='ocr_par' dir='ltr' id='par_1_91' title="bbox 2264 3309 3842 3399">
     <span class='ocr_line' id='line_1_92' title="bbox 2264 3309 3842 3399; baseline 0.018 -40"><span class='ocrx_word' id='word_1_589' title='bbox 2264 3309 2550 3382; x_wconf 79' lang='grc' dir='ltr'>γνώρισμα</span> <span class='ocrx_word' id='word_1_590' title='bbox 2580 3314 2677 3384; x_wconf 78' lang='grc' dir='ltr'><strong>τῆς</strong></span> <span class='ocrx_word' id='word_1_591' title='bbox 2722 3318 2948 3371; x_wconf 83' lang='grc' dir='ltr'>ἑκάστου</span> <span class='ocrx_word' id='word_1_592' title='bbox 2990 3322 3157 3391; x_wconf 77' lang='grc' dir='ltr'>ὀρθῆς</span> <span class='ocrx_word' id='word_1_593' title='bbox 3203 3330 3577 3399; x_wconf 79' lang='grc' dir='ltr'>προαιρέσεως</span> <span class='ocrx_word' id='word_1_594' title='bbox 3606 3334 3760 3389; x_wconf 82' lang='grc' dir='ltr'>ἔσται</span> <span class='ocrx_word' id='word_1_595' title='bbox 3803 3340 3842 3397; x_wconf 68' lang='grc' dir='ltr'>ἡ</span> 
     </span>
    </p>
   </div>
   <div class='ocr_carea' id='block_1_92' title="bbox 2264 3401 3845 3491">
    <p class='ocr_par' dir='ltr' id='par_1_92' title="bbox 2264 3401 3845 3491">
     <span class='ocr_line' id='line_1_93' title="bbox 2264 3401 3845 3491; baseline 0.018 -39"><span class='ocrx_word' id='word_1_596' title='bbox 2264 3401 2401 3473; x_wconf 88' lang='grc' dir='ltr'>πρὸς</span> <span class='ocrx_word' id='word_1_597' title='bbox 2438 3403 2624 3457; x_wconf 79' lang='grc' dir='ltr'>τοῦτον</span> <span class='ocrx_word' id='word_1_598' title='bbox 2660 3406 2869 3473; x_wconf 81' lang='grc' dir='ltr'>ἓνωσις.</span> <span class='ocrx_word' id='word_1_599' title='bbox 2926 3412 3078 3465; x_wconf 84' lang='grc' dir='ltr'>Ὅσοι</span> <span class='ocrx_word' id='word_1_600' title='bbox 3122 3414 3231 3485; x_wconf 79' lang='grc' dir='ltr'><strong>γάρ</strong></span> <span class='ocrx_word' id='word_1_601' title='bbox 3272 3416 3360 3481; x_wconf 85' lang='grc' dir='ltr'><strong>ἃν,</strong></span> <span class='ocrx_word' id='word_1_602' title='bbox 3412 3421 3512 3491; x_wconf 83' lang='grc' dir='ltr'>τῆς</span> <span class='ocrx_word' id='word_1_603' title='bbox 3562 3402 3845 3490; x_wconf 74' lang='grc' dir='ltr'>καλλίονος</span> 
     </span>
    </p>
   </div>
   <div class='ocr_carea' id='block_1_93' title="bbox 2261 3491 3839 3583">
    <p class='ocr_par' dir='ltr' id='par_1_93' title="bbox 2261 3491 3839 3583">
     <span class='ocr_line' id='line_1_94' title="bbox 2261 3491 3839 3583; baseline 0.018 -41"><span class='ocrx_word' id='word_1_604' title='bbox 2261 3491 2395 3561; x_wconf 79' lang='grc' dir='ltr'>ὁμοῦ</span> <span class='ocrx_word' id='word_1_605' title='bbox 2428 3494 2658 3563; x_wconf 84' lang='grc' dir='ltr'>κρίσεώς</span> <span class='ocrx_word' id='word_1_606' title='bbox 2699 3515 2756 3550; x_wconf 90' lang='grc' dir='ltr'><strong>τε</strong></span> <span class='ocrx_word' id='word_1_607' title='bbox 2798 3500 2888 3551; x_wconf 78' lang='grc' dir='ltr'><strong>καὶ</strong></span> <span class='ocrx_word' id='word_1_608' title='bbox 2935 3502 3125 3573; x_wconf 77' lang='grc' dir='ltr'>μοίρας</span> <span class='ocrx_word' id='word_1_609' title='bbox 3168 3506 3470 3577; x_wconf 71' lang='grc' dir='ltr'>γενόμενοι,</span> <span class='ocrx_word' id='word_1_610' title='bbox 3513 3513 3611 3583; x_wconf 82' lang='grc' dir='ltr'>τὴν</span> <span class='ocrx_word' id='word_1_611' title='bbox 3651 3516 3839 3569; x_wconf 87' lang='grc' dir='ltr'>τούτου</span> 
     </span>
    </p>
   </div>
   <div class='ocr_carea' id='block_1_94' title="bbox 2262 3580 3841 3676">
    <p class='ocr_par' dir='ltr' id='par_1_94' title="bbox 2262 3580 3841 3676">
     <span class='ocr_line' id='line_1_95' title="bbox 2262 3580 3841 3676; baseline 0.019 -43"><span class='ocrx_word' id='word_1_612' title='bbox 2262 3580 2487 3636; x_wconf 72' lang='grc' dir='ltr'>ἕλωνται</span> <span class='ocrx_word' id='word_1_613' title='bbox 2516 3588 2819 3652; x_wconf 88' lang='grc' dir='ltr'>κοινωνίαν,</span> <span class='ocrx_word' id='word_1_614' title='bbox 2848 3590 3069 3657; x_wconf 82' lang='grc' dir='ltr'>τούτους</span> <span class='ocrx_word' id='word_1_615' title='bbox 3094 3595 3299 3661; x_wconf 82' lang='grc' dir='ltr'>πάντας</span> <span class='ocrx_word' id='word_1_616' title='bbox 3325 3580 3693 3676; x_wconf 78' lang='grc' dir='ltr'>ἐκελεύσαμεν</span> <span class='ocrx_word' id='word_1_617' title='bbox 3718 3610 3841 3662; x_wconf 78' lang='grc' dir='ltr'>καθ’</span> 
     </span>
    </p>
   </div>
   <div class='ocr_carea' id='block_1_95' title="bbox 2261 3672 3839 3768">
    <p class='ocr_par' dir='ltr' id='par_1_95' title="bbox 2261 3672 3839 3768">
     <span class='ocr_line' id='line_1_96' title="bbox 2261 3672 3839 3768; baseline 0.019 -46"><span class='ocrx_word' id='word_1_618' title='bbox 2261 3672 2551 3768; x_wconf 58' lang='grc' dir='ltr'>ὁμοιότητα</span> <span class='ocrx_word' id='word_1_619' title='bbox 2592 3676 2690 3745; x_wconf 78' lang='grc' dir='ltr'>τῆς</span> <span class='ocrx_word' id='word_1_620' title='bbox 2729 3677 3032 3751; x_wconf 77' lang='grc' dir='ltr'>φθανούσης</span> <span class='ocrx_word' id='word_1_621' title='bbox 3078 3688 3335 3754; x_wconf 85' lang='grc' dir='ltr'>προνοίας</span> <span class='ocrx_word' id='word_1_622' title='bbox 3362 3692 3457 3744; x_wconf 78' lang='grc' dir='ltr'>καὶ</span> <span class='ocrx_word' id='word_1_623' title='bbox 3487 3672 3708 3768; x_wconf 40' lang='grc' dir='ltr'>νῦν-τῆς</span> <span class='ocrx_word' id='word_1_624' title='bbox 3746 3698 3839 3766; x_wconf 68' lang='grc' dir='ltr'><strong>ὐφ’</strong></span> 
     </span>
    </p>
   </div>
   <div class='ocr_carea' id='block_1_96' title="bbox 2260 3763 3839 3862">
    <p class='ocr_par' dir='ltr' id='par_1_96' title="bbox 2260 3763 3839 3862">
     <span class='ocr_line' id='line_1_97' title="bbox 2260 3763 3839 3862; baseline 0.02 -49"><span class='ocrx_word' id='word_1_625' title='bbox 2260 3763 2416 3862; x_wconf 78' lang='grc' dir='ltr'>ἡμῶν</span> <span class='ocrx_word' id='word_1_626' title='bbox 2465 3764 2712 3862; x_wconf 72' lang='grc' dir='ltr'>βουλήσει</span> <span class='ocrx_word' id='word_1_627' title='bbox 2742 3770 2851 3862; x_wconf 44' lang='grc' dir='ltr'><strong>τοῦ-</strong></span> <span class='ocrx_word' id='word_1_628' title='bbox 2876 3774 3179 3842; x_wconf 83' lang='grc' dir='ltr'>κρείττονος</span> <span class='ocrx_word' id='word_1_629' title='bbox 3214 3763 3839 3862; x_wconf 25' lang='grc' dir='ltr'>παρασχεθείσηςνχάρι-</span> 
     </span>
    </p>
   </div>
   <div class='ocr_carea' id='block_1_97' title="bbox 2258 3853 3656 3945">
    <p class='ocr_par' dir='ltr' id='par_1_97' title="bbox 2258 3853 3656 3945">
     <span class='ocr_line' id='line_1_98' title="bbox 2258 3853 3656 3945; baseline 0.019 -43"><span class='ocrx_word' id='word_1_630' title='bbox 2258 3869 2349 3915; x_wconf 88' lang='grc' dir='ltr'><strong>τος</strong></span> <span class='ocrx_word' id='word_1_631' title='bbox 2380 3853 2692 3910; x_wconf 85' lang='grc' dir='ltr'>ἀπολαύειν.</span> <span class='ocrx_word' id='word_1_632' title='bbox 2740 3861 2795 3911; x_wconf 90' lang='grc' dir='ltr'><strong>Ὀ</strong></span> <span class='ocrx_word' id='word_1_633' title='bbox 2824 3860 2953 3924; x_wconf 84' lang='grc' dir='ltr'>Θεὸς</span> <span class='ocrx_word' id='word_1_634' title='bbox 2994 3864 3136 3933; x_wconf 83' lang='grc' dir='ltr'>ὑμᾶς</span> <span class='ocrx_word' id='word_1_635' title='bbox 3163 3866 3512 3936; x_wconf 75' lang='grc' dir='ltr'>διαφυλάττοι</span> <span class='ocrx_word' id='word_1_636' title='bbox 3527 3853 3656 3945; x_wconf 63' lang='lat' dir='ltr'><strong>(Si).</strong></span> 
     </span>
    </p>
   </div>
   <div class='ocr_carea' id='block_1_98' title="bbox 2725 3951 3371 4027">
    <p class='ocr_par' dir='ltr' id='par_1_98' title="bbox 2725 3951 3371 4027">
     <span class='ocr_line' id='line_1_99' title="bbox 2725 3951 3371 4027; baseline 0.017 -23"><span class='ocrx_word' id='word_1_637' title='bbox 2725 3951 3047 4023; x_wconf 77' lang='grc' dir='ltr'>Ἐπιστολὴ</span> <span class='ocrx_word' id='word_1_638' title='bbox 3100 3958 3371 4027; x_wconf 83' lang='grc' dir='ltr'>δευτέρα.</span> 
     </span>
    </p>
   </div>
   <div class='ocr_carea' id='block_1_99' title="bbox 2328 4039 3837 4131">
    <p class='ocr_par' dir='ltr' id='par_1_99' title="bbox 2328 4039 3837 4131">
     <span class='ocr_line' id='line_1_100' title="bbox 2328 4039 3837 4131; baseline 0.016 -40"><span class='ocrx_word' id='word_1_639' title='bbox 2328 4039 2569 4112; x_wconf 78' lang='grc' dir='ltr'>Νικητὴς</span> <span class='ocrx_word' id='word_1_640' title='bbox 2640 4043 3013 4108; x_wconf 84' lang='grc' dir='ltr'>Κωνστάντιος</span> <span class='ocrx_word' id='word_1_641' title='bbox 3079 4050 3350 4116; x_wconf 78' lang='grc' dir='ltr'>Μέγιστος</span> <span class='ocrx_word' id='word_1_642' title='bbox 3416 4056 3683 4123; x_wconf 78' lang='grc' dir='ltr'>Σεϐαστὸς</span> <span class='ocrx_word' id='word_1_643' title='bbox 3753 4062 3837 4131; x_wconf 66' lang='grc' dir='ltr'>τῷ</span> 
     </span>
    </p>
   </div>
   <div class='ocr_carea' id='block_1_100' title="bbox 2256 4129 3833 4219">
    <p class='ocr_par' dir='ltr' id='par_1_100' title="bbox 2256 4129 3833 4219">
     <span class='ocr_line' id='line_1_101' title="bbox 2256 4129 3833 4219; baseline 0.016 -38"><span class='ocrx_word' id='word_1_644' title='bbox 2256 4129 2368 4200; x_wconf 83' lang='grc' dir='ltr'>λαῷ</span> <span class='ocrx_word' id='word_1_645' title='bbox 2397 4130 2496 4199; x_wconf 82' lang='grc' dir='ltr'><strong>τῆς</strong></span> <span class='ocrx_word' id='word_1_646' title='bbox 2541 4133 2682 4185; x_wconf 86' lang='grc' dir='ltr'>κατὰ</span> <span class='ocrx_word' id='word_1_647' title='bbox 2721 4134 3119 4207; x_wconf 83' lang='grc' dir='ltr'>Ἀλεξάνδρειαν</span> <span class='ocrx_word' id='word_1_648' title='bbox 3147 4140 3454 4214; x_wconf 76' lang='grc' dir='ltr'>Καθολικῆς</span> <span class='ocrx_word' id='word_1_649' title='bbox 3492 4129 3833 4219; x_wconf 17' lang='grc' dir='ltr'>Ἐκκλησίαςὴ.</span> 
     </span>
    </p>
   </div>
   <div class='ocr_carea' id='block_1_101' title="bbox 2328 4222 3835 4304">
    <p class='ocr_par' dir='ltr' id='par_1_101' title="bbox 2328 4222 3835 4304">
     <span class='ocr_line' id='line_1_102' title="bbox 2328 4222 3835 4304; baseline 0.013 -30"><span class='ocrx_word' id='word_1_650' title='bbox 2328 4222 2414 4275; x_wconf 79' lang='grc'><strong>55.</strong></span> <span class='ocrx_word' id='word_1_651' title='bbox 2453 4224 2663 4276; x_wconf 81' lang='grc' dir='ltr'>Σκοπὸν</span> <span class='ocrx_word' id='word_1_652' title='bbox 2714 4227 3022 4297; x_wconf 79' lang='grc' dir='ltr'>ποιούμενοι</span> <span class='ocrx_word' id='word_1_653' title='bbox 3066 4230 3163 4300; x_wconf 78' lang='grc' dir='ltr'>τὴν</span> <span class='ocrx_word' id='word_1_654' title='bbox 3214 4234 3486 4304; x_wconf 75' lang='grc' dir='ltr'>ὑμετέραν</span> <span class='ocrx_word' id='word_1_655' title='bbox 3533 4243 3591 4292; x_wconf 85' lang='grc' dir='ltr'><strong>ἐν</strong></span> <span class='ocrx_word' id='word_1_656' title='bbox 3631 4242 3835 4297; x_wconf 78' lang='grc' dir='ltr'>ἅπασιν</span> 
     </span>
    </p>
   </div>
   <div class='ocr_carea' id='block_1_102' title="bbox 2256 4315 3837 4399">
    <p class='ocr_par' dir='ltr' id='par_1_102' title="bbox 2256 4315 3837 4399">
     <span class='ocr_line' id='line_1_103' title="bbox 2256 4315 3837 4399; baseline 0.015 -34"><span class='ocrx_word' id='word_1_657' title='bbox 2256 4315 2531 4386; x_wconf 80' lang='grc' dir='ltr'>εὐνομίαν,</span> <span class='ocrx_word' id='word_1_658' title='bbox 2572 4317 2769 4381; x_wconf 78' lang='grc' dir='ltr'>εἰδότες</span> <span class='ocrx_word' id='word_1_659' title='bbox 2802 4336 2880 4385; x_wconf 88' lang='grc' dir='ltr'><strong>τε,</strong></span> <span class='ocrx_word' id='word_1_660' title='bbox 2924 4316 3124 4385; x_wconf 61' lang='grc' dir='ltr'><strong>ώςιὲπὶ</strong></span> <span class='ocrx_word' id='word_1_661' title='bbox 3166 4325 3297 4378; x_wconf 78' lang='grc' dir='ltr'>πολὺ</span> <span class='ocrx_word' id='word_1_662' title='bbox 3337 4329 3439 4399; x_wconf 75' lang='grc' dir='ltr'>τῆς</span> <span class='ocrx_word' id='word_1_663' title='bbox 3482 4330 3577 4383; x_wconf 79' lang='grc' dir='ltr'>τοῦ</span> <span class='ocrx_word' id='word_1_664' title='bbox 3614 4335 3837 4387; x_wconf 80' lang='grc' dir='ltr'>ἐπισκο-</span> 
     </span>
    </p>
   </div>
   <div class='ocr_carea' id='block_1_103' title="bbox 2256 4407 3834 4485">
    <p class='ocr_par' dir='ltr' id='par_1_103' title="bbox 2256 4407 3834 4485">
     <span class='ocr_line' id='line_1_104' title="bbox 2256 4407 3834 4485; baseline 0.011 -27"><span class='ocrx_word' id='word_1_665' title='bbox 2256 4407 2481 4471; x_wconf 81' lang='grc' dir='ltr'>ποῦντος</span> <span class='ocrx_word' id='word_1_666' title='bbox 2507 4410 2758 4480; x_wconf 86' lang='grc' dir='ltr'>προνοίας</span> <span class='ocrx_word' id='word_1_667' title='bbox 2788 4413 3096 4485; x_wconf 83' lang='grc' dir='ltr'>ὲστέρησθε,</span> <span class='ocrx_word' id='word_1_668' title='bbox 3153 4416 3469 4474; x_wconf 84' lang='grc' dir='ltr'>Ἀθανάσιον</span> <span class='ocrx_word' id='word_1_669' title='bbox 3494 4423 3584 4475; x_wconf 90' lang='grc' dir='ltr'><strong>τὸν</strong></span> <span class='ocrx_word' id='word_1_670' title='bbox 3616 4424 3834 4478; x_wconf 74' lang='grc' dir='ltr'>ἐπίσκο-</span> 
     </span>
    </p>
   </div>
   <div class='ocr_carea' id='block_1_104' title="bbox 2257 4500 3833 4587">
    <p class='ocr_par' dir='ltr' id='par_1_104' title="bbox 2257 4500 3833 4587">
     <span class='ocr_line' id='line_1_105' title="bbox 2257 4500 3833 4587; baseline 0.013 -37"><span class='ocrx_word' id='word_1_671' title='bbox 2257 4515 2378 4561; x_wconf 84' lang='grc' dir='ltr'>πον,</span> <span class='ocrx_word' id='word_1_672' title='bbox 2406 4500 2572 4572; x_wconf 83' lang='grc' dir='ltr'>ἄνδρα</span> <span class='ocrx_word' id='word_1_673' title='bbox 2599 4505 2709 4565; x_wconf 85' lang='grc' dir='ltr'>τοῖς</span> <span class='ocrx_word' id='word_1_674' title='bbox 2737 4506 2869 4556; x_wconf 81' lang='grc' dir='ltr'>πάσι</span> <span class='ocrx_word' id='word_1_675' title='bbox 2900 4505 2986 4559; x_wconf 85' lang='grc' dir='ltr'><strong>διά</strong></span> <span class='ocrx_word' id='word_1_676' title='bbox 3009 4523 3068 4558; x_wconf 85' lang='grc' dir='ltr'><strong>τε</strong></span> <span class='ocrx_word' id='word_1_677' title='bbox 3094 4506 3193 4578; x_wconf 83' lang='grc' dir='ltr'><strong>τὴν</strong></span> <span class='ocrx_word' id='word_1_678' title='bbox 3223 4512 3534 4582; x_wconf 75' lang='grc' dir='ltr'>προσοῦσαν</span> <span class='ocrx_word' id='word_1_679' title='bbox 3567 4516 3833 4587; x_wconf 77' lang='grc' dir='ltr'>ὀρθότητα</span> 
     </span>
    </p>
   </div>
   <div class='ocr_carea' id='block_1_105' title="bbox 2256 4589 3833 4681">
    <p class='ocr_par' dir='ltr' id='par_1_105' title="bbox 2256 4589 3833 4681">
     <span class='ocr_line' id='line_1_106' title="bbox 2256 4589 3833 4681; baseline 0.012 -41"><span class='ocrx_word' id='word_1_680' title='bbox 2256 4589 2350 4641; x_wconf 62' lang='grc' dir='ltr'><strong>καλ⁵</strong></span> <span class='ocrx_word' id='word_1_681' title='bbox 2395 4589 2483 4642; x_wconf 85' lang='grc' dir='ltr'><strong>διὰ</strong></span> <span class='ocrx_word' id='word_1_682' title='bbox 2527 4589 2624 4659; x_wconf 85' lang='grc' dir='ltr'><strong>τὴν</strong></span> <span class='ocrx_word' id='word_1_683' title='bbox 2671 4591 2778 4645; x_wconf 85' lang='grc' dir='ltr'><strong>τῶν</strong></span> <span class='ocrx_word' id='word_1_684' title='bbox 2824 4596 3039 4648; x_wconf 81' lang='grc' dir='ltr'>οἰκείων</span> <span class='ocrx_word' id='word_1_685' title='bbox 3088 4598 3233 4667; x_wconf 71' lang='grc' dir='ltr'>ἠθῶν</span> <span class='ocrx_word' id='word_1_686' title='bbox 3284 4602 3580 4674; x_wconf 73' lang='grc' dir='ltr'>εὐτροπίαν</span> <span class='ocrx_word' id='word_1_687' title='bbox 3630 4607 3833 4681; x_wconf 74' lang='grc' dir='ltr'>’(νώριο</span> 
     </span>
    </p>
   </div>
   <div class='ocr_carea' id='block_1_106' title="bbox 2258 4681 3828 4769">
    <p class='ocr_par' dir='ltr' id='par_1_106' title="bbox 2258 4681 3828 4769">
     <span class='ocr_line' id='line_1_107' title="bbox 2258 4681 3828 4769; baseline 0.015 -38"><span class='ocrx_word' id='word_1_688' title='bbox 2258 4696 2357 4749; x_wconf 88' lang='grc' dir='ltr'><strong>μον</strong></span> <span class='ocrx_word' id='word_1_689' title='bbox 2390 4681 2520 4751; x_wconf 69' lang='grc'><strong>(54),</strong></span> <span class='ocrx_word' id='word_1_690' title='bbox 2554 4683 2711 4736; x_wconf 87' lang='grc' dir='ltr'>πάλιν</span> <span class='ocrx_word' id='word_1_691' title='bbox 2740 4685 2873 4755; x_wconf 85' lang='grc' dir='ltr'>πρὸς</span> <span class='ocrx_word' id='word_1_692' title='bbox 2900 4687 3041 4757; x_wconf 82' lang='grc' dir='ltr'>ὑμᾶς</span> <span class='ocrx_word' id='word_1_693' title='bbox 3066 4690 3376 4746; x_wconf 82' lang='grc' dir='ltr'>ἀποστεῖλαι</span> <span class='ocrx_word' id='word_1_694' title='bbox 3408 4697 3828 4769; x_wconf 70' lang='grc' dir='ltr'>ἐδικαιώσαμεν.</span> 
     </span>
    </p>
   </div>
   <div class='ocr_carea' id='block_1_107' title="bbox 2256 4770 3832 4859">
    <p class='ocr_par' dir='ltr' id='par_1_107' title="bbox 2256 4770 3832 4859">
     <span class='ocr_line' id='line_1_108' title="bbox 2256 4770 3832 4859; baseline 0.014 -37"><span class='ocrx_word' id='word_1_695' title='bbox 2256 4770 2455 4825; x_wconf 80' lang='grc' dir='ltr'>Τοῦτον</span> <span class='ocrx_word' id='word_1_696' title='bbox 2486 4772 2725 4843; x_wconf 83' lang='grc' dir='ltr'>συνήθως</span> <span class='ocrx_word' id='word_1_697' title='bbox 2768 4778 2863 4829; x_wconf 72' lang='grc' dir='ltr'><strong>καὶ</strong></span> <span class='ocrx_word' id='word_1_698' title='bbox 2888 4782 3268 4851; x_wconf 76' lang='grc' dir='ltr'>προσηκόντως</span> <span class='ocrx_word' id='word_1_699' title='bbox 3296 4786 3701 4859; x_wconf 80' lang='grc' dir='ltr'>ὑποδεξάμενοι,</span> <span class='ocrx_word' id='word_1_700' title='bbox 3725 4795 3832 4843; x_wconf 70' lang='grc' dir='ltr'><strong>καὶ</strong></span> 
     </span>
    </p>
   </div>
   <div class='ocr_carea' id='block_1_108' title="bbox 2250 4866 3835 4952">
    <p class='ocr_par' dir='ltr' id='par_1_108' title="bbox 2250 4866 3835 4952">
     <span class='ocr_line' id='line_1_109' title="bbox 2250 4866 3835 4952; baseline 0.015 -38"><span class='ocrx_word' id='word_1_701' title='bbox 2250 4867 2371 4928; x_wconf 77' lang='grc' dir='ltr'>ταῖς</span> <span class='ocrx_word' id='word_1_702' title='bbox 2408 4866 2544 4936; x_wconf 85' lang='grc' dir='ltr'>πρὸς</span> <span class='ocrx_word' id='word_1_703' title='bbox 2584 4866 2717 4919; x_wconf 87' lang='grc' dir='ltr'>Θεὸν</span> <span class='ocrx_word' id='word_1_704' title='bbox 2762 4869 2947 4940; x_wconf 83' lang='grc' dir='ltr'>εὐχαῖς</span> <span class='ocrx_word' id='word_1_705' title='bbox 2993 4871 3183 4943; x_wconf 88' lang='grc' dir='ltr'>βοηθὸν</span> <span class='ocrx_word' id='word_1_706' title='bbox 3224 4881 3677 4951; x_wconf 75' lang='grc' dir='ltr'>προστησάμενοι,</span> <span class='ocrx_word' id='word_1_707' title='bbox 3720 4884 3835 4952; x_wconf 67' lang='grc' dir='ltr'>τὴν</span> 
     </span>
    </p>
   </div>
   <div class='ocr_carea' id='block_1_109' title="bbox 2251 4954 3834 5043">
    <p class='ocr_par' dir='ltr' id='par_1_109' title="bbox 2251 4954 3834 5043">
     <span class='ocr_line' id='line_1_110' title="bbox 2251 4954 3834 5043; baseline 0.014 -37"><span class='ocrx_word' id='word_1_708' title='bbox 2251 4954 2379 5025; x_wconf 80' lang='grc' dir='ltr'>ὑμῖν</span> <span class='ocrx_word' id='word_1_709' title='bbox 2414 4974 2473 5009; x_wconf 87' lang='grc' dir='ltr'><strong>τε</strong></span> <span class='ocrx_word' id='word_1_710' title='bbox 2524 4958 2857 5029; x_wconf 80' lang='grc' dir='ltr'>πρέπουσαν,</span> <span class='ocrx_word' id='word_1_711' title='bbox 2892 4965 2984 5017; x_wconf 80' lang='grc' dir='ltr'>καὶ</span> <span class='ocrx_word' id='word_1_712' title='bbox 3010 4967 3140 5036; x_wconf 80' lang='grc' dir='ltr'>ἡμῖν</span> <span class='ocrx_word' id='word_1_713' title='bbox 3185 4968 3415 5041; x_wconf 86' lang='grc' dir='ltr'>ἀρίστην</span> <span class='ocrx_word' id='word_1_714' title='bbox 3452 4972 3696 5043; x_wconf 83' lang='grc' dir='ltr'>ὁμόνοιαν</span> <span class='ocrx_word' id='word_1_715' title='bbox 3726 4977 3834 5027; x_wconf 79' lang='grc' dir='ltr'><strong>καὶ</strong></span> 
     </span>
    </p>
   </div>
   <div class='ocr_carea' id='block_1_110' title="bbox 2252 5046 3833 5133">
    <p class='ocr_par' dir='ltr' id='par_1_110' title="bbox 2252 5046 3833 5133">
     <span class='ocr_line' id='line_1_111' title="bbox 2252 5046 3833 5133; baseline 0.013 -37"><span class='ocrx_word' id='word_1_716' title='bbox 2252 5046 2471 5116; x_wconf 73' lang='grc' dir='ltr'>εἰρήνην</span> <span class='ocrx_word' id='word_1_717' title='bbox 2517 5047 2658 5101; x_wconf 87' lang='grc' dir='ltr'>κατὰ</span> <span class='ocrx_word' id='word_1_718' title='bbox 2704 5050 2795 5104; x_wconf 88' lang='grc' dir='ltr'><strong>τὸν</strong></span> <span class='ocrx_word' id='word_1_719' title='bbox 2842 5053 2941 5124; x_wconf 81' lang='grc' dir='ltr'>τῆς</span> <span class='ocrx_word' id='word_1_720' title='bbox 3002 5055 3326 5126; x_wconf 86' lang='grc' dir='ltr'>Ἐκκλησίας</span> <span class='ocrx_word' id='word_1_721' title='bbox 3378 5058 3580 5130; x_wconf 85' lang='grc' dir='ltr'>θεσμὸν</span> <span class='ocrx_word' id='word_1_722' title='bbox 3621 5061 3833 5133; x_wconf 73' lang='grc' dir='ltr'>διαρκῆ</span> 
     </span>
    </p>
   </div>
   <div class='ocr_carea' id='block_1_111' title="bbox 2253 5137 3833 5222">
    <p class='ocr_par' dir='ltr' id='par_1_111' title="bbox 2253 5137 3833 5222">
     <span class='ocr_line' id='line_1_112' title="bbox 2253 5137 3833 5222; baseline 0.011 -33"><span class='ocrx_word' id='word_1_723' title='bbox 2253 5137 2538 5205; x_wconf 82' lang='grc' dir='ltr'>φυλάττειν</span> <span class='ocrx_word' id='word_1_724' title='bbox 2568 5143 2922 5199; x_wconf 82' lang='grc' dir='ltr'>σπουδάσατε.</span> <span class='ocrx_word' id='word_1_725' title='bbox 2959 5149 3091 5200; x_wconf 84' lang='grc' dir='ltr'>Οὐδὲ</span> <span class='ocrx_word' id='word_1_726' title='bbox 3135 5150 3244 5219; x_wconf 83' lang='grc' dir='ltr'><strong>γὰρ</strong></span> <span class='ocrx_word' id='word_1_727' title='bbox 3270 5149 3497 5219; x_wconf 77' lang='grc' dir='ltr'>εὔλογόν</span> <span class='ocrx_word' id='word_1_728' title='bbox 3524 5153 3637 5205; x_wconf 74' lang='grc' dir='ltr'>ἐστι</span> <span class='ocrx_word' id='word_1_729' title='bbox 3671 5153 3833 5222; x_wconf 69' lang='grc' dir='ltr'>διχό-</span> 
     </span>
    </p>
   </div>
   <div class='ocr_carea' id='block_1_112' title="bbox 2242 5385 3833 5461">
    <p class='ocr_par' dir='ltr' id='par_1_112' title="bbox 2242 5385 3833 5461">
     <span class='ocr_line' id='line_1_113' title="bbox 2242 5385 3833 5461; baseline 0.009 -25"><span class='ocrx_word' id='word_1_730' title='bbox 2242 5385 2399 5461; x_wconf 68' lang='lat' dir='ltr'><strong>bctur</strong></span> <span class='ocrx_word' id='word_1_731' title='bbox 2429 5387 2483 5440; x_wconf 89' lang='lat' dir='ltr'><strong>in</strong></span> <span class='ocrx_word' id='word_1_732' title='bbox 2524 5388 2917 5461; x_wconf 40' lang='lat' dir='ltr'><strong>edit.‘Comm..</strong></span> <span class='ocrx_word' id='word_1_733' title='bbox 2955 5394 3046 5446; x_wconf 85' lang='lat' dir='ltr'><strong>sed</strong></span> <span class='ocrx_word' id='word_1_734' title='bbox 3081 5409 3267 5447; x_wconf 81' lang='lat' dir='ltr'><strong>omnes</strong></span> <span class='ocrx_word' id='word_1_735' title='bbox 3301 5412 3457 5461; x_wconf 57' lang='grc' dir='ltr'>αισι,</span> <span class='ocrx_word' id='word_1_736' title='bbox 3480 5396 3606 5451; x_wconf 86' lang='lat' dir='ltr'><strong>edit.</strong></span> <span class='ocrx_word' id='word_1_737' title='bbox 3634 5396 3833 5451; x_wconf 69' lang='lat' dir='ltr'><strong>Paris.</strong></span> 
     </span>
    </p>
   </div>
   <div class='ocr_carea' id='block_1_113' title="bbox 2240 5454 3460 5530">
    <p class='ocr_par' dir='ltr' id='par_1_113' title="bbox 2240 5454 3460 5530">
     <span class='ocr_line' id='line_1_114' title="bbox 2240 5454 3460 5530; baseline 0.011 -23"><span class='ocrx_word' id='word_1_738' title='bbox 2240 5466 2294 5507; x_wconf 85' lang='lat' dir='ltr'><strong>et</strong></span> <span class='ocrx_word' id='word_1_739' title='bbox 2319 5454 2814 5530; x_wconf 32' lang='lat' dir='ltr'><strong>§ocr.~t&#39;ipe&#39;répav,</strong></span> <span class='ocrx_word' id='word_1_740' title='bbox 2838 5470 2892 5530; x_wconf 85' lang='lat' dir='ltr'><strong>et</strong></span> <span class='ocrx_word' id='word_1_741' title='bbox 2923 5463 2994 5514; x_wconf 89' lang='lat' dir='ltr'><strong>ita</strong></span> <span class='ocrx_word' id='word_1_742' title='bbox 3033 5462 3160 5530; x_wconf 83' lang='lat' dir='ltr'><strong>legit</strong></span> <span class='ocrx_word' id='word_1_743' title='bbox 3192 5454 3460 5520; x_wconf 54' lang='lat' dir='ltr'><strong>Nannius;</strong></span> 
     </span>
    </p>
   </div>
   <div class='ocr_carea' id='block_1_114' title="bbox 2310 5525 3837 5607">
    <p class='ocr_par' dir='ltr' id='par_1_114' title="bbox 2310 5525 3837 5607">
     <span class='ocr_line' id='line_1_115' title="bbox 2310 5525 3837 5607; baseline 0.007 -29"><span class='ocrx_word' id='word_1_744' title='bbox 2310 5526 2422 5594; x_wconf 72' lang='grc'><strong>(54)</strong></span> <span class='ocrx_word' id='word_1_745' title='bbox 2484 5525 2638 5607; x_wconf 60' lang='grc' dir='ltr'>βοὸς.</span> <span class='ocrx_word' id='word_1_746' title='bbox 2690 5525 2771 5607; x_wconf 47' lang='grc' dir='ltr'><strong>ἰιι</strong></span> <span class='ocrx_word' id='word_1_747' title='bbox 2804 5529 2987 5607; x_wconf 68' lang='lat' dir='ltr'><strong>ultima</strong></span> <span class='ocrx_word' id='word_1_748' title='bbox 3022 5525 3195 5607; x_wconf 82' lang='lat' dir='ltr'><strong>_edit_.,</strong></span> <span class='ocrx_word' id='word_1_749' title='bbox 3230 5534 3332 5605; x_wconf 86' lang='grc' dir='ltr'>τὴν</span> <span class='ocrx_word' id='word_1_750' title='bbox 3372 5532 3576 5589; x_wconf 70' lang='grc' dir='ltr'>οἰκείαν</span> <span class='ocrx_word' id='word_1_751' title='bbox 3614 5535 3837 5607; x_wconf 52' lang='grc' dir='ltr'>εὐτραφ-</span> 
     </span>
    </p>
   </div>
   <div class='ocr_carea' id='block_1_115' title="bbox 2238 5596 3833 5677">
    <p class='ocr_par' dir='ltr' id='par_1_115' title="bbox 2238 5596 3833 5677">
     <span class='ocr_line' id='line_1_116' title="bbox 2238 5596 3833 5677; baseline 0.008 -29"><span class='ocrx_word' id='word_1_752' title='bbox 2238 5596 2367 5677; x_wconf 77' lang='grc' dir='ltr'>πίαν</span> <span class='ocrx_word' id='word_1_753' title='bbox 2398 5596 2693 5677; x_wconf 74' lang='grc' dir='ltr'>γνώριμον.</span> <span class='ocrx_word' id='word_1_754' title='bbox 2739 5598 2845 5652; x_wconf 86' lang='lat' dir='ltr'><strong>Sed</strong></span> <span class='ocrx_word' id='word_1_755' title='bbox 2903 5601 3106 5677; x_wconf 66' lang='lat' dir='ltr'><strong>rectius</strong></span> <span class='ocrx_word' id='word_1_756' title='bbox 3140 5596 3198 5677; x_wconf 80' lang='lat' dir='ltr'><strong>in</strong></span> <span class='ocrx_word' id='word_1_757' title='bbox 3221 5596 3419 5677; x_wconf 33' lang='lat' dir='ltr'><strong>Aveteri</strong></span> <span class='ocrx_word' id='word_1_758' title='bbox 3463 5603 3695 5677; x_wconf 74' lang='grc' dir='ltr'>τὴντῶν</span> <span class='ocrx_word' id='word_1_759' title='bbox 3721 5596 3833 5660; x_wconf 72' lang='grc' dir='ltr'><strong>ὀξ-</strong></span> 
     </span>
    </p>
   </div>
   <div class='ocr_carea' id='block_1_116' title="bbox 2235 5666 3832 5747">
    <p class='ocr_par' dir='ltr' id='par_1_116' title="bbox 2235 5666 3832 5747">
     <span class='ocr_line' id='line_1_117' title="bbox 2235 5666 3832 5747; baseline 0.009 -31"><span class='ocrx_word' id='word_1_760' title='bbox 2235 5666 2389 5718; x_wconf 85' lang='grc' dir='ltr'>κείαν</span> <span class='ocrx_word' id='word_1_761' title='bbox 2427 5666 2728 5747; x_wconf 56' lang='lat' dir='ltr'><strong>(mendose,</strong></span> <span class='ocrx_word' id='word_1_762' title='bbox 2763 5670 3138 5747; x_wconf 42' lang='grc' dir='ltr'>κηποι-κείων).</span> <span class='ocrx_word' id='word_1_763' title='bbox 3179 5670 3326 5747; x_wconf 68' lang='grc' dir='ltr'><strong>ῂθῶν</strong></span> <span class='ocrx_word' id='word_1_764' title='bbox 3342 5666 3634 5747; x_wconf 64' lang='grc' dir='ltr'>εὐτροπίαν</span> <span class='ocrx_word' id='word_1_765' title='bbox 3653 5678 3832 5740; x_wconf 64' lang='grc' dir='ltr'><strong>γνὼ-</strong></span> 
     </span>
    </p>
   </div>
   <div class='ocr_carea' id='block_1_117' title="bbox 2235 5735 3831 5807">
    <p class='ocr_par' dir='ltr' id='par_1_117' title="bbox 2235 5735 3831 5807">
     <span class='ocr_line' id='line_1_118' title="bbox 2235 5735 3831 5807; baseline 0.009 -22"><span class='ocrx_word' id='word_1_766' title='bbox 2235 5751 2414 5804; x_wconf 85' lang='grc' dir='ltr'>ριμον.</span> <span class='ocrx_word' id='word_1_767' title='bbox 2450 5735 2566 5801; x_wconf 89' lang='lat' dir='ltr'><strong>Quo</strong></span> <span class='ocrx_word' id='word_1_768' title='bbox 2598 5738 2726 5791; x_wconf 81' lang='lat' dir='ltr'><strong>item</strong></span> <span class='ocrx_word' id='word_1_769' title='bbox 2758 5735 2913 5792; x_wconf 88' lang='lat' dir='ltr'><strong>modo</strong></span> <span class='ocrx_word' id='word_1_770' title='bbox 2938 5740 3061 5804; x_wconf 68' lang='lat' dir='ltr'><strong>lugit</strong></span> <span class='ocrx_word' id='word_1_771' title='bbox 3097 5735 3294 5807; x_wconf 81' lang='lat' dir='ltr'><strong>Epiph.</strong></span> <span class='ocrx_word' id='word_1_772' title='bbox 3336 5735 3517 5801; x_wconf 74' lang='lat' dir='ltr'><strong>Schol.</strong></span> <span class='ocrx_word' id='word_1_773' title='bbox 3554 5735 3831 5799; x_wconf 70' lang='lat' dir='ltr'><strong>tuarum-</strong></span> 
     </span>
    </p>
   </div>
   <div class='ocr_carea' id='block_1_118' title="bbox 2230 5809 3378 5875">
    <p class='ocr_par' dir='ltr' id='par_1_118' title="bbox 2230 5809 3378 5875">
     <span class='ocr_line' id='line_1_119' title="bbox 2230 5809 3378 5875; baseline 0.007 -19"><span class='ocrx_word' id='word_1_774' title='bbox 2230 5820 2329 5872; x_wconf 76' lang='lat' dir='ltr'><strong>qua</strong></span> <span class='ocrx_word' id='word_1_775' title='bbox 2360 5822 2560 5859; x_wconf 81' lang='lat' dir='ltr'><strong>morum</strong></span> <span class='ocrx_word' id='word_1_776' title='bbox 2590 5809 2898 5875; x_wconf 78' lang='lat' dir='ltr'><strong>probitatem</strong></span> <span class='ocrx_word' id='word_1_777' title='bbox 2915 5825 3044 5861; x_wconf 80' lang='lat' dir='ltr'><strong>cum</strong></span> <span class='ocrx_word' id='word_1_778' title='bbox 3070 5812 3114 5863; x_wconf 76' lang='lat' dir='ltr'><strong>is</strong></span> <span class='ocrx_word' id='word_1_779' title='bbox 3136 5814 3378 5866; x_wconf 74' lang='lat' dir='ltr'><strong>innotuit.</strong></span> 
     </span>
    </p>
   </div>
  </div>
