  <div class='ocr_page' id='page_1' title='image "/cluster/home/n/w/nwhite01/storage/ocr_20150623/25/hvd.32044004972428/472.png"; bbox 0 0 3978 6500; ppageno 0'>
   <div class='ocr_carea' id='block_1_1' title="bbox 174 399 265 456">
    <p class='ocr_par' dir='ltr' id='par_1_1' title="bbox 174 399 265 456">
     <span class='ocr_line' id='line_1_1' title="bbox 174 399 265 456; baseline -0.022 -1"><span class='ocrx_word' id='word_1_1' title='bbox 174 399 265 456; x_wconf 69' lang='grc' dir='ltr'><strong>δίθ</strong></span> 
     </span>
    </p>
   </div>
   <div class='ocr_carea' id='block_1_2' title="bbox 1274 396 2290 455">
    <p class='ocr_par' dir='ltr' id='par_1_2' title="bbox 1274 396 2290 455">
     <span class='ocr_line' id='line_1_2' title="bbox 1274 396 2290 455; baseline 0.006 -5"><span class='ocrx_word' id='word_1_2' title='bbox 1274 396 1615 451; x_wconf 73' lang='lat' dir='ltr'><strong>APOLOGIA</strong></span> <span class='ocrx_word' id='word_1_3' title='bbox 1650 397 1928 453; x_wconf 69' lang='lat' dir='ltr'><strong>CONTRA</strong></span> <span class='ocrx_word' id='word_1_4' title='bbox 1970 399 2290 455; x_wconf 71' lang='lat' dir='ltr'><strong>ARIANOS.</strong></span> 
     </span>
    </p>
   </div>
   <div class='ocr_carea' id='block_1_3' title="bbox 3280 403 3385 461">
    <p class='ocr_par' dir='ltr' id='par_1_3' title="bbox 3280 403 3385 461">
     <span class='ocr_line' id='line_1_3' title="bbox 3280 403 3385 461; baseline -0.01 0"><span class='ocrx_word' id='word_1_5' title='bbox 3280 403 3385 461; x_wconf 65' lang='grc' dir='ltr'>δυο</span> 
     </span>
    </p>
   </div>
   <div class='ocr_carea' id='block_1_4' title="bbox 176 512 1724 586">
    <p class='ocr_par' dir='ltr' id='par_1_4' title="bbox 176 512 1721 583">
     <span class='ocr_line' id='line_1_4' title="bbox 176 512 1721 583; baseline 0.002 -20"><span class='ocrx_word' id='word_1_6' title='bbox 176 516 304 572; x_wconf 74' lang='grc' dir='ltr'><strong>νοιάν</strong></span> <span class='ocrx_word' id='word_1_7' title='bbox 321 531 440 566; x_wconf 82' lang='grc' dir='ltr'>τινα</span> <span class='ocrx_word' id='word_1_8' title='bbox 467 514 501 583; x_wconf 77' lang='grc' dir='ltr'>ἦ</span> <span class='ocrx_word' id='word_1_9' title='bbox 530 513 717 565; x_wconf 90' lang='grc' dir='ltr'>στάσιν</span> <span class='ocrx_word' id='word_1_10' title='bbox 740 513 795 565; x_wconf 82' lang='grc' dir='ltr'><strong>ἐν</strong></span> <span class='ocrx_word' id='word_1_11' title='bbox 824 513 949 581; x_wconf 78' lang='grc' dir='ltr'>ὑμῖν</span> <span class='ocrx_word' id='word_1_12' title='bbox 966 512 1721 583; x_wconf 75' lang='grc' dir='ltr'>κινηθῆναι,ὑπεναντίον(ἵ›5)</span> 
     </span>
    </p>
   </div>
   <div class='ocr_carea' id='block_1_5' title="bbox 1835 512 3382 586">
    <p class='ocr_par' dir='ltr' id='par_1_5' title="bbox 1835 515 3382 586">
     <span class='ocr_line' id='line_1_5' title="bbox 1835 515 3382 586; baseline 0.005 -20"><span class='ocrx_word' id='word_1_13' title='bbox 1835 522 1922 567; x_wconf 84' lang='lat' dir='ltr'><strong>aut</strong></span> <span class='ocrx_word' id='word_1_14' title='bbox 1958 515 2275 569; x_wconf 87' lang='lat' dir='ltr'><strong>seditionem</strong></span> <span class='ocrx_word' id='word_1_15' title='bbox 2326 516 2635 583; x_wconf 74' lang='lat' dir='ltr'><strong>quampiam</strong></span> <span class='ocrx_word' id='word_1_16' title='bbox 2688 518 2890 571; x_wconf 78' lang='lat' dir='ltr'><strong>moveri</strong></span> <span class='ocrx_word' id='word_1_17' title='bbox 2920 558 2935 581; x_wconf 98' lang='lat'><strong>,</strong></span> <span class='ocrx_word' id='word_1_18' title='bbox 2970 520 3109 586; x_wconf 89' lang='lat' dir='ltr'><strong>quod</strong></span> <span class='ocrx_word' id='word_1_19' title='bbox 3146 519 3382 573; x_wconf 87' lang='lat' dir='ltr'><strong>alienum</strong></span> 
     </span>
    </p>
   </div>
   <div class='ocr_carea' id='block_1_6' title="bbox 175 603 1724 678">
    <p class='ocr_par' dir='ltr' id='par_1_6' title="bbox 175 603 1724 678">
     <span class='ocr_line' id='line_1_6' title="bbox 175 603 1724 678; baseline -0.003 -19"><span class='ocrx_word' id='word_1_20' title='bbox 175 608 259 678; x_wconf 81' lang='grc' dir='ltr'>τῆς</span> <span class='ocrx_word' id='word_1_21' title='bbox 281 604 383 658; x_wconf 84' lang='grc' dir='ltr'>τῶν</span> <span class='ocrx_word' id='word_1_22' title='bbox 412 604 700 675; x_wconf 79' lang='grc' dir='ltr'><strong>ἡμετέρων</strong></span> <span class='ocrx_word' id='word_1_23' title='bbox 728 603 930 674; x_wconf 79' lang='grc' dir='ltr'>καιρῶν</span> <span class='ocrx_word' id='word_1_24' title='bbox 970 604 1270 673; x_wconf 79' lang='grc' dir='ltr'><strong>εὐμοιρίας.</strong></span> <span class='ocrx_word' id='word_1_25' title='bbox 1304 606 1411 657; x_wconf 83' lang='grc' dir='ltr'>Καὶ</span> <span class='ocrx_word' id='word_1_26' title='bbox 1440 604 1598 657; x_wconf 91' lang='grc' dir='ltr'>τοῦτο</span> <span class='ocrx_word' id='word_1_27' title='bbox 1627 606 1724 675; x_wconf 78' lang='grc' dir='ltr'><strong>μὲν</strong></span> 
     </span>
    </p>
   </div>
   <div class='ocr_carea' id='block_1_7' title="bbox 176 693 1725 765">
    <p class='ocr_par' dir='ltr' id='par_1_7' title="bbox 176 693 1725 765">
     <span class='ocr_line' id='line_1_7' title="bbox 176 693 1725 765; baseline -0.001 -15"><span class='ocrx_word' id='word_1_28' title='bbox 176 698 370 751; x_wconf 77' lang='grc' dir='ltr'>ἀπεῖναι</span> <span class='ocrx_word' id='word_1_29' title='bbox 416 695 512 762; x_wconf 77' lang='grc' dir='ltr'><strong>ἀφ’</strong></span> <span class='ocrx_word' id='word_1_30' title='bbox 558 693 713 763; x_wconf 83' lang='grc' dir='ltr'>ὑμῶν</span> <span class='ocrx_word' id='word_1_31' title='bbox 757 694 1027 756; x_wconf 76' lang='grc' dir='ltr'><strong>παντελῶς</strong></span> <span class='ocrx_word' id='word_1_32' title='bbox 1055 695 1373 765; x_wconf 72' lang='grc' dir='ltr'><strong>βουλόμεθα,</strong></span> <span class='ocrx_word' id='word_1_33' title='bbox 1410 696 1468 747; x_wconf 86' lang='grc' dir='ltr'>τὺ</span> <span class='ocrx_word' id='word_1_34' title='bbox 1504 696 1561 748; x_wconf 87' lang='grc' dir='ltr'><strong>δέ</strong></span> <span class='ocrx_word' id='word_1_35' title='bbox 1607 699 1725 758; x_wconf 83' lang='grc' dir='ltr'>ταῖς</span> 
     </span>
    </p>
   </div>
   <div class='ocr_carea' id='block_1_8' title="bbox 177 786 1723 859">
    <p class='ocr_par' dir='ltr' id='par_1_8' title="bbox 177 786 1723 859">
     <span class='ocr_line' id='line_1_8' title="bbox 177 786 1723 859; baseline -0.001 -19"><span class='ocrx_word' id='word_1_36' title='bbox 177 789 335 857; x_wconf 79' lang='grc' dir='ltr'>εὐχαῖς</span> <span class='ocrx_word' id='word_1_37' title='bbox 363 788 507 856; x_wconf 81' lang='grc' dir='ltr'>ὑμᾶς</span> <span class='ocrx_word' id='word_1_38' title='bbox 528 786 769 855; x_wconf 86' lang='grc' dir='ltr'>διαρκῶς</span> <span class='ocrx_word' id='word_1_39' title='bbox 793 786 959 856; x_wconf 76' lang='grc' dir='ltr'>αὐτῷ,</span> <span class='ocrx_word' id='word_1_40' title='bbox 981 786 1055 849; x_wconf 85' lang='grc' dir='ltr'>ὡς</span> <span class='ocrx_word' id='word_1_41' title='bbox 1087 788 1423 857; x_wconf 79' lang='grc' dir='ltr'>προείρηται,</span> <span class='ocrx_word' id='word_1_42' title='bbox 1452 788 1723 859; x_wconf 80' lang='grc' dir='ltr'><strong>προστάτῃ</strong></span> 
     </span>
    </p>
   </div>
   <div class='ocr_carea' id='block_1_9' title="bbox 177 877 1725 950">
    <p class='ocr_par' dir='ltr' id='par_1_9' title="bbox 177 877 1725 950">
     <span class='ocr_line' id='line_1_9' title="bbox 177 877 1725 950; baseline -0.002 -17"><span class='ocrx_word' id='word_1_43' title='bbox 177 881 254 933; x_wconf 76' lang='grc' dir='ltr'>καὶ</span> <span class='ocrx_word' id='word_1_44' title='bbox 298 878 573 949; x_wconf 78' lang='grc' dir='ltr'>ἐπικούρῳ</span> <span class='ocrx_word' id='word_1_45' title='bbox 614 879 925 950; x_wconf 80' lang='grc' dir='ltr'><strong>χρωμένους</strong></span> <span class='ocrx_word' id='word_1_46' title='bbox 968 877 1102 946; x_wconf 86' lang='grc' dir='ltr'>πρὸς</span> <span class='ocrx_word' id='word_1_47' title='bbox 1148 878 1209 929; x_wconf 86' lang='grc' dir='ltr'><strong>τὸ</strong></span> <span class='ocrx_word' id='word_1_48' title='bbox 1251 877 1422 941; x_wconf 87' lang='grc' dir='ltr'>Θεῖον,</span> <span class='ocrx_word' id='word_1_49' title='bbox 1471 878 1725 947; x_wconf 87' lang='grc' dir='ltr'>ἐμμένειν</span> 
     </span>
    </p>
   </div>
   <div class='ocr_carea' id='block_1_10' title="bbox 177 967 1726 1041">
    <p class='ocr_par' dir='ltr' id='par_1_10' title="bbox 177 967 1726 1041">
     <span class='ocr_line' id='line_1_10' title="bbox 177 967 1726 1041; baseline -0.003 -17"><span class='ocrx_word' id='word_1_50' title='bbox 177 970 395 1041; x_wconf 75' lang='grc' dir='ltr'><strong>συνήθως</strong></span> <span class='ocrx_word' id='word_1_51' title='bbox 439 968 845 1040; x_wconf 67' lang='grc' dir='ltr'>παραινοῦμενθ</span> <span class='ocrx_word' id='word_1_52' title='bbox 891 968 965 1030; x_wconf 86' lang='grc' dir='ltr'>ὡς</span> <span class='ocrx_word' id='word_1_53' title='bbox 1014 968 1079 1020; x_wconf 87' lang='grc' dir='ltr'>ἂν</span> <span class='ocrx_word' id='word_1_54' title='bbox 1126 968 1225 1037; x_wconf 84' lang='grc' dir='ltr'><strong>τῆς</strong></span> <span class='ocrx_word' id='word_1_55' title='bbox 1268 967 1521 1037; x_wconf 78' lang='grc' dir='ltr'><strong>τοιαύτης</strong></span> <span class='ocrx_word' id='word_1_56' title='bbox 1574 968 1726 1038; x_wconf 81' lang='grc' dir='ltr'>ὑμῶν</span> 
     </span>
    </p>
   </div>
   <div class='ocr_carea' id='block_1_11' title="bbox 178 1058 1727 1136">
    <p class='ocr_par' dir='ltr' id='par_1_11' title="bbox 178 1058 1727 1136">
     <span class='ocr_line' id='line_1_11' title="bbox 178 1058 1727 1136; baseline -0.004 -21"><span class='ocrx_word' id='word_1_57' title='bbox 178 1063 483 1136; x_wconf 77' lang='grc' dir='ltr'><strong>προθέσεως,</strong></span> <span class='ocrx_word' id='word_1_58' title='bbox 530 1062 613 1124; x_wconf 87' lang='grc' dir='ltr'>εἰς</span> <span class='ocrx_word' id='word_1_59' title='bbox 657 1060 753 1122; x_wconf 75' lang='grc' dir='ltr'>τὰς</span> <span class='ocrx_word' id='word_1_60' title='bbox 804 1060 1053 1112; x_wconf 85' lang='grc' dir='ltr'>ἁπάντων</span> <span class='ocrx_word' id='word_1_61' title='bbox 1084 1060 1246 1128; x_wconf 73' lang='grc' dir='ltr'>εὐχὰς</span> <span class='ocrx_word' id='word_1_62' title='bbox 1277 1058 1385 1129; x_wconf 81' lang='grc'><strong>(56)</strong></span> <span class='ocrx_word' id='word_1_63' title='bbox 1427 1058 1727 1112; x_wconf 77' lang='grc' dir='ltr'>διαϐαινού-</span> 
     </span>
    </p>
   </div>
   <div class='ocr_carea' id='block_1_12' title="bbox 179 1151 1725 1225">
    <p class='ocr_par' dir='ltr' id='par_1_12' title="bbox 179 1151 1725 1225">
     <span class='ocr_line' id='line_1_12' title="bbox 179 1151 1725 1225; baseline -0.001 -19"><span class='ocrx_word' id='word_1_64' title='bbox 179 1172 277 1225; x_wconf 84' lang='grc' dir='ltr'>σης,</span> <span class='ocrx_word' id='word_1_65' title='bbox 306 1154 396 1207; x_wconf 75' lang='grc' dir='ltr'><strong>καὶ</strong></span> <span class='ocrx_word' id='word_1_66' title='bbox 422 1155 473 1206; x_wconf 87' lang='grc' dir='ltr'>οἱ</span> <span class='ocrx_word' id='word_1_67' title='bbox 507 1155 572 1205; x_wconf 86' lang='grc' dir='ltr'><strong>ἐκ</strong></span> <span class='ocrx_word' id='word_1_68' title='bbox 601 1153 709 1206; x_wconf 83' lang='grc' dir='ltr'>τῶν</span> <span class='ocrx_word' id='word_1_69' title='bbox 735 1153 901 1206; x_wconf 81' lang='grc' dir='ltr'>ἐθνῶν</span> <span class='ocrx_word' id='word_1_70' title='bbox 934 1155 998 1222; x_wconf 83' lang='grc' dir='ltr'>τῇ</span> <span class='ocrx_word' id='word_1_71' title='bbox 1037 1152 1143 1205; x_wconf 81' lang='grc' dir='ltr'><strong>τῶν</strong></span> <span class='ocrx_word' id='word_1_72' title='bbox 1175 1151 1403 1205; x_wconf 79' lang='grc' dir='ltr'>εἰδώλων</span> <span class='ocrx_word' id='word_1_73' title='bbox 1445 1153 1617 1225; x_wconf 80' lang='grc' dir='ltr'>πλάνῃ</span> <span class='ocrx_word' id='word_1_74' title='bbox 1646 1152 1725 1205; x_wconf 76' lang='grc' dir='ltr'><strong>ἔτι</strong></span> 
     </span>
    </p>
   </div>
   <div class='ocr_carea' id='block_1_13' title="bbox 176 1244 1726 1316">
    <p class='ocr_par' dir='ltr' id='par_1_13' title="bbox 176 1244 1726 1316">
     <span class='ocr_line' id='line_1_13' title="bbox 176 1244 1726 1316; baseline -0.001 -16"><span class='ocrx_word' id='word_1_75' title='bbox 176 1248 253 1300; x_wconf 76' lang='grc' dir='ltr'>καὶ</span> <span class='ocrx_word' id='word_1_76' title='bbox 288 1245 378 1298; x_wconf 87' lang='grc' dir='ltr'><strong>νῦν</strong></span> <span class='ocrx_word' id='word_1_77' title='bbox 419 1246 847 1316; x_wconf 82' lang='grc' dir='ltr'>προσανέχοντες</span> <span class='ocrx_word' id='word_1_78' title='bbox 875 1246 966 1297; x_wconf 78' lang='grc' dir='ltr'><strong>ἐπὶ</strong></span> <span class='ocrx_word' id='word_1_79' title='bbox 991 1245 1087 1315; x_wconf 84' lang='grc' dir='ltr'>τὴν</span> <span class='ocrx_word' id='word_1_80' title='bbox 1119 1245 1218 1314; x_wconf 78' lang='grc' dir='ltr'><strong>τῆς</strong></span> <span class='ocrx_word' id='word_1_81' title='bbox 1257 1247 1405 1316; x_wconf 82' lang='grc' dir='ltr'>ἱερᾶς</span> <span class='ocrx_word' id='word_1_82' title='bbox 1435 1244 1726 1316; x_wconf 82' lang='grc' dir='ltr'>θρησκείας</span> 
     </span>
    </p>
   </div>
   <div class='ocr_carea' id='block_1_14' title="bbox 177 1336 1728 1407">
    <p class='ocr_par' dir='ltr' id='par_1_14' title="bbox 177 1336 1728 1407">
     <span class='ocr_line' id='line_1_14' title="bbox 177 1336 1728 1407; baseline 0.001 -17"><span class='ocrx_word' id='word_1_83' title='bbox 177 1338 441 1404; x_wconf 76' lang='grc' dir='ltr'>ἐπίγνωσιν</span> <span class='ocrx_word' id='word_1_84' title='bbox 486 1336 876 1407; x_wconf 77' lang='grc' dir='ltr'>προθυμότατα</span> <span class='ocrx_word' id='word_1_85' title='bbox 923 1336 1222 1399; x_wconf 78' lang='grc' dir='ltr'>σπεύδοιεν,</span> <span class='ocrx_word' id='word_1_86' title='bbox 1280 1338 1572 1407; x_wconf 84' lang='grc' dir='ltr'>ἀγαπητοί.</span> <span class='ocrx_word' id='word_1_87' title='bbox 1619 1340 1728 1391; x_wconf 78' lang='grc' dir='ltr'>Καὶ</span> 
     </span>
    </p>
   </div>
   <div class='ocr_carea' id='block_1_15' title="bbox 174 1424 1725 1499">
    <p class='ocr_par' dir='ltr' id='par_1_15' title="bbox 174 1424 1725 1499">
     <span class='ocr_line' id='line_1_15' title="bbox 174 1424 1725 1499; baseline -0.001 -18"><span class='ocrx_word' id='word_1_88' title='bbox 174 1424 306 1489; x_wconf 76' lang='grc' dir='ltr'>αὖθις</span> <span class='ocrx_word' id='word_1_89' title='bbox 331 1424 423 1481; x_wconf 72' lang='grc' dir='ltr'><strong>οὖν</strong></span> <span class='ocrx_word' id='word_1_90' title='bbox 454 1427 834 1497; x_wconf 76' lang='grc' dir='ltr'>παραινοῦμεν</span> <span class='ocrx_word' id='word_1_91' title='bbox 860 1430 969 1490; x_wconf 74' lang='grc' dir='ltr'>τοῖς</span> <span class='ocrx_word' id='word_1_92' title='bbox 1005 1428 1420 1499; x_wconf 82' lang='grc' dir='ltr'>προειρημένοις</span> <span class='ocrx_word' id='word_1_93' title='bbox 1447 1428 1725 1498; x_wconf 84' lang='grc' dir='ltr'>ἐμμένειν,</span> 
     </span>
    </p>
   </div>
   <div class='ocr_carea' id='block_1_16' title="bbox 174 1518 1728 1590">
    <p class='ocr_par' dir='ltr' id='par_1_16' title="bbox 174 1518 1728 1590">
     <span class='ocr_line' id='line_1_16' title="bbox 174 1518 1728 1590; baseline 0.001 -20"><span class='ocrx_word' id='word_1_94' title='bbox 174 1520 247 1573; x_wconf 82' lang='grc' dir='ltr'>τὸν</span> <span class='ocrx_word' id='word_1_95' title='bbox 268 1519 319 1573; x_wconf 84' lang='grc' dir='ltr'>δὲ</span> <span class='ocrx_word' id='word_1_96' title='bbox 340 1520 643 1571; x_wconf 83' lang='grc' dir='ltr'>ἐπίσκοπον</span> <span class='ocrx_word' id='word_1_97' title='bbox 682 1519 842 1590; x_wconf 75' lang='grc' dir='ltr'>ψήφῳ</span> <span class='ocrx_word' id='word_1_98' title='bbox 868 1518 960 1570; x_wconf 88' lang='grc' dir='ltr'><strong>τοῦ</strong></span> <span class='ocrx_word' id='word_1_99' title='bbox 996 1518 1319 1589; x_wconf 84' lang='grc' dir='ltr'>κρείττονος,</span> <span class='ocrx_word' id='word_1_100' title='bbox 1365 1520 1458 1571; x_wconf 72' lang='grc' dir='ltr'><strong>καὶ</strong></span> <span class='ocrx_word' id='word_1_101' title='bbox 1488 1520 1728 1590; x_wconf 77' lang='grc' dir='ltr'>ἡμετέρα</span> 
     </span>
    </p>
   </div>
   <div class='ocr_carea' id='block_1_17' title="bbox 174 1608 1725 1682">
    <p class='ocr_par' dir='ltr' id='par_1_17' title="bbox 174 1608 1725 1682">
     <span class='ocr_line' id='line_1_17' title="bbox 174 1608 1725 1682; baseline 0.003 -23"><span class='ocrx_word' id='word_1_102' title='bbox 174 1609 338 1682; x_wconf 80' lang='grc' dir='ltr'>γνώμῃ</span> <span class='ocrx_word' id='word_1_103' title='bbox 364 1609 800 1679; x_wconf 85' lang='grc' dir='ltr'>ἀπεσταλμένον,</span> <span class='ocrx_word' id='word_1_104' title='bbox 830 1610 998 1681; x_wconf 80' lang='grc' dir='ltr'>ἡδέως</span> <span class='ocrx_word' id='word_1_105' title='bbox 1022 1608 1266 1675; x_wconf 78' lang='grc' dir='ltr'>δέξασθε,</span> <span class='ocrx_word' id='word_1_106' title='bbox 1294 1610 1384 1662; x_wconf 73' lang='grc' dir='ltr'>καὶ</span> <span class='ocrx_word' id='word_1_107' title='bbox 1415 1612 1561 1682; x_wconf 83' lang='grc' dir='ltr'>πάσῃ</span> <span class='ocrx_word' id='word_1_108' title='bbox 1582 1610 1725 1680; x_wconf 70' lang='grc' dir='ltr'>ψυχῇ</span> 
     </span>
    </p>
   </div>
   <div class='ocr_carea' id='block_1_18' title="bbox 176 1700 1728 1772">
    <p class='ocr_par' dir='ltr' id='par_1_18' title="bbox 176 1700 1728 1772">
     <span class='ocr_line' id='line_1_18' title="bbox 176 1700 1728 1772; baseline -0.001 -20"><span class='ocrx_word' id='word_1_109' title='bbox 176 1702 249 1754; x_wconf 77' lang='grc' dir='ltr'><strong>καὶ</strong></span> <span class='ocrx_word' id='word_1_110' title='bbox 272 1700 461 1772; x_wconf 82' lang='grc' dir='ltr'>γνώμῃ</span> <span class='ocrx_word' id='word_1_111' title='bbox 499 1702 778 1753; x_wconf 74' lang='grc' dir='ltr'>ἀσπαστὸν</span> <span class='ocrx_word' id='word_1_112' title='bbox 805 1700 1081 1771; x_wconf 79' lang='grc' dir='ltr'>ἡγήσασθε</span> <span class='ocrx_word' id='word_1_113' title='bbox 1107 1716 1119 1729; x_wconf 88' lang='grc'><strong>·</strong></span> <span class='ocrx_word' id='word_1_114' title='bbox 1162 1700 1318 1753; x_wconf 83' lang='grc' dir='ltr'>τοῦτο</span> <span class='ocrx_word' id='word_1_115' title='bbox 1351 1701 1457 1772; x_wconf 79' lang='grc' dir='ltr'><strong>γὰρ</strong></span> <span class='ocrx_word' id='word_1_116' title='bbox 1482 1703 1573 1754; x_wconf 77' lang='grc' dir='ltr'><strong>καὶ</strong></span> <span class='ocrx_word' id='word_1_117' title='bbox 1600 1703 1728 1771; x_wconf 83' lang='grc' dir='ltr'>ὑμῖν</span> 
     </span>
    </p>
   </div>
   <div class='ocr_carea' id='block_1_19' title="bbox 174 1788 1727 1860">
    <p class='ocr_par' dir='ltr' id='par_1_19' title="bbox 174 1788 1727 1860">
     <span class='ocr_line' id='line_1_19' title="bbox 174 1788 1727 1860; baseline -0.002 -16"><span class='ocrx_word' id='word_1_118' title='bbox 174 1792 379 1860; x_wconf 79' lang='grc' dir='ltr'>πρέπει,</span> <span class='ocrx_word' id='word_1_119' title='bbox 426 1791 527 1842; x_wconf 71' lang='grc' dir='ltr'><strong>καὶ</strong></span> <span class='ocrx_word' id='word_1_120' title='bbox 574 1792 640 1859; x_wconf 82' lang='grc' dir='ltr'>τῇ</span> <span class='ocrx_word' id='word_1_121' title='bbox 686 1788 924 1859; x_wconf 72' lang='grc' dir='ltr'>ἡμετέρα</span> <span class='ocrx_word' id='word_1_122' title='bbox 960 1788 1227 1858; x_wconf 75' lang='grc' dir='ltr'>πρᾳότητι</span> <span class='ocrx_word' id='word_1_123' title='bbox 1279 1789 1574 1859; x_wconf 82' lang='grc' dir='ltr'>προσήκειν</span> <span class='ocrx_word' id='word_1_124' title='bbox 1604 1806 1727 1841; x_wconf 82' lang='grc' dir='ltr'>συν-</span> 
     </span>
    </p>
   </div>
   <div class='ocr_carea' id='block_1_20' title="bbox 1826 607 3382 677">
    <p class='ocr_par' dir='ltr' id='par_1_20' title="bbox 1826 607 3382 677">
     <span class='ocr_line' id='line_1_20' title="bbox 1826 607 3382 677; baseline 0.003 -19"><span class='ocrx_word' id='word_1_125' title='bbox 1826 616 1908 659; x_wconf 86' lang='lat' dir='ltr'><strong>est</strong></span> <span class='ocrx_word' id='word_1_126' title='bbox 1936 621 1964 657; x_wconf 86' lang='lat' dir='ltr'><strong>a</strong></span> <span class='ocrx_word' id='word_1_127' title='bbox 1990 616 2295 660; x_wconf 84' lang='lat' dir='ltr'><strong>nostrorum</strong></span> <span class='ocrx_word' id='word_1_128' title='bbox 2329 618 2628 677; x_wconf 97' lang='lat' dir='ltr'><strong>temporum</strong></span> <span class='ocrx_word' id='word_1_129' title='bbox 2656 607 2933 664; x_wconf 74' lang='lat' dir='ltr'><strong>felicitate.</strong></span> <span class='ocrx_word' id='word_1_130' title='bbox 2972 610 3083 665; x_wconf 87' lang='lat' dir='ltr'><strong>lloc</strong></span> <span class='ocrx_word' id='word_1_131' title='bbox 3107 627 3236 666; x_wconf 88' lang='lat' dir='ltr'><strong>sane</strong></span> <span class='ocrx_word' id='word_1_132' title='bbox 3270 612 3382 665; x_wconf 88' lang='lat' dir='ltr'><strong>vitii</strong></span> 
     </span>
    </p>
   </div>
   <div class='ocr_carea' id='block_1_21' title="bbox 1827 697 3387 771">
    <p class='ocr_par' dir='ltr' id='par_1_21' title="bbox 1827 697 3387 771">
     <span class='ocr_line' id='line_1_21' title="bbox 1827 697 3387 771; baseline 0.004 -23"><span class='ocrx_word' id='word_1_133' title='bbox 1827 713 1855 748; x_wconf 92' lang='lat' dir='ltr'><strong>a</strong></span> <span class='ocrx_word' id='word_1_134' title='bbox 1882 697 2034 751; x_wconf 87' lang='lat' dir='ltr'><strong>vobis</strong></span> <span class='ocrx_word' id='word_1_135' title='bbox 2062 713 2283 765; x_wconf 82' lang='lat' dir='ltr'><strong>prorsus</strong></span> <span class='ocrx_word' id='word_1_136' title='bbox 2311 699 2499 753; x_wconf 87' lang='lat' dir='ltr'><strong>abesse</strong></span> <span class='ocrx_word' id='word_1_137' title='bbox 2532 700 2802 761; x_wconf 86' lang='lat' dir='ltr'><strong>volumus,</strong></span> <span class='ocrx_word' id='word_1_138' title='bbox 2847 702 3302 771; x_wconf 86' lang='lat' dir='ltr'><strong>cobortamurque</strong></span> <span class='ocrx_word' id='word_1_139' title='bbox 3327 712 3387 755; x_wconf 84' lang='lat' dir='ltr'><strong>ut</strong></span> 
     </span>
    </p>
   </div>
   <div class='ocr_carea' id='block_1_22' title="bbox 1828 786 3383 856">
    <p class='ocr_par' dir='ltr' id='par_1_22' title="bbox 1828 786 3383 856">
     <span class='ocr_line' id='line_1_22' title="bbox 1828 786 3383 856; baseline 0.004 -18"><span class='ocrx_word' id='word_1_140' title='bbox 1828 786 1916 839; x_wconf 90' lang='lat' dir='ltr'><strong>illo</strong></span> <span class='ocrx_word' id='word_1_141' title='bbox 1972 794 2197 853; x_wconf 86' lang='lat' dir='ltr'><strong>patrono</strong></span> <span class='ocrx_word' id='word_1_142' title='bbox 2231 786 2580 856; x_wconf 84' lang='lat' dir='ltr'><strong>adjutoreque</strong></span> <span class='ocrx_word' id='word_1_143' title='bbox 2630 791 2680 842; x_wconf 91' lang='lat' dir='ltr'><strong>in</strong></span> <span class='ocrx_word' id='word_1_144' title='bbox 2721 791 2998 844; x_wconf 90' lang='lat' dir='ltr'><strong>consuetis</strong></span> <span class='ocrx_word' id='word_1_145' title='bbox 3049 792 3383 845; x_wconf 77' lang='lat' dir='ltr'><strong>orationibus</strong></span> 
     </span>
    </p>
   </div>
   <div class='ocr_carea' id='block_1_23' title="bbox 1829 877 3385 950">
    <p class='ocr_par' dir='ltr' id='par_1_23' title="bbox 1829 877 3385 950">
     <span class='ocr_line' id='line_1_23' title="bbox 1829 877 3385 950; baseline 0.006 -25"><span class='ocrx_word' id='word_1_146' title='bbox 1829 877 2147 941; x_wconf 85' lang='lat' dir='ltr'><strong>vestris,uti</strong></span> <span class='ocrx_word' id='word_1_147' title='bbox 2189 893 2347 947; x_wconf 89' lang='lat' dir='ltr'><strong>supra</strong></span> <span class='ocrx_word' id='word_1_148' title='bbox 2407 880 2660 943; x_wconf 80' lang='lat' dir='ltr'><strong>diximus,</strong></span> <span class='ocrx_word' id='word_1_149' title='bbox 2721 894 2978 949; x_wconf 88' lang='lat' dir='ltr'><strong>perpetuo</strong></span> <span class='ocrx_word' id='word_1_150' title='bbox 3032 883 3169 950; x_wconf 88' lang='lat' dir='ltr'><strong>apud</strong></span> <span class='ocrx_word' id='word_1_151' title='bbox 3217 882 3385 936; x_wconf 87' lang='lat' dir='ltr'><strong>Deum</strong></span> 
     </span>
    </p>
   </div>
   <div class='ocr_carea' id='block_1_24' title="bbox 1828 969 3387 1042">
    <p class='ocr_par' dir='ltr' id='par_1_24' title="bbox 1828 969 3387 1042">
     <span class='ocr_line' id='line_1_24' title="bbox 1828 969 3387 1042; baseline 0.005 -23"><span class='ocrx_word' id='word_1_152' title='bbox 1828 969 2090 1032; x_wconf 87' lang='lat' dir='ltr'><strong>utamini;</strong></span> <span class='ocrx_word' id='word_1_153' title='bbox 2122 984 2227 1038; x_wconf 85' lang='lat' dir='ltr'><strong>quo</strong></span> <span class='ocrx_word' id='word_1_154' title='bbox 2262 970 2472 1025; x_wconf 89' lang='lat' dir='ltr'><strong>scilicet</strong></span> <span class='ocrx_word' id='word_1_155' title='bbox 2524 971 2832 1040; x_wconf 87' lang='lat' dir='ltr'><strong>hnjusmodi</strong></span> <span class='ocrx_word' id='word_1_156' title='bbox 2891 975 3165 1042; x_wconf 85' lang='lat' dir='ltr'><strong>proposito</strong></span> <span class='ocrx_word' id='word_1_157' title='bbox 3210 986 3387 1028; x_wconf 81' lang='lat' dir='ltr'><strong>vestro</strong></span> 
     </span>
    </p>
   </div>
   <div class='ocr_carea' id='block_1_25' title="bbox 1827 1060 3386 1134">
    <p class='ocr_par' dir='ltr' id='par_1_25' title="bbox 1827 1060 3386 1134">
     <span class='ocr_line' id='line_1_25' title="bbox 1827 1060 3386 1134; baseline 0.004 -23"><span class='ocrx_word' id='word_1_158' title='bbox 1827 1074 1893 1112; x_wconf 80' lang='lat' dir='ltr'><strong>ex</strong></span> <span class='ocrx_word' id='word_1_159' title='bbox 1923 1060 2159 1113; x_wconf 89' lang='lat' dir='ltr'><strong>omnium</strong></span> <span class='ocrx_word' id='word_1_160' title='bbox 2200 1061 2341 1114; x_wconf 83' lang='lat' dir='ltr'><strong>votis</strong></span> <span class='ocrx_word' id='word_1_161' title='bbox 2369 1064 2712 1130; x_wconf 90' lang='lat' dir='ltr'><strong>procedente,</strong></span> <span class='ocrx_word' id='word_1_162' title='bbox 2739 1064 2968 1134; x_wconf 81' lang='lat' dir='ltr'><strong>gentiles</strong></span> <span class='ocrx_word' id='word_1_163' title='bbox 2996 1064 3069 1118; x_wconf 81' lang='lat' dir='ltr'><strong>illi</strong></span> <span class='ocrx_word' id='word_1_164' title='bbox 3098 1066 3187 1129; x_wconf 89' lang='lat' dir='ltr'><strong>qui</strong></span> <span class='ocrx_word' id='word_1_165' title='bbox 3215 1066 3386 1119; x_wconf 87' lang='lat' dir='ltr'><strong>idolo-</strong></span> 
     </span>
    </p>
   </div>
   <div class='ocr_carea' id='block_1_26' title="bbox 1830 1150 3387 1219">
    <p class='ocr_par' dir='ltr' id='par_1_26' title="bbox 1830 1150 3387 1219">
     <span class='ocr_line' id='line_1_26' title="bbox 1830 1150 3387 1219; baseline 0.004 -16"><span class='ocrx_word' id='word_1_166' title='bbox 1830 1166 1947 1204; x_wconf 92' lang='lat' dir='ltr'><strong>rum</strong></span> <span class='ocrx_word' id='word_1_167' title='bbox 1985 1150 2263 1205; x_wconf 90' lang='lat' dir='ltr'><strong>erroribus</strong></span> <span class='ocrx_word' id='word_1_168' title='bbox 2296 1153 2591 1206; x_wconf 89' lang='lat' dir='ltr'><strong>etiamnum</strong></span> <span class='ocrx_word' id='word_1_169' title='bbox 2626 1154 2912 1219; x_wconf 70' lang='lat' dir='ltr'><strong>inltzerent,</strong></span> <span class='ocrx_word' id='word_1_170' title='bbox 2946 1157 3012 1209; x_wconf 89' lang='lat' dir='ltr'><strong>ad</strong></span> <span class='ocrx_word' id='word_1_171' title='bbox 3056 1171 3223 1211; x_wconf 74' lang='lat' dir='ltr'><strong>sacra:</strong></span> <span class='ocrx_word' id='word_1_172' title='bbox 3258 1156 3387 1209; x_wconf 86' lang='lat' dir='ltr'><strong>reli-</strong></span> 
     </span>
    </p>
   </div>
   <div class='ocr_carea' id='block_1_27' title="bbox 1828 1242 3385 1315">
    <p class='ocr_par' dir='ltr' id='par_1_27' title="bbox 1828 1242 3385 1315">
     <span class='ocr_line' id='line_1_27' title="bbox 1828 1242 3385 1315; baseline 0.003 -20"><span class='ocrx_word' id='word_1_173' title='bbox 1828 1242 2001 1309; x_wconf 92' lang='lat' dir='ltr'><strong>giouis</strong></span> <span class='ocrx_word' id='word_1_174' title='bbox 2023 1242 2409 1310; x_wconf 74' lang='lat' dir='ltr'><strong>cognitionem,</strong></span> <span class='ocrx_word' id='word_1_175' title='bbox 2445 1244 2623 1298; x_wconf 89' lang='lat' dir='ltr'><strong>dilecti</strong></span> <span class='ocrx_word' id='word_1_176' title='bbox 2654 1246 2776 1303; x_wconf 86' lang='lat' dir='ltr'><strong>mei,</strong></span> <span class='ocrx_word' id='word_1_177' title='bbox 2812 1246 3047 1300; x_wconf 79' lang='lat' dir='ltr'><strong>alacrius</strong></span> <span class='ocrx_word' id='word_1_178' title='bbox 3073 1254 3385 1315; x_wconf 63' lang='lat' dir='ltr'><strong>preprrent.</strong></span> 
     </span>
    </p>
   </div>
   <div class='ocr_carea' id='block_1_28' title="bbox 1828 1332 3389 1407">
    <p class='ocr_par' dir='ltr' id='par_1_28' title="bbox 1828 1332 3389 1407">
     <span class='ocr_line' id='line_1_28' title="bbox 1828 1332 3389 1407; baseline 0.004 -22"><span class='ocrx_word' id='word_1_179' title='bbox 1828 1332 2190 1397; x_wconf 84' lang='lat' dir='ltr'><strong>Quamobrem</strong></span> <span class='ocrx_word' id='word_1_180' title='bbox 2224 1348 2321 1388; x_wconf 81' lang='lat' dir='ltr'><strong>vos</strong></span> <span class='ocrx_word' id='word_1_181' title='bbox 2361 1336 2553 1387; x_wconf 86' lang='lat' dir='ltr'><strong>iterum</strong></span> <span class='ocrx_word' id='word_1_182' title='bbox 2582 1350 2899 1399; x_wconf 80' lang='lat' dir='ltr'><strong>monemus,</strong></span> <span class='ocrx_word' id='word_1_183' title='bbox 2938 1344 2996 1391; x_wconf 89' lang='lat' dir='ltr'><strong>ut</strong></span> <span class='ocrx_word' id='word_1_184' title='bbox 3028 1338 3076 1389; x_wconf 91' lang='lat' dir='ltr'><strong>in</strong></span> <span class='ocrx_word' id='word_1_185' title='bbox 3117 1338 3389 1407; x_wconf 76' lang='lat' dir='ltr'><strong>praedictis</strong></span> 
     </span>
    </p>
   </div>
   <div class='ocr_carea' id='block_1_29' title="bbox 1829 1424 3393 1495">
    <p class='ocr_par' dir='ltr' id='par_1_29' title="bbox 1829 1424 3393 1495">
     <span class='ocr_line' id='line_1_29' title="bbox 1829 1424 3393 1495; baseline 0.006 -23"><span class='ocrx_word' id='word_1_186' title='bbox 1829 1425 2221 1491; x_wconf 76' lang='lat' dir='ltr'><strong>perseveretis;</strong></span> <span class='ocrx_word' id='word_1_187' title='bbox 2253 1424 2563 1494; x_wconf 89' lang='lat' dir='ltr'><strong>episcopum</strong></span> <span class='ocrx_word' id='word_1_188' title='bbox 2600 1442 2728 1479; x_wconf 83' lang='lat' dir='ltr'><strong>vero</strong></span> <span class='ocrx_word' id='word_1_189' title='bbox 2760 1428 2849 1495; x_wconf 78' lang='lat' dir='ltr'><strong>qui</strong></span> <span class='ocrx_word' id='word_1_190' title='bbox 2874 1427 2963 1482; x_wconf 84' lang='lat' dir='ltr'><strong>Dei</strong></span> <span class='ocrx_word' id='word_1_191' title='bbox 2996 1429 3259 1483; x_wconf 81' lang='lat' dir='ltr'><strong>sententia</strong></span> <span class='ocrx_word' id='word_1_192' title='bbox 3292 1444 3393 1482; x_wconf 78' lang='lat' dir='ltr'><strong>no-</strong></span> 
     </span>
    </p>
   </div>
   <div class='ocr_carea' id='block_1_30' title="bbox 1829 1516 3392 1589">
    <p class='ocr_par' dir='ltr' id='par_1_30' title="bbox 1829 1516 3392 1589">
     <span class='ocr_line' id='line_1_30' title="bbox 1829 1516 3392 1589; baseline 0.002 -21"><span class='ocrx_word' id='word_1_193' title='bbox 1829 1527 2051 1583; x_wconf 90' lang='lat' dir='ltr'><strong>stroque</strong></span> <span class='ocrx_word' id='word_1_194' title='bbox 2082 1516 2298 1570; x_wconf 86' lang='lat' dir='ltr'><strong>decreto</strong></span> <span class='ocrx_word' id='word_1_195' title='bbox 2330 1519 2394 1570; x_wconf 86' lang='lat' dir='ltr'><strong>ad</strong></span> <span class='ocrx_word' id='word_1_196' title='bbox 2418 1533 2512 1571; x_wconf 86' lang='lat' dir='ltr'><strong>vos</strong></span> <span class='ocrx_word' id='word_1_197' title='bbox 2545 1518 2740 1571; x_wconf 88' lang='lat' dir='ltr'><strong>missus</strong></span> <span class='ocrx_word' id='word_1_198' title='bbox 2770 1527 2871 1581; x_wconf 91' lang='lat' dir='ltr'><strong>est,</strong></span> <span class='ocrx_word' id='word_1_199' title='bbox 2902 1519 3131 1573; x_wconf 83' lang='lat' dir='ltr'><strong>libenter</strong></span> <span class='ocrx_word' id='word_1_200' title='bbox 3160 1519 3392 1589; x_wconf 87' lang='lat' dir='ltr'><strong>recipia-</strong></span> 
     </span>
    </p>
   </div>
   <div class='ocr_carea' id='block_1_31' title="bbox 1832 1608 3391 1677">
    <p class='ocr_par' dir='ltr' id='par_1_31' title="bbox 1832 1608 3391 1677">
     <span class='ocr_line' id='line_1_31' title="bbox 1832 1608 3391 1677; baseline 0.001 -18"><span class='ocrx_word' id='word_1_201' title='bbox 1832 1608 1922 1671; x_wconf 90' lang='lat' dir='ltr'><strong>tis,</strong></span> <span class='ocrx_word' id='word_1_202' title='bbox 1954 1615 2008 1659; x_wconf 92' lang='lat' dir='ltr'><strong>et</strong></span> <span class='ocrx_word' id='word_1_203' title='bbox 2039 1615 2147 1659; x_wconf 87' lang='lat' dir='ltr'><strong>tota</strong></span> <span class='ocrx_word' id='word_1_204' title='bbox 2190 1608 2394 1673; x_wconf 86' lang='lat' dir='ltr'><strong>anima,</strong></span> <span class='ocrx_word' id='word_1_205' title='bbox 2439 1617 2549 1661; x_wconf 90' lang='lat' dir='ltr'><strong>tota</strong></span> <span class='ocrx_word' id='word_1_206' title='bbox 2598 1620 2781 1662; x_wconf 86' lang='lat' dir='ltr'><strong>mente</strong></span> <span class='ocrx_word' id='word_1_207' title='bbox 2808 1610 3241 1677; x_wconf 78' lang='lat' dir='ltr'><strong>amplectendqu</strong></span> <span class='ocrx_word' id='word_1_208' title='bbox 3276 1610 3391 1663; x_wconf 79' lang='lat' dir='ltr'><strong>exi-</strong></span> 
     </span>
    </p>
   </div>
   <div class='ocr_carea' id='block_1_32' title="bbox 1830 1697 3388 1758">
    <p class='ocr_par' dir='ltr' id='par_1_32' title="bbox 1830 1697 3388 1758">
     <span class='ocr_line' id='line_1_32' title="bbox 1830 1697 3388 1758; baseline 0.001 -8"><span class='ocrx_word' id='word_1_209' title='bbox 1830 1697 2060 1750; x_wconf 87' lang='lat' dir='ltr'><strong>stimetis</strong></span> <span class='ocrx_word' id='word_1_210' title='bbox 2087 1716 2099 1750; x_wconf 86' lang='lat'><strong>:</strong></span> <span class='ocrx_word' id='word_1_211' title='bbox 2127 1697 2257 1751; x_wconf 93' lang='lat' dir='ltr'><strong>illud</strong></span> <span class='ocrx_word' id='word_1_212' title='bbox 2298 1698 2440 1751; x_wconf 90' lang='lat' dir='ltr'><strong>enim</strong></span> <span class='ocrx_word' id='word_1_213' title='bbox 2473 1710 2527 1751; x_wconf 92' lang='lat' dir='ltr'><strong>et</strong></span> <span class='ocrx_word' id='word_1_214' title='bbox 2555 1714 2652 1753; x_wconf 86' lang='lat' dir='ltr'><strong>vos</strong></span> <span class='ocrx_word' id='word_1_215' title='bbox 2673 1700 2847 1758; x_wconf 83' lang='lat' dir='ltr'><strong>decet.</strong></span> <span class='ocrx_word' id='word_1_216' title='bbox 2880 1710 2935 1752; x_wconf 92' lang='lat' dir='ltr'><strong>et</strong></span> <span class='ocrx_word' id='word_1_217' title='bbox 2958 1699 3260 1752; x_wconf 74' lang='lat' dir='ltr'><strong>clementiae</strong></span> <span class='ocrx_word' id='word_1_218' title='bbox 3289 1716 3388 1752; x_wconf 87' lang='lat' dir='ltr'><strong>no-</strong></span> 
     </span>
    </p>
   </div>
   <div class='ocr_carea' id='block_1_33' title="bbox 1830 1790 3391 1860">
    <p class='ocr_par' dir='ltr' id='par_1_33' title="bbox 1830 1790 3391 1860">
     <span class='ocr_line' id='line_1_33' title="bbox 1830 1790 3391 1860; baseline 0.001 -18"><span class='ocrx_word' id='word_1_219' title='bbox 1830 1798 1953 1842; x_wconf 59' lang='lat' dir='ltr'><strong>stra!</strong></span> <span class='ocrx_word' id='word_1_220' title='bbox 1984 1791 2276 1843; x_wconf 81' lang='lat' dir='ltr'><strong>convenire</strong></span> <span class='ocrx_word' id='word_1_221' title='bbox 2306 1801 2539 1844; x_wconf 89' lang='lat' dir='ltr'><strong>constat.</strong></span> <span class='ocrx_word' id='word_1_222' title='bbox 2576 1790 2710 1844; x_wconf 83' lang='lat' dir='ltr'><strong>Nam</strong></span> <span class='ocrx_word' id='word_1_223' title='bbox 2743 1801 2800 1843; x_wconf 91' lang='lat' dir='ltr'><strong>ut</strong></span> <span class='ocrx_word' id='word_1_224' title='bbox 2826 1792 3002 1843; x_wconf 90' lang='lat' dir='ltr'><strong>omnis</strong></span> <span class='ocrx_word' id='word_1_225' title='bbox 3031 1792 3391 1860; x_wconf 90' lang='lat' dir='ltr'><strong>perturbatio-</strong></span> 
     </span>
    </p>
   </div>
   <div class='ocr_carea' id='block_1_34' title="bbox 173 1859 1724 1950">
    <p class='ocr_par' dir='ltr' id='par_1_34' title="bbox 173 1859 1724 1950">
     <span class='ocr_line' id='line_1_34' title="bbox 173 1859 1724 1950; baseline -0.003 -16"><span class='ocrx_word' id='word_1_226' title='bbox 173 1859 391 1949; x_wconf 75' lang='grc' dir='ltr'>έστηκεν.</span> <span class='ocrx_word' id='word_1_227' title='bbox 422 1880 603 1950; x_wconf 82' lang='grc' dir='ltr'>’Υπὲρ</span> <span class='ocrx_word' id='word_1_228' title='bbox 636 1883 741 1949; x_wconf 73' lang='grc' dir='ltr'><strong>γάρ</strong></span> <span class='ocrx_word' id='word_1_229' title='bbox 758 1876 848 1931; x_wconf 89' lang='grc' dir='ltr'><strong>τοῦ</strong></span> <span class='ocrx_word' id='word_1_230' title='bbox 866 1878 1044 1929; x_wconf 80' lang='grc' dir='ltr'>πᾶσαν</span> <span class='ocrx_word' id='word_1_231' title='bbox 1072 1876 1340 1945; x_wconf 81' lang='grc' dir='ltr'>άνασοὸἧς</span> <span class='ocrx_word' id='word_1_232' title='bbox 1364 1878 1455 1929; x_wconf 73' lang='grc' dir='ltr'><strong>καὶ</strong></span> <span class='ocrx_word' id='word_1_233' title='bbox 1474 1876 1580 1945; x_wconf 78' lang='grc'><strong>(57)</strong></span> <span class='ocrx_word' id='word_1_234' title='bbox 1597 1877 1724 1929; x_wconf 89' lang='grc' dir='ltr'>στά-</span> 
     </span>
    </p>
   </div>
   <div class='ocr_carea' id='block_1_35' title="bbox 1835 1859 3397 1950">
    <p class='ocr_par' dir='ltr' id='par_1_35' title="bbox 1835 1882 3397 1937">
     <span class='ocr_line' id='line_1_35' title="bbox 1835 1882 3397 1937; baseline 0.003 -4"><span class='ocrx_word' id='word_1_235' title='bbox 1835 1882 1914 1935; x_wconf 89' lang='lat' dir='ltr'><strong>nis</strong></span> <span class='ocrx_word' id='word_1_236' title='bbox 1969 1889 2024 1933; x_wconf 91' lang='lat' dir='ltr'><strong>et</strong></span> <span class='ocrx_word' id='word_1_237' title='bbox 2092 1882 2375 1935; x_wconf 80' lang='lat' dir='ltr'><strong>seditionis</strong></span> <span class='ocrx_word' id='word_1_238' title='bbox 2448 1884 2666 1937; x_wconf 81' lang='lat' dir='ltr'><strong>occasio</strong></span> <span class='ocrx_word' id='word_1_239' title='bbox 2728 1883 3014 1937; x_wconf 88' lang='lat' dir='ltr'><strong>malitiosis</strong></span> <span class='ocrx_word' id='word_1_240' title='bbox 3080 1883 3397 1937; x_wconf 77' lang='lat' dir='ltr'><strong>hominibus</strong></span> 
     </span>
    </p>
   </div>
   <div class='ocr_carea' id='block_1_36' title="bbox 176 1968 1728 2043">
    <p class='ocr_par' dir='ltr' id='par_1_36' title="bbox 176 1968 1728 2043">
     <span class='ocr_line' id='line_1_36' title="bbox 176 1968 1728 2043; baseline 0.001 -24"><span class='ocrx_word' id='word_1_241' title='bbox 176 1989 285 2035; x_wconf 79' lang='grc' dir='ltr'>σεως</span> <span class='ocrx_word' id='word_1_242' title='bbox 322 1972 599 2043; x_wconf 68' lang='grc' dir='ltr'>πρόφασιν</span> <span class='ocrx_word' id='word_1_243' title='bbox 644 1969 1058 2041; x_wconf 83' lang='grc' dir='ltr'>περιαιρεθῆναι</span> <span class='ocrx_word' id='word_1_244' title='bbox 1086 1968 1193 2021; x_wconf 79' lang='grc' dir='ltr'><strong>τῶν</strong></span> <span class='ocrx_word' id='word_1_245' title='bbox 1239 1968 1557 2038; x_wconf 77' lang='grc' dir='ltr'>ἐθελοκακία</span> <span class='ocrx_word' id='word_1_246' title='bbox 1589 1985 1728 2038; x_wconf 80' lang='grc' dir='ltr'>χρω-</span> 
     </span>
    </p>
   </div>
   <div class='ocr_carea' id='block_1_37' title="bbox 175 2056 1725 2131">
    <p class='ocr_par' dir='ltr' id='par_1_37' title="bbox 175 2056 1725 2131">
     <span class='ocr_line' id='line_1_37' title="bbox 175 2056 1725 2131; baseline -0.001 -19"><span class='ocrx_word' id='word_1_247' title='bbox 175 2062 345 2130; x_wconf 80' lang='grc' dir='ltr'>μένων,</span> <span class='ocrx_word' id='word_1_248' title='bbox 402 2063 521 2123; x_wconf 83' lang='grc' dir='ltr'>τοῖς</span> <span class='ocrx_word' id='word_1_249' title='bbox 570 2062 701 2131; x_wconf 82' lang='grc' dir='ltr'>παρ’</span> <span class='ocrx_word' id='word_1_250' title='bbox 748 2061 876 2130; x_wconf 82' lang='grc' dir='ltr'>ὑμῖν</span> <span class='ocrx_word' id='word_1_251' title='bbox 924 2059 1202 2119; x_wconf 79' lang='grc' dir='ltr'>δικασταῖς</span> <span class='ocrx_word' id='word_1_252' title='bbox 1244 2056 1333 2110; x_wconf 70' lang='grc' dir='ltr'><strong>διὰ</strong></span> <span class='ocrx_word' id='word_1_253' title='bbox 1385 2059 1725 2128; x_wconf 83' lang='grc' dir='ltr'>γραμμάτων</span> 
     </span>
    </p>
   </div>
   <div class='ocr_carea' id='block_1_38' title="bbox 172 2148 1724 2221">
    <p class='ocr_par' dir='ltr' id='par_1_38' title="bbox 172 2148 1724 2221">
     <span class='ocr_line' id='line_1_38' title="bbox 172 2148 1724 2221; baseline 0.001 -20"><span class='ocrx_word' id='word_1_254' title='bbox 172 2153 588 2221; x_wconf 75' lang='grc' dir='ltr'>προσετάξαμεν,</span> <span class='ocrx_word' id='word_1_255' title='bbox 623 2151 867 2213; x_wconf 75' lang='grc' dir='ltr'>ἅπαντας</span> <span class='ocrx_word' id='word_1_256' title='bbox 892 2148 984 2212; x_wconf 75' lang='grc' dir='ltr'><strong>οὓς</strong></span> <span class='ocrx_word' id='word_1_257' title='bbox 1029 2149 1093 2201; x_wconf 84' lang='grc' dir='ltr'><strong>ἂν</strong></span> <span class='ocrx_word' id='word_1_258' title='bbox 1123 2149 1435 2212; x_wconf 77' lang='grc' dir='ltr'>στασιώδεις</span> <span class='ocrx_word' id='word_1_259' title='bbox 1476 2150 1724 2219; x_wconf 79' lang='grc' dir='ltr'>καταμά-</span> 
     </span>
    </p>
   </div>
   <div class='ocr_carea' id='block_1_39' title="bbox 174 2240 1725 2313">
    <p class='ocr_par' dir='ltr' id='par_1_39' title="bbox 174 2240 1725 2313">
     <span class='ocr_line' id='line_1_39' title="bbox 174 2240 1725 2313; baseline -0.001 -18"><span class='ocrx_word' id='word_1_260' title='bbox 174 2242 308 2306; x_wconf 77' lang='grc' dir='ltr'>θοιεν,</span> <span class='ocrx_word' id='word_1_261' title='bbox 333 2247 399 2313; x_wconf 83' lang='grc' dir='ltr'>τῇ</span> <span class='ocrx_word' id='word_1_262' title='bbox 434 2243 548 2297; x_wconf 82' lang='grc' dir='ltr'><strong>τῶν</strong></span> <span class='ocrx_word' id='word_1_263' title='bbox 587 2243 766 2312; x_wconf 91' lang='grc' dir='ltr'>νόμων</span> <span class='ocrx_word' id='word_1_264' title='bbox 799 2240 1116 2294; x_wconf 81' lang='grc' dir='ltr'>ὑποὸάλλειν</span> <span class='ocrx_word' id='word_1_265' title='bbox 1146 2241 1374 2312; x_wconf 70' lang='grc' dir='ltr'>ἐκδικία.</span> <span class='ocrx_word' id='word_1_266' title='bbox 1419 2242 1725 2312; x_wconf 82' lang='grc' dir='ltr'>Ἀμφότερα</span> 
     </span>
    </p>
   </div>
   <div class='ocr_carea' id='block_1_40' title="bbox 171 2332 1728 2406">
    <p class='ocr_par' dir='ltr' id='par_1_40' title="bbox 171 2332 1728 2406">
     <span class='ocr_line' id='line_1_40' title="bbox 171 2332 1728 2406; baseline 0 -21"><span class='ocrx_word' id='word_1_267' title='bbox 171 2335 321 2387; x_wconf 77' lang='grc' dir='ltr'>τοίνυν</span> <span class='ocrx_word' id='word_1_268' title='bbox 349 2334 713 2406; x_wconf 78' lang='grc' dir='ltr'>συνορῶντες,</span> <span class='ocrx_word' id='word_1_269' title='bbox 740 2334 832 2386; x_wconf 72' lang='grc' dir='ltr'><strong>καὶ</strong></span> <span class='ocrx_word' id='word_1_270' title='bbox 850 2332 948 2402; x_wconf 84' lang='grc' dir='ltr'>τὴν</span> <span class='ocrx_word' id='word_1_271' title='bbox 974 2332 1243 2403; x_wconf 77' lang='grc' dir='ltr'>ἡμετέραν</span> <span class='ocrx_word' id='word_1_272' title='bbox 1269 2332 1404 2402; x_wconf 83' lang='grc' dir='ltr'>μετὰ</span> <span class='ocrx_word' id='word_1_273' title='bbox 1430 2332 1521 2384; x_wconf 91' lang='grc' dir='ltr'><strong>τοῦ</strong></span> <span class='ocrx_word' id='word_1_274' title='bbox 1547 2333 1728 2403; x_wconf 84' lang='grc' dir='ltr'>κρείτ-</span> 
     </span>
    </p>
   </div>
   <div class='ocr_carea' id='block_1_41' title="bbox 170 2423 1727 2498">
    <p class='ocr_par' dir='ltr' id='par_1_41' title="bbox 170 2423 1727 2498">
     <span class='ocr_line' id='line_1_41' title="bbox 170 2423 1727 2498; baseline 0.001 -22"><span class='ocrx_word' id='word_1_275' title='bbox 170 2443 295 2489; x_wconf 83' lang='grc' dir='ltr'>τονος</span> <span class='ocrx_word' id='word_1_276' title='bbox 318 2425 572 2497; x_wconf 81' lang='grc' dir='ltr'>γνώμην,</span> <span class='ocrx_word' id='word_1_277' title='bbox 608 2426 702 2498; x_wconf 48' lang='grc' dir='ltr'><strong>καί</strong></span> <span class='ocrx_word' id='word_1_278' title='bbox 726 2426 814 2478; x_wconf 85' lang='grc' dir='ltr'><strong>τὸν</strong></span> <span class='ocrx_word' id='word_1_279' title='bbox 842 2426 979 2495; x_wconf 84' lang='grc' dir='ltr'>ὑπὲρ</span> <span class='ocrx_word' id='word_1_280' title='bbox 1016 2423 1167 2495; x_wconf 82' lang='grc' dir='ltr'>ὑμῶν</span> <span class='ocrx_word' id='word_1_281' title='bbox 1208 2424 1302 2477; x_wconf 73' lang='grc' dir='ltr'>καὶ</span> <span class='ocrx_word' id='word_1_282' title='bbox 1343 2424 1442 2493; x_wconf 82' lang='grc' dir='ltr'>τῆς</span> <span class='ocrx_word' id='word_1_283' title='bbox 1478 2426 1727 2493; x_wconf 81' lang='grc' dir='ltr'>ὁμονοίας</span> 
     </span>
    </p>
   </div>
   <div class='ocr_carea' id='block_1_42' title="bbox 170 2516 1727 2589">
    <p class='ocr_par' dir='ltr' id='par_1_42' title="bbox 170 2516 1727 2589">
     <span class='ocr_line' id='line_1_42' title="bbox 170 2516 1727 2589; baseline 0 -20"><span class='ocrx_word' id='word_1_284' title='bbox 170 2518 321 2587; x_wconf 65' lang='grc' dir='ltr'>λόγον,</span> <span class='ocrx_word' id='word_1_285' title='bbox 352 2521 449 2572; x_wconf 74' lang='grc' dir='ltr'><strong>καὶ</strong></span> <span class='ocrx_word' id='word_1_286' title='bbox 474 2520 579 2589; x_wconf 83' lang='grc' dir='ltr'><strong>τὴν</strong></span> <span class='ocrx_word' id='word_1_287' title='bbox 608 2517 748 2570; x_wconf 72' lang='grc' dir='ltr'>κατὰ</span> <span class='ocrx_word' id='word_1_288' title='bbox 774 2517 882 2570; x_wconf 81' lang='grc' dir='ltr'><strong>τῶν</strong></span> <span class='ocrx_word' id='word_1_289' title='bbox 917 2517 1164 2570; x_wconf 85' lang='grc' dir='ltr'>ἀτάκτων</span> <span class='ocrx_word' id='word_1_290' title='bbox 1190 2516 1481 2586; x_wconf 87' lang='grc' dir='ltr'>τιμωρίαν,</span> <span class='ocrx_word' id='word_1_291' title='bbox 1505 2516 1574 2569; x_wconf 73' lang='grc' dir='ltr'>τὰ</span> <span class='ocrx_word' id='word_1_292' title='bbox 1596 2516 1727 2589; x_wconf 82' lang='grc' dir='ltr'>πρέ-</span> 
     </span>
    </p>
   </div>
   <div class='ocr_carea' id='block_1_43' title="bbox 172 2607 1727 2680">
    <p class='ocr_par' dir='ltr' id='par_1_43' title="bbox 172 2607 1727 2680">
     <span class='ocr_line' id='line_1_43' title="bbox 172 2607 1727 2680; baseline 0 -21"><span class='ocrx_word' id='word_1_293' title='bbox 172 2624 313 2660; x_wconf 75' lang='grc' dir='ltr'>ποντα</span> <span class='ocrx_word' id='word_1_294' title='bbox 346 2610 443 2661; x_wconf 75' lang='grc' dir='ltr'><strong>καὶ</strong></span> <span class='ocrx_word' id='word_1_295' title='bbox 482 2608 792 2680; x_wconf 80' lang='grc' dir='ltr'>ἁρμόζοντα</span> <span class='ocrx_word' id='word_1_296' title='bbox 814 2609 888 2677; x_wconf 82' lang='grc' dir='ltr'>τῷ</span> <span class='ocrx_word' id='word_1_297' title='bbox 926 2609 1023 2678; x_wconf 82' lang='grc' dir='ltr'><strong>τῆς</strong></span> <span class='ocrx_word' id='word_1_298' title='bbox 1054 2610 1202 2679; x_wconf 73' lang='grc' dir='ltr'>ἱερᾶς</span> <span class='ocrx_word' id='word_1_299' title='bbox 1228 2608 1518 2680; x_wconf 85' lang='grc' dir='ltr'>θρησκείας</span> <span class='ocrx_word' id='word_1_300' title='bbox 1543 2607 1727 2678; x_wconf 83' lang='grc' dir='ltr'>θεσμῷ</span> 
     </span>
    </p>
   </div>
   <div class='ocr_carea' id='block_1_44' title="bbox 169 2701 1727 2771">
    <p class='ocr_par' dir='ltr' id='par_1_44' title="bbox 169 2701 1727 2771">
     <span class='ocr_line' id='line_1_44' title="bbox 169 2701 1727 2771; baseline 0.003 -22"><span class='ocrx_word' id='word_1_301' title='bbox 169 2702 599 2767; x_wconf 61' lang='grc' dir='ltr'>«Σιαρυλάττοντες</span> <span class='ocrx_word' id='word_1_302' title='bbox 647 2701 788 2770; x_wconf 79' lang='grc'><strong>(58),</strong></span> <span class='ocrx_word' id='word_1_303' title='bbox 837 2702 928 2753; x_wconf 81' lang='grc' dir='ltr'>τὸν</span> <span class='ocrx_word' id='word_1_304' title='bbox 969 2701 1363 2771; x_wconf 87' lang='grc' dir='ltr'>προειρημένον</span> <span class='ocrx_word' id='word_1_305' title='bbox 1409 2701 1497 2753; x_wconf 79' lang='grc' dir='ltr'>διὰ</span> <span class='ocrx_word' id='word_1_306' title='bbox 1550 2702 1727 2771; x_wconf 85' lang='grc' dir='ltr'>πάσης</span> 
     </span>
    </p>
   </div>
   <div class='ocr_carea' id='block_1_45' title="bbox 171 2793 1725 2866">
    <p class='ocr_par' dir='ltr' id='par_1_45' title="bbox 171 2793 1725 2866">
     <span class='ocr_line' id='line_1_45' title="bbox 171 2793 1725 2866; baseline 0.001 -23"><span class='ocrx_word' id='word_1_307' title='bbox 171 2794 321 2859; x_wconf 74' lang='grc' dir='ltr'>αἰδοῦς</span> <span class='ocrx_word' id='word_1_308' title='bbox 347 2795 445 2848; x_wconf 72' lang='grc' dir='ltr'><strong>καὶ</strong></span> <span class='ocrx_word' id='word_1_309' title='bbox 474 2794 651 2866; x_wconf 83' lang='grc' dir='ltr'>τιμῆς</span> <span class='ocrx_word' id='word_1_310' title='bbox 680 2795 921 2862; x_wconf 80' lang='grc' dir='ltr'>ἄγοντες,</span> <span class='ocrx_word' id='word_1_311' title='bbox 949 2794 1046 2856; x_wconf 74' lang='grc' dir='ltr'>τὰς</span> <span class='ocrx_word' id='word_1_312' title='bbox 1081 2794 1243 2863; x_wconf 79' lang='grc' dir='ltr'>εὐχὰς</span> <span class='ocrx_word' id='word_1_313' title='bbox 1267 2794 1383 2863; x_wconf 76' lang='grc' dir='ltr'><strong>ἅμα</strong></span> <span class='ocrx_word' id='word_1_314' title='bbox 1404 2793 1552 2863; x_wconf 76' lang='grc' dir='ltr'>αὐτῷ</span> <span class='ocrx_word' id='word_1_315' title='bbox 1585 2794 1725 2864; x_wconf 82' lang='grc' dir='ltr'>ὑπέρ</span> 
     </span>
    </p>
   </div>
   <div class='ocr_carea' id='block_1_46' title="bbox 170 2884 1727 2955">
    <p class='ocr_par' dir='ltr' id='par_1_46' title="bbox 170 2884 1727 2955">
     <span class='ocr_line' id='line_1_46' title="bbox 170 2884 1727 2955; baseline 0 -20"><span class='ocrx_word' id='word_1_316' title='bbox 170 2902 214 2936; x_wconf 85' lang='grc' dir='ltr'><strong>τε</strong></span> <span class='ocrx_word' id='word_1_317' title='bbox 235 2886 431 2939; x_wconf 74' lang='grc' dir='ltr'>ἑαυτῶν</span> <span class='ocrx_word' id='word_1_318' title='bbox 458 2888 556 2939; x_wconf 74' lang='grc' dir='ltr'>καὶ</span> <span class='ocrx_word' id='word_1_319' title='bbox 598 2886 700 2955; x_wconf 84' lang='grc' dir='ltr'>τῆς</span> <span class='ocrx_word' id='word_1_320' title='bbox 736 2886 828 2937; x_wconf 86' lang='grc' dir='ltr'><strong>τοῦ</strong></span> <span class='ocrx_word' id='word_1_321' title='bbox 856 2885 968 2955; x_wconf 81' lang='grc' dir='ltr'>βίου</span> <span class='ocrx_word' id='word_1_322' title='bbox 996 2886 1193 2949; x_wconf 84' lang='grc' dir='ltr'>παντὸς</span> <span class='ocrx_word' id='word_1_323' title='bbox 1224 2886 1498 2954; x_wconf 75' lang='grc' dir='ltr'>εὐνομίας,</span> <span class='ocrx_word' id='word_1_324' title='bbox 1520 2884 1597 2954; x_wconf 84' lang='grc' dir='ltr'>τῷ</span> <span class='ocrx_word' id='word_1_325' title='bbox 1618 2884 1727 2935; x_wconf 85' lang='grc' dir='ltr'><strong>τῶν</strong></span> 
     </span>
    </p>
   </div>
   <div class='ocr_carea' id='block_1_47' title="bbox 168 2977 1382 3050">
    <p class='ocr_par' dir='ltr' id='par_1_47' title="bbox 168 2977 1382 3050">
     <span class='ocr_line' id='line_1_47' title="bbox 168 2977 1382 3050; baseline 0.002 -22"><span class='ocrx_word' id='word_1_326' title='bbox 168 2978 281 3031; x_wconf 74' lang='grc' dir='ltr'>ὅλων</span> <span class='ocrx_word' id='word_1_327' title='bbox 308 2981 485 3050; x_wconf 77' lang='grc' dir='ltr'>Πατρὶ</span> <span class='ocrx_word' id='word_1_328' title='bbox 514 2977 638 3047; x_wconf 85' lang='grc' dir='ltr'><strong>Θεῷ</strong></span> <span class='ocrx_word' id='word_1_329' title='bbox 666 2978 1005 3047; x_wconf 86' lang='grc' dir='ltr'>ἀναπέμπειν</span> <span class='ocrx_word' id='word_1_330' title='bbox 1032 2978 1382 3031; x_wconf 84' lang='grc' dir='ltr'>σπουδάσατε.</span> 
     </span>
    </p>
   </div>
   <div class='ocr_carea' id='block_1_48' title="bbox 226 3064 1725 3138">
    <p class='ocr_par' dir='ltr' id='par_1_48' title="bbox 226 3064 1725 3138">
     <span class='ocr_line' id='line_1_48' title="bbox 226 3064 1725 3138; baseline -0.004 -18"><span class='ocrx_word' id='word_1_331' title='bbox 226 3067 302 3123; x_wconf 79' lang='grc'><strong>56.</strong></span> <span class='ocrx_word' id='word_1_332' title='bbox 332 3068 523 3121; x_wconf 85' lang='grc' dir='ltr'>Ταῦτα</span> <span class='ocrx_word' id='word_1_333' title='bbox 552 3066 790 3138; x_wconf 68' lang='grc' dir='ltr'>γράψας,</span> <span class='ocrx_word' id='word_1_334' title='bbox 823 3066 1071 3119; x_wconf 85' lang='grc' dir='ltr'>ἐκέλευσε</span> <span class='ocrx_word' id='word_1_335' title='bbox 1102 3067 1195 3119; x_wconf 74' lang='grc' dir='ltr'>καὶ</span> <span class='ocrx_word' id='word_1_336' title='bbox 1218 3065 1284 3118; x_wconf 77' lang='grc' dir='ltr'><strong>τά</strong></span> <span class='ocrx_word' id='word_1_337' title='bbox 1309 3065 1569 3135; x_wconf 89' lang='grc' dir='ltr'>πρότερον</span> <span class='ocrx_word' id='word_1_338' title='bbox 1599 3064 1725 3131; x_wconf 75' lang='grc' dir='ltr'>παρ’</span> 
     </span>
    </p>
   </div>
   <div class='ocr_carea' id='block_1_49' title="bbox 1829 1971 3391 2042">
    <p class='ocr_par' dir='ltr' id='par_1_49' title="bbox 1829 1971 3391 2042">
     <span class='ocr_line' id='line_1_49' title="bbox 1829 1971 3391 2042; baseline 0.001 -18"><span class='ocrx_word' id='word_1_339' title='bbox 1829 1971 2128 2037; x_wconf 81' lang='lat' dir='ltr'><strong>auferatur,</strong></span> <span class='ocrx_word' id='word_1_340' title='bbox 2154 1972 2427 2041; x_wconf 73' lang='lat' dir='ltr'><strong>iudicibus</strong></span> <span class='ocrx_word' id='word_1_341' title='bbox 2458 1974 2548 2042; x_wconf 81' lang='lat' dir='ltr'><strong>qui</strong></span> <span class='ocrx_word' id='word_1_342' title='bbox 2572 1975 2709 2040; x_wconf 88' lang='lat' dir='ltr'><strong>apud</strong></span> <span class='ocrx_word' id='word_1_343' title='bbox 2742 1989 2837 2028; x_wconf 84' lang='lat' dir='ltr'><strong>vos</strong></span> <span class='ocrx_word' id='word_1_344' title='bbox 2888 1982 3016 2026; x_wconf 89' lang='lat' dir='ltr'><strong>sunt</strong></span> <span class='ocrx_word' id='word_1_345' title='bbox 3070 1973 3265 2026; x_wconf 87' lang='lat' dir='ltr'><strong>litteris</strong></span> <span class='ocrx_word' id='word_1_346' title='bbox 3296 1990 3391 2026; x_wconf 23' lang='lat' dir='ltr'><strong>nos</strong></span> 
     </span>
    </p>
   </div>
   <div class='ocr_carea' id='block_1_50' title="bbox 1828 2064 3397 2134">
    <p class='ocr_par' dir='ltr' id='par_1_50' title="bbox 1828 2064 3397 2134">
     <span class='ocr_line' id='line_1_50' title="bbox 1828 2064 3397 2134; baseline 0.002 -19"><span class='ocrx_word' id='word_1_347' title='bbox 1828 2064 1956 2116; x_wconf 93' lang='lat' dir='ltr'><strong>stris</strong></span> <span class='ocrx_word' id='word_1_348' title='bbox 2030 2065 2431 2134; x_wconf 69' lang='lat' dir='ltr'><strong>praecepimus,</strong></span> <span class='ocrx_word' id='word_1_349' title='bbox 2489 2074 2544 2117; x_wconf 92' lang='lat' dir='ltr'><strong>ut</strong></span> <span class='ocrx_word' id='word_1_350' title='bbox 2608 2075 2872 2134; x_wconf 81' lang='lat' dir='ltr'><strong>quotquot</strong></span> <span class='ocrx_word' id='word_1_351' title='bbox 2919 2065 3209 2118; x_wconf 85' lang='lat' dir='ltr'><strong>seditiosos</strong></span> <span class='ocrx_word' id='word_1_352' title='bbox 3266 2080 3397 2118; x_wconf 75' lang='lat' dir='ltr'><strong>esse</strong></span> 
     </span>
    </p>
   </div>
   <div class='ocr_carea' id='block_1_51' title="bbox 1829 2154 3389 2225">
    <p class='ocr_par' dir='ltr' id='par_1_51' title="bbox 1829 2154 3389 2225">
     <span class='ocr_line' id='line_1_51' title="bbox 1829 2154 3389 2225; baseline 0.001 -19"><span class='ocrx_word' id='word_1_353' title='bbox 1829 2157 2215 2224; x_wconf 78' lang='lat' dir='ltr'><strong>compererint,</strong></span> <span class='ocrx_word' id='word_1_354' title='bbox 2270 2156 2444 2225; x_wconf 83' lang='lat' dir='ltr'><strong>legum</strong></span> <span class='ocrx_word' id='word_1_355' title='bbox 2494 2156 2787 2224; x_wconf 80' lang='lat' dir='ltr'><strong>subjiciunt</strong></span> <span class='ocrx_word' id='word_1_356' title='bbox 2840 2154 3389 2221; x_wconf 84' lang='lat' dir='ltr'><strong>ultioni.Utrumque</strong></span> 
     </span>
    </p>
   </div>
   <div class='ocr_carea' id='block_1_52' title="bbox 1829 2243 3389 2315">
    <p class='ocr_par' dir='ltr' id='par_1_52' title="bbox 1829 2243 3389 2315">
     <span class='ocr_line' id='line_1_52' title="bbox 1829 2243 3389 2315; baseline 0.003 -20"><span class='ocrx_word' id='word_1_357' title='bbox 1829 2243 1991 2312; x_wconf 79' lang='lat' dir='ltr'><strong>igitur</strong></span> <span class='ocrx_word' id='word_1_358' title='bbox 2045 2261 2155 2315; x_wconf 61' lang='lat' dir='ltr'><strong>pra!</strong></span> <span class='ocrx_word' id='word_1_359' title='bbox 2192 2248 2364 2300; x_wconf 93' lang='lat' dir='ltr'><strong>oculis</strong></span> <span class='ocrx_word' id='word_1_360' title='bbox 2412 2246 2693 2311; x_wconf 86' lang='lat' dir='ltr'><strong>habentes,</strong></span> <span class='ocrx_word' id='word_1_361' title='bbox 2750 2263 2868 2300; x_wconf 91' lang='lat' dir='ltr'><strong>cum</strong></span> <span class='ocrx_word' id='word_1_362' title='bbox 2905 2256 3145 2301; x_wconf 87' lang='lat' dir='ltr'><strong>nostram</strong></span> <span class='ocrx_word' id='word_1_363' title='bbox 3185 2247 3389 2315; x_wconf 82' lang='lat' dir='ltr'><strong>Deique</strong></span> 
     </span>
    </p>
   </div>
   <div class='ocr_carea' id='block_1_53' title="bbox 1827 2339 3391 2406">
    <p class='ocr_par' dir='ltr' id='par_1_53' title="bbox 1827 2339 3391 2406">
     <span class='ocr_line' id='line_1_53' title="bbox 1827 2339 3391 2406; baseline 0.001 -19"><span class='ocrx_word' id='word_1_364' title='bbox 1827 2339 2174 2400; x_wconf 88' lang='lat' dir='ltr'><strong>sententiam,</strong></span> <span class='ocrx_word' id='word_1_365' title='bbox 2194 2347 2304 2389; x_wconf 93' lang='lat' dir='ltr'><strong>tum</strong></span> <span class='ocrx_word' id='word_1_366' title='bbox 2328 2353 2512 2391; x_wconf 84' lang='lat' dir='ltr'><strong>curam</strong></span> <span class='ocrx_word' id='word_1_367' title='bbox 2539 2340 2705 2392; x_wconf 82' lang='lat' dir='ltr'><strong>vestri</strong></span> <span class='ocrx_word' id='word_1_368' title='bbox 2736 2350 3036 2406; x_wconf 70' lang='lat' dir='ltr'><strong>vestraeque</strong></span> <span class='ocrx_word' id='word_1_369' title='bbox 3060 2340 3391 2401; x_wconf 60' lang='lat' dir='ltr'><strong>concordia,</strong></span> 
     </span>
    </p>
   </div>
   <div class='ocr_carea' id='block_1_54' title="bbox 1827 2429 3391 2497">
    <p class='ocr_par' dir='ltr' id='par_1_54' title="bbox 1827 2429 3391 2497">
     <span class='ocr_line' id='line_1_54' title="bbox 1827 2429 3391 2497; baseline 0.002 -18"><span class='ocrx_word' id='word_1_370' title='bbox 1827 2442 2033 2481; x_wconf 88' lang='lat' dir='ltr'><strong>necnon</strong></span> <span class='ocrx_word' id='word_1_371' title='bbox 2061 2445 2272 2497; x_wconf 72' lang='lat' dir='ltr'><strong>pmnam</strong></span> <span class='ocrx_word' id='word_1_372' title='bbox 2310 2429 2570 2495; x_wconf 91' lang='lat' dir='ltr'><strong>improbis</strong></span> <span class='ocrx_word' id='word_1_373' title='bbox 2604 2430 2952 2483; x_wconf 90' lang='lat' dir='ltr'><strong>constitutam</strong></span> <span class='ocrx_word' id='word_1_374' title='bbox 2978 2446 2992 2494; x_wconf 92' lang='lat'>;</span> <span class='ocrx_word' id='word_1_375' title='bbox 3021 2430 3144 2483; x_wconf 87' lang='lat' dir='ltr'><strong>date</strong></span> <span class='ocrx_word' id='word_1_376' title='bbox 3167 2444 3391 2497; x_wconf 83' lang='lat' dir='ltr'><strong>operam</strong></span> 
     </span>
    </p>
   </div>
   <div class='ocr_carea' id='block_1_55' title="bbox 1828 2521 3391 2591">
    <p class='ocr_par' dir='ltr' id='par_1_55' title="bbox 1828 2521 3391 2591">
     <span class='ocr_line' id='line_1_55' title="bbox 1828 2521 3391 2591; baseline 0.003 -21"><span class='ocrx_word' id='word_1_377' title='bbox 1828 2528 1884 2570; x_wconf 94' lang='lat' dir='ltr'><strong>ut</strong></span> <span class='ocrx_word' id='word_1_378' title='bbox 1909 2536 2026 2587; x_wconf 79' lang='lat' dir='ltr'><strong>qua:</strong></span> <span class='ocrx_word' id='word_1_379' title='bbox 2065 2529 2189 2573; x_wconf 91' lang='lat' dir='ltr'><strong>sunt</strong></span> <span class='ocrx_word' id='word_1_380' title='bbox 2216 2534 2387 2573; x_wconf 86' lang='lat' dir='ltr'><strong>sacrae</strong></span> <span class='ocrx_word' id='word_1_381' title='bbox 2415 2522 2688 2591; x_wconf 81' lang='lat' dir='ltr'><strong>religionis</strong></span> <span class='ocrx_word' id='word_1_382' title='bbox 2718 2521 2926 2591; x_wconf 80' lang='lat' dir='ltr'><strong>legibus</strong></span> <span class='ocrx_word' id='word_1_383' title='bbox 2947 2536 3187 2590; x_wconf 88' lang='lat' dir='ltr'><strong>congrua</strong></span> <span class='ocrx_word' id='word_1_384' title='bbox 3217 2530 3271 2573; x_wconf 92' lang='lat' dir='ltr'><strong>et</strong></span> <span class='ocrx_word' id='word_1_385' title='bbox 3299 2536 3391 2575; x_wconf 82' lang='lat' dir='ltr'><strong>ar-</strong></span> 
     </span>
    </p>
   </div>
   <div class='ocr_carea' id='block_1_56' title="bbox 1827 2612 3395 2682">
    <p class='ocr_par' dir='ltr' id='par_1_56' title="bbox 1827 2612 3395 2682">
     <span class='ocr_line' id='line_1_56' title="bbox 1827 2612 3395 2682; baseline 0.003 -21"><span class='ocrx_word' id='word_1_386' title='bbox 1827 2612 2166 2663; x_wconf 82' lang='lat' dir='ltr'><strong>commodata</strong></span> <span class='ocrx_word' id='word_1_387' title='bbox 2198 2612 2581 2674; x_wconf 79' lang='lat' dir='ltr'><strong>custodientes,</strong></span> <span class='ocrx_word' id='word_1_388' title='bbox 2609 2628 2769 2682; x_wconf 90' lang='lat' dir='ltr'><strong>supra</strong></span> <span class='ocrx_word' id='word_1_389' title='bbox 2804 2614 3003 2667; x_wconf 89' lang='lat' dir='ltr'><strong>dictum</strong></span> <span class='ocrx_word' id='word_1_390' title='bbox 3040 2614 3213 2665; x_wconf 86' lang='lat' dir='ltr'><strong>virum</strong></span> <span class='ocrx_word' id='word_1_391' title='bbox 3240 2613 3395 2667; x_wconf 83' lang='lat' dir='ltr'><strong>omni</strong></span> 
     </span>
    </p>
   </div>
   <div class='ocr_carea' id='block_1_57' title="bbox 1830 2702 3394 2775">
    <p class='ocr_par' dir='ltr' id='par_1_57' title="bbox 1830 2702 3394 2775">
     <span class='ocr_line' id='line_1_57' title="bbox 1830 2702 3394 2775; baseline 0.003 -22"><span class='ocrx_word' id='word_1_392' title='bbox 1830 2702 2135 2756; x_wconf 82' lang='lat' dir='ltr'><strong>reverentia</strong></span> <span class='ocrx_word' id='word_1_393' title='bbox 2165 2704 2443 2757; x_wconf 91' lang='lat' dir='ltr'><strong>ethonore</strong></span> <span class='ocrx_word' id='word_1_394' title='bbox 2475 2704 2899 2773; x_wconf 90' lang='lat' dir='ltr'><strong>prosequamini,</strong></span> <span class='ocrx_word' id='word_1_395' title='bbox 2922 2713 3240 2773; x_wconf 85' lang='lat' dir='ltr'><strong>vestrasque</strong></span> <span class='ocrx_word' id='word_1_396' title='bbox 3269 2720 3394 2775; x_wconf 84' lang='lat' dir='ltr'><strong>pre-</strong></span> 
     </span>
    </p>
   </div>
   <div class='ocr_carea' id='block_1_58' title="bbox 1828 2794 3390 2863">
    <p class='ocr_par' dir='ltr' id='par_1_58' title="bbox 1828 2794 3390 2863">
     <span class='ocr_line' id='line_1_58' title="bbox 1828 2794 3390 2863; baseline 0.002 -18"><span class='ocrx_word' id='word_1_397' title='bbox 1828 2807 1918 2845; x_wconf 90' lang='lat' dir='ltr'><strong>ces</strong></span> <span class='ocrx_word' id='word_1_398' title='bbox 1947 2808 2052 2845; x_wconf 89' lang='lat' dir='ltr'><strong>una</strong></span> <span class='ocrx_word' id='word_1_399' title='bbox 2089 2809 2210 2847; x_wconf 90' lang='lat' dir='ltr'><strong>cum</strong></span> <span class='ocrx_word' id='word_1_400' title='bbox 2236 2794 2346 2856; x_wconf 91' lang='lat' dir='ltr'><strong>illo,</strong></span> <span class='ocrx_word' id='word_1_401' title='bbox 2377 2810 2475 2861; x_wconf 93' lang='lat' dir='ltr'><strong>pro</strong></span> <span class='ocrx_word' id='word_1_402' title='bbox 2502 2796 2653 2847; x_wconf 82' lang='lat' dir='ltr'><strong>vobis</strong></span> <span class='ocrx_word' id='word_1_403' title='bbox 2682 2804 2735 2848; x_wconf 92' lang='lat' dir='ltr'><strong>et</strong></span> <span class='ocrx_word' id='word_1_404' title='bbox 2760 2811 2856 2863; x_wconf 89' lang='lat' dir='ltr'><strong>pro</strong></span> <span class='ocrx_word' id='word_1_405' title='bbox 2892 2806 3037 2849; x_wconf 89' lang='lat' dir='ltr'><strong>recta</strong></span> <span class='ocrx_word' id='word_1_406' title='bbox 3076 2797 3240 2849; x_wconf 89' lang='lat' dir='ltr'><strong>totius</strong></span> <span class='ocrx_word' id='word_1_407' title='bbox 3270 2797 3390 2849; x_wconf 72' lang='lat' dir='ltr'><strong>vitae</strong></span> 
     </span>
    </p>
   </div>
   <div class='ocr_carea' id='block_1_59' title="bbox 1831 2884 3384 2948">
    <p class='ocr_par' dir='ltr' id='par_1_59' title="bbox 1831 2884 3384 2948">
     <span class='ocr_line' id='line_1_59' title="bbox 1831 2884 3384 2948; baseline 0.003 -13"><span class='ocrx_word' id='word_1_408' title='bbox 1831 2884 2189 2948; x_wconf 82' lang='lat' dir='ltr'><strong>institutione,</strong></span> <span class='ocrx_word' id='word_1_409' title='bbox 2219 2886 2599 2939; x_wconf 80' lang='lat' dir='ltr'><strong>universorum</strong></span> <span class='ocrx_word' id='word_1_410' title='bbox 2623 2885 2770 2938; x_wconf 86' lang='lat' dir='ltr'><strong>Patri</strong></span> <span class='ocrx_word' id='word_1_411' title='bbox 2802 2888 2909 2939; x_wconf 88' lang='lat' dir='ltr'><strong>Deo</strong></span> <span class='ocrx_word' id='word_1_412' title='bbox 2936 2885 3132 2940; x_wconf 84' lang='lat' dir='ltr'><strong>oﬂ&#39;erre</strong></span> <span class='ocrx_word' id='word_1_413' title='bbox 3156 2887 3384 2940; x_wconf 88' lang='lat' dir='ltr'><strong>curetis.</strong></span> 
     </span>
    </p>
   </div>
   <div class='ocr_carea' id='block_1_60' title="bbox 1896 3063 3389 3137">
    <p class='ocr_par' dir='ltr' id='par_1_60' title="bbox 1896 3063 3389 3137">
     <span class='ocr_line' id='line_1_60' title="bbox 1896 3063 3389 3137; baseline 0.003 -19"><span class='ocrx_word' id='word_1_414' title='bbox 1896 3064 1986 3120; x_wconf 86' lang='lat'><strong>56.</strong></span> <span class='ocrx_word' id='word_1_415' title='bbox 2015 3063 2139 3119; x_wconf 63' lang='lat' dir='ltr'><strong>Haec</strong></span> <span class='ocrx_word' id='word_1_416' title='bbox 2166 3081 2285 3120; x_wconf 92' lang='lat' dir='ltr'><strong>cum</strong></span> <span class='ocrx_word' id='word_1_417' title='bbox 2322 3066 2655 3134; x_wconf 88' lang='lat' dir='ltr'><strong>scripsisset,</strong></span> <span class='ocrx_word' id='word_1_418' title='bbox 2693 3067 2855 3136; x_wconf 85' lang='lat' dir='ltr'><strong>jussit</strong></span> <span class='ocrx_word' id='word_1_419' title='bbox 2890 3082 3221 3137; x_wconf 62' lang='lat' dir='ltr'><strong>quacunque</strong></span> <span class='ocrx_word' id='word_1_420' title='bbox 3247 3084 3274 3119; x_wconf 85' lang='lat' dir='ltr'><strong>a</strong></span> <span class='ocrx_word' id='word_1_421' title='bbox 3308 3082 3389 3131; x_wconf 88' lang='lat' dir='ltr'><strong>se,</strong></span> 
     </span>
    </p>
   </div>
   <div class='ocr_carea' id='block_1_61' title="bbox 168 3153 1724 3251">
    <p class='ocr_par' dir='ltr' id='par_1_61' title="bbox 168 3153 1724 3230">
     <span class='ocr_line' id='line_1_61' title="bbox 168 3153 1724 3230; baseline -0.002 -23"><span class='ocrx_word' id='word_1_422' title='bbox 168 3158 307 3210; x_wconf 75' lang='grc' dir='ltr'>αὐτοῦ</span> <span class='ocrx_word' id='word_1_423' title='bbox 330 3157 623 3230; x_wconf 64' lang='grc' dir='ltr'>γραφέντα</span> <span class='ocrx_word' id='word_1_424' title='bbox 652 3158 770 3209; x_wconf 76' lang='grc' dir='ltr'>κατ’</span> <span class='ocrx_word' id='word_1_425' title='bbox 802 3156 933 3226; x_wconf 88' lang='grc' dir='ltr'>ἐμοῦ</span> <span class='ocrx_word' id='word_1_426' title='bbox 961 3158 1023 3208; x_wconf 84' lang='grc' dir='ltr'><strong>ἐκ</strong></span> <span class='ocrx_word' id='word_1_427' title='bbox 1045 3155 1293 3225; x_wconf 78' lang='grc' dir='ltr'>διαϐολῆς</span> <span class='ocrx_word' id='word_1_428' title='bbox 1316 3153 1423 3206; x_wconf 82' lang='grc' dir='ltr'><strong>τῶν</strong></span> <span class='ocrx_word' id='word_1_429' title='bbox 1467 3154 1592 3223; x_wconf 72' lang='grc' dir='ltr'>περὶ</span> <span class='ocrx_word' id='word_1_430' title='bbox 1623 3154 1724 3205; x_wconf 80' lang='grc' dir='ltr'><strong>Εὐ-</strong></span> 
     </span>
    </p>
   </div>
   <div class='ocr_carea' id='block_1_62' title="bbox 1835 3153 3389 3251">
    <p class='ocr_par' dir='ltr' id='par_1_62' title="bbox 1836 3155 3389 3222">
     <span class='ocr_line' id='line_1_62' title="bbox 1836 3155 3389 3222; baseline 0.001 -13"><span class='ocrx_word' id='word_1_431' title='bbox 1836 3155 2056 3209; x_wconf 87' lang='lat' dir='ltr'><strong>Eusebii</strong></span> <span class='ocrx_word' id='word_1_432' title='bbox 2114 3156 2403 3210; x_wconf 89' lang='lat' dir='ltr'><strong>calumniis</strong></span> <span class='ocrx_word' id='word_1_433' title='bbox 2460 3157 2699 3222; x_wconf 89' lang='lat' dir='ltr'><strong>inducto,</strong></span> <span class='ocrx_word' id='word_1_434' title='bbox 2736 3160 3017 3211; x_wconf 77' lang='lat' dir='ltr'><strong>adversum</strong></span> <span class='ocrx_word' id='word_1_435' title='bbox 3056 3174 3140 3211; x_wconf 92' lang='lat' dir='ltr'><strong>me</strong></span> <span class='ocrx_word' id='word_1_436' title='bbox 3187 3160 3389 3212; x_wconf 81' lang='lat' dir='ltr'><strong>dudum</strong></span> 
     </span>
    </p>
   </div>
   <div class='ocr_carea' id='block_1_63' title="bbox 171 3246 1724 3320">
    <p class='ocr_par' dir='ltr' id='par_1_63' title="bbox 171 3246 1724 3320">
     <span class='ocr_line' id='line_1_63' title="bbox 171 3246 1724 3320; baseline 0 -21"><span class='ocrx_word' id='word_1_437' title='bbox 171 3249 321 3303; x_wconf 78' lang='grc' dir='ltr'>σέϐιον</span> <span class='ocrx_word' id='word_1_438' title='bbox 351 3249 713 3320; x_wconf 83' lang='grc' dir='ltr'>ἀναιρεθῆναι</span> <span class='ocrx_word' id='word_1_439' title='bbox 742 3250 832 3300; x_wconf 71' lang='grc' dir='ltr'><strong>καὶ</strong></span> <span class='ocrx_word' id='word_1_440' title='bbox 858 3247 1214 3318; x_wconf 75' lang='grc' dir='ltr'>ἀφανισθῆναι</span> <span class='ocrx_word' id='word_1_441' title='bbox 1242 3247 1347 3300; x_wconf 84' lang='grc' dir='ltr'>ἀπὸ</span> <span class='ocrx_word' id='word_1_442' title='bbox 1382 3246 1488 3299; x_wconf 85' lang='grc' dir='ltr'>τῶν</span> <span class='ocrx_word' id='word_1_443' title='bbox 1520 3246 1724 3312; x_wconf 80' lang='grc' dir='ltr'>τάξεων</span> 
     </span>
    </p>
   </div>
   <div class='ocr_carea' id='block_1_64' title="bbox 166 3339 1725 3411">
    <p class='ocr_par' dir='ltr' id='par_1_64' title="bbox 166 3339 1725 3411">
     <span class='ocr_line' id='line_1_64' title="bbox 166 3339 1725 3411; baseline 0 -20"><span class='ocrx_word' id='word_1_444' title='bbox 166 3341 244 3394; x_wconf 82' lang='grc' dir='ltr'><strong>τοῦ</strong></span> <span class='ocrx_word' id='word_1_445' title='bbox 264 3360 321 3395; x_wconf 90' lang='grc' dir='ltr'><strong>τε</strong></span> <span class='ocrx_word' id='word_1_446' title='bbox 343 3343 537 3405; x_wconf 78' lang='grc' dir='ltr'>δουκὸς</span> <span class='ocrx_word' id='word_1_447' title='bbox 566 3341 661 3393; x_wconf 76' lang='grc' dir='ltr'><strong>καὶ</strong></span> <span class='ocrx_word' id='word_1_448' title='bbox 693 3340 785 3393; x_wconf 86' lang='grc' dir='ltr'><strong>τοῦ</strong></span> <span class='ocrx_word' id='word_1_449' title='bbox 804 3341 1039 3411; x_wconf 76' lang='grc' dir='ltr'>ἐπάρχου</span> <span class='ocrx_word' id='word_1_450' title='bbox 1056 3341 1151 3410; x_wconf 82' lang='grc' dir='ltr'>τῆς</span> <span class='ocrx_word' id='word_1_451' title='bbox 1176 3339 1447 3407; x_wconf 79' lang='grc' dir='ltr'>Αἰγύπτου</span> <span class='ocrx_word' id='word_1_452' title='bbox 1475 3339 1603 3408; x_wconf 78' lang='lat'><strong>(39),</strong></span> <span class='ocrx_word' id='word_1_453' title='bbox 1631 3339 1725 3391; x_wconf 78' lang='grc' dir='ltr'><strong>καὶ</strong></span> 
     </span>
    </p>
   </div>
   <div class='ocr_carea' id='block_1_65' title="bbox 168 3429 1725 3501">
    <p class='ocr_par' dir='ltr' id='par_1_65' title="bbox 168 3429 1725 3501">
     <span class='ocr_line' id='line_1_65' title="bbox 168 3429 1725 3501; baseline -0.003 -18"><span class='ocrx_word' id='word_1_454' title='bbox 168 3433 472 3497; x_wconf 68' lang='grc' dir='ltr'>ἀποσταλεὶς</span> <span class='ocrx_word' id='word_1_455' title='bbox 504 3431 768 3491; x_wconf 78' lang='grc' dir='ltr'>Εὐσέϐιος</span> <span class='ocrx_word' id='word_1_456' title='bbox 805 3433 832 3483; x_wconf 85' lang='grc' dir='ltr'>ὁ</span> <span class='ocrx_word' id='word_1_457' title='bbox 876 3430 1186 3501; x_wconf 76' lang='grc' dir='ltr'>δεκουρίων,</span> <span class='ocrx_word' id='word_1_458' title='bbox 1224 3429 1411 3481; x_wconf 79' lang='grc' dir='ltr'>ἔλαϐεν</span> <span class='ocrx_word' id='word_1_459' title='bbox 1444 3431 1579 3481; x_wconf 73' lang='grc' dir='ltr'>αὐτὰ</span> <span class='ocrx_word' id='word_1_460' title='bbox 1618 3429 1725 3481; x_wconf 77' lang='grc' dir='ltr'><strong>ἀπὺ</strong></span> 
     </span>
    </p>
   </div>
   <div class='ocr_carea' id='block_1_66' title="bbox 167 3520 1372 3595">
    <p class='ocr_par' dir='ltr' id='par_1_66' title="bbox 167 3520 1372 3595">
     <span class='ocr_line' id='line_1_66' title="bbox 167 3520 1372 3595; baseline -0.003 -17"><span class='ocrx_word' id='word_1_461' title='bbox 167 3528 258 3580; x_wconf 78' lang='grc' dir='ltr'><strong>τῶν</strong></span> <span class='ocrx_word' id='word_1_462' title='bbox 278 3529 507 3594; x_wconf 73' lang='grc' dir='ltr'>τάξεων,</span> <span class='ocrx_word' id='word_1_463' title='bbox 535 3526 635 3579; x_wconf 75' lang='grc' dir='ltr'><strong>καὶ</strong></span> <span class='ocrx_word' id='word_1_464' title='bbox 658 3524 769 3577; x_wconf 76' lang='grc' dir='ltr'>ἔστι</span> <span class='ocrx_word' id='word_1_465' title='bbox 792 3526 858 3577; x_wconf 76' lang='grc' dir='ltr'><strong>τὰ</strong></span> <span class='ocrx_word' id='word_1_466' title='bbox 883 3524 1161 3595; x_wconf 66' lang='grc' dir='ltr'>γραφέντα</span> <span class='ocrx_word' id='word_1_467' title='bbox 1182 3520 1372 3574; x_wconf 83' lang='grc' dir='ltr'>ταῦτα’</span> 
     </span>
    </p>
   </div>
   <div class='ocr_carea' id='block_1_67' title="bbox 225 3634 1657 3709">
    <p class='ocr_par' dir='ltr' id='par_1_67' title="bbox 225 3634 1657 3709">
     <span class='ocr_line' id='line_1_67' title="bbox 225 3634 1657 3709; baseline -0.006 -17"><span class='ocrx_word' id='word_1_468' title='bbox 225 3639 326 3709; x_wconf 76' lang='grc' dir='ltr'>(ιο)</span> <span class='ocrx_word' id='word_1_469' title='bbox 355 3643 537 3695; x_wconf 83' lang='grc' dir='ltr'><em>ΝΙΚΗ</em></span> <span class='ocrx_word' id='word_1_470' title='bbox 543 3642 682 3693; x_wconf 84' lang='grc' dir='ltr'><strong>ΤΗΣ</strong></span> <span class='ocrx_word' id='word_1_471' title='bbox 704 3640 893 3691; x_wconf 73' lang='grc' dir='ltr'><strong>ΚΩΝΣ</strong></span> <span class='ocrx_word' id='word_1_472' title='bbox 903 3638 1198 3690; x_wconf 82' lang='grc' dir='ltr'><strong>ΤΑΝΤΙΟΣ</strong></span> <span class='ocrx_word' id='word_1_473' title='bbox 1220 3638 1263 3688; x_wconf 80' lang='grc' dir='ltr'><strong>Α</strong></span> <span class='ocrx_word' id='word_1_474' title='bbox 1279 3636 1369 3686; x_wconf 82' lang='grc' dir='ltr'><strong>ΥΓ</strong></span> <span class='ocrx_word' id='word_1_475' title='bbox 1376 3638 1417 3685; x_wconf 90' lang='lat'><em>0</em></span> <span class='ocrx_word' id='word_1_476' title='bbox 1430 3635 1516 3685; x_wconf 86' lang='grc' dir='ltr'><strong>ΥΣ</strong></span> <span class='ocrx_word' id='word_1_477' title='bbox 1525 3634 1657 3684; x_wconf 83' lang='grc' dir='ltr'><strong>ΤΟΣ</strong></span> 
     </span>
    </p>
   </div>
   <div class='ocr_carea' id='block_1_68' title="bbox 769 3731 1128 3797">
    <p class='ocr_par' dir='ltr' id='par_1_68' title="bbox 769 3731 1128 3797">
     <span class='ocr_line' id='line_1_68' title="bbox 769 3731 1128 3797; baseline -0.008 -13"><span class='ocrx_word' id='word_1_478' title='bbox 769 3731 1128 3797; x_wconf 78' lang='grc' dir='ltr'><strong>ΝΕΣΙῸΡΙῼ.</strong></span> 
     </span>
    </p>
   </div>
   <div class='ocr_carea' id='block_1_69' title="bbox 170 3836 1723 3912">
    <p class='ocr_par' dir='ltr' id='par_1_69' title="bbox 170 3836 1723 3912">
     <span class='ocr_line' id='line_1_69' title="bbox 170 3836 1723 3912; baseline -0.008 -12"><span class='ocrx_word' id='word_1_479' title='bbox 170 3843 243 3912; x_wconf 77' lang='grc' dir='ltr'><strong>Τῷ</strong></span> <span class='ocrx_word' id='word_1_480' title='bbox 274 3846 340 3900; x_wconf 79' lang='grc' dir='ltr'>δὲ</span> <span class='ocrx_word' id='word_1_481' title='bbox 376 3843 543 3909; x_wconf 83' lang='grc' dir='ltr'>αὐτῷ</span> <span class='ocrx_word' id='word_1_482' title='bbox 583 3844 769 3905; x_wconf 80' lang='grc' dir='ltr'>τύπῳ,</span> <span class='ocrx_word' id='word_1_483' title='bbox 823 3843 919 3894; x_wconf 81' lang='grc' dir='ltr'>καὶ</span> <span class='ocrx_word' id='word_1_484' title='bbox 964 3841 1085 3904; x_wconf 81' lang='grc' dir='ltr'>τοῖς</span> <span class='ocrx_word' id='word_1_485' title='bbox 1118 3841 1186 3892; x_wconf 83' lang='grc' dir='ltr'><strong>ὲν</strong></span> <span class='ocrx_word' id='word_1_486' title='bbox 1228 3836 1723 3907; x_wconf 77' lang='grc' dir='ltr'>Αὐγουσταμνίκῃ</span> 
     </span>
    </p>
   </div>
   <div class='ocr_carea' id='block_1_70' title="bbox 376 3912 1507 3981">
    <p class='ocr_par' dir='ltr' id='par_1_70' title="bbox 376 3912 1507 3981">
     <span class='ocr_line' id='line_1_70' title="bbox 376 3912 1507 3981; baseline -0.009 -11"><span class='ocrx_word' id='word_1_487' title='bbox 376 3917 476 3970; x_wconf 77' lang='grc' dir='ltr'>καὶ</span> <span class='ocrx_word' id='word_1_488' title='bbox 523 3913 767 3981; x_wconf 76' lang='grc' dir='ltr'>Θηϐαΐδι</span> <span class='ocrx_word' id='word_1_489' title='bbox 791 3913 887 3965; x_wconf 67' lang='grc' dir='ltr'><strong>καὶ</strong></span> <span class='ocrx_word' id='word_1_490' title='bbox 922 3914 1161 3975; x_wconf 76' lang='grc' dir='ltr'>Λιϐὐαις</span> <span class='ocrx_word' id='word_1_491' title='bbox 1192 3912 1507 3980; x_wconf 71' lang='grc' dir='ltr'>ἡγεμόσιν.</span> 
     </span>
    </p>
   </div>
   <div class='ocr_carea' id='block_1_71' title="bbox 224 4023 1725 4099">
    <p class='ocr_par' dir='ltr' id='par_1_71' title="bbox 224 4023 1725 4099">
     <span class='ocr_line' id='line_1_71' title="bbox 224 4023 1725 4099; baseline -0.005 -16"><span class='ocrx_word' id='word_1_492' title='bbox 224 4030 286 4083; x_wconf 75' lang='grc' dir='ltr'><strong>Εἴ</strong></span> <span class='ocrx_word' id='word_1_493' title='bbox 308 4031 361 4083; x_wconf 85' lang='grc' dir='ltr'><strong>τί</strong></span> <span class='ocrx_word' id='word_1_494' title='bbox 390 4047 526 4082; x_wconf 83' lang='grc' dir='ltr'>ποτε</span> <span class='ocrx_word' id='word_1_495' title='bbox 564 4028 673 4099; x_wconf 86' lang='grc' dir='ltr'><strong>πρὸ</strong></span> <span class='ocrx_word' id='word_1_496' title='bbox 712 4026 900 4079; x_wconf 76' lang='grc' dir='ltr'>τούτου</span> <span class='ocrx_word' id='word_1_497' title='bbox 945 4026 1034 4077; x_wconf 72' lang='grc' dir='ltr'><strong>ἐπὶ</strong></span> <span class='ocrx_word' id='word_1_498' title='bbox 1078 4023 1249 4096; x_wconf 79' lang='grc' dir='ltr'>βλάϐῃ</span> <span class='ocrx_word' id='word_1_499' title='bbox 1296 4025 1389 4076; x_wconf 74' lang='grc' dir='ltr'><strong>καὶ</strong></span> <span class='ocrx_word' id='word_1_500' title='bbox 1430 4023 1585 4095; x_wconf 80' lang='grc' dir='ltr'>ῦὸρει</span> <span class='ocrx_word' id='word_1_501' title='bbox 1618 4024 1725 4076; x_wconf 85' lang='grc' dir='ltr'><strong>τῶν</strong></span> 
     </span>
    </p>
   </div>
   <div class='ocr_carea' id='block_1_72' title="bbox 166 4114 1725 4186">
    <p class='ocr_par' dir='ltr' id='par_1_72' title="bbox 166 4114 1725 4186">
     <span class='ocr_line' id='line_1_72' title="bbox 166 4114 1725 4186; baseline -0.006 -12"><span class='ocrx_word' id='word_1_502' title='bbox 166 4120 551 4173; x_wconf 75' lang='grc' dir='ltr'>κοινωνούντων</span> <span class='ocrx_word' id='word_1_503' title='bbox 606 4117 907 4186; x_wconf 83' lang='grc' dir='ltr'>Ἀθανασίῳ</span> <span class='ocrx_word' id='word_1_504' title='bbox 949 4116 1025 4185; x_wconf 83' lang='grc' dir='ltr'>τῷ</span> <span class='ocrx_word' id='word_1_505' title='bbox 1067 4116 1348 4184; x_wconf 84' lang='grc' dir='ltr'>ἐπισκόπῳ</span> <span class='ocrx_word' id='word_1_506' title='bbox 1388 4114 1725 4185; x_wconf 83' lang='grc' dir='ltr'>προσταχθὲν</span> 
     </span>
    </p>
   </div>
   <div class='ocr_carea' id='block_1_73' title="bbox 169 4204 1723 4283">
    <p class='ocr_par' dir='ltr' id='par_1_73' title="bbox 169 4204 1723 4283">
     <span class='ocr_line' id='line_1_73' title="bbox 169 4204 1723 4283; baseline -0.001 -20"><span class='ocrx_word' id='word_1_507' title='bbox 169 4212 484 4283; x_wconf 76' lang='grc' dir='ltr'>εὑρίσκεται,</span> <span class='ocrx_word' id='word_1_508' title='bbox 516 4210 691 4263; x_wconf 90' lang='grc' dir='ltr'>ταῦτα</span> <span class='ocrx_word' id='word_1_509' title='bbox 722 4208 813 4262; x_wconf 92' lang='grc' dir='ltr'><strong>νῦν</strong></span> <span class='ocrx_word' id='word_1_510' title='bbox 836 4208 943 4277; x_wconf 66' lang='grc'><strong>(41)</strong></span> <span class='ocrx_word' id='word_1_511' title='bbox 975 4206 1373 4275; x_wconf 76' lang='grc' dir='ltr'>ἀπαλειφθῆναι</span> <span class='ocrx_word' id='word_1_512' title='bbox 1405 4204 1723 4275; x_wconf 82' lang='grc' dir='ltr'>βουλόμεθα.</span> 
     </span>
    </p>
   </div>
   <div class='ocr_carea' id='block_1_74' title="bbox 169 4292 1725 4376">
    <p class='ocr_par' dir='ltr' id='par_1_74' title="bbox 169 4292 1725 4376">
     <span class='ocr_line' id='line_1_74' title="bbox 169 4292 1725 4376; baseline -0.006 -21"><span class='ocrx_word' id='word_1_513' title='bbox 169 4303 264 4357; x_wconf 72' lang='grc' dir='ltr'>Καὶ</span> <span class='ocrx_word' id='word_1_514' title='bbox 285 4304 391 4376; x_wconf 83' lang='grc' dir='ltr'>γὰρ</span> <span class='ocrx_word' id='word_1_515' title='bbox 440 4304 535 4356; x_wconf 73' lang='grc' dir='ltr'><strong>καὶ</strong></span> <span class='ocrx_word' id='word_1_516' title='bbox 576 4302 676 4370; x_wconf 78' lang='grc' dir='ltr'>τὴν</span> <span class='ocrx_word' id='word_1_517' title='bbox 722 4299 1188 4369; x_wconf 86' lang='grc' dir='ltr'>άλειτουργησίαν,</span> <span class='ocrx_word' id='word_1_518' title='bbox 1224 4298 1289 4369; x_wconf 81' lang='grc' dir='ltr'><strong>ἢν</strong></span> <span class='ocrx_word' id='word_1_519' title='bbox 1321 4292 1464 4367; x_wconf 77' lang='grc' dir='ltr'>εἶχον</span> <span class='ocrx_word' id='word_1_520' title='bbox 1490 4299 1538 4350; x_wconf 83' lang='grc' dir='ltr'>οἱ</span> <span class='ocrx_word' id='word_1_521' title='bbox 1564 4295 1725 4349; x_wconf 79' lang='grc' dir='ltr'>αὑτοῦ</span> 
     </span>
    </p>
   </div>
   <div class='ocr_carea' id='block_1_75' title="bbox 170 4386 1723 4465">
    <p class='ocr_par' dir='ltr' id='par_1_75' title="bbox 170 4386 1723 4465">
     <span class='ocr_line' id='line_1_75' title="bbox 170 4386 1723 4465; baseline -0.003 -20"><span class='ocrx_word' id='word_1_522' title='bbox 170 4393 422 4465; x_wconf 76' lang='grc' dir='ltr'>κληρικοὶ,</span> <span class='ocrx_word' id='word_1_523' title='bbox 450 4395 580 4454; x_wconf 78' lang='grc' dir='ltr'>τοὺς</span> <span class='ocrx_word' id='word_1_524' title='bbox 605 4390 801 4453; x_wconf 74' lang='grc' dir='ltr'>αὐτοὺς</span> <span class='ocrx_word' id='word_1_525' title='bbox 826 4389 984 4442; x_wconf 87' lang='grc' dir='ltr'>πάλιν</span> <span class='ocrx_word' id='word_1_526' title='bbox 1007 4389 1103 4459; x_wconf 80' lang='grc' dir='ltr'>τὴν</span> <span class='ocrx_word' id='word_1_527' title='bbox 1128 4389 1292 4458; x_wconf 76' lang='grc' dir='ltr'>αὐτὴν</span> <span class='ocrx_word' id='word_1_528' title='bbox 1315 4388 1538 4457; x_wconf 86' lang='grc' dir='ltr'>θέλομεν</span> <span class='ocrx_word' id='word_1_529' title='bbox 1562 4386 1723 4457; x_wconf 76' lang='grc' dir='ltr'>ἔχειν.</span> 
     </span>
    </p>
   </div>
   <div class='ocr_carea' id='block_1_76' title="bbox 170 4477 1729 4554">
    <p class='ocr_par' dir='ltr' id='par_1_76' title="bbox 170 4477 1729 4554">
     <span class='ocr_line' id='line_1_76' title="bbox 170 4477 1729 4554; baseline -0.004 -19"><span class='ocrx_word' id='word_1_530' title='bbox 170 4483 367 4554; x_wconf 80' lang='grc' dir='ltr'>Ταύτην</span> <span class='ocrx_word' id='word_1_531' title='bbox 393 4486 451 4538; x_wconf 84' lang='grc' dir='ltr'>δὲ</span> <span class='ocrx_word' id='word_1_532' title='bbox 474 4484 575 4553; x_wconf 82' lang='grc' dir='ltr'>τὴν</span> <span class='ocrx_word' id='word_1_533' title='bbox 605 4481 878 4552; x_wconf 84' lang='grc' dir='ltr'>ἡμετέραν</span> <span class='ocrx_word' id='word_1_534' title='bbox 908 4480 1199 4551; x_wconf 80' lang='grc' dir='ltr'>πρόσταξιν</span> <span class='ocrx_word' id='word_1_535' title='bbox 1232 4478 1564 4548; x_wconf 83' lang='grc' dir='ltr'>φυλαχθῆναι</span> <span class='ocrx_word' id='word_1_536' title='bbox 1607 4477 1729 4546; x_wconf 85' lang='grc' dir='ltr'>βου-</span> 
     </span>
    </p>
   </div>
   <div class='ocr_carea' id='block_1_77' title="bbox 1830 3245 3390 3315">
    <p class='ocr_par' dir='ltr' id='par_1_77' title="bbox 1830 3245 3390 3315">
     <span class='ocr_line' id='line_1_77' title="bbox 1830 3245 3390 3315; baseline 0.003 -16"><span class='ocrx_word' id='word_1_537' title='bbox 1830 3245 2026 3314; x_wconf 85' lang='lat' dir='ltr'><strong>scripta</strong></span> <span class='ocrx_word' id='word_1_538' title='bbox 2061 3256 2270 3309; x_wconf 87' lang='lat' dir='ltr'><strong>essent,</strong></span> <span class='ocrx_word' id='word_1_539' title='bbox 2308 3247 2555 3315; x_wconf 82' lang='lat' dir='ltr'><strong>abrogari</strong></span> <span class='ocrx_word' id='word_1_540' title='bbox 2591 3256 2647 3300; x_wconf 89' lang='lat' dir='ltr'><strong>et</strong></span> <span class='ocrx_word' id='word_1_541' title='bbox 2682 3262 2746 3300; x_wconf 81' lang='lat' dir='ltr'><strong>ex</strong></span> <span class='ocrx_word' id='word_1_542' title='bbox 2781 3247 3195 3304; x_wconf 83' lang='lat' dir='ltr'><strong>commentanis</strong></span> <span class='ocrx_word' id='word_1_543' title='bbox 3233 3249 3390 3305; x_wconf 81' lang='lat' dir='ltr'><strong>ducis</strong></span> 
     </span>
    </p>
   </div>
   <div class='ocr_carea' id='block_1_78' title="bbox 1827 3336 3390 3407">
    <p class='ocr_par' dir='ltr' id='par_1_78' title="bbox 1827 3336 3390 3407">
     <span class='ocr_line' id='line_1_78' title="bbox 1827 3336 3390 3407; baseline 0.003 -16"><span class='ocrx_word' id='word_1_544' title='bbox 1827 3336 2138 3404; x_wconf 67' lang='lat' dir='ltr'><strong>etprzefecti</strong></span> <span class='ocrx_word' id='word_1_545' title='bbox 2185 3336 2407 3407; x_wconf 64' lang='lat' dir='ltr'><strong>Aigypti</strong></span> <span class='ocrx_word' id='word_1_546' title='bbox 2453 3339 2703 3405; x_wconf 85' lang='lat' dir='ltr'><strong>aboleri;</strong></span> <span class='ocrx_word' id='word_1_547' title='bbox 2771 3340 3074 3407; x_wconf 87' lang='lat' dir='ltr'><strong>missusque</strong></span> <span class='ocrx_word' id='word_1_548' title='bbox 3122 3339 3390 3395; x_wconf 72' lang='lat' dir='ltr'><strong>Eusebius</strong></span> 
     </span>
    </p>
   </div>
   <div class='ocr_carea' id='block_1_79' title="bbox 1828 3428 3390 3500">
    <p class='ocr_par' dir='ltr' id='par_1_79' title="bbox 1828 3428 3390 3500">
     <span class='ocr_line' id='line_1_79' title="bbox 1828 3428 3390 3500; baseline 0.004 -22"><span class='ocrx_word' id='word_1_549' title='bbox 1828 3428 2049 3479; x_wconf 83' lang='lat' dir='ltr'><strong>decurio</strong></span> <span class='ocrx_word' id='word_1_550' title='bbox 2082 3443 2144 3481; x_wconf 89' lang='lat' dir='ltr'><strong>ea</strong></span> <span class='ocrx_word' id='word_1_551' title='bbox 2170 3429 2375 3482; x_wconf 86' lang='lat' dir='ltr'><strong>abrasit</strong></span> <span class='ocrx_word' id='word_1_552' title='bbox 2399 3443 2464 3482; x_wconf 81' lang='lat' dir='ltr'><strong>ex</strong></span> <span class='ocrx_word' id='word_1_553' title='bbox 2484 3428 2697 3483; x_wconf 81' lang='lat' dir='ltr'><strong>tabulis.</strong></span> <span class='ocrx_word' id='word_1_554' title='bbox 2726 3428 3068 3500; x_wconf 80' lang='lat' dir='ltr'><strong>Rescriptum</strong></span> <span class='ocrx_word' id='word_1_555' title='bbox 3095 3441 3275 3485; x_wconf 90' lang='lat' dir='ltr'><strong>autem</strong></span> <span class='ocrx_word' id='word_1_556' title='bbox 3311 3432 3390 3486; x_wconf 88' lang='lat' dir='ltr'><strong>sic</strong></span> 
     </span>
    </p>
   </div>
   <div class='ocr_carea' id='block_1_80' title="bbox 1830 3520 2032 3572">
    <p class='ocr_par' dir='ltr' id='par_1_80' title="bbox 1830 3520 2032 3572">
     <span class='ocr_line' id='line_1_80' title="bbox 1830 3520 2032 3572; baseline -0.005 0"><span class='ocrx_word' id='word_1_557' title='bbox 1830 3520 2032 3572; x_wconf 86' lang='lat' dir='ltr'><strong>habet:</strong></span> 
     </span>
    </p>
   </div>
   <div class='ocr_carea' id='block_1_81' title="bbox 1882 3629 3346 3699">
    <p class='ocr_par' dir='ltr' id='par_1_81' title="bbox 1882 3629 3346 3699">
     <span class='ocr_line' id='line_1_81' title="bbox 1882 3629 3346 3699; baseline 0.005 -16"><span class='ocrx_word' id='word_1_558' title='bbox 1882 3629 2041 3699; x_wconf 78' lang='lat'><strong>138</strong></span> <span class='ocrx_word' id='word_1_559' title='bbox 2080 3629 2342 3685; x_wconf 82' lang='lat' dir='ltr'><strong>VICTOR</strong></span> <span class='ocrx_word' id='word_1_560' title='bbox 2382 3632 2906 3690; x_wconf 77' lang='lat' dir='ltr'><strong>CONSTANTIUS</strong></span> <span class='ocrx_word' id='word_1_561' title='bbox 2959 3633 3346 3692; x_wconf 81' lang='lat' dir='ltr'><strong><em>AUGUSTUS</em></strong></span> 
     </span>
    </p>
   </div>
   <div class='ocr_carea' id='block_1_82' title="bbox 2407 3723 2805 3780">
    <p class='ocr_par' dir='ltr' id='par_1_82' title="bbox 2407 3723 2805 3780">
     <span class='ocr_line' id='line_1_82' title="bbox 2407 3723 2805 3780; baseline 0.005 -3"><span class='ocrx_word' id='word_1_562' title='bbox 2407 3723 2805 3780; x_wconf 78' lang='lat' dir='ltr'><strong>NESTORIU.</strong></span> 
     </span>
    </p>
   </div>
   <div class='ocr_carea' id='block_1_83' title="bbox 1828 3834 3390 3907">
    <p class='ocr_par' dir='ltr' id='par_1_83' title="bbox 1828 3834 3390 3907">
     <span class='ocr_line' id='line_1_83' title="bbox 1828 3834 3390 3907; baseline 0.004 -20"><span class='ocrx_word' id='word_1_563' title='bbox 1828 3834 1903 3887; x_wconf 79' lang='lat' dir='ltr'><strong>Ac</strong></span> <span class='ocrx_word' id='word_1_564' title='bbox 1932 3834 2027 3886; x_wconf 81' lang='lat' dir='ltr'><strong>sub</strong></span> <span class='ocrx_word' id='word_1_565' title='bbox 2062 3835 2242 3887; x_wconf 87' lang='lat' dir='ltr'><strong>eadem</strong></span> <span class='ocrx_word' id='word_1_566' title='bbox 2286 3835 2477 3907; x_wconf 77' lang='lat' dir='ltr'><strong>forma.</strong></span> <span class='ocrx_word' id='word_1_567' title='bbox 2509 3839 2959 3907; x_wconf 64' lang='lat' dir='ltr'><strong>Augustamnica,</strong></span> <span class='ocrx_word' id='word_1_568' title='bbox 3012 3836 3290 3893; x_wconf 79' lang='lat' dir='ltr'><strong>Thebaidis</strong></span> <span class='ocrx_word' id='word_1_569' title='bbox 3339 3851 3390 3894; x_wconf 63' lang='lat' dir='ltr'><strong>et</strong></span> 
     </span>
    </p>
   </div>
   <div class='ocr_carea' id='block_1_84' title="bbox 2319 3906 2900 3977">
    <p class='ocr_par' dir='ltr' id='par_1_84' title="bbox 2319 3906 2900 3977">
     <span class='ocr_line' id='line_1_84' title="bbox 2319 3906 2900 3977; baseline 0.007 -19"><span class='ocrx_word' id='word_1_570' title='bbox 2319 3906 2900 3977; x_wconf 51' lang='lat' dir='ltr'><strong>Libyarumjprwfectia.</strong></span> 
     </span>
    </p>
   </div>
   <div class='ocr_carea' id='block_1_85' title="bbox 1900 4018 3393 4089">
    <p class='ocr_par' dir='ltr' id='par_1_85' title="bbox 1900 4018 3393 4089">
     <span class='ocr_line' id='line_1_85' title="bbox 1900 4018 3393 4089; baseline 0.002 -16"><span class='ocrx_word' id='word_1_571' title='bbox 1900 4018 1955 4073; x_wconf 93' lang='lat' dir='ltr'><strong>Si</strong></span> <span class='ocrx_word' id='word_1_572' title='bbox 1978 4020 2107 4089; x_wconf 85' lang='lat' dir='ltr'><strong>quid</strong></span> <span class='ocrx_word' id='word_1_573' title='bbox 2133 4019 2400 4074; x_wconf 88' lang='lat' dir='ltr'><strong>hactenus</strong></span> <span class='ocrx_word' id='word_1_574' title='bbox 2426 4020 2491 4073; x_wconf 92' lang='lat' dir='ltr'><strong>ad</strong></span> <span class='ocrx_word' id='word_1_575' title='bbox 2526 4023 2784 4073; x_wconf 86' lang='lat' dir='ltr'><strong>damnum</strong></span> <span class='ocrx_word' id='word_1_576' title='bbox 2820 4020 3270 4076; x_wconf 82' lang='lat' dir='ltr'><strong>contumeliamve</strong></span> <span class='ocrx_word' id='word_1_577' title='bbox 3301 4036 3393 4076; x_wconf 87' lang='lat' dir='ltr'><strong>eo-</strong></span> 
     </span>
    </p>
   </div>
   <div class='ocr_carea' id='block_1_86' title="bbox 1830 4113 3389 4182">
    <p class='ocr_par' dir='ltr' id='par_1_86' title="bbox 1830 4113 3389 4182">
     <span class='ocr_line' id='line_1_86' title="bbox 1830 4113 3389 4182; baseline 0.001 -16"><span class='ocrx_word' id='word_1_578' title='bbox 1830 4128 1947 4168; x_wconf 86' lang='lat' dir='ltr'><strong>rum</strong></span> <span class='ocrx_word' id='word_1_579' title='bbox 1972 4114 2062 4182; x_wconf 91' lang='lat' dir='ltr'><strong>qui</strong></span> <span class='ocrx_word' id='word_1_580' title='bbox 2092 4129 2210 4167; x_wconf 91' lang='lat' dir='ltr'><strong>cum</strong></span> <span class='ocrx_word' id='word_1_581' title='bbox 2236 4113 2535 4166; x_wconf 83' lang='lat' dir='ltr'><strong>Athanasio</strong></span> <span class='ocrx_word' id='word_1_582' title='bbox 2553 4114 2805 4181; x_wconf 84' lang='lat' dir='ltr'><strong>episcopo</strong></span> <span class='ocrx_word' id='word_1_583' title='bbox 2834 4115 3389 4178; x_wconf 82' lang='lat' dir='ltr'><strong>communicaverunt,</strong></span> 
     </span>
    </p>
   </div>
   <div class='ocr_carea' id='block_1_87' title="bbox 1830 4205 3390 4274">
    <p class='ocr_par' dir='ltr' id='par_1_87' title="bbox 1830 4205 3390 4274">
     <span class='ocr_line' id='line_1_87' title="bbox 1830 4205 3390 4274; baseline -0.003 -12"><span class='ocrx_word' id='word_1_584' title='bbox 1830 4207 2105 4262; x_wconf 87' lang='lat' dir='ltr'><strong>decretum</strong></span> <span class='ocrx_word' id='word_1_585' title='bbox 2140 4217 2414 4274; x_wconf 86' lang='lat' dir='ltr'><strong>repertum</strong></span> <span class='ocrx_word' id='word_1_586' title='bbox 2451 4205 2630 4266; x_wconf 86' lang='lat' dir='ltr'><strong>fuerit,</strong></span> <span class='ocrx_word' id='word_1_587' title='bbox 2690 4205 2874 4274; x_wconf 74' lang='lat' dir='ltr'><strong>idjam</strong></span> <span class='ocrx_word' id='word_1_588' title='bbox 2906 4207 3157 4260; x_wconf 87' lang='lat' dir='ltr'><strong>volumus</strong></span> <span class='ocrx_word' id='word_1_589' title='bbox 3197 4206 3390 4260; x_wconf 86' lang='lat' dir='ltr'><strong>deleri.</strong></span> 
     </span>
    </p>
   </div>
   <div class='ocr_carea' id='block_1_88' title="bbox 1832 4298 3389 4367">
    <p class='ocr_par' dir='ltr' id='par_1_88' title="bbox 1832 4298 3389 4367">
     <span class='ocr_line' id='line_1_88' title="bbox 1832 4298 3389 4367; baseline 0 -15"><span class='ocrx_word' id='word_1_590' title='bbox 1832 4298 2013 4353; x_wconf 89' lang='lat' dir='ltr'><strong>Placet</strong></span> <span class='ocrx_word' id='word_1_591' title='bbox 2037 4298 2183 4353; x_wconf 89' lang='lat' dir='ltr'><strong>enim</strong></span> <span class='ocrx_word' id='word_1_592' title='bbox 2208 4314 2367 4367; x_wconf 88' lang='lat' dir='ltr'><strong>quam</strong></span> <span class='ocrx_word' id='word_1_593' title='bbox 2391 4298 2782 4351; x_wconf 90' lang='lat' dir='ltr'><strong>immunitatem</strong></span> <span class='ocrx_word' id='word_1_594' title='bbox 2808 4299 3041 4352; x_wconf 86' lang='lat' dir='ltr'><strong>antehac</strong></span> <span class='ocrx_word' id='word_1_595' title='bbox 3065 4300 3182 4364; x_wconf 85' lang='lat' dir='ltr'><strong>ejus</strong></span> <span class='ocrx_word' id='word_1_596' title='bbox 3208 4298 3389 4352; x_wconf 88' lang='lat' dir='ltr'><strong>clerici</strong></span> 
     </span>
    </p>
   </div>
   <div class='ocr_carea' id='block_1_89' title="bbox 1831 4386 3389 4450">
    <p class='ocr_par' dir='ltr' id='par_1_89' title="bbox 1831 4386 3389 4450">
     <span class='ocr_line' id='line_1_89' title="bbox 1831 4386 3389 4450; baseline -0.001 -7"><span class='ocrx_word' id='word_1_597' title='bbox 1831 4388 2156 4450; x_wconf 86' lang='lat' dir='ltr'><strong>habuerunt,</strong></span> <span class='ocrx_word' id='word_1_598' title='bbox 2190 4398 2246 4441; x_wconf 92' lang='lat' dir='ltr'><strong>ut</strong></span> <span class='ocrx_word' id='word_1_599' title='bbox 2280 4388 2471 4441; x_wconf 88' lang='lat' dir='ltr'><strong>eadem</strong></span> <span class='ocrx_word' id='word_1_600' title='bbox 2510 4390 2706 4440; x_wconf 88' lang='lat' dir='ltr'><strong>iterum</strong></span> <span class='ocrx_word' id='word_1_601' title='bbox 2742 4386 3011 4440; x_wconf 81' lang='lat' dir='ltr'><strong>fruantur.</strong></span> <span class='ocrx_word' id='word_1_602' title='bbox 3056 4387 3169 4442; x_wconf 83' lang='lat' dir='ltr'><strong>Hoc</strong></span> <span class='ocrx_word' id='word_1_603' title='bbox 3213 4398 3389 4442; x_wconf 88' lang='lat' dir='ltr'><strong>autem</strong></span> 
     </span>
    </p>
   </div>
   <div class='ocr_carea' id='block_1_90' title="bbox 1832 4475 3396 4542">
    <p class='ocr_par' dir='ltr' id='par_1_90' title="bbox 1832 4475 3396 4542">
     <span class='ocr_line' id='line_1_90' title="bbox 1832 4475 3396 4542; baseline -0.001 -11"><span class='ocrx_word' id='word_1_604' title='bbox 1832 4488 2073 4533; x_wconf 89' lang='lat' dir='ltr'><strong>nostrum</strong></span> <span class='ocrx_word' id='word_1_605' title='bbox 2115 4479 2389 4531; x_wconf 91' lang='lat' dir='ltr'><strong>decretum</strong></span> <span class='ocrx_word' id='word_1_606' title='bbox 2427 4476 2728 4535; x_wconf 82' lang='lat' dir='ltr'><strong>observari,</strong></span> <span class='ocrx_word' id='word_1_607' title='bbox 2764 4475 3017 4542; x_wconf 86' lang='lat' dir='ltr'><strong>jubemus</strong></span> <span class='ocrx_word' id='word_1_608' title='bbox 3058 4488 3109 4529; x_wconf 93' lang='lat' dir='ltr'><strong>nt</strong></span> <span class='ocrx_word' id='word_1_609' title='bbox 3148 4478 3396 4531; x_wconf 83' lang='lat' dir='ltr'><strong>Athana-</strong></span> 
     </span>
    </p>
   </div>
   <div class='ocr_carea' id='block_1_91' title="bbox 169 4564 1724 4662">
    <p class='ocr_par' dir='ltr' id='par_1_91' title="bbox 169 4570 1724 4645">
     <span class='ocr_line' id='line_1_91' title="bbox 169 4570 1724 4645; baseline -0.005 -17"><span class='ocrx_word' id='word_1_610' title='bbox 169 4574 353 4645; x_wconf 82' lang='grc' dir='ltr'>λόμεθα</span> <span class='ocrx_word' id='word_1_611' title='bbox 381 4576 547 4639; x_wconf 80' lang='grc' dir='ltr'>ὥστε,</span> <span class='ocrx_word' id='word_1_612' title='bbox 576 4572 925 4635; x_wconf 83' lang='grc' dir='ltr'>ἀποδοθέντος</span> <span class='ocrx_word' id='word_1_613' title='bbox 968 4572 1284 4624; x_wconf 84' lang='grc' dir='ltr'>Ἀθανασίου</span> <span class='ocrx_word' id='word_1_614' title='bbox 1317 4570 1409 4623; x_wconf 89' lang='grc' dir='ltr'><strong>τοῦ</strong></span> <span class='ocrx_word' id='word_1_615' title='bbox 1432 4570 1724 4623; x_wconf 86' lang='grc' dir='ltr'>ἐπισκόπου</span> 
     </span>
    </p>
   </div>
   <div class='ocr_carea' id='block_1_92' title="bbox 1835 4564 3393 4662">
    <p class='ocr_par' dir='ltr' id='par_1_92' title="bbox 1842 4564 3393 4632">
     <span class='ocr_line' id='line_1_92' title="bbox 1842 4564 3393 4632; baseline -0.001 -11"><span class='ocrx_word' id='word_1_616' title='bbox 1842 4569 1921 4621; x_wconf 89' lang='lat' dir='ltr'><strong>sio</strong></span> <span class='ocrx_word' id='word_1_617' title='bbox 1958 4566 2211 4621; x_wconf 70' lang='lat' dir='ltr'><strong>Ecclesia&#39;</strong></span> <span class='ocrx_word' id='word_1_618' title='bbox 2245 4583 2353 4621; x_wconf 72' lang='lat' dir='ltr'><strong>sua:</strong></span> <span class='ocrx_word' id='word_1_619' title='bbox 2382 4567 2633 4620; x_wconf 91' lang='lat' dir='ltr'><strong>restituto</strong></span> <span class='ocrx_word' id='word_1_620' title='bbox 2654 4604 2669 4627; x_wconf 94' lang='lat'><strong>,</strong></span> <span class='ocrx_word' id='word_1_621' title='bbox 2702 4564 2794 4632; x_wconf 91' lang='lat' dir='ltr'><strong>qui</strong></span> <span class='ocrx_word' id='word_1_622' title='bbox 2828 4580 2948 4619; x_wconf 90' lang='lat' dir='ltr'><strong>cum</strong></span> <span class='ocrx_word' id='word_1_623' title='bbox 3000 4580 3063 4620; x_wconf 88' lang='lat' dir='ltr'><strong>eo</strong></span> <span class='ocrx_word' id='word_1_624' title='bbox 3093 4569 3393 4621; x_wconf 86' lang='lat' dir='ltr'><strong>communi-</strong></span> 
     </span>
    </p>
   </div>
   <div class='ocr_carea' id='block_1_93' title="bbox 168 4660 1729 4738">
    <p class='ocr_par' dir='ltr' id='par_1_93' title="bbox 168 4660 1729 4738">
     <span class='ocr_line' id='line_1_93' title="bbox 168 4660 1729 4738; baseline -0.003 -21"><span class='ocrx_word' id='word_1_625' title='bbox 168 4668 226 4737; x_wconf 64' lang='grc' dir='ltr'>τῇ</span> <span class='ocrx_word' id='word_1_626' title='bbox 248 4668 559 4738; x_wconf 75' lang='grc' dir='ltr'>Ἐκκλησία,</span> <span class='ocrx_word' id='word_1_627' title='bbox 586 4668 710 4728; x_wconf 80' lang='grc' dir='ltr'>τοὺς</span> <span class='ocrx_word' id='word_1_628' title='bbox 730 4663 1111 4726; x_wconf 88' lang='grc' dir='ltr'>κοινωνοῦντας</span> <span class='ocrx_word' id='word_1_629' title='bbox 1134 4661 1282 4731; x_wconf 83' lang='grc' dir='ltr'>αὐτῷ</span> <span class='ocrx_word' id='word_1_630' title='bbox 1308 4662 1448 4731; x_wconf 77' lang='grc' dir='ltr'>ἔχειν</span> <span class='ocrx_word' id='word_1_631' title='bbox 1467 4662 1565 4732; x_wconf 87' lang='grc' dir='ltr'>τὴν</span> <span class='ocrx_word' id='word_1_632' title='bbox 1588 4660 1729 4714; x_wconf 84' lang='grc' dir='ltr'>ἀλει-</span> 
     </span>
    </p>
   </div>
   <div class='ocr_carea' id='block_1_94' title="bbox 236 4911 939 4984">
    <p class='ocr_par' dir='ltr' id='par_1_94' title="bbox 236 4911 939 4984">
     <span class='ocr_line' id='line_1_94' title="bbox 236 4911 939 4984; baseline -0.007 -18"><span class='ocrx_word' id='word_1_633' title='bbox 236 4912 343 4984; x_wconf 76' lang='lat'><strong>(35)</strong></span> <span class='ocrx_word' id='word_1_634' title='bbox 369 4916 526 4969; x_wconf 86' lang='lat' dir='ltr'><strong>Socr.</strong></span> <span class='ocrx_word' id='word_1_635' title='bbox 545 4954 561 4975; x_wconf 94' lang='lat'><strong>,</strong></span> <span class='ocrx_word' id='word_1_636' title='bbox 595 4911 939 4984; x_wconf 77' lang='grc' dir='ltr'>ὑπεναντίαν.</span> 
     </span>
    </p>
   </div>
   <div class='ocr_carea' id='block_1_95' title="bbox 238 4914 1720 5056">
    <p class='ocr_par' dir='ltr' id='par_1_95' title="bbox 238 4914 1720 5056">
     <span class='ocr_line' id='line_1_95' title="bbox 238 4914 939 4984; baseline -0.007 -18"><span class='ocrx_word' id='word_1_637' title='bbox 238 4914 323 4984; x_wconf 75' lang='lat'><strong>(35</strong></span> <span class='ocrx_word' id='word_1_638' title='bbox 369 4916 561 4975; x_wconf 85' lang='lat' dir='ltr'><strong>Socr.,</strong></span> <span class='ocrx_word' id='word_1_639' title='bbox 595 4914 939 4964; x_wconf 79' lang='grc' dir='ltr'>ὑπεναντίαν.</span> 
     </span>
     <span class='ocr_line' id='line_1_96' title="bbox 238 4914 1720 5056; baseline -0.007 -19"><span class='ocrx_word' id='word_1_640' title='bbox 238 4914 343 5056; x_wconf 49' lang='lat' dir='ltr'><strong>(ssi</strong></span> <span class='ocrx_word' id='word_1_641' title='bbox 373 4984 618 5056; x_wconf 83' lang='lat' dir='ltr'><strong>V_a|esius</strong></span> <span class='ocrx_word' id='word_1_642' title='bbox 645 4981 925 5051; x_wconf 89' lang='lat' dir='ltr'><strong>legendum</strong></span> <span class='ocrx_word' id='word_1_643' title='bbox 952 4977 1321 5056; x_wconf 42' lang='lat' dir='ltr'><strong>existimaui;</strong></span> <span class='ocrx_word' id='word_1_644' title='bbox 1339 4974 1720 5056; x_wconf 34' lang='lat' dir='ltr'><strong>caperratum</strong></span> 
     </span>
    </p>
   </div>
   <div class='ocr_carea' id='block_1_96' title="bbox 169 5047 1721 5116">
    <p class='ocr_par' dir='ltr' id='par_1_96' title="bbox 169 5047 1721 5116">
     <span class='ocr_line' id='line_1_97' title="bbox 169 5047 1721 5116; baseline -0.004 -13"><span class='ocrx_word' id='word_1_645' title='bbox 169 5047 341 5116; x_wconf 64' lang='grc' dir='ltr'>ἆιωάςζ</span> <span class='ocrx_word' id='word_1_646' title='bbox 389 5054 498 5107; x_wconf 82' lang='lat' dir='ltr'><strong>Sed</strong></span> <span class='ocrx_word' id='word_1_647' title='bbox 538 5047 729 5105; x_wconf 76' lang='lat' dir='ltr'><strong>omnes</strong></span> <span class='ocrx_word' id='word_1_648' title='bbox 757 5065 877 5103; x_wconf 89' lang='lat' dir='ltr'><strong>cum</strong></span> <span class='ocrx_word' id='word_1_649' title='bbox 925 5050 1074 5112; x_wconf 68' lang='lat' dir='ltr'><strong>editi,</strong></span> <span class='ocrx_word' id='word_1_650' title='bbox 1115 5059 1224 5100; x_wconf 89' lang='lat' dir='ltr'><strong>tttm</strong></span> <span class='ocrx_word' id='word_1_651' title='bbox 1265 5063 1395 5101; x_wconf 88' lang='lat' dir='ltr'><strong>mss.</strong></span> <span class='ocrx_word' id='word_1_652' title='bbox 1438 5047 1721 5098; x_wconf 74' lang='lat' dir='ltr'><strong>Athanasii</strong></span> 
     </span>
    </p>
   </div>
   <div class='ocr_carea' id='block_1_97' title="bbox 172 5116 1721 5189">
    <p class='ocr_par' dir='ltr' id='par_1_97' title="bbox 172 5116 1721 5189">
     <span class='ocr_line' id='line_1_98' title="bbox 172 5116 1721 5189; baseline -0.003 -18"><span class='ocrx_word' id='word_1_653' title='bbox 172 5132 223 5171; x_wconf 67' lang='lat' dir='ltr'><strong>vt</strong></span> <span class='ocrx_word' id='word_1_654' title='bbox 250 5122 506 5187; x_wconf 83' lang='lat' dir='ltr'><strong>Socratis,</strong></span> <span class='ocrx_word' id='word_1_655' title='bbox 563 5118 750 5189; x_wconf 76' lang='grc' dir='ltr'>εὐχάς,</span> <span class='ocrx_word' id='word_1_656' title='bbox 807 5121 1037 5189; x_wconf 81' lang='lat' dir='ltr'><strong>habent.</strong></span> <span class='ocrx_word' id='word_1_657' title='bbox 1093 5133 1197 5189; x_wconf 66' lang='lat' dir='ltr'><strong>nec</strong></span> <span class='ocrx_word' id='word_1_658' title='bbox 1236 5130 1457 5189; x_wconf 82' lang='lat' dir='ltr'><strong>necesse</strong></span> <span class='ocrx_word' id='word_1_659' title='bbox 1514 5116 1721 5189; x_wconf 77' lang='lat' dir='ltr'><strong>videtur</strong></span> 
     </span>
    </p>
   </div>
   <div class='ocr_carea' id='block_1_98' title="bbox 173 5183 1714 5257">
    <p class='ocr_par' dir='ltr' id='par_1_98' title="bbox 173 5183 1714 5257">
     <span class='ocr_line' id='line_1_99' title="bbox 173 5183 1714 5257; baseline -0.006 -15"><span class='ocrx_word' id='word_1_660' title='bbox 173 5192 328 5254; x_wconf 75' lang='grc' dir='ltr'>ἀκοάς</span> <span class='ocrx_word' id='word_1_661' title='bbox 351 5183 531 5257; x_wconf 80' lang='lat' dir='ltr'><strong>legere</strong></span> <span class='ocrx_word' id='word_1_662' title='bbox 574 5209 588 5244; x_wconf 91' lang='lat'>:</span> <span class='ocrx_word' id='word_1_663' title='bbox 621 5183 951 5257; x_wconf 69' lang='lat' dir='ltr'><strong>Epiphanius</strong></span> <span class='ocrx_word' id='word_1_664' title='bbox 979 5199 1127 5257; x_wconf 86' lang='lat' dir='ltr'><strong>certe</strong></span> <span class='ocrx_word' id='word_1_665' title='bbox 1167 5185 1348 5257; x_wconf 83' lang='lat' dir='ltr'><strong>Schol.</strong></span> <span class='ocrx_word' id='word_1_666' title='bbox 1383 5185 1451 5236; x_wconf 82' lang='lat' dir='ltr'><strong>ad</strong></span> <span class='ocrx_word' id='word_1_667' title='bbox 1483 5183 1714 5257; x_wconf 84' lang='lat' dir='ltr'><strong>omnium</strong></span> 
     </span>
    </p>
   </div>
   <div class='ocr_carea' id='block_1_99' title="bbox 173 5256 1719 5331">
    <p class='ocr_par' dir='ltr' id='par_1_99' title="bbox 173 5256 1719 5331">
     <span class='ocr_line' id='line_1_100' title="bbox 173 5256 1719 5331; baseline -0.005 -21"><span class='ocrx_word' id='word_1_668' title='bbox 173 5273 281 5331; x_wconf 73' lang='lat' dir='ltr'><strong>vota</strong></span> <span class='ocrx_word' id='word_1_669' title='bbox 308 5256 485 5315; x_wconf 76' lang='lat' dir='ltr'><strong>habet.</strong></span> <span class='ocrx_word' id='word_1_670' title='bbox 515 5259 639 5313; x_wconf 67' lang='lat' dir='ltr'><strong>llo:</strong></span> <span class='ocrx_word' id='word_1_671' title='bbox 662 5261 729 5328; x_wconf 80' lang='grc' dir='ltr'>τῇ</span> <span class='ocrx_word' id='word_1_672' title='bbox 756 5258 862 5310; x_wconf 81' lang='grc' dir='ltr'>τῶν</span> <span class='ocrx_word' id='word_1_673' title='bbox 876 5256 1441 5331; x_wconf 32' lang='grc' dir='ltr'>εἰδώλων-πλάνῃηδίε</span> <span class='ocrx_word' id='word_1_674' title='bbox 1466 5256 1719 5331; x_wconf 73' lang='lat' dir='ltr'><strong>Socrates</strong></span> 
     </span>
    </p>
   </div>
   <div class='ocr_carea' id='block_1_100' title="bbox 175 5326 1718 5398">
    <p class='ocr_par' dir='ltr' id='par_1_100' title="bbox 175 5326 1718 5398">
     <span class='ocr_line' id='line_1_101' title="bbox 175 5326 1718 5398; baseline -0.006 -15"><span class='ocrx_word' id='word_1_675' title='bbox 175 5340 225 5379; x_wconf 78' lang='lat' dir='ltr'><strong>et</strong></span> <span class='ocrx_word' id='word_1_676' title='bbox 241 5330 361 5398; x_wconf 80' lang='lat' dir='ltr'><strong>Reg.</strong></span> <span class='ocrx_word' id='word_1_677' title='bbox 377 5332 552 5385; x_wconf 82' lang='lat' dir='ltr'><strong>deleto</strong></span> <span class='ocrx_word' id='word_1_678' title='bbox 566 5326 764 5398; x_wconf 66' lang='lat' dir='ltr'><strong>opt-ius</strong></span> <span class='ocrx_word' id='word_1_679' title='bbox 780 5330 971 5398; x_wconf 82' lang='lat' dir='ltr'><strong>posito.</strong></span> <span class='ocrx_word' id='word_1_680' title='bbox 988 5328 1126 5379; x_wconf 86' lang='lat' dir='ltr'><strong>Editi</strong></span> <span class='ocrx_word' id='word_1_681' title='bbox 1141 5342 1266 5398; x_wconf 76' lang='lat' dir='ltr'><strong>vero</strong></span> <span class='ocrx_word' id='word_1_682' title='bbox 1278 5326 1456 5398; x_wconf 80' lang='lat' dir='ltr'><strong>minus</strong></span> <span class='ocrx_word' id='word_1_683' title='bbox 1471 5326 1718 5398; x_wconf 57' lang='lat' dir='ltr'><strong>rectefﬁ;</strong></span> 
     </span>
    </p>
   </div>
   <div class='ocr_carea' id='block_1_101' title="bbox 175 5389 1719 5467">
    <p class='ocr_par' dir='ltr' id='par_1_101' title="bbox 175 5389 1719 5467">
     <span class='ocr_line' id='line_1_102' title="bbox 175 5389 1719 5467; baseline -0.003 -20"><span class='ocrx_word' id='word_1_684' title='bbox 175 5398 273 5451; x_wconf 82' lang='grc' dir='ltr'><strong>τῶν</strong></span> <span class='ocrx_word' id='word_1_685' title='bbox 308 5389 540 5452; x_wconf 75' lang='grc' dir='ltr'>ἕὶδὼλων</span> <span class='ocrx_word' id='word_1_686' title='bbox 562 5389 794 5467; x_wconf 63' lang='grc' dir='ltr'>πλάνηςῖ</span> <span class='ocrx_word' id='word_1_687' title='bbox 824 5397 984 5467; x_wconf 79' lang='lat' dir='ltr'><strong>Paulo</strong></span> <span class='ocrx_word' id='word_1_688' title='bbox 1008 5406 1143 5467; x_wconf 85' lang='lat' dir='ltr'><strong>post,</strong></span> <span class='ocrx_word' id='word_1_689' title='bbox 1176 5396 1292 5449; x_wconf 86' lang='lat' dir='ltr'><strong>loco</strong></span> <span class='ocrx_word' id='word_1_690' title='bbox 1319 5389 1588 5462; x_wconf 82' lang='grc' dir='ltr'>ἀγαπητοί</span> <span class='ocrx_word' id='word_1_691' title='bbox 1618 5391 1719 5444; x_wconf 82' lang='lat' dir='ltr'><strong>Su-</strong></span> 
     </span>
    </p>
   </div>
   <div class='ocr_carea' id='block_1_102' title="bbox 177 5465 1225 5536">
    <p class='ocr_par' dir='ltr' id='par_1_102' title="bbox 177 5465 1225 5536">
     <span class='ocr_line' id='line_1_103' title="bbox 177 5465 1225 5536; baseline 0 -20"><span class='ocrx_word' id='word_1_692' title='bbox 177 5479 337 5521; x_wconf 79' lang='lat' dir='ltr'><strong>crates</strong></span> <span class='ocrx_word' id='word_1_693' title='bbox 362 5465 735 5536; x_wconf 78' lang='grc' dir='ltr'>’Δλεξανδρεῖς</span> <span class='ocrx_word' id='word_1_694' title='bbox 765 5465 1225 5536; x_wconf 81' lang='grc' dir='ltr'>προσφιλέστατοι.</span> 
     </span>
    </p>
   </div>
   <div class='ocr_carea' id='block_1_103' title="bbox 240 5530 1719 5605">
    <p class='ocr_par' dir='ltr' id='par_1_103' title="bbox 240 5530 1719 5605">
     <span class='ocr_line' id='line_1_104' title="bbox 240 5530 1719 5605; baseline -0.007 -14"><span class='ocrx_word' id='word_1_695' title='bbox 240 5538 340 5605; x_wconf 73' lang='lat'><strong>(57}</strong></span> <span class='ocrx_word' id='word_1_696' title='bbox 399 5530 583 5600; x_wconf 49' lang='lat' dir='ltr'><strong>Socr,</strong></span> <span class='ocrx_word' id='word_1_697' title='bbox 615 5530 820 5589; x_wconf 76' lang='grc' dir='ltr'>πᾶσαν’</span> <span class='ocrx_word' id='word_1_698' title='bbox 851 5530 1117 5605; x_wconf 78' lang='grc' dir='ltr'>ἀνασοὸὴν</span> <span class='ocrx_word' id='word_1_699' title='bbox 1146 5535 1261 5605; x_wconf 86' lang='grc' dir='ltr'>καί.</span> <span class='ocrx_word' id='word_1_700' title='bbox 1304 5531 1433 5605; x_wconf 51' lang='lat' dir='ltr'><strong>Mog</strong></span> <span class='ocrx_word' id='word_1_701' title='bbox 1477 5530 1629 5605; x_wconf 79' lang='lat' dir='ltr'><strong>socr.</strong></span> <span class='ocrx_word' id='word_1_702' title='bbox 1662 5537 1719 5583; x_wconf 87' lang='lat' dir='ltr'><strong>et</strong></span> 
     </span>
    </p>
   </div>
   <div class='ocr_carea' id='block_1_104' title="bbox 178 5602 1719 5677">
    <p class='ocr_par' dir='ltr' id='par_1_104' title="bbox 178 5602 1719 5677">
     <span class='ocr_line' id='line_1_105' title="bbox 178 5602 1719 5677; baseline -0.002 -22"><span class='ocrx_word' id='word_1_703' title='bbox 178 5602 294 5675; x_wconf 80' lang='lat' dir='ltr'><strong>Reg.</strong></span> <span class='ocrx_word' id='word_1_704' title='bbox 322 5602 754 5677; x_wconf 78' lang='grc' dir='ltr'>περιαιρεθῆναι.</span> <span class='ocrx_word' id='word_1_705' title='bbox 789 5606 923 5677; x_wconf 60' lang='grc' dir='ltr'><strong>Εόῃί</strong></span> <span class='ocrx_word' id='word_1_706' title='bbox 946 5602 1363 5677; x_wconf 15' lang='grc' dir='ltr'>νπροάιρεθῆναι.</span> <span class='ocrx_word' id='word_1_707' title='bbox 1410 5603 1575 5677; x_wconf 75' lang='lat' dir='ltr'><strong>Paulo</strong></span> <span class='ocrx_word' id='word_1_708' title='bbox 1599 5609 1719 5677; x_wconf 63' lang='lat' dir='ltr'><strong>post</strong></span> 
     </span>
    </p>
   </div>
   <div class='ocr_carea' id='block_1_105' title="bbox 176 5672 1719 5746">
    <p class='ocr_par' dir='ltr' id='par_1_105' title="bbox 176 5672 1719 5746">
     <span class='ocr_line' id='line_1_106' title="bbox 176 5672 1719 5746; baseline -0.007 -17"><span class='ocrx_word' id='word_1_709' title='bbox 176 5672 288 5746; x_wconf 58' lang='grc' dir='ltr'>παρ’</span> <span class='ocrx_word' id='word_1_710' title='bbox 307 5672 455 5746; x_wconf 71' lang='grc' dir='ltr'>ὑμῖν.</span> <span class='ocrx_word' id='word_1_711' title='bbox 487 5672 593 5746; x_wconf 76' lang='lat' dir='ltr'><strong>Sic</strong></span> <span class='ocrx_word' id='word_1_712' title='bbox 614 5672 842 5746; x_wconf 40' lang='lat' dir='ltr'><strong>Socraet</strong></span> <span class='ocrx_word' id='word_1_713' title='bbox 865 5675 1052 5742; x_wconf 85' lang='lat' dir='ltr'><strong>Epipb.</strong></span> <span class='ocrx_word' id='word_1_714' title='bbox 1087 5672 1269 5746; x_wconf 69' lang='lat' dir='ltr'><strong>§cbol.</strong></span> <span class='ocrx_word' id='word_1_715' title='bbox 1303 5675 1441 5746; x_wconf 59' lang='lat' dir='ltr'><strong>apud</strong></span> <span class='ocrx_word' id='word_1_716' title='bbox 1468 5689 1576 5727; x_wconf 86' lang='lat' dir='ltr'><strong>vos.</strong></span> <span class='ocrx_word' id='word_1_717' title='bbox 1600 5672 1719 5746; x_wconf 74' lang='lat' dir='ltr'><strong>Quo</strong></span> 
     </span>
    </p>
   </div>
   <div class='ocr_carea' id='block_1_106' title="bbox 178 5738 1718 5812">
    <p class='ocr_par' dir='ltr' id='par_1_106' title="bbox 178 5738 1718 5812">
     <span class='ocr_line' id='line_1_107' title="bbox 178 5738 1718 5812; baseline -0.005 -16"><span class='ocrx_word' id='word_1_718' title='bbox 178 5738 286 5797; x_wconf 78' lang='lat' dir='ltr'><strong>item</strong></span> <span class='ocrx_word' id='word_1_719' title='bbox 344 5738 515 5798; x_wconf 61' lang='lat' dir='ltr'><strong>&#39;modo</strong></span> <span class='ocrx_word' id='word_1_720' title='bbox 584 5745 709 5812; x_wconf 81' lang='lat' dir='ltr'><strong>legit</strong></span> <span class='ocrx_word' id='word_1_721' title='bbox 766 5738 1023 5797; x_wconf 79' lang='lat' dir='ltr'><strong>Nannius.</strong></span> <span class='ocrx_word' id='word_1_722' title='bbox 1088 5743 1224 5796; x_wconf 71' lang='lat' dir='ltr'><strong>Etliti</strong></span> <span class='ocrx_word' id='word_1_723' title='bbox 1290 5738 1345 5797; x_wconf 87' lang='lat' dir='ltr'><strong>et</strong></span> <span class='ocrx_word' id='word_1_724' title='bbox 1403 5744 1533 5810; x_wconf 82' lang='lat' dir='ltr'><strong>Reg.</strong></span> <span class='ocrx_word' id='word_1_725' title='bbox 1589 5738 1718 5807; x_wconf 73' lang='grc' dir='ltr'>παρ’</span> 
     </span>
    </p>
   </div>
   <div class='ocr_carea' id='block_1_107' title="bbox 177 5812 647 5882">
    <p class='ocr_par' dir='ltr' id='par_1_107' title="bbox 177 5812 647 5882">
     <span class='ocr_line' id='line_1_108' title="bbox 177 5812 647 5882; baseline 0.006 -18"><span class='ocrx_word' id='word_1_726' title='bbox 177 5812 309 5877; x_wconf 69' lang='grc' dir='ltr'>ἡμῖν,</span> <span class='ocrx_word' id='word_1_727' title='bbox 337 5828 647 5882; x_wconf 77' lang='lat' dir='ltr'><strong>perperam.</strong></span> 
     </span>
    </p>
   </div>
   <div class='ocr_carea' id='block_1_108' title="bbox 1835 4655 3395 4726">
    <p class='ocr_par' dir='ltr' id='par_1_108' title="bbox 1835 4655 3395 4726">
     <span class='ocr_line' id='line_1_109' title="bbox 1835 4655 3395 4726; baseline -0.001 -13"><span class='ocrx_word' id='word_1_728' title='bbox 1835 4669 1959 4713; x_wconf 86' lang='lat' dir='ltr'><strong>cant</strong></span> <span class='ocrx_word' id='word_1_729' title='bbox 1990 4660 2175 4713; x_wconf 86' lang='lat' dir='ltr'><strong>eadem</strong></span> <span class='ocrx_word' id='word_1_730' title='bbox 2210 4658 2478 4726; x_wconf 78' lang='lat' dir='ltr'><strong>gaudeant</strong></span> <span class='ocrx_word' id='word_1_731' title='bbox 2513 4655 2850 4709; x_wconf 89' lang='lat' dir='ltr'><strong>immunitate</strong></span> <span class='ocrx_word' id='word_1_732' title='bbox 2873 4670 3033 4724; x_wconf 89' lang='lat' dir='ltr'><strong>quam</strong></span> <span class='ocrx_word' id='word_1_733' title='bbox 3061 4672 3272 4726; x_wconf 87' lang='lat' dir='ltr'><strong>semper</strong></span> <span class='ocrx_word' id='word_1_734' title='bbox 3300 4659 3395 4712; x_wconf 83' lang='lat' dir='ltr'><strong>ba-</strong></span> 
     </span>
    </p>
   </div>
   <div class='ocr_carea' id='block_1_109' title="bbox 1903 4901 3291 4971">
    <p class='ocr_par' dir='ltr' id='par_1_109' title="bbox 1903 4901 3291 4971">
     <span class='ocr_line' id='line_1_110' title="bbox 1903 4901 3291 4971; baseline -0.001 -14"><span class='ocrx_word' id='word_1_735' title='bbox 1903 4904 2011 4967; x_wconf 76' lang='grc'><strong>(58)</strong></span> <span class='ocrx_word' id='word_1_736' title='bbox 2048 4902 2137 4956; x_wconf 91' lang='lat' dir='ltr'><strong>Sic</strong></span> <span class='ocrx_word' id='word_1_737' title='bbox 2166 4902 2294 4971; x_wconf 79' lang='lat' dir='ltr'><strong>Reg.</strong></span> <span class='ocrx_word' id='word_1_738' title='bbox 2329 4913 2381 4955; x_wconf 91' lang='lat' dir='ltr'><strong>et</strong></span> <span class='ocrx_word' id='word_1_739' title='bbox 2409 4901 2561 4956; x_wconf 87' lang='lat' dir='ltr'><strong>Socr.</strong></span> <span class='ocrx_word' id='word_1_740' title='bbox 2589 4902 2727 4955; x_wconf 88' lang='lat' dir='ltr'><strong>Editi</strong></span> <span class='ocrx_word' id='word_1_741' title='bbox 2764 4917 2892 4957; x_wconf 77' lang='lat' dir='ltr'><strong>vero</strong></span> <span class='ocrx_word' id='word_1_742' title='bbox 2920 4904 3291 4971; x_wconf 76' lang='grc' dir='ltr'>φυλάττοντες.</span> 
     </span>
    </p>
   </div>
   <div class='ocr_carea' id='block_1_110' title="bbox 1901 4971 3217 5041">
    <p class='ocr_par' dir='ltr' id='par_1_110' title="bbox 1901 4971 3217 5041">
     <span class='ocr_line' id='line_1_111' title="bbox 1901 4971 3217 5041; baseline -0.002 -14"><span class='ocrx_word' id='word_1_743' title='bbox 1901 4975 2013 5041; x_wconf 78' lang='lat'><strong>(39)</strong></span> <span class='ocrx_word' id='word_1_744' title='bbox 2043 4975 2133 5027; x_wconf 85' lang='lat' dir='ltr'><strong>Sic</strong></span> <span class='ocrx_word' id='word_1_745' title='bbox 2162 4974 2292 5041; x_wconf 71' lang='lat' dir='ltr'><strong>Reg.</strong></span> <span class='ocrx_word' id='word_1_746' title='bbox 2323 4972 2464 5025; x_wconf 83' lang='lat' dir='ltr'><strong>Editi</strong></span> <span class='ocrx_word' id='word_1_747' title='bbox 2495 4973 2590 5025; x_wconf 74' lang='grc' dir='ltr'>καὶ</span> <span class='ocrx_word' id='word_1_748' title='bbox 2615 4971 2912 5040; x_wconf 77' lang='grc' dir='ltr'>Αἰγύπτου,</span> <span class='ocrx_word' id='word_1_749' title='bbox 2941 4978 3217 5027; x_wconf 83' lang='lat' dir='ltr'><strong>mendose.</strong></span> 
     </span>
    </p>
   </div>
   <div class='ocr_carea' id='block_1_111' title="bbox 1899 5043 3394 5115">
    <p class='ocr_par' dir='ltr' id='par_1_111' title="bbox 1899 5043 3394 5115">
     <span class='ocr_line' id='line_1_112' title="bbox 1899 5043 3394 5115; baseline -0.001 -17"><span class='ocrx_word' id='word_1_750' title='bbox 1899 5045 2010 5112; x_wconf 79' lang='grc' dir='ltr'><strong>(ιο)</strong></span> <span class='ocrx_word' id='word_1_751' title='bbox 2064 5043 2220 5115; x_wconf 67' lang='lat' dir='ltr'><strong>lleg._</strong></span> <span class='ocrx_word' id='word_1_752' title='bbox 2258 5052 2382 5115; x_wconf 81' lang='lat' dir='ltr'><strong>ante</strong></span> <span class='ocrx_word' id='word_1_753' title='bbox 2433 5043 2717 5115; x_wconf 79' lang='lat' dir='ltr'><strong>epistolam</strong></span> <span class='ocrx_word' id='word_1_754' title='bbox 2772 5044 2932 5115; x_wconf 82' lang='lat' dir='ltr'><strong>habet</strong></span> <span class='ocrx_word' id='word_1_755' title='bbox 2983 5046 3246 5115; x_wconf 79' lang='grc' dir='ltr'>ἑρμηνεία</span> <span class='ocrx_word' id='word_1_756' title='bbox 3274 5043 3394 5097; x_wconf 79' lang='grc' dir='ltr'>τοῦ·</span> 
     </span>
    </p>
   </div>
   <div class='ocr_carea' id='block_1_112' title="bbox 1825 5111 3390 5182">
    <p class='ocr_par' dir='ltr' id='par_1_112' title="bbox 1825 5111 3390 5182">
     <span class='ocr_line' id='line_1_113' title="bbox 1825 5111 3390 5182; baseline 0.001 -17"><span class='ocrx_word' id='word_1_757' title='bbox 1825 5130 1957 5176; x_wconf 84' lang='grc' dir='ltr'>των,</span> <span class='ocrx_word' id='word_1_758' title='bbox 1986 5111 2182 5179; x_wconf 81' lang='lat' dir='ltr'><strong>quibus</strong></span> <span class='ocrx_word' id='word_1_759' title='bbox 2209 5111 2383 5164; x_wconf 87' lang='lat' dir='ltr'><strong>innuit</strong></span> <span class='ocrx_word' id='word_1_760' title='bbox 2432 5113 2572 5165; x_wconf 90' lang='lat' dir='ltr'><strong>hanc</strong></span> <span class='ocrx_word' id='word_1_761' title='bbox 2611 5113 2893 5180; x_wconf 86' lang='lat' dir='ltr'><strong>epistolam</strong></span> <span class='ocrx_word' id='word_1_762' title='bbox 2943 5111 3127 5168; x_wconf 80' lang='lat' dir='ltr'><strong>Latine</strong></span> <span class='ocrx_word' id='word_1_763' title='bbox 3165 5114 3390 5182; x_wconf 90' lang='lat' dir='ltr'><strong>primum</strong></span> 
     </span>
    </p>
   </div>
   <div class='ocr_carea' id='block_1_113' title="bbox 1833 5182 3389 5249">
    <p class='ocr_par' dir='ltr' id='par_1_113' title="bbox 1833 5182 3389 5249">
     <span class='ocr_line' id='line_1_114' title="bbox 1833 5182 3389 5249; baseline -0.001 -13"><span class='ocrx_word' id='word_1_764' title='bbox 1833 5186 2091 5249; x_wconf 90' lang='lat' dir='ltr'><strong>scriptam</strong></span> <span class='ocrx_word' id='word_1_765' title='bbox 2118 5182 2302 5234; x_wconf 62' lang='lat' dir='ltr'><strong>Gra’ce</strong></span> <span class='ocrx_word' id='word_1_766' title='bbox 2322 5182 2487 5235; x_wconf 89' lang='lat' dir='ltr'><strong>fuisse</strong></span> <span class='ocrx_word' id='word_1_767' title='bbox 2525 5184 2861 5235; x_wconf 84' lang='lat' dir='ltr'><strong>translatam.</strong></span> <span class='ocrx_word' id='word_1_768' title='bbox 2883 5184 2993 5237; x_wconf 80' lang='lat' dir='ltr'><strong>Mox</strong></span> <span class='ocrx_word' id='word_1_769' title='bbox 3032 5187 3159 5238; x_wconf 89' lang='lat' dir='ltr'><strong>editi</strong></span> <span class='ocrx_word' id='word_1_770' title='bbox 3186 5196 3237 5236; x_wconf 91' lang='lat' dir='ltr'><strong>et</strong></span> <span class='ocrx_word' id='word_1_771' title='bbox 3263 5185 3389 5247; x_wconf 70' lang='lat' dir='ltr'><strong>lteg.</strong></span> 
     </span>
    </p>
   </div>
   <div class='ocr_carea' id='block_1_114' title="bbox 1835 5250 3392 5322">
    <p class='ocr_par' dir='ltr' id='par_1_114' title="bbox 1835 5250 3392 5322">
     <span class='ocr_line' id='line_1_115' title="bbox 1835 5250 3392 5322; baseline -0.001 -19"><span class='ocrx_word' id='word_1_772' title='bbox 1835 5250 2305 5322; x_wconf 72' lang='grc' dir='ltr'>Λύγουσταμνίκῃ.</span> <span class='ocrx_word' id='word_1_773' title='bbox 2346 5250 2474 5322; x_wconf 83' lang='lat' dir='ltr'><strong>Quo</strong></span> <span class='ocrx_word' id='word_1_774' title='bbox 2494 5253 2616 5305; x_wconf 91' lang='lat' dir='ltr'><strong>item</strong></span> <span class='ocrx_word' id='word_1_775' title='bbox 2649 5253 2806 5307; x_wconf 85' lang='lat' dir='ltr'><strong>modo</strong></span> <span class='ocrx_word' id='word_1_776' title='bbox 2836 5253 3035 5319; x_wconf 86' lang='lat' dir='ltr'><strong>legitur</strong></span> <span class='ocrx_word' id='word_1_777' title='bbox 3065 5254 3203 5319; x_wconf 84' lang='lat' dir='ltr'><strong>apud</strong></span> <span class='ocrx_word' id='word_1_778' title='bbox 3228 5253 3392 5322; x_wconf 80' lang='lat' dir='ltr'><strong>Codi-</strong></span> 
     </span>
    </p>
   </div>
   <div class='ocr_carea' id='block_1_115' title="bbox 1837 5321 3392 5389">
    <p class='ocr_par' dir='ltr' id='par_1_115' title="bbox 1837 5321 3392 5389">
     <span class='ocr_line' id='line_1_116' title="bbox 1837 5321 3392 5389; baseline -0.001 -16"><span class='ocrx_word' id='word_1_779' title='bbox 1837 5340 1962 5373; x_wconf 84' lang='lat' dir='ltr'><strong>num</strong></span> <span class='ocrx_word' id='word_1_780' title='bbox 2018 5326 2083 5374; x_wconf 84' lang='lat' dir='ltr'><strong>de</strong></span> <span class='ocrx_word' id='word_1_781' title='bbox 2133 5321 2607 5386; x_wconf 81' lang='lat' dir='ltr'><strong>patriarcttatilms.</strong></span> <span class='ocrx_word' id='word_1_782' title='bbox 2638 5322 2786 5374; x_wconf 79' lang='lat' dir='ltr'><strong>Alias</strong></span> <span class='ocrx_word' id='word_1_783' title='bbox 2819 5325 2959 5389; x_wconf 82' lang='lat' dir='ltr'><strong>apud</strong></span> <span class='ocrx_word' id='word_1_784' title='bbox 2991 5333 3257 5382; x_wconf 79' lang='lat' dir='ltr'><strong>auctores,</strong></span> <span class='ocrx_word' id='word_1_785' title='bbox 3288 5321 3392 5372; x_wconf 77' lang='grc' dir='ltr'><strong>Αὑ-</strong></span> 
     </span>
    </p>
   </div>
   <div class='ocr_carea' id='block_1_116' title="bbox 1833 5390 3388 5461">
    <p class='ocr_par' dir='ltr' id='par_1_116' title="bbox 1833 5390 3388 5461">
     <span class='ocr_line' id='line_1_117' title="bbox 1833 5390 3388 5461; baseline -0.003 -17"><span class='ocrx_word' id='word_1_786' title='bbox 1833 5390 2216 5461; x_wconf 86' lang='grc' dir='ltr'>γουστομνίκη,</span> <span class='ocrx_word' id='word_1_787' title='bbox 2242 5391 2662 5460; x_wconf 78' lang='grc' dir='ltr'>Αὑγουστονίκη,</span> <span class='ocrx_word' id='word_1_788' title='bbox 2692 5391 3097 5459; x_wconf 79' lang='grc' dir='ltr'>Αὐγουστανίκη</span> <span class='ocrx_word' id='word_1_789' title='bbox 3132 5391 3388 5461; x_wconf 75' lang='lat' dir='ltr'><strong>scriptum</strong></span> 
     </span>
    </p>
   </div>
   <div class='ocr_carea' id='block_1_117' title="bbox 1846 5460 3387 5530">
    <p class='ocr_par' dir='ltr' id='par_1_117' title="bbox 1846 5460 3387 5530">
     <span class='ocr_line' id='line_1_118' title="bbox 1846 5460 3387 5530; baseline -0.002 -17"><span class='ocrx_word' id='word_1_790' title='bbox 1846 5463 2091 5514; x_wconf 87' lang='lat' dir='ltr'><strong>habetur.</strong></span> <span class='ocrx_word' id='word_1_791' title='bbox 2116 5465 2243 5527; x_wconf 68' lang='lat' dir='ltr'><strong>Quae</strong></span> <span class='ocrx_word' id='word_1_792' title='bbox 2264 5462 2557 5530; x_wconf 70' lang='lat' dir='ltr'><strong>appellatio</strong></span> <span class='ocrx_word' id='word_1_793' title='bbox 2581 5476 2643 5513; x_wconf 70' lang='lat' dir='ltr'><strong>ea</strong></span> <span class='ocrx_word' id='word_1_794' title='bbox 2662 5462 2887 5527; x_wconf 82' lang='lat' dir='ltr'><strong>Augusti</strong></span> <span class='ocrx_word' id='word_1_795' title='bbox 2916 5463 3135 5512; x_wconf 79' lang='lat' dir='ltr'><strong>victoria</strong></span> <span class='ocrx_word' id='word_1_796' title='bbox 3167 5460 3387 5525; x_wconf 79' lang='lat' dir='ltr'><strong>petitur.</strong></span> 
     </span>
    </p>
   </div>
   <div class='ocr_carea' id='block_1_118' title="bbox 1832 5529 2367 5599">
    <p class='ocr_par' dir='ltr' id='par_1_118' title="bbox 1832 5529 2367 5599">
     <span class='ocr_line' id='line_1_119' title="bbox 1832 5529 2367 5599; baseline -0.002 -16"><span class='ocrx_word' id='word_1_797' title='bbox 1832 5530 1948 5583; x_wconf 75' lang='lat' dir='ltr'><strong>Mox</strong></span> <span class='ocrx_word' id='word_1_798' title='bbox 1985 5530 2138 5584; x_wconf 87' lang='lat' dir='ltr'><strong>Socr.</strong></span> <span class='ocrx_word' id='word_1_799' title='bbox 2174 5529 2367 5599; x_wconf 69' lang='grc' dir='ltr'>Λιϐύῃ.</span> 
     </span>
    </p>
   </div>
   <div class='ocr_carea' id='block_1_119' title="bbox 1895 5593 3388 5669">
    <p class='ocr_par' dir='ltr' id='par_1_119' title="bbox 1895 5593 3388 5669">
     <span class='ocr_line' id='line_1_120' title="bbox 1895 5593 3388 5669; baseline -0.004 -18"><span class='ocrx_word' id='word_1_800' title='bbox 1895 5601 2006 5668; x_wconf 74' lang='grc' dir='ltr'><strong>(Η)</strong></span> <span class='ocrx_word' id='word_1_801' title='bbox 2044 5602 2223 5661; x_wconf 61' lang='lat' dir='ltr'><strong>Somn,</strong></span> <span class='ocrx_word' id='word_1_802' title='bbox 2250 5593 2491 5669; x_wconf 75' lang='grc' dir='ltr'>πραχθὲν</span> <span class='ocrx_word' id='word_1_803' title='bbox 2536 5598 2866 5669; x_wconf 61' lang='grc' dir='ltr'>εὑρίσκεται.</span> <span class='ocrx_word' id='word_1_804' title='bbox 2903 5594 3056 5646; x_wconf 84' lang='grc' dir='ltr'>τοῦτο</span> <span class='ocrx_word' id='word_1_805' title='bbox 3096 5593 3210 5669; x_wconf 86' lang='grc' dir='ltr'>νῦν.</span> <span class='ocrx_word' id='word_1_806' title='bbox 3247 5594 3388 5647; x_wconf 77' lang='lat' dir='ltr'><strong>infra</strong></span> 
     </span>
    </p>
   </div>
   <div class='ocr_carea' id='block_1_120' title="bbox 1827 5666 3387 5753">
    <p class='ocr_par' dir='ltr' id='par_1_120' title="bbox 1827 5666 3387 5753">
     <span class='ocr_line' id='line_1_121' title="bbox 1827 5666 3387 5753; baseline -0.006 -28"><span class='ocrx_word' id='word_1_807' title='bbox 1827 5666 1968 5749; x_wconf 80' lang='lat' dir='ltr'><strong>idem</strong></span> <span class='ocrx_word' id='word_1_808' title='bbox 2019 5671 2067 5721; x_wconf 81' lang='lat' dir='ltr'><strong>oi</strong></span> <span class='ocrx_word' id='word_1_809' title='bbox 2110 5666 3051 5753; x_wconf 32' lang='grc' dir='ltr'>αὐτοῦἰκληρικοίμτεςιιιιεηιιιιιιιινη</span> <span class='ocrx_word' id='word_1_810' title='bbox 3108 5668 3387 5753; x_wconf 53' lang='grc' dir='ltr'>ἓιιιτιιισξιί</span> 
     </span>
    </p>
   </div>
   <div class='ocr_carea' id='block_1_121' title="bbox 1827 5732 3387 5805">
    <p class='ocr_par' dir='ltr' id='par_1_121' title="bbox 1827 5732 3387 5805">
     <span class='ocr_line' id='line_1_122' title="bbox 1827 5732 3387 5805; baseline -0.004 -14"><span class='ocrx_word' id='word_1_811' title='bbox 1827 5742 1955 5791; x_wconf 73' lang='lat' dir='ltr'><strong>editi</strong></span> <span class='ocrx_word' id='word_1_812' title='bbox 2002 5754 2051 5790; x_wconf 91' lang='lat' dir='ltr'><strong>et</strong></span> <span class='ocrx_word' id='word_1_813' title='bbox 2096 5755 2220 5791; x_wconf 87' lang='lat' dir='ltr'><strong>mss.</strong></span> <span class='ocrx_word' id='word_1_814' title='bbox 2272 5740 2318 5787; x_wconf 84' lang='grc' dir='ltr'>οἱ</span> <span class='ocrx_word' id='word_1_815' title='bbox 2375 5732 2527 5787; x_wconf 69' lang='grc' dir='ltr'>αὐτοὶ</span> <span class='ocrx_word' id='word_1_816' title='bbox 2557 5734 2826 5805; x_wconf 73' lang='grc' dir='ltr'>κληρικοί.</span> <span class='ocrx_word' id='word_1_817' title='bbox 2862 5732 3081 5805; x_wconf 10' lang='lat' dir='ltr'><strong>Ibidem!</strong></span> <span class='ocrx_word' id='word_1_818' title='bbox 3107 5733 3259 5805; x_wconf 78' lang='lat' dir='ltr'><strong>sorr.</strong></span> <span class='ocrx_word' id='word_1_819' title='bbox 3291 5734 3387 5805; x_wconf 77' lang='grc' dir='ltr'><strong>τὴν</strong></span> 
     </span>
    </p>
   </div>
   <div class='ocr_carea' id='block_1_122' title="bbox 1828 5800 3241 5873">
    <p class='ocr_par' dir='ltr' id='par_1_122' title="bbox 1828 5800 3241 5873">
     <span class='ocr_line' id='line_1_123' title="bbox 1828 5800 3241 5873; baseline -0.004 -14"><span class='ocrx_word' id='word_1_820' title='bbox 1828 5806 1993 5873; x_wconf 67' lang='grc' dir='ltr'>αὐτὴν</span> <span class='ocrx_word' id='word_1_821' title='bbox 2029 5806 2191 5858; x_wconf 68' lang='grc' dir='ltr'>πάλιν</span> <span class='ocrx_word' id='word_1_822' title='bbox 2206 5806 2428 5873; x_wconf 83' lang='grc' dir='ltr'>θέλομεν</span> <span class='ocrx_word' id='word_1_823' title='bbox 2459 5806 2623 5873; x_wconf 76' lang='grc' dir='ltr'>ἔχειν,</span> <span class='ocrx_word' id='word_1_824' title='bbox 2645 5800 2844 5857; x_wconf 73' lang='lat' dir='ltr'><strong>omisso</strong></span> <span class='ocrx_word' id='word_1_825' title='bbox 2873 5802 2992 5863; x_wconf 71' lang='grc' dir='ltr'>τοὺς</span> <span class='ocrx_word' id='word_1_826' title='bbox 3028 5801 3241 5865; x_wconf 74' lang='grc' dir='ltr'>αὐτούς.</span> 
     </span>
    </p>
   </div>
  </div>
