3978 6512
556 411 654 469 351

1131 414 1188 473 S.
1229 409 1599 468 ATHANASII
1638 407 1785 462 OPP.
1825 406 2010 463 PARS
2048 406 2090 460 ι.
2131 436 2199 446 —-
2239 402 2606 459 HISTORICA
2644 402 2730 458 ET
2768 399 3183 457 DOGMATICA.

3692 396 3800 451 553

563 530 749 592 bitere,
784 538 839 583 et
868 543 971 596 qua
1028 532 1211 584 caeteri
1252 531 1503 584 fruuntur
1550 527 1772 587 clerici;
1809 538 1865 578 ut
1889 526 2119 595 idipsum

2244 524 2572 595 τουργησίαν,
2606 523 2672 592 ἢν
2706 522 2791 574 ἀεὶ
2812 516 2974 589 εἶχον,
3005 518 3069 588 ἢν
3108 519 3202 571 καὶ
3234 517 3283 570 οἱ
3322 514 3498 569 λοιποὶ
3542 514 3801 585 κληρικοὶ

563 623 832 676 consecuti
864 623 1154 689 gaudeant.

634 710 722 763 57.
753 711 844 765 Sic
879 714 1038 781 igitur
1062 712 1331 774 dimissus,
1355 710 1479 765 dum
1508 709 1716 779 Syriam
1749 723 2117 778 peragrarem,

564 803 844 872 episcopos
879 803 1174 857 Palaestina:
1203 802 1421 865 oll'endi,
1452 802 1540 869 qui
1574 801 1780 871 synodo
1820 800 2125 869 Hierosoly-

567 894 668 946 mis
697 903 885 947 coacta
928 909 1026 948 nos
1076 892 1488 963 perhumaniter
1535 898 1887 959 exceperunt,
1915 898 1968 942 et
2001 903 2123 943 cum

566 1001 697 1052 pace
742 986 1105 1039 dimiserunt:
1146 985 1283 1039 datis
1310 984 1375 1038 ad
1410 983 1708 1038 Ecclesiam
1750 990 1803 1037 et
1845 982 2127 1050 episcopos

565 1076 761 1131 litteris
790 1077 1109 1131 huiusmodi.

1012 1298 1295 1356 SANCTA
1329 1294 1672 1354 SYNODUS

567 1389 945 1460 Hierosolymis
970 1403 1301 1459 congregata.
1336 1390 1571 1443 omnibus
1603 1383 1823 1456 /Egypti
1848 1393 1897 1460 et
1932 1383 2125 1454 Libya-

640 1479 756 1514 rum
785 1456 1175 1522 comntinisiris,
1213 1477 1275 1511 ac
1300 1460 1633 1527 presbyteris,
1665 1456 1925 1515 diaconis,
1958 1471 2128 1527 popu-

634 1534 785 1599 loque
811 1532 1163 1593 Alexandriw,
1190 1531 1393 1582 dilectis
1444 1525 1488 1580 ἐι
1529 1526 1991 1580 desideratissimis
2015 1525 2127 1592 [ra-

635 1604 801 1654 lrtbus
824 1604 878 1653 in
905 1600 1128 1653 Domino
1150 1600 1392 1652 salutem.

634 1762 838 1829 Dignas
878 1761 1255 1813 universorum
1300 1760 1406 1812 Deo
1433 1757 1639 1825 gratias
1689 1771 1851 1823 agere
1896 1770 2004 1809 non
2040 1770 2127 1807 va.

2226 614 2454 683 ἔχουσιν,
2488 614 2573 676 ἵν’,
2594 612 2763 674 οὕτως
2784 610 2995 681 ἔχοντες
3027 610 3115 662 καὶ
3139 608 3313 669 αὐτοὶ,
3333 606 3617 676 χαίρωσιν.

2297 704 2383 759 5³1.
2416 702 2800 775 Προπεμφθεὶς
2837 700 2978 752 οὕτω
3016 700 3107 751 καὶ
3166 696 3514 768 διερχόμενος
3554 696 3656 766 τὴν
3704 694 3802 747 Συ-

2231 795 2370 864 ρίαν,
2413 794 2701 862 συνέτυχον
2737 794 2847 853 τοῖς
2888 788 3024 860 μετὰ
3063 789 3162 859 τὴν
3196 788 3557 856 Παλαιστίνην
3581 783 3802 838 ὲπισκόυ

2228 902 2346 948 ποις
2383 884 2514 953 (42),
2553 885 2643 936 καὶ
2692 881 2904 935 σύνοδον
2946 882 3268 950 ποιήσαντες
3310 879 3368 930 ἐν
3424 874 3798 947 Ἰερουσαλὴμ,

2227 977 2460 1046 γνησίως
2494 977 2655 1044 ’ἡμᾶς
2704 973 3049 1037 ἀπεδέξαντο,
3100 973 3195 1024 καὶ
3233 970 3386 1022 αὐτοὶ⁸
3430 967 3549 1038 μετ’
3576 967 3801 1036 εἰρήνης

2227 1072 2606 1144 προέπεμψαν.
2649 1070 2741 1124 καὶ
2770 1070 3011 1141 ἔγραψαν
3052 1068 3188 1139 πρὸς
3223 1068 3320 1137 τήν
3358 1064 3689 1134 Ἐκκλησίαν
3711 1063 3801 1116 καὶ

2226 1168 2350 1230 τούς
2378 1167 2707 1229 ἐπισκόπους
2730 1164 2917 1218 ταῦτα.

2674 1306 2729 1358 Η
2762 1307 2932 1358 ΑΓΙΑ
2976 1305 3309 1357 ΣΥΝΟΔΟΣ

2238 1398 2299 1451 Ἠ
2322 1395 2392 1449 ἐν
2422 1398 2853 1464 Ἰεροσολύμοις
2868 1393 3261 1463 συναχθεῖσα,
3295 1392 3413 1456 τοῖς
3440 1392 3804 1464 ἐιιξΑῑγιένπζῳ

2297 1467 2397 1519 καὶ
2447 1460 2687 1530 Λὶόύαις
2714 1460 2822 1534 (45)
2867 1460 3397 1534 συλλὲιτουργοῖς,Δ
3423 1461 3542 1534 καὶΔ
3570 1460 3696 1524 τοῖς
3736 1461 3804 1534 ἐκ

2312 1529 2729 1613 ᾎλρξωζδρείᾴ
2763 1529 3201 1613 πέρεσϐιλτέροίέ
3224 1529 3340 1613 καὶ,
3367 1530 3675 1613 διακῲίοις
3708 1529 3805 1610 καί

2297 1598 2463 1670 λαῷ(
2513 1598 2842 1673 ἀγίαπὴτοῖς
2882 1604 2981 1656 καὶ
3030 1598 3467 1665 ποθεινοτάτοις
3515 1600 3804 1667 ἀδελφοῖς

2296 1677 2365 1729 ὲν
2392 1676 2587 1741 Κυρίῳ
2613 1674 2859 1742 χαίρειν.

2298 1767 2431 1819 Κατ’
2475 1765 2630 1831 ἀξίαν
2684 1763 2761 1833 τῷ
2817 1764 2923 1816 τῶν
2969 1762 3103 1815 ὅλων
3161 1760 3279 1831 Θεῷ
3324 1762 3671 1832 εὐχαριστεῖν
3707 1762 3805 1812 οὐκ

566 1851 985 1912 lemus.tlilccti,
1026 1851 1088 1902 de
1125 1849 1399 1902 miraculis
1437 1863 1555 1917 qure
1614 1846 1816 1914 ubique
1866 1854 2127 1914 operatus

2244 1858 2535 1930 ὶρκοῦμεν,
2584 1856 2880 1925 ἀγαπητοὶ,
2932 1854 3015 1922 ἐφ’
3067 1849 3149 1915 οἷς
3202 1853 3526 1922 θαυμασίοις
3578 1852 3807 1921 ἐποίησε

565 1949 669 2002 est,
701 1949 755 1991 et
804 1937 915 2007 jam
951 1940 1285 2005 potissimum
1334 1952 1457 2005 erga
1514 1944 1748 1989 vestram
1781 1933 2079 1989 Ecclesiam
2108 1972 2123 1996 ,

564 2030 780 2096 quando
812 2036 1080 2092 pastorem
1110 2037 1164 2080 et
1196 2026 1480 2079 Dominum
1538 2034 1781 2079 vestrum
1836 2024 2127 2077 commini-

565 2128 848 2186 strumque
872 2128 1113 2169 nostrum
1144 2116 1507 2169 Athanasium
1539 2115 1692 2167 vobis
1712 2115 1969 2167 restituit.
1996 2116 2128 2179 Quis

563 2211 708 2264 enim
752 2208 984 2277 speravit
1015 2224 1254 2275 unquam
1286 2221 1352 2260 ea
1380 2221 1440 2261 se
1464 2207 1637 2261 oculis
1686 2206 1952 2269 visurum,
2009 2220 2128 2274 qua:

560 2302 672 2371 jam
699 2316 791 2355 vos
822 2302 999 2369 reipsa
1031 2299 1468 2368 consequimini?
1507 2298 1669 2352 Certe
1717 2313 1908 2367 preces
1935 2308 2131 2352 vestrae

564 2393 831 2447 exauditae
858 2401 983 2445 sunt
1019 2407 1049 2443 a
1073 2406 1253 2445 rerum
1283 2391 1520 2445 omnium
1549 2392 1678 2453 Deo,
1705 2390 1797 2458 qui
1832 2389 2127 2443 Ecclesiam

566 2493 723 2538 curat
756 2500 930 2547 suam,
962 2484 1050 2552 qui
1080 2492 1290 2536 vestras
1321 2482 1593 2552 lacrymas
1636 2481 1855 2550 respicit
1890 2490 2129 2533 vestros-

568 2592 674 2644 que
701 2575 965 2645 gemitus;
1009 2574 1238 2643 ideoque
1285 2584 1501 2628 vestras
1544 2574 1824 2627 exaudivit
1871 2573 2123 2626 obsecra-

570 2670 765 2723 tiones.
798 2667 977 2721 Eratis
998 2667 1141 2720 enim
1170 2667 1341 2720 iustar
1369 2666 1549 2719 ovium
1594 2665 1927 2735 ahjectarum
1967 2678 2131 2716 vexa-

571 2770 856 2827 tarumque
887 2772 985 2812 nec
1012 2757 1330 2811 habentium
1356 2766 1633 2826 pastorem
1662 2774 1674 2808 :
1711 2754 1908 2809 idcirco
1934 2755 1999 2807 ad
2028 2768 2126 2806 vos

570 2852 637 2905 de
663 2850 801 2905 coelo
848 2851 1084 2916 respexit
1111 2864 1273 2903 verus
1302 2859 1511 2918 pastor,
1553 2849 1643 2917 qui
1698 2862 1917 2905 suarum
1946 2846 2127 2899 ovium

574 2942 995 2996 sollicitudinem
1039 2943 1198 3011 gerit,
1227 2942 1509 3009 virumque
1538 2939 1690 2993 vobis
1730 2939 1966 2993 restituit
2008 2953 2131 3006 per-

569 3033 994 3103 optatissimum.
1018 3034 1156 3088 Ecce
1174 3032 1320 3087 enim
1354 3047 1450 3085 nos
1478 3032 1565 3099 qui
1586 3030 1718 3085 nihil
1744 3029 2130 3084 ecclesiasticae

573 3126 723 3193 pacis
752 3142 913 3179 causa
951 3141 1055 3178 nou
1106 3124 1338 3194 agimus,
1376 3122 1574 3190 quippe
1608 3136 1732 3174 cum
1784 3129 1961 3174 vestra
2000 3119 2131 3173 dile-

2230 1950 2477 2007 πάντοτε,
2506 1943 2726 2013 ἐποίησε
2755 1943 2812 1994 δὲ
2840 1943 2930 1995 καὶ
2964 1941 3055 1994 νῦν
3088 1942 3225 2011 μετὰ
3246 1942 3343 2010 τῆς
3380 1941 3659 2011 ὑμετέρας
3694 1942 3807 1992 Ἐκ·

2228 2038 2473 2108 κλησίας,
2514 2036 2601 2088 τὸν
2648 2039 2875 2105 ποιμένα
2912 2032 3063 2103 ὐμῶν
3100 2035 3192 2085 καὶ
3226 2032 3435 2104 κύριον,
3463 2033 3559 2085 καὶ
3594 2033 3805 2085 συλλει-

2228 2129 2452 2199 τουργὸν
2498 2127 2654 2198 ἡμῶν
2713 2124 3029 2178 Ἀθανάσιον
3069 2124 3301 2187 ἀποδοὺς
3349 2126 3499 2193 ὑμῖν.
3551 2124 3651 2186 Τίς
3701 2124 3810 2195 γὰρ

2228 2221 2421 2291 ήλπισέ
2444 2236 2574 2272 ποτε
2600 2217 2770 2271 ταῦτα
2796 2216 3089 2287 ὀφθαλμοῖς
3119 2216 3264 2278 ἰδεῖν,
3290 2215 3325 2268 ἃ
3348 2215 3443 2267 νῦν
3478 2216 3645 2285 ὑμεῖς
3666 2216 3807 2283 ἔργῳ

2230 2312 2674 2382 ἁπολαμϐἀνετε;
2743 2306 2979 2377 Ἀληθῶς
3020 2306 3130 2375 (44)
3185 2310 3240 2359 αἱ
3297 2307 3605 2376 ’προσευχαὶ⁸
3655 2305 3810 2374 ὑμῶν

2229 2401 2657 2470 εἰσηκούσθησαν
2689 2397 2838 2470 παρὰ
2866 2397 2941 2468 τῷ
2965 2397 3071 2450 τῶν
3096 2397 3229 2449 ὅλων
3250 2395 3388 2464 Θεῷ,
3416 2395 3497 2465 τῷ
3522 2395 3805 2465 κηδομένῳ

2229 2493 2323 2562 τῆς
2354 2490 2546 2544 ἑαυτοῦ
2583 2488 2903 2559 Ἐκκλησίας
2936 2488 3028 2540 καὶ
3057 2486 3290 2539 ἐπιδόντι
3316 2485 3472 2553 ὑμῶν
3497 2485 3569 2537 τὰ.
3599 2485 3811 2555 δάκρυα

2231 2583 2323 2635 καί
2349 2584 2475 2643 τοὺς
2496 2581 2783 2650 ὀδυρμοὺς,
2816 2578 2907 2631 καὶ
2944 2577 3031 2629 διὰ
3072 2576 3229 2630 τοῦτο
3256 2575 3362 2629 τῶν
3390 2576 3635 2645 δεήσεων
3659 2576 3809 2646 ὐμῶν

2230 2673 2605 2725 ἐπακούσαντι.
2634 2666 2769 2721 Ἦτε
2805 2667 2912 2739 γὰρ
2960 2667 3033 2729 ὡς
3076 2666 3321 2733 πρόϐατα
3365 2667 3679 2737 ἐρριμμένα
3717 2666 3809 2720 καὶ

2232 2765 2534 2833 ὲσκυλμένα
2578 2762 2651 2833 μὴ
2701 2762 2887 2831 ἔχοντα
2937 2757 3204 2828 ποιμένα·
3255 2756 3346 2809 διὰ
3375 2757 3538 2810 τοῦτο
3584 2756 3807 2810 ἐπεσκέ-

2229 2858 2365 2925 ψατο
2389 2857 2530 2925 ὑμᾶς
2554 2858 2581 2907 ό
2606 2852 2853 2925 ἀληθινὸς
2891 2849 3091 2920 ποιμὴν
3130 2849 3442 2919 οὐρανόθεν,
3472 2852 3501 2901 ὁ
3523 2850 3634 2902 τῶν
3667 2850 3809 2903 ἰδίων

2232 2947 2515 3018 προϐάτων
2537 2946 2849 3015 κηδόμενος,
2868 2941 3092 3003 ἀποδοὺς
3115 2942 3241 3011 ὑμῖν
3263 2941 3321 2994 ὃν
3341 2941 3501 2995 ἐπιθυ
3510 2941 3803 3011 μεῖτεμό).

2244 3038 2373 3092 Ἰδοὺ
2398 3038 2510 3108 γὰρ
2538 3038 2630 3091 κα)⁵
2654 3039 2811 3106 ἡμεῖς
2839 3038 3013 3091 πάντα
3054 3035 3194 3105 ὑπὲρ
3220 3034 3319 3103 τῆς
3344 3032 3807 3102 ὲκκλησιαστικῆς

2236 3132 2455 3201 εἰρήνης
2504 3130 2849 3199 πράττοντες,
2895 3128 2988 3181 καὶ
3028 3129 3093 3196 τῇ
3145 3126 3384 3196 ὑμετέρα
3440 3124 3807 3193 συμπνέοντες

574 3219 748 3272 ctione
782 3217 1177 3287 couspiramus,
1202 3215 1412 3286 priores
1440 3215 1587 3267 illum
1629 3212 1858 3282 amplexi
1899 3229 2085 3268 sumus
2114 3255 2128 3278 ,

2244 3222 2445 3294 ἀγάπῃ,
2489 3220 2843 3291 προλαϐόντες
2879 3220 3037 3271 αὐτὸν
3075 3216 3459 3286 ήσπασάμεθα,
3493 3218 3588 3269 καὶ
3624 3234 3810 3269 κοινω-

572 3323 774 3378 perque
806 3309 954 3362 illum
992 3308 1268 3361 vobiscum
1297 3306 1781 3368 communicantes,
1818 3306 1915 3360 has
1940 3306 2006 3359 ad
2041 3320 2135 3359 vos

575 3402 837 3454 mittimus
869 3399 1245 3459 salutationes,
1276 3405 1602 3464 nostrasque
1630 3394 1924 3465 gratiarum
1957 3396 2133 3449 actio-

577 3494 660 3547 nis
699 3492 1011 3552 orationes;
1046 3499 1102 3542 ut
1151 3488 1492 3557 cognoscatis
1532 3502 1629 3539 nos
1681 3486 1966 3540 charitatis
2014 3486 2135 3539 vin-

574 3584 694 3636 culo
723 3583 794 3636 illi
821 3596 939 3635 esse
965 3580 1309 3648 coniunctos.
1336 3575 1509 3630 Vestri
1537 3587 1715 3629 autem
1741 3576 1896 3630 ollicii
1923 3586 2007 3631 est
2036 3592 2133 3647 pro

578 3674 774 3741 pietate
801 3672 1326 3741 religiosissiumrum
1364 3670 1749 3737 imperatorqu
1805 3683 1984 3735 orare,
2039 3670 2129 3739 qui

574 3763 747 3833 etipsi
775 3773 1112 3831 compertum
1157 3760 1422 3814 habentes
1462 3776 1581 3812 cum
1613 3771 1849 3814 vestrmn
1896 3776 2024 3827 erga
2066 3761 2135 3813 il-

578 3852 687 3908 lum
720 3869 985 3917 amorem,
1014 3864 1124 3906 tum
1162 3853 1279 3920 ejus
1328 3851 1713 3916 innocentiam,
1770 3853 1942 3921 ipsum
1986 3853 2137 3907 vobis

577 3944 724 3996 omni
754 3959 877 3996 cum
912 3944 1116 3996 honore
1144 3942 1353 3995 restitui
1389 3943 1692 3995 voluerunt.
1730 3942 1955 4011 Supinis
1978 3944 2139 4013 igitur

576 4048 702 4088 eum
735 4034 984 4086 manibus
1017 4034 1375 4102 excipientes,
1426 4034 1722 4103 gratiarum
1753 4033 1985 4087 actionis
2013 4048 2137 4103 pre-

579 4139 671 4178 ces
697 4125 803 4177 Deo
830 4126 1022 4177 horum
1055 4125 1210 4180 vobis
1264 4127 1528 4179 honorum
1592 4136 1813 4180 auctore
1872 4126 2139 4181 studentis

577 4215 792 4280 oll'erre,
829 4225 884 4269 ut
910 4232 1123 4287 semper
1162 4233 1284 4273 cum
1318 4218 1425 4271 Deo
1459 4218 1761 4286 gaudeatis,
1797 4233 1864 4281 ac,
1892 4217 2137 4272 celebre-

582 4310 651 4362 tis
682 4308 965 4363 Dominum
1003 4321 1270 4370 nostrum,
1306 4310 1356 4363 in
1387 4310 1604 4365 Christo
1630 4310 1755 4366 Jesu
1782 4310 2010 4365 Domino
2042 4326 2140 4363 no-

577 4411 705 4463 Stro,
731 4416 825 4470 per
852 4416 1009 4470 quem
1042 4401 1186 4456 Patri
1221 4401 1385 4472 gloria
1408 4402 1461 4456 iu
1490 4406 1702 4458 saecula.
1736 4404 1928 4457 Amen.

2235 3317 2496 3385 νήσαντες
2517 3314 2580 3365 δι’
2607 3312 2765 3365 αὐτοῦ
2805 3313 2952 3381 ὑμῖν,
2989 3312 3189 3373 ταύτας
3210 3310 3308 3372 τὰς
3337 3311 3666 3381 προσρήσεις
3693 3308 3810 3360 δια-

2236 3404 2561 3474 πεμπόμεθα
2601 3404 2693 3455 καὶ
2717 3401 2814 3465 τὰς
2836 3400 3280 3471 εὐχαριστηρίους
3305 3398 3461 3468 ὑμῶν
3486 3396 3593 3468 (46)
3616 3397 3807 3466 εὐχὰς,

2235 3497 2301 3549 ἵν’
2325 3497 2498 3566 εἰδῆτε
2535 3494 2611 3565 τῷ
2642 3494 2917 3563 συνδέσμῳ
2948 3494 3043 3561 τῆς
3076 3490 3293 3560 ἀγάπης
3330 3490 3431 3560 τῆς
3481 3488 3618 3559 πρὸς
3644 3488 3809 3540 αὐτὸν

2237 3591 2330 3643 καὶ
2356 3590 2502 3659 ἡμᾶς
2530 3586 2765 3658 ἡνῶσθαι
2805 3584 2933 3654 (47).
2980 3583 3247 3651 Ὀφείλετε
3294 3580 3349 3632 δὲ
3396 3581 3492 3634 καὶ
3533 3580 3677 3651 ὑπὲρ
3708 3579 3807 3648 τῆς

2237 3678 2513 3740 εὐσεϐείας
2561 3676 2666 3729 τῶν
2714 3669 3454 3742 θεοφιλεστάτων’βασιλέων
3516 3668 3805 3739 εὔχεσθαι.

2236 3767 2449 3832 ῦῖτινες,
2496 3770 2589 3821 καὶ
2620 3767 2771 3819 αὐτοὶ
2803 3766 3017 3833 γνόντες
3051 3764 3141 3814 τὸν
3189 3761 3351 3813 πόθον
3382 3760 3540 3830 ὑμῶν
3565 3762 3657 3813 τὸν
3684 3763 3809 3831 περὶ

2238 3863 2398 3917 αὐτόν
2447 3862 2541 3912 καί
2584 3858 2679 3929 τὴν
2727 3855 2888 3911 αὐτοῦ
2942 3853 3307 3923 καθαρότητα,
3356 3853 3808 3922 ἀποκαταστῆσαι

2238 3952 2397 4008 αὐτὸν
2430 3952 2554 4021 ὑμῖν
2590 3949 2725 4020 μετὰ
2758 3949 2936 4017 πάσης
2964 3946 3125 4015 τιμῆς
3158 3943 3523 4013 κατηξίωταν.
3561 3944 3809 4007 Tutin;

2237 4042 2328 4097 οὖν
2361 4040 2738 4111 ὑποδεξάμενοι
2781 4038 2940 4090 αὐτὸν
2973 4035 3148 4107 χερσὶ,
3184 4035 3277 4087 καὶ
3316 4034 3416 4096 τὰς
3439 4034 3809 4105 ,ὀφειλομένας

2240 4136 2363 4205 περὶ
2410 4133 2595 4186 τούτου
2635 4131 2742 4199 (48)
2783 4126 3230 4201 εὐχαριστηρίους
3275 4127 3439 4197 εὐχὰς
3490 4126 3809 4198 ἀναπέμψαι

2238 4226 2315 4296 τῷ
2347 4223 2516 4277 ταῦτα
2561 4225 2689 4293 ὑμῖν
2731 4219 3079 4292 χαρισαμένῳ
3118 4216 3237 4288 Θεῷ
3276 4217 3641 4280 σπουδάσατε,
3673 4219 3809 4289 ὑπὲρ

2238 4317 2331 4369 τοῦ
2368 4314 2652 4377 διαπαντὸς
2692 4313 2837 4384 ὑμᾶς
2876 4310 3085 4382 χαίρειν
3130 4309 3228 4361 σὺν
3274 4308 3393 4377 Θεῴ
3438 4310 3535 4362 καὶ
3569 4310 3808 4375 δοξάζειν

2238 4403 2394 4474 ἡμῶν
2424 4402 2516 4455 τὸν
2542 4400 2742 4473 Κύριον
2770 4402 2827 4453 ὲν
2852 4397 3067 4470 Χριστῷ
3106 4396 3278 4469 Ἰησοῦ
3308 4398 3385 4468 τῷ
3411 4400 3607 4471 Κυρίῳ
3635 4400 3807 4471 ἡμῶν.

2244 4495 2306 4547 δι’
2336 4489 2395 4547 οὗ
2426 4493 2503 4563 τῷ
2538 4493 2711 4562 Πατρὶ
2738 4493 2771 4562 ή
2803 4490 2930 4554 δόξα
2956 4491 3035 4552 είς
3062 4488 3189 4552 τοὺς
3211 4488 3431 4553 αἰῶνας.
3476 4492 3653 4564 ’Δμήν
3679 4492 3802 4562 (49).

651 4580 810 4651 139
823 4581 1019 4636 Eorum
1045 4591 1225 4637 autem
1239 4581 1328 4651 qui
1354 4581 1723 4652 subscripsere
1748 4583 1986 4648 nomina,
2003 4592 2131 4638 tam-

2318 4584 2426 4656 (50)
2472 4585 2589 4637 Τῶν
2632 4583 2687 4635 δὲ
2732 4581 3161 4653 ὐπογραψάντων
3200 4582 3269 4634 τὰ
3317 4581 3595 4652 ὀνόματα,
3632 4588 3677 4638 εί
3719 4584 3807 4638 καὶ

656 4836 765 4908 (12)
797 4834 997 4909 Auctor
1028 4846 1108 4889 est
1137 4834 1389 4909 socratcs
1420 4837 1711 4891 Maximum
1756 4836 2139 4909 Hierosolymi-

587 4907 768 4958 tauum
808 4907 1066 4969 quosdam
1118 4908 1394 4973 episcopos
1447 4910 1729 4962 accivisse.
1765 4907 2135 4973 quorum'suf-

588 4973 756 5042 fragio
786 4976 1110 5028 Athanasius
1142 4977 1205 5027 ad
1230 4980 1660 5029 communionem
1690 4988 1741 5029 et
1767 4978 1831 5029 ad
1856 4977 2136 5043 pristinam

588 5045 900 5112 dignitatem
970 5047 1365 5098 restitueretur.
1428 5045 1546 5111 Ipse
1615 5062 1738 5100 vero
1805 5047 2139 5100 Athanasius

589 5112 757 5186 Epist.
787 5116 855 5167 ad
888 5114 1029 5167 εοίίι.
1067 5118 1142 5167 ait
1192 5131 1249 5170 sc
1283 5132 1310 5169 a
1350 5116 1644 5169 Palazstiuis
1660 5126 1710 5168 et
1736 5115 1907 5186 Syriis
1932 5116 2140 5181 episco-

588 5184 670 5254 pis
727 5195 994 5252 receptum
1046 5201 1186 5246 esse,
1240 5187 1449 5239 duobus
1514 5186 1595 5238 vel
1652 5184 1820 5239 tribus
1873 5186 2133 5254 exceptis.

589 5252 940 5307 Subiudicare
975 5256 1184 5307 videtur
1225 5258 1478 5310 Acacium
1508 5255 1916 5319 Caesariensem,
1950 5252 2139 5308 etpa-

588 5324 875 5404 trophilum
904 5322 1407 5396 Scythopolitanum
1432 5327 1712 5395 episcopos
1746 5326 1961 5379 Arianis
1989 5323 2142 5378 addi-

584 5396 872 5448 ctissintos.

679 5464 768 5533 45)
798 5466 1013 5518 Sozam.
1044 5464 1185 5534 apud
1211 5478 1371 5533 quem
1401 5464 1513 5518 haec
1539 5464 1765 5533 epistola
1802 5464 1996 5533 legitur
2052 5464 2145 5515 καὶ

2241 4837 2402 4890 αὐτὸν
2426 4838 2731 4900 κοινωνίας.

2338 4906 2419 4978 £95)
2446 4907 2659 4959 Sozom.
2695 4904 2831 4978 ὑπὲρ
2866 4908 3049 4978 αὐτοῦ.

2336 4976 2425 5037 49)
2456 4978 2580 5029 Soz.
2599 4980 2677 5040 είς
2698 4974 2822 5040 τοὺς
2850 4977 3049 5041 αἰῶνας
3074 4976 3180 5029 τῶν
3208 4974 3437 5030 αἰώνων.
3475 4976 3668 5045 Ἀμήν.

2317 5043 2585 5117 (ὕθλΗαξο
2608 5047 2823 5099 nomina
2858 5049 3122 5100 habentur
3154 5047 3403 5117 supra‘in
3444 5043 3803 5117 subiecit-imi"-

2242 5114 2851 5177 nibus'Sardiceusibus.
2875 5118 2967 5169 sed
2992 5118 3081 5184 qui
3111 5118 3195 5170 hic
3220 5114 3516 5184 Θεόδωρος,
3550 5114 3655 5167 illic
3683 5114 3806 5184 Θεοο

2243 5186 2418 5248 δόσιος
2477 5184 2652 5237 forsan
2710 5183 3060 5252 nuncupatur.
3114 5183 3421 5252 Desuntque
3463 5184 3661 5238 ibidem
3700 5183 3808 5237 la-

2246 5257 2429 5309 crinus
2469 5264 2523 5307 et
2545 5254 2820 5309 Claudius.
2862 5251 2934 5307 De
2957 5253 3111 5309 Aetio
3151 5251 3344 5307 autem?
3379 5251 3666 5323 Lyddensi,
3717 5253 3806 5317 qui

2251 5326 2517 5379 secundus
2576 5324 2662 5377 hic
2718 5323 2931 5390 legitur,
2994 5325 3067 5378 ait
3126 5324 3538 5391 Philostorgius,
3595 5323 3805 5375 Aetium

2252 5396 2555 5463 episcopum
2594 5394 2907 5457 Palaestinae,
2933 5393 3024 5462 qui
3054 5392 3425 5449 fornicatiOnis
3449 5408 3574 5447 reus
3601 5394 3807 5463 delatus

2256 5459 2455 5525 fuerat,
2484 5479 2605 5519 cum
2630 5478 2724 5531 per
2744 5459 3175 5518 communionem
3198 5477 3319 5531 cum
3353 5462 3652 5515 Athanasio
3676 5459 3805 5512 illud

584 5533 756 5605 Διϐὐῃ
786 5535 967 5605 habet.

659 5590 771 5673 (uti
812 5604 1027 5657 Suzom.
1046 5603 1158 5656 ἀλλ’
1181 5602 1416 5673 ἀληθῶς.

682 5673 771 5741 45)
799 5674 1015 5726 Sozom.
1048 5673 1107 5725 ὃν
1137 5674 1408 5730 ὲποθεῐσε.

680 5742 769 5812 46,)
798 5741 859 5795 ιο
887 5741 1062 5812 ἡμῶν·

685 5810 772 5881 Π)
790 5812 880 5864 Sic
898 5810 1026 5879 Heg.
1058 5820 1111 5866 et
1134 5810 1259 5867 δοῖ.
1276 5812 1346 5867 At
1371 5811 1456 5867 ed.
1480 5812 1556 5883 τῷ
1587 5813 1866 5882 συνδέσμῳ
1891 5815 1989 5883 τῆς
2008 5810 2142 5881 πρὸς

2255 5534 2506 5603 probrum
2553 5529 2826 5587 occultare
2875 5534 3053 5597 vellet,
3096 5532 3161 5603 ad
3208 5529 3326 5603 ejus
3367 5532 3688 5603 sententiam
3743 5542 3809 5580 se

2257 5595 2611 5667 iranstulisse,
2642 5604 2886 5656 eumdem
2940 5595 3114 5656 tamen
3151 5595 3296 5657 brevi
3346 5613 3543 5667 pinnas
3574 5595 3803 5658 dedisse,
3842 5616 3852 5667 ῃ

2258 5670 2536 5725 tabefactis
2555 5664 2617 5725 ac
2640 5688 2848 5726 vermes
2870 5671 3236 5725 emittentibus
3264 5664 3591 5737 genitalibus
3620 5686 3633 5721 :
3663 5667 3808 5721 etita
3845 5664 3861 5708 '-

2251 5741 2469 5796 obiisse.
2502 5741 2630 5807 Quae
2650 5758 2768 5794 cum
2795 5756 2823 5791 a
2858 5740 3212 5808 Philostorgio
3241 5738 3417 5792 solum
3462 5743 3805 5801 coartentur,

2252 5809 2356 5864 sint
2379 5824 2545 5879 penes
2575 5812 2728 5866 tidem
2760 5810 3013 5865 auctoris.
