3978 6540
172 488 247 546 553
1184 476 1522 533 APOLOGIA
1556 475 1836 533 CONTRA
1872 478 2191 549 ARIANOS,

3211 476 3316 529 554

174 604 328 674 φθάσας
365 596 615 668 ἐδήλωσα,
647 592 780 649 ἀλλὰ
819 596 909 647 καὶ
962 594 1054 647 νῦν
1106 594 1318 666 ἔγραψα
1341 613 1353 624 ⁸
1407 594 1513 646 εἰσ).
1552 592 1650 663 γὰρ

1768 594 1870 647 etsi
1927 608 2086 663 supra
2158 592 2349 657 retuli,
2384 592 2471 646 hic
2515 606 2727 661 quoque
2784 592 3062 646 scribenda
3134 590 3312 644 duxi:

170 693 389 761 Μάξιμος,
432 688 664 750 Ἀέτιος,
707 689 953 757 Ἀρειος,
1001 685 1304 756 Θεόδωρος,
1343 684 1652 756 Γερμανὸς,

171 780 403 842 Σιλουανὸς,
437 777 665 840 Παῦλος,
686 778 997 847 Πατρίκιος,
1035 776 1317 839 Ἐλπίδιος,
1346 774 1653 846 Γερμανὸς,

168 871 389 941 Εὐσέϐιος,
432 870 684 941 Ζηνόϐιος
708 910 723 933 ,
770 870 978 933 Παῦλος
998 911 1011 936 ,
1056 870 1333 941 Μακρῖνος
1353 911 1369 935 ,
1413 869 1615 940 Πέτρος
1636 908 1651 934 ,

170 940 387 1023 Κλαύδιος.

311 1052 469 1105 Ταῦτα
502 1052 791 1122 βλέποντες
819 1054 1118 1124 Οὑρσάκιος
1152 1054 1245 1105 καὶ
1279 1053 1512 1122 Οὐάλης,
1550 1069 1652 1106 κα-

163 1147 374 1214 τέγνωσαν
413 1144 593 1197 λοιπὸν
644 1145 881 1209 ἑαυτῶν,
941 1145 1034 1196 καὶ
1084 1143 1396 1207 ἀνελθόντες
1433 1146 1511 1207 εἰς
1558 1144 1656 1214 τὴν

169 1237 357 1308 Ῥώμην,
388 1237 861 1308 ἐξωμολογήσαντο
890 1236 982 1289 καὶ
1028 1236 1180 1287 αὐτοὶ
1222 1235 1653 1305 μεταγινώσκον-

86 1360 89 1367 ·
159 1350 233 1393 τες,
270 1329 573 1400 συγγνώμην
627 1346 685 1381 τε
732 1330 1001 1399 ᾐτήσαντο
1027 1372 1041 1393 ,
1086 1330 1176 1382 καὶ
1224 1328 1469 1398 ἔγραψαν
1518 1328 1652 1397 πρὸς

167 1423 327 1475 Ἰούλιον
354 1422 437 1473 τὸν
460 1422 755 1474 ἐπίσκοπον
782 1422 880 1490 τῆς
908 1421 1282 1492 πρεσϐυτέρας
1320 1420 1535 1491 Ῥώμης
1562 1421 1653 1472 καὶ

156 1512 251 1583 πρὸς
284 1513 411 1581 ἡμᾶς
440 1510 633 1564 ταῦτα.
679 1511 757 1563 Τά
795 1512 973 1581 μέντοι
1021 1511 1326 1581 ἀντίγραφα
1375 1510 1651 1582 ἀπεστάλη

154 1618 215 1671 μοι
240 1600 363 1672 παρά
386 1600 647 1652 Παυλίνου
678 1600 768 1653 τοῦ
802 1602 1097 1653 ἐπισκόπου
1137 1600 1437 1671 Τριϐέρων.

570 1692 699 1761 ((51)
738 1695 1118 1745 EPMIINEIA

150 1783 233 1835 ἀπὸ
257 1783 345 1836 τοῦ
383 1783 703 1850 Ῥωμαϊκοῦ
730 1781 838 1849 τῆς
867 1782 1014 1850 πρὸς
1056 1784 1300 1836 Ἰούλιον
1322 1783 1653 1852 ἐπιστολῆς

180 1854 278 1919 περὶ
298 1852 394 1921 τῆς
408 1854 729 1921 μετανοίας
754 1853 1089 1919 Οἰιρσακὶου
1116 1854 1211 1905 καὶ
1244 1854 1597 1920 Οὐάλεντος.

1762 691 1885 735 sunt
1911 684 2053 736 enim
2108 682 2371 737 Maximus
2394 724 2407 747 ,
2452 683 2637 737 Aelius
2662 723 2677 747 ,
2731 683 2892 735 Arius
2916 722 2931 745 ,
2961 681 3272 736 Theodorus
3297 724 3314 748 ,

1755 773 2076 838 Germanus,
2116 773 2401 840 Silvanus,
2448 775 2667 838 Paulus,
2720 774 3012 838 Patricius,
3049 774 3313 843 Elpidius,

1754 863 2081 930 Germanus,
2108 866 2393 932 Eusebius,
2433 866 2727 930 Zenobius,
2767 865 2992 931 Paulus,
3016 865 3313 933 Macrinus,

1754 957 1969 1017 Petrus,
1995 956 2273 1011 Claudius.

1822 1049 1911 1103 58.
1947 1048 2070 1101 Haec
2093 1064 2213 1101 cum
2242 1050 2484 1103 viderent
2511 1049 2767 1105 Ursacius
2794 1060 2850 1105 ct
2886 1051 3099 1113 Valens,
3126 1065 3220 1104 sua
3256 1063 3317 1103 se

1753 1139 2045 1193 damnante
2076 1141 2436 1206 conscientia,
2474 1142 2697 1195 Romam
2745 1153 2869 1197 sunt
2901 1142 3152 1211 profecti,
3194 1157 3319 1209 pec-

1754 1224 2045 1299 calttntquo
2087 1247 2240 1285 suum
2273 1233 2584 1300 poenitentia
2617 1235 2759 1288 ducti
2790 1235 3027 1289 confessi
3077 1243 3221 1295 sunt,
3254 1248 3317 1286 ac

1754 1325 1966 1376 veniam
1990 1323 2347 1391 postularunt,
2364 1322 2611 1391 Juliuque
2628 1325 2809 1379 Romae
2826 1327 3024 1381 veteris
3038 1327 3314 1394 episc0po,
3370 1366 3371 1369 η

1755 1414 1994 1482 itemque
2021 1414 2177 1467 nobis
2215 1417 2325 1466 haec
2366 1420 2733 1484 scripserunt:
2767 1432 2993 1485 quormn
3041 1418 3317 1484 exetnpla-

1756 1507 1835 1559 ria
1868 1505 2001 1559 mihi
2033 1516 2159 1559 sunt
2184 1522 2212 1557 a
2244 1506 2468 1561 Paulino
2494 1507 2839 1564 Trevirorum
2860 1510 3110 1579 episcopo
3141 1520 3317 1562 trans-

1754 1598 1941 1653 missa.

2222 1686 2835 1743 INTERPRETATIO

1838 1795 1903 1832 ex
1936 1778 2289 1833 Latinotexlu
2323 1781 2562 1846 epistola:
2593 1782 2661 1833 ad
2690 1781 2893 1833 Julium
2933 1798 3123 1849 papam
3159 1781 3225 1833 de

2080 1853 2376 1917 poenitentia
2407 1849 2613 1902 Ursacii
2651 1864 2697 1903 et
2749 1850 3000 1905 Valentis.

194 1944 347 2015 Κιρρίῳ
373 1943 775 2013 μακαριωτάτῳ
805 1942 960 2012 πάπᾳ
991 1942 1191 2013 Ἰουλίῳ
1218 1944 1519 2014 Οὐρσάκιος
1557 1944 1650 1996 καὶ

1827 1941 2050 1995 Domino
2112 1942 2426 1995 beatissimo
2468 1957 2617 2011 papa:
2665 1941 2806 1997 Julio
2855 1943 3051 1997 Valens
3111 1953 3167 1998 et.
3218 1943 3321 1999 Ur-

144 2036 320 2105 Οὐάλης.

203 2129 378 2199 Ἐπειδὴ
404 2128 734 2198 συνέστηκεν
760 2130 906 2198 ἡμᾶς
926 2129 1031 2199 πρὸ
1053 2128 1242 2182 τούτου
1276 2128 1445 2182 πολλά
1472 2146 1530 2181 τε
1559 2130 1651 2182 καὶ

140 2218 245 2271 δεινὰ
268 2221 379 2290 περὶ
405 2219 728 2273 ’Δθανασίου
751 2218 843 2271 τοῦ
871 2220 1166 2271 ἐπισκόπου
1195 2215 1285 2272 sta
1311 2219 1653 2289 γραμμάτων

144 2310 503 2381 ὑποόεὸληκέναι
526 2353 541 2377 ,
578 2310 869 2381 γράμμασί
920 2327 980 2362 τε
1010 2311 1108 2380 τῆς
1152 2310 1250 2379 σῆς
1290 2310 1653 2381 χρηστότητος

142 2400 513 2467 μεθοδευθέντες,
546 2402 643 2454 τοῦ
673 2402 991 2472 πράγματος
1012 2401 1167 2471 χάριν
1206 2401 1334 2471 περὶ
1366 2394 1426 2453 οὗ
1458 2400 1655 2471 ἐδηλώ-

141 2506 283 2559 ταμεν,
317 2495 410 2545 οὐκ
441 2493 792 2565 ἠδυνήθημεν
835 2493 987 2564 λόγον
1014 2493 1303 2546 ἀποδοῦναι
1322 2511 1335 2524 ·
1364 2493 1653 2564 ὁμολογοῦ-

136 2601 206 2650 μεν
232 2586 359 2657 παρὰ
385 2590 449 2658 τῇ
479 2590 546 2659 σῇ
582 2587 933 2658 χρηστότητι,
964 2588 1244 2658 παρόντων
1272 2586 1379 2640 τῶν
1411 2586 1653 2655 ἀδελφῶν

137 2673 247 2741 ἡμῶν
270 2678 471 2729 πάντων
506 2678 622 2730 τῶν
667 2676 1072 2747 πρεσϐυτέρων,
1106 2678 1187 2729 ὅτι
1220 2677 1397 2729 πάντα
1442 2676 1511 2729 τά
1548 2677 1654 2749 πρὸ

134 2764 272 2818 τούτου
307 2768 527 2822 ἐλθόντα
578 2769 660 2831 εἰς
696 2769 864 2832 ἀκοὰς
903 2768 1054 2839 ὑμῶν
1085 2768 1193 2838 (52)
1230 2770 1357 2840 περὶ
1406 2768 1497 2821 τοῦ
1533 2768 1653 2821 ὀνό-

134 2870 254 2923 ματος
280 2858 364 2911 τοῦ
392 2860 801 2932 προειρημένου
842 2860 1156 2913 Ἀθανασῐου
1183 2860 1348 2931 ψευδῆ
1391 2862 1486 2913 καὶ
1522 2861 1651 2913 πλα-

132 2948 200 2999 ατὰ
222 2950 336 3014 ἐστι,
362 2952 513 3023 πάσῃ
544 2968 610 3003 τε
642 2951 865 3020 δυνάμει
886 2952 1137 3023 ἀλλότρια
1164 2950 1326 3007 αὑτοῦ
1359 2951 1648 3022 τυγχάνει·

126 3030 187 3085 διά
209 3052 255 3087 τε
280 3039 427 3092 τοῦτο
455 3040 637 3110 ἡδέως
668 3039 1087 3111 ἀντιποιούμεθα
1112 3044 1211 3112 τῆς
1255 3041 1539 3103 κοινωνίας
1560 3041 1651 3094 τοῦ

128 3131 469 3201 προειρημένου
519 3131 864 3197 Ἀθανασεου,
915 3133 1148 3203 μάλιστα
1186 3134 1265 3186 ὅτι
1296 3135 1331 3204 ἡ
1380 3132 1653 3187 θεοσέϐειά

126 3232 205 3281 σου,
235 3223 360 3274 κατὰ
399 3224 503 3294 τὴν
558 3223 801 3293 ἔμφυτον
851 3226 1049 3295 ἑαυτῆς
1078 3225 1189 3294 (55)
1224 3224 1647 3293 καλοκάγαθίαν,

124 3310 165 3376 τῇ
192 3310 340 3384 πλάνῃ
372 3315 535 3385 ἡμῶν
568 3314 875 3386 κατηξίωσε
914 3315 1238 3388 συγγνώμην
1260 3314 1462 3369 δοῦναι.
1499 3316 1653 3386 Ὁμο-

119 3399 327 3473 λαγοῦμεν
353 3408 409 3460 δὲ
456 3408 560 3461 καὶ
606 3406 785 3467 τοῦτο,
825 3409 905 3461 ὅτι
940 3407 1005 3462 ἄν
1045 3426 1173 3461 ποτε
1221 3409 1368 3478 ἡμᾶς
1399 3408 1448 3459 οἱ
1498 3407 1653 3458 Ἀνα-

120 3492 272 3547 τολικοὶ
321 3497 673 3571 θελήσωσιν,
719 3499 751 3569 ἢ
798 3500 891 3553 καὶ
952 3501 1114 3563 αὐτὸς
1168 3501 1485 3564 Ἀθανάσιος
1539 3500 1653 3571 (54)

115 3590 416 3659 κακοτρόπως
485 3592 628 3661 περ).
680 3590 869 3643 τούτου
916 3592 995 3654 εἰς
1040 3593 1220 3664 κρίσιν
1263 3591 1523 3655 καλέσαι,
1578 3591 1653 3663 μὴ

117 3672 400 3745 ἀπέρχεσθαι
436 3680 602 3751 παρά
646 3678 870 3750 γνώμην
914 3680 1011 3750 τῆς
1054 3680 1153 3749 σῆς
1197 3679 1487 3742 διαθέσεως
1513 3694 1527 3708 ·
1564 3679 1655 3733 τὸν

111 3762 148 3813 δὲ
175 3769 425 3837 αἱρετικὸν
460 3773 694 3842 Ἀρειον
746 3771 839 3823 καὶ
880 3772 1006 3834 τοὺς
1049 3770 1519 3841 ὑπερασπίζοντας
1560 3769 1655 3822 αὗ-

111 3856 177 3906 τοῑ
201 3860 297 3931 (55)
322 3866 448 3927 τοὺς
484 3864 775 3931 λέγοντας,
806 3880 824 3913 ‹
848 3858 955 3915 Ἦν
988 3880 1117 3915 ποτε
1147 3864 1234 3915 ὅτε
1251 3864 1349 3916 οὐκ
1376 3858 1443 3934 ἦν
1462 3864 1652 3928 ὁΥἰὸς,

109 3949 174 4001 καὶ
198 3953 269 4005 ὁτι
298 3956 359 4007 ἐκ
390 3956 490 4009 τοῦ
526 3956 609 4027 μὴ
627 3955 777 4017 ὄντος
800 3955 966 4017 ὁΥἱός
986 3956 1119 4018 ἐστιν
1144 3975 1161 4006 ³
1197 3956 1290 4008 καὶ
1309 3958 1434 4018 τοὺς
1456 3957 1650 4027 ἀρν⁰υ“

110 4039 259 4106 μένους
277 4048 366 4100 τὸν
396 4049 648 4120 Χριστὸν
674 4047 805 4100 Θεὸν
828 4042 962 4100 εἶναι
978 4047 1111 4099 Θεοῦ
1134 4048 1261 4100 Υἰὸν
1294 4049 1399 4121 πρὸ
1417 4048 1649 4114 αἰώνων,

104 4130 243 4197 καθὼς
272 4139 363 4189 καὶ
414 4141 476 4191 ἐν
534 4138 619 4209 τῷ
651 4137 899 4209 προτέρῳ
936 4138 1159 4209 λιϐέλλῳ
1194 4138 1304 4208 (56)
1350 4138 1555 4191 ἑαυτῶν
1592 4141 1649 4192 ὲν

101 4224 149 4291 τῇ
180 4227 478 4301 Μεδιολάνῳ
524 4228 937 4300 ὲπιδεδώκαμεν
958 4269 971 4292 ,
1013 4231 1107 4285 καὶ
1136 4230 1229 4282 νῦν
1258 4231 1352 4283 καὶ
1385 4230 1472 4282 ἀεὶ
1516 4232 1647 4283 ἀνα-

101 4309 445 4392 θεματίζομεν.
493 4322 690 4375 Ταῦτα
718 4322 774 4373 δὲ
805 4326 871 4393 τῇ
904 4324 1047 4392 χειρὶ
1077 4322 1284 4375 ἑαυτῶν
1311 4321 1643 4392 γράψαντες,

97 4402 422 4479 ὁμλογοῦμεν
462 4412 661 4473 πάλιν,
687 4411 769 4462 ὅτι
801 4412 897 4481 τὴν
932 4411 1212 4482 Ἀρειανὴν
1248 4412 1476 4481 αἵρεσιν,
1506 4410 1649 4464 καθά

1752 2034 1950 2089 secius.

1826 2143 1942 2215 (58)
1994 2145 2256 2212 Quoniam
2282 2155 2493 2199 constat
2539 2161 2638 2199 nos
2669 2147 2898 2200 antehac
2932 2148 3096 2200 multa
3128 2150 3313 2216 gravia

1755 2239 1818 2293 de
1849 2239 2065 2290 nomine
2101 2237 2386 2291 Athanasii
2435 2237 2675 2305 episcopi
2728 2237 2923 2291 litteris
2956 2239 3155 2293 nostris
3184 2241 3318 2293 iusi-

1753 2343 1975 2393 nuasse,
2032 2337 2195 2397 atque
2245 2329 2436 2382 litteris
2487 2327 2802 2383 Sanctitatis
2856 2328 2985 2383 Tua:
3038 2334 3314 2395 conventi,

1753 2419 1870 2487 ejus
1898 2420 1974 2473 rei
2002 2419 2071 2473 de
2094 2435 2199 2488 qua
2248 2419 2694 2488 signiﬁcavimus,
2750 2434 2854 2471 non
2884 2421 3197 2485 przestitisse
3226 2437 3317 2474 ra-

1754 2512 1953 2565 tionem
1987 2512 2338 2580 :prolitemur
2359 2510 2497 2577 apud
2516 2509 2866 2565 Sanctitatem
2888 2510 3077 2577 Tuam,
3106 2515 3319 2567 cunctis

1755 2601 2110 2669 praesentibus
2162 2601 2496 2672 presbyteris
2550 2600 2813 2655 fratribus
2857 2603 3099 2666 nostris,
3137 2605 3317 2657 omnia

1754 2707 1874 2761 quat
1897 2692 2125 2746 antehac
2152 2693 2217 2745 ad
2247 2708 2408 2746 aures
2464 2702 2679 2746 nostras
2724 2703 3092 2761 pervenerunt
3123 2695 3188 2749 de
3217 2710 3319 2747 no-

1756 2784 1900 2837 mine
1931 2783 2189 2851 praedicti,
2246 2783 2380 2836 falsa
2430 2783 2585 2836 nobis
2637 2797 2759 2836 esse
2807 2784 3098 2851 insinuata,
3153 2796 3317 2853 atque

1755 2876 2008 2929 omnibus
2059 2874 2263 2928 viribus
2292 2887 2517 2927 carere:
2558 2883 2721 2942 atque
2775 2875 2894 2926 ideo
2924 2889 3021 2928 nos
3076 2874 3322 2929 libentis—

1756 2966 1891 3017 sime
1920 2965 2168 3031 amplecti
2210 2964 2643 3017 communionem
2690 2966 2929 3032 prtedicti
2983 2965 3316 3030 Athanasii,

1755 3057 1989 3110 maxime
2018 3071 2139 3109 cum
2178 3056 2451 3109 Sanctitas
2479 3056 2591 3109 Tua
2619 3096 2635 3120 ,
2677 3072 2773 3125 pro
2794 3058 2965 3122 insita
3024 3058 3127 3112 sibi
3158 3060 3321 3113 bene-

1756 3148 2013 3213 volentia,
2048 3150 2223 3203 errori
2257 3160 2442 3203 nostro
2469 3150 2679 3203 veniam
2712 3150 2871 3205 fuerit
2920 3151 3049 3205 dare
3074 3152 3317 3221 dignata.

1678 3279 1721 3337 C
1759 3240 2079 3294 Proﬁtemur
2102 3241 2292 3303 etiam,
2323 3242 2464 3309 quod
2488 3241 2531 3295 si
2565 3241 2859 3310 aliquando
2894 3257 2992 3296 nos
3014 3240 3317 3296 Orientales

1756 3329 2045 3391 voluerint,
2084 3330 2169 3383 vel
2191 3330 2329 3383 idem
2361 3330 2691 3384 Athanasius
2719 3332 2862 3385 malo
2884 3332 3063 3387 animo
3086 3333 3154 3387 ad
3185 3347 3318 3387 cau-

1757 3435 1869 3475 sam
1910 3436 2127 3484 vocare,
2161 3422 2297 3475 citra
2341 3423 2729 3476 conscientiam
2774 3434 2921 3477 tuam
2957 3440 3065 3479 non
3099 3425 3318 3479 adfutu-

1756 3525 1884 3574 ros;
1921 3510 2232 3565 haereticum
2266 3525 2395 3565 vero
2443 3512 2632 3565 Arium
2672 3515 2766 3567 sed
2805 3524 2861 3568 et
2885 3515 3147 3569 satellites
3177 3516 3318 3585 ejus,

1757 3602 1846 3668 qui
1868 3601 2086 3655 dicunt:
2111 3620 2130 3653 ι
2156 3603 2284 3657 Erat
2307 3611 2517 3673 tempus
2545 3604 2762 3673 quando
2796 3621 2899 3660 non
2917 3617 3037 3662 erat
3056 3607 3243 3673 Filius,
3266 3619 3322 3663 et

1757 3690 1847 3759 qui
1882 3690 2067 3744 dicunt
2102 3704 2169 3743 ex
2199 3692 2372 3745 nihilo
2400 3692 2621 3757 Filium,
2647 3712 2666 3745 ι
2701 3704 2754 3748 et
2779 3697 2868 3764 qui
2898 3708 3095 3766 negant
3124 3698 3213 3753 Dei
3231 3699 3323 3753 Fi-

1759 3780 1889 3833 lium
1909 3790 2033 3835 ante
2060 3784 2256 3835 szecula
2284 3780 2451 3837 fuisse
2505 3782 2646 3853 (59),
2674 3786 2815 3839 sicut
2865 3802 2960 3856 per
2988 3789 3219 3856 priorem
3258 3790 3323 3844 li-

1759 3864 1956 3920 bellum
1992 3877 2233 3921 nostrum
2279 3884 2439 3939 quem
2489 3872 2627 3941 apud
2672 3872 3028 3930 Mediolanum
3072 3881 3319 3946 porrexi-

1759 3970 1899 4022 mus,
1927 3967 1981 4011 et
2044 3972 2187 4011 nunc
2236 3969 2292 4013 et
2351 3974 2566 4023 semper
2618 3964 3127 4021 anathematizasse.
3195 3968 3320 4022 Haec

1760 4062 1921 4100 manu
1956 4058 2136 4102 nostra
2160 4065 2281 4118 qua:
2302 4054 2640 4123 scripsimus;
2661 4055 2996 4124 profitemur,
3032 4070 3087 4112 et
3128 4060 3318 4115 iterum

1757 4140 1985 4195 dicimus
2035 4142 2279 4196 haeresim
2301 4145 2578 4212 Ariauam,
2610 4160 2667 4200 ut
2690 4150 2936 4218 superius
2981 4153 3233 4218 diximus,
3267 4165 3324 4222 et

1753 4232 1871 4299 ejus
1891 4244 2142 4287 auctores
2165 4236 2216 4288 in
2243 4246 2557 4305 perpetuum
2597 4239 2902 4297 damnasse.
2931 4243 2996 4296 Et
3030 4259 3191 4299 manu
3217 4245 3320 4300 Ur-

1755 4325 1886 4377 sacii
1918 4343 1929 4377 :
1965 4326 2074 4393 Ego
2108 4325 2365 4381 Ursacius
2393 4328 2676 4397 episcopus
2717 4332 2843 4386 huic
2870 4336 3192 4401 professioni
3223 4353 3319 4390 no-

1759 4422 1886 4466 stra:
1925 4415 2248 4483 subscripsi.
2285 4418 2571 4489 (Similiter
2610 4429 2663 4471 et
2686 4418 2931 4491 Valens.)

100 4499 409 4572 προείπομεν,
439 4507 544 4560 καὶ
567 4503 697 4565 τοὺς
721 4503 920 4573 ταύτης
951 4504 1209 4567 αὐθέντας
1278 4503 1676 4575 κατεκρίναμεν
1714 4505 1794 4568 εἰς
1867 4506 1957 4558 τὸν
2007 4508 2197 4561 αἰῶνα.
2255 4508 2394 4576 Ἐγὼ
2449 4512 2751 4581 Οὑρσάκιος
2793 4516 2855 4584 τῇ
2905 4516 3161 4587 ὁμολογίᾳ
3215 4536 3318 4588 μου

95 4590 227 4664 ταύτῃ
245 4598 437 4669 παρὼν
469 4597 804 4669 ὑπέγραψαε
837 4598 1032 4669 ὁμοίως
1058 4601 1148 4652 καὶ
1173 4600 1385 4671 Οὐάλης
1404 4599 1537 4669 (57).

142 4796 237 4868 (5|)
260 4799 399 4854 Cum
429 4802 562 4855 dum
596 4799 840 4867 epistolae
871 4810 1157 4867 sequentes
1190 4800 1376 4854 Latine
1406 4801 1644 4868 primum

90 4862 365 4924 edttze'sint
418 4882 483 4924 ut
542 4862 815 4924 habentur
862 4862 1001 4939 apud
1062 4870 1346 4934 Hilarium,
1382 4862 1474 4923 eas
1528 4872 1649 4924 inde

84 4940 421 4994 transcribere
454 4941 645 4994 visum
675 4950 775 4992 est.

136 5006 235 5071 (52)
268 5008 344 5062 [ta
382 5025 595 5063 omnes
616 5024 747 5062 mss.
780 5018 832 5062 et
859 5008 1011 5062 editi.

136 5009 215 5071 (52
268 5009 344 5062 lta
382 5025 595 5063 onines
616 5024 747 5062 mss.
780 5018 832 5062 et
859 5009 1011 5062 editi.

135 5009 235 5149 (55;
252 5079 343 5135 Sic
372 5081 519 5150 Reg.
557 5079 709 5143 $02.,
744 5080 933 5149 αὐτῆς.
967 5079 1104 5134 Editi
1137 5094 1285 5142 vero,
1314 5079 1505 5133 αὐτοῦ.

134 5168 235 5241 (56)
253 5171 329 5225 Ita
354 5172 506 5241 Reg.
529 5172 734 5226 δοιοί
759 5169 991 5223 Hilarius
1012 5188 1026 5223 :
1065 5172 1117 5223 in
1141 5172 1301 5225 editis
1317 5182 1519 5233 autem,
1540 5171 1649 5224 Εὑ-

81 5238 250 5303 οέὁιος,
280 5244 379 5295 sed
424 5238 947 5305 Inettdose,'jamdiu
976 5242 1118 5294 enim
1150 5240 1257 5295 fato
1284 5243 1495 5295 functus
1525 5252 1645 5295 erat

78 5307 312 5381 Eusebius
341 5323 620 5381 uterque.
660 5309 785 5381 Haec
816 5318 991 5381 autem
1026 5325 1090 5363 eo
1124 5312 1277 5364 aiunt
1310 5310 1565 5365 Ursacius
1589 5323 1645 5366 et

78 5374 268 5449 Valens.
298 5384 437 5449 quia
477 5374 615 5435 c'um
654 5380 935 5433 Athanasii
986 5395 1113 5449 erga
1145 5397 1202 5433 se
1232 5382 1470 5434 animum
1513 5396 1645 5432 unu-

71 5446 173 5518 tlum
205 5446 576 5518 exploratum
626 5450 908 5518 haberent,
953 5446 1276 5503 verebantur
1311 5467 1398 5516 ne,
1436 5451 1514 5503 vel
1576 5455 1644 5503 ab

68 5515 368 5586 Athanasio,
404 5523 499 5575 vel
535 5520 609 5572 ab
640 5517 763 5573 aliis
788 5516 1151 5574 Orientalibus
1182 5522 1248 5574 de
1280 5515 1502 5575 struetis
1528 5537 1555 5573 a
1588 5537 1647 5574 se

66 5586 331 5645 calumniis
360 5593 420 5644 in
442 5589 721 5659 judicium
748 5599 1087 5642 vocarentur.

122 5678 225 5753 (55)
256 5683 455 5747 Socr.,
478 5678 962 5749 ὑπερασπίζοντας
991 5680 1157 5751 αὐτῷ.

124 5770 229 5839 (56)
258 5773 364 5827 Hic
398 5770 738 5843 libellus_a_b
768 5767 991 5843 Ursag'io
1014 5784 1070 5825 et
1097 5770 1320 5843 Valente
1356 5773 1407 5825 in
1439 5777 1646 5843 synodo

62 5834 442 5897 liciliolanensi
482 5842 622 5893 anui
639 5839 746 5893 349
767 5850 849 5890 est
870 5840 1100 5894 oblatus.
1121 5841 1273 5908 Quod
1304 5845 1368 5895 ad
1387 5834 1644 5911 synodum

326 5938 636 5995 PATBOL.
684 5934 803 5992 Gtt.
852 5932 1049 5992 XXV.

1753 4795 2201 4850 Mediolanensem
2256 4796 2385 4849 anni
2435 4798 2537 4851 δι’]
2585 4812 2843 4856 adversus
2892 4800 3180 4855 Pltotinum
3228 4819 3320 4858 co-

1755 4865 2167 4940 actamreferre
2200 4868 2559 4940 nequidquam
2584 4872 2787 4940 Aconati
2816 4881 2944 4925 sunt
2978 4873 3175 4925 eruditi
3201 4877 3323 4940 qni-

1754 4937 1874 4988 dam
1903 4937 2021 4987 viri.
2050 4936 2125 4990 Eo
2146 4939 2288 4989 enim
2320 4953 2461 4990 anno
2490 4938 2695 5005 potiore
2725 4942 2841 4995 loco
2874 4941 3104 5005 Ursacii,
3138 4936 3323 4997 Vaieu-

1754 5006 1887 5058 tiset
1917 5006 2237 5077 Arianorum
2265 5021 2352 5059 res
2380 5006 2547 5069 fuere,
2575 5024 2735 5077 quam
2764 5012 2903 5065 utad
2926 5013 3064 5065 hanc
3091 5016 3323 5068 necessi-

1754 5083 1920 5149 tatem
1949 5076 2058 5127 sint
2078 5077 2284 5149 adacti,
2304 5079 2502 5149 quippe
2525 5082 2615 5147 qui
2642 5093 2707 5133 eo
2739 5082 2855 5147 ipso
2886 5097 3028 5134 anno
3059 5085 3318 5149 synodum

1757 5144 2107 5218 Eltilippopoli
2159 5144 2503 5207 celebrarint.
2544 5144 2660 5214 'qna
2716 5144 2887 5203 soluta
2944 5144 3215 5218 ingentem
3270 5156 3320 5205 iu

1754 5214 2060 5288 Catholieus
2094 5219 2519 5283 persecutionem
2541 5219 2853 5288 (lotistantii
2885 5236 2988 5288 ope
3005 5214 3145 5274 'freti
3174 5225 3323 5274 exci-

1757 5286 1939 5337 tarint.
1975 5285 2103 5349 Qua:
2150 5302 2235 5339 res
2273 5288 2398 5353 quia
2440 5288 2492 5339 in
2540 5286 2727 5342 Hilarii
2783 5285 3021 5343 editione
3061 5306 3089 5341 a
3124 5292 3322 5342 nostris

1751 5356 2013 5477 adoritt‘ata
2051 5355 2167 5408 fuse
2199 5368 2528 5425 pertractata
2558 5359 2679 5421 fuit,
2728 5376 2833 5413 non
2869 5360 3090 5412 ulterius
3119 5359 3208 5411 hic
3235 5361 3321 5410 iu-

1790 5440 1886 5477 aaa
1931 5434 2057 5477 itur.

2232 5495 2328 5548 καὶ
2349 5496 2607 5564 Οὐάλης.
2628 5497 2749 5551 Haec
2767 5498 2907 5566 apud
2939 5494 3197 5549 Hilarium
3226 5496 3315 5546 de-

1754 5576 1796 5615 st
1840 5580 1969 5615 ei-an
2002 5580 2083 5615 ur.

1876 5582 1913 5613 l"
2071 5604 2083 5617 ο

1754 5575 2268 5702 δωῗῧέῗὶέὶυοῗιιειιιιε
2297 5634 2520 5689 Latinus
2556 5651 2618 5688 ex
2646 5635 2830 5688 Hilarii
2882 5633 3195 5701 fragmentis
3226 5632 3319 5686 de-

1755 5716 2204 5840 ειῗὶἓξῖιῗεκίςεθ
2252 5776 2463 5825 videtur
2500 5774 2865 5843 (Athanasius:
2917 5786 2962 5826 et
3010 5776 3097 5840 qui
3129 5781 3319 5843 negant

1752 5842 2013 5896 Christum
2048 5845 2206 5896 Deum
2230 5861 2337 5897 esse
2361 5844 2452 5895 Dei
2489 5842 2680 5895 Filium
2710 5856 2828 5897 ante
2858 5849 3071 5899 sarcula.

2934 5940 3009 6000 12
