3978 6504
624 425 732 489 555

808 546 1109 605 DOMLNO
1144 548 1237 604 ET
1271 549 1543 605 FRATRI
1579 551 2011 608 ATHANASIO

1082 618 1361 691 [Ursacius
1390 632 1438 676 et
1484 621 1695 677 Valens.

691 710 813 781 (60)
856 711 1013 767 Dedit
1063 726 1123 767 se
1175 713 1390 768 occasio
1438 713 1624 768 fratris
1658 723 1713 769 et
1764 718 2187 789 compresbyteri

615 802 791 856 nostri
818 801 1075 874 lioysetis
1105 803 1374 858 venientis
1390 804 1455 857 ad
1468 804 1640 860 Tuam
1671 805 2046 872 Dilectionem,
2068 808 2188 862 ‘i‘ra-

618 903 702 947 ter
734 893 1084 959 eharissime,
1119 909 1217 963 per
1248 910 1406 966 quem
1442 896 1539 951 tibi
1565 896 1794 953 salutem
1825 898 2188 971 largissimam

616 986 850 1041 dicimus
878 1001 945 1042 ex
968 987 1393 1057 Aquileiensium
1440 987 1688 1053 civitate,
1724 998 1779 1045 et
1818 1002 2074 1060 optamus
2126 1002 2184 1047 ut

623 1077 915 1133 incolumis
946 1078 1154 1134 litteras
1188 1088 1407 1135 nostras
1438 1095 1747 1137 recenseas.
1794 1081 2017 1139 Dederis
2039 1083 2185 1138 enim

623 1170 882 1227 ﬁduciam
920 1172 966 1226 si
996 1180 1053 1227 tu
1087 1188 1299 1243 quoque
1325 1174 1670 1230 rescribendo
1712 1175 1889 1230 vicem
1916 1176 2072 1230 nobis
2107 1190 2193 1229 ro-

615 1264 847 1333 pendas.
903 1266 1047 1321 Sane
1102 1267 1303 1321 habere
1358 1266 1517 1338 140
1565 1282 1663 1322 nos
1706 1268 1885 1323 locum
1930 1277 2106 1323 tecum
2135 1276 2191 1322 et

616 1358 1051 1415 communionem
1073 1360 1497 1416 ecclesiasticam
1541 1361 1626 1416 his
1654 1361 1849 1417 litteris
1897 1360 2054 1417 scito.
2097 1359 2187 1413 Di-

596 1452 739 1531 vina
772 1451 944 1520 pietas
974 1461 1025 1507 te
1058 1453 1348 1517 custodiat,
1387 1453 1576 1507 frater.

2219 563 2271 617 Α

686 1724 782 1781 lia-
804 1735 933 1781 sunt
954 1726 1273 1783 illrelitterae
1302 1745 1316 1783 :
1378 1729 1480 1784 hoc
1525 1727 1632 1783 fuit
1661 1727 2038 1798 episcoporum
2072 1726 2184 1783 sui-

618 1819 842 1888 fragium
866 1819 1239 1889 judiciumque
1288 1819 1461 1874 nostri
1506 1834 1671 1874 causa
1698 1821 1903 1873 datum.
1936 1819 2054 1886 Quo
2087 1834 2186 1873 au-

616 1919 725 1964 tem
759 1912 938 1979 palam
972 1910 1065 1964 ﬂat
1098 1925 1193 1966 eos
1223 1926 1324 1964 non
1353 1912 1526 1978 gratia
1565 1911 1818 1980 quadam,
1865 1926 1969 1965 non
1994 1923 2182 1966 neces-

614 2001 773 2055 sitate
818 2012 911 2055 aut
936 2001 986 2055 vi
1023 2002 1271 2057 inductos
1303 2017 1421 2057 esse
1462 2004 1527 2056 ad
1570 2002 1683 2057 haec
1714 2003 2005 2073 agendum,
2056 2002 2185 2057 libet

612 2107 734 2146 eum
765 2102 942 2147 vestra
969 2095 1107 2147 bona
1141 2094 1296 2149 venia
1330 2109 1444 2149 rem
1475 2093 1639 2150 altius
1666 2094 1731 2149 ab
1760 2094 1985 2149 exordio
2026 2110 2181 2152 enar—
2212 2114 2255 2169 Β

612 2197 735 2239 rare
761 2200 776 2250 ;
810 2195 869 2237 ut
896 2185 1237 2252 cognoscatis
1269 2184 1551 2256 episcopos
1572 2186 1709 2255 arqui
1749 2185 1985 2254 bonique
2003 2185 2183 2240 studio

612 2276 739 2329 talia
784 2275 1195 2346 conscripsisse,
1252 2276 1534 2334 Valentem
1576 2293 1706 2333 vero
1747 2277 2179 2347 Ursaciumque,

614 2370 965 2437 quantumvis
995 2384 1139 2431 sero,
1180 2370 1467 2425 veritatem
1502 2379 1677 2425 tamen
1701 2384 1822 2426 esse
1856 2369 2153 2426 confessos.

652 2460 771 2515 ~59.
798 2460 989 2516 Petrus
1018 2462 1157 2531 apud
1191 2476 1288 2516 nos
1313 2471 1443 2516 ante
1476 2462 1917 2532 persecutionem
1966 2462 2180 2531 episco-

612 2568 738 2619 pus,
762 2551 818 2607 in
838 2555 1220 2623 persecutione
1252 2563 1458 2625 martyr
1478 2552 1749 2609 occubuit.
1780 2551 1879 2608 ilic
1910 2552 2181 2607 Meietium

609 2643 703 2712 qui
734 2644 1020 2713 episcopus
1066 2646 1118 2699 in
1148 2645 1383 2717 Λεωτριο
1411 2654 1550 2709 erat,
1588 2644 1943 2713 plurimorum
1992 2644 2180 2699 convi-

608 2748 755 2791 ctum
784 2738 1053 2792 scelerum
1086 2775 1103 2802 ,
1162 2752 1226 2792 ac
1276 2737 1617 2806 potissimum
1648 2735 1797 2806 quod
1848 2734 2183 2789 immolasset

608 2828 791 2891 idolis,
819 2828 872 2883 in
905 2831 1174 2884 communi
1222 2830 1598 2898 episcoporum
1646 2826 1851 2898 synodo
1905 2825 2172 2896 deposuit.

612 2918 859 2977 Meletius
908 2935 1040 2977 vero
1066 2936 1245 2989 neque
1293 2920 1359 2975 ad
1407 2921 1570 2974 aliam
1602 2918 1847 2989 confugit
1872 2919 2177 2989 synodum,

606 3026 781 3083 neque
803 3013 1016 3068 curavit
1039 3012 1179 3083 apud
1208 3023 1454 3082 posteros
1473 3026 1593 3068 sese
1610 3026 1844 3082 purgare
1870 3028 1883 3065 :
1914 3011 2008 3066 sed
2033 3010 2181 3065 schi-

604 3105 795 3161 smatis
822 3116 1013 3160 auctor
1039 3104 1159 3160 fuit.
1194 3103 1442 3175 Iliaeque
1478 3104 1677 3161 factum
1720 3113 1781 3159 ut
1801 3102 1922 3173 ejus
1945 3112 2180 3159 sectato-

604 3212 696 3253 res
755 3198 1025 3254 hactenus
1084 3212 1186 3268 pro
1223 3197 1550 3253 Christianis
1584 3195 1860 3253 Meletiani
1930 3196 2175 3249 audiant.

603 3292 909 3362 Statimque
936 3291 1039 3347 .iile
1058 3292 1341 3362 episcopos
1363 3290 1669 3346 maledictis
1686 3289 1851 3360 erepit
1881 3288 2176 3351 incessere;

601 3385 779 3452 primo
823 3383 1040 3453 quidem
1067 3383 1242 3453 ipsum
1275 3380 1517 3447 Petrum,
1545 3380 1744 3436 dehinc
1771 3379 2036 3436 Achillam
2086 3394 2181 3435 ea-

604 3475 898 3529 iumniatns
930 3482 1037 3541 est,
1066 3484 1120 3531 et
1154 3482 1278 3545 post
1309 3472 1599 3535 Achillam,
1629 3471 2024 3527 Alexandrum.
2060 3469 2173 3528 Hoc
2203 3458 2245 3517 (ἶ

601 3577 783 3621 autem
818 3564 1105 3621 Absalonis
1140 3566 1384 3620 imitatus
1433 3562 1740 3633 exemplum
1772 3603 1788 3627 ,
1847 3561 2041 3619 callide
2090 3570 2176 3618 est

601 3670 914 3726 aggressus,
946 3670 1241 3723 eonrrempe
1274 3654 1476 3720 animo,
1520 3663 1579 3708 ut
1609 3653 2045 3723 quandoquidem
2080 3652 2176 3709 de-

599 3744 803 3815 positio
837 3745 1184 3813 iguominiam
1218 3743 1489 3810 inurebat,
1523 3743 1808 3799 calumniis
1832 3744 2026 3798 saltem
2056 3745 2173 3798 suis

600 3832 961 3901 simpliciores
990 3832 1619 3903 posset~cireumvenire.
1651 3830 1902 3897 Interim,
1958 3832 2174 3888 Meletie

604 3924 724 3977 haec
754 3932 971 3992 agente,
1003 3922 1203 3978 Ariana
1233 3931 1420 3979 exorta
1444 3933 1529 3979 est
1555 3924 1779 3980 haeresis
1804 3939 1820 3978 :
1864 3924 1958 3979 sed
1998 3924 2052 3979 iu
2081 3923 2176 3978 Ni-

602 4029 751 4071 canna
776 4013 1000 4085 synodo,
1024 4013 1137 4084 ipsa
1165 4015 1381 4084 quidem
1404 4015 1623 4071 haeresis
1650 4016 1996 4071 anathemate
2021 4015 2177 4069 dam-

601 4116 759 4169 nata,
815 4106 1112 4176 Ariauique
1182 4106 1393 4175 reiecti,
1454 4105 1720 4161 Meletiani
1790 4120 1919 4161 vero
1995 4105 2175 4173 aliquo

606 4199 769 4255 modo
811 4200 1012 4270 recepti
1056 4206 1183 4255 sunt
1215 4217 1230 4254 :
1291 4214 1463 4270 neque
1490 4198 1601 4269 jam
1638 4212 1921 4255 necessum
1946 4206 2032 4253 est
2059 4197 2175 4267 ejus

670 4404 782 4477 (60)
804 4405 1101 4477 contextus
1125 4419 1188 4460 ex
1217 4405 1419 4463 llilario
1446 4407 1775 4477 desumptus.

668 4476 751 4544 (ei
764 4483 781 4545 )
826 4476 952 4531 Soz.
984 4477 1254 4541 ’Δκυλίας.

669 4548 782 4623 (62)
812 4548 1004 4623 limen!)
1028 4548 1150 4602 θεία
1176 4548 1421 4621 πρόνοια,
1447 4555 1576 4615 ete.,
1596 4549 1736 4619 apud
1766 4547 2164 4606 Theodoretum
2198 4568 2243 4623 ι)

598 4633 707 4671 non
742 4619 1030 4672 habentur.

669 4688 779 4758 (65)
808 4690 963 4757 Ileg.,
993 4687 1185 4741 ταῦτα.
1212 4688 1379 4751 Editi,
1408 4688 1678 4743 τοιαῦτα.’

669 4758 782 4823 (64)
840 4757 921 4812 lta
978 4758 1114 4829 Reg.
1171 4758 1315 4812 Editi
1374 4774 1525 4825 vero,
1575 4762 1609 4830 ἡ
1660 4759 1843 4830 κρίσις
1893 4759 1989 4814 καὶ
2046 4759 2167 4831 κρί-

602 4846 707 4891 σις.
739 4843 1042 4894 perperam.

671 4897 781 4967 (65)
822 4897 979 4952 Cadit
1004 4899 1160 4966 juxta
1188 4898 1544 4953 Athanasium
1575 4898 1846 4953 Meletiani
1880 4900 2163 4955 exordium

599 4968 912 5023 schismatis
954 4969 1005 5021 in
1044 4982 1243 5022 annum
1276 4968 1376 5022 501
1442 4969 1526 5023 vel
1562 4969 1711 5023 302:
1750 4970 1827 5023 ait
1855 4973 2002 5025 enim
2053 4971 2166 5035 ipse

602 5040 654 5092 in
686 5039 915 5109 epistola
941 5037 1007 5109 ad
1028 5039 1312 5109 episcopos
1344 5037 1559 5107 Λεπριί
1591 5049 1646 5093 et
1679 5039 1861 5109 Libya:
1889 5055 2033 5094 anno
2057 5036 2164 5093 356

594 5108 924 5175 conscripta,
951 5107 1267 5163 Meletianos
1297 5120 1425 5162 ante
1464 5124 1635 5162 annos
1677 5109 1746 5163 55
1782 5107 2165 5164 schismaticos

598 5178 855 5232 evasisse.
875 5176 1045 5233 Secus
1066 5187 1249 5232 tamen
1267 5178 1644 5233 existimarunt
1662 5179 1928 5235 Batonius
1941 5180 2159 5244 aliique,

590 5249 687 5317 qui
712 5262 834 5300 eum
858 5261 975 5300 eam
1002 5247 1286 5317 epistolam
1311 5248 1377 5301 ad
1424 5264 1622 5302 annum
1646 5250 1745 5304 561
1780 5250 2035 5311 referant,
2053 5247 2165 5304 Me-

598 5318 780 5390 lctiaui
817 5318 1127 5390 schismatis
1172 5317 1328 5390 initio
1380 5332 1582 5372 annum
1620 5320 1724 5375 506
1768 5332 2164 5390 consequenter

596 5385 1035 5469 assignautsﬁed
1081 5402 1203 5469 eam
1252 5389 1421 5469 ipsam
1448 5390 1729 5469 epistolam
1755 5385 2066 5469 certissime
2094 5392 2163 5445 ad

596 5474 795 5511 annum
830 5457 939 5527 5567
963 5459 1232 5525 pertinere
1272 5456 1325 5511 iu
1351 5456 1553 5513 Monito
1587 5463 1652 5514 ad
1691 5460 1937 5515 eamdem
1984 5459 2161 5527 palam

596 5527 891 5599 faciemus.
928 5526 1194 5599 Nonnihil
1226 5536 1407 5582 tamen
1443 5530 1643 5599 negotii
1676 5530 1877 5584 faciant
1916 5526 2161 5599 Socratis

590 5600 781 5660 verba,
805 5598 895 5666 qui
932 5597 1290 5650 aitMeletium
1322 5597 1709 5667 persecutionis
1732 5608 1975 5667 tempore
2005 5598 2162 5653 idolis

595 5667 906 5721 immolasse
936 5686 949 5720 :
987 5681 1109 5720 cum
1134 5669 1278 5737 enim
1295 5671 1604 5737 persecutio
1628 5683 1773 5733 anno
1795 5670 1900 5723 505
1919 5669 2161 5737 grassnri

595 5684 906 5721 immolasse
936 5686 949 5720 :
987 5684 1109 5720 cum
1134 5684 1278 5719 enim
1295 5684 1604 5788 ρει-θεσπιιο
1628 5684 1773 5733 anno
1795 5684 1900 5723 ouo
1919 5684 2161 5737 grassnrt

595 5737 979 5807 ceperinnon
1006 5736 1182 5805 potuit
1211 5736 1292 5789 Me
1314 5738 1454 5791 etins
1476 5738 1546 5791 ob
1580 5739 1707 5792 illud
1745 5737 1952 5807 ﬂagitii,
1973 5752 2162 5807 persae

594 5806 831 5860 cutjonis
851 5805 1011 5880 hujus
1028 5815 1268 5883 tempore
1289 5807 1581 5872 commissi,
1596 5822 1736 5864 anno
1752 5805 2157 5874 501,'ahdieari,

1198 426 1671 492 ‘SI‘A'TH‘KNASII
1708 437 1861 493 OPP.
1901 438 2089 494 PARS
2128 442 2167 492 l.
2210 424 2278 481 :-
2315 439 2683 497 lllSTORlCA
2720 441 2814 497 ET
2854 429 3285 498 DOGMATICA:

3783 442 3895 498 556

2408 558 2635 627 ΚΥΡῙῼ
2671 557 2955 627 ΑΔΕΛΦῼ
2986 558 3358 627 ΛΘΑΝΑΣΙῼ
3390 557 3772 626 ΕΠΙΣΚΟΠῼ

2536 627 2867 694 Οὐρσὰκιος
2892 630 2986 682 καὶ
3018 627 3255 695 υῠὰλης
3291 628 3632 681 ἐπίσκοποι.
3666 682 3677 697 η,

2383 718 2659 791 ’Λφορμὴν
2692 719 2941 789 εὑρόντες
2983 719 3071 774 διὰ
3099 718 3193 772 τοῦ
3228 718 3460 788 ἀδελφοῦ
3504 718 3601 771 καὶ
3632 735 3893 790 συμπρε-

2294 811 2556 883 σϐυτέρου
2590 811 2748 882 ἡμῶν
2781 811 3056 865 Μουσαίου
3076 852 3092 875 ,
3133 810 3431 882 ἐρχομένου
3480 808 3617 880 πρὸς
3646 809 3750 879 τὴν
3778 810 3891 879 σὴν

2282 902 2535 974 ἀγάπην.
2577 901 2773 971 ἀδελφὲ
2821 902 3112 972 ἀγαπητέ,
3155 901 3221 954 δι’
3264 899 3433 954 αὐτοῦ
3482 917 3544 954 σε
3594 901 3693 954 καὶ
3734 899 3888 953 milia

2292 992 2766 1065 προσαγορεύομεν
2786 992 2894 1046 ἀπὸ
2919 994 3018 1064 τῆς
3049 992 3302 1064 Ἀκυλίης
3322 991 3455 1063 (61),
3485 992 3579 1046 καὶ
3598 990 3888 1062 εὐχόμεθα

2292 1082 2604 1153 ὑγιαίνοντα
2630 1100 2689 1136 σε
2718 1083 2787 1137 τὰ
2815 1084 3120 1154 γράμματα
3147 1082 3213 1136 τὰ
3249 1082 3498 1153 ἡμέτερα
3526 1081 3849 1150 ἀναγνῶναι
3867 1096 3881 1109 ·

2289 1174 2481 1240 δώσεις
2507 1176 2617 1248 γὰρ
2648 1176 2893 1247 καὶὴμῖν
2924 1174 3169 1247 θαρρεῖν,
3202 1173 3298 1227 ἐὰν
3328 1174 3422 1227 καὶ
3445 1172 3509 1226 σὺ
3540 1175 3600 1226 ἐν
3634 1172 3718 1245 τῷ
3743 1171 3886 1243 γρά-

2290 1285 2409 1337 φειν
2442 1267 2539 1340 τὴν
2572 1267 2808 1339 ἀμοιϐὴν
2854 1269 2987 1339 ἡμῖν
3030 1264 3263 1336 ἀποδῷς.
3294 1265 3539 1318 Γίνωσκε
3568 1264 3679 1335 γὰρ
3728 1264 3884 1334 ἡμᾶς

2289 1361 2513 1432 εἰρήνην
2546 1359 2692 1431 ἔχειν
2728 1359 2868 1431 μετὰ
2899 1358 3014 1420 σοῦ,
3048 1357 3145 1412 καὶ
3181 1356 3462 1413 κοινωνίαν
3488 1355 3635 1427 ἔχειν
3677 1354 3883 1425 ἐκκλη-

2291 1451 2598 1523 σιαστικὴν,
2627 1453 2722 1505 καὶ
2767 1451 2957 1504 τούτου
2984 1449 3271 1521 γνώρισμα
3302 1450 3336 1519 ἠ
3385 1447 3473 1502 διὰ
3507 1447 3721 1501 τούτων
3767 1446 3881 1500 τῶν

2287 1544 2632 1613 γραμμάτων
2663 1542 3024 1616 προσηγορία.
3064 1543 3131 1595 Ἡ
3166 1541 3286 1594 θεία
3326 1540 3553 1611 πρόνοιά
3590 1556 3653 1593 σε
3685 1539 3884 1608 διαφυ-

2286 1633 2466 1688 λάττοι
2496 1633 2633 1704 (62),
2664 1633 2843 1706 κύριε,
2876 1633 3124 1702 ἀγαπητὲ
3151 1631 3369 1700 ἀδελφέ.

2356 1726 2437 1779 Τὰ
2476 1727 2574 1796 μὲν
2611 1722 2703 1780 οὖν
2753 1726 3029 1798 γραφέντα
3055 1725 3229 1779 ταῦτα
3268 1725 3401 1795 (65),
3434 1724 3531 1778 καὶ
3583 1724 3728 1794 αὓτη
3768 1722 3880 1776 τῶν

2286 1817 2598 1873 ἐπισκόπων
2625 1819 2658 1889 ή
2686 1817 2867 1888 ψῆφος
2891 1818 2983 1871 καὶ
3014 1818 3196 1889 κρίσις
3218 1816 3333 1887 (64)
3365 1816 3508 1887 ὑπὲρ
3539 1816 3726 1887 ἡμῶν.
3752 1817 3880 1869 Ὀτι

2284 1908 2342 1963 δὲ
2380 1909 2441 1962 οὐ
2465 1908 2839 1979 κεχαρισμένα
2864 1909 3250 1979 πεποιήκασιν,
3280 1907 3400 1960 οὐδὲ
3431 1906 3878 1977 ἀναγκαζόμενοι

2286 1999 2439 2071 παρά
2477 2016 2644 2062 τινος,
2678 1998 2957 2070 βούλομαι,
2993 1997 3417 2070 συγχωρούντων
3452 1998 3635 2069 ὑμῶν,
3667 1998 3877 2053 ἄνωθεν

2284 2091 2343 2158 ἐξ
2376 2091 2551 2163 ἀρχῆς
2591 2090 2949 2163 διηγήσασθαι
2988 2089 3050 2143 τὸ
3079 2092 3330 2161 πρᾶγμα,
3362 2092 3449 2143 ἵνα
3480 2089 3684 2159 γνῶτε,
3716 2089 3794 2154 ὡς
3824 2090 3872 2143 οί

2288 2184 2387 2255 μὲν
2419 2184 2705 2237 ἐπίσκοποι
2726 2183 2901 2255 ὀρθῶς
2929 2185 3025 2238 καὶ
3044 2183 3265 2247 δικαίως
3296 2183 3614 2254 βουλόμενοι
3645 2182 3871 2237 τοιαῦτα

2283 2276 2556 2349 ἔγραψαν·
2590 2278 2618 2328 ό
2646 2276 2703 2329 δέ
2730 2276 2941 2347 Οὐάλης
2968 2278 3062 2329 καὶ
3095 2276 3399 2347 Θύρσάκιος
3445 2275 3551 2329 κᾶν
3592 2276 3694 2347 ὀψέ
3745 2292 3873 2329 ποτε

2283 2369 2382 2441 τὴν
2416 2368 2670 2439 ἀλήθειαν
2698 2367 3078 2439 ὡμολόγησαν.

2353 2459 2441 2514 59.
2473 2458 2678 2531 Πέτρος
2708 2459 2837 2531 παρ’
2863 2461 2994 2530 ἡμῖν
3016 2458 3124 2531 πρὸ
3148 2459 3244 2530 μὲν
3263 2458 3355 2513 τοῦ
3384 2458 3629 2531 διωγμοῦ
3652 2460 3872 2529 γέγονεν

2282 2550 2599 2615 ἐπίσκοπος,
2623 2552 2681 2603 ἐν
2711 2550 2768 2603 δὲ
2793 2550 2868 2621 τῷ
2899 2550 3125 2621 διωγμῷ
3157 2550 3252 2603 καὶ
3274 2550 3688 2622 ἐμαρτύρησεν.
3706 2546 3873 2615 Οὗτος

2282 2642 2536 2697 Μελίτιον
2563 2640 2669 2695 ἀπὸ
2693 2643 2793 2713 τῆς
2814 2642 3091 2711 Αἰγύπτου
3110 2642 3400 2715 λεγόμενον
3422 2644 3755 2707 ἐπίσκοπον,
3782 2646 3872 2697 ἐπὶ

2282 2733 2507 2797 πολλαῖς
2535 2734 2859 2804 ἐλεγχθέντα
2906 2736 3273 2806 παρανομίαις
3316 2736 3410 2788 καὶ
3447 2735 3615 2807 θυσίᾳ
3644 2735 3779 2807 (65).
3813 2737 3871 2788 ἐν

2282 2825 2435 2895 κοινῇ
2468 2824 2669 2894 συνόδῳ
2716 2823 2825 2877 τῶν
2869 2824 3183 2878 ἐπισκόπων
3230 2824 3502 2878 καθεῖλεν.
3541 2825 3708 2878 Ἀλλὰ.
3754 2826 3868 2879 Με-

2280 2913 2445 2978 λίτιος
2503 2915 2566 2967 ού
2625 2913 2761 2987 πρὸς
2813 2915 3003 2987 ἑτέραν
3060 2916 3278 2970 σύνοδον
3338 2916 3689 2986 κατέφυγεν,
3748 2917 3868 2970 οὐδὲ

2280 3004 2610 3060 ἐσπούδασεν
2642 3005 3083 3079 ἀπολογήσασθαι
3110 3009 3223 3071 τοῖς
3257 3008 3396 3079 μετὰ
3428 3006 3629 3061 ταῦτα’
3666 3008 3869 3079 σχίσμα

2279 3096 2335 3149 δὲ
2374 3096 2661 3169 πεποίηκε.
2692 3098 2802 3151 Καὶ
2836 3099 2956 3151 ἀντὶ
2988 3099 3330 3171 Χριστιανῶν
3354 3100 3678 3153 Μελιτιανο).
3705 3102 3867 3171 μέχρι

2279 3186 2374 3240 νῦν
2399 3188 2451 3240 οἱ
2472 3187 2571 3259 τῆς
2594 3187 2801 3241 ἐκείνου
2828 3189 3042 3261 μερίδος
3067 3188 3443 3259 ὀνομάζονται,
3461 3188 3628 3253 εὐθύς
3651 3207 3713 3243 τε
3742 3192 3871 3252 τοὺς

2279 3279 2609 3345 ἐπισκόπους
2667 3281 2923 3353 λοιδορεῖν
2978 3280 3179 3352 ἤρξατο
3205 3320 3222 3345 ,
3276 3281 3372 3335 καὶ
3421 3281 3641 3354 πρῶτον
3700 3282 3872 3335 αὐτὸν

2279 3371 2518 3443 Πέτρον,
2566 3370 2661 3424 καὶ
2710 3370 2801 3424 τὸν
2829 3372 2946 3441 μετ’
2989 3371 3152 3425 αὐτὸν
3200 3370 3453 3442 Ἀχιλλᾶν
3480 3370 3691 3424 διέϐαλε
3717 3409 3736 3433 ,
3768 3370 3874 3426 καὶ

2283 3462 2421 3531 μετὰ
2455 3461 2703 3533 Ἀχιλλᾶν
2725 3461 2837 3535 (66)
2868 3462 3230 3535 Ἀλέξανδρον.
3255 3462 3429 3516 Τοῦτο
3452 3462 3507 3516 δὲ
3536 3463 3875 3534 πανούργως

2281 3552 2517 3626 θπραττε
2541 3592 2557 3617 ,
2594 3553 2781 3625 μαθὼν
2833 3555 2928 3609 καὶ
2973 3556 3123 3628 παρὰ
3177 3554 3272 3610 τοῦ
3327 3556 3725 3627 Ἀϐεσσαλὼμ,
3774 3557 3865 3621 ἶν’,

2286 3644 2471 3716 ἐπειδὴ
2496 3644 2584 3699 διὰ
2617 3646 2716 3718 τὴν
2756 3647 3073 3719 καθαίρεσιν
3103 3648 3399 3719 ᾐσχύνετο,
3436 3647 3545 3702 κᾶν
3590 3642 3710 3711 τᾶῖς
3748 3648 3867 3702 δια-

2281 3734 2463 3799 ϐολαῖς
2492 3736 2771 3808 ἀπατῆσαί
2814 3736 2926 3807 (67)
2971 3754 3087 3800 πως
3122 3740 3249 3801 τοὺς
3294 3738 3591 3810 ἀκεραίους
3632 3738 3863 3810 δυνηθῇ.

2280 3824 2466 3882 Ταῦτα
2509 3827 2567 3881 δὲ
2603 3828 2933 3900 πράττοντος
2960 3828 3055 3883 τοῦ
3108 3829 3363 3885 Μελιτίου
3382 3870 3400 3895 ,
3435 3831 3631 3901 γέγονε
3682 3831 3779 3884 καὶ
3827 3832 3864 3901 ἡ

2288 3920 2539 3993 ’Λρειανὴ
2563 3921 2772 3993 αἵρεσις
2790 3939 2803 3952 ο
2833 3922 2947 3975 ἀλλ’
2970 3924 3028 3975 ἐν
3049 3924 3115 3993 τῇ
3138 3923 3342 3995 συνόδῳ
3362 3926 3431 3995 τῇ
3457 3924 3604 3979 κατὰ
3622 3924 3863 3977 Νίκαιαν

2277 4014 2311 4084 ή
2363 4014 2461 4085 μὲν
2512 4012 2724 4087 αἵρεσις
2768 4014 3195 4087 ἀνεθεματίσθη,
3231 4017 3327 4069 καὶ
3368 4018 3417 4069 oi
3458 4016 3731 4088 Ἀρειανοὶ
3773 4020 3867 4086 ἐξ·

2279 4104 2625 4176 εϐλήθησαν,
2688 4110 2737 4161 οί
2787 4107 2843 4161 δὲ
2891 4107 3205 4161 Μελιτιανοὶ
3247 4108 3601 4180 ὁπωσδήποτε
3638 4110 3865 4181 ἐδέχθη-

2279 4214 2377 4251 σαν
2396 4197 2519 4270 (68)
2541 4216 2555 4230 ο
2598 4201 2661 4253 οὑ
2698 4199 2806 4271 γὰρ
2844 4202 3138 4269 ἀναγκαῖον
3170 4199 3264 4254 νῦν
3302 4201 3404 4273 τὴν
3444 4202 3627 4257 αίτίαν
3658 4204 3866 4272 ὀνομά-

2276 4418 2331 4464 et
2354 4408 2591 4464 schisma
2628 4406 2863 4462 ellicere.
2907 4405 3107 4461 Verum
3141 4422 3262 4462 eum
3293 4407 3551 4464 Socrates
3584 4408 3730 4463 hanc
3772 4410 3864 4464 hi-

2277 4481 2498 4536 storiam
2525 4494 2591 4531 ex
2625 4479 2925 4532 Athanasio
2960 4480 3073 4532 fere
3101 4480 3166 4531 ad
3194 4478 3417 4532 verbum
3452 4479 3526 4533 sit
3554 4490 3858 4543 mutuatus,

2270 4552 2481 4620 videtur
2518 4563 2649 4602 sane
2689 4548 2839 4620 illud,
2874 4550 2931 4601 ὲν
2957 4547 3035 4618 τῷ
3060 4548 3286 4620 διωγμῷ
3311 4552 3473 4620 quod
3507 4549 3594 4601 ille
3621 4552 3690 4604 de
3737 4552 3857 4606 Me-

2271 4622 2398 4678 letio
2453 4619 2677 4687 loquens
2714 4619 2811 4680 ait,
2847 4633 2944 4672 suo
2986 4630 3161 4672 marte
3200 4619 3508 4673 addidisse:
3540 4620 3676 4675 alias
3703 4625 3857 4675 enim

2269 4690 2571 4760 saepissime
2596 4688 2877 4742 Athanasii
2918 4689 3246 4742 sententiam
3276 4688 3550 4760 referens,
3577 4690 3647 4743 ab
3679 4692 3859 4745 Atha-
3932 4712 3933 4719 η

2268 4758 2407 4817 uasii
2439 4774 2602 4831 scopo
2621 4773 2727 4812 non
2760 4772 2948 4827 parum
2985 4760 3243 4831 aberrat.
3272 4758 3425 4831 Nihil
3456 4769 3634 4813 tamen
3690 4777 3859 4831 repu-
3928 4780 3931 4831 ς

2268 4777 2407 4817 nasn
2439 4774 2602 4878 scopo
2621 4774 2727 4812 non
2760 4774 2948 4827 parum
2985 4774 3224 4811 anerrat.
3272 4774 3414 4810 mnu
3456 4774 3634 4813 tamen
3690 4777 3857 4831 repu-

2265 4839 2399 4903 gnat
2449 4828 2531 4903 Me
2553 4830 2720 4903 etium
2758 4838 2886 4903 ante
2913 4841 3113 4880 annum
3148 4826 3247 4903 501
3304 4828 3465 4903 idolis
3500 4831 3857 4894 immolasse;

2266 4898 2397 4957 licet
2415 4900 2560 4954 enim
2590 4899 2777 4967 ingens
2803 4898 2894 4970 illa
2924 4899 3236 4970 persecutio
3278 4899 3519 4970 nondum
3564 4903 3857 4970 cepisset,

2265 4982 2504 5026 attamen
2531 4969 2721 5035 quavis
2744 4968 2965 5020 minima
2985 4968 3109 5020 data
3139 4967 3452 5033 occasione,
3482 4967 3735 5026 certis'in
3770 4972 3860 5027 lo-
3890 5001 3897 5035 ε
3922 5020 3923 5031 χ

2264 5045 2369 5104 eis,
2400 5028 2707 5109 persecutio
2741 5037 2794 5109 i_n_
2819 5037 3081 5109 quosdam
3108 5028 3509 5094 concitabatur.
3570 5108 3613 5109 η
3890 5028 3901 5067 ⁵

2334 5104 2465 5177 Quae
2513 5116 2693 5160 autem
2753 5104 3107 5177 Epiphanius
3147 5116 3372 5177 enarrat
3431 5113 3499 5164 de
3566 5108 3860 5167 Meletiani

2263 5175 2578 5238 sehismatis
2606 5177 2817 5250 origine
2845 5175 3250 5250 Hieresi‘_68,_a
3282 5176 3575 5250 Heletiano
3603 5184 3863 5250 quodam

2264 5258 2544 5306 mutuatus
2581 5245 2853 5310 creditur;
2891 5245 3090 5301 Meletii
3119 5247 3264 5302 enim
3304 5249 3479 5316 magis
3506 5245 3668 5317 quam
3693 5250 3865 5306 Petri

2262 5320 2510 5391 partibus
2567 5316 3118 5391 addictus__videtur,
3172 5325 3230 5391 et
3286 5318 3357 5371 ab
3416 5316 3706 5391 Athanasii
3770 5322 3863 5376 hic

2262 5386 2433 5447 storia
2494 5387 2709 5457 penitus
2776 5386 3036 5442 abhorret
3095 5403 3110 5441 :
3172 5386 3414 5456 hincque
3467 5390 3694 5444 minoris
3770 5402 3869 5448 est

2261 5461 2408 5518 ﬁdei.

2332 5528 2443 5598 (66)
2461 5526 2705 5581 Δίἐϐαλε
2726 5524 2983 5598 καὶμετὰ
2999 5526 3299 5597 Ἀχιλλᾶν.
3318 5526 3412 5583 Sic
3440 5527 3569 5595 Reg.
3592 5538 3651 5583 et
3670 5528 3866 5587 Basil.

2259 5597 2609 5671 quiuitimus
2628 5597 3102 5671 _hahet_6te.6-a).).e.
3133 5598 3201 5671 ln_
3230 5599 3395 5671 editis
3444 5601 3555 5653 haec
3579 5601 3865 5655 deerant.

2332 5668 2447 5739 (67)
2503 5668 2575 5720 Ita
2626 5667 2760 5739 Heg.
2819 5668 2959 5739 Editi
2987 5682 3143 5739 vero,
3178 5668 3518 5737 ἀπαντῆσαι,
3552 5672 3866 5728 mendose.

2325 5736 2440 5809 (b8)
2458 5736 2878 5809 Ὀᾳιωσδήποτε
2901 5736 3261 5809 ἐδέχθησαν.
3284 5736 3615 5805 Quibusnam
3647 5743 3875 5794 mndi-

2262 5808 2499 5864 tionibus
2518 5808 2787 5863 Meletiani
2810 5809 2917 5864 sint
2944 5809 2997 5862 in
3017 5808 3271 5865 Ecclesiae
3295 5811 3749 5865 communionem
3763 5813 3874 5865 δύο
3898 5872 3899 5885 χ

3924 4960 3925 4995 l

3900 5044 3901 5059 :
3922 5020 3923 5063 ί

3920 5078 3921 5131 l

3914 5304 3915 5337 ί

3912 5376 3913 5405 l

3910 5444 3911 5473 ι

3906 5582 3907 5611 l

3904 5634 3905 5679 ί

3900 5696 3903 5747 ί

3900 5768 3901 5817 l
