3978 6518
156 395 241 460 357

1222 390 1565 449 APOLOGIA
1606 388 1886 446 CONTRA
1926 388 2254 446 ARIANOS.

3276 388 3383 443 358

157 518 266 582 ζειν.
294 514 464 567 Οὔπω
498 514 609 584 γὰρ
662 512 820 565 πέντε
864 512 1031 582 μῆνες
1065 510 1367 583 παρῆλθον,
1402 511 1497 563 καὶ
1530 512 1559 562 ὁ
1604 510 1702 580 μὲν

1819 509 1887 561 rei
1949 507 2193 575 proferre
2248 518 2493 557 causam.
2542 501 2814 557 Mensibus
2868 502 3109 573 quinque
3144 502 3381 557 nonduin

159 608 445 679 μακαρίτης
482 604 826 675 Ἀλέξανδρος
876 602 1291 674 τετελεύτηκενο
1332 605 1381 656 οἱ
1428 604 1485 656 δὲ
1540 602 1708 656 Μελι-

1819 599 2034 660 exactis,
2063 598 2197 651 obiit
2236 595 2406 650 beatae
2440 595 2711 649 memoria:
2736 594 3075 648 Alexander:
3108 593 3386 649 Meletiani

156 698 336 759 τιανοὶ,
369 697 493 749 δέον
526 698 754 767 ἠρεμεῖν
789 696 883 749 καὶ
916 696 1072 767 χάριν
1115 696 1290 766 ἔχειν,
1314 697 1396 749 ὅτι
1440 696 1543 749 κᾶν
1572 695 1709 757 ὅλως

157 790 452 860 ἐδέχθησαν,
495 790 545 841 οί
571 789 648 851 δὲ,
684 787 822 841 κατὰ
847 788 971 850 τοὺς
1002 788 1169 853 κύνας
1198 789 1299 842 οὐκ
1328 786 1709 858 ἐπιλαθόμενοι

155 876 215 936 ὧν
241 879 536 951 ὲξήρασαν,
574 879 737 933 πάλιν
773 879 872 943 τὰς
912 880 1237 951 Ἐκκλησίας
1257 881 1571 952 ἐτάραττον.
1608 881 1711 933 Εὑ-

158 975 310 1036 σέϐιος
344 973 553 1034 τοίνυν,
586 971 745 1026 τοῦτο
785 971 993 1042 μαθὼν,
1044 973 1138 1026 καὶ
1176 974 1570 1044 προϊστάμενος
1612 973 1711 1043 τῆς

164 1066 428 1136 Ἀρειανῆς
457 1064 746 1134 αἱρέσεως,
777 1064 986 1134 πέμπει
1012 1065 1105 1118 καὶ
1132 1065 1349 1118 ὠνεῖται
1388 1065 1513 1128 τοὺς
1542 1064 1709 1117 Μελι-

154 1158 345 1219 τιανοῦς
393 1156 490 1208 ἐπὶ
539 1156 760 1219 πολλαῖς
799 1156 1182 1225 ὲπαγγελίαις’
1217 1159 1312 1210 καὶ
1360 1158 1569 1226 γίνεται
1614 1156 1711 1226 μὲν

153 1248 313 1301 αὐτῶν
350 1247 543 1317 κρύφα
576 1248 759 1316 φίλος,
817 1248 1163 1301 συντάττεται
1208 1248 1265 1300 δὲ
1304 1249 1487 1312 αὐτοῖς
1520 1250 1601 1312 είς
1652 1248 1711 1300 ὃν

153 1337 380 1389 ἐϐούλετο
431 1338 645 1409 καιρόν.
700 1338 810 1407 Τὴν
861 1337 963 1408 μὲν
1003 1334 1094 1391 οὖν
1132 1340 1305 1410 ἀρχὴν
1358 1339 1711 1409 πῳσέπεμπε

154 1427 460 1497 προτρέπων
486 1426 741 1491 δέξασθαί
779 1444 844 1497 με
872 1430 999 1492 τοὺς
1038 1430 1164 1499 περὶ
1208 1431 1421 1499 Ἀρειον
1448 1430 1582 1498 (69),
1618 1431 1713 1483 καὶ

154 1520 421 1589 ἀγράφους
454 1521 558 1590 μὲν
591 1519 825 1589 ἠπείλει,
855 1521 1079 1591 γράφων
1101 1521 1157 1573 δὲ
1192 1522 1362 1590 ἠξίου.
1410 1522 1622 1595 Ἐπειδὴ
1655 1522 1713 1576 δὲ

153 1611 439 1679 ἀντέλεγον,
477 1610 554 1681 μὴ
586 1612 781 1681 χρῆναι
810 1613 1034 1680 φάσκων
1066 1612 1320 1683 δεχθῆναι
1351 1614 1479 1676 τοὺς
1504 1614 1713 1683 αἵρεσιν

154 1704 463 1773 ἐφευρόντας
486 1704 630 1756 κατὰ
654 1704 752 1775 τῆς
778 1704 1054 1775 ἀληθείας,
1073 1706 1166 1758 καὶ
1186 1706 1714 1777 άναθεματισθέντας

156 1797 285 1867 παρὰ
316 1796 419 1865 τῆς
464 1798 853 1867 οἰκουμενικῆς
884 1798 1124 1861 συνόδου,
1168 1801 1309 1851 ποιεῖ
1358 1800 1452 1852 καὶ
1488 1798 1713 1869 βασιλέα

155 1905 229 1957 μοι
257 1888 467 1958 γράψαι
524 1889 617 1941 τὸν
649 1888 955 1960 μακαρίτην
999 1892 1439 1954 Κωνσταντίνον,
1483 1892 1711 1963 ἀπειλὴν

152 1979 341 2048 ἔχοντα,
385 1982 437 2033 εἰ
474 1980 553 2051 μὴ
590 1980 810 2052 λάϐοιμι
851 1982 978 2045 τοὺς
1010 1983 1137 2051 περὶ
1176 1984 1411 2053 ΙἈρειον,
1441 1983 1613 2037 ταῦτά
1644 2002 1710 2054 με

153 2073 340 2135 πιθεῖν,
368 2073 407 2127 ἃ
440 2073 713 2144 πρότερον
745 2075 838 2126 καὶ
862 2074 956 2127 νῦν
987 2074 1227 2127 πέπονθα
1262 2075 1398 2145 (70).
1430 2075 1502 2128 Τὸ
1533 2077 1712 2129 τοίνυν

154 2166 293 2235 μέρος
347 2165 455 2235 τῆς
517 2166 809 2235 ἐπιπολῆς
865 2168 978 2220 ἐστι
1026 2166 1216 2228 τοῦτο,
1268 2168 1362 2220 καὶ
1426 2167 1711 2220 Παλατῖνοι

150 2258 463 2329 Συγκλὴτιος
512 2259 610 2312 καὶ
648 2258 961 2323 Γαυδέντιος
992 2254 1132 2330 ἦσαν
1163 2261 1209 2311 οί
1265 2259 1591 2329 κομίσαντες
1643 2259 1712 2312 τὰ

150 2352 475 2421 mpm-

148 2513 214 2581 (‘il
228 2513 449 2582 )Mépoc
460 2512 797 2581 ἐπιστολῆς
812 2513 915 2568 τοῦ
925 2514 1708 2580 ,ϐασιλέως-Κωνσταντινου,

206 2621 380 2690 Ἔχων
420 2621 611 2675 τοίνυν
650 2621 751 2691 τῆς
788 2623 928 2693 ἐμῆς
969 2624 1271 2696 βουλήσεως
1317 2624 1377 2677 τὸ
1406 2625 1709 2696 γνώρισμα,

148 2711 297 2764 amt
326 2715 446 2775 τοῖς
472 2712 824 2783 βουλομένοις
853 2718 932 2779 είς
969 2717 1067 2786 τὴν
1104 2716 1425 2786 Ἐκκλησίαν
1455 2716 1713 2769 εἰσελθεῖν

143 2800 404 2855 ἀκώλυτον
458 2802 751 2874 παράσχου
809 2805 905 2875 τὴν
962 2806 1199 2859 εἴσοδον·
1270 2807 1364 2860 ἐὰν
1414 2808 1521 2877 γὰρ
1565 2807 1710 2875 γνῶν

141 2888 204 2951 ὡς
223 2891 332 2962 (79.)
359 2892 696 2957 κεκώλυκάς
734 2910 887 2959 τινας
914 2897 1092 2949 αὐτῶν
1122 2898 1223 2966 τῆς
1258 2898 1582 2969 Ἐκκλησίας
1612 2915 1711 2968 με·-

141 2985 583 3053 ταποιουμένους,
611 2985 645 3055 ἧ
693 2985 955 3057 άπεῖρξας
1012 2988 1113 3058 τῆς
1148 2988 1388 3053 εἰσόδου,
1430 2988 1713 3043 ἀποστελῶ

142 3077 448 3144 παραυτίκα
484 3077 579 3130 τὸν
609 3078 704 3130 καὶ
747 3077 1154 3150 καθαιρήσοντά
1186 3097 1244 3133 σε
1274 3081 1332 3147 ἐξ
1358 3082 1498 3152 ἐμῆς
1527 3080 1712 3134 κελεύ·
1734 3130 1754 3157 .

142 3177 259 3227 me;
286 3168 388 3219 καὶ
415 3166 529 3219 τῶν
549 3167 732 3219 τόπων
758 3172 1182 3239 μεταστήσοντα.

1811 703 1939 742 vero
1974 703 2111 755 quos
2132 689 2412 757 quiescere
2440 700 2538 755 par
2559 693 2698 750 erat,
2718 695 2771 739 et
2800 684 2987 755 gratize
3014 684 3135 740 loco
3156 686 3381 753 habere,

1811 779 1955 848 quod
1981 779 2161 848 aliqua
2189 778 2381 832 saltem
2410 778 2622 832 ratione
2650 777 2702 831 in
2732 775 3031 831 Ecclesiam
3066 786 3254 832 essent
3281 778 3397 843 ad-p

1811 870 1986 933 missi,
2017 885 2166 923 more
2202 885 2395 923 canum
2434 884 2539 923 non
2578 868 2729 923 obliti
2764 867 3028 923 vomitum
3066 882 3249 934 suum,
3283 869 3386 924 ite-

1812 974 1932 1013 rum
1961 958 2351 1029 perturbabant
2373 958 2665 1012 Ecclesias.
2698 955 3041 1027 Quapropter
3068 957 3338 1013 Eusebius
3362 996 3383 1025 ,

1813 1066 1875 1106 re
1899 1050 2133 1121 cognita,
2160 1065 2281 1105 cum
2305 1059 2446 1104 esset
2475 1051 2590 1120 ipse
2610 1049 2829 1104 Arianae
2871 1050 3144 1105 haereseos
3172 1060 3385 1119 ;patro-

1813 1156 1936 1203 nus,
1964 1139 2130 1194 mittit
2162 1142 2228 1192 ad
2281 1138 2613 1202 Meletianos,
2658 1154 2796 1208 quos
2823 1140 3038 1210 magnis
3084 1141 3183 1194 sibi
3225 1140 3387 1209 polli—

1814 1232 2165 1286 citationibus
2199 1231 2475 1296 devincit;
2504 1231 2748 1301 initaque
2778 1247 2906 1287 cum
2937 1231 3044 1286 illis
3073 1232 3386 1286 clanculum

1814 1326 2072 1389 amicitia,
2114 1325 2391 1395 negotium
2424 1325 2706 1378 constituit
2743 1325 2845 1378 sibi
2884 1335 3192 1394 opportuno
3247 1334 3390 1380 tem-

1814 1433 1944 1487 pore
2001 1418 2319 1487 gerendum.
2356 1415 2631 1483 Principio
2683 1416 2926 1485 quidem,
2964 1416 3144 1471 missis
3182 1417 3249 1471 ad
3300 1431 3388 1470 me

1814 1509 2013 1564 litteris
2044 1507 2461 1569 cohortabatur,
2489 1515 2546 1560 ut
2582 1508 2879 1575 reciperem
2908 1506 3163 1573 Arianos,
3195 1509 3269 1561 ita
3312 1516 3388 1561 ta-

1815 1616 1936 1655 men
1968 1609 2028 1653 ut
2052 1600 2236 1654 verbis
2274 1615 2383 1655 non
2438 1598 2660 1667 scriptis
2710 1599 3031 1661 minaretur,
3061 1599 3268 1667 scripto
3298 1612 3389 1652 ro-

1814 1701 1988 1761 garet.
2024 1690 2108 1744 Me
2139 1702 2321 1746 autem
2345 1699 2706 1759 repugnante,
2759 1704 2825 1744 ac
2867 1690 3227 1757 respondente
3287 1689 3389 1743 mi-

1816 1783 1961 1838 nime
1996 1784 2337 1854 recipiendos
2366 1795 2487 1835 esse
2514 1782 2784 1836 litereseos
2826 1782 3166 1843 inventores,
3201 1796 3265 1835 ac
3295 1796 3390 1834 ve-

1744 1867 1785 1921 B
1814 1874 1962 1928 ritati
1997 1874 2237 1929 infensos
2280 1875 2549 1941 homines,
2601 1876 3057 1943 anathemateqoe
3103 1876 3392 1927 damnatos

1813 1965 1881 2019 ab
1916 1968 2251 2020 uacumenica
2284 1968 2524 2036 synodo;
2566 1967 2880 2036 imperatori
2906 1967 3079 2021 beatae
3112 1966 3389 2019 memoriae

1812 2056 2167 2111 Constantino
2194 2068 2382 2112 auctor
2408 2057 2529 2120 fuit,
2564 2067 2623 2110 ut
2668 2057 2797 2111 mihi
2846 2057 3193 2118 rescriberet,
3226 2055 3387 2108 inter-

1814 2148 2053 2201 minatus
2076 2150 2128 2202 ni
2152 2148 2387 2204 Arianos
2420 2149 2763 2205 admitterem
2790 2151 2860 2203 ad
2904 2148 3340 2202 communionem
3367 2189 3384 2212 ,

1814 2253 1901 2293 me
1931 2240 1997 2294 iis
2048 2238 2301 2293 aﬂ‘ectum
2357 2241 2426 2293 iri
2460 2242 2638 2305 malis,
2677 2242 2875 2309 quibus
2905 2250 2961 2294 et
2990 2240 3103 2309 jam
3153 2240 3281 2293 olim
3332 2252 3388 2294 et

1814 2329 1955 2384 haud
1988 2330 2061 2385 ita
2117 2331 2323 2399 pridem
2354 2346 2473 2385 sum
2506 2331 2753 2387 allectus.
2780 2331 2921 2385 Ecce
2947 2341 3155 2401 partem
3186 2333 3389 2400 cpisto-

1814 2420 1900 2485 laz,
1921 2436 2082 2489 quam
2102 2422 2343 2476 detulere
2366 2422 2673 2493 Syncletius
2691 2432 2745 2477 et
2764 2422 3098 2477 Gaudentius
3114 2422 3341 2477 Palatini
3370 2440 3384 2475 :

1924 2512 2077 2585 14],
2119 2513 2257 2568 Pars
2288 2514 2523 2580 epistola:
2552 2514 2883 2582 imperatoris
2914 2512 3276 2569 Constantini.

1881 2622 2017 2678 Cum
2052 2625 2215 2699 igitur
2236 2626 2567 2680 voluntatem
2591 2641 2769 2681 meam
2797 2637 3131 2697 compertam
3164 2628 3387 2694 habeas,

1813 2715 2064 2770 omnibus
2086 2718 2173 2783 qui
2210 2718 2262 2771 in
2297 2717 2591 2773 Ecclesiam
2621 2718 2830 2773 admitti
2854 2729 3134 2786 expetunt,
3174 2721 3383 2789 absque

1815 2808 2197 2876 impedimento
2257 2810 2561 2877 ingressum
2609 2811 2869 2879 praebeto.
2923 2811 2979 2864 Si
3022 2827 3158 2880 quos
3206 2824 3388 2867 autem

1815 2897 2074 2952 Ecclesiae
2113 2898 2310 2952 sociari
2351 2904 2633 2969 cupientes
2663 2911 2713 2954 te
2744 2903 3108 2971 prohibuisse.
3150 2914 3243 2956 aut
3278 2904 3387 2959 illis

1816 2989 2021 3043 aditum
2050 2989 2415 3045 interclusisse
2444 2992 2708 3055 didicero,
2748 2994 2957 3046 mittam
2982 2996 3384 3063 quamprimum

1814 3080 1906 3150 qui
1951 3087 2002 3133 te
2034 3079 2187 3148 jussu
2235 3094 2354 3133 meo
2400 3082 2637 3146 abdicet,
2674 3092 2730 3137 et
2758 3096 2788 3135 e
2831 3084 3050 3139 sedibus
3094 3086 3389 3141 transferat

1816 3174 1946 3228 tuis.

194 3254 279 3312 60.
328 3257 560 3327 Ἐπειδὴ
612 3229 789 3312 τοίνυν
838 3261 932 3313 καὶ
979 3229 1205 3331 βασιλέα
1239 3264 1465 3334 γράφων
1497 3263 1710 3319 ἔπειθον

1890 3264 1978 3319 60.
2019 3265 2152 3320 Cum
2184 3274 2363 3318 tamen
2408 3263 2604 3319 litteris
2648 3265 2785 3320 meis
2823 3266 3136 3336 imperatori
3180 3270 3386 3325 suasis-

139 3350 395 3421 μηδεμίαν
454 3346 600 3404 εἶναι
642 3353 922 3405 κοινωνίαν
973 3356 1038 3424 τῇ
1087 3356 1455 3425 Χριστομάχῳ
1503 3355 1711 3425 αἱρέσει

136 3441 254 3509 πρός
290 3444 397 3505 τὴν
445 3441 743 3512 καθολικὴν
790 3444 1133 3516 Ἐκκλησίαν,
1170 3447 1293 3499 τότε
1337 3446 1521 3498 λοιπὸν
1551 3447 1716 3499 Εὑσέ·

137 3535 251 3597 ϐίος,
282 3537 377 3589 τὸν
419 3536 619 3607 καιρὸν
662 3535 723 3587 ὃν
757 3536 1102 3609 συνεφώνησε
1150 3539 1286 3609 μετὰ
1320 3539 1429 3591 τῶν
1460 3538 1718 3593 Μελιτια-

132 3626 223 3676 νῶν
245 3627 577 3697 προφέρων,
603 3626 806 3696 γράφει
827 3630 921 3680 καὶ
952 3630 1127 3683 πείθει
1154 3629 1376 3693 τούτους
1412 3629 1716 3683 πλάσασθαι

134 3718 425 3785 πρόφασιν,
459 3718 551 3783 ἵν’,
581 3719 773 3789 ὥσπερ
805 3719 947 3772 κατὰ
973 3722 1181 3793 Πέτρου
1222 3722 1318 3775 καὶ
1358 3721 1574 3791 Ἀχιλλᾶ
1622 3721 1717 3774 καὶ

142 3807 491 3880 Ἀλεξάνδρου
551 3809 1023 3880 μεμελετήκασιν,
1056 3811 1200 3864 οὕτω
1257 3813 1351 3865 καὶ
1395 3813 1516 3865 καθ’
1559 3811 1717 3883 ἡμῶν

133 3897 301 3970 ἔπινοὴ
310 3917 455 3953 σωσι
470 3901 568 3953 καὶ
583 3900 941 3970 θρυλλήσωσι.
961 3903 1137 3956 Πολλά
1155 3904 1251 3973 μὲν
1272 3900 1364 3957 οὖν
1387 3903 1719 3975 ζητήσαντες

130 3993 211 4044 καὶ
238 3995 312 4065 μὴ
363 3996 656 4066 εὑρόντες,
713 3993 937 4066 ὕστερον
975 3998 1112 4067 μετὰ
1160 3995 1385 4067 γνώμης
1425 3997 1534 4049 τῶν
1588 3998 1718 4068 περὶ

131 4083 381 4139 Εὐσέϐιον
425 4086 750 4139 συντιθέασι
773 4126 788 4151 ,
816 4088 911 4139 καὶ
952 4088 1279 4141 πλάττονται
1326 4087 1547 4159 πρώτην
1580 4106 1715 4142 κατ-

127 4179 346 4249 ηγορίαν
394 4179 491 4232 διὰ
538 4177 777 4240 ἰσίωνος
822 4179 917 4231 xa‘t
957 4179 1288 4250 Εὐδαίμονος
1320 4180 1412 4232 καὶ
1462 4180 1718 4233 Καλλινί-

128 4283 211 4318 κου
242 4270 359 4337 (75)
400 4288 474 4322 πε
486 4270 543 4340 pl.
575 4270 869 4338 στιχαρίων
902 4269 1084 4334 λινῶν,
1120 4270 1196 4333 ὡς
1229 4271 1362 4341 ἐμοῦ
1383 4273 1581 4325 κανόνα
1603 4274 1719 4333 τοῖς

126 4360 442 4427 Αἰγυπτίοις
476 4359 866 4423 ἐπιϐαλόντος,
900 4363 991 4414 κα)⁸
1026 4361 1278 4434 πρώτους
1316 4364 1511 4427 αὐτοὺς
1556 4365 1718 4416 ἁπαι-

124 4455 408 4521 τήσαντος.
448 4452 622 4507 Ἀλλὰ
654 4452 1034 4524 πρεσϐυτέρων
1067 4456 1354 4525 ἡμετέρων
1386 4456 1717 4525 εὑρεθέντων

124 4542 245 4607 ἐκεῖ,
270 4548 371 4599 καὶ
399 4544 678 4615 βασιλέως
699 4544 1004 4611 ἀκούοντος,
1028 4546 1503 4616 κατεγνὼσοησαν.
1525 4549 1584 4599 υί
1619 4547 1719 4616 μὲν

1821 3362 1958 3423 Sem,
1990 3357 2191 3410 nullam
2218 3356 2418 3411 debere
2462 3356 2652 3411 hmresi
2683 3356 2898 3411 Christo
2928 3360 3234 3413 adversanti
3264 3376 3387 3414 cum

1815 3448 2083 3503 catholica
2112 3448 2353 3503 Ecclesia
2379 3462 2500 3501 esse
2529 3451 2985 3515 communionem,
3023 3462 3132 3506 tum
3170 3455 3389 3507 demum

1815 3550 2027 3609 tempus
2051 3540 2119 3594 de
2144 3555 2250 3609 quo
2269 3556 2391 3593 cum
2422 3539 2721 3596 Meletianis
2738 3553 3069 3597 convenerat
3090 3559 3149 3598 se
3172 3555 3388 3599 nactum

1815 3633 2111 3687 ostendens
2143 3630 2429 3694 Eusebius,
2463 3632 2646 3685 missis
2694 3633 2761 3685 ad
2791 3646 2885 3685 eos
2926 3633 3145 3697 litteris,
3191 3643 3386 3688 auctor

1817 3722 1937 3786 fuit,
1969 3734 2027 3777 ut
2061 3738 2199 3777 novo
2220 3731 2524 3777 commento
2551 3723 2655 3787 usi,
2686 3724 2836 3792 paria
2862 3724 2930 3777 iis
2959 3738 3080 3792 qua:
3110 3724 3239 3779 olim
3267 3724 3385 3779 fue-

1817 3826 1941 3867 rant
1970 3822 2158 3869 contra
2190 3812 2428 3874 Petrum,
2478 3813 2760 3875 Achillam,
2786 3827 2842 3868 et
2872 3814 3237 3868 Alexandrum
3268 3831 3389 3869 mo-

1816 3907 1921 3973 liti,
1945 3907 2056 3973 jam
2080 3911 2365 3961 adversum
2400 3921 2496 3960 nos
2527 3906 2903 3974 echgitarent
2926 3918 2979 3961 et
3002 3907 3241 3975 undique
3267 3925 3389 3977 per-

1816 3997 2120 4067 vulgarent.
2152 3997 2331 4051 Multis
2360 3998 2525 4067 igitur
2554 3996 2896 4065 conquisitis,
2922 4013 3046 4051 cum
3078 3998 3213 4052 nihil
3242 3998 3388 4052 inve-

1817 4088 2049 4153 nissent,
2112 4089 2326 4142 Eusebii
2386 4089 2601 4141 tandem
2646 4087 2871 4141 consilio
2932 4088 3072 4142 hanc
3129 4090 3388 4157 priorem,

1818 4177 2029 4244 Isionis,
2072 4178 2417 4233 Endmmonis
2463 4190 2518 4233 et
2547 4180 2795 4233 Callinici
2839 4193 3027 4246 opera,
3074 4178 3391 4247 contingunt

1819 4270 2288 4335 criminationem;
2334 4273 2400 4325 de
2445 4270 2605 4324 lineis
2652 4284 2845 4337 nempe
2889 4268 3185 4330 slichariis,
3233 4270 3389 4336 quasi

1819 4376 1919 4432 ego
1950 4346 2418 4433 legemJEgyptiis
2446 4363 2736 4421 dedissem,
2769 4375 2829 4412 ac
2854 4374 2917 4412 ea
2942 4360 3150 4428 primus
3179 4360 3380 4427 exegiso

1819 4470 1932 4509 sem
1986 4456 2054 4506 ab
2102 4454 2227 4507 illis.
2273 4456 2343 4506 At
2388 4470 2511 4507 cum
2556 4468 2621 4505 ex
2653 4451 2983 4521 presbyteris
3030 4450 3230 4503 nostris
3280 4450 3390 4503 illic

1823 4555 1935 4597 tum
1995 4545 2228 4611 repertis
2278 4544 2354 4597 rei
2414 4544 2697 4597 veritatem
2743 4540 3021 4594 didicisset
3073 4541 3386 4607 imperator,

124 4681 284 4744 missi,
335 4688 547 4751 narrat
580 4679 806 4751 epistola
839 4679 1069 4733 Nicmnae
1098 4682 1289 4751 synodi
1328 4684 1467 4750 apud
1506 4682 1703 4734 Socra-
1740 4684 1783 4737 D
1812 4680 2140 4751 scripsisse;
2171 4687 2229 4732 nt
2263 4679 2315 4731 in
2346 4676 2733 4751 Admonitione
2758 4674 3013 4751 diximus.

121 4758 216 4802 tem
246 4754 283 4804 l.
322 4768 364 4814 ι,
396 4768 453 4803 c.
489 4750 528 4803 9
559 4768 573 4802 :
610 4749 822 4801 Meletio
850 4751 1060 4803 scilicet
1086 4749 1323 4819 episcopi
1358 4749 1548 4804 nomen
1604 4752 1705 4804 fuit

121 4835 472 4879 ωιιτεεειιιη,
513 4820 587 4871 ita
622 4831 799 4871 tamen
854 4831 913 4871 ιιι
946 4822 992 4873 is
1022 4823 1275 4872 omnibus
1318 4823 1553 4888 episcopi
1584 4820 1704 4872 fun-

118 4890 391 4944 ctionibus
426 4892 507 4941 sit
543 4890 885 4943 interdictus.
908 4891 1150 4955 Quivero
1177 4908 1206 4942 ιι
1237 4890 1447 4944 Meletio
1469 4891 1703 4943 ordinati

118 4962 352 5021 inerant,
390 4962 469 5012 ad
509 4959 951 5011 communionem
971 4969 1027 5013 et
1065 4963 1130 5012 ad
1158 4960 1362 5026 reliqua
1391 4963 1472 5013 sui
1495 4961 1704 5012 ordinis

116 5031 429 5083 ministeria
465 5030 727 5099 obeunda
747 5031 944 5099 recepti
971 5039 1121 5092 sunt,
1144 5045 1208 5083 ea
1240 5031 1375 5099 lege,
1403 5040 1461 5081 ιιι
1480 5031 1532 5082 in
1571 5044 1705 5080 nna-

111 5114 324 5164 quaque
370 5097 657 5168 parcecia,
706 5097 787 5149 vel
829 5100 1079 5163 ecclesia,
1125 5097 1360 5153 secundo
1384 5099 1500 5154 loco
1525 5106 1710 5151 essent

111 5171 171 5219 ab
222 5171 290 5223 iis
326 5167 489 5237 quos
520 5167 852 5237 Alexander
878 5169 1222 5231 ordinasset;
1255 5170 1391 5223 adeo
1427 5180 1605 5221 tamen
1651 5175 1711 5220 nt

111 5235 716 5307 episcopi—Alexandro
742 5235 965 5302 subjecti
1008 5238 1216 5307 injussu
1261 5238 1461 5291 nullam
1489 5237 1712 5293 ordina-

112 5305 337 5371 tioneni,
370 5316 485 5361 aut
517 5305 666 5356 aliud
701 5305 1074 5375 quodcunque
1092 5310 1159 5361 ad
1193 5309 1445 5364 ecclesiae
1469 5308 1712 5377 regimen

110 5389 372 5442 spectans
403 5377 869 5444 aggrederentur.

174 5446 288 5516 (69)
308 5446 416 5501 Sic
460 5448 602 5516 Reg.
646 5444 780 5497 Editi
807 5460 954 5516 vero,
985 5445 1239 5512 δέξασθαί
1264 5464 1324 5500 τε
1349 5447 1441 5499 τὸν
1473 5446 1712 5515 Ἀρειον.

170 5514 289 5585 (70)
327 5519 407 5571 Ἀ
435 5514 739 5581 πρότερον
768 5514 868 5566 καὶ
898 5516 1014 5569 νῦν
1044 5516 1333 5571 πέπονθα.
1380 5517 1473 5571 llis
1514 5514 1717 5570 indicat

105 5587 470 5639 Athanasius
506 5586 743 5649 primum
771 5587 855 5638 sui
902 5587 1152 5640 exsilium
1202 5590 1254 5640 in
1299 5587 1513 5649 Galliis,
1541 5602 1605 5639 ac
1628 5601 1715 5639 se-

105 5658 351 5710 cundum
373 5668 501 5725 quo
524 5651 905 5725 postGregorii
935 5658 1291 5711 intrusionem
1319 5667 1521 5725 septem
1543 5671 1713 5708 annos

105 5728 356 5779 extorris
395 5721 410 5723 _
435 5724 568 5775 fuit.
615 5721 863 5789 Voceque
896 5725 991 5779 νῦν
1035 5726 1289 5781 innuitse
1322 5721 1423 5778 non
1454 5727 1541 5777 diu
1593 5734 1717 5792 post

105 5812 263 5851 suum
308 5813 387 5851 ex
444 5794 698 5847 secundo
742 5795 931 5850 exsilio
981 5799 1209 5851 reditum
1242 5800 1377 5850 hanc
1409 5798 1710 5864 apologiant

1886 4751 1997 4819 (7i)
2031 4748 2141 4802 Hoc
2168 4750 2405 4817 epistolae
2441 4745 2782 4819 Constantini
2824 4747 3181 4819 fragmentum
3219 4744 3386 4819 hahe-

1815 4815 1903 4871 tnr
1934 4822 2059 4872 item
2093 4815 2233 4885 apud
2269 4819 2427 4870 Socr.
2464 4817 2555 4868 lib.
2590 4832 2626 4877 ι,
2666 4831 2784 4881 cap.
2829 4815 2919 4877 27,
2945 4824 2997 4885 et
3031 4817 3384 4885 apudSozo—

1815 4905 2028 4943 menum
2063 4884 2156 4941 lib.
2191 4904 2249 4946 ιι,
2280 4904 2331 4941 c.
2367 4886 2458 4947 2‘2.
2489 4887 2579 4952 qui
2607 4901 2673 4938 ex
2700 4884 2999 4938 Athanasio
3023 4884 3383 4952 complurima

1812 4976 1931 5027 quae
1956 4958 2150 5027 ibidem
2175 4956 2405 5011 alierum
2442 4964 2782 5021 acceperunt.

1886 5028 1996 5096 (72)
2018 5026 2177 5091 Editi,
2197 5027 2271 5090 ὡς
2289 5029 2356 5090 εί,
2376 5028 2467 5079 sed
2493 5028 2540 5078 εἰ
2559 5041 2681 5078 cum
2713 5025 2849 5096 apud
2884 5024 3038 5078 Socr.
3056 5034 3111 5076 et
3134 5023 3261 5096 Sor;
3279 5039 3385 5077 non

1816 5092 2045 5167 tegatur,
2068 5098 2119 5149 in
2150 5097 2535 5167 llegtdeletuni
2573 5098 2664 5167 sit.
2697 5107 2752 5148 et
2781 5094 2980 5167 alioqui
3013 5092 3383 5167 supercilium.

1815 5164 2141 5233 expunctum
2158 5164 2258 5220 est'.
2280 5166 2447 5219 Paulo
2482 5176 2602 5229 post
2621 5164 2756 5234 Reg.
2783 5178 2843 5221 et
2864 5166 3081 5220 Sozont.
3103 5177 3220 5233 post
3250 5164 3387 5214 ἀπο-

1817 5235 1993 5311 στεέςὲ
2029 5235 2626 5311 [ιθιεεξηιπαραχρῆμα-
2777 5304 2790 5311 -
3022 5303 3089 5311 -.

1891 5305 2316 5381 (75)_ln_Meletit
2340 5300 2627 5381 Breviario
2648 5304 2998 5381 nominantur
3022 5300 3388 5381 [sionﬁthri-

1819 5373 2291 5439 bees,'Eudaemon
2340 5374 2573 5437 Taneos,
2621 5385 2677 5429 et
2705 5375 2994 5429 Callinicus
3024 5373 3217 5426 Pelusii
3266 5373 3387 5439 epis

1823 5437 1969 5514 scopi
2021 5444 2310 5510 Meletiani,
2351 5447 2444 5514 qui
2487 5446 2733 5498 videntur
2778 5446 2940 5514 iidem
2976 5442 3075 5514 ipsi
3119 5452 3241 5514 esse
3259 5437 3386 5514 _qui

1822 5507 2329 5570 hic-memorantur.
2360 5507 2523 5568 Paulo
2554 5524 2690 5581 post,
2726 5507 3019 5582 στιχαρίων
3043 5508 3227 5582 λινῶν.
3259 5507 3387 5582 Στι-

1821 5585 2008 5656 χάρια,
2052 5597 2230 5639 vestes
2258 5602 2378 5653 quae
2416 5579 2703 5656 episcopis,
2757 5579 3108 5656 presbyteris,
3140 5579 3386 5656 aliut-onis

1820 5648 1875 5709 et
1896 5648 2242 5709 'subdiacoms
2271 5648 2387 5706 nstri
2420 5648 2611 5706 erant.
2642 5650 2837 5702 Lincas
2863 5648 3025 5701 lniSse
3052 5664 3176 5702 cum
3212 5648 3383 5700 Atha-

1826 5725 1977 5777 nasio
1998 5728 2147 5776 nittnt
2177 5725 2426 5775 Socrates
2455 5731 2507 5774 ct
2526 5723 2874 5771 Sozmncltns.
2898 5721 2968 5772 lle
2998 5720 3079 5773 Itis
3108 5720 3223 5773 l'use
3247 5716 3387 5772 Catti-

1827 5796 1943 5862 gitts
1971 5796 2022 5847 in
2054 5794 2225 5847 Gloss.
2252 5795 2432 5845 medim
2460 5801 2504 5842 et
2539 5792 2632 5855 in].
2660 5786 2829 5841 Gneo.
