3978 6520
522 5322 536 5381 l

548 427 655 486 359

1115 424 1170 480 S.
1212 421 1577 479 ATHANASII
1617 410 1783 476 OPP.
1808 416 1985 473 PARS
2024 419 2065 471 l.
2104 450 2170 459 —
2208 414 2578 470 lilSTOlllCA
2612 411 2697 467 ΕΤ
2736 409 3158 468 DOGMATIGA.

3693 415 3789 467 350

554 557 740 598 eorum
780 541 1115 611 deprehensa
1160 541 1427 596 calumnia
1455 549 1555 601 est,
1594 547 1857 604 erantque
1892 536 2111 604 presby-

2239 550 2307 586 νυν
2337 531 2692 603 πρεσϐύτεροι
2735 526 2894 599 ἦσαν,
2932 529 3097 591 "Am;
3127 527 3239 600 (74)
3274 528 3370 581 καὶ
3410 527 3702 598 Μακάριος
3723 545 3734 557 ·
3764 531 3791 581 ὁ

557 632 659 685 teri
693 630 766 684 illi
798 631 927 698 Apis
957 639 1013 684 et
1052 630 1338 685 Macarius.
1372 631 1538 684 Porro
1578 631 1868 696 imperator
1909 624 2117 679 litteras

2239 625 2273 675 ἑὲ
2326 622 2578 691 βασιλεὺς
2630 622 2830 691 γράφει
2883 616 3312 687 καταγινώσκων
3369 617 3467 687 μὲν
3529 616 3789 681 Ἰσίωνος,

558 723 728 786 misit,
758 723 952 790 quibus
977 723 1164 776 Isionis
1198 723 1397 777 factum
1430 722 1716 781 damnans,
1743 734 1841 771 nos
1865 718 2121 785 przecCpit

2239 714 2452 767 εελεύων
2483 713 2540 765 δὲ
2581 713 2680 782 ἐμὲ
2716 711 3021 780 ἀπαντῆσαι
3066 710 3205 781 πρὸς
3234 709 3417 762 αὐτόν.
3456 708 3569 762 Kal.
3600 709 3669 761 τά
3701 710 3794 778 μὲν

556 828 675 867 sese
701 814 873 868 adire.
901 813 994 868 Ha:
1030 822 1154 868 sunt
1181 822 1356 867 autem
1402 812 1505 865 illa:
1530 811 1739 865 litterae.
1804 848 1817 860 .
1880 847 1895 860 .
1959 848 1973 862 .
2026 847 2040 861 .
2102 844 2119 859 .

625 928 887 982 Eusebius
924 942 983 981 re
1024 937 1295 995 comperta
1343 928 1531 980 suadet
1562 924 1689 986 illis,
1737 934 1795 975 ut
1826 938 1891 977 ne
1927 922 2123 976 isthinc

2221 807 2503 877 γραφέντα
2535 803 2650 855 ἐστὶ
2676 802 2847 855 ταῦτα
2878 800 3013 872 (75).
3091 844 3105 857 .
3184 838 3200 852 .
3280 837 3297 854 .
3389 841 3404 853 .
3488 840 3502 853 .
3582 839 3601 857 .
3689 842 3704 857 .
3777 840 3791 853 .

2305 920 2362 971 Ὀ
2388 918 2444 970 δὲ
2476 916 2733 980 Εὐσέϐιος
2786 914 2992 987 μαθὼν,
3024 913 3201 967 πείθει
3236 911 3552 982 περιμένειν
3583 909 3793 973 αὐτούς.

557 1020 835 1076 secedant.
871 1020 1112 1090 Cumque
1148 1020 1505 1082 advenissem,
1535 1017 1832 1071 Macarium
1862 1016 2036 1069 denuo
2059 1015 2123 1068 de

2239 1010 2331 1064 ἰαὶ
2358 1009 2604 1071 ἐλθόντος
2636 1025 2760 1077 μου,
2791 1004 3158 1077 κατηγοροῦσι
3181 1003 3344 1057 πάλιν
3381 1002 3672 1072 Μακαρίου
3704 1000 3796 1090 μὲν

558 1111 840 1167 confracto
865 1113 1035 1167 calice
1072 1112 1425 1167 insimulant:
1468 1110 1709 1179 mihique
1750 1108 1892 1163 haud
1925 1107 2121 1170 levem,

558 1205 668 1258 imo
705 1205 942 1259 omnium
984 1205 1378 1259 atrocissimam
1413 1206 1720 1271 imposuere
1746 1194 2121 1261 calumniam;

557 1297 698 1364 quod
730 1295 934 1349 scilicet
958 1296 1269 1366 imperatori
1299 1295 1642 1367 adversatus,
1673 1292 1927 1348 scrinium
1957 1291 2128 1343 misis-

557 1399 671 1439 sem
711 1385 828 1438 auri
883 1383 1101 1454 plenum
1146 1386 1360 1439 cuidam
1406 1372 1743 1438 Philumeno.
1796 1381 1998 1435 Verum
2036 1380 2125 1435 ubi

558 1487 655 1526 nos
699 1473 990 1542 imperator
1020 1475 1160 1527 hanc
1184 1488 1397 1543 quoque
1425 1472 1753 1527 calumniam
1784 1470 2128 1525 confutanles

555 1562 941 1618 Psammatbite
987 1566 1244 1630 audisset,
1281 1564 1356 1618 illi
1392 1565 1459 1618 de
1498 1579 1647 1617 more
1700 1562 1820 1616 falsi
1867 1562 2125 1627 convicti,

559 1656 769 1725 expulsi
796 1664 941 1710 sunt.
970 1655 1135 1710 Nobis
1162 1666 1340 1711 autem
1366 1656 1739 1721 redeuntibus,
1776 1654 1872 1708 has
1896 1655 2128 1723 impera-

560 1755 645 1799 tor
667 1747 733 1799 ad
764 1747 985 1816 populos
1014 1747 1158 1802 dedit
1184 1748 1425 1802 litteras:

661 1875 1239 1931 CONSTANTINUS
1274 1875 1621 1933 MAXIMUS
1656 1876 2035 1932 AUGUSTUS

769 1969 957 2039 populo
983 1970 1336 2024 Alexandrino
1366 1970 1634 2024 catholica:
1661 1968 1927 2025 Ecclesiw.

631 2149 717 2202 Gl.
761 2150 951 2204 Dilecti
1000 2150 1218 2212 fratres,
1264 2150 1441 2205 saluto
1483 2165 1601 2214 vos,
1650 2150 1820 2204 Deum
1872 2152 2135 2207 invocans

560 2241 854 2294 maximum
887 2240 1183 2296 voluntatis
1217 2256 1350 2295 mea:
1395 2250 1613 2305 testem,
1651 2252 1958 2309 nostraeque
2004 2244 2136 2313 legis

562 2330 897 2397 nnigcnitum
929 2339 1256 2393 creatorem,
1294 2330 1383 2398 qui
1418 2329 1469 2381 in
1497 2330 1738 2381 omnium
1763 2332 1929 2382 vitam
1960 2332 2134 2383 domi-

562 2430 752 2474 natum
784 2419 1014 2481 obtinet,
1048 2429 1102 2473 et
1145 2419 1449 2473 discordias
1487 2418 1621 2471 odit.
1661 2417 1855 2472 Verum
1899 2420 2025 2487 quid
2054 2418 2137 2471 di-

561 2508 716 2561 cam?
752 2523 821 2561 an
857 2508 1065 2563 scilicet
1110 2522 1207 2562 nos
1250 2509 1386 2562 bene
1422 2506 1642 2562 valere?
1688 2508 1780 2561 sed
1818 2508 1985 2562 multo
2023 2508 2138 2562 feli-

563 2596 697 2651 ciori
741 2597 973 2651 sanitate
1010 2594 1115 2650 frui
1162 2597 1369 2662 liceret,
1408 2598 1454 2651 si
1506 2612 1603 2652 vos
1646 2609 1833 2650 mutuo
1879 2598 2137 2665 depositis

564 2690 703 2744 odiis
731 2689 987 2743 amaretis
1018 2705 1033 2743 :
1070 2704 1175 2757 quo
1202 2687 1405 2742 factum
1449 2697 1531 2743 est
1574 2699 1635 2741 ut
1676 2691 2135 2743 contentiosorum

566 2779 844 2834 hominum
887 2778 1137 2849 procellis
1161 2778 1469 2834 dileCtionis
1497 2779 1875 2849 reliquerimus
1900 2790 2133 2848 portum.

567 2870 611 2925 0
633 2884 745 2923 rem
778 2870 1095 2925 absurdam!
1128 2870 1312 2938 quanti
1344 2870 1583 2940 quotidie
1627 2884 1784 2923 casus
1808 2885 1901 2939 per
1936 2870 2135 2923 tumul-

568 2971 775 3017 tuosam
805 2961 1063 3015 invidiam
1097 2961 1439 3014 excitantur!
1477 2959 1568 3013 Sic
1609 2969 1693 3013 est
1731 2959 1800 3012 ad
1846 2959 1939 3013 Dei
1974 2974 2139 3029 popu-

566 3051 673 3105 lum
711 3051 930 3105 infamia
969 3051 1246 3105 translata.
1283 3050 1550 3117 Quorsum
1593 3049 1756 3119 igitur
1783 3050 2007 3117 justitia:
2051 3064 2137 3104 re-

567 3143 729 3198 cessit
773 3144 924 3206 fides,
966 3157 1086 3196 cum
1131 3152 1274 3195 tanta
1315 3142 1656 3195 tenebrarum
1699 3142 1929 3211 caligine
1965 3142 2138 3195 invol-

565 3252 789 3303 vamur;
849 3251 954 3289 non
1006 3236 1175 3290 solum
1238 3250 1335 3303 per
1384 3233 1530 3287 varie
1579 3232 1913 3301 implicatum
1980 3212 2205 3302 1420

567 3342 831 3389 errorem,
859 3326 950 3380 sed
977 3325 1139 3379 etiam
1166 3340 1261 3393 per
1302 3326 1638 3394 ingratorum
1669 3324 1945 3378 hominum
1982 3324 2134 3387 vitia,

568 3418 692 3470 dum
723 3427 778 3471 et
806 3418 1047 3471 stultitiae
1070 3416 1310 3470 fautores
1336 3416 1629 3469 toleramus
1656 3425 1708 3469 et
1739 3429 1834 3469 eos
1858 3416 1948 3483 qui
1973 3416 2137 3484 azqni-

570 3519 733 3563 tatem
802 3510 1199 3578 veritatemque
1262 3507 1548 3578 profligant
1624 3509 2137 3575 animadvertentes,

569 3600 892 3670 negligimus
923 3600 1145 3654 tamen?
1175 3599 1433 3666 Quaenam
1486 3599 1574 3652 illa
1628 3608 1773 3653 tanta
1817 3600 2140 3668 perversitas

570 3692 792 3745 nostra?
822 3691 1076 3746 Inimicos
1111 3704 1219 3744 non
1253 3691 1621 3755 confutamus,
1670 3691 1762 3744 sed
1794 3690 2137 3745 latrocinium

569 3792 874 3837 sectamur:
902 3798 1007 3853 quo
1035 3782 1493 3850 perniciosissima
1528 3780 1699 3845 fraus,
1735 3785 1947 3837 nemine
1980 3798 2140 3851 repn-

566 3884 789 3942 guante,
822 3875 921 3928 sibi
970 3873 1222 3928 facillime
1250 3873 1391 3926 viam
1445 3875 1673 3944 paravit.
1718 3873 1975 3930 Nullusne
2019 3884 2139 3929 tan-

570 3965 691 4016 dem
726 3978 921 4018 sensus
962 3973 1065 4027 cst,
1104 3978 1170 4018 ne
1204 3963 1393 4018 saltem
1429 3964 1734 4019 communis
1766 3965 2004 4019 omnium
2045 3980 2139 4019 na-

571 4065 706 4107 tura:
731 4055 925 4123 gratia,
944 4055 987 4109 si
1007 4055 1221 4124 quidem
1248 4055 1380 4125 legis
1402 4065 1668 4125 praecepta
1690 4058 2139 4126 contempsimus?

568 4144 677 4200 Sed
710 4147 851 4201 dicet
880 4147 1165 4216 quispiam,
1198 4148 1287 4201 illa
1330 4148 1520 4202 saltem
1554 4149 1773 4204 dilectio
1804 4164 1923 4218 qua:
1949 4165 2141 4205 secun~

570 4238 699 4291 dum
735 4247 979 4292 naturam
1026 4249 1109 4292 est
1140 4238 1433 4293 invenitur.
1470 4237 1610 4305 Quid
1646 4256 1799 4309 ergo,
1845 4255 2013 4293 nosne
2048 4241 2140 4307 qui

571 4342 625 4383 et
654 4329 743 4382 Dei
778 4329 915 4400 lege,
949 4338 1003 4382 et
1034 4328 1173 4383 bona
1207 4328 1382 4383 indole
1412 4328 1659 4383 instructi
1697 4345 1904 4394 sumus,
1941 4331 2138 4383 tumul-
2180 4368 2190 4383 .

572 4436 682 4475 tum
749 4430 803 4475 et
846 4420 1305 4490 perturbationem
1357 4421 1701 4477 inimicorum
1764 4422 2137 4487 tolerabimus,

566 4514 661 4582 qui
691 4512 843 4582 quasi
876 4511 1086 4566 facibus
1125 4512 1306 4566 omnia
1347 4512 1682 4567 incendunt?
1717 4527 1815 4567 nec
1845 4523 2022 4567 tamen
2060 4513 2141 4564 vi-

571 4612 760 4658 demus
799 4603 923 4657 licet
971 4601 1140 4656 oculis
1188 4603 1425 4670 praediti,
1470 4617 1646 4671 neque
1686 4602 1973 4666 sentimus,
2019 4604 2143 4656 licet

570 4696 703 4764 legis
734 4695 982 4748 sensibus
1008 4695 1243 4762 undique
1286 4693 1657 4760 circumsepti.
1698 4692 1944 4758 Quantus
1978 4695 2143 4764 igitur

572 4794 756 4852 stupor
824 4784 986 4836 vitam
1038 4792 1284 4836 nostram
1341 4782 1718 4850 apprehendit,
1775 4784 1991 4850 quando
2044 4799 2139 4837 nos

566 4877 717 4943 ipsos
750 4876 820 4928 ita
856 4874 1195 4942 negligimus,
1228 4873 1354 4927 licet
1398 4874 1511 4926 haec
1561 4888 1659 4925 nos
1702 4873 1843 4926 Deus
1878 4875 2137 4929 moneat?

573 4967 761 5020 Nonne
797 4967 993 5019 malum
1026 4966 1155 5019 illud
1203 4965 1540 5018 intolerabile
1569 4966 1689 5018 cst?
1733 4982 1913 5019 nonne
1959 4970 2140 5023 hostes

575 5067 628 5119 hi
669 5075 797 5121 sunt
847 5066 1216 5130 existimandi,
1252 5065 1429 5135 potius
1465 5078 1623 5131 quam
1659 5061 1850 5114 domus
1879 5070 1931 5113 et
1966 5074 2136 5129 popu-

570 5157 656 5211 lus
708 5157 845 5213 Dei?
893 5159 948 5212 ln
985 5174 1081 5213 nos
1126 5159 1533 5212 debacchentur
1571 5154 1980 5207 sceleratissimi
2026 5152 2135 5215 illi,

642 5406 755 5528 (2774)
783 5400 880 5458 llic
909 5404 1059 5475 Apis,
1094 5404 1392 5465 Ἀλύπιοςτι
1427 5402 1655 5459 Socrate
1684 5412 1935 5470 vocatur,
1970 5402 2065 5458 lib.
2098 5420 2137 5469 ι,

562 5490 613 5528 (Σο
642 5490 732 5528 ‘Zl.

2224 1099 2353 1170 περὶ
2401 1098 2682 1168 ποτηρίου,
2722 1096 2819 1166 ἐμὲ
2861 1094 2915 1146 δὲ
2960 1095 3019 1146 οὺ
3052 1093 3151 1164 τὴν
3206 1091 3477 1162 τυχοῦσαν
3526 1089 3796 1159 διαὸολὴν,

2224 1190 2360 1245 ἀλλά
2391 1192 2489 1261 τὴν
2538 1190 2799 1243 ἀνωτάτω
2832 1186 3041 1249 πασῶν,
3075 1186 3156 1238 ὅτι
3199 1184 3284 1255 δὴ,
3340 1184 3483 1236 κατά
3538 1181 3799 1252 βασιλέως

2224 1282 2535 1352 γενόμενος,
2567 1278 2790 1349 ἔπεμψα
2814 1277 3193 1347 γλωσσόκομον
3228 1276 3451 1346 χρυσίου
3490 1273 3799 1343 Φιλουμένῳ

2226 1374 2351 1427 τινί.
2406 1373 2465 1425 Ὀ
2521 1370 2619 1442 μέρν
2651 1366 2744 1424 οῦν
2787 1367 3033 1439 βασιλεὺς
3080 1366 3174 1420 καὶ
3215 1367 3341 1435 περὶ
3383 1363 3591 1437 ταύτης
3632 1366 3688 1416 ἐν
3734 1366 3798 1435 τῇ

2226 1463 2535 1535 Ψαμμαθίᾳ
2582 1460 2692 1532 (76)
2748 1461 2977 1530 ήκουσεν
3017 1457 3197 1529 ἡμῶν,
3247 1457 3400 1509 αὐτοὶ
3446 1456 3507 1508 δέ
3562 1453 3800 1524 συνήθως

2229 1555 2705 1624 καταγνωσθέντες
2737 1554 3037 1623 ἐρρίφησαν
3059 1568 3071 1579 ·
3121 1550 3213 1602 καὶ
3247 1550 3448 1619 γράφει
3478 1549 3596 1609 τοῖς
3638 1544 3798 1611 λαοῖς,

2228 1642 2674 1713 ἐπανερχομένων
2701 1640 2877 1709 ἡμῶν,
2905 1638 3096 1691 ταῦτα’

2162 1884 2208 1941 Β
2322 1866 2882 1919 ΚΩΝΣΤΑΝΤΙΝΟΣ
2916 1865 3293 1917 ΜΕΓΙΣΤΟΣ
3331 1863 3721 1915 ΣΕΒΑΣΤΟΣ

2235 1955 2315 2021 τῷ
2381 1955 2510 2021 λαῷ
2574 1955 2653 2020 τῷ
2721 1956 2871 2009 κατὰ
2945 1951 3400 2021 Ἀλεξάνδρειαν
3478 1949 3802 2019 καθολικ-ἦς

2842 2026 3220 2093 Ἐκκλησίας.

2307 2137 2396 2193 61.
2442 2139 2741 2210 Ἀγαπητοὶ
2769 2138 3003 2207 ἀδελφοὶ,
3054 2136 3449 2209 προσαγορεύω
3488 2137 3658 2206 ὑμᾶς,
3692 2136 3802 2187 ἐπι-

2236 2231 2565 2302 καλούμενος
2594 2232 2685 2284 τὸν
2728 2232 2857 2284 Θεὸν
2900 2232 2988 2284 τὸν
3029 2234 3129 2302 τῆς
3174 2232 3312 2301 ἐμῆς
3360 2229 3671 2299 βουλήσεως
3714 2226 3804 2298 μέ-

2235 2340 2419 2390 γιστον
2452 2325 2722 2394 μάρτυρα,
2753 2325 2846 2378 καὶ
2876 2323 2967 2377 τὸν
2992 2324 3088 2377 τοῦ
3127 2323 3392 2394 ἡμετέρου
3436 2321 3607 2390 νόμον
3642 2320 3805 2372 Μονο-

2236 2416 2367 2486 γενῆ
2391 2416 2743 2486 δημιουργὸν,
2777 2417 2833 2479 ὃς
2860 2417 2955 2469 καὶ
2982 2416 3081 2485 τῆς
3112 2414 3255 2485 ζωῆς
3277 2411 3680 2484 προκαθέζεται
3706 2411 3805 2463 τῶν

2235 2508 2528 2571 ἁπάντων,
2579 2508 2673 2560 καὶ
2729 2508 2830 2571 τὰς
2888 2506 3156 2578 διχονοίας
3218 2508 3383 2576 μισεῖ.
3436 2504 3589 2576 Πλὴν
3644 2504 3694 2555 τί
3747 2502 3804 2555 ἂν

2236 2599 2480 2668 εἴποιμι;
2512 2600 2593 2652 ὅτι
2621 2599 2799 2663 καλῶς
2826 2599 3176 2669 ὑγιαίνομεν;
3215 2597 3352 2650 Ἀλλ’
3374 2596 3502 2668 ἐξῆν
3536 2596 3807 2657 καλλίονος

2237 2688 2539 2740 ἀπολαῦσαι
2586 2689 2683 2760 τῆς
2708 2689 3029 2760 εὐρωστίας,
3068 2689 3117 2739 εἰ
3148 2687 3291 2758 ὑμᾶς
3338 2685 3540 2747 αὐτοὺς
3586 2682 3806 2752 ἀμοιϐα-

2235 2781 2317 2843 δὶς
2344 2781 2453 2851 (77)
2481 2782 2751 2849 ἠγαπᾶτε,
2779 2780 3200 2849 ἀποσεισάμενοι
3224 2778 3291 2831 τὰ
3319 2778 3474 2848 μίση,
3498 2777 3568 2828 δι’
3599 2770 3674 2827 ὧν
3698 2776 3805 2835 ταῖς

2237 2871 2343 2925 τῶν
2384 2872 2810 2944 ἐρεσχελούντων
2835 2872 3155 2944 τρικυμίαις
3178 2870 3268 2922 τὸν
3312 2869 3509 2939 λιμένα
3536 2868 3637 2937 τῆς
3680 2866 3804 2932 ἀγά-

2238 2976 2347 3033 πης
2376 2962 2823 3031 ἐγκατελίπομεν.
2876 2961 2980 3014 Φεῦ
3025 2961 3125 3031 τῆς
3165 2959 3391 3021 ἀτοπίας
3415 2956 3806 3027 ταύτηςῑὍσα

2238 3055 2360 3109 καθ’
2399 3056 2635 3124 ἑκάστην
2664 3054 2876 3125 ἡμέραν
2921 3051 3301 3122 συμπτώματα
3332 3049 3445 3119 (78)
3489 3047 3585 3101 τοῦ
3623 3063 3809 3115 συγκεο

2231 3134 2472 3219 ’χυμένου
2508 3146 2699 3215 φθόνου
2738 3147 2992 3198 κινεῖταιί
3028 3142 3183 3196 Οὕτω
3234 3142 3370 3212 πρὸς
3410 3140 3503 3194 τὸν
3558 3139 3686 3192 λαὸν
3717 3135 3809 3191 τοῦ

2239 3237 2372 3291 Θεοῦ
2426 3236 2839 3309 μετῳκίσθησαν
2887 3239 2942 3290 αἱ
2981 3234 3303 3304 δυσφημίαι.
3340 3233 3450 3286 Ποῦ
3498 3233 3675 3286 τοίνυν
3713 3233 3811 3301 τῆς

2238 3328 2582 3398 δικαιοσύνης
2624 3329 2657 3397 ή
2708 3327 2887 3389 πίστις
2937 3324 3393 3395 ἀνακεχώρηκεν,
3442 3325 3573 3377 ὅπου
3618 3339 3679 3390 γε
3725 3324 3809 3383 είς

2238 3419 2490 3473 τοσοῦτον
2538 3421 2603 3489 τῇ
2644 3418 2738 3470 τοῦ
2775 3417 2997 3479 σκότους
3051 3415 3208 3485 ἀχλύῖ
3261 3412 3703 3486 περιϐεϐλήμεθα
3746 3413 3813 3465 οὐ

2243 3511 2399 3583 μόνον
2428 3510 2516 3563 διὰ
2541 3510 2637 3581 τὴν
2666 3508 3001 3562 πολύπλοκον
3030 3508 3266 3576 πλάνην,
3309 3506 3447 3559 ἀλλά
3486 3506 3580 3560 καὶ
3628 3504 3715 3557 διὰ
3744 3505 3813 3557 τὰ

2237 3605 2346 3657 τῶν
2391 3603 2700 3674 ἀχαρίστων
2758 3601 3145 3672 ἐλαττώματα,
3199 3598 3306 3652 τῶν
3339 3599 3439 3670 μὲν
3493 3599 3593 3669 τὴν
3632 3599 3813 3652 ἄνοιαν

2243 3695 2613 3767 βραϐευόντων
2656 3692 2987 3764 ἀνεχόμεθα,
3020 3691 3129 3745 τῶν
3157 3692 3213 3744 δέ
3244 3690 3341 3761 τὴν
3385 3690 3686 3744 ἐπιείκειαν
3716 3690 3813 3741 καὶ

2239 3788 2337 3858 τὴν
2371 3785 2625 3858 ἀλήθειαν
2668 3783 3099 3855 διακρουομένων
3133 3781 3514 3851 αἰσθανόμενοι
3550 3779 3814 3851 παρενθυ·

2244 3878 2527 3951 μούμεθα;
2560 3878 2623 3930 Τί
2661 3878 2721 3929 τὸ
2747 3876 2920 3929 δεινὸν
2950 3873 3109 3927 τοῦτο
3138 3873 3236 3942 τῆς
3278 3873 3554 3942 ἡμετέρας
3581 3871 3813 3933 κακίας;

2240 3971 2380 4034 Τοὺς
2399 3969 2626 4039 ἐχθροὺς
2654 3969 2754 4020 οὐκ
2782 3966 3094 4037 ἐλέγχομεν,
3117 3964 3229 4016 ἀλλ’
3253 3962 3500 4033 ἑπόμεθα
3522 3963 3599 4033 τῷ
3619 3963 3818 4036 λῃστη-

2246 4061 2364 4133 ρίῳ,
2396 4062 2461 4114 δι’
2491 4055 2550 4114 οὗ
2574 4060 2694 4113 ὀδόν
2727 4076 2848 4113 τινα
2902 4059 3097 4127 ἑαυτῇ,
3151 4055 3215 4107 ἵν’
3245 4054 3419 4118 οῦτως
3459 4055 3619 4118 εἴπω,
3655 4052 3817 4124 ήτῆς

2242 4153 2517 4216 ἀπωλείας
2569 4153 2752 4223 ἀπάτη
2781 4192 2795 4214 ,
2859 4149 3084 4221 μηδενὸς
3151 4146 3563 4217 ἀντικειμένου,
3621 4144 3819 4216 ῥᾳδίως

2240 4247 2551 4317 εἰργάσατο.
2588 4239 2733 4315 *Αρα
2762 4241 2984 4312 οὐδεμία
3031 4242 3175 4293 ἐστὶν
3219 4240 3491 4309 αἴσθησις,
3521 4240 3639 4292 οὐδὲ
3676 4236 3821 4290 κατά

2242 4339 2401 4410 χάριν
2455 4337 2553 4407 τῆς
2601 4336 2787 4405 κοινῆς
2821 4334 3072 4388 ἁπάντων
3113 4331 3329 4401 φύσεως
3352 4370 3367 4393 ,
3414 4331 3467 4383 εἴ
3500 4347 3562 4399 γε
3583 4329 3686 4382 τῶν
3718 4324 3823 4379 τοῦ

2242 4431 2409 4500 νόμου
2458 4428 2892 4499 προσταγμάτων
2936 4425 3320 4496 ήμελήσαμεν;
3370 4423 3512 4477 Ἀλλ’
3552 4424 3663 4492 ἐρεῖ
3705 4437 3818 4481 τις,

2244 4520 2386 4575 κατὰ
2412 4519 2571 4589 φύσιν
2594 4521 2627 4590 ή
2659 4518 2848 4588 ἀγάπη
2879 4517 3270 4585 ἐξευρίσκεται.
3296 4516 3360 4568 Τί
3384 4511 3500 4580 οῦν,
3530 4518 3607 4569 ὅτι
3632 4515 3820 4583 ἡμεῖς,

2250 4612 2345 4663 καὶ
2392 4610 2481 4662 τὸν
2520 4609 2611 4662 τοῦ
2663 4608 2797 4662 Θεοῦ
2848 4608 3009 4678 νόμον
3056 4606 3193 4677 πρὸς
3223 4609 3288 4676 τῇ
3328 4607 3528 4677 εὐφυΐᾳ
3573 4605 3818 4675 σχόντες,

2245 4700 2552 4771 ἀνεχόμεθα
2604 4701 2701 4771 τῆς
2748 4699 3020 4769 ὀχλήσεως
3072 4700 3167 4751 καὶ
3244 4698 3340 4751 τοῦ
3414 4698 3634 4766 θορύϐου
3704 4694 3820 4747 τῶν

2246 4791 2491 4863 ἐχθρῶν,
2536 4795 2760 4863 πυρσοῖς
2796 4809 2956 4853 τισιν,
3011 4791 3088 4854 ὡς
3135 4790 3338 4857 ἔοικεν,
3400 4790 3821 4859 ἐξαπτομένων;

2244 4886 2352 4938 Καὶ
2380 4887 2474 4955 οὐχ
2507 4885 2719 4955 ὁρῶμεν
2766 4884 3075 4954 ὀφθαλμοὺς
3118 4882 3366 4953 ἔχοντες,
3402 4883 3521 4934 οὐδὲ
3565 4878 3822 4934 αἰσθανό-

2249 4975 2405 5045 μεθα,
2430 4976 2603 5028 καίτοι
2629 4978 2748 5038 ταῖς
2773 4974 2865 5027 τοῦ
2899 4975 3061 5046 νόμου
3088 4974 3401 5045 αἰσθήσεσιν
3433 4975 3580 5035 ὄντες
3604 4986 3828 5040 πεφρα-

2244 5066 2452 5137 γμένοι.
2515 5066 2718 5136 Ὀπόση
2764 5067 2870 5137 ἄρα
2921 5066 3145 5137 πτόησις
3195 5066 3293 5135 τὴν
3348 5064 3611 5134 ἡμετέραν
3660 5060 3827 5129 ζωὴν

2244 5155 2589 5226 κατείληφεν,
2619 5157 2750 5209 ὅπου
2805 5173 2869 5223 γε
2918 5156 3074 5226 ἡμῶν
3105 5154 3283 5207 αὐτῶν
3314 5154 3426 5222 (79)
3461 5152 3623 5213 οὕτως
3665 5150 3829 5217 ἀμε-

2634 5473 2941 5558 ἀμοιϐαδίς.
2966 5470 3129 5537 Editi,
3154 5468 3488 5540 ἀμοιϐαδετς.
3504 5462 3661 5519 Paulo
3684 5471 3834 5533 post

641 5545 756 5615 (75)
783 5543 908 5597 “(ec
948 5543 1290 5597 Constantini
1326 5543 1554 5613 episrola
1590 5542 2003 5597 amanuensium
2038 5556 2133 5595 ne-

570 5615 827 5683 gligentia
855 5615 1078 5667 excidit.

642 5683 753 5761 (76)
787 5682 942 5761 Reg,
972 5681 1259 5761 Ψαμαθίέἶ
1295 5679 1658 5761 Psammathia
1682 5695 1812 5761 vero
1857 5687 1974 5761 erat
2003 5681 2133 5761 sub-

571 5749 787 5803 urhium
827 5749 1171 5805 Nicomediae.
1201 5753 1578 5805 Theodorctus
1608 5752 1718 5802 lucc
1746 5749 2132 5802 Constantino-

572 5820 676 5886 poli
716 5830 861 5888 gesta
887 5828 1125 5885 enarrat,
1158 5821 1253 5874 lib.
1294 5837 1333 5883 ι,
1371 5835 1489 5887 cap.
1524 5818 1616 5883 26,
1654 5819 1886 5873 sedtlidc
1916 5819 2130 5887 dignior

2233 5543 2389 5613 Reg,
2411 5543 2852 5615 ἐρισχελούντων.

2305 5600 2851 5685 (“78)’Συμπτώματα
2904 5612 3036 5682 Reg.
3091 5609 3233 5662 Editi
3289 5622 3435 5671 vero,
3474 5600 3839 5676 συμπτώμαο

2231 5702 2344 5748 τος,
2369 5690 2645 5739 mendose.

2303 5746 2414 5810 l79l
2436 5756 2508 5811 Ita
2536 5754 2671 5826 Reg.
2698 5752 2858 5827 Editi
2883 5765 3032 5819 vero,
3057 5747 3215 5820 ἡμῶν
3233 5746 3462 5800 ἑαυτῶν.
