3978 6520
208 458 288 513 36!
1267 449 1608 506 APOLOGIA
1648 451 1919 507 CONTRA
1965 453 2287 510 ARIANOS.

3310 457 3416 512 362

207 570 398 638 λοῦμεν,
423 568 517 620 καὶ
559 566 735 621 ταῦτα
765 566 1269 637 ὑπομιμνήσκοντος
1309 566 1402 620 τοῦ
1431 565 1594 632 Θεοῦξ
1623 562 1754 619 Εἶτα

1864 584 2060 639 nosque
2094 569 2412 624 insimulant
2448 579 2610 640 atque
2653 585 2716 626 ex
2752 571 2998 627 adversis
3033 571 3289 642 partibus-
3319 589 3415 630 nos

207 663 287 716 οὐκ
313 661 448 712 ἔστιν
476 660 753 730 ἀφόρητον
772 659 830 712 τὸ
859 658 1056 723 κακόν;
1088 660 1148 712 οῦ
1178 659 1464 729 πολεμίους
1498 658 1742 729 ἡγεῖσθαι

1853 659 2199 714 insectantur.

208 752 447 822 προσήκει
502 750 748 812 τούτους,
793 749 854 802 οὐ
886 749 978 801 τὸν
1031 744 1176 802 οἷκον
1209 750 1302 801 καὶ
1350 749 1441 800 τὸν
1478 748 1604 800 λαὸν
1654 746 1747 799 τοῦ
1788 745 1923 798 Θεοῦ
1950 764 1967 815 ;
1997 749 2450 820 Ἐμπαροινοῦσιν
2482 754 2612 822 ἡμῖν
2644 750 2736 805 καὶ
2773 750 3061 819 ἐγκαλοῦσι
3104 769 3166 820 γε
3199 754 3248 805 οἱ
3280 771 3416 807 παν-

206 845 339 905 ώλεις
370 844 598 905 ἐκεῖνοι,
627 842 721 895 καί¹
766 841 1190 912 ὲπιπλήσσουσιν
1219 843 1283 894 ὲκ
1315 841 1420 893 τῶν
1459 841 1714 893 ἐναντίων
1751 841 1902 910 ἡμῖν.

265 933 342 986 62.
373 931 504 986 Μεθ’
533 932 667 1001 ὅσης
685 932 740 984 δὲ
768 933 1023 993 ἀπονοίας
1043 931 1199 985 τοῦτο
1232 932 1577 1003 πράττουσιν,
1605 932 1747 1002 ὑμᾶς

208 1023 375 1084 αὐτοὺς
399 1023 600 1074 ἐννοεῖν
631 1019 784 1084 ἀξιῶ.
817 1022 880 1074 Oi.
905 1021 1010 1093 γάρ
1055 1022 1225 1092 μωροὶ
1252 1022 1344 1073 ἐπὶ
1380 1021 1480 1090 τῆς
1502 1019 1748 1090 γλώττης

208 1117 434 1185 κειμένην
466 1114 652 1185 ἔχουσι
679 1113 780 1183 τὴν
811 1114 1026 1167 κακίαν.
1080 1105 1238 1164 Οὗτοι
1273 1110 1402 1178 γοῦν
1432 1111 1749 1182 μολυϐδίνας

206 1208 332 1270 τινὰς
359 1207 525 1277 ὀργὰς
553 1205 959 1277 περιφέρονται,
987 1204 1062 1266 ὼς
1097 1205 1320 1266 ἑαυτοὺς
1369 1204 1465 1274 μὲν
1497 1206 1614 1258 κατ’
1658 1205 1750 1257 ἀν-

205 1298 377 1350 τίδοσιν
410 1297 693 1366 πλήττειν,
724 1297 870 1367 ἡμᾶς
899 1294 955 1347 δὲ
1004 1293 1139 1365 πρὸς
1188 1295 1376 1365 κέρδος
1401 1295 1499 1364 τῆς
1546 1295 1750 1358 οἰκείας

205 1388 448 1450 κολάσεως
476 1387 747 1456 ἀπάγεινο
783 1387 877 1440 καὶ
915 1389 944 1439 ὁ
988 1388 1085 1457 μὲν
1123 1386 1301 1449 καλῶς
1334 1385 1548 1450 maga;
1589 1387 1748 1439 πολέο

208 1498 306 1548 μιος
336 1480 580 1550 κρίνεται
599 1496 613 1511 ο
661 1481 688 1531 ὁ
718 1479 773 1532 δὲ
803 1480 900 1549 τὴν
929 1478 1121 1548 φθόνου
1146 1477 1341 1530 κακίαν
1375 1477 1751 1548 προϐεϐλημέ-

204 1587 292 1633 νος,
314 1572 518 1634 ἐκεῖνος
545 1572 644 1640 τὴν
677 1569 770 1623 τοῦ
797 1568 928 1623 λαοῦ
956 1570 1269 1641 ἡμερότητα
1296 1569 1356 1623 οὐ
1391 1570 1616 1632 δεόντως
1639 1569 1748 1640 (80)

202 1660 622 1731 καταλαμϐάνει,
657 1660 876 1732 πορθεῖ,
914 1660 1297 1714 καταναλίσκει
1323 1700 1337 1722 ,
1397 1661 1490 1713 καὶ
1559 1661 1751 1714 ἑαυτὸν

203 1751 486 1816 κακοθελεῖ,
523 1752 786 1823 ἐγκωμίῳ
824 1755 1019 1824 κοσμεῖ
1073 1753 1167 1806 καὶ
1199 1751 1504 1824 συντίθησι·
1551 1754 1646 1825 τὴν
1693 1753 1751 1806 δὲ

200 1840 431 1910 ἀλήθειαν
468 1841 768 1913 ἀνατρέπει
811 1843 905 1896 καὶ
943 1842 1043 1912 τὴν
1077 1842 1255 1895 πίστιν
1301 1842 1514 1913 ἀπατᾷ,
1561 1844 1753 1914 μέχρις

199 1923 247 1982 οῦ
275 1930 341 2001 τῷ
375 1932 572 2002 οίκείῳ
603 1931 710 2001 (8i)
745 1932 999 1985 συνειδότι
1042 1933 1248 2001 φωλεὸν
1281 1934 1373 1986 καὶ
1408 1934 1752 2004 κρυπτηρίαν

199 2021 516 2094 ἐπιζητήσας
571 2023 727 2095 εὕρῃ.
773 2023 922 2094 Αὕτη
977 2021 1106 2092 γοῦν
1155 2025 1348 2087 αὐτοὺς
1408 2026 1441 2093 ἡ
1498 2026 1754 2096 σκαιότης

199 2115 386 2178 ἀθλίους
407 2119 582 2180 ποιεῖ,
610 2117 737 2170 ὅταν
761 2115 1046 2186 προπετῶς
1071 2118 1297 2180 ἑαυτοὺς
1320 2116 1568 2182 ἀναξίους
1594 2117 1752 2180 ὄντας

1920 931 2010 985 62.
2052 932 2263 998 Quanta
2313 945 2490 989 autem
2527 951 2647 990 cum
2695 937 2931 990 amentia
2968 937 3071 991 hoc
3109 947 3289 1006 agant,
3323 953 3417 989 vos

1853 1021 1996 1088 ipsos
2030 1024 2267 1091 cogitare
2299 1039 2446 1090 rogo.
2483 1020 2642 1078 Stulti
2669 1026 2808 1077 enim
2843 1025 2896 1078 in
2927 1023 3105 1092 lingua
3130 1039 3224 1077 sua
3255 1023 3414 1077 sitam

1852 1115 2052 1170 habent
2079 1118 2358 1176 malitiam.
2402 1119 2466 1176 Hi
2506 1133 2634 1186 ergo
2676 1117 2957 1186 plumbeas
2985 1115 3094 1169 iras
3127 1115 3415 1170 circumfe-

1852 1214 2001 1269 runt,
2035 1217 2093 1260 ut
2119 1221 2176 1261 se
2211 1207 2438 1262 invicem
2463 1207 2680 1270 feriant,
2716 1221 2919 1275 nosque
2943 1220 3123 1260 secum
3151 1205 3418 1259 abducant

1851 1298 1916 1350 ad
1947 1298 2194 1366 supplicii
2224 1299 2302 1352 sui
2332 1285 2650 1353 auct-arium.
2677 1296 2900 1351 Interim
2931 1295 3023 1366 qui
3055 1303 3205 1350 recta
3236 1294 3415 1358 docet,

1853 1390 2023 1443 hostis
2046 1391 2325 1459 judicatur
2351 1409 2364 1444 ε
2397 1390 2487 1459 qui
2521 1400 2698 1443 autent
2736 1389 2951 1443 invidiae
2981 1386 3170 1443 vitium
3222 1401 3331 1456 pra:
3359 1399 3420 1440 se

1851 1481 1978 1546 l'ert,
2008 1482 2053 1536 is
2097 1482 2347 1549 populum
2392 1491 2732 1536 mansuetum
2769 1492 2954 1533 contra
2983 1480 3071 1548 jus
3108 1478 3296 1546 fasque
3331 1477 3416 1530 in-

1850 1573 2022 1636 vadit,
2054 1574 2323 1637 devastat,
2379 1574 2612 1628 absumit
2643 1588 2706 1626 ac
2733 1573 2834 1628 sibi
2869 1573 2966 1642 ipsi
2999 1573 3050 1625 in
3083 1571 3238 1624 malis
3267 1585 3419 1625 com-

1852 1663 2046 1731 placet,
2077 1678 2197 1718 sese
2221 1663 2466 1720 laudibus
2495 1674 2654 1720 ornat
2675 1674 2728 1719 et
2751 1664 3040 1718 concinnat
3069 1682 3082 1717 :
3137 1663 3418 1719 veritatem

1852 1765 2031 1808 autem
2062 1757 2350 1821 subvertit,
2390 1757 2656 1826 ﬁdemque
2695 1757 2830 1810 fallit
2861 1758 3034 1811 donec
3077 1755 3422 1810 conscientia:

1851 1861 1961 1900 sua:
2001 1857 2216 1902 antrum
2249 1857 2304 1903 et
2349 1848 2626 1902 latibulum
2671 1848 3036 1918 conquisitum
3089 1857 3282 1902 nactus
3326 1846 3419 1901 sit.

1853 1939 1968 2008 lpsa
2000 1940 2160 2011 igitur
2191 1941 2390 2012 ingenii
2420 1942 2660 2011 pravitas
2691 1942 2809 1996 illos
2831 1941 3057 1995 miseros
3081 1939 3262 2000 eﬁicit,
3297 1939 3422 1992 dum

1851 2032 2177 2102 petulanter,
2210 2033 2414 2104 indigni
2448 2033 2594 2099 licet,
2643 2034 2851 2102 seipsos
2893 2031 3140 2086 laudibus
3168 2030 3420 2094 eﬁ‘erunt,

1854 2126 2111 2194 aiuntque
2137 2145 2150 2180 :
2180 2125 2314 2195 prob
2343 2125 2584 2182 facinus!
2615 2126 2707 2180 llle
2735 2126 2916 2180 senior
2939 2133 3041 2188 est,
3071 2133 3126 2176 et
3145 2123 3234 2175 ille
3256 2135 3419 2190 puer;

195 2205 546 2276 ἀποδέχωνται
569 2247 587 2272 ,
626 2207 907 2276 λέγοντες’
939 2207 1042 2260 Φεῦ
1097 2207 1204 2260 τῶν
1232 2207 1470 2271 ,κακῶνῑ
1522 2209 1753 2271 Ἐκεῖνος

1864 2214 1923 2268 ad
1957 2190 2040 2268 me
2078 2190 2250 2270 honor
2282 2216 2496 2282 attinet,
2525 2217 2656 2270 mihi
2695 2217 2942 2279 debetur,
2987 2216 3054 2269 ab
3081 2215 3171 2268 illo
3209 2214 3423 2268 ablatus

198 2298 550 2370 πρεσὸῦτερός
581 2300 697 2351 ἐστι
721 2341 732 2354 .
770 2300 862 2352 καὶ
895 2301 1108 2362 ἐκεῖνος
1139 2302 1268 2362 παῖς
1289 2338 1304 2362 ,
1339 2298 1474 2369 ἐμοῦ
1525 2299 1754 2353 ἅπτεται

195 2390 220 2456 ή
253 2390 398 2462 τιμὴ,
435 2391 562 2461 ἐμοὶ
590 2390 884 2458 ὀφείλεται,
916 2391 1124 2445 ἐκείνου
1163 2389 1414 2464 ἀφῃρέθη
1439 2391 1584 2460 (82)·
1631 2391 1754 2444 ἐπεὶ

194 2479 362 2543 αὐτὸς,
429 2480 657 2550 ἐμαυτῷ
692 2480 1020 2554 ἀφαρπάσας
1052 2480 1297 2543 ἅπαντας
1320 2519 1335 2544 ,
1370 2480 1455 2532 ἐπ’
1511 2479 1755 2546 ἐξουσίας

193 2570 436 2624 ἀπολέσαι
497 2571 850 2643 πειράσομαι.
909 2570 1154 2641 Λαμπρά
1202 2588 1285 2633 τις
1322 2572 1356 2642 ἡ
1403 2569 1505 2640 τῆς
1558 2571 1754 2642 μανίας

194 2661 428 2732 ἐκϐόησις
457 2663 573 2733 (85)
595 2682 608 2695 ο
643 2663 899 2733 τάγματα
925 2664 1016 2715 καὶ
1054 2661 1358 2731 συλλόγους,
1385 2662 1441 2734 ἢ,
1470 2663 1535 2716 ἶν’
1582 2663 1754 2728 οὕτως

1857 2314 1942 2360 est
1971 2323 1984 2359 :
2015 2322 2114 2376 ego
2141 2307 2359 2378 quippe,
2395 2309 2648 2364 omnibus
2681 2309 2747 2362 ad
2783 2324 2928 2362 meas
2957 2317 3140 2377 partes
3167 2307 3423 2373 abreptis,

1859 2412 1981 2451 cum
2013 2409 2278 2467 potestate
2303 2401 2615 2469 disperdere
2653 2399 2956 2470 aggrediar.
2991 2396 3260 2451 Praeclara
3293 2410 3426 2450 sane

1860 2487 2084 2544 insaniae
2129 2488 2452 2544 exclamatio
2493 2507 2508 2546 :
2550 2489 2801 2544 cohortes
2855 2487 3059 2557 utique,
3107 2495 3424 2548 conventus,

1861 2589 1920 2633 ut
1958 2579 2030 2633 ita
2061 2580 2256 2645 dicam,
2299 2580 2562 2651 remigum
2597 2580 2948 2649 principatus,
2983 2577 3123 2649 apud
3153 2577 3427 2646 improbo-

1861 2686 1980 2726 rum
2016 2673 2229 2728 illorum
2265 2683 2437 2729 cretus
2467 2672 2652 2728 videre
2680 2681 2783 2727 est.
2835 2670 2881 2727 Ο
2912 2681 3151 2725 nostrain
3179 2668 3430 2723 absurdi-

194 2751 339 2818 εἴπω,
371 2745 732 2860 ἀρχιέρεσίαν
766 2751 874 2805 τῶν
905 2753 1118 2805 ἀτόπων
1151 2752 1354 2806 τούτων
1395 2754 1759 2826 συστημάτων.

1864 2771 2044 2828 tatem,
2080 2765 2124 2819 si
2158 2765 2229 2819 ita
2273 2764 2375 2818 l'ari
2405 2765 2594 2819 liceat!
2630 2764 2684 2817 ln
2717 2762 3028 2820 Ecclesiane
3057 2761 3150 2816 Dei
3181 2759 3426 2816 stultitiae

197 2842 323 2896 ἰδεῖν.
358 2845 428 2895 Ὢ
472 2842 574 2913 τῆς
614 2844 844 2906 ἀτοπίας
875 2843 1048 2914 ἡμῶν,
1096 2844 1163 2897 ἵν’
1216 2844 1386 2909 οὕτως
1421 2844 1590 2898 εἴπωί
1632 2846 1756 2898 Ἐπὶ

194 2932 274 3003 τῆς
326 2915 664 3001 ’ἐκκλησίας
710 2933 802 2987 τοῦ
841 2934 976 2988 Θεοῦ
1013 2935 1196 2998 ἀνοίας
1258 2936 1407 2988 ἐστὶν
1459 2935 1752 3003 ὲπίδειξις;

195 3021 308 3079 Εἶτα
335 3029 442 3080 οὐκ
466 3026 792 3091 αἱδοῦνται;
827 3027 942 3080 Οὐκ
990 3025 1146 3079 αὐτοὶ
1189 3027 1413 3089 ἑαυτοὺς
1456 3026 1753 3096 ψέγουσιν;

197 3120 313 3173 Οὐδὲ
339 3120 636 3191 τάςψυχάς
664 3120 967 3184 δάκνονται,
1001 3123 1088 3175 ἵνα
1124 3121 1217 3176 νῦν
1255 3119 1385 3190 γοῦν
1425 3124 1755 3192 καταντικρὺ

194 3210 276 3278 τῆς
305 3213 526 3281 ἀπάτης
555 3213 653 3265 καὶ
680 3211 780 3281 τῆς
803 3213 1114 3282 ὲρεσχελίας
1141 3213 1251 3281 (84)
1281 3211 1429 3276 ἄξιόν
1456 3230 1508 3264 τι
1541 3215 1758 3283 φρονεῖν

194 3299 406 3368 ὃὸξωσις
450 3302 550 3354 Βία
590 3302 729 3373 μόνη
777 3305 891 3357 ἐστὶ
923 3304 1017 3357 τοῦ
1069 3305 1264 3374 φθόνου
1303 3307 1416 3368 τοῖς
1460 3305 1609 3369 ἰδίοις
1656 3307 1757 3358 ἐπ-

193 3395 496 3466 ερειδομένη
521 3395 857 3468 φαρμάκοις.
881 3397 1042 3450 Οὐδὲν
1067 3396 1290 3468 ἴσχυσαν
1308 3400 1356 3450 οἱ
1374 3399 1601 3468 πονηροὶ
1617 3398 1757 3451 κατά

195 3483 275 3535 τοῦ
332 3487 643 3540 ἐπισκόπου
685 3486 858 3557 ὑμῶν.
898 3489 1052 3558 Ἐμοὶ
1093 3489 1455 3555 πιστεύσατε,
1507 3489 1755 3557 ἀδελφοὶ,

195 3576 328 3630 οὐδὲν
376 3579 570 3649 ἕτερον
622 3579 1053 3640 ἐσπουδάκασιν,
1099 3578 1274 3649 ἢῖνα,
1329 3579 1760 3650 κατατρίψαντες

195 3670 306 3731 τοὺς
328 3671 643 3741 ἡμετέρους
673 3671 916 3741 χρόνους,
952 3671 1219 3742 μηδεμίαν
1251 3669 1432 3741 χώραν
1461 3672 1519 3723 ὲν
1551 3674 1616 3742 τῇ
1649 3670 1758 3741 ζωῇ

194 3760 351 3835 ταύτῃ
401 3760 773 3832 μεταμελείας
828 3761 1041 3831 ἔχωσιν.
1106 3763 1536 3834 Ἐπικουρήσατε
1584 3763 1762 3816 τοίνυν

198 3852 311 3920 ὑμῖν
339 3857 550 3918 αὐτοῖς,
584 3853 908 3923 παρακαλῶ,
938 3853 998 3905 τὸ
1023 3853 1239 3924 φίλτρον
1264 3852 1324 3906 τὸ
1357 3855 1624 3928 ἡμέτερον
1652 3856 1762 3923 (85)

196 3945 529 4017 ἀγαπήσατε,
570 3947 669 3999 καὶ
707 3945 868 3998 παντὶ
900 3945 1074 3999 σθένει
1107 3946 1332 4011 διώξατε
1365 3947 1490 4009 τοὺς
1535 3947 1630 4017 τὴν
1667 3947 1764 4016 τῆς

197 4039 457 4108 ἡμετέρας
493 4036 751 4108 ὁμονοίας
800 4038 958 4106 χάριν
1014 4038 1294 4106 ἀφανίζειν
1333 4039 1760 4109 ἐπιθυμοῦντας·

199 4130 280 4182 καὶ
310 4133 443 4201 πρὸς
474 4131 572 4184 τὸν
603 4131 737 4184 Θεὸν
765 4130 1064 4196 ἀπιδόντες,
1095 4132 1239 4202 ὑμᾶς
1265 4133 1462 4196 αὐτοὺς
1495 4134 1761 4201 ἀγαπᾶτε.

208 4218 340 4288 Ἐγὼ
361 4221 469 4293 γὰρ
496 4222 590 4274 τὸν
623 4220 889 4290 ὑμέτερον
917 4222 1213 4276 ἐπίσκοπον
1245 4222 1556 4277 Ἀθανάσιον
1593 4224 1764 4293 ἀσμέ-

201 4323 294 4371 νως
349 4310 745 4381 προσηκάμην,
795 4310 968 4374 οῦτως
1022 4328 1080 4364 τε
1116 4311 1646 4384 προσεφθεγξάμην,
1692 4313 1766 4376 ὼς

199 4396 469 4469 ἄνθρωπον
511 4401 679 4454 αὐτὸν
709 4401 841 4454 Θεοῦ
869 4402 997 4455 ὄντα
1044 4405 1424 4476 πεπεισμένος.
1476 4406 1767 4476 ’Υμέτερόν

200 4488 308 4542 ἐστι
345 4492 516 4545 ταῦτα
578 4493 853 4556 συνιέναι,
913 4495 1012 4546 οὐκ
1063 4495 1194 4564 ἐμὸν
1243 4495 1462 4565 κρίνειν.
1507 4495 1616 4565 Τὴν
1661 4496 1768 4566 γάρ

201 4581 321 4650 παρ’
353 4582 488 4653 ἐμοῦ
525 4582 834 4654 πρόσρησιν
878 4585 1038 4637 αὐτὸν
1080 4585 1389 4638 Ἀθανάσιον
1431 4587 1556 4656 ὑμῖν
1587 4586 1768 4639 διακο-

200 4671 348 4740 νῆσαι
367 4677 456 4728 τὸν
479 4674 910 4744 αίδεσιμώτατον
932 4678 1224 4744 ἀναγκαῖον
1245 4679 1558 4747 ἡγησάμην,
1577 4675 1768 4728 ἐννοῶν

197 4764 291 4830 τὴν
317 4767 635 4837 ἐπιμέλειαν
678 4767 776 4834 τῆς
808 4769 1106 4830 ἐπιεικείας
1135 4768 1328 4831 αὐτοῦ,
1371 4769 1492 4836 ἥτις
1531 4768 1628 4818 οὐκ
1675 4767 1769 4818 ἀν-

199 4853 354 4920 αξίως
380 4860 478 4929 τῆς
512 4860 800 4930 εἰρηνικῆς
828 4875 928 4927 μου
965 4858 1218 4922 πίστεως,
1249 4861 1325 4921 εἰς
1351 4860 1410 4910 τὸ
1439 4858 1637 4925 ἀγαθὸν
1670 4859 1766 4927 τῆς
1800 4893 1842 4946 D

198 4950 568 5020 σωτηριώδους
600 4948 826 5019 γνώμης
861 4949 1147 5020 κατέχεται
1195 4950 1503 5012 διαπαντὸς,
1533 4949 1624 5002 καὶ
1657 4949 1766 5012 ἕξει

198 5037 288 5089 τὸν
306 5043 684 5118 προτρέπον-τα
707 5042 982 5112 λογισμόν.
1014 5044 1070 5095 Ὀ
1099 5043 1228 5105 Θεὸς
1260 5043 1403 5112 ὑμᾶς
1435 5040 1766 5110 διαφυλάξοι,

195 5126 408 5198 ἀδελφοὶ
470 5133 771 5202 ἀγαπητοί.
835 5135 944 5187 Καὶ
985 5134 1152 5188 ταῦτα
1198 5136 1294 5204 μὲν
1348 5137 1374 5186 ὁ
1423 5135 1768 5186 Κωνσταντί-

199 5235 290 5282 νος
321 5222 446 5292 (86).

278 5446 380 5518 (βω
411 5450 568 5518 Reg.,
599 5451 663 5503 οὐ
686 5451 933 5514 δεόντως.
968 5452 1131 5515 Edili,
1166 5453 1321 5516 male,
1351 5453 1471 5508 οὐδὲ
1503 5453 1690 5516 ὅντως.

279 5516 381 5590 (βξ)
407 5516 565 5590 ﬂag”
606 5520 803 5590 μέχρις
821 5521 930 5590 ρῦδ⁶
967 5521 1053 5584 ἄν,
1087 5523 1262 5575 minus
1291 5534 1455 5577 recte.

279 5586 380 5663 ea
404 5585 562 5663 rei.
591 5585 941 5663 vesaniae.
1062 5591 1444 5663 ειεηάφηρέθη.

283 5649 382 5734 (8ξι)
412 5649 1002 5734 Ita?liegIEdiii-vem,
1029 5649 1332 5731 ἐκϐόλησὶξ.
1352 5649 1468 5717 Μῦχ
1497 5663 1767 5734 ῐὶρςηάρ-

207 5726 463 5794 χιερέσια,
489 5730 540 5782 in
575 5726 773 5782 neutro
802 5729 1011 5795 plurali.

286 5795 581 5869 (84i_lieg.,
616 5798 947 5869 ὲρισχελίας.
996 5801 1124 5865 Qua:
1167 5809 1284 5868 post
1318 5817 1483 5867 pauca
1533 5819 1767 5868 sequun-

213 5871 318 5927 tur,
345 5867 488 5920 οὐδὲν
522 5867 753 5938 ἴσχυσαν
770 5871 818 5921 οἱ
867 5873 1088 5940 πονηροὶ
1149 5871 1287 5924 κατὰ
1335 5871 1424 5923 τοῦ
1469 5867 1765 5925 ἐπιτκόπου

1861 2855 2090 2909 habetur
2139 2857 2541 2926 spectaculum?
2574 2872 2697 2909 num
2735 2869 2840 2909 non
2881 2852 3252 2908 erubescunt?
3302 2866 3428 2904 num

1861 2947 2022 3015 seipsi
2074 2963 2180 3002 non
2233 2947 2540 3018 obiurgant,
2591 2964 2688 3002 nec
2737 2947 3054 3001 mordentur
3102 2942 3319 3006 animis,
3374 2949 3431 2992 ut

1863 3053 2006 3091 nunc
2047 3037 2238 3093 saltem
2277 3048 2464 3092 contra
2513 3035 2755 3090 fraudem
2803 3047 2857 3090 et
2897 3033 3298 3089 contentionem
3347 3029 3431 3082 di-

1863 3143 2024 3199 gnum
2053 3127 2255 3197 aliquid
2273 3127 2477 3181 sentire
2511 3126 2830 3179 videantur?
2860 3130 2928 3178 At
2958 3123 3028 3176 illi
3061 3121 3172 3176 sola
3217 3119 3432 3173 invidiae

1863 3219 1915 3272 vi
1950 3226 2172 3272 utuntur
2217 3217 2328 3272 suis
2360 3216 2639 3271 veneﬁciis
2688 3218 2940 3271 subnixa.
2979 3213 3084 3268 Sed
3128 3210 3260 3265 nihil
3311 3225 3431 3264 sce—

1865 3307 2020 3364 lerati
2065 3307 2140 3362 illi
2189 3308 2451 3362 adversus
2495 3309 2807 3376 episcopum
2853 3317 3092 3359 vestrum
3140 3309 3434 3372 potuerunt

1865 3398 2145 3466 perﬁcere.
2176 3396 2305 3451 Mihi
2329 3397 2553 3461 credite,
2586 3397 2804 3459 fratres,
2829 3393 2962 3448 nihil
2991 3393 3134 3446 aliud
3161 3401 3430 3460 satagunt,

1865 3503 2026 3558 quam
2061 3499 2118 3542 ut
2155 3505 2275 3542 cum
2311 3499 2495 3543 nostra
2550 3496 2790 3557 tempora
2841 3484 2993 3539 malis
3041 3483 3432 3552 oppresserint,

1867 3578 2068 3633 nullum
2105 3579 2210 3633 sibi
2247 3577 2299 3632 in
2348 3579 2446 3632 hac
2477 3577 2584 3630 vita
2638 3575 2946 3646 relinquant
2976 3571 3309 3644 paenitentiae
3351 3570 3432 3622 lo-

1864 3686 2008 3726 cum.
2057 3669 2222 3726 Vobis
2255 3672 2418 3740 igitur
2449 3671 2580 3740 ipsis
2621 3667 2756 3722 l‘erte
2809 3682 2995 3737 opem;
3035 3667 3277 3719 obtestor
3315 3675 3431 3724 vos,

1865 3777 2103 3816 amorem
2143 3771 2384 3815 nostrum
2412 3759 2637 3828 diligite,
2683 3757 2917 3826 totisque
2955 3754 3159 3809 viribus
3197 3766 3290 3806 eos
3319 3751 3435 3804 abi-

1832 3851 1837 3856 ’
1866 3854 1976 3922 gite
2002 3853 2091 3921 qui
2124 3862 2320 3906 nostra:
2347 3849 2652 3906 concordia:
2680 3849 2906 3917 gratiam
2931 3845 3153 3914 cupiunt
3182 3841 3431 3907 abolere;

1869 3946 2144 4010 Deumque
2184 3961 2291 4012 pra:
2322 3945 2492 3997 oculis
2521 3930 2800 4004 habentes,
2829 3953 2924 3991 vos
2956 3936 3182 3990 invicem
3207 3934 3432 4001 diligite.

1869 4037 1978 4104 Ego
2019 4038 2162 4090 enim
2211 4037 2522 4106 episc0pum
2567 4044 2801 4088 vestrum
2848 4029 3204 4085 Athanasium
3249 4024 3437 4092 excepi

1870 4129 2294 4199 perhumaniter,
2352 4141 2584 4195 eumque
2639 4124 2716 4179 sic
2767 4139 2885 4178 sum
2923 4121 3209 4183 allocutus,
3255 4129 3311 4170 ut
3346 4116 3436 4185 qui

1869 4221 2014 4274 illum
2051 4220 2140 4274 Dei
2173 4219 2444 4274 hominem
2491 4231 2611 4271 esse
2648 4229 2963 4285 persuasum
3012 4211 3289 4264 haberem.
3333 4207 3436 4259 Ve—

1868 4322 2037 4364 strum
2074 4320 2156 4364 est
2191 4311 2303 4363 haec
2346 4307 2665 4377 intelligere,
2716 4320 2812 4359 nec
2844 4319 3021 4356 meum
3060 4311 3140 4353 est
3175 4316 3236 4352 ea
3270 4299 3334 4351 de
3379 4311 3437 4350 re

1870 4403 2011 4457 ferre
2043 4402 2326 4469 judicium.
2372 4400 2546 4453 Meam
2587 4407 2764 4450 autem
2811 4394 3188 4448 salutationem
3235 4400 3290 4441 ut
3323 4390 3437 4456 ipse

1873 4495 2355 4550 revereudissimus
2394 4491 2722 4544 Athanasius
2758 4486 2909 4539 vobis
2938 4483 3271 4537 renuntiaret
3303 4493 3436 4531 ron-

1872 4597 2188 4640 sentaneum
2216 4585 2342 4638 duxi
2377 4604 2388 4637 :
2431 4582 2699 4650 azquitatis
2725 4580 2866 4632 illius
2891 4576 3228 4631 sedulitatem
3256 4571 3438 4624 animo

1873 4677 2234 4745 perpendens,
2261 4692 2382 4744 qua:
2423 4675 2581 4728 modo
2607 4672 2843 4742 paciﬁca:
2878 4668 3009 4722 ﬁdei
3045 4680 3175 4718 mem
3211 4680 3316 4717 non
3357 4660 3439 4714 in-

1874 4771 2055 4839 digno,
2107 4768 2160 4820 in
2192 4767 2450 4821 salutaris
2496 4766 2755 4820 doctrime
2786 4765 2925 4816 bono
2954 4775 3168 4827 semper
3194 4756 3439 4811 contine-

1877 4871 1980 4923 tur,
2015 4875 2237 4928 qnchue
2283 4860 2348 4912 ad
2381 4873 2475 4912 vos
2506 4858 2570 4911 de
2602 4855 2773 4911 oilicin
2819 4852 3110 4907 monendos
3143 4851 3246 4904 erit
3292 4863 3441 4902 com-

1873 4960 2078 5020 ρ.ιι·.ιι;ι.
2135 4949 2273 5003 Deus
2309 4949 2465 5020 143
2513 4963 2604 5003 vos
2651 4953 2955 5010 conservet,
2998 4943 3176 4998 dticCli
3222 4942 3443 4996 fratres.

1873 5042 1995 5095 “.kt:
2023 5041 2425 5096 Cutistantiuus.

1884 5457 2217 5579 bprb~ii7etc.,
2257 5459 2417 5512 etiam
2451 5457 2590 5528 apud
2615 5455 3010 5509 'l‘heodorctum
3037 5451 3318 5511 habentur,
3349 5450 3442 5504 lib.

1884 5543 1920 5579 ι.
1955 5544 2002 5579 c.
2032 5538 2050 5556 ν
2109 5565 2122 5578 .

1881 5543 1920 5580 Ι.
1955 5544 2002 5580 (³.
2032 5538 2122 5579 ⁸2].

1908 5567 1920 5590 ’
1950 5545 2232 5662 ‘étlil.
2262 5596 2431 5650 Paris.
2459 5593 2813 5655 etTlieodor.,
2840 5589 3124 5660 ὑμέτερον.
3148 5586 3443 5640 AtComm.

1878 5681 1998 5720 cum
2037 5668 2490 5737 ιιιδςηημὲτερον.

1950 5737 2058 5859 (186)
2089 5729 2571 5802 ΙΙιυρ,”Κα“ι’ταῦτα
2609 5734 2705 5803 μὲν
2743 5734 2768 5785 ὁ
2796 5730 3221 5792 Κωνσταντῖνος,
3255 5729 3446 5781 desunt

1878 5807 1928 5859 in
1982 5808 2088 5859 ira.

1878 5824 1928 5860 tn
1957 5823 2088 5875 urg.
