3978 6498
959 424 1026 435 ..ι-

605 461 728 550 ses

1143 465 1201 523 s.
1245 464 1618 523 araamasu
1655 464 1808 520 app.
1853 428 2060 517 rans;
2094 464 2135 517 l.
2175 489 2241 499 —
2280 456 2647 514 msromca
2687 457 2776 515 ET
2815 455 3234 513 DOGMATICA.

3725 450 3825 518 εει

687 580 776 634 65.
817 579 913 636 llis
943 580 1016 634 ita
1060 581 1245 650 gestis,
1287 597 1410 636 cum
1442 580 1721 650 aliquanto
1756 591 1998 650 tempore
2034 577 2186 646 quie-

2358 574 2448 626 63.
2487 571 2702 626 Τούτων
2737 572 2906 636 οὕτως
2938 571 3314 643 πραχθέντων,
3352 568 3487 642 πρὸς
3513 569 3685 639 ὀλίγον
3704 570 3830 642 ἡσυ-

609 674 822 731 νῖεεειιι
861 672 1156 736 Meletiani,
1193 676 1368 728 denuo
1397 673 1741 726 concitantur
1777 691 1792 726 :
1825 679 2186 738 curantesque

609 773 676 820 ut
698 765 764 820 iis
787 765 880 834 qui
908 780 967 820 se
995 765 1240 819 mercede
1278 765 1654 819 conduxerant
1681 774 1992 834 pergratum
2035 763 2182 818 face-

612 864 757 918 rent,
785 855 888 910 hoc
921 856 1137 910 demum
1169 856 1355 910 ineunt
1387 854 1695 909 consilium.
1741 853 2010 910 Mareotes
2039 855 2186 924 regio

613 945 858 1014 quaedam
887 945 1249 1001 Alexandrina
1275 954 1381 1010 est,
1404 961 1566 1015 quam
1595 945 1843 1001 Meletius
1873 945 1925 1001 in
1951 947 2182 1001 schisma

613 1036 880 1092 deducere
910 1037 1268 1107 nequidquam
1301 1037 1547 1092 tentavit.
1575 1037 1709 1091 Cum
1739 1038 1900 1108 igitur
1927 1036 2182 1093 Ecclesia:

613 1126 851 1182 definitis
895 1127 947 1182 in
991 1127 1121 1183 locis
1160 1136 1364 1193 essent,
1405 1128 1736 1198 presbyteris
1772 1128 2021 1184 omnibus
2059 1143 2188 1184 con-

612 1225 805 1270 ventus
838 1217 891 1271 in
938 1217 1125 1272 iisdem
1155 1217 1414 1276 Ecclesiis
1463 1220 1750 1288 agentibus
1783 1219 2099 1290 populisque
2131 1220 2186 1274 in

613 1320 750 1374 pace
779 1306 1128 1376 degentibus:
1155 1309 1375 1378 quidam
1403 1309 1654 1378 lscbyras
1682 1310 1923 1372 nomine,
1951 1324 2055 1363 non
2081 1309 2188 1363 cle-

615 1397 783 1464 ricus,
820 1398 913 1453 sed
944 1409 999 1454 et
1029 1400 1272 1456 moribus
1304 1400 1604 1470 improbus,
1632 1402 1714 1456 sui
1745 1401 1866 1470 pagi
1895 1400 2101 1454 incolas
2132 1400 2186 1453 in

615 1501 857 1542 errorem
909 1489 1187 1558 impellere
1223 1490 1545 1555 conabatur,
1595 1492 1718 1545 dum
1764 1505 1882 1545 sese
1911 1490 2188 1558 jactitaret

615 1590 738 1630 esse
763 1577 1044 1631 clericum.
1078 1578 1134 1633 ld
1166 1595 1288 1633 cum
1318 1581 1668 1648 comperisset
1693 1580 1931 1634 locorum
1961 1581 2184 1648 presby-

617 1677 703 1722 ter
737 1668 868 1721 mihi
900 1667 1170 1724 Ecclesias
1197 1671 1545 1740 perlustranti
1577 1687 1687 1726 rem
1719 1670 2001 1725 denuntiat
2025 1688 2041 1723 :
2065 1683 2185 1737 qua:

616 1773 779 1812 causa
828 1758 931 1812 fuit
962 1769 1020 1813 ut
1051 1776 1152 1814 una
1184 1776 1306 1816 cum
1347 1761 1438 1815 illo
1476 1760 1770 1815 Macarium
1810 1760 2185 1830 presbyterum

616 1849 885 1904 mitterem
927 1853 996 1906 ad
1038 1851 1314 1923 lschyram
1361 1853 1752 1908 accersendum
1792 1869 1807 1906 :
1858 1867 2019 1922 quem
2064 1865 2185 1905 cum

2295 666 2560 736 χάσαντες
2605 667 2654 716 οί
2710 663 3038 729 Μελιτιανοὶ,
3091 661 3481 734 παροξύνονται
3535 661 3708 726 πάλιν,
3750 659 3840 716 καὶ

2294 757 2497 828 ταύτην
2528 755 2749 828 ὕστερον
2782 755 3018 808 τίθενται
3052 753 3267 826 βουλὴν,
3305 753 3684 817 σπουδάζοντες
3722 753 3840 826 ἀρέ-

2299 868 2386 904 σαι
2411 850 2524 912 τοῖς
2547 847 2972 918 μισθωσαμένοις
2991 846 3210 910 αὐτούς.
3246 845 3547 919 Μαρεώτης
3573 846 3680 917 (87)
3703 846 3845 917 χώρα

2295 943 2394 1012 τῆς
2429 939 2828 1012 Ἀλεξανδρείας
2857 939 3001 992 ἐστίν
3025 955 3038 968 ·
3073 939 3130 993 ὲν
3161 938 3336 1012 ταύτῃ
3373 939 3575 1010 σχίσμα
3612 938 3846 1004 Μελίτιος

2297 1033 2398 1086 οὐκ
2423 1031 2657 1104 ἠδυνήθη
2683 1032 2924 1100 ποιῆσαι.
2944 1030 3064 1084 Τῶν
3085 1031 3267 1084 τοίνυν
3311 1031 3642 1102 Ἐκκλησιῶν
3656 1033 3708 1082 ἐν
3724 1032 3845 1102 ὠρι-

2298 1125 2515 1195 σμένοις
2545 1125 2729 1186 τόποις
2756 1122 2950 1186 οὐσῶν,
2972 1119 3195 1178 καὶτῶν
3227 1122 3613 1194 πρεσϐυτέρων
3643 1123 3842 1176 πάντων

2300 1217 2358 1268 ἐν
2387 1215 2580 1277 αὐταῖς
2633 1213 2991 1282 συναγόντων,
3042 1213 3147 1266 τῶν
3189 1230 3249 1266 τε
3283 1213 3427 1266 λαῶν
3455 1215 3846 1285 είρηνευόντων,

2309 1306 2554 1376 Ἰσχύρας
2581 1323 2664 1369 τις
2695 1304 2836 1358 οὕτω
2861 1304 3169 1375 λεγόμενος,
3204 1305 3266 1357 οὐ
3302 1305 3579 1376 κληρικδς,
3606 1304 3732 1358 ἀλλὰ
3763 1306 3846 1357 καὶ

2294 1395 2386 1448 τὸν
2415 1395 2610 1466 τρόπον
2638 1395 2892 1465 πονηρὸς,
2926 1396 3198 1467 ἐπεχείρει
3223 1395 3349 1458 τοὺς
3375 1396 3433 1447 ὲν
3463 1398 3528 1466 τῇ
3567 1395 3671 1466 ἰδίᾳ
3703 1394 3847 1468 κώμῃ

2297 1485 2521 1555 πλανᾷν,
2563 1485 2736 1553 λέγων
2779 1482 2917 1538 εἶναί
2959 1503 3077 1538 τινα
3124 1486 3315 1539 ἐαυτὸν
3360 1485 3640 1557 κληρικόν.
3693 1487 3847 1539 Τοῦτο

2301 1574 2486 1646 μαθὼν
2513 1576 2542 1628 ό
2573 1575 2682 1627 τῶν
2708 1575 2889 1628 τόπων
2936 1575 3305 1648 πρεσϐύτερος
3345 1576 3746 1647 περιερχομένῳ
3769 1595 3847 1646 μοι

2295 1662 2394 1725 τὰς
2437 1662 2759 1734 Ἐκκλησίας
2785 1665 3125 1733 ἀναγγέλλει·
3155 1667 3249 1718 καὶ⁷
3268 1666 3585 1718 ἀποστέλλω
3607 1667 3697 1718 σὺν
3717 1667 3848 1737 αὑτῴ

2295 1754 2582 1825 Μακάρων
2603 1753 2968 1826 πρεσϐύτερον
2995 1755 3222 1809 καλέσαι
3250 1756 3341 1808 τὸν
3381 1756 3650 1827 Ἰσχύραν.
3676 1757 3851 1826 Εὐρύν-

2295 1863 2386 1909 τες
2409 1846 2466 1899 δὲ
2496 1846 2660 1900 αὑτὸν
2687 1845 2946 1901 νοσοῦντα
2988 1850 3083 1902 καὶ
3122 1849 3515 1919 κατακείμενον
3555 1850 3617 1901 ἐν
3655 1848 3848 1919 κελλίῳ,

616 1955 816 2010 aegrum
864 1943 1029 2011 inque
1072 1943 1325 2000 cubiculo
1377 1945 1788 2000 decumbentem
1839 1943 2189 2011 reperissent,

2297 1937 2628 1991 ἐντέλλονται
2662 1937 2740 2008 τῷ
2792 1941 2958 2010 πατρ)⁸
3013 1939 3176 1992 αὐτοῦ
3231 1939 3597 2012 παραγγεῖλαι
3639 1940 3714 2011 τῷ
3762 1940 3850 2011 υἱῷ

614 2033 753 2102 patri
781 2031 898 2100 ejus
928 2033 1230 2101 injunxere,
1264 2044 1322 2089 ut
1357 2035 1522 2088 filium
1560 2051 1587 2088 a
1637 2035 1730 2088 tali
1782 2033 2025 2088 facinore
2057 2048 2185 2101 pro-

614 2123 849 2189 hiberet,
884 2127 1046 2196 quale
1071 2129 1333 2183 adversus
1358 2141 1480 2182 eum
1508 2126 1686 2182 fuerat
1711 2126 1969 2182 delatum.
1999 2127 2069 2179 At
2099 2125 2190 2180 ille

611 2217 804 2272 morbo
847 2217 1056 2272 levatus
1105 2233 1226 2274 cum
1274 2228 1440 2282 esset,
1473 2233 1502 2272 a
1533 2221 1648 2274 suis
1691 2227 1747 2273 et
1783 2234 1814 2272 a
1864 2227 2016 2287 patre
2048 2217 2186 2284 ipso,

613 2309 906 2374 quominus
931 2309 983 2363 id
1014 2319 1219 2378 ageret,
1249 2311 1553 2377 prohibitus
1577 2309 1817 2379 confugit
1843 2310 1912 2363 ad
1946 2308 2189 2363 Meletia-

613 2411 712 2452 nos
743 2414 759 2452 :
793 2399 887 2468 qui
928 2399 1059 2454 inita
1099 2415 1220 2453 cum
1248 2401 1566 2455 Eusebianis
1594 2401 1877 2464 societate,
1913 2401 2052 2455 hanc
2083 2417 2188 2454 una

613 2503 804 2543 omnes
876 2489 1191 2545 confinxere
1250 2490 1720 2555 criminationem;
1780 2492 1922 2559 quod
1977 2491 2190 2546 scilicet

612 2579 884 2636 Macarius
907 2582 1132 2637 calicem
1159 2581 1536 2652 confregisset,
1569 2583 1940 2652 Arseniusque
1973 2585 2187 2653 episco-

610 2686 711 2740 pus
740 2687 768 2724 a
796 2672 948 2728 nobis
974 2684 1114 2729 esset
1142 2673 1516 2743 interemptus.
1547 2672 1685 2741 Quin
1713 2674 1877 2730 etiam
1905 2677 2188 2730 Arsenium

613 2765 978 2832 occultarunt,
1004 2777 1059 2821 ut
1082 2768 1173 2837 qui
1202 2782 1466 2835 nusquam
1489 2776 1851 2839 compareret,
1876 2768 2192 2823 crederetur

610 2853 946 2910 interfectus.
977 2854 1245 2911 Truncam
1278 2857 1404 2910 item
1448 2872 1666 2911 manum
1713 2857 2187 2922 circumferebant,

611 2943 764 3011 quasi
793 2944 837 2998 is
858 2943 1046 3000 fuisset
1067 2947 1404 3002 membratim
1430 2946 1699 3001 concisus.
1721 2945 1996 3016 lsehyram
2039 2961 2187 3010 vero,

612 3051 770 3104 quem
809 3052 878 3091 ne
926 3046 1122 3092 norant
1152 3039 1393 3108 quidem,
1447 3037 1821 3108 presbyterum
1855 3039 2192 3108 circumqua-

610 3143 716 3197 que
745 3128 1042 3197 praedicare
1070 3141 1370 3199 cceperunt,
1406 3138 1464 3184 ut
1506 3131 1572 3185 de
1614 3131 1787 3186 calice
1817 3131 2055 3200 loquenti
2091 3133 2188 3187 de-

610 3219 843 3286 cipiendi
874 3230 1020 3275 esset
1047 3220 1297 3276 facultas.
1323 3221 1577 3291 lschyras
1613 3221 1778 3291 igitur
1809 3239 1837 3275 a
1867 3222 1982 3277 suis
2015 3223 2194 3292 objur-

2291 2031 2458 2102 μηδέν
2478 2048 2530 2084 τι
2555 2031 2793 2084 τοιοῦτον
2818 2033 3133 2102 ἐπιχειρεῖν,
3159 2027 3268 2084 οἷον
3294 2031 3508 2102 εἴρηται
3535 2032 3657 2085 κατ’
3682 2031 3848 2084 αὑτοῦ.

2301 2122 2439 2175 Ἀλλ’
2469 2121 2708 2184 ἀναστὰς
2739 2121 2847 2175 ἀπὸ
2887 2122 2989 2191 τῆς
3016 2123 3196 2185 νόσου,
3243 2121 3338 2176 καὶ
3386 2121 3729 2192 κωλυόμενος
3755 2122 3849 2175 ἀπὸ

2286 2214 2394 2267 τῶν
2424 2214 2564 2267 ἰδίων
2593 2214 2685 2266 καὶ
2709 2213 2803 2266 τοῦ
2841 2214 3064 2285 πατρὸς,
3093 2213 3428 2283 καταφεύγει
3451 2216 3592 2285 πρὸς
3614 2215 3736 2277 τοὺς
3755 2216 3851 2268 Με-

2287 2303 2592 2366 λιτιανούς·
2630 2305 2871 2357 κάκεῖνοι
2923 2303 3226 2357 κοινοῦνται
3278 2306 3393 2367 τοῖς
3422 2304 3552 2376 περὶ
3591 2303 3848 2368 Εὑσέὸιον,

2289 2397 2383 2451 καὶ
2421 2397 2605 2450 λοιπὸν
2642 2397 2944 2450 συντίθεται
2979 2399 3108 2468 παρ’
3127 2397 3305 2450 αὐτῶν
3330 2398 3364 2468 ἠ
3390 2400 3754 2466 συκοφαντία,
3782 2400 3852 2452 ὅτι

2287 2487 2351 2558 δὴ
2393 2489 2650 2558 ποτήριον
2695 2487 2792 2557 μὲν
2839 2488 3124 2558 Μακάριος
3175 2488 3472 2556 κατέαξεν,
3511 2490 3781 2560 Ἀρσένιος
3806 2489 3854 2544 δέ

2288 2593 2373 2639 τις
2422 2575 2718 2638 ἐπίσκοπος
2778 2577 3038 2647 ἐφονεύθη
3097 2580 3225 2648 παρ’
3267 2577 3444 2648 ἡμῶν.
3501 2581 3615 2633 Καὶ
3653 2581 3740 2633 τὸν
3769 2580 3856 2650 μὲν

2303 2665 2576 2736 Ἀρσένιον
2621 2665 2981 2736 κρύπτουσιν,
3044 2668 3185 2738 ὑπὲρ
3231 2667 3346 2733 τοῦ,
3403 2668 3480 2738 μὴ
3551 2670 3854 2740 φαινόμενον

2291 2757 2473 2820 αὑτὸν,
2501 2757 2576 2820 ὼς
2601 2757 2957 2828 ἀναιρεθέντα
2993 2758 3330 2828 νομίζεσθαιο
3351 2761 3447 2812 καὶ
3473 2764 3656 2832 χεῖρα,
3687 2763 3852 2832 φησὶν,

2289 2844 2361 2909 ὡς
2396 2845 2756 2914 συγκοπέντος
2779 2846 2965 2910 αὑτοῦ,
2999 2847 3342 2918 περιέφερον.
3374 2850 3480 2900 Τὸν
3507 2850 3567 2902 δὲ
3609 2850 3852 2920 Ἰσχύραν,

2290 2935 2349 2988 δν
2380 2937 2480 2989 οὐκ
2514 2936 2757 3007 ᾔδεισαν,
2816 2937 3072 3009 ἄρχονται
3110 2938 3355 3010 θρυλλεῖν
3389 2939 3502 3010 (88)
3533 2940 3611 3003 ὡς
3639 2939 3855 3012 πρεσόύ-

2290 3043 2468 3098 τερον,
2497 3027 2582 3080 ἵνα
2615 3029 2708 3080 καὶ
2742 3030 3164 3101 περὶ-ποτηρίου
3192 3029 3364 3098 λέγων
3390 3030 3600 3102 πλανᾷν
3628 3030 3852 3101 δύνηται.

2304 3119 2362 3172 '0
2393 3119 2492 3189 μὲν
2520 3116 2612 3172 οὖν
2652 3119 2918 3191 Ἰσχύρας,
2967 3121 3332 3192 μεμφομένων
3376 3122 3543 3175 αὑτὸν
3574 3121 3681 3175 τῶν
3708 3122 3857 3183 ἰδίων,

2291 3206 2423 3281 ἦλθε
2457 3213 2594 3282 πρὸς
2623 3214 2770 3282 ἡμᾶς
2798 3213 3220 3284 ἀποδυρόμενος,
3247 3215 3343 3268 καὶ
3371 3213 3547 3282 λέγων
3581 3215 3742 3285 μηδὲν
3769 3213 3860 3282 μὲν

611 3323 790 3380 gatus,
836 3314 901 3367 ad
938 3330 1035 3370 nos
1070 3315 1467 3386 collacrymans
1496 3317 1748 3380 accessit,
1791 3316 1924 3369 nihil
1975 3316 2080 3370 tale
2109 3317 2189 3370 in-

2297 3303 2615 3372 γεγενῆσθαι
2643 3303 2793 3374 παρά
2825 3306 3134 3376 Μακαρίου,
3152 3301 3263 3358 οἷον
3281 3305 3642 3377 ἐθρύλλησαν,
3671 3303 3863 3358 ὑποϐε-

613 3405 810 3472 quiens
842 3423 870 3459 a
901 3406 1138 3462 Macario
1172 3408 1545 3471 commissum,
1586 3407 1745 3476 quale
1790 3408 1867 3461 illi
1915 3408 2194 3479 pervulga-

2295 3392 2526 3461 ϐλῆσθαι
2551 3393 2606 3447 δὲ
2641 3393 2833 3447 ἑαυτὸν
2863 3394 3014 3465 παρὰ
3045 3395 3155 3448 τῶν
3204 3396 3542 3450 Μελιτιανῶν
3569 3393 3864 3449 πλάσασθαι

612 3508 758 3562 rant,
813 3499 904 3553 sed
947 3514 1007 3554 se
1063 3500 1416 3554 subornatum
1465 3514 1498 3553 a
1548 3499 1849 3555 Meletianis
1891 3499 2079 3564 fuisse,
2127 3503 2189 3556 ad

2297 3482 2548 3555 τοιαύτην
2572 3481 2860 3552 λοιδορίαν.
2887 3483 2996 3535 Καὶ
3029 3484 3230 3554 γράφει
3255 3484 3453 3538 ταῦτα·

613 3589 761 3644 illam
796 3591 1231 3648 criminationem
1274 3591 1813 3648 comminiscendam.
1856 3592 1970 3649 Hoc
2014 3603 2194 3649 autem

616 3683 937 3752 rescriptum
961 3685 1135 3738 dedit:
1723 3713 1732 3722 -

921 3775 1161 3831 ΒΕΑΐο
1201 3775 1422 3830 PAP/E
1476 3777 1905 3833 ATIIANASIO

961 3867 1210 3938 Ischyras
1255 3871 1311 3923 in
1345 3871 1571 3924 Domino
1609 3869 1855 3924 salutem.

685 3954 774 4008 οι.
829 3954 1277 4026 Quandoquidem
1316 3975 1446 4029 .me,
1521 3959 1742 4013 domine
1809 3959 2085 4027 episcope,
2143 3970 2196 4015 te

615 4047 926 4113 adeuntem,
962 4058 1020 4101 ut
1053 4047 1107 4102 in
1133 4049 1431 4104 Eeclesiam
1469 4051 1761 4119 reciperer,
1801 4051 2098 4122 objurgasti
2125 4055 2194 4109 ob

615 4152 707 4192 res
738 4141 969 4194 antehac
1008 4156 1038 4193 a
1075 4155 1160 4195 me
1203 4141 1430 4208 delatas,
1479 4144 1634 4212 quasi
1676 4144 1728 4197 id
1775 4157 1950 4198 essem
1984 4153 2196 4214 meapte

615 4231 844 4286 consilio
875 4245 1198 4302 aggressus;
1238 4233 1440 4288 idcirco
1471 4235 1572 4288 mei
1605 4234 1864 4304 purgandi
1898 4249 2060 4290 causa
2091 4237 2196 4291 hoe

618 4320 713 4373 tibi
761 4321 912 4375 trado
946 4321 1304 4392 rescriptum;
1342 4335 1402 4375 ut
1440 4333 1776 4392 compertum
1825 4324 2048 4387 habeas,
2084 4327 2192 4378 vim

617 4411 746 4466 mihi
780 4412 981 4466 illatam
1012 4412 1303 4484 plagasque
1332 4414 1400 4469 ab
1434 4413 1643 4477 Isaaco,
1676 4413 1980 4481 Heraclide,
2007 4416 2192 4469 lsaaco

617 4504 778 4558 laetus
821 4519 1118 4572 eorumque
1163 4505 1348 4572 sociis,
1402 4503 1636 4558 inﬂictas
1692 4519 1834 4559 esse.
1881 4505 1992 4574 Ego
2039 4522 2190 4569 sane,

612 4592 725 4646 Deo
766 4593 819 4646 in
853 4602 1046 4647 testem
1073 4594 1337 4660 adhibito,
1370 4595 1474 4649 hoc
1505 4597 1572 4648 ad
1604 4597 1677 4649 tui
1710 4595 2075 4650 defensionem
2101 4599 2192 4650 dc-

611 4678 783 4741 claro,
821 4694 906 4732 me
949 4681 1118 4748 probe
1149 4682 1292 4736 scire
1339 4693 1390 4737 te
1421 4683 1555 4737 nihil
1586 4699 1773 4737 eorum
1824 4695 2190 4754 perpetrasse,

612 4783 732 4834 quae
769 4767 841 4822 illi
872 4785 902 4823 a
937 4779 988 4824 te
1015 4772 1302 4826 commissa
1326 4771 1604 4841 jactitant.
1645 4772 1801 4826 Nulla
1840 4775 1985 4828 enim
2012 4775 2198 4830 calicis

609 4855 936 4924 confractio,
977 4861 1123 4914 nulla
1166 4863 1378 4915 exstitit
1407 4877 1579 4916 sacrae
1613 4877 1812 4917 mensa:
1861 4864 2141 4919 subversio
2178 4883 2192 4918 :

611 4949 706 5000 sed
740 4964 825 5003 me
855 4949 1040 5016 iidem,
1064 4953 1114 5005 vi
1142 4953 1310 5017 illata,
1338 4953 1406 5007 ad
1432 4954 1547 5008 haec
1573 4955 1756 5008 omnia
1785 4953 2012 5009 dicenda
2041 4969 2193 5009 com-

611 5036 820 5104 pulere.
862 5039 1031 5096 Porro
1071 5044 1185 5098 haec
1217 5044 1336 5098 ideo
1365 5046 1434 5100 ad
1469 5045 1840 5100 defensionem
1872 5045 2095 5116 protuli,
2129 5062 2195 5101 ac

612 5131 821 5200 scripto
855 5133 1142 5199 mandavi;
1170 5138 1313 5204 quod
1347 5152 1692 5207 summopere
1722 5150 1972 5207 expetam
2005 5149 2194 5207 postu-

619 5222 854 5292 lemque,
889 5234 948 5278 ut
996 5226 1129 5280 mihi
1158 5229 1518 5284 conventibus
1562 5229 1725 5284 liceat
1771 5229 2036 5285 interesse
2069 5230 2192 5284 tuis.

614 5315 694 5372 'l'e
732 5315 786 5370 in
817 5315 1045 5372 Domino
1076 5317 1260 5372 valere
1285 5328 1504 5387 exopto.
1540 5319 1653 5376 Hoc
1682 5330 1864 5376 autem
1907 5320 2194 5390 chirogra-

615 5404 784 5476 phum
814 5421 996 5462 meum
1031 5407 1128 5467 tibi
1159 5407 1460 5464 Athanasio
1487 5411 1743 5480 episeopo
1776 5410 1973 5466 tradidi
2006 5425 2192 5466 coram

689 5595 906 5675 (871m
941 5596 1074 5668 Reg.
1115 5597 1255 5675 E_dit_i
1285 5611 1435 5663 vero,
1463 5594 1776 5668 Μαρεῶτις,
1812 5593 1906 5648 sed
1959 5593 2193 5665 Μαρεώ-

617 5667 1365 5745 “salit?semQPet'ssiwr-
1563 5667 1569 5668 ί
1958 5733 1991 5745 .,
2151 5732 2163 5745 .

623 5732 805 5853 m'(88)
833 5735 996 5804 Reg.,
1013 5732 1252 5807 θρυλεῖν,
1270 5738 1339 5792 de
1360 5734 1692 5805 more,.quod
1720 5732 1910 5788 ultimo
1927 5733 2000 5789 sit
2020 5732 2195 5788 moni-

684 5817 755 5853 m.

691 5871 799 5939 (8-9)
830 5870 1085 5952 Sicllvg.
1120 5874 1260 5929 Editi
1301 5891 1450 5942 vero,
1488 5874 1564 5946 τῷ
1596 5872 1886 5959 Μακαρίῳ.
1907 5872 2026 5958 μοχ
2058 5875 2192 5944 Reg.

2505 3781 2703 3832 ΜΑΚΑ
2715 3780 2836 3847 ΡΙῼ
2875 3776 2986 3848 (89)
3025 3781 3122 3832 HA
3132 3781 3228 3847 ΙΙᾼ
3283 3780 3652 3849 ΑΘΑΝΑΣΙῼ

2647 3868 2924 3935 Ἰσχύρας
2950 3867 3021 3919 ἐν
3050 3868 3243 3935 Κυρίῳ
3281 3869 3542 3936 χαίρειν.

2364 3960 2452 4015 64.
2501 3960 2716 4030 Ἐπειδὴ
2767 3960 3070 4030 προσῆλθόν
3103 3979 3204 4027 σοι,
3234 3962 3395 4034 κύριε
3435 3962 3718 4024 ἐπίσκοπε,
3752 3958 3863 4029 βου-

2293 4053 2515 4120 λόμενος
2541 4052 2640 4121 τῆς
2682 4051 3012 4122 Ἐκκλησίας
3039 4047 3198 4117 εἶναι,
3240 4053 3453 4123 ᾐτιάσω
3473 4053 3530 4105 δέ
3567 4070 3657 4125 με,
3681 4051 3761 4120 ἐφ’
3789 4042 3864 4110 οἷς

2294 4141 2559 4213 πρότερον
2597 4139 2970 4212 ἐφθεγξάμην,
2998 4141 3074 4204 ὼς
3103 4140 3237 4211 ἐμοῦ
3262 4141 3372 4194 ἀπὸ
3402 4141 3773 4213 προαιρέσεως
3795 4137 3866 4197 εἰς

2292 4231 2452 4285 τοῦτο
2476 4231 2856 4302 παρελθόντος,
2890 4230 3076 4284 τούτου
3106 4231 3291 4285 ἕνεκεν
3318 4231 3524 4302 ταύτην
3557 4231 3654 4302 τὴν
3682 4226 3865 4283 ἀπολο-

2294 4324 2420 4393 γίαν
2454 4323 2746 4395 ἐγγράφως
2781 4341 2862 4376 σοι
2897 4323 3202 4394 ἐπιδίδωμι,
3242 4324 3308 4376 ἵν’
3329 4323 3534 4377 είδέναι
3567 4323 3730 4394 ἔχοις,
3773 4321 3866 4380 ὅτι,

2296 4414 2418 4484 βίας
2453 4432 2542 4483 μοι
2575 4415 2894 4484 γενομένης,
2953 4415 3047 4468 καὶ
3100 4414 3324 4484 πληγῶν
3368 4413 3726 4467 ἐπιτεθεισῶν
3768 4407 3868 4462 ana

2306 4507 2490 4561 Ἰσαὰκ
2524 4508 2618 4561 καὶ
2662 4507 3032 4578 Ἡρακλείδου,
3058 4507 3152 4558 καὶ
3194 4507 3378 4559 Ἰσαὰκ
3405 4505 3504 4558 τοῦ
3530 4509 3632 4576 τῆς
3650 4499 3867 4573 Λητοῦς,

2297 4598 2390 4649 καὶ
2418 4597 2524 4648 ὑπὸ
2552 4595 2659 4648 τῶν
2692 4597 2789 4648 σὺν
2823 4596 3027 4658 αὐτοῖς.
3075 4594 3216 4662 Ἐγὼ
3235 4596 3314 4659 δὲ,
3351 4596 3609 4666 μάρτυρα
3637 4595 3727 4646 τὸν
3746 4589 3867 4644 Θεὸν

2298 4688 2378 4749 είς
2413 4685 2573 4739 τοῦτο
2601 4685 2914 4756 λαμϐάνων,
2937 4685 3330 4756 ἀπολογοῦμαι,
3365 4687 3447 4739 ὅτι
3469 4687 3623 4739 οὐδὲν
3643 4679 3717 4738 ὧν
3749 4681 3854 4734 ἐκεῖ

2299 4793 2380 4828 νοι
2414 4777 2692 4846 εἰρήκασι,
2730 4774 2945 4828 σύνοιδὰ
2977 4793 3035 4827 σε
3065 4776 3446 4846 πεποιηκέναι.
3473 4776 3612 4830 Οὔτε
3645 4772 3752 4844 γὰρ
3778 4787 3868 4822 πο-

2295 4865 2488 4936 τηρίου
2522 4865 2712 4928 κλάσις
2742 4866 2982 4935 γέγονεν,
3005 4865 3128 4919 οὔτε
3155 4868 3254 4938 τῆς
3280 4867 3441 4935 ἁγίας
3467 4866 3753 4939 τραπέζης
3780 4877 3870 4913 κα⁹

2296 4957 2576 5028 ταστροφὴ
2609 4957 2900 5028 γεγένηται
2924 4975 2938 4988 ·
2975 4958 3105 5012 ἀλλὰ
3135 4959 3306 5013 ταῦτα
3333 4960 3517 5012 πάντα
3541 4960 3736 5011 ἐκεῖνοι
3759 4953 3871 5022 βίαν

2302 5047 2579 5112 ἐπιθέντες
2613 5065 2723 5119 μοι,
2767 5050 2846 5112 είς
2873 5049 3031 5102 τοῦτο
3059 5048 3438 5120 παρώρμησαν
3468 5066 3556 5120 με,
3603 5045 3787 5099 Ταῦτα
3818 5039 3869 5090 δὲ

2302 5139 2730 5211 ἀπελογησάμην
2765 5157 2870 5204 σοι,
2904 5141 2999 5194 καὶ
3027 5142 3320 5211 ἐγγράφως
3348 5140 3670 5205 ἐπιδέδωκα,
3697 5131 3874 5205 αἰρού-

2307 5248 2466 5302 μενος
2493 5232 2588 5285 καὶ
2617 5231 3059 5304 ἐπιδικαζόμενος
3080 5227 3217 5286 εἶναι
3261 5233 3373 5302 (90)
3405 5232 3513 5286 τῶν
3541 5231 3632 5285 ἐπὶ
3663 5229 3726 5282 σὲ
3759 5239 3869 5276 συν*

2301 5325 2604 5396 ατομένων.
2646 5327 2949 5398 Ἐῥρὦθαί
2985 5344 3044 5381 σε
3073 5325 3302 5398 εὔχομαι
3333 5327 3392 5380 ἐν
3417 5327 3628 5397 Κυρίῳ.
3670 5314 3878 5373 Ἐπιδέ-

2300 5415 2448 5470 δωκα
2475 5415 2532 5469 δὲ
2563 5417 2720 5488 τήνδε
2740 5433 2840 5488 μου
2871 5417 2971 5490 τὴν
2995 5417 3155 5490 χεῖρά
3175 5435 3258 5471 σοι
3285 5416 3364 5488 τῷ
3392 5415 3676 5482 ἐπισκόπῳ
3721 5406 3878 5461 Ἀθα-

2299 5608 2354 5654 ει
2377 5601 2537 5684 Βθξξιέ
2555 5641 2568 5684 ε
2587 5600 2892 5671 προσῆλθόν
2921 5617 3022 5666 σοι,
3049 5607 3106 5655 ει
3124 5599 3195 5653 ita
3220 5597 3526 5669 legendum.
3553 5594 3694 5650 Editi
3732 5604 3882 5647 vero.

2298 5672 2602 5742 προσῆλθόν
2635 5688 2744 5742 μοι.
3134 5728 3138 5732 ,
3842 5726 3851 5736 .

2386 5743 2497 5811 (90)
2561 5738 2717 5797 Εἶναι
2769 5741 2954 5797 deerat
3004 5741 3058 5796 iu
3101 5737 3282 5795 editis.
3335 5737 3600 5814 lix-Reg.
3640 5741 3869 5798 sumpsi-

2303 5828 2442 5868 tuus.
