3978 6510
206 411 297 470 πό
1260 401 1600 459 Αροιοοιει
1638 400 1745 458 COl

1851 401 1915 454 ΚΑ
1952 394 2278 453 ARIANOS.
3299 388 3405 445 366

206 524 350 593 νασίῳ
371 522 459 575 ἐπὶ
482 522 749 593 παρουσίᾳ
787 519 899 574 τῶν
936 518 1319 591 πρεσϐυτέρων
1351 517 1612 588 ’Δμμωνᾶ
1641 518 1731 568 Δι-

1851 511 2165 584 iresbyteris
2187 512 2452 565 Ammona
2484 505 2716 571 Dicella,
2748 503 2996 561 Heraclio
3023 504 3240 569 Phasci,
3272 504 3403 561 Boc-

204 616 390 685 πέλλης,
418 612 729 685 Ἡρακλείου
754 610 1245 685 Φάσκω,Βόκκονος
1266 608 1517 680 Χενεὸρὶ,
1562 606 1734 677 Ἀχιλ-

1851 617 1970 656 :one
1993 596 2287 661 Chenebri,
2320 594 2532 652 Achilla
2561 594 2847 667 Myl-sines,
2883 594 3111 665 Didymo
3139 593 3406 663 Taphosi-

202 707 260 761 λᾶ
285 684 553 773 Μυρσίνης
595 694 740 771 (9ης
761 684 991 770 Διδύμου
1039 699 1410 769 Ταφοσίρεως,
1454 696 1550 750 καὶ
1599 694 1732 748 Ἰού-

1851 708 1979 755 reos,
2002 699 2053 746 et
2078 689 2231 745 Justo
2253 705 2281 744 a
2303 688 2599 743 Bomotheo
2624 703 2637 739 :
2663 695 2719 742 et
2738 685 2977 742 diaconis
2999 686 3404 750 Alexandrinis,

203 812 309 849 στου
330 792 430 847 ἀπὸ
452 790 761 860 Βωμοθέου’
791 789 884 843 καὶ
906 787 1168 842 διακόνων
1198 786 1306 840 ἀπὸ
1355 787 1451 857 μὲν
1484 786 1733 852 Ἀλεξαν-

1851 783 2018 844 Paulo,
2054 781 2217 837 Petro
2265 790 2320 835 et
2372 778 2621 850 Olympio
2666 794 2680 830 :
2728 774 3054 841 Mareoticis,
3090 775 3401 838 Ammonio,

200 884 358 953 ὀρείας
382 880 615 945 Παύλου,
648 879 742 934 καὶ
785 879 1014 950 Πέτρου.
1044 878 1139 931 καὶ
1188 876 1485 947 Ὀλυμπίου
1505 892 1521 909 ο
1546 875 1653 929 ἀπὸ
1676 875 1733 928 δέ

1851 871 1999 933 Pisto,
2036 870 2306 925 Demetrio
2331 878 2386 925 et
2410 868 2563 925 Gaio.

201 972 469 1046 Μαρεώτου
504 970 813 1043 Ἀμμωνίου
852 970 947 1025 καὶ
982 968 1202 1033 Πιστοῦ,
1255 969 1349 1021 καὶ
1399 967 1730 1038 Δημητρίου,

200 1067 276 1122 καὶ
300 1066 452 1121 Γαΐου

252 1220 329 1276 65.
378 1218 561 1273 Ταῦτα
609 1219 916 1291 γράψαντος
960 1217 1054 1273 καὶ
1102 1216 1337 1287 ’1σχύρα,
1376 1216 1525 1286 ὅμως
1576 1214 1735 1269 πάλιν

195 1312 276 1382 τὴν
299 1310 538 1380 τοιαύτην
558 1308 893 1380 κατηγορίαν
921 1306 1204 1380 θρυλλοῦσι
1238 1305 1351 1375 (95)
1393 1307 1489 1377 μὲν
1532 1322 1734 1359 παντα-

197 1403 294 1475 χοῦ,
323 1401 650 1472 ἀναφέρουσι
695 1400 753 1453 δὲ
798 1400 893 1453 κα)⁵
938 1398 1018 1471 τῷ
1063 1397 1271 1468 βασιλεί
1320 1395 1732 1466 Κωνσταντίνῳ.

200 1497 430 1557 Κάκεῖνος
459 1492 588 1563 περὶ
623 1492 721 1563 μὲν
754 1490 848 1545 τοῦ
870 1489 1129 1561 ποτηρίου
1162 1488 1372 1558 φθάσας
1399 1482 1468 1557 ἦν
1501 1484 1736 1551 ἀκούσας

194 1586 331 1649 αὐτὸς
356 1587 411 1639 ἐν
446 1588 513 1656 τῇ
537 1584 875 1655 Ψαμμαθίᾳ,
919 1582 1199 1653 παρόντων
1230 1578 1409 1651 ἡμῶν,
1450 1579 1544 1632 καὶ
1574 1593 1737 1631 κατα-

196 1680 329 1746 γνοὺς
357 1677 455 1747 τῆς
485 1676 853 1746 συκοφαντίας
894 1675 1001 1730 τῶν
1052 1672 1293 1745 ἐχθρῶν·
1330 1672 1527 1743 γράφει
1570 1670 1625 1723 δὲ
1657 1675 1738 1734 είς

195 1769 273 1839 τὴν
300 1767 622 1837 Ἀντιόχειαν
647 1766 934 1838 Δαλματίῳ
954 1765 1032 1836 τῷ
1066 1766 1307 1835 κήνσωρι
1341 1763 1473 1833 (94),
1506 1761 1735 1817 ἀκοῦσαι

1912 1234 2071 1307 144
2108 1234 2197 1289 65.
2234 1233 2348 1288 Hoc
2381 1236 2467 1289 ubi
2505 1235 2820 1305 rescriptum
2858 1234 3105 1307 lschyras
3143 1234 3399 1301 dedisset,

1837 1328 2004 1382 nihilo
2038 1337 2218 1382 tamen
2264 1328 2443 1381 minus
2480 1344 2598 1381 eam
2643 1328 2818 1381 denuo
2849 1329 3045 1397 ubique
3084 1328 3403 1397 pervulgarit

1837 1418 2295 1482 criminationem,
2336 1418 2403 1470 ad
2448 1418 2726 1487 ipsumque
2757 1419 3061 1473 detulerunt
3112 1419 3401 1487 imperato-

1840 1524 1951 1563 rem
2001 1507 2437 1571 Constantinum,
2483 1506 2573 1575 qui
2603 1508 2715 1574 jam
2760 1509 2961 1576 pridem
3005 1507 3402 1562 accusationem

1838 1600 1905 1655 de
1932 1598 2216 1653 confracta
2238 1597 2413 1653 calice
2443 1598 2821 1653 Psammathia:
2865 1598 3019 1651 nobis
3047 1596 3404 1665 praesentibus

1839 1689 2111 1751 audierat,
2140 1696 2196 1741 et
2222 1687 2568 1741 inimicorum
2600 1686 3032 1755 deprehenderat
3058 1686 3401 1740 calumniam.

1839 1778 1975 1833 Tum
2011 1792 2137 1834 vero
2169 1778 2380 1833 litteras
2422 1777 2762 1831 Antiochiam
2812 1777 2879 1831 ad
2923 1775 3242 1830 Dalmatium
3276 1788 3403 1828 cen-

190 1862 271 1932 τῆς
292 1860 413 1929 περὶ
439 1858 537 1912 τοῦ
560 1858 725 1929 φόνου
740 1859 915 1930 δίκης.
954 1859 1011 1911 ὐ
1036 1857 1216 1911 τοίνυν
1249 1858 1469 1927 κήνσωρ
1496 1854 1742 1907 ἐπιστέλ-

1851 1885 2018 1927 sorem
2046 1870 2191 1924 misit
2216 1888 2229 1924 :
2253 1871 2339 1924 cui
2366 1867 2637 1928 homicidii
2666 1884 2882 1922 causam
2910 1866 3232 1921 audiendam
3259 1880 3407 1920 com-

193 1951 257 2004 ὶει
285 1968 367 2021 μοι
396 1948 922 2020 παρασκευάσασθαι
937 1947 1075 2020 πρὸς
1096 1947 1390 2014 ἀπολογίαν
1422 1945 1515 1999 τοῦ
1541 1944 1738 2014 ἐγκλή-

195 2058 353 2111 ματος.
401 2038 547 2108 Ἐγὼ
585 2039 664 2105 δὲ,
711 2039 1001 2109 δεξάμενος
1042 2038 1112 2091 τά
1156 2036 1382 2091 τοιαῦτα
1411 2036 1733 2108 γράμματα,

194 2129 342 2181 καίτοι
364 2129 463 2201 τὴν
489 2128 672 2198 ἀρχὴν
707 2127 841 2197 μηδὲ
876 2127 1358 2198 προσποιούμενος,
1390 2126 1477 2180 διὰ
1507 2126 1568 2179 τὸ
1604 2126 1739 2179 είδέ-

192 2232 262 2269 ναι
283 2218 437 2287 μηδὲν
456 2218 667 2280 αὐτοὺς
696 2216 874 2284 λέγειν
908 2215 1124 2287 ἀληθὲς,
1155 2217 1324 2287 ὅμως,
1359 2214 1544 2286 ἐπειδὴ
1585 2215 1737 2285 βασι-

192 2308 293 2371 λεὺς
320 2308 597 2379 κεκίνητο,
631 2307 833 2379 γράφω
858 2310 969 2370 τοῖς
1008 2306 1438 2379 συλλειτουργοῖς
1466 2307 1546 2369 είς
1573 2307 1739 2374 Λίγυ-

191 2417 316 2465 πτον,
346 2400 438 2453 καὶ
470 2399 687 2469 πέμπω
723 2398 988 2462 διάκονον,
1023 2398 1344 2468 βουλόμενος
1386 2396 1576 2469 μαθεῖν
1614 2398 1741 2467 περὶ

200 2490 445 2560 ’Δρσενίου
468 2509 483 2523 ο
516 2492 585 2544 οὐ
614 2488 724 2561 γὰρ
757 2489 1022 2561 ἑωράκειν
1042 2489 1133 2542 τὸν
1160 2489 1442 2560 ἄνθρωπον
1468 2488 1611 2542 ἔτεσί
1637 2505 1739 2542 που

190 2582 379 2653 πέντεῆ
420 2582 500 2647 ἐξ.
546 2581 664 2635 Καὶ
695 2580 749 2633 τί
770 2580 909 2652 γάρ;
949 2580 1041 2633 ἶνα
1074 2579 1149 2651 μὴ
1177 2579 1396 2644 τελείως
1424 2579 1490 2633 τὰ
1525 2579 1742 2634 τοιαῦτα

189 2672 321 2741 λέγω,
367 2672 623 2744 ἐγνώσθη
674 2672 1047 2745 κρυπτόμενος
1094 2674 1123 2724 ό
1161 2670 1457 2742 Ἀρσένιος·
1512 2670 1611 2742 τὴν
1646 2671 1741 2741 μὲν

189 2764 332 2835 ἀρχὴν
374 2765 433 2817 ἐν
479 2763 775 2835 Αἰγύπτῳ,
826 2764 1010 2817 λοιπὸν
1052 2764 1109 2819 δὲ
1150 2765 1243 2817 καὶ¹
1284 2766 1343 2816 ἐν
1394 2763 1555 2834 Τύρῳ
1584 2763 1743 2816 πάλιν

190 2857 536 2928 κρυπτόμενον
568 2858 733 2910 αὑτὸν
753 2849 910 2929 εὗρον
929 2858 978 2909 οί
1008 2857 1286 2928 ἡμέτεροι.
1316 2857 1424 2910 Καὶ
1445 2857 1504 2909 τό
1527 2873 1589 2925 γε
1618 2855 1745 2910 θαυ-

190 2951 383 3020 μαστὸν,
415 2951 542 3004 οὐδὲ
570 2949 809 3021 εὑρεθεὶς
838 2949 1105 3020 ὡμολόγει
1137 2949 1298 3012 αὐτὸς
1328 2943 1467 3000 εἶναι
1488 2949 1516 3000 ὁ
1560 2948 1745 3017 Ἀρσέ-

188 3057 275 3105 νιος
304 3042 429 3113 (95),
462 3043 580 3105 ἕως
617 3043 676 3094 ἐν
706 3040 1041 3113 δικαστηρίῳ
1080 3041 1172 3093 ἐπὶ
1204 3039 1419 3093 Παύλου
1458 3037 1552 3092 τοῦ
1594 3055 1743 3108 τηνι-

187 3130 336 3186 καῦτα
358 3133 671 3186 ἐπισκόπου
700 3131 802 3202 τῆς
828 3131 1004 3202 Τύρου
1030 3131 1286 3202 ὴλέγχθη²
1312 3132 1403 3183 καὶ
1422 3146 1745 3200 καταισχυν-

1840 1962 2104 2017 mittebat.
2151 1960 2355 2016 Censor
2393 1969 2572 2015 autem
2617 1959 2819 2028 scripto
2890 1958 3022 2012 mihi
3080 1957 3409 2028 signiﬁcavit

1841 2063 1899 2107 ut
1934 2066 2019 2106 me
2049 2052 2366 2107 adornarem
2410 2052 2479 2105 ad
2511 2066 2629 2106 eam
2672 2049 3037 2119 depellendam
3071 2048 3406 2117 criminatio-

1841 2159 1985 2200 nem.
2037 2141 2207 2212 Hujus
2249 2157 2349 2211 ego
2395 2141 2593 2199 litteris
2636 2143 2894 2212 acceptis,
2937 2141 3061 2195 licet
3089 2138 3247 2193 initio
3292 2153 3404 2191 rem

1840 2234 1975 2289 nihil
2004 2249 2271 2300 curarem,
2308 2235 2447 2302 quod
2480 2249 2573 2288 eos
2621 2234 2673 2288 in
2708 2233 2852 2289 nullo
2892 2247 3018 2286 vere
3059 2232 3241 2286 dicere
3272 2228 3404 2283 mihi

1842 2327 2091 2382 conscius
2112 2340 2321 2391 essem;
2350 2335 2586 2381 attamen
2620 2341 2742 2381 cum
2780 2327 3076 2394 imperator
3103 2331 3405 2378 commotus

1840 2427 2005 2482 esset,
2050 2418 2118 2471 ad
2156 2416 2556 2471 comministros
2604 2431 2757 2471 meos
2794 2414 3081 2485 Egyptios
3130 2410 3404 2480 rescripsi,

1844 2510 2230 2579 diaconumque
2274 2509 2421 2574 milii,
2468 2519 2526 2563 ut
2571 2508 2773 2563 certior
2817 2509 3000 2562 lierem
3047 2506 3113 2561 de
3153 2505 3404 2566 Arsenio,

1843 2615 2002 2671 quem
2044 2614 2074 2653 a
2106 2600 2345 2669 quinque
2376 2598 2455 2652 vel
2491 2614 2587 2654 sex
2617 2600 2775 2655 annis
2810 2614 2913 2653 non
2947 2598 3207 2653 videram.
3242 2597 3408 2649 Arse-

1844 2691 2013 2756 nium,
2046 2704 2113 2743 ne
2147 2688 2319 2745 fusius
2350 2690 2436 2744 illa
2476 2704 2794 2759 prosequar,
2822 2688 3136 2743 delitescere
3164 2700 3410 2755 comper-

1848 2793 1957 2835 tqu
2000 2791 2123 2836 est:
2153 2797 2277 2837 eum
2323 2796 2555 2850 namque
2595 2780 2768 2849 primo
2796 2779 3012 2849 quidem
3054 2778 3107 2832 in
3154 2776 3409 2847 Egyptu.

1845 2873 2038 2927 dehinc
2087 2870 2213 2940 Tyri
2277 2870 2531 2925 latentem
2590 2869 2763 2924 nostri
2817 2870 3092 2923 invenere.
3150 2866 3411 2934 Quodque

1847 2962 2142 3030 permirum
2196 2960 2480 3025 habeatur,
2542 2976 2608 3015 ne
2657 2962 3024 3029 deprehensus
3082 2958 3301 3026 quidem
3351 2972 3411 3008 se

1845 3053 2131 3109 Arsenium
2162 3068 2283 3108 esse
2314 3052 2495 3106 fassus
2542 3061 2646 3116 est,
2693 3052 2865 3105 donec
2903 3050 2956 3102 in
2991 3049 3080 3117 jus
3108 3057 3351 3109 vocatus,
3383 3062 3411 3097 a

1846 3144 2034 3210 Paulo,
2066 3153 2191 3197 tunc
2234 3142 2361 3213 Tyri
2383 3142 2656 3209 episcopo.
2701 3140 3115 3195 convinceretur
3151 3155 3165 3191 :
3217 3136 3413 3188 dehinc

188 3217 278 3281 θεὶς
297 3220 475 3275 λοιπὸν
504 3222 615 3274 οὐκ
644 3223 940 3293 ἠρνήσατο.
970 3221 1140 3275 Τοῦτο
1161 3222 1218 3275 δὲ
1250 3221 1423 3274 ἐποίει
1462 3220 1742 3291 φυλάττων

1851 3234 1985 3287 enim
2014 3248 2122 3302 pra:
2152 3234 2354 3301 pudore
2379 3232 2605 3300 idipsum
2632 3244 2829 3299 negare
2853 3244 2955 3282 uou
2983 3235 3064 3282 est
3088 3240 3270 3280 ausus.
3302 3224 3412 3278 Hoc

187 3311 298 3381 πρὸς
328 3316 449 3378 τοὺς
479 3315 621 3385 περ).
646 3314 903 3367 Εὑσέὸιον
938 3314 1231 3384 συνθήκην,
1259 3313 1344 3365 ἵνα
1374 3314 1468 3383 μὴ,
1496 3313 1571 3375 ὡς
1596 3313 1743 3383 εὐρε-

187 3404 359 3469 θέντος,
394 3407 594 3461 λοιπὸν
626 3405 849 3459 ἐκείνων
896 3406 957 3458 τὸ
986 3406 1169 3477 δρᾶμα
1199 3405 1420 3476 διαλυθῇ
1454 3407 1585 3475 (96),
1609 3406 1744 3475 ὅπερ

186 3497 262 3549 καὶ
283 3500 487 3567 γέγονε.
522 3498 845 3569 Γράψαντος
873 3498 982 3569 γάρ
1004 3515 1104 3568 μου
1134 3498 1210 3569 τῷ
1240 3498 1467 3567 βασιλεῖ,
1494 3498 1574 3551 ὃτι
1620 3498 1743 3566 ’Δρ-

188 3587 333 3651 σένιος
388 3589 623 3661 εὑρέθη,
683 3590 777 3642 καὶ
830 3590 1242 3661 ὑπομνήσαντος
1295 3590 1461 3642 αὐτὸν
1517 3589 1645 3660 περ).
1673 3582 1747 3640 ὧν

186 3676 388 3747 ἤκουσεν
419 3682 479 3733 ἐν
498 3683 576 3750 τῇ
600 3681 655 3732 Ψ
657 3698 689 3733 α
699 3698 735 3750 μ
744 3680 910 3751 μαθίᾳ
932 3681 1215 3751 Μακαρίου
1242 3680 1336 3733 τοῦ
1374 3680 1746 3752 πρεσϐυτέρου

186 3771 338 3841 χάριν,
388 3772 609 3828 ἔπαυσε
648 3772 746 3842 μὲν
778 3773 838 3825 τὸ
881 3774 1226 3844 δικαστήριον
1276 3772 1369 3826 τοῦ
1430 3775 1743 3844 κήνσωρος,

188 3857 363 3931 ἔγραψε
394 3863 453 3915 δὲ
488 3862 924 3930 καταγινώσκων
948 3863 1047 3936 τὴν
1086 3864 1446 3932 συκοφαντίαν
1487 3864 1595 3916 τῶν
1628 3864 1747 3916 καθ’

186 3951 318 4019 ἡμῶν
341 3954 685 4023 γενομένων,
718 3954 809 4007 καὶ
834 3955 958 4017 τοὺς
989 3955 1116 4026 περὶ
1140 3954 1394 4007 Εὐσέϐιον
1425 3954 1749 4025 ἐρχομένους

188 4047 250 4107 εἰς
280 4047 369 4117 τὴν
394 4047 700 4116 Ἀνατολὴν
731 4046 852 4099 καθ’
882 4046 1057 4116 ἡμῶν,
1089 4045 1368 4099 ἐκέλευσεν
1395 4044 1748 4116 ὑποστρέψαι.

188 4135 289 4188 Ὀτι
310 4139 417 4208 (97)
452 4139 563 4209 μὲν
588 4133 680 4190 οὖν
706 4136 1086 4207 κατηγόρησαν
1121 4137 1195 4199 ὡς
1224 4136 1598 4205 ἀναιρεθέντος
1633 4136 1752 4207 ’Λρ-

191 4227 363 4292 σενίου,
400 4229 491 4281 ἵνα
542 4227 621 4297 μὴ
654 4229 775 4289 ταῖς
808 4226 956 4297 παρὰ
1004 4224 1113 4279 τῶν
1172 4226 1379 4280 πολλῶν
1430 4226 1753 4297 γραφείσαις

190 4315 479 4381 ἐπιστολαῖς
508 4319 828 4388 χρήσωμαι,
864 4318 1023 4386 ἀρκεῖ
1078 4316 1234 4386 μόνον
1266 4316 1363 4387 τὴν
1407 4316 1751 4387 Ἀλεξάνδρου

185 4406 264 4457 τοῦ
294 4410 603 4462 ἐπισκόπου
657 4406 1050 4477 Θεσσαλονίκης
1091 4406 1461 4478 παραθέσθαιο
1497 4406 1606 4459 ἀπὸ
1645 4406 1753 4479 γὰρ

185 4496 367 4567 ταύτης
401 4501 499 4552 καὶ
532 4496 636 4560 τὰς
664 4496 773 4548 τῶν
794 4496 966 4549 ἄλλων
998 4496 1201 4565 γνῶναι
1233 4496 1474 4550 δυνατόν.
1519 4498 1755 4559 Ἐκεῖνος

185 4588 341 4641 τοίνυν
356 4591 540 4654 εἰδὼς,
561 4590 660 4642 ὅσα
705 4588 805 4658 μὲν
845 4586 1142 4658 ἐθρύλλησε
1181 4586 1301 4640 καθ’
1338 4588 1494 4660 ἡμῶν
1546 4588 1751 4659 ’Δρχάφ

186 4678 300 4749 {98),
327 4682 356 4734 ὅ
390 4682 488 4735 καὶ
532 4681 789 4751 Ἰωάννης
822 4680 951 4751 περὶ
991 4679 1172 4749 φόνου,
1209 4680 1300 4734 καὶ
1335 4680 1541 4751 μαθὼν,
1575 4682 1656 4735 ὅτι
1684 4679 1750 4751 ζῇ

196 4766 478 4841 Ἀρσένιος,
515 4772 720 4844 γράφει
748 4768 916 4824 ταῦτα
940 4788 953 4801 ·

240 5058 347 5130 (91)
375 5058 473 5116 Sic
502 5058 642 5130 Reg.
686 5056 1003 5130 Editi_vero,
1036 5056 1356 5130 Μυρσήνης.

246 5126 355 5201 (9ξΞ)
386 5130 446 5184 In
484 5126 651 5185 editis
684 5126 1183 5201 [neglegebanturl
1373 5131 1544 5201 ταῦτα
1577 5129 1674 5201 μὲν
1734 5130 1762 5182 ὁ

182 5194 446 5280 ’ls'xdp'ag,
474 5212 599 5267 quae
626 5196 774 5267 quod
812 5197 865 5251 in
894 5194 1042 5267 Reg.
1076 5206 1130 5253 et
1151 5197 1317 5252 Basil.
1352 5200 1553 5267 desint,
1577 5194 1758 5253 'visum

184 5280 256 5319 est
276 5280 556 5324 omittere.

250 5338 357 5409 (95)
389 5339 533 5409 lleg.
562 5346 618 5391 et
640 5336 769 5409 edit.
797 5335 1339 5409 Cuium.,‘l'epa0iq.

248 5406 355 5477 (94)
396 5406 878 5477 ίιεξςηΔαλματίῳ
929 5406 1007 5477 τῷ
1061 5406 1310 5477 κίνσωρι.
1378 5407 1529 5461 illinc
1580 5418 1761 5462 autem

191 5474 510 5531 Dalmatium
558 5474 859 5531 censerent
903 5474 1203 5532 Constantii
1238 5474 1557 5545 patruelem
1603 5478 1757 5531 ἀδελ-

191 5545 368 5609 φιδοῠν
401 5548 570 5600 luisse
606 5548 681 5599 ait
716 5546 967 5601 Socrates
998 5546 1090 5600 lib.
1135 5562 1176 5610 ι,
1203 5563 1251 5600 c.
1287 5547 1378 5613 27,
1416 5547 1579 5600 lilium
1616 5548 1761 5602 scili—

191 5627 269 5685 cet
294 5616 542 5670 Dalmatii
576 5617 764 5669 l'ratris
796 5615 1135 5670 Constantini
1174 5616 1370 5685 Magni.
1407 5618 1511 5671 Sed
1545 5633 1759 5671 errasse

193 5683 472 5739 Socratem
507 5686 786 5739 contendit
830 5686 1094 5748 Valesius,
1130 5688 1218 5752 qui
1252 5683 1395 5741 hunc
1442 5687 1760 5740 Dalmatium

193 5764 395 5818 patrem
433 5754 610 5809 fuisse
652 5764 916 5807 autumat.
943 5755 1267 5809 Dalmatium
1300 5757 1442 5809 euitn
1480 5758 1644 5808 lilium
1668 5758 1758 5824 qui

1848 3333 2023 3378 autem
2055 3326 2193 3392 pacti
2226 3338 2345 3377 cum
2378 3322 2612 3376 Eusebio
2646 3320 2762 3375 initi
2796 3317 3047 3375 servandi
3082 3332 3243 3371 causa
3287 3329 3413 3382 age-

1846 3416 1959 3480 bat,
1985 3428 2049 3467 ue
2077 3428 2135 3467 se
2157 3413 2509 3482 deprehenso,
2537 3421 2645 3465 tota
2673 3420 3022 3466 evanesceret
3043 3406 3243 3472 fabula,
3269 3406 3413 3475 quod

1832 3516 1902 3560 et
1930 3506 2143 3560 accidit.
2187 3505 2497 3575 Imperatori
2538 3505 2679 3559 enim
2710 3519 2830 3558 cum
2864 3501 3056 3555 litteris
3090 3500 3412 3553 iudicassem

1850 3610 2119 3667 repertqu
2151 3598 2435 3651 Arseuiutn
2480 3596 2668 3660 fuisse,
2703 3596 2752 3648 iu
2803 3593 3227 3659 memoriamque
3264 3603 3415 3641 revu—

1850 3704 2058 3743 cassem
2085 3706 2203 3759 quae
2225 3690 2288 3744 de
2310 3689 2544 3743 Macario
2565 3687 2877 3757 presbytero
2906 3687 3014 3754 ipse
3037 3680 3417 3736 Psanuuathia

1851 3780 2126 3846 audisset;
2153 3780 2360 3851 judicio
2394 3780 2483 3833 ille
2517 3781 2760 3833 censuris
2792 3776 3041 3841 inhibito,
3078 3774 3283 3827 litteras
3314 3772 3415 3822 mi-

1852 3871 1941 3937 sit,
1973 3872 2167 3941 quibus
2200 3873 2450 3925 damnata
2489 3870 2927 3924 adversariorum
2974 3875 3281 3920 nostrorum
3329 3874 3418 3930 εις

1850 3963 2161 4030 ecphantia,
2201 3963 2487 4018 Eusebium
2516 3970 2568 4015 et
2597 3960 2834 4015 asseclas
2858 3960 2912 4012 in
2947 3957 3221 4011 Orientem
3260 3950 3416 4005 nobis

1852 4053 2170 4106 adversandi
2223 4053 2403 4107 studio
2465 4053 2834 4121 properantes,
2890 4045 3189 4114 retrogredi
3243 4041 3416 4109 iussit.

1854 4141 2022 4196 Porro
2054 4142 2197 4211 quod
2240 4158 2324 4197 me
2354 4142 2420 4197 de
2446 4150 2722 4211 perempto
2755 4137 2985 4192 Arseuio
3027 4130 3419 4193 iusinmlariut,

1856 4244 1915 4287 ut
1944 4250 2013 4290 ne
2039 4234 2323 4288 multormn
2350 4233 2595 4303 epistolis
2622 4231 2779 4299 huius
2807 4230 2882 4283 rei
2911 4229 3067 4281 [idem
3101 4222 3424 4278 facientibus

1856 4332 1997 4386 utar,
2028 4339 2187 4375 unam
2214 4321 2409 4376 sulIicit
2432 4318 2722 4374 Alexandri
2762 4312 3160 4369 'l'hessalonicze
3187 4306 3423 4377 episcopi

1856 4415 2099 4484 proferre
2128 4432 2139 4466 :
2164 4428 2228 4467 ex
2260 4428 2365 4482 qua
2392 4412 2459 4464 de
2488 4410 2715 4465 aliorum
2761 4409 2889 4461 item
2923 4402 3163 4473 epistolis
3199 4398 3424 4467 quisque

1862 4508 2037 4560 valeat
2083 4504 2396 4571 diiudicare.
2442 4502 2491 4557 ls
2534 4515 2666 4569 ergo
2707 4514 2828 4552 cum
2862 4496 3028 4566 probe
3058 4493 3224 4548 sciret
3263 4501 3425 4556 quam

1861 4599 2024 4651 multa
2057 4596 2333 4663 Archaph,
2358 4594 2447 4662 qui
2479 4602 2533 4648 et
2559 4589 2816 4652 Joannes,
2847 4586 3132 4639 adversum
3160 4594 3259 4633 nos
3282 4590 3429 4644 spar-

1856 4690 2041 4745 sisset.
2084 4685 2471 4754 didicissetque
2515 4683 2569 4736 in
2612 4680 2745 4733 vivis
2792 4691 2911 4731 esse
2956 4670 3275 4733 Arscnium,
3312 4668 3427 4721 haec

1857 4774 2074 4845 scripsit
2110 4790 2120 4824 :

1854 5076 1918 5115 ac
1939 5056 2203 5113 Narbona:
2220 5055 2679 5113 lmmanislitteris
2693 5068 2911 5125 operam
2931 5052 3143 5125 dedisse
3162 5049 3427 5125 probate;

1858 5128 2096 5185 AttSouiu
2145 5127 2238 5181 lib.
2271 5126 2346 5198 De
2395 5118 2777 5198 professoribus
2811 5122 3300 5198 Burdigalensibus.
3334 5118 3429 5171 lbi-

1860 5201 1981 5280 dem
2005 5198 2157 5264 editi,
2190 5196 2318 5269 περὶ
2359 5188 2461 5269 τῆς
2492 5188 2601 5251 ’τοῦ
2656 5196 2839 5267 φόνου.
2886 5188 3152 5287 Noslleg.
3188 5188 3307 5244 cod.
3343 5202 3429 5241 se-

1862 5283 2100 5340 quunur.
3007 5283 3014 5287 ‘

2082 5335 2156 5417 l_t_a
2184 5338 2317 5417 Reg:
2348 5338 2404 5417 lu
2439 5338 2616 5417 editis,
2649 5340 2679 5417 ό
2708 5334 3004 5417 ’Δρσένιοςτ
3036 5414 3049 5417 4
3079 5398 3109 5417 η

1933 5395 2057 5481 (96)Δ
2080 5395 2539 5481 ,ιὶοεηνδιαλυθῄ
2590 5395 2741 5481 infra
2776 5395 2914 5481 idem
2945 5395 2997 5481 et
3027 5398 3156 5481 edit.
3192 5395 3427 5481 (lamin,

1860 5463 2147 5549 Ψαμαθίᾳ.
2174 5463 2341 5535 ῑίιὶυιο
2382 5463 2578 5544 νοεῖίιι
2618 5477 2774 5533 editis
2803 5471 2896 5528 τοῦ
2933 5473 3082 5524 deest
3124 5476 3250 5519 aute
3299 5463 3439 5552 κήνο.

1862 5566 2052 5689 “230's.
2070 5619 2140 5673 Ita
2168 5620 2297 5688 Reg.
2320 5618 2455 5689 Editi
2486 5616 2738 5689 vero._6-c:-.
2762 5611 2939 5689 minus
2969 5616 3134 5688 recte.

1936 5670 2047 5761 (ἰὴ)
2070 5670 2307 5743 iouini;
2332 5670 2693 5761 Allcll‘tlplla'ls-
2710 5691 2801 5761 est
2822 5677 3230 5761 (ξυίηυμῖξςυμυδ
3264 5670 3432 5727 διεω-

1865 5746 2115 5831 phitauus
2145 5761 2337 5816 dicitur
2376 5759 2429 5811 iu
2459 5746 2731 5809 Bi'eviario
2756 5746 2951 5807 Mclctii
2984 5746 3143 5801 infra.

193 5824 1006 5917 posteacaasar‘a‘ppeﬂatps‘cst,
1027 5834 1211 5880 tenera
1243 5835 1371 5881 tum:
1398 5826 1757 5892 mtateluissc,
1837 5895 1858 5905 ν,
