3978 6512
594 389 703 446 367

932 497 1230 552 DOMINU
1276 500 1587 555 DIl.ECTO
1629 499 1837 555 FILIO

663 601 709 641 et
752 588 991 641 unanimi
1033 590 1387 641 comministro
1426 592 1735 649 Athanasio.
1784 592 2084 645 Alexander

926 661 1192 725 episcopus
1220 659 1273 711 in
1303 659 1525 712 Domino
1556 660 1797 713 salutem.

660 748 749 802 66.
788 748 1143 817 Congratulor
1180 751 1379 817 Optimo
1410 750 1690 818 Sarapioni
1730 752 1820 820 qui
1867 763 2015 806 tanto
2042 762 2153 807 stu-

589 840 680 893 dio
715 840 990 894 contendit
1025 855 1142 893 sese
1188 839 1358 893 sacris
1402 854 1601 894 ornare
1651 844 1911 907 moribus,
1959 844 2155 913 quippe

591 930 759 997 patris
798 930 1071 982 memoria
1100 929 1307 981 laudem
1344 927 1393 979 in
1443 928 1559 981 dies
1592 929 1861 981 conciliat.
1910 928 2152 983 Mortuus

588 1030 660 1072 est
690 1020 849 1082 enim,
876 1019 952 1071 ait
979 1021 1206 1087 quodam
1244 1019 1295 1071 in
1339 1019 1452 1072 loco
1484 1034 1637 1073 sacra
1676 1020 1978 1088 Scriptura,
2008 1033 2155 1089 pater

587 1111 724 1177 ejus,
755 1120 804 1163 et
832 1112 981 1179 quasi
1010 1128 1108 1161 non
1146 1120 1218 1162 est
1258 1122 1488 1163 mortuus
1513 1110 1579 1175 ⁸¹,
1617 1112 1737 1163 vita:
1772 1125 2002 1178 namque
2044 1128 2153 1165 sua:

588 1202 977 1255 monimentum
1014 1201 1246 1271 reliquit.
1290 1201 1408 1267 Quo
1435 1210 1613 1256 autem
1668 1200 1847 1255 allecti
1893 1202 2154 1256 fuerimus

588 1296 769 1347 animo
816 1309 940 1364 erga
996 1293 1307 1358 Sozontem,
1359 1294 1633 1347 memoriae
1684 1295 1898 1364 dignum
1952 1296 2151 1356 virum,

589 1400 695 1439 non
726 1383 966 1454 ignoras,
999 1384 1235 1449 domine,
1264 1386 1355 1453 qui
1400 1399 1519 1437 cum
1548 1400 1755 1438 sacram
1786 1385 2023 1453 ejusdem
2054 1386 2151 1439 viri

586 1476 923 1539 memoriam,
959 1485 1066 1529 tum
1108 1477 1322 1530 insitam
1357 1476 1713 1530 adolescentis
1750 1475 1930 1529 animo
1970 1478 2151 1530 mode-

586 1570 744 1621 stiam
781 1567 946 1636 probe
990 1569 1186 1621 noscis.
1238 1567 1405 1621 Unam
1435 1568 1570 1622 hanc
1612 1586 1639 1621 a
1677 1569 1786 1623 Tua
1830 1571 2152 1624 Reverentia

586 1657 893 1725 epistolam,
908 1657 1260 1710 adolescentis
1279 1658 1445 1725 ipsius
1458 1674 1612 1711 manu
1629 1661 1828 1727 accepi.
1853 1659 1961 1713 lloc
1982 1663 2152 1727 ipsum

588 1747 858 1815 igiturlibi
884 1747 1225 1800 indicandum
1247 1748 1446 1815 putavi,
1468 1760 1523 1800 ut
1543 1759 1720 1801 notum
1742 1751 1834 1801 tibi
1864 1760 2027 1811 esset,
2061 1751 2155 1803 do-

1165 389 1227 444 S.
1264 391 1633 445 ATHANASII
1670 392 1819 448 OPP.
1862 390 2039 448 PARS
2076 396 2117 449 l.
2156 427 2226 437 —-
2262 396 2634 454 HISTORICA
2672 398 2769 451 ΕΤ*
2799 398 3212 455 DOGMATICA.

2179 512 2231 566 Δ

3731 391 3831 449 368

2664 511 2896 578 ΚΥΡΙῼ
2936 511 3273 578 unum!)
3321 511 3435 578 na

2259 602 2357 653 καὶ
2382 602 2671 668 ὁμοψύχῳ
2707 601 3150 669 συλλειτουργῷ
3196 601 3518 666 Ἄθανασίῳ
3553 601 3807 662 Ἀλέξαγ

2478 669 2619 736 ὅρος
2659 671 2988 737 ἐπίσκοπος
3032 673 3103 725 ἐν
3138 672 3333 739 Κυρίῳ
3364 671 3618 740 χαῲειν.

2332 762 2419 815 66.
2469 762 2759 833 Συγχαίρω
2804 763 2881 831 τῷ
2941 762 3201 833 βελτίστῳ
3257 763 3619 835 Σαραπίωνι,
3668 763 3829 825 οὕτως

2262 855 2427 922 ἱεροῖς
2466 851 2655 905 ἑαυτὸν
2691 853 2800 921 (99)
2846 853 3000 921 ήθεσι
3033 856 3257 923 κοσμεῖν
3300 853 3712 922 ἀγωνιζομένῳ,
3748 855 3835 904 καὶ

2257 944 2355 1011 τήν
2410 960 2467 994 τε
2531 943 2624 995 τοῦ
2692 943 2897 1013 πατρὸς
2974 946 3191 1014 μνήμην
3253 943 3836 1014 ἐγκωμιαστικιὲηερον

2258 1033 2564 1096 ὲπαύξοντι.
2605 1036 2985 1101 Ἐτελεύτησε
3016 1036 3144 1104 γὰρ,
3193 1035 3267 1098 ὦς
3313 1053 3415 1087 που
3457 1038 3489 1105 ή
3545 1034 3671 1105 ἱερά
3709 1050 3837 1102 φησι

2259 1127 2468 1197 Γραφὴ,
2501 1130 2533 1180 ὁ
2564 1115 2757 1195 iratin
2795 1126 2982 1179 αὑτοῦ
3003 1166 3019 1189 ,
3069 1127 3165 1179 καὶ
3206 1128 3287 1192 ὡς
3319 1127 3394 1196 (1)
3426 1128 3541 1179 οὐκ
3576 1125 3837 1179 ἀπέθανε

2258 1216 2513 1268 κατέλιπε
2544 1216 2651 1286 γὰρ
2698 1215 2774 1285 τῷ
2809 1214 2909 1285 βίῳ
2960 1216 3319 1285 μνημόσυνον.
3359 1216 3551 1277 Ὅπως
3607 1213 3708 1283 μὲν
3749 1210 3837 1265 οὗν

2253 1306 2566 1375 διεκείμεθα
2621 1308 2747 1377 περὶ
2790 1306 2882 1358 τὸν
2923 1307 3140 1375 μνήμης
3191 1305 3339 1369 ἄξιον
3390 1304 3670 1367 Σώζοντα,
3730 1303 3837 1356 οὐδ’

2256 1397 2418 1460 αὐτὸς
2450 1398 2679 1464 ἀγνοεῖς,
2704 1398 2956 1454 δέσποτα.
2993 1397 3090 1466 τὴν
3127 1397 3254 1467 περὶ
3283 1399 3491 1449 ἐκεῖνον
3516 1395 3671 1465 ἱερὰν
3704 1396 3839 1465 μνή-

2259 1507 2364 1559 μην
2419 1491 2511 1541 καὶ
2568 1491 2667 1561 τὴν
2723 1490 3032 1561 προσοῦσαν
3078 1489 3156 1559 τῷ
3214 1489 3461 1559 νεωτέρῳ
3512 1487 3836 1541 ἐπιείκειαν.

2254 1582 2397 1635 Μίαν
2433 1582 2597 1652 μόνην
2622 1582 2719 1652 τὴν
2764 1583 2851 1635 διὰ
2880 1582 2975 1633 τοῦ
3016 1581 3278 1650 νεωτέρου
3330 1580 3523 1632 τούτου
3572 1577 3839 1649 ἐδεξάμην

2255 1672 2406 1742 παρά
2427 1673 2526 1741 τῆς
2561 1674 2890 1742 σεμνότητός
2925 1690 3016 1725 σου
3049 1672 3357 1741 ἐπιστολήν.
3421 1670 3702 1739 Ἐδήλωσα
3750 1665 3838 1722 οὖν

2257 1780 2337 1815 σοι
2370 1763 2501 1815 αὐτὸ
2530 1762 2703 1825 τοῦτο,
2760 1764 2843 1815 ἵνα
2901 1763 3096 1815 εἰδέναι
3135 1762 3279 1831 ἔχοις
3331 1761 3432 1829 (2),
3482 1761 3741 1812 δέσποτα.
3784 1759 3837 1812 '0

589 1838 749 1892 mine.
771 1838 1005 1893 Dilectus
1035 1849 1217 1892 noster
1238 1840 1729 1911 lcontliacnnuSque
1760 1840 2023 1894 Macarius
2072 1855 2153 1893 me

2262 1854 2532 1923 ἀγαπητὸς
2548 1858 2580 1925 ἡ
2589 1855 2701 1925 μῶν
2718 1856 2806 1907 καὶ
2833 1855 3168 1917 συνδιάκονος
3198 1855 3482 1924 Μακάριος
3504 1851 3741 1922 εὔφρανέ
3772 1869 3836 1922 με

589 1944 927 1998 summopere
966 1929 1271 1991 oblectavit,
1301 1945 1445 1993 cum,
1471 1931 1660 1985 litteris
1704 1931 1815 1984 suis
1843 1932 1971 1984 tnibi
2014 1932 2155 1984 Con-

587 2022 932 2089 stantinopoli
978 2022 1309 2074 transmissis
1345 2022 1690 2091 signiﬁcavit,
1731 2037 1893 2091 quam
1926 2023 2157 2091 turpiter

587 2114 837 2184 Arcbapb
872 2114 1200 2183 sycophanta
1246 2114 1313 2168 sit
1342 2115 1707 2183 deprehensus
1740 2133 1753 2168 :
1796 2115 1936 2182 quod
1978 2116 2153 2167 virum

586 2208 677 2276 qui
720 2208 774 2261 in
812 2207 948 2261 vivis
990 2218 1154 2273 esset,
1195 2208 1347 2277 quasi
1398 2207 1738 2260 interfectum
1792 2207 1990 2275 ubique
2029 2220 2152 2275 per—

587 2299 880 2368 vnlgassct.
943 2299 1095 2353 Illum
1152 2311 1331 2351 autctn
1379 2298 1644 2367 condigna
1699 2298 1811 2351 suis
1858 2296 2154 2351 sceleribus

587 2406 745 2457 paena
772 2407 801 2444 a
824 2391 968 2457 justo
988 2392 1168 2461 judice
1196 2406 1317 2444 cum
1368 2391 1511 2444 socia
1548 2390 1649 2443 sibi
1696 2390 1917 2444 cohorte
1960 2389 2154 2442 multa-

590 2496 701 2536 tum
736 2484 821 2546 iri,
857 2483 1012 2555 145
1049 2484 1339 2552 Scriptura:
1372 2484 1665 2552 praedicant.
1699 2483 1911 2536 mentiri
1935 2482 2150 2535 nescire.

592 2576 980 2630 Universorum
1027 2575 1281 2628 Dominus
1335 2585 1387 2628 te
1416 2588 1575 2642 quam
1615 2574 1914 2628 diutissime
1935 2588 2154 2628 conser-

589 2677 699 2731 vet,
734 2667 949 2722 domine
974 2682 1103 2737 erga
1131 2680 1318 2721 omnes
1344 2666 1798 2722 mansuetissime.

657 2782 749 2837 6'1.
783 2782 985 2835 Idcirco
1015 2791 1189 2834 autem
1232 2778 1509 2832 delituisse
1540 2778 1860 2839 Arsenium,
1909 2787 1965 2830 ut
2002 2778 2149 2830 illum

592 2880 838 2925 necatum
871 2869 1279 2925 insimularent,
1310 2875 1473 2921 testes
1517 2877 1640 2921 sunt
1667 2868 1756 2935 qui
1793 2884 1915 2922 cum
1951 2882 2014 2921 eo
2040 2877 2150 2920 tum

590 2960 969 3014 versabantur.
1004 2958 1361 3025 Perquisitum
1394 2957 1535 3010 enim
1571 2958 1720 3009 illum
1769 2975 1889 3011 cum
1938 2960 2151 3011 tandem

592 3051 1001 3118 reperissemus,
1029 3064 1091 3102 ea
1128 3051 1193 3101 de
1227 3064 1283 3102 re
1312 3047 1511 3102 Pinnes
1549 3048 1614 3101 ad
1657 3048 1915 3102 Joannem
1968 3049 2153 3116 hujus-

589 3142 733 3197 modi
756 3140 1120 3211 syc0phantire
1152 3139 1467 3192 histrionem
1500 3140 1795 3206 rescripsit,
1820 3140 1902 3192 his
1935 3141 2148 3192 verbis:

887 3228 1199 3283 DILECTO
1233 3228 1498 3283 FRATRI
1531 3228 1817 3282 JOANNI

660 3322 854 3377 Pinnes
897 3322 1164 3391 presbyter
1204 3324 1504 3376 titanasterii
1542 3321 1962 3392 Ptemencyrceos
2010 3326 2066 3379 in

984 3392 1305 3459 Anteapolile
1345 3409 1495 3444 nomo
1521 3393 1763 3445 salutem.

663 3482 818 3535 Scire
846 3490 895 3534 te
924 3481 1045 3534 volo
1070 3480 1424 3533 Athanasium
1474 3480 1525 3531 in
1576 3479 1911 3534 Thebaidem
1968 3483 2151 3534 diaco—

591 3588 718 3626 num
749 3574 959 3625 misisse
986 3587 1138 3625 suum
1160 3610 1174 3633 ,
1206 3572 1294 3637 qui
1341 3569 1520 3623 omnia
1555 3570 1767 3623 Arsenii
1801 3573 2161 3640 conquirendi

590 3679 752 3718 causa
777 3672 1227 3732 perscrutaretur.
1261 3661 1295 3714 li
1330 3675 1458 3714 vero
1487 3676 1621 3727 quos
1652 3661 1880 3728 primum
1911 3662 2153 3727 ollendit,

590 3754 847 3824 Pecysius
874 3769 1065 3822 nempe
1107 3753 1408 3821 presbyter,
1461 3750 1711 3804 Silvanus
1753 3752 1917 3807 llelize
1962 3754 2152 3817 frater,

591 3846 1090 3915 Tapenaceranteus
1140 3853 1197 3899 et
1250 3842 1445 3895 Paulus
1508 3841 1767 3913 llypseles
1836 3847 2153 3912 monachus,

591 3937 731 4007 apud
763 3951 859 3990 nos
881 3936 1166 3989 Arsenium
1198 3949 1316 3988 esse
1345 3935 1578 3989 confessi
1624 3948 1768 3989 sunt.
1816 3936 1921 3991 Nos
1975 3950 2153 3995 autem

591 4046 651 4083 re
674 4037 969 4096 comperta,
1004 4028 1148 4080 illum
1178 4027 1228 4079 in
1262 4027 1566 4080 naviculam
1599 4030 1789 4097 conjici
1821 4032 2154 4099 curavimus,

591 4131 649 4177 ut
675 4123 740 4175 ad
774 4122 1060 4175 inferiores
1080 4130 1259 4189 partes
1282 4136 1383 4175 una
1406 4137 1526 4176 cum
1565 4121 1716 4175 Helia
1747 4125 2011 4178 monacho
2033 4142 2158 4179 ave-

589 4216 832 4268 heretur.
869 4212 997 4266 Post
1020 4212 1132 4266 lucc
1166 4213 1425 4267 diaconus
1456 4226 1575 4267 cum
1612 4214 1929 4281 quibusdam
1974 4232 2157 4271 rever-

588 4319 705 4366 sus,
741 4305 1028 4372 derepente
1054 4302 1107 4354 in
1150 4301 1537 4356 monasterium
1595 4312 1835 4356 nostrum
1879 4307 2154 4372 quaerendi

587 4394 801 4449 Arsenii
832 4409 994 4449 causa
1028 4407 1146 4447 sese
1172 4392 1399 4446 immisit
1435 4411 1449 4446 :
1481 4408 1641 4461 quem
1678 4396 1818 4462 quod
1840 4436 1855 4459 ,
1895 4396 1968 4448 uti
1995 4412 2154 4464 supra

588 4486 845 4548 diximus,
891 4486 943 4538 in
982 4484 1267 4538 inferiores
1300 4493 1482 4553 partes
1514 4486 2026 4550 transmisissemus,
2057 4502 2154 4540 ne-

2181 3182 2223 3237 C

2257 1945 2364 1997 ἀπὸ
2383 1945 2482 2014 τῆς
2516 1946 2920 1997 Κωνσταντίνου
2952 1944 3155 2006 πόλεως
3180 1943 3415 2014 γράψας,
3444 1943 3598 2004 ὅπως
3632 1942 3835 2011 ’Δρχάφ

2256 2037 2285 2087 ὁ
2312 2036 2651 2105 συκοφάντης
2668 2035 3037 2104 ήσχημόνησε,
3070 2035 3160 2086 τὸν
3187 2033 3364 2096 ζῶντα
3405 2034 3483 2095 ὡς
3514 2033 3835 2102 φονευθέντα

2256 2124 2406 2194 παρά
2433 2127 2565 2177 πᾶσι
2582 2143 2650 2194 κη
2661 2124 2842 2194 ρύξας.
2874 2125 3228 2196 ’Ὁτιγὰρτὴν
3253 2126 3345 2176 ἐπὶ
3363 2126 3478 2187 τοῖς
3489 2124 3834 2195 τολμηθεῖσιν

2255 2215 2402 2285 αὐτῷ
2449 2215 2603 2279 ἀξίαν
2654 2214 2939 2284 εἴσπραξιν
2986 2219 3255 2285 κομιεῖται
3292 2216 3445 2286 παρά
3479 2214 3578 2267 τοῦ
3633 2215 3834 2267 δικαίου

2254 2306 2440 2377 κριτοῦ
2491 2306 2629 2375 μετά
2673 2305 2766 2358 τοῦ
2827 2307 3131 2375 ὁμοτρόπου
3188 2307 3442 2374 στίφους,
3482 2308 3538 2357 αἱ
3589 2306 3833 2374 ἀψευδεῖς

2254 2398 2593 2465 ἀναφωνοῦσι
2668 2399 2897 2469 Γραφαί.
2956 2399 3012 2450 '0
3064 2398 3173 2449 τῶν
3223 2397 3359 2449 ὅλων
3421 2398 3708 2468 διατηροίη
3777 2413 3832 2448 σε

2254 2486 2346 2538 ἐπὶ
2375 2488 2633 2556 μήκιστον
2666 2486 2953 2555 δεσπότης,
2988 2486 3144 2557 κύριε
3172 2486 3390 2540 πάντων
3417 2488 3582 2557 χάριν
3612 2486 3835 2557 χρηστό-

2254 2593 2401 2629 τατε.

2326 2776 2415 2831 67.
2459 2778 2580 2831 Ὅτι
2628 2778 2682 2831 δὲ
2716 2777 3017 2849 ἐκρύπτετο
3069 2777 3363 2848 Ἀρσὲνιος,
3400 2777 3491 2830 διὰ
3544 2777 3721 2840 τοῦτο,
3753 2777 3832 2830 ἵνα

2256 2868 2483 2921 θάνατον
2508 2863 2653 2921 οὗτοι
2691 2866 3023 2929 πλάσωνται,
3056 2866 3212 2918 τοῦτο
3247 2864 3621 2937 μαρτυροῦσιν
3658 2867 3704 2917 οξ
3740 2866 3830 2917 σὺν

2256 2958 2837 3029 αὑτῷδιατρίψαντεςο
2889 2955 3177 3026 ζητοῦντες
3226 2956 3335 3027 γὰρ
3385 2956 3572 3017 αὐτὸν,
3605 2954 3830 3025 εὕρομεν

2253 3049 2457 3113 τοῦτον,
2494 3049 2587 3100 καὶ
2634 3048 2839 3118 ἔγραψε
2870 3048 3004 3118 πρὸς
3050 3048 3300 3116 Ἰωάννην
3328 3047 3421 3099 τὸν
3476 3046 3834 3116 ὐποκρινόμε-

2255 3158 2343 3194 νον
2369 3143 2465 3212 τὴν
2499 3140 2754 3208 τοιαύτην
2785 3138 3165 3207 συκοφαντίαν,
3191 3137 3363 3190 ταῦτα
3394 3156 3407 3167 ·

2472 3235 2556 3301 Tn
2622 3234 2969 3300 ΑΓΑηιιΤρ
3015 3232 3303 3299 ΑΔΕΛΦῼ
3347 3231 3625 3301 ΙΩΑΝΝῌ

2232 3316 2483 3391 ¹Πίννης
2524 3326 2597 3402 (ᾖ)
2644 3324 3043 3403 πρεσϐύτερος
3088 3322 3321 3403 μονῆς-
3344 3323 3833 3403 Πτεμεγκύρκεως

2502 3393 2609 3459 τῆς
2654 3393 3104 3445 Ἀντεοπολίτου
3138 3393 3324 3461 νομοῦ
3352 3394 3599 3460 χαίρειν.

2326 3487 2617 3538 Γινώσκειν
2657 3502 2713 3537 σε
2741 3484 2897 3547 θέλω,
2930 3486 3011 3537 ὅτι
3045 3484 3365 3538 ἀπέστειλεν
3410 3482 3719 3544 Ἀθανάσιος
3755 3482 3836 3544 είς

2256 3578 2352 3648 τὴν
2381 3577 2618 3647 Θηϐαΐδα
2651 3575 2897 3628 διάκονον
2922 3575 3136 3638 ἑαυτοῦ,
3170 3576 3459 3646 ἐρευνῆσαι
3499 3576 3675 3628 πάντα
3712 3574 3833 3626 ’ἐνε-

2257 3688 2351 3723 κεν
2384 3670 2681 3739 Ἀρσενίου.
2710 3668 2820 3720 Καὶ
2847 3667 3060 3738 πρῶτον
3094 3668 3210 3737 μὲν,
3238 3667 3555 3738 εὑρεθέντες
3573 3666 3835 3728 Πεκύσιος

2258 3759 2647 3831 πρεσϐύτερος,
2703 3759 2796 3810 καὶ
2832 3757 3126 3820 Σιλϐανὸς,
3175 3758 3203 3808 ὁ
3239 3756 3471 3826 ἀδελφὸς
3516 3756 3686 3817 Ἠλία,
3739 3756 3835 3807 καὶ

2258 3853 2773 3922 Ταπενακεραμεὺς,
2805 3851 2898 3904 καὶ
2918 3849 3147 3912 Παῦλος,
3179 3848 3409 3919 μοναχὸς
3435 3850 3546 3902 ἀπὸ
3572 3848 3830 3917 ’Υψηλῆς,

2256 3945 2626 4015 ὡμολόγησαν,
2671 3944 2752 3996 ὅτι
2793 3943 2924 4013 παρ’
2956 3943 3087 4011 ἡμῖν
3128 3942 3273 3993 ἐστιν
3319 3940 3627 4010 Ἀρσένιοςο
3673 3940 3835 4008 ἡμεῖς

2257 4039 2333 4101 δὲ,
2389 4037 2671 4107 μαθόντες,
2704 4037 3088 4104 πεποιήκαμεν
3143 4033 3304 4085 αὑτὸν
3360 4031 3691 4103 ἐμϐληθῆναι
3752 4031 3835 4090 εἰς

2258 4129 2471 4193 πλοῖον,
2507 4130 2600 4181 καὶ
2634 4127 2861 4180 πλεῦσαι
2904 4128 2982 4189 εἰς
3016 4125 3084 4177 τὰ
3123 4124 3273 4177 κάτω
3318 4125 3459 4194 μέρη
3508 4124 3643 4193 μετὰ
3676 4122 3836 4173 Ἠλία

2262 4220 2515 4290 μοναχοῦ.
2540 4220 2648 4272 Καὶ
2681 4217 2937 4287 ἐξαίφνης
2982 4216 3118 4285 μετά
3146 4214 3317 4267 ταῦτα
3349 4215 3510 4268 πάλιν
3541 4212 3775 4266 ἀνελθὼν
3805 4213 3835 4262 ὁ

2257 4311 2501 4372 διάκονος
2533 4309 2669 4379 μετά
2697 4325 2880 4371 τινων,
2914 4310 3139 4369 ἐπιστὰς
3177 4308 3235 4357 ὲν
3266 4309 3329 4376 τῇ
3363 4309 3495 4377 μονῇ
3528 4304 3676 4376 ήμῶν
3715 4304 3835 4355 ἓνε-

2258 4418 2353 4454 κεν
2377 4401 2469 4453 τοῦ
2501 4400 2665 4453 αὑτοῦ
2710 4400 3003 4471 Ἀρσενίου,
3038 4398 3197 4450 αὐτὸν
3227 4398 3322 4467 μὲν
3342 4398 3440 4466 οὐχ
3466 4397 3721 4466 εὖρηκαν,
3741 4394 3833 4449 διὰ

2258 4494 2320 4546 τὸ
2352 4493 2749 4545 ἀπεσταλκέναι
2806 4494 2950 4563 ἡμᾶς
2995 4492 3175 4554 αὑτὸν,
3234 4491 3309 4553 ὠς
3360 4489 3710 4559 προείπομεν,
3772 4487 3832 4538 ὲν

588 4586 854 4638 quaquam
883 4572 1154 4626 invenere.
1188 4570 1267 4625 Me
1296 4582 1477 4624 autem
1521 4589 1641 4624 cuttt
1697 4572 1846 4626 Helia
1890 4576 2153 4629 monacho

2262 4588 2373 4647 τοῖς
2411 4586 2558 4638 κάτω
2608 4549 2864 4655 μέρεσιν.ἱ
2914 4549 3012 4652 ἐμὲ
3052 4582 3107 4635 δὲ
3146 4549 3302 4651 μετά-
3322 4549 3417 4635 1:06-
3467 4549 3693 4651 nova-105
3731 4576 3831 4629 τοῦ

587 4665 677 4733 qui
702 4664 847 4717 illum
875 4679 1055 4718 secum
1089 4674 1490 4733 assumpserat,
1532 4667 1915 4721 Alexandriam
1959 4669 2157 4735 depur-

590 4769 757 4809 tatnm
789 4756 908 4809 duci
943 4755 1187 4811 obtulere
1218 4770 1231 4804 :
1270 4758 1342 4811 ibi
1386 4773 1508 4811 cum
1542 4758 1687 4811 nulla
1735 4758 1966 4828 negandi
2010 4769 2155 4813 esset

591 4847 842 4909 facultas,
876 4848 1159 4901 confessus
1202 4864 1320 4901 sum
1370 4848 1520 4903 illum
1566 4850 1774 4917 vivere,
1824 4866 1886 4905 ac
1935 4852 2155 4904 minime

588 4938 757 4992 fuisse
783 4949 1116 5007 peremptum
1150 4958 1164 4993 :
1194 4941 1339 5009 quod
1372 4941 1499 4994 item
1528 4940 1703 4995 lassus
1734 4950 1818 4996 est
1859 4944 2154 4997 monachus

656 5052 703 5083 ⁸³
732 5055 894 5108 Eccli.
924 5070 1049 5116 tu,
1081 5054 1137 5107 4.

658 5146 771 5215 (99)
803 5144 963 5210 Editi,
995 5147 1175 5213 αὐτόν,
1203 5146 1335 5216 Reg.
1365 5164 1511 5213 vero,
1542 5150 1752 5202 ἑαυτόν.

661 5218 739 5288 (l)
785 5218 879 5288 fa;
916 5219 1097 5271 deerat
1129 5220 1179 5270 in
1214 5219 1394 5273 editis.
1427 5217 1530 5288 Sed
1558 5220 1610 5271 in
1640 5220 1769 5287 Reg.
1806 5220 1969 5272 Basil.
2006 5233 2059 5275 et
2100 5224 2153 5277 in

586 5286 734 5342 textu
769 5286 955 5342 Graeco
988 5288 1159 5341 Sirac.
1196 5288 1410 5356 legitur.
1439 5287 1604 5343 Paulo
1629 5286 1749 5359 post
1778 5292 2022 5355 Σὼζοντα
2056 5312 2154 5347 ηο-

585 5374 709 5413 uwn
743 5359 1016 5426 pmprinm
1040 5374 1160 5411 esse
1191 5358 1375 5425 liquet.

658 5428 736 5499 (9.)
762 5429 835 5499 lita
876 5428 1009 5488 Reg.
1035 5429 1174 5481 Editi
1213 5443 1359 5490 vero,
1386 5427 1533 5499 ἔχῃς.

526 5542 531 5547 .
587 5569 632 5577 __
659 5498 735 5577 (β)
773 5498 897 5577 So}:
928 5499 1223 5577 Πατρίνης,
1265 5499 1316 5550 in
1342 5498 1625 5577 codicibus
1649 5500 1943 5577 Fukelii_et
1964 5502 2148 5577 _Allati_i

587 5569 817 5638 Πρίνης.
850 5567 969 5620 Mox
1000 5567 1237 5638 Munius
1273 5567 1440 5637 μονῆς
1476 5569 1579 5622 hoc
1613 5569 1728 5624 loco
1754 5571 1912 5623 vertit
1940 5573 2155 5623 domici-

589 5636 685 5690 lii:
702 5636 826 5687 sunt
852 5638 941 5704 qui
961 5636 1272 5689 vertendum
1304 5636 1825 5701 putentmansionis;
1858 5642 1949 5691 sed
1976 5657 2153 5693 mona-

591 5707 738 5776 sterii
754 5708 1066 5776 vertendum
1083 5720 1201 5776 esse
1220 5717 1357 5771 patet
1380 5722 1443 5759 ex
1466 5710 1642 5763 verbis
1659 5708 1793 5759 infra
1820 5710 2027 5776 positis,
2049 5711 2153 5762 [Ια-

592 5773 1093 5847 φνοιᾷτιοςμοναχὸς
1117 5773 1215 5839 τῆς
1244 5776 1408 5845 αὐτῆς
1452 5778 1637 5847 μονῆς,
1677 5773 2001 5841 Paphnutius
2042 5797 2151 5830 mo-

594 5845 793 5898 rucltus
816 5845 1044 5910 ejusdem
1068 5850 1386 5901 monasterii.
1415 5848 1550 5911 Qua:
1575 5845 1688 5901 'vox
1718 5848 1851 5917 μονή
1887 5864 1981 5902 usu
2008 5864 2146 5917 saepe

2264 4678 2425 4731 αὑτὸν
2461 4676 2864 4747 παραλαϐόντος
2907 4674 3060 4727 Ἠλία
3108 4673 3184 4743 (4)
3221 4674 3563 4743 κατήνεγκαν
3614 4672 3689 4731 είς
3728 4667 3832 4736 τὴν

2275 4768 2694 4839 Ἀλεξάνδρειαν,
2728 4767 2822 4819 καὶ
2857 4766 3231 4837 προσήνεγκαν
3272 4764 3370 4833 μὲν
3415 4763 3493 4831 τῷ
3525 4760 3699 4821 Δουκὶ,
3731 4758 3836 4811 καὶ

2264 4860 2384 4913 οὐδὲ
2416 4862 2609 4929 ἴσχυσα
2635 4858 2993 4931 ἀρνήσασθαι,
3022 4856 3133 4909 ἀλλ’
3158 4857 3507 4925 ὡμολόγησα,
3538 4855 3616 4906 ὅτι
3641 4851 3703 4920 ζῇ
3733 4850 3836 4902 καὶ

2264 4952 2363 5003 οὐκ
2397 4950 2666 5022 ἀνῃρέθηο
2721 4950 2790 5002 τὰ
2833 4948 2972 5002 αὐτὰ
3016 4948 3071 5000 δὲ
3108 4946 3201 4998 καὶ
3231 4948 3259 4997 ὁ
3304 4944 3628 5017 παραλαϐὼν
3662 4939 3839 4993 αὑτὸν

2251 5158 2398 5212 venit
2417 5173 2512 5225 pro
2533 5158 2879 5222 monasterio,
2910 5159 3228 5226 quandoque
3254 5154 3416 5209 etiam
3437 5167 3533 5220 pro
3551 5148 3845 5226 mansione

2255 5244 2348 5280 seu
2367 5220 2596 5282 statione
2616 5220 2983 5281 itinerantiuin
3007 5247 3020 5280 :
3042 5228 3132 5279 sed
3148 5220 3252 5297 non
3272 5221 3610 5297 essentcntia
3737 5235 3839 5285 μο-

2254 5300 2565 5371 νήνιιςοὶρί
2623 5300 2976 5371 con~picuum
3025 5306 3125 5371 est.
3178 5293 3487 5371 Marulleg:
3521 5290 3609 5371 τοᾷ
3638 5290 3836 5338 Ἀντε-

2257 5361 2494 5422 πολίτου.
2517 5361 2665 5433 $01.,
2684 5361 2775 5419 τοῦ
2794 5367 3206 5420 Ἀντεοπολίτου.
3232 5364 3391 5428 Editi,
3420 5361 3518 5430 τῆς
3550 5361 3841 5411 Ἀντεοπσ-

2257 5439 2424 5492 λίτου.

2330 5510 2407 5579 (4)
2440 5508 2696 5561 Dubitant
2724 5507 2943 5579 quidam
2967 5522 3033 5579 an
3063 5505 3147 5558 hic
3189 5502 3370 5557 llelias
3405 5501 3449 5555 is
3484 5501 3593 5567 ipse
3624 5497 3689 5579 sit
3728 5496 3834 5579 qui

2261 5566 2420 5645 supra
2446 5594 2565 5631 cum
2594 5566 2823 5630 Arseftio
2847 5576 3115 5642 aufugisse
3150 5566 3633 5645 metnoralurised
3656 5566 3832 5643 quid.

2260 5639 2467 5716 (ιιιέιδεο,
2530 5648 2629 5699 hac
2675 5648 2742 5699 de
2804 5662 2859 5699 re
2913 5639 3056 5697 dubii
3116 5639 3647 5716 fclinquilll‘l‘,Plllltc
3673 5639 3840 5700 ejus-

2259 5711 2376 5770 dem
2414 5716 2729 5772 monasterii
2766 5716 3079 5787 presbytero
3129 5716 3375 5767 eumdem
3404 5711 3569 5780 ipsum
3597 5719 3715 5759 esse
3747 5718 3839 5756 te-

2257 5787 2469 5842 stante?
