3978 6508
215 430 305 490 569
816 444 820 449 '
1293 435 1640 492 APOLOGIA
1677 437 1951 496 CONTRA
1990 439 2310 499 ARIANOS.

3332 441 3442 499 570

216 540 428 614 μοναχδς
473 540 811 612 ὡμολόγησε.
845 540 943 594 Διά
971 541 1127 595 τοῦτο
1153 543 1327 598 ταῦτά
1373 563 1454 600 σοι
1499 547 1768 619 γνωρίζω,

1879 554 1962 620 qui
1997 556 2282 608 Arsenium
2307 553 2645 609 avebendam
2669 558 3000 618 susceperat.
3033 549 3157 607 Haec
3186 561 3238 608 te
3264 553 3439 606 moni-

213 634 406 705 Πάτερ,
437 632 525 686 ἵνα
574 631 650 702 μὴ
681 630 804 704 δόξῃ
854 649 936 685 σοι
988 635 1361 705 κατηγορῆσαι
1418 637 1766 691 Ἀθανασίουο

213 721 347 778 εἶπον
375 723 482 796 γὰρ
512 725 596 776 δτι
628 721 717 793 ξῇο
771 723 865 776 καὶ
902 724 1030 795 παρ’
1063 726 1194 794 ἡμῖν
1237 722 1305 796 ἦν
1351 730 1727 799 κρυπτόμενος
1752 749 1766 761 ·

211 817 293 870 καὶ
327 814 631 886 ἐγνωρίσθη
667 814 842 867 πάντα
873 813 1043 868 ταῦτα
1076 817 1133 868 ἐν
1157 816 1436 888 Αἰγύπτῳ,
1472 820 1565 873 καὶ
1590 821 1772 875 οὐκέτι

210 909 416 962 δύναται
463 906 737 978 κρυϐῆναι
773 907 946 960 τοῦτο.
1013 909 1349 975 Παφνούτιος
1403 912 1632 981 μοναχὸς
1675 913 1772 982 τῆς

209 998 361 1068 αὐτῆς
387 997 557 1068 μονῆς
582 1000 610 1050 ὁ
639 997 854 1068 γράψας
879 997 975 1068 τὴν
1000 997 1286 1070 ἐπιστολὴν
1317 1001 1486 1056 πολλά
1512 1019 1568 1055 σε
1599 1003 1773 1058 ἀσπά-

209 1090 378 1159 ζομαι,
407 1088 686 1160 ἐρρῶσθαι
711 1105 769 1140 σε
798 1087 1047 1160 εὔχομαι.

275 1182 334 1232 ’Δ
373 1180 429 1232 δέ
474 1181 569 1232 καὶ
617 1179 868 1249 βασιλεὺς
907 1179 1136 1250 ἔγραψε,
1177 1180 1384 1252 μαθὼν,
1443 1183 1524 1236 ὃτι
1571 1183 1770 1255 εὑρέθη

218 1273 474 1344 Ἀρσένιος
497 1271 629 1338 ζῶν,
658 1272 772 1325 ἐστι
794 1271 965 1326 ταῦτα
985 1287 997 1300 ⁸

519 1366 845 1418 ΝΙΚΗΓΗΣ
875 1366 1070 1418 ΚΩΝΣ
1078 1369 1158 1418 ΤΑ
1166 1368 1430 1420 ΝΤΙΝΟΣ

299 1452 597 1524 Μέγιστος
639 1452 940 1520 Σεϐαστὸς
979 1454 1058 1519 τῷ
1089 1455 1260 1521 πάπᾳ
1301 1457 1650 1522 Ἀθανασίῳ.

266 1540 348 1596 68.
389 1542 516 1605 Τοῖς
557 1542 710 1613 παρὰ
746 1543 843 1613 τῆς
885 1543 983 1612 σῆς
1026 1543 1291 1608 συνέσεως
1330 1543 1564 1616 ἐντυχὼν
1593 1545 1774 1616 γράμ-

209 1651 346 1704 μασι,
380 1633 588 1704 ταύτης
620 1632 846 1704 γνώμης
878 1634 1041 1698 αὐτὸς
1085 1635 1351 1706 ἐγενόμην
1526 1638 1600 1699 ὼς
1626 1639 1774 1690 ἀντι-

206 1725 412 1792 γράφων
443 1726 511 1794 τῇ
552 1726 618 1794 σῇ
672 1725 1012 1794 στερρότητι,
1068 1727 1474 1797 προτρέψασθαί
1513 1745 1592 1792 σε,
1625 1729 1773 1792 ὅπως

206 1815 327 1881 πρὸς
356 1813 614 1876 εὐταξίαν
648 1814 743 1866 καὶ
781 1811 957 1868 οἶκτον
1003 1816 1091 1868 τὸν
1146 1817 1237 1869 τοῦ
1270 1817 1402 1870 Θεοῦ
1451 1819 1578 1871 λαὸν
1618 1819 1770 1887 ἄγειν

1875 655 1987 698 tum
2023 646 2198 711 volui,
2225 647 2418 709 Pater,
2459 660 2524 699 ne
2557 646 2908 700 Athanasium
2951 659 3207 700 accusare
3252 659 3442 714 aggre-

1872 734 2058 787 diaris.
2079 734 2194 788 Dixi
2216 735 2358 789 enim
2383 734 2530 786 illum
2558 734 2740 787 vivere
2771 742 2824 786 et
2846 733 2983 799 apud
3007 747 3106 787 nos
3125 732 3436 798 delituisse;

1875 841 2067 895 resque
2099 837 2211 882 t0ta
2241 828 2293 880 in
2322 825 2558 898 Egypto
2593 826 2931 896 percrebuit,
2969 835 3028 879 ut
3064 841 3132 880 ne
3179 825 3319 878 ultra
3346 840 3440 879 ce-

1874 917 1973 970 lari
2001 929 2182 986 queat.
2219 918 2547 985 Paphnutius
2589 916 2826 984 ejusdem
2884 916 3192 969 monaSterii
3253 929 3443 968 mona-

1873 1011 2024 1070 cbus,
2056 1010 2143 1076 qui
2176 1011 2312 1062 banc
2335 1009 2609 1076 epistolam
2639 1007 2828 1076 scripsi
2860 1045 2875 1070 ,
2899 1007 3186 1075 plurimum
3214 1016 3264 1060 te
3297 1009 3444 1059 salu-'-

1877 1111 1994 1154 tans
2026 1101 2201 1154 valere
2231 1111 2445 1168 exopto.

1945 1192 2158 1245 Littera:
2204 1201 2380 1244 autem
2433 1205 2568 1260 quas
2619 1189 2910 1257 imperator
2933 1186 3174 1253 scripsit,
3241 1183 3442 1238 certior

1874 1283 2052 1335 factus
2075 1281 2359 1335 Arseuium
2389 1281 2438 1330 in
2471 1280 2604 1332 vivis
2629 1293 2771 1340 esse,
2801 1275 3107 1342 ltujusntodi
3132 1283 3297 1329 sunt:

2228 1368 2490 1423 VICTOH
2517 1365 3096 1424 CONSTANTINUS

2126 1461 2391 1516 Maximus
2421 1463 2681 1530 Augustus
2704 1476 2852 1529 papa:
2878 1458 3183 1511 Athanasio.

1945 1553 2032 1608 68.
2054 1552 2270 1608 Litteris
2285 1552 2413 1605 Tua:
2432 1549 2737 1607 Prudentia:
2764 1547 3033 1616 perlectis,
3055 1547 3107 1601 id
3131 1546 3292 1600 animi
3319 1544 3443 1613 fuit,

1875 1653 1931 1696 ut
1962 1645 2200 1697 vicissim
2234 1642 2428 1696 litteris
2458 1643 2523 1696 ad
2554 1641 2722 1694 Tuam
2755 1638 3126 1696 Constantiam
3161 1636 3362 1701 missis,
3391 1644 3446 1690 to

1873 1737 2212 1800 cohortarer,
2251 1746 2307 1787 ut
2339 1733 2589 1802 populum
2644 1731 2732 1786 Dei
2784 1731 2852 1786 ad
2903 1727 3345 1798 tranquillitatem
3388 1735 3446 1781 et

1875 1827 2294 1881 misericordiam
2336 1826 2632 1886 _traducere
2688 1837 2867 1877 cures.
2923 1821 3049 1876 Hinc
3100 1820 3244 1874 enim
3293 1834 3445 1873 cum-

209 1905 521 1976 σπουδάσῃς.
556 1905 740 1958 Ταῦτα
767 1905 875 1977 γὰρ
923 1907 1157 1976 μάλιστα
1187 1909 1569 1979 προηγούμενα
1616 1910 1674 1962 ἐν
1706 1913 1770 1981 τῇ

1879 1919 2060 1988 primis
2091 1918 2269 1972 animo
2299 1917 2562 1970 inlnerent
2609 1928 2763 1977 meo,
2809 1913 3093 1967 veritatem
3142 1910 3340 1972 colere,
3381 1907 3436 1961 in

206 1995 427 2064 ἐμαυτοῦ
461 1994 610 2067 ψυχῇ
647 1997 882 2066 κατέχω,
925 1996 1000 2060 ὡς
1043 1997 1299 2068 ἀλήθειάν
1347 2017 1406 2052 τε
1436 2001 1646 2065 ἀσκεῖν,
1680 2002 1773 2053 ml.

204 2087 254 2138 ἐν
276 2090 339 2157 τῇ
366 2087 581 2160 διανοίᾳ
608 2087 950 2158 δικαιοσύνην
990 2091 1074 2143 ἀεὶ
1101 2090 1408 2158 φυλάττειν,
1445 2093 1539 2145 ml.
1563 2086 1773 2157 τούτοις

207 2180 423 2251 μάλιστα
443 2181 681 2251 χαίρειν,
710 2184 821 2244 τοῖς
857 2181 1020 2253 ὀρθὴν
1046 2182 1163 2236 ὁδὸν
1195 2182 1288 2236 τού
1317 2183 1432 2253 βίου
1463 2185 1772 2255 πορευομέ-

203 2287 318 2332 νοις.
352 2271 492 2341 Περι
521 2271 579 2324 δὲ
611 2271 837 2323 ἐκείνων
879 2270 988 2324 τῶν
1039 2271 1219 2343 πάσης
1267 2273 1405 2343 ἀρᾶς
1443 2272 1629 2339 ἀξίων,
1666 2275 1773 2326 τῶν

203 2358 528 2413 Μελιτιανῶν
556 2361 756 2432 δηλαδὴ
779 2361 886 2413 τῶν
910 2363 1237 2416 σκαιοτάτων
1261 2364 1350 2416 καὶ
1373 2363 1664 2434 ἀθεμίτων,
1694 2364 1773 2417 οῖ-

204 2465 332 2512 τινες
363 2454 428 2520 τῇ
459 2451 744 2522 ἐμπληξίᾳ
764 2451 947 2505 λοιπὸν
972 2453 1470 2523 ἀπονεναρκήκασι,
1499 2455 1592 2506 καὶ
1616 2455 1773 2524 μόνον

203 2541 365 2612 φθόνῳ
386 2543 485 2595 καὶ
525 2541 664 2615 ζάλῃ
698 2543 790 2596 καὶ
815 2542 1063 2614 θορύϐοις
1090 2543 1157 2596 τὰ
1200 2545 1375 2598 ἄτοπα
1405 2544 1642 2608 κινοῦσι,
1675 2545 1773 2616 τὴν

201 2631 446 2702 ἀθέμιτον
519 2634 700 2686 αὐτῶν
769 2633 1004 2688 διάνοιαν
1075 2634 1476 2698 ἐπιδεικνύντες
1504 2677 1518 2700 ,
1601 2654 1627 2688 τ

202 2721 526 2794 φθέγξομαιο
571 2723 737 2794 Ὁρᾷς
775 2724 881 2796 γάρ
918 2725 1064 2788 ὅπως
1111 2727 1160 2776 οἱ
1210 2725 1401 2796 ἄνδρες
1447 2726 1540 2790 οὓς
1578 2730 1774 2780 ἐκεῖνοι

201 2813 333 2883 ξίφει
364 2814 671 2887 ἀνῃρῆσθαι
698 2815 955 2882 ἔφασκον,
982 2818 1038 2868 ἐν
1069 2816 1252 2886 μέσοις
1284 2816 1379 2869 νῦν
1405 2819 1530 2882 εἱσι,
1555 2821 1648 2872 καὶ
1675 2820 1772 2889 τῆς

202 2904 333 2974 ζωῆς
348 2906 850 2976 ἀπο).αύουσι.Πρὸς
864 2905 926 2977 δὴ
938 2907 1109 2959 ταῦτα
1124 2908 1173 2959 τί
1189 2907 1253 2963 ἂν
1266 2907 1475 2974 γένοιτο
1492 2910 1690 2980 πρόκρι
1698 2927 1774 2979 μα

200 2999 386 3064 χεῖρον,
430 2995 577 3048 οὕτω
626 2995 875 3064 φανερῶς
922 2996 1016 3048 καὶ
1050 2995 1234 3063 σαφῶς
1279 2998 1670 3068 ἐπιφερόμενον
1707 3001 1771 3068 τῇ

202 3085 410 3138 ἐκείνων
434 3087 582 3156 δίκῃ,
602 3087 634 3157 ἢ
654 3086 714 3138 τὸ
730 3085 969 3148 τούτους,
999 3085 1091 3148 οὓς
1120 3087 1424 3158 ἀνῃρῆσθαι
1447 3087 1650 3156 ἔλεγον,
1676 3089 1773 3159 ζῇν

201 3193 254 3228 τε
289 3179 377 3229 καὶ
400 3177 497 3230 τοῦ
532 3179 646 3246 βίου
670 3177 985 3241 ἀπολαύειν,
1020 3178 1216 3240 οἵτινες
1244 3178 1485 3248 δηλονότι
1512 3182 1605 3232 καὶ
1635 3181 1773 3252 ὑπὲρ

199 3270 398 3323 ἑαυτῶν
429 3271 769 3340 φθέγξασθαι
803 3271 1156 3342 δυνήσονται;
1192 3273 1522 3343 Προσέχειτο
1558 3274 1613 3326 δέ
1661 3277 1773 3337 τοῖς

201 3361 341 3432 παρὰ
388 3363 498 3414 τῶν
552 3362 892 3415 Μελιτιανῶν
949 3363 1172 3416 ἐκείνων
1214 3364 1538 3417 καὶτοῦτο·
1602 3365 1773 3418 διεϐε-

201 3452 434 3507 ϐαιοῦντο
460 3453 572 3525 γάρ
605 3453 848 3524 ἀθεμίτῳ
875 3457 1018 3525 ὁρμῇ
1051 3454 1124 3524 (6)
1166 3455 1544 3509 ἐπεισελθόντα
1592 3474 1650 3509 σε
1680 3458 1774 3509 καὶ

203 3544 514 3614 ἁρπάσαντα
562 3545 820 3613 ποτήριον
866 3544 922 3594 ἐν
959 3543 1039 3614 τῷ
1087 3545 1373 3614 ἁγιωτάτῳ
1412 3546 1774 3616 ἀποκείμενον

201 3635 336 3704 τόπῳ
363 3635 716 3698 κεκλακέναι,
745 3627 804 3687 οὗ
838 3635 1158 3705 πράγματος
1178 3635 1392 3706 ἀληθῶς
1415 3636 1564 3689 ούδέν
1593 3638 1775 3707 μεῖζον

201 3715 262 3793 ἦν
290 3725 562 3795 ἔγκλημα,
599 3722 724 3776 οὔτε
756 3723 1068 3794 τηλικοῦτον
1101 3725 1274 3796 ἀτόπη
1285 3742 1381 3794 μα,
1423 3727 1470 3777 εί
1496 3725 1654 3778 τοῦτο
1686 3725 1777 3778 οὖ-

201 3833 298 3879 τως
325 3817 643 3887 πεπρᾶχθαί
690 3834 751 3871 τε
793 3815 872 3885 (7)
911 3816 1004 3867 καὶ
1049 3816 1398 3887 ἡμαρτῆσθαι
1439 3817 1770 3871 συνέϐαινεν.

212 3907 359 3961 Ἀλλά
385 3909 497 3979 γὰρ
522 3909 606 3971 τίς
637 3910 672 3978 ἡ
691 3907 990 3980 κατηγορία
1007 3905 1177 3977 αῢτης
1211 3907 1308 3971 Τίς
1337 3907 1393 3959 δέ
1418 3910 1450 3979 ἡ
1483 3908 1775 3976 μετάϐασις

203 3999 284 4050 καὶ
310 4000 552 4052 ποικιλία
582 3999 675 4051 ml.
706 3997 933 4068 διαφορά
961 3996 1055 4050 τοῦ
1089 3997 1433 4067 πράγματος,
1467 3998 1542 4061 ὡς
1567 3999 1660 4051 νῦν
1697 4001 1776 4063 είς

203 4089 372 4160 ἕτερον
429 4091 728 4160 πρόσωπον
777 4087 873 4158 τὴν
913 4088 1246 4158 κατηγορίαν
1287 4087 1380 4140 τοῦ
1431 4089 1776 4159 ἐγκλήματος

203 4181 372 4234 τούτου
411 4182 701 4252 μετάγειν;
735 4182 910 4250 Ὅπερ
941 4180 1182 4249 δηλονότι
1234 4180 1465 4249 πρᾶγμα
1489 4179 1651 4232 αὑτοῦ
1681 4179 1775 4232 τοῦ

204 4273 400 4338 φωτὸς,
461 4273 538 4335 ὡς
582 4275 776 4335 εἰπεῖν,
819 4272 936 4324 ἐστὶ
994 4271 1443 4341 τηλαυγέστερον,
1484 4272 1567 4323 ὃτι
1611 4273 1676 4342 τῇ
1708 4273 1774 4342 σῇ

206 4366 398 4418 συνέσει
423 4364 812 4417 ἐπιϐουλεῦσαι
839 4363 1187 4427 ἐσπούδαζον.
1225 4363 1380 4416 Μετὰ
1402 4363 1466 4434 δὴ
1499 4363 1667 4416 ταῦτα
1693 4363 1778 4426 τίς

206 4455 261 4507 ἂν
287 4456 509 4518 ἐκείνοις
545 4459 658 4517 τοῖς
689 4453 994 4525 ἀνθρώποις
1027 4457 1136 4517 τοῖς
1172 4455 1410 4509 τοσαῦτα
1441 4458 1522 4519 είς
1572 4456 1776 4526 βλάϐην

1873 2018 2050 2064 mente
2093 2008 2358 2078 justitiam
2399 2022 2612 2076 semper
2655 2018 3017 2070 conservare,
3060 2003 3232 2071 iisque
3271 2000 3442 2068 potis-

1872 2102 2066 2156 simum
2091 2099 2326 2168 gaudere
2373 2097 2462 2165 qui
2504 2106 2647 2150 recta
2698 2096 2820 2149 vita:
2866 2094 3183 2164 gradiuntur
3219 2091 3328 2144 via.
3371 2089 3447 2143 De

1872 2193 1979 2247 illis
2033 2199 2212 2245 autem
2267 2189 2412 2243 omni
2475 2186 2846 2242 exsecratione
2894 2183 3090 2254 dignis,
3143 2169 3484 2235 Meletianis'

1873 2283 2077 2339 scilicet
2115 2280 2527 2351 improbissimis
2594 2294 2658 2333 ac
2706 2276 2926 2332 nefariis
2975 2274 3301 2338 hominibus,
3351 2268 3446 2339 qui

1873 2383 2090 2442 stupore
2116 2374 2328 2427 demum
2365 2369 2599 2440 perculsi
2637 2369 2986 2437 obtorpuere,
3015 2364 3214 2436 quique
3238 2376 3332 2432 per
3361 2360 3445 2413 in-

1873 2466 2094 2528 vidiam,
2128 2463 2589 2532 perturbationem
2639 2469 2801 2530 atque
2851 2458 3137 2512 tumultum
3178 2452 3444 2508 absurdas

1877 2572 1964 2610 res
1981 2563 2218 2617 movent,
2234 2551 2605 2619 nefariamque
2622 2565 2776 2604 suam
2799 2560 3032 2602 mentem
3053 2545 3448 2605 demonstrant,

1880 2649 1993 2703 haec
2016 2649 2238 2716 eloquar
2265 2664 2278 2698 :
2307 2645 2470 2698 Vides
2501 2643 2644 2698 enim
2682 2657 2817 2711 quos
2857 2640 2930 2693 illi
2960 2639 3104 2691 viros
3136 2635 3312 2706 gladio
3361 2633 3446 2686 in-

1877 2747 2191 2805 teremptos,
2216 2735 2568 2806 jactitabant,
2590 2733 2808 2786 eosdem
2845 2732 2895 2784 in
2928 2728 3103 2782 medio
3137 2740 3279 2779 nunc
3321 2737 3448 2776 ver-

1875 2829 1981 2881 sari
2033 2845 2093 2879 ac
2131 2828 2235 2878 vita
2277 2823 2502 2894 perfrui.
2535 2823 2598 2876 Et
2629 2838 2754 2876 vero
2776 2821 2917 2890 quod
2973 2821 3044 2872 ita
3105 2815 3448 2887 perspicuum

1876 2919 2328 2985 manifestumque
2381 2917 2434 2968 in
2478 2930 2664 2968 eorum
2701 2929 2863 2966 causa
2911 2911 3165 2964 afferatur
3205 2904 3454 2976 praajudiA

1875 3012 2038 3074 cium,
2071 3025 2233 3078 quant
2265 3007 2404 3076 quod
2441 3006 2512 3059 illi
2547 3006 2732 3058 vivant
2758 3005 2977 3073 vitaque
3015 3003 3283 3066 fruantur,
3307 3012 3448 3068 quos

1877 3100 1950 3152 illi
1981 3098 2289 3153 interfectos
2314 3097 2537 3149 aiebant
2587 3114 2601 3148 :
2645 3095 2844 3163 quibus
2876 3095 3084 3147 scilicet
3126 3107 3224 3161 pro
3257 3093 3452 3161 seipsis

1876 3191 2128 3259 loquendi
2161 3189 2393 3248 facultas
2427 3187 2571 3242 erit?
2598 3187 2802 3240 Prmter
2833 3187 2966 3245 haec,
3002 3201 3060 3238 ea
3092 3199 3305 3253 quoque
3350 3184 3451 3236 fuit

1875 3281 2184 3336 earumdem
2228 3279 2634 3332 Meletianorunt
2671 3275 2830 3348 146
2870 3275 3157 3336 calumnia,
3202 3281 3259 3326 ut
3304 3273 3452 3327 allir-

1874 3379 2083 3425 Inarent
2131 3380 2181 3424 te
2229 3369 2436 3423 nefario
2475 3367 2678 3435 impetu
2721 3367 2967 3423 irruisse.
3007 3379 3070 3417 ac
3110 3361 3357 3432 poculum
3392 3361 3446 3413 in

1873 3461 2214 3516 sanctissimo
2253 3461 2368 3514 loco
2395 3459 2626 3528 positum
2662 3467 2871 3526 raptum
2915 3452 3244 3523 confregisse
3275 3467 3289 3504 :
3338 3465 3453 3519 quo

1875 3554 2117 3606 facinore
2143 3550 2347 3605 nullum
2376 3565 2568 3604 revera
2609 3547 2827 3618 gravius
2867 3546 3072 3600 crimen
3127 3553 3297 3606 esset,
3347 3553 3451 3592 nec

1876 3655 1982 3699 tam
2017 3645 2203 3712 ingens
2240 3641 2538 3712 ﬂagitium;
2588 3642 2632 3696 si
2662 3650 2838 3694 tamen
2890 3637 2969 3692 sic
3011 3645 3188 3689 aetum
3227 3640 3283 3686 et.
3327 3645 3452 3700 pec-

1874 3747 2050 3791 catum
2082 3735 2291 3790 fuisset.
2326 3734 2430 3788 Sed
2458 3747 2702 3803 quaenam
2731 3731 2818 3786 illa
2843 3726 3161 3783 accusatio?
3193 3723 3323 3790 Quae
3349 3724 3450 3776 ist-

1877 3823 1989 3876 ltaac
2019 3822 2267 3876 transitio
2293 3828 2346 3876 et
2374 3822 2451 3875 rei
2480 3819 2714 3873 varietas
2734 3861 2748 3886 ,
2780 3825 2839 3870 ut
2874 3830 3013 3870 nunc
3042 3813 3107 3867 ad
3138 3813 3298 3866 aliam
3329 3824 3453 3879 per-

1874 3927 2061 3965 sonant
2094 3911 2234 3965 banc
2267 3912 2438 3980 ipsam
2485 3907 2879 3964 accusationem
2931 3902 3299 3958 transferant?
3341 3899 3457 3954 Res

1843 4024 1848 4031 ·
1877 4007 1990 4075 ipsa
2024 4006 2162 4069 luce,
2197 4012 2256 4058 ut
2279 4003 2352 4056 ita
2381 4001 2581 4069 dicant,
2614 3999 2842 4054 lucidior
2865 4004 2980 4061 est,
3011 3996 3155 4064 ipsos
3197 3992 3456 4047 nimirum

1876 4095 2173 4166 prudentia:
2209 4105 2312 4149 tuae
2342 4093 2567 4149 insidias
2591 4090 2888 4160 paravisse.
2922 4087 3056 4154 Quis
3085 4093 3267 4156 postea
3316 4081 3455 4135 istos

1877 4189 2143 4250 homines,
2173 4186 2263 4255 qui
2301 4194 2446 4238 tanta
2475 4183 2542 4237 ad
2575 4183 2830 4236 damnum
2871 4179 3096 4232 aliorum
3143 4173 3462 4240 contingere

1877 4295 1982 4333 non
2009 4277 2342 4341 dubitarunt,
2394 4275 2701 4330 consectari
2745 4270 3012 4335 voluerit;
3059 4282 3180 4321 cum
3221 4262 3461 4318 maxime

1877 4371 2150 4441 semctipsi
2180 4371 2231 4425 itt
2266 4371 2480 4424 ruinam
2505 4371 2807 4432 deducant,
2840 4375 2894 4419 et
2927 4363 3092 4434 probe
3127 4367 3354 4413 noscant
3395 4369 3462 4410 se

1880 4463 2143 4519 conﬁctas
2171 4461 2574 4528 mendacesque
2601 4456 2976 4512 accusationes
2999 4448 3274 4520 proferre?
3297 4445 3460 4512 Quis-

206 4543 400 4599 ἀναπλα
407 4564 472 4598 σα
481 4546 664 4616 μένοις
676 4544 1030 4615 ἀκολουθῆσαι
1043 4544 1344 4614 ἐθελήσειεν
1360 4563 1375 4610 ;
1399 4547 1525 4599 ὅταν
1546 4547 1773 4616 μάλιστα

1885 4570 2007 4608 nam
2039 4553 2158 4606 illos
2195 4560 2433 4605 sectatus
2475 4548 2670 4613 fuerit,
2714 4546 2791 4600 uti
2835 4543 2945 4612 jam
2991 4542 3192 4595 dictum
3243 4546 3350 4601 est,
3404 4535 3465 4588 in

205 4636 337 4689 αὐτοὶ
360 4639 592 4698 ἑαυτοὺς
613 4638 694 4699 είς
732 4634 949 4705 ὄλεθρον
974 4635 1165 4703 ἄγουσι
1199 4635 1297 4700 (8),
1334 4639 1427 4688 καὶ
1455 4637 1773 4706 συνορῶσιν,

204 4725 274 4778 ὅτι
294 4729 694 4799 πεπλασμένων
723 4729 815 4780 καί¹
841 4726 1052 4795 ψευδῶν
1094 4726 1437 4798 πραγμάτων
1491 4729 1596 4781 εἰσὶ
1641 4745 1770 4781 κατ-

205 4816 408 4888 ήγοροι;
446 4820 536 4882 Ὠς
562 4818 699 4888 ἔφην
716 4817 912 4880 τοίνυν,
942 4816 1027 4880 τίς
1061 4816 1128 4870 ἂν
1154 4819 1385 4881 ἐκείνοις
1414 4818 1775 4892 ἐξακολουθή-

205 4920 322 4967 σειε,
342 4911 438 4962 καὶ
462 4913 543 4972 εἰς
565 4908 668 4978 τὴν
695 4907 809 4959 ὁδὸν
832 4907 928 4977 τῆς
959 4906 1236 4971 ἀπωλείας
1272 4907 1488 4978 πρηνὴς
1520 4909 1778 4976 ἀπέλθοις

207 4997 288 5062 Εἰς
313 5002 528 5073 ἐκείνην
555 4999 779 5071 δηλαδὴ,
829 5001 908 5063 εἰς
956 4999 1022 5070 ῆν
1055 5000 1254 5052 ἐκεῖνοι
1288 4998 1437 5069 μόνοι
1464 5000 1562 5070 τὴν
1591 4999 1780 5053 ἐλπίδα

205 5089 291 5158 τῆς
322 5093 596 5162 σωτηρίας
632 5093 727 5145 καὶ
778 5092 876 5163 τῆς
916 5092 1240 5161 ἐπικουρίας
1274 5089 1418 5160 ἔχειν
1461 5092 1683 5146 οἴονται.
1716 5092 1780 5144 El

206 5181 302 5251 γὰρ
334 5183 610 5253 βούλοιντο
667 5184 759 5236 ἐπὶ
806 5184 1051 5257 καθαρὰν
1099 5183 1274 5237 ἐλθεῖν
1325 5182 1646 5254 συνείδησιν,
1686 5185 1781 5237 καὶ

209 5272 614 5346 ὑπομνησθῆναι
664 5276 766 5344 τῆς
810 5276 1040 5346 ἀρίστης
1091 5273 1341 5346 γνώμης,
1398 5276 1492 5328 καὶ
1541 5276 1634 5328 ἐπὶ
1680 5276 1778 5348 τὴν

211 5362 543 5429 ὑγιαίνουσαν
591 5366 766 5419 ἐλθεῖν
811 5366 1081 5420 διάνοιαν·
1121 5368 1321 5441 ῥᾳδίως
1357 5367 1651 5436 γνώσονται
1681 5370 1776 5422 ού-

209 5451 378 5524 δεμίαν
424 5460 612 5520 αὐτοῖς
643 5457 909 5529 ὑπάρχειν
956 5461 1272 5531 ἐπικουρίαν
1320 5458 1468 5530 παρά
1500 5460 1598 5530 τῆς
1647 5462 1780 5533 Προο

210 5547 358 5611 νοίας,
394 5550 704 5619 ἐπειδήπερ
753 5548 1005 5603 τοιούτων
1033 5552 1139 5603 εἰσὶ
1174 5550 1413 5623 ζηλωταὶ
1451 5551 1544 5602 καὶ
1585 5552 1677 5604 ἐπὶ
1701 5552 1778 5623 τῷ

274 5679 342 5746 (5)
381 5682 546 5744 Editi,
576 5680 688 5750 ἐγὼ
710 5681 1012 5752 ὲγεν-ὂμηνε
1041 5693 1260 5752 pnestat
1287 5683 1437 5752 Regii
1466 5684 1669 5741 codicis
1692 5685 1771 5740 le-

216 5750 328 5824 otio:
355 5753 518 5824 αὐτὸς
541 5752 832 5824 ὲγενὲμην·

275 5817 346 5887 (6)
377 5821 468 5878 Sic
492 5817 630 5892 Reg.
663 5817 805 5884 Eli'ti
824 5836 973 5888 vero,
999 5823 1271 5893 άθεμίτως
1287 5823 1450 5892 ὁρμῇ.

1882 4643 2140 4711 exiliique
2168 4642 2312 4694 viam
2349 4652 2587 4708 praeceps
2617 4635 2840 4699 abierit,
2871 4635 2923 4687 in
2951 4645 3110 4702 quam
3148 4628 3353 4684 scilicet
3383 4624 3460 4678 illi

1883 4735 1980 4790 soli
2010 4745 2177 4789 totam
2203 4732 2394 4789 salutis
2416 4730 2712 4799 auxiliique
2745 4741 2893 4796 spem
2922 4722 3250 4779 constituere
3281 4719 3465 4772 viden-

1883 4827 2008 4882 tur?
2039 4826 2086 4881 si
2117 4826 2261 4880 enim
2301 4823 2471 4878 velint
2521 4823 2587 4876 ad
2629 4836 2819 4892 puram
2859 4815 3249 4873 conscientiam
3301 4824 3462 4866 acce-

1881 4919 2028 4982 dere,
2073 4915 2295 4985 optimae
2331 4913 2612 4968 sententia:
2660 4909 3008 4970 meminisse,
3048 4906 3114 4960 ad
3164 4915 3467 4970 sanamque

1880 5015 2117 5062 mentem
2145 5003 2329 5059 reduci
2355 5020 2370 5069 ;
2403 5001 2562 5056 facile
2593 4999 2894 5071 intelligent
2929 4997 3126 5052 nullam
3172 4994 3273 5050 sibi
3303 5007 3465 5062 opem

1888 5113 1918 5152 a
1951 5093 2296 5151 Providentia
2333 5093 2753 5161 exspectandam
2789 5104 2927 5156 esse,
2970 5085 3232 5159 ejusmodi
3277 5097 3464 5137 rermn

1886 5188 2230 5243 aemulatores
2259 5202 2381 5240 cum
2411 5185 2518 5238 sint
2543 5225 2558 5250 ,
2583 5193 2636 5240 et
2670 5183 2734 5237 ad
2758 5181 3050 5252 perniciem
3089 5180 3203 5234 haec
3236 5175 3463 5230 molian-

1887 5287 1974 5334 tur
2001 5295 2174 5333 suam.
2211 5277 2324 5333 Hoc
2376 5277 2541 5346 igitur
2592 5290 2698 5330 non
2731 5273 2982 5328 duritiem
3010 5266 3300 5341 quamdam’
3321 5305 3334 5326 ,
3366 5265 3463 5316 sed

1889 5373 2172 5424 veritatem
2202 5385 2322 5424 esse
2349 5370 2470 5436 jure
2503 5367 2752 5421 dixerim.
2782 5365 3060 5419 Postremo
3084 5359 3208 5412 illud
3243 5369 3464 5424 quoque

1885 5463 2244 5531 adjiciendum
2267 5500 2283 5524 ,
2322 5459 2457 5514 velle
2494 5472 2589 5510 nos
2614 5457 2928 5526 plerumque
2955 5466 2983 5504 a
3022 5449 3138 5502 Tua
3168 5444 3461 5501 Prudentia

1887 5554 2005 5607 base
2039 5551 2213 5620 palam
2240 5551 2374 5620 legi;
2408 5558 2464 5602 ut
2494 5549 2619 5601 binc
2663 5554 2845 5599 notum
2884 5540 3132 5596 omnibus
3164 5535 3234 5591 sit
3268 5548 3332 5588 ac
3363 5546 3461 5601 p0-

1952 5686 2030 5756 (7)
2057 5684 2132 5737 Ita
2165 5683 2295 5756 Βίης.
2335 5680 2608 5756 ρεηθμίὶιίε,
2634 5677 2696 5756 τέ
2723 5676 2892 5728 deest.

1949 5746 2026 5826 (8)
2067 5756 2141 5809 Ita
2177 5746 2306 5811 Ilelz.
2331 5749 2470 5804 Editi
2500 5763 2624 5802 vero
2655 5746 2846 5813 ἄγωσι.
