3978 6510
519 426 621 486 571

1096 425 1158 483 8.
1198 424 1572 482 ATHANASII
1610 422 1764 481 OPP.
1804 422 1985 479 PARS
2023 421 2067 477 Ι.
2104 449 2176 463 -—
2213 419 2583 477 HISTOBICA
2622 419 2713 476 ET
2750 404 3161 479 οοεΜΑτιοι

3404 371 3460 382 ’-

3662 410 3782 481 επ

522 541 792 597 tissimum
822 538 1136 610 hujusmodi
1166 541 1469 598 facinorum
1506 549 1861 609 motuumque
1905 549 2083 594 aucto-

2201 537 2389 609 οἰκείῳ
2410 538 2616 609 ὀλέθρῳ
2647 536 3020 608 πειράζονται.
3065 539 3285 610 Ταύτην
3313 538 3379 611 δὴ
3423 534 3519 596 οὖν
3555 540 3621 596 οὐ
3660 557 3764 613 τρα

520 632 703 696 ribus;
736 645 858 700 quae
891 645 991 686 nos
1034 631 1103 685 ad
1154 631 1423 701 aequitatis
1473 644 1719 684 normam
1768 628 2094 699 eloquimur,

517 724 587 777 ab
615 722 728 791 ipsa
762 722 995 777 veritate
1023 722 1312 778 declarari.
1349 720 1521 776 Tanta
1566 735 1697 790 ergo
1722 734 1847 775 cum
1893 719 2095 774 sithoc

514 812 569 867 in
601 812 822 882 negotio
843 811 1160 883 indignitas,
1189 823 1341 868 certo
1370 812 1549 868 sciant
1587 827 1674 866 me
1701 811 1773 865 ita
1793 808 2093 881 iudicasse,

512 912 571 959 et
604 903 765 974 hujus
786 918 910 960 esse
936 905 1220 960 sententiae
1244 919 1257 956 :
1283 905 1328 959 si
1350 904 1480 973 quid
1518 902 1781 971 ejusmodi
1810 902 1948 956 ultra
1978 917 2096 956 mo-

510 998 714 1060 verint,
748 1013 853 1055 non
887 1000 1038 1070 juxta
1076 998 1504 1061 ecclesiasticas,
1544 996 1640 1052 sed
1666 996 1962 1052 secundum
1992 1011 2094 1065 pu-

513 1087 687 1144 hlicas
707 1090 871 1160 leges,
900 1091 1158 1160 meipsum
1207 1100 1438 1144 meamet
1472 1104 1635 1159 opera
1683 1103 1901 1143 causam
1943 1087 2097 1142 audi-

514 1186 726 1246 turum;
753 1195 861 1250 quo
890 1179 1132 1236 futurum
1170 1190 1257 1242 est
1312 1190 1371 1235 ut
1403 1181 1803 1250 deprehendam
1846 1193 1939 1234 eos
1988 1195 2093 1233 non

512 1268 685 1323 solum
712 1272 926 1340 generis
956 1272 1198 1336 humani,
1230 1272 1323 1327 sed
1347 1271 1544 1325 divinae
1587 1284 1802 1340 quoque
1834 1269 2095 1324 doctrinae

512 1361 915 1432 depraedatores
960 1378 1103 1419 esse.
1152 1364 1295 1419 Deus
1346 1374 1399 1419 te
1455 1371 1759 1425 conservet,
1811 1361 1980 1414 frater
2012 1360 2093 1414 di-

510 1453 671 1510 lecte.

2196 629 2405 700 χύτητά
2434 646 2576 693 τινα,
2609 629 2746 683 ἀλλά
2776 630 3034 701 ἀλήθειαν
3068 630 3294 695 δικαίως
3319 630 3386 685 ἂν
3437 632 3674 703 εἴποιμι.
3708 632 3780 685 Th

2195 717 2505 772 τελευταῖον
2538 719 2595 772 δέ
2620 721 2715 773 καὶ
2746 719 2903 774 τοῦτο
2935 722 3289 793 προστίθημι,
3316 722 3525 794 ὅτιπερ
3555 724 3635 794 (9)
3656 723 3781 795 βου-

2197 810 2404 883 λόμεθα
2436 811 2673 885 δημοσίᾳ
2719 811 2870 885 παρά
2911 813 3012 883 τῆς
3065 814 3163 885 σῆς
3220 814 3488 879 συνέσεως
3518 814 3783 879 πολλάκις

2197 904 2609 977 ἀναγνωσθῆναι
2633 904 2827 971 ταῦτα,
2865 904 2940 969 ὡς
2966 904 3036 959 ἀν
3077 905 3330 960 ἐντεῦθεν
3366 907 3448 971 είς
3482 906 3585 977 τὴν
3610 906 3782 960 ἀπάν-

2196 1012 2304 1048 των
2329 994 2529 1063 γνῶσιν
2560 994 2725 1062 ἔλθοι,
2758 996 2853 1049 καὶ
2885 996 3119 1067 μάλιστα
3160 998 3243 1061 είς
3266 997 3364 1069 τὴν
3393 996 3626 1051 ἐκείνων
3677 996 3782 1065 ἀφ-

2199 1085 2412 1139 ικέσθαι
2438 1086 2717 1158 δυνηθείη,
2769 1086 2965 1151 οἵτινες
3010 1086 3153 1140 οὕτω
3203 1088 3557 1158 πράττουσιν,
3612 1085 3783 1150 οὕτως

2197 1177 2650 1249 ἀναστρέφουσιν,
2698 1178 2774 1243 ὡς
2818 1179 2988 1233 ταῦτα
3021 1179 3163 1251 ἅπερ
3214 1182 3342 1251 παρ’
3370 1179 3527 1251 ήμῶν
3566 1178 3784 1242 εὐθείας

2196 1266 2413 1336 λέγεται
2469 1269 2631 1339 λόγῳ,
2678 1272 2748 1340 τῇ
2807 1271 2907 1341 τῆς
2956 1270 3214 1343 ἀληθείας
3264 1271 3527 1342 εἰρῆσθαι
3561 1269 3779 1342 πράξει.

2211 1357 2362 1411 Ἐπεὶ
2383 1359 2558 1412 τοίνυν
2587 1358 2699 1429 (10)
2728 1360 2787 1413 ἐν
2807 1359 2980 1431 τούτῳ
3022 1359 3098 1431 τῷ
3130 1360 3414 1431 πράγματι
3464 1357 3784 1430 τηλικοῦτόν

2197 1448 2345 1500 ἐστιν
2367 1448 2647 1519 ἀτόπημα,
2676 1449 3100 1519 γινωσκέτωσαν
3149 1449 3290 1503 οὕτω
3338 1467 3403 1520 με
3435 1448 3781 1520 κεκρικέναι⁹

509 1549 607 1602 καὶ
662 1548 872 1621 ταύτης
903 1542 1041 1603 εῖναι
1078 1550 1181 1621 τῆς
1227 1550 1625 1622 προαιρέσεωςο
1675 1550 1727 1603 εἴ
1768 1567 1820 1601 τι
1854 1544 2095 1601 τοιοῦτον
2167 1546 2385 1607 κινοῖεν,
2461 1544 2661 1613 μηκέτι
2708 1543 2895 1596 λοιπὸν
2943 1542 3085 1595 κατά
3113 1544 3240 1606 τοὺς
3285 1542 3386 1613 τῆς
3428 1540 3783 1615 Ἐκκλησίας,

508 1640 648 1695 ἀλλά
668 1642 808 1695 κατά
836 1642 963 1707 τοὺς
989 1642 1284 1714 δημοσίους
1308 1642 1505 1713 νόμους
1538 1642 1701 1695 αὐτόν
1767 1658 1833 1710 με
1899 1641 1969 1693 δι’
2028 1634 2269 1709 ἐμαυτοῦ
2300 1634 2407 1689 τῶν
2450 1635 2792 1707 πραγμάτων
2836 1634 3240 1705 ἀκροασάμενον
3268 1635 3404 1703 (Η),
3445 1636 3544 1688 καὶ
3598 1631 3782 1686 λοιπὸν

508 1733 807 1803 εὑρήσοντα
836 1734 1053 1799 αὐτοὺς,
1080 1734 1161 1787 ὃτι
1188 1732 1265 1805 μὴ
1294 1734 1452 1804 μόνον
1474 1734 1615 1787 κατά
1638 1733 1733 1787 τοῦ
1755 1732 2096 1805 ἀνθρωπίνου
2136 1728 2326 1797 γένους
2353 1727 2547 1801 λῃσταί
2574 1744 2720 1789 τινες
2744 1725 2894 1790 ὄντες
2911 1766 2926 1793 ,
2972 1725 3108 1780 ἀλλά
3128 1726 3238 1797 γάρ
3297 1726 3391 1779 καὶ
3451 1728 3579 1780 κατ’
3612 1727 3783 1798 αὐτῆς

507 1822 610 1893 τῆς
643 1824 793 1888 θείας
817 1824 1159 1889 διδασκαλίας
1187 1826 1487 1895 φαίνονται.
1526 1824 1585 1877 '0
1633 1824 1766 1888 Θεός
1799 1841 1859 1877 σε
1906 1818 2242 1893 διαφυλάξοι,
2266 1818 2458 1888 ἀδελφέ
2492 1818 2766 1889 ἀγαπητέ.

580 1914 671 1970 69.
699 1915 818 1983 Quo
844 1927 1022 1971 autem
1066 1915 1320 1986 liquidius
1376 1918 1687 1972 innotescat
1725 1916 2083 1988 sycophanta-

2263 1911 2355 1966 69.
2394 1910 2570 1982 ’Υπὲρ
2601 1910 2658 1962 δὲ
2692 1909 2803 1982 (12)
2828 1909 2924 1963 τοῦ
2954 1910 3047 1963 καὶ
3070 1909 3232 1963 πλέον
3256 1909 3537 1981 δειχθῆναι
3566 1911 3667 1982 τὴν
3697 1929 3784 1965 πο-

507 2022 628 2062 rum
664 2008 994 2078 malignitas,
1024 2023 1091 2063 en
1127 2008 1271 2078 ipsas
1304 2009 1522 2065 Arsenii
1557 2010 1769 2065 litteras
1798 2025 1956 2078 quas,
1994 2009 2088 2064 ubi

506 2095 684 2152 latens
729 2098 1101 2167 deprehensus
1149 2107 1331 2164 esset,
1375 2099 1721 2169 conscripsit.
1784 2099 1902 2167 Quo
1942 2100 2088 2152 enim

506 2197 665 2255 pacto
696 2201 850 2241 suam
894 2186 1143 2257 lscliyras
1179 2187 1502 2243 calumniam
1552 2187 1751 2243 litteris
1804 2188 2090 2243 confessus

505 2289 625 2343 est,
652 2279 731 2334 sic
754 2280 1021 2337 Arsenius
1044 2280 1273 2351 epistola
1299 2296 1395 2337 sua
1443 2296 1633 2337 eorum
1678 2279 2089 2350 perversitatem

505 2368 679 2439 magis
704 2370 975 2439 coarguit.

812 2460 1007 2515 ATIIA
1020 2460 1244 2516 NASIO
1278 2461 1519 2517 ΒΕΑΤο
1552 2460 1775 2515 ΡΑΡΑΞ

506 2550 760 2606 Arsenius
784 2555 1052 2623 episcopus
1072 2552 1318 2618 ιἐἱμὶιιιιὶδ
1352 2553 1743 2623 llypselitarum
1766 2592 1780 2615 ,
1809 2553 1897 2620 qui
1918 2568 2086 2621 quan-

574 2625 695 2693 dam
752 2622 845 2676 sub
886 2621 1095 2693 Meilelio
1144 2624 1326 2690 fuere,
1374 2621 1478 2677 una
1529 2640 1646 2676 cum
1686 2624 1997 2693 presbyteris
2038 2629 2088 2676 et

574 2692 834 2755 diaconis,
873 2693 925 2745 in
953 2692 1174 2745 Domino
1203 2694 1427 2746 salutem
1452 2693 1759 2761 plurimam.

577 2780 689 2835 Nos
734 2796 950 2851 quoque
990 2796 1175 2849 pacem
1236 2782 1623 2851 amplectentes
1665 2784 2089 2853 societatemque

504 2887 628 2926 cum
654 2872 919 2926 catholica
943 2872 1207 2937 Ecclesia,
1238 2874 1321 2928 cui
1355 2884 1431 2938 tu,
1454 2873 1549 2928 Dei
1572 2875 1769 2943 gratia,
1798 2875 2087 2943 prtefectus

502 2979 561 3017 es
595 2982 609 3018 :
641 2972 1077 3034 exoptantesque
1103 2967 1475 3021 ecclesiastico
1506 2970 1702 3021 canoni
1733 2967 1885 3035 juxta
1938 2978 2087 3022 vete-

503 3072 615 3110 rem
651 3055 879 3111 l‘ormam
914 3057 1127 3125 subjici,
1155 3058 1364 3112 litteras
1392 3058 1507 3125 tibi,
1532 3058 1723 3113 dilecte
1762 3074 1897 3129 papa
1922 3101 1936 3124 ,
1962 3062 2087 3114 Init-

503 3148 686 3213 timus,
714 3148 1141 3219 pollicenturque
1171 3150 1223 3204 in
1266 3149 1483 3203 nomine
1527 3149 1734 3205 Domini
1760 3192 1776 3218 ,
1811 3167 1907 3208 nos
1934 3153 2087 3206 dein-

2193 2002 2387 2073 νηρίαν
2414 2001 2523 2055 τῶν
2551 2002 2924 2070 συκοφαντῶν,
2954 2001 3061 2055 ίδοὺ
3092 2001 3183 2055 καὶ
3217 2001 3457 2072 ἔγραψεν
3501 2003 3781 2074 ’Δρσένιος

2194 2092 2337 2165 μετὰ
2388 2092 2452 2145 τὸ
2499 2090 2792 2163 εὑρεθῆναι
2840 2092 3214 2164 κρυπτόμενον
3271 2093 3454 2147 αὐτόν.
3527 2093 3622 2157 Ὠς
3676 2095 3782 2165 γὰρ

2208 2182 2463 2255 Ἰσχύρας
2486 2182 2723 2255 ἔγραψεν
2752 2182 3027 2255 ὁμολογῶν
3052 2183 3149 2255 τὴν
3189 2184 3583 2252 συκοφαντίαν,
3611 2184 3782 2247 οὕτως

2205 2275 2487 2347 Ἀρσένιος
2540 2274 2765 2347 γράφων
2808 2274 3019 2346 ἐλέγχει
3064 2275 3222 2328 πλέον
3263 2274 3490 2329 ἐκείνων
3533 2275 3638 2345 τὴν
3686 2293 3783 2329 και

2189 2367 2466 2439 κοήοειαν.

2500 2460 2865 2530 sommo
2912 2461 3242 2529 ΜΑΚΑΡΙῼ
3290 2461 3496 2530 nam

2213 2550 2513 2620 Ἁρσένιὸς
2554 2552 2890 2616 ἐπίσκοπος
2939 2549 3058 2604 τῶν
3117 2566 3261 2603 ποτε
3316 2550 3435 2603 ὐπὸ
3498 2551 3782 2620 Mellae?

2258 2619 2371 2689 τῆς
2404 2622 2731 2689 Ὺψηλιτῶν
2759 2622 2990 2686 πόλεως
3034 2621 3156 2689 ἅμα
3210 2619 3643 2688 πρεσϐυτέροις
3682 2620 3779 2674 καί

2260 2691 2563 2756 διακόνοις
2591 2692 2660 2744 ἐν
2677 2693 2871 2759 Κιφίῳ
2896 2690 3153 2744 πλεῖστα
3181 2691 3435 2759 χαίρειν.
3475 2735 3488 2744 .

2264 2782 2375 2835 Καὶ
2426 2784 2589 2852 ἡμεῖς
2648 2782 3020 2851 ἀσπαζόμενοι
3048 2783 3147 2852 τὴν
3182 2783 3406 2853 εἰρήνην
3438 2782 3537 2835 καὶ
3588 2782 3781 2835 ἕνωσιν

2197 2874 2331 2944 πρὸς
2362 2872 2459 2944 τὴν
2506 2873 2796 2948 καθολικὴν
2844 2874 3188 2944 Ἐκκλησίαν,
3224 2870 3292 2946 ἧς
3340 2875 3404 2926 σὺ
3445 2873 3596 2927 κατά
3623 2874 3780 2945 χάριν

2189 2966 2324 3019 Θεοῦ
2357 2968 2705 3039 προΐστασαι,
2735 2967 3106 3037 προῃρημένοι
3140 2985 3198 3019 τε
3228 2967 3307 3036 τῷ
3333 2966 3777 3038 ἐκκλησιαστικῷ

2190 3060 2377 3113 κανόνι
2422 3060 2565 3113 κατὰ
2608 3060 2700 3113 τὸν
2758 3059 2987 3113 παλαιὸν
3014 3059 3314 3129 τύπον(15)
3346 3059 3776 3120 ὑποτάσσεσθαι,

2188 3153 2470 3224 γράφομέν
2503 3169 2603 3216 σοι,
2636 3152 2891 3222 ἀγαπητέ
2925 3152 3104 3215 πάπα,
3144 3151 3537 3221 ὁμολογοῦντες
3581 3154 3639 3204 ἐν
3663 3152 3779 3204 ὀνό-

500 3254 627 3308 ccps
671 3242 894 3297 minime
951 3242 1449 3297 communicaturos
1509 3256 1634 3295 cum
1685 3244 1751 3297 iis
1801 3243 1893 3311 qui
1958 3253 2081 3298 sunt

2195 3262 2319 3314 ματι
2364 3244 2569 3315 Κυρίου
2615 3242 2709 3295 τοῦ
2758 3242 2946 3296 λοιποῦ
2999 3242 3074 3314 μὴ
3131 3245 3483 3313 κοινωνήσειν
3536 3246 3648 3302 τοῖς
3692 3241 3773 3294 ἔτι

499 3332 798 3387 etiamnum
824 3333 1182 3397 schismalici,
1213 3343 1265 3388 et
1293 3335 1385 3402 qui
1412 3334 1649 3388 nondum
1668 3349 1789 3387 cum
1818 3335 2080 3389 catholica

498 3422 739 3478 Ecclesia
779 3440 967 3493 pacem
998 3425 1218 3490 habent,
1248 3425 1361 3478 sive
1394 3425 1684 3494 episcopis,
1714 3426 1827 3493 sive
1853 3427 2081 3497 Presby-

502 3515 631 3567 teris
678 3516 762 3569 vel
803 3516 1046 3571 diaconis
1094 3535 1108 3571 :
1160 3532 1334 3586 neque
1377 3532 1499 3570 cum
1537 3516 1643 3570 illis
1686 3531 2076 3583 consensuros,

498 3605 544 3658 si
572 3607 847 3676 quidpiam
874 3608 1043 3662 velint
1075 3608 1126 3662 in
1152 3608 1355 3679 synodo
1386 3618 1625 3662 statuere
1664 3624 1677 3660 :
1725 3622 1897 3677 neque
1932 3609 2082 3677 pacis

500 3694 712 3751 litteras
749 3699 830 3754 vel
866 3700 1153 3763 missuros,
1190 3702 1275 3752 vel
1322 3711 1637 3768 accepturos
1686 3700 1754 3754 ab
1794 3701 1897 3754 illis
1922 3741 1937 3762 ,
1982 3716 2083 3756 nec

502 3802 716 3843 rursum
747 3789 887 3843 citra
939 3800 1087 3844 tuam
1132 3791 1535 3858 metropolitani
1582 3790 1819 3859 episc0pi
1866 3801 2083 3844 senten-

505 3879 655 3945 tiam,
686 3881 965 3935 decretum
1008 3882 1174 3934 ullum
1210 3883 1454 3938 edituros
1506 3882 1588 3936 vel
1629 3884 1910 3950 episcopos
1956 3897 2077 3950 spe-

500 3977 677 4035 ctans,
715 3972 798 4025 vel
844 3972 1040 4042 dogma
1081 3975 1371 4042 quodpiam
1426 3989 1709 4028 commune
1748 3974 2082 4030 ecclesiasti-

501 4074 623 4113 cum
647 4075 661 4124 ;
695 4062 788 4115 sed
812 4076 1071 4117 cessuros
1093 4064 1347 4121 onmibus
1367 4072 1493 4118 ante
1516 4065 1732 4120 statutis
1757 4066 2078 4131 canonibus,

501 4148 742 4203 adinstar
785 4151 940 4224 147
991 4155 1361 4223 episcoporum
1413 4154 1788 4220 Amtnoniaui,
1820 4154 2079 4225 Tyranni,

502 4240 761 4306 Plusiani,
793 4246 1252 4315 reliquorumque.
1286 4246 1558 4300 Praeterea
1609 4244 2080 4301 Mansuetudinem

504 4331 683 4388 Tuam
706 4335 1081 4402 obsecramus,
1098 4346 1156 4391 ut
1180 4338 1581 4407 quamprimum
1602 4337 1756 4393 nobis
1788 4338 2077 4404 rescribas,

502 4428 811 4498 pariterque
855 4418 1263 4485 comministros
1317 4440 1533 4487 nostros
1580 4432 1774 4485 litteris
1832 4445 2077 4495 moneas,

502 4537 601 4577 nos
624 4537 784 4595 supra
817 4525 973 4580 dictis
1000 4522 1112 4593 jam
1150 4534 1300 4581 stare
1338 4526 1605 4592 decretis,
1644 4540 1831 4595 pacem
1878 4525 2080 4580 habere

2188 3335 2450 3405 σχίζουσι,
2483 3336 2578 3389 καὶ
2610 3335 2833 3406 μηδέπω
2859 3335 3198 3407 εἰρηνεύουσι
3252 3335 3393 3405 πρὸς
3434 3334 3529 3404 τὴν
3567 3333 3774 3387 καθολι-

2184 3430 2287 3493 κὴν
2337 3429 2659 3498 Ἐκκλησίαν
2695 3430 3015 3492 ἐπισκόποις
3041 3446 3099 3481 τε
3127 3428 3216 3481 κα)⁵
3243 3428 3640 3498 πρεσϐυτέροις
3679 3427 3775 3480 καὶ

2183 3519 2467 3581 διακόνοις,
2505 3522 2641 3590 μήτε
2678 3520 2969 3573 συνθέσθαι
2998 3520 3181 3583 αὐτοῖς
3208 3518 3561 3589 βουλομένοις
3579 3536 3635 3571 τι
3665 3518 3775 3589 (Η)

2184 3614 2242 3665 ἐν
2289 3612 2509 3682 συνόδῳ,
2545 3614 2682 3683 μήτε
2736 3615 3041 3684 γράμματα
3089 3614 3339 3682 εἰρηνικά
3382 3612 3774 3675 ἀποστέλλειν,

2191 3703 2329 3772 μήτε
2360 3700 2613 3767 δέξασθαι
2640 3703 2769 3772 παρ’
2802 3700 2998 3764 αὐτῶν,
3027 3698 3148 3770 μηδ’
3172 3695 3238 3752 αὖ
3266 3698 3385 3769 δίχα
3416 3697 3649 3769 γνώμης
3686 3714 3773 3749 σου

2182 3793 2276 3846 τοῦ
2311 3794 2411 3863 τῆς
2445 3793 2831 3863 μητροπόλεως
2863 3792 3162 3845 ἐπισκόπου
3190 3792 3312 3862 ὅρον
3359 3791 3487 3843 τινὰ
3527 3792 3774 3863 ἐκφέρειν

2185 3886 2314 3956 περὶ
2348 3885 2686 3947 ἐπισκόπων,
2722 3884 2754 3954 ἣ
2788 3884 2916 3954 περὶ
2946 3883 3213 3953 δόγματος
3241 3882 3432 3952 ἐτέρου
3466 3882 3653 3935 κοινοῦ
3689 3884 3774 3935 ἐκ·

2184 3974 2570 4046 κλησιαστικοῦ
2590 3992 2603 4003 ’
2634 3973 2747 4027 ἀλλ’
2774 3976 2939 4027 εἴκειν
2966 3975 3098 4027 πᾶσι
3124 3974 3237 4036 τοῖς
3262 3972 3773 4043 προτετυπωμένοις

2186 4068 2374 4121 κανόσι
2409 4066 2529 4119 καθ’
2558 4066 2849 4136 ὁμοιότητα
2881 4066 2990 4118 τῶν
3011 4064 3329 4118 ἐπισκόπων
3366 4060 3769 4134 Ἀμμωνιανοῦ,

2184 4162 2278 4215 καὶ
2310 4160 2614 4231 Τυράννου,
2664 4159 2756 4211 καὶ
2785 4156 3139 4219 Πλουσιανοῦ,
3173 4154 3399 4209 καὶτῶν
3432 4155 3644 4207 λοιπῶν
3670 4157 3772 4207 ἐπι-

2186 4253 2421 4305 σκόπων.
2477 4250 2622 4321 Πρὸς
2651 4249 2822 4302 ταῦτα
2848 4245 2940 4301 οὖν
2970 4246 3229 4316 ἀξιοῦμεν
3259 4245 3357 4316 τὴν
3405 4244 3506 4316 σὴν
3549 4243 3771 4314 χρηστό-

2182 4361 2319 4414 τητα
2373 4342 2702 4413 ἀντιγράψαι
2752 4342 2849 4412 μὲν
2878 4343 3007 4411 ἡμῖν
3032 4340 3119 4393 διὰ
3152 4339 3371 4409 τάχους,
3418 4337 3687 4399 ὡσαύτως
3716 4351 3769 4387 τε

2183 4436 2403 4499 καὶτοῖς
2430 4434 2855 4505 συλλειτουργοῖς
2880 4433 3006 4504 περ).
3032 4430 3206 4502 ὑμῶν,
3224 4432 3307 4483 ὃτι
3336 4429 3534 4500 εἴημεν
3558 4429 3658 4499 ἤδη
3686 4427 3770 4479 ἐπὶ

2181 4528 2294 4590 τοῖς
2348 4523 2771 4596 προειρημένοις
2815 4510 3439 4594 ὃροις,είρηνεύσαντες
3486 4519 3629 4589 πρὸς
3678 4519 3769 4586 τὴν

499 4631 621 4670 cum
663 4616 935 4672 catholica
966 4616 1208 4673 Ecclesia
1230 4656 1247 4683 ,
1269 4617 1599 4687 iunctosque
1630 4632 1751 4672 esse
1780 4616 2075 4671 commini-

2195 4616 2472 4687 ιαθολικὴν
2520 4615 2846 4685 Ἐκκλησίαν
2872 4653 2887 4679 ,
2933 4614 3025 4666 καὶ
3069 4612 3358 4673 ἐνωθέντες
3404 4614 3522 4673 τοῖς
3571 4609 3767 4663 συλλει-

499 4707 629 4762 stris
652 4708 1009 4763 nostratibus.
1040 4706 1325 4762 Credimus
1361 4721 1525 4776 porro
1556 4716 1677 4761 tuas
1718 4719 1909 4776 preces
1929 4744 1946 4768 ,
1988 4713 2077 4758 ut-

501 4810 627 4869 pote
654 4799 909 4869 probatas
931 4809 1318 4870 acceptasque,
1344 4799 1737 4867 impetraturas
1760 4807 1819 4851 ut
1844 4813 1947 4867 pax
1972 4798 2077 4852 liu-

494 4888 731 4959 jusmodi
758 4890 911 4944 lirma
936 4899 994 4944 et
1016 4888 1412 4945 indissolubilis
1442 4899 1704 4960 perpetuo
1745 4894 2077 4957 perseveret,

500 4982 799 5036 secundum
833 4980 1165 5036 voluntatem
1196 4981 1289 5037 Dei
1317 4983 1559 5036 omnium
1583 4978 1818 5043 Domini,
1866 4992 1962 5049 per
1986 4979 2079 5033 Je-

500 5088 622 5129 sum
658 5072 933 5127 Christum
986 5072 1269 5129 Dominum
1323 5082 1590 5127 nostrum.
1634 5071 1829 5125 Totum
1876 5079 2079 5125 ccetum

501 5180 780 5221 sacrorum
816 5166 917 5221 sub
950 5176 1000 5221 te
1024 5166 1393 5221 ministrorum
1435 5180 1533 5219 nos
1573 5172 1626 5217 et
1660 5162 1752 5232 qui
1798 5161 2078 5217 nobiscum

500 5268 630 5314 sunt
658 5258 973 5314 salutamus.
1001 5258 1181 5327 Brevi,
1213 5258 1259 5314 si
1291 5257 1432 5313 Deus
1461 5257 1790 5326 permiserit.
1818 5257 1885 5311 ad
1907 5256 2077 5310 Tuam

598 5438 653 5503 9)
687 5439 842 5508 Reg,
860 5438 942 5492 ὅτι.
960 5454 1089 5507 περ.
1114 5435 1278 5501 Edili,
1303 5434 1463 5508 ὅπερ.

608 5502 690 5577 l0)
720 5502 794 5563 Ita
828 5510 962 5577 Reg.
1001 5502 1141 5577 Editi
1172 5521 1322 5571 vero,
1348 5502 1567 5575 Ἐπειδὴ
1592 5503 1791 5577 τοίνυν.

504 5648 536 5700 δ
578 5571 879 5701 (Ηζάιξεεη
903 5571 1334 5651 ἀκροασάμενον,
1364 5577 1540 5631 minus
1555 5571 1733 5629 recte.
1752 5571 1893 5627 Infra
1912 5571 2077 5638 idem,

540 5665 667 5701 ιαφυ
740 5666 838 5701 εει.

540 5666 838 5701 ιαφυΑαεει.

922 5717 1009 5785 δέ,
1032 5726 1139 5771 etc.
1160 5716 1285 5770 lianc
1317 5730 1487 5782 usque
1513 5715 1579 5767 ad
1625 5720 1935 5780 sequentem
1964 5712 2077 5785 epi-

512 5783 702 5837 stolam
727 5789 777 5840 in
822 5783 1003 5842 editis
1033 5787 1242 5841 Latinis
1270 5785 1665 5852 autiquioriuus
1711 5786 1956 5833 deerant.
2019 5783 2073 5834 lu

512 5854 718 5911 Graecis
756 5866 934 5911 autem
984 5858 1234 5912 omnibus
1288 5869 1411 5909 cum
1460 5853 1618 5909 editis
1652 5862 1760 5904 tum
1803 5866 1932 5905 mss.
1974 5852 2071 5905 ba-

2184 4710 2439 4778 τουργοῖς
2470 4707 2564 4760 ἐπὶ
2594 4706 2703 4760 τῶν
2732 4706 2945 4759 τόπωνο
2999 4702 3329 4773 πιστεύομεν
3378 4700 3460 4767 δὲ,
3496 4701 3575 4765 ὼς
3618 4698 3765 4769 εὐχαί

2188 4815 2283 4851 σου
2338 4798 2723 4870 ἐνεργήσουσιν
2771 4793 3155 4865 εὐπρόσδεκτοι
3205 4787 3405 4857 οὖσαι,
3463 4791 3609 4844 ὥστε
3674 4788 3764 4859 τὴν

2186 4890 2441 4961 τοιαύτην
2474 4890 2696 4961 εἰρήνην
2728 4888 2951 4959 βεόαίαν
2982 4886 3077 4940 καὶ
3115 4883 3397 4938 ἀδιάλυτον
3432 4878 3577 4937 εἶναι
3612 4882 3764 4953 μέχρι

2185 4981 2399 5047 τέλους,
2436 4981 2578 5035 κατά
2602 4980 2663 5033 τὸ
2696 4980 2943 5050 βούλημα
2974 4977 3067 5030 τοῦ
3098 4976 3356 5029 δεσπότου
3384 4975 3497 5028 τῶν
3518 4974 3763 5028 ἀπάντων

2188 5074 2347 5140 Θεοῦ,
2378 5074 2466 5129 διά
2508 5072 2680 5143 Ἰησοῦ
2711 5073 2948 5143 Χριστοῦ
2968 5069 3062 5122 τοῦ
3090 5068 3297 5137 Κυρίου
3554 5067 3628 5118 Τὸ
3665 5062 3763 5116 ὑπὸ

2188 5166 2248 5218 σέ
2272 5167 2535 5236 ίερατεῖον
2569 5167 2727 5235 ἡμεῖς
2755 5164 2849 5217 καὶ
2878 5164 2927 5215 oi
2954 5162 3050 5215 σὺν
3080 5161 3211 5231 ἡμῖν
3263 5158 3757 5229 προσαγορεύομεν.

2189 5257 2429 5311 Ὅσονδέ
2461 5256 2670 5310 οὐδέπω
2692 5256 2827 5327 (15),
2852 5253 2985 5309 Θεοῦ
3018 5252 3425 5323 ἐπιτρέποντος,
3466 5250 3761 5319 ἀπαντήσο-

2185 5434 2840 5577 ΙΜῗιιέ¹;).’Βιξς.,πα.λσ.ιέ>ν
2898 5501 3079 5555 τόπον.
3138 5500 3308 5564 Editi,
3371 5500 3605 5555 παλαιὸν
3669 5494 3754 5547 νό-

2189 5593 2307 5645 μον.

2258 5646 2369 5719 (Η)
2398 5649 2550 5716 lleg.,
2582 5643 2921 5714 βουλομένοις
2947 5658 3017 5694 τι.
3060 5640 3200 5696 Edili
3228 5656 3378 5705 vero,
3414 5634 3757 5710 βουλομένας

2186 5735 2243 5751 PE

2196 5748 2244 5770 δῦ

2254 5760 2985 5858 (13)Ιὶιιε.,ούδέπω.ῐίι]ἰιί,
3022 5779 3195 5834 οὔπω.
