3978 6498
194 470 281 529 3'13

1302 458 1645 516 APOLOGIA
1682 456 1963 513 CONTRA
1999 430 2339 512 ARIANOS.‘

3306 441 3411 500 37‘

198 601 280 659 μεν
315 580 451 654 πρὸς
470 580 573 653 τὴν
604 579 704 651 σὴν
749 577 1115 651 χρηστότητα.
1159 576 1428 649 ’Δρσένιος
1478 577 1751 648 ὲρῤὦσθαί

1884 573 2324 628 lansuetudinem
2356 567 2698 625 accedemus.
2729 565 2988 619 Arsenius
3023 573 3076 619 te
3107 561 3289 617 multis
3317 575 3414 614 an—

197 693 247 732 οτ
271 674 497 745 εὖχομαι
540 674 600 727 ὲν
632 672 823 745 Κυρίῳ
856 670 1070 735 πολλοῖς
1107 669 1339 741 χρόνοις,
1369 668 1752 741 μακαριώτατε

198 764 354 819 πάπα.

253 855 335 910 70.
375 854 599 917 Μείζων
618 852 677 906 δὲ
708 853 803 906 καὶ
833 849 1207 924 φανερώτερος
1233 849 1454 919 ἐλεγχος
1483 851 1581 920 τῆς
1631 847 1753 901 καθ’

1856 666 1940 721 nis
1968 664 2149 719 valere
2174 663 2227 717 in
2260 661 2489 733 Domino
2521 665 2738 729 exopto,
2777 656 3087 712 beatissime
3116 669 3275 726 papa.

1927 846 2014 901 70.
2055 846 2224 902 Porro
2258 844 2543 901 calumnia:
2574 844 2628 899 in
2674 858 2773 899 nos
2813 850 3030 897 structae
3061 839 3238 909 majus
3273 849 3326 895 et
3358 839 3423 893 li-

196 941 333 1013 ἡμῶν
371 940 737 1009 συκοφαντίας
763 941 797 1010 ή
830 940 1087 1011 μετάνοια
1124 939 1370 994 Ἰωάννου
1391 956 1404 968 σ
1440 938 1537 991 καὶ
1565 937 1755 991 τούτου

1884 943 2071 1011 ιυὶᾱίυε
2109 951 2482 1006 argumentum
2517 950 2599 995 est
2638 938 2863 994 Joannis
2896 936 3243 1006 pmnitentia,
3272 933 3427 1003 cujus

200 1032 390 1102 μάρτυς
422 1032 451 1084 ὁ
473 1030 886 1100 θεοφιλέστατος
913 1032 1009 1085 καὶ
1043 1031 1319 1103 μακαρίας
1354 1032 1577 1101 μνήμης
1604 1029 1758 1100 βασι-

197 1122 304 1186 λεὺς
333 1125 776 1187 Κωνσταντῖνος·
806 1122 961 1185 εἰδὼς
988 1124 1095 1195 γὰρ
1139 1122 1282 1195 ἆπερ
1329 1123 1580 1191 Ἰωάννης
1636 1123 1757 1173 κατ’

196 1212 343 1269 αὑτοῦ
392 1215 769 1287 κατηγόρησε,
803 1215 896 1268 καὶ
927 1214 1215 1285 δεξάμενος
1245 1215 1550 1286 γράμματα
1603 1229 1761 1284 μετα-

198 1306 539 1376 γινώσκοντος
569 1307 758 1369 αὐτοῦ,
786 1307 987 1377 ἔγραψε
1018 1308 1191 1361 ταῦτα
1216 1323 1233 1339 ⁸

287 1397 863 1455 ΚΩΝΣΤΑΝΤΙΝΟΣ
892 1401 1258 1453 ΜΕΓΙΣΤΟΣ
1285 1400 1671 1453 ΣΕΒΑΣΤΟΣ

842 1489 1109 1557 Ἰωάννῃ.

260 1583 401 1635 Πάνυ
466 1599 560 1652 μοι
614 1581 927 1653 καταθύμια
989 1582 1179 1650 γέγονε
1209 1582 1279 1634 τὰ
1330 1580 1481 1652 παρὰ
1534 1582 1633 1650 τῆς
1664 1578 1766 1649 σῆς

204 1673 502 1741 φρονήσεως
536 1671 844 1743 γράμματα
866 1689 881 1702 ο
912 1671 1086 1739 ἔγνων
1110 1671 1219 1742 γὰρ
1256 1670 1314 1736 ἐξ
1356 1669 1535 1722 αὐτῶν
1567 1668 1604 1722 ἃ
1664 1666 1767 1737 μά-

203 1761 343 1814 λιστα
366 1762 575 1830 γνῶναι
606 1762 855 1829 ἐπόθουν,
890 1764 1072 1816 πᾶσαν
1102 1762 1199 1833 μὲν
1229 1759 1593 1832 μικροψυχίαν
1627 1760 1766 1812 ἀπο-

202 1852 458 1907 τεθεῖσθαι
508 1871 593 1919 σε,
645 1857 712 1927 τῇ
770 1854 826 1907 δὲ
900 1854 1217 1924 Ἐκκλησία,
1243 1854 1318 1915 ὡς
1372 1852 1645 1923 προσῆκον
1674 1844 1765 1919 ἦν,

1858 1036 1937 1089 rei
1986 1033 2143 1087 testis
2186 1032 2284 1086 fuit
2316 1029 2427 1087 Deo
2460 1030 2811 1087 cbarissimus
2854 1035 2909 1083 et
2941 1027 3113 1082 beatae
3154 1024 3429 1080 memoria:

1858 1129 2151 1195 imperator
2169 1124 2577 1186 Constantinus,
2606 1123 2699 1191 qui
2724 1137 2845 1176 cum
2868 1124 3033 1175 sciret
3053 1132 3173 1187 qua:
3193 1115 3430 1171 Joannes

1859 1224 2044 1270 contra
2080 1228 2140 1267 se
2174 1212 2287 1281 ipse
2322 1212 2623 1274 detulisset,
2668 1210 2916 1279 illiusque
2945 1206 3257 1279 paenitentis
3280 1205 3430 1260 litte-

1861 1321 1950 1361 ras
1983 1305 2314 1371 accepisset,
2358 1304 2471 1356 hare
2502 1302 2755 1371 scripsit:

1945 1390 2528 1451 CONSTANTINUS
2568 1389 2919 1445 MAXIMUS
2964 1386 3349 1446 AUGUSTUS

2538 1478 2755 1535 locant

1931 1573 2233 1629 Admodum
2278 1581 2446 1642 gratae
2488 1570 2620 1626 mihi
2648 1569 2799 1624 fuere
2836 1569 3143 1626 Prudentia;
3175 1567 3309 1625 Tuae
3346 1568 3436 1624 lit-

1866 1675 2026 1730 terat,
2060 1679 2125 1720 ex
2174 1664 2370 1734 quibus
2413 1679 2534 1732 quae
2573 1662 2928 1731 peraptabam
2978 1661 3119 1717 scire
3154 1661 3336 1727 didici,
3385 1670 3438 1715 te

1867 1756 2075 1811 scilicet
2114 1754 2261 1809 onmi
2306 1755 2548 1825 deposita
2580 1755 2877 1819 simultate,
2907 1769 3032 1808 cum
3069 1752 3310 1808 Ecclesia
3335 1791 3351 1815 ,
3378 1760 3439 1804 ut

1871 1863 1969 1917 par
1991 1857 2129 1913 erat,
2153 1847 2606 1909 communicasse,
2629 1855 2685 1901 et
2717 1860 2841 1901 cum
2867 1845 3163 1899 Athanasio
3187 1843 3442 1912 episcopo

205 1948 652 2018 κεκοινωνηκέναι
679 1987 694 2012 ,
746 1948 840 2000 καὶ
881 1946 1181 2017 Ἀθανασίῳ
1240 1945 1316 2016 τῷ
1360 1944 1769 2016 αίδεσιμωτάτῳ

1884 1938 2322 1995 -ονοτεηάίεεὶωο
2344 1939 2399 1992 in
2422 1937 2635 2007 plenam
2656 1936 3009 1992 concordiam
3036 1934 3263 1988 venisse.
3290 1931 3443 1986 Scito

208 2039 476 2110 ἐπισκόπῳ
501 2041 563 2099 ἐς
592 2038 663 2091 τὰ
698 2039 929 2108 μάλιστα
953 2041 1032 2099 είς
1052 2038 1304 2107 ὁμόνοιαν
1329 2036 1523 2091 ἐλθεῖν.
1553 2030 1627 2090 Εὖ
1660 2034 1769 2088 ίσθι

206 2128 387 2191 τοίνυν,
404 2128 481 2192 ὡς
505 2127 675 2181 ἓνεκά
709 2144 774 2195 γε
798 2128 1003 2181 τούτων
1030 2127 1170 2181 πάνυ
1202 2144 1262 2179 σε
1292 2126 1582 2189 ἐπαινέσας
1640 2123 1770 2194 ἔχω,

206 2222 279 2274 ὅτι
312 2224 493 2276 πᾶσαν
521 2222 683 2291 ἀφεὶς
719 2219 1039 2291 ἁψιμαχίαν,
1074 2219 1102 2271 ὃ
1125 2217 1203 2289 τῷ
1230 2216 1349 2285 Θεῷ
1378 2216 1529 2285 φίλον
1550 2211 1618 2286 ἦν
1670 2231 1773 2267 πε-

207 2314 449 2384 ποίηκας,
500 2314 602 2385 τῆς
646 2312 783 2384 πρὸς
833 2311 929 2383 τὴν
976 2309 1297 2378 Ἐκκλησίαν
1344 2306 1586 2370 ένώσεως
1636 2307 1778 2359 ἀντι-

205 2405 627 2476 λαμΰανόμενος.
663 2405 781 2457 Ἵνα
811 2403 989 2456 τοίνυν
1022 2402 1116 2454 καὶ
1143 2394 1216 2453 ὧν
1238 2399 1526 2468 ἐπιθυμεῖς
1559 2414 1781 2467 τετυχη-

206 2496 349 2549 κέναι
378 2496 595 2566 δοκοίης
617 2534 635 2559 ,
667 2493 957 2566 ἐπιτρέψαι
1012 2509 1093 2544 σοι
1128 2490 1236 2543 δεῖν
1266 2490 1448 2560 ᾠήθην
1504 2489 1780 2558 ὀχήματος

208 2588 450 2657 ἐπιϐῆναι
478 2587 763 2658 δημοσίου,
798 2586 891 2638 καὶ
918 2586 1001 2646 εἰς
1027 2583 1087 2634 τὸ
1118 2580 1478 2651 στρατόπεδον
1506 2579 1602 2648 τῆς
1634 2576 1776 2648 ἐμῆς

208 2680 534 2750 ἡμερότητος
570 2677 891 2732 σπουδάσαι.
927 2676 1025 2727 Σδν
1054 2672 1239 2726 λοιπὸν
1273 2671 1413 2723 έστω
1444 2669 1608 2740 μηδὲν
1650 2667 1777 2738 μελ-

209 2768 357 2838 λῆσαι
382 2768 518 2836 (16),
550 2765 689 2820 ἀλλὰ
713 2766 811 2836 τῆς
839 2762 1129 2833 ἐπιπολῆς
1153 2778 1235 2813 σοι
1274 2759 1476 2829 ταύτης
1500 2758 1776 2827 ὀχήματος

209 2860 454 2930 δημοσίου
520 2858 770 2922 ἐξουσίαν
820 2855 1180 2928 χορηγούσης,
1232 2851 1435 2914 εὐθέως
1468 2850 1779 2920 πρὸςὴμᾶς

214 2952 515 3021 ἀφικέσθαι,
574 2952 662 3004 ἵνα
725 2950 819 3003 καὶ
874 2948 972 3019 τὴν
1026 2945 1321 3014 ἐπιθυμίαν
1371 2944 1655 3012 ἑμπλήσῃς
1684 2941 1779 3011 τὴν

1875 2031 2040 2101 igitur
2092 2039 2143 2084 te
2172 2045 2240 2086 eo
2286 2029 2505 2085 nomine
2550 2046 2582 2083 a
2630 2030 2787 2085 nobis
2829 2040 3174 2095 summOpere
3207 2022 3442 2089 laudari,

1876 2121 2017 2191 quod
2049 2120 2237 2175 relicto
2263 2120 2409 2175 omni
2448 2119 2653 2188 jurgio,
2680 2133 2794 2174 rem
2829 2116 2939 2171 Deo
2968 2124 3177 2185 gratam
3206 2111 3445 2182 perfece-

1879 2219 1983 2281 ris,
2027 2217 2451 2285 societatemque
2489 2214 2804 2284 requisleris
2853 2228 2975 2267 cum
3021 2208 3277 2265 Ecclesia.
3324 2205 3446 2273 Quo

1878 2310 2041 2380 igitur
2072 2318 2253 2379 optata
2283 2323 2580 2377 assequare
2604 2348 2620 2371 ,
2658 2306 2753 2362 tibi
2785 2301 3203 2376 permittendum
3238 2297 3447 2369 putavi,

1876 2408 1936 2453 ut
1978 2399 2226 2454 inscenso
2275 2398 2492 2468 publico
2530 2394 2808 2458 vehiculo,
2864 2391 2931 2446 ad
2979 2387 3278 2444 exercitum
3313 2396 3450 2438 mea:

1874 2490 2170 2545 clementia:
2193 2504 2467 2559 properes.
2498 2486 2671 2541 Tuum
2699 2485 2951 2551 deinceps
2973 2480 3078 2536 erit
3131 2476 3264 2533 nibil
3313 2490 3451 2529 cun-

1874 2584 2034 2637 ctari.
2066 2581 2170 2637 Sed
2203 2596 2325 2636 cum
2374 2580 2493 2635 haec
2524 2579 2616 2633 tibi
2647 2576 2868 2648 epistola
2886 2572 3079 2645 publici
3102 2568 3329 2626 vehiculi
3358 2581 3455 2621 co-

1875 2674 2021 2741 piam
2062 2673 2261 2736 faciat,
2299 2672 2365 2725 ad
2419 2686 2518 2725 nos
2550 2667 2950 2739 quamprimum
3005 2662 3263 2724 accedas,
3308 2662 3455 2712 utet

1872 2764 1985 2818 voti
2029 2779 2252 2834 compos
2295 2762 2554 2824 elIiciare,
2593 2768 2647 2815 et
2699 2764 2982 2826 postquam
3047 2768 3143 2806 nos
3181 2748 3452 2815 inviseris,

1875 2868 2111 2920 congrua
2153 2832 2361 2907 Vfruaris
2398 2851 2607 2906 laetitia.
2656 2848 2801 2902 Deus
2850 2854 2904 2900 te
2932 2848 3240 2906 conservet,
3287 2832 3456 2893 fratei'

1880 2942 2094 2996 dilecte.

223 3045 422 3109 σαυτοῦ,
478 3044 575 3097 καὶ
632 3042 963 3111 θεασάμενος
1021 3040 1189 3109 ἡμᾶς,
1251 3035 1349 3105 τῆς
1399 3032 1779 3106 προσηκούσης
1816 3034 2130 3106 ἀπολαύσῃς
2189 3031 2544 3105 εὐφροσύνης.
2590 3033 2648 3085 '0
2683 3030 2813 3095 Θεός
2878 3049 2938 3084 σε
2980 3027 3290 3099 διαφυλάξοι
3321 3023 3456 3096 (Hi,

225 3138 401 3208 ἀδελφέ
434 3135 708 3206 ἀγαπητέ.

282 3207 365 3284 'll.
394 3228 553 3283 Οὕτω
604 3228 700 3297 μὲν
722 3218 815 3277 οὖν
838 3223 989 3286 τέλος
1020 3221 1174 3291 ἔσχεν
1212 3222 1246 3290 ὴ
1287 3218 1542 3288 συσκευὴ,
1578 3216 1672 3269 καὶ
1728 3217 1776 3268 οἱ

1950 3217 2038 3270 71.
2081 3214 2179 3267 Hic
2224 3212 2309 3267 ille
2339 3212 2438 3266 fuit
2480 3208 2894 3279 conspirationis
2938 3207 3136 3273 exitus,
3184 3220 3292 3275 quo
3330 3219 3461 3273 per-

224 3320 516 3375 Μελιτιανοὶ
568 3313 1053 3384 καταισχυνθέντες
1112 3309 1572 3379 ἀπεστράφησαν·
1620 3308 1667 3358 οἱ
1728 3305 1783 3357 δὲ

224 3408 336 3478 περὶ
362 3406 620 3459 Εύσέϐιον
648 3403 755 3456 οὐδ’
788 3401 961 3464 οὕτως
982 3400 1269 3470 ἠρέμησαν
1289 3415 1300 3425 ·
1335 3398 1525 3467 ἔμελλε
1553 3396 1661 3467 γὰρ
1686 3397 1785 3448 αύ-

225 3502 320 3561 τοῖς
342 3499 400 3550 ού
434 3496 543 3549 τῶν
577 3491 939 3553 Μελιτιανῶν,
969 3490 1103 3543 ἀλλὰ
1130 3490 1237 3541 τῶν
1274 3490 1400 3559 περὶ
1428 3491 1665 3558 Ἀρειον,
1694 3488 1788 3541 καὶ

226 3589 496 3659 ἐφοϐοῦντο
534 3587 631 3656 μὴ,
688 3583 1050 3653 παυσαμένων
1098 3580 1341 3639 ἐκείνων,
1410 3579 1607 3649 μηκέτι
1666 3579 1789 3640 τοὺς

223 3679 669 3751 ὑποκρινομένους
694 3675 917 3746 εὕρωσι,
947 3674 1014 3726 δι’
1048 3666 1122 3725 ὧν
1150 3671 1306 3724 τοῦτο
1340 3672 1651 3738 εἰσαγαγεῖν
1698 3668 1790 3721 δύ-

224 3789 426 3824 νωνται.
456 3767 824 3841 Παροξύνουσι
847 3765 1024 3818 τοίνυν
1054 3762 1213 3816 πάλιν
1252 3763 1377 3823 τοὺς
1415 3761 1789 3820 Μελιτιανοὺς,

224 3864 307 3916 καὶ
339 3862 587 3915 πείθουσι
649 3858 740 3911 τὸν
772 3855 993 3926 βασιλέα
1039 3853 1253 3907 σύνοδον
1301 3848 1457 3915 αὖθις
1512 3852 1568 3903 ἐν
1634 3848 1794 3920 Τύρῳ

226 3956 464 4011 κελεῦσαι
497 3952 773 4024 γενέσθαι.
803 3952 913 4005 Καὶ
960 3950 1134 4018 κόμης
1167 3946 1439 4010 Διονύσιος
1472 3944 1796 4000 ἀποστέλλε-

228 4066 325 4113 ται,
367 4048 463 4102 καὶ
498 4044 828 4116 στρατιῶται
886 4041 1171 4112 δορυφόροι
1221 4038 1452 4092 δίδονται
1496 4041 1607 4101 τοῖς
1668 4037 1797 4107 περὶ

226 4140 493 4193 Εὐσέϐιον.
526 4137 634 4190 Καὶ
664 4137 693 4189 ὁ
718 4136 813 4205 μὲν
839 4133 1121 4202 Μακάριος
1152 4131 1370 4199 δέσμιος
1408 4129 1498 4182 διὰ
1537 4145 1799 4198 στρατιωο

228 4232 322 4285 τῶν
353 4231 633 4301 πέμπεται
667 4229 748 4289 είς
769 4224 943 4295 Τύρον
968 4241 982 4255 ο
1014 4224 1136 4294 ἐμοὶ
1160 4222 1216 4274 δὲ
1262 4222 1463 4290 γράφει
1495 4220 1589 4271 καὶ
1634 4217 1801 4284 ἀνάγ-

229 4342 319 4395 κην
350 4322 689 4391 ἐπιτίθησινο
730 4318 872 4372 ὥστε
916 4318 1008 4369 καὶ
1053 4317 1283 4377 ἄκοντας
1335 4314 1487 4383 ἡμᾶς
1538 4307 1803 4363 ἀποστέλ-

231 4414 406 4468 λεσθαι
441 4412 581 4484 (18).
617 4410 729 4480 Τὴν
766 4408 864 4479 μὲν
912 4403 1004 4460 οὖν
1037 4407 1216 4459 πᾶσαν
1276 4402 1545 4471 συσκευὴν
1598 4398 1801 4468 γνῶναι

230 4507 459 4569 δυνατὸν,
497 4504 557 4569 ἐξ
587 4496 662 4555 ὧν
692 4498 934 4571 ἔγραψαν
963 4500 1011 4550 οἱ
1043 4497 1329 4549 ἐπίσκοποι
1357 4493 1458 4562 τῆς
1503 4491 1799 4559 Αἰγύπτου.

1887 3317 2029 3373 acto,
2064 3304 2333 3359 Meletiani
2388 3320 2419 3356 a
2460 3301 2730 3373 praposito
2758 3308 2883 3354 sunt
2932 3298 3106 3352 aversi
3146 3317 3158 3352 :
3196 3306 3250 3350 at
3295 3296 3463 3349 Euse-

1886 3397 2029 3451 biani
2076 3410 2141 3450 ne
2186 3395 2260 3449 ita
2294 3393 2508 3463 quidem
2549 3406 2869 3454 cessavere;
2903 3389 3007 3443 illis
3048 3387 3317 3457 siquidem
3354 3400 3462 3438 non

1887 3489 2175 3552 Meletiani,
2206 3488 2298 3542 sed
2324 3485 2508 3542 Ariani
2552 3499 2695 3539 curae
2721 3492 2906 3549 erant,
2940 3483 3092 3537 veriti
3125 3479 3330 3535 scilicet
3359 3491 3424 3530 ne
3444 3517 3461 3538 ,

1889 3582 2100 3637 illorum
2132 3578 2413 3647 deﬁciente
2435 3591 2620 3646 opera,
2652 3575 2967 3636 histriones,
3006 3572 3083 3626 rei
3113 3585 3274 3639 quam
3302 3568 3464 3622 indu-

1891 3690 2016 3729 cere
2047 3671 2299 3726 volebant
2324 3668 2584 3732 artiﬁces,
2617 3682 2723 3721 non
2752 3672 3118 3734 suppeterent.
3150 3661 3329 3726 Quare
3356 3656 3468 3711 Me-

1893 3764 2110 3819 letianis
2136 3762 2330 3816 iterum
2360 3758 2672 3823 concitatis,
2694 3766 2949 3810 auctores
2976 3763 3101 3808 sunt
3131 3749 3465 3817 imperatori,

1894 3868 1952 3914 ut
1973 3857 2234 3932 synodum
2260 3857 2436 3909 denuo
2463 3852 2593 3923 'l‘yri
2619 3851 2810 3922 jubeat
2846 3863 3107 3919 congrega
3119 3846 3184 3900 ri.
3211 3843 3346 3897 Tum
3377 3858 3469 3897 co-

1898 3967 2011 4008 mes
2049 3948 2335 4018 Dionysius
2377 3945 2649 4009 mittitur,
2681 3940 2998 3997 satellitium
3037 3937 3270 3992 militare
3305 3935 3470 3989 Eusc—

1897 4044 2071 4099 bianis
2107 4043 2298 4105 datur,
2327 4038 2595 4093 Macarius
2634 4036 2844 4089 vinctus
2875 4032 2975 4087 sub
3011 4030 3241 4084 militum
3292 4034 3473 4081 custo-

1898 4136 1983 4189 dia
2035 4133 2234 4204 Tyrum
2302 4131 2618 4193 adducitur,
2671 4140 2861 4195 meque
2913 4125 3204 4192 imperator
3277 4117 3472 4172 litteris
3567 4140 3577 4149 -

1901 4226 2159 4295 compulit.
2201 4223 2336 4287 suis,
2370 4231 2427 4274 ut
2457 4220 2540 4274 vel
2573 4219 2774 4272 invitus
2807 4214 2984 4269 istbuc
3024 4226 3108 4265 tne
3140 4209 3464 4264 conferrem.

1904 4317 2008 4371 Sed
2039 4323 2205 4369 totam
2235 4309 2652 4379 conSpirationis
2682 4305 2878 4361 seriem
2912 4314 3237 4369 cognoscere
3268 4296 3471 4350 licitum

1905 4416 1989 4462 est
2015 4422 2078 4460 ex
2111 4403 2488 4470 episcoporum
2524 4394 2902 4464 Egyptiorum
2933 4389 3146 4444 litteris.
3178 4384 3345 4452 Hujus
3374 4399 3473 4435 au-

1908 4506 2014 4549 tem
2059 4491 2333 4548 ordiendae
2388 4486 2672 4543 consilium
2715 4494 2972 4535 enarrare
3013 4491 3189 4547 operte
3242 4474 3471 4544 pretium

232 4598 341 4662 Πῶς
363 4598 419 4651 δὲ
441 4560 779 4667 παράὐτιύν
814 4560 871 4657 ἐξ
903 4589 1078 4662 ἀρχῆς
1104 4581 1380 4655 συνετέθη.
1410 4560 1702 4651 αναγκαῖον
1736 4582 1780 4635 ἂε

1908 4588 2106 4651 fuerit,
2140 4594 2200 4638 ut
2239 4583 2365 4638 binc
2391 4592 2578 4636 eorum
2619 4574 2906 4629 adversum
2951 4584 3050 4624 nos
3087 4565 3477 4636 malignitatem

232 4653 556 4761 simléyatv.‘
589 4685 684 4739 καὶ
728 4653 1138 4754 γὰρνὲντεύθεν
1182 4653 1409 4749 θεωρεῖν
1472 4676 1569 4746 τὴν
1610 4674 1780 4744 κακοή

1912 4676 2289 4742 vafritiemque
2366 4668 2801 4726 animadvertere
2864 4660 3093 4729 quisque
3150 4657 3352 4712 valeat.
3419 4653 3479 4708 In

234 4751 370 4835 θείαν
402 4751 498 4834 καὶ
516 4778 618 4848 τὴν
645 4751 979 4845 πανουργίαν
1006 4773 1103 4842 τὴν
1135 4771 1257 4824 καθ’
1286 4770 1447 4840 ήμῶν
1507 4766 1780 4836 γενομένη

1909 4768 2167 4838 Egypto,
2206 4764 2375 4834 Libya
2411 4771 2467 4817 et
2516 4757 2794 4830 Pentapoli
2849 4751 3088 4824 episc0pi
3136 4758 3263 4806 sunt
3313 4762 3483 4819 prope

236 4874 452 4942 ἔξεστιν.
498 4867 818 4926 Ἐπίσκοποί
848 4870 986 4920 εἰσιν
1040 4867 1099 4919 ἐν
1129 4863 1408 4933 Αἰγύπτῳ,
1468 4861 1563 4914 καὶ
1610 4858 1780 4933 Λιϐύῃ

1906 4872 2161 4924 centum;
2196 4869 2429 4926 quorum
2476 4851 2654 4907 nullus
2697 4864 2798 4904 nos
2832 4844 3130 4907 accusavit,
3162 4841 3344 4898 nullus
3383 4854 3483 4894 nos

194 4988 203 5053 γ
237 4933 319 5021 καὶ
350 4961 689 5019 Πενταπόλει
722 4959 888 5031 ἐγγὺς
924 4958 1153 5012 ὲκατόνυ
1189 4956 1365 5019 οὐδεὶς
1410 4954 1614 5007 τούτων
1660 4952 1778 5023 ήμᾶ

1908 4952 2192 5023 presbyter
2217 4947 2539 5003 criminatus
2563 4952 2667 5008 est,
2692 4942 2873 4997 nullus
2894 4956 2924 4996 e
2946 4937 3142 5009 populo
3159 4933 3480 4990 oblocutus:

1990 5044 2002 5053 .
2031 5041 2091 5053 ι..
2135 5041 2145 5053 .
2190 5040 2221 5053 Α.
2303 5040 2315 5050 ι
2365 5037 2378 5053 ρ
2526 5036 2580 5053 γι·
2684 5052 2696 5053 γ
2750 5034 2903 5053 ηλμΑ
2948 5030 3100 5053 ΑξΑΑιξ
3193 5026 3480 5053 Δ-ἒ.ηιεηιιη

200 5026 206 5119 ί
238 5060 437 5129 ᾐτιᾶτο,
471 5058 534 5110 οὐ
574 5026 944 5127 πρεσϐύτερος
971 5050 1267 5121 ἐμέμφετο,
1288 5048 1353 5100 οὐ
1396 5048 1504 5100 τῶν
1537 5043 1684 5099 λαῶν
1727 5060 1780 5095 τι

1909 5044 2004 5099 sed
2031 5040 2317 5112 [Meletiani
2360 5037 2472 5106 jam
2511 5036 2640 5093 olim
2675 5052 2705 5090 a
2747 5034 2910 5089 Petro
2941 5030 3141 5101 eiecti,
3184 5026 3485 5095 Arianique

240 5116 515 5204 κατελέλει
533 5164 550 5179 ’
587 5116 705 5203 ἀλλ’
746 5147 796 5199 οἱ
826 5116 1137 5198 Manciam
1168 5143 1215 5195 oi
1240 5138 1347 5194 ἀπὸ
1374 5139 1581 5210 Πέτρου
1614 5134 1780 5205 ὲκδλη

1912 5133 2135 5188 insidias
2170 5132 2311 5187 inter
2342 5144 2401 5186 se
2440 5126 2869 5196 diviserant;_ita
2887 5134 2945 5179 ut
2982 5122 3056 5178 illi
3076 5116 3389 5182 accusandi,
3422 5116 3478 5171 lii

206 5208 211 5294 ξ
241 5241 414 5294 θέντες
451 5243 549 5294 καὶ
576 5242 628 5294 οἱ
665 5239 929 5294 Ἀοειανοὶ
960 5233 1102 5294 ἦσαν
1140 5237 1187 5288 oi
1215 5234 1314 5294 τὴν
1371 5208 1662 5294 ἐπιϐουλὴν
1719 5247 1816 5294 με-
1907 5224 2185 5294 iudicandi
2212 5224 2315 5279 sibi
2345 5232 2529 5292 partes
2584 5220 2937 5276 vindicarent.
2973 5215 3167 5271 Verum
3198 5226 3294 5265 nos
3320 5208 3486 5263 E0561-

241 5241 414 5308 θέντες
451 5243 549 5297 καὶ
576 5242 628 5294 οἱ
665 5239 929 5312 ’Apatavo‘t
960 5233 1102 5309 ἦσαν
1140 5237 1187 5288 oi
1215 5234 1314 5304 τὴν
1371 5231 1662 5301 ὲπιῦουλὴν
1719 5247 1816 5300 με-

203 5272 212 5406 l
247 5272 549 5406 ρισέξῗενῖῖῗ
576 5272 1334 5402 ’ξξαιῖῖῖέἰῖξδ’ἒὲῖζηξὲρζὲᾇ,
1361 5272 1780 5378 ξε”ξςὲ”τρ;⁵’δι,ῗὲ

1907 5272 2185 5294 ,--.------
2212 5272 2315 5279 ____
2345 5272 2525 5292 τη---

1914 5319 2063 5375 bium
2086 5318 2370 5387 sociosque
2387 5314 2775 5372 recusavimus,
2801 5308 2960 5380 148
2972 5305 3113 5375 quod
3128 5307 3310 5357 essent
3334 5298 3488 5354 nobis

200 5384 213 5455 ’
247 5384 350 5488 :Iuv
366 5384 910 5492 ιέαυτοίςηέξεδίτιίουν.
952 5384 1268 5491 Ἡμεῖςμὲν
1302 5384 1395 5472 οὖν
1428 5414 1777 5489 παρῃτούμεθ

1916 5412 2189 5468 haereseos
2219 5424 2383 5464 causa
2423 5405 2624 5461 inimici
2659 5422 2672 5458 :
2703 5401 2897 5456 dehinc
2926 5412 3047 5452 eum
3076 5393 3169 5462 qui
3198 5398 3490 5445 accusator

246 5476 865 5590 eobcvépt'liltboéﬁov
913 5476 1262 5582 ὼςἾὲχθροὺς
1322 5507 1412 5562 διὰ
1454 5476 1579 5577 την..
1608 5476 1780 5577 αἵρεσι

1916 5501 2213 5564 ferebatur,
2263 5509 2601 5566 nequaquam
2641 5490 3009 5559 presbyterum
3058 5498 3179 5539 esse
3230 5476 3485 5549 planissi-

2757 5588 2763 5590 _
2865 5578 2900 5590 η
3036 5576 3047 5590 .
3171 5575 3183 5590 ,
3235 5569 3485 5590 "dub

246 5569 677 5672 ὄντας-Νέπωτα
724 5606 815 5659 τὸν
856 5569 1147 5675 metrici
1197 5569 1522 5672 κατήγορον.
1541 5598 1616 5673 μὴ
1668 5569 1780 5652 ἐἷνο

1920 5610 2065 5649 mum
2101 5592 2330 5648 fecimus
2362 5592 2463 5645 hoc
2489 5588 2827 5655 argumento.
2861 5576 3085 5644 Quando
3118 5575 3185 5628 ad
3232 5569 3490 5650 Ecclesig

2000 5776 2110 5846 (18)
2138 5776 2212 5831 Ita
2247 5775 2377 5842 ch.
2408 5769 2549 5826 Editi
2599 5775 2797 5830 autem,
2831 5755 3262 5822 ἐπιστέλλεσθαι,
3309 5753 3490 5811 minus

1928 5861 2093 5903 ῐςυιυ.

321 5786 427 5858 (l6)
450 5788 528 5842 ita
561 5787 697 5858 Reg.
725 5784 876 5858 Edi_ti_
896 5799 1050 5858 fero,
1088 5785 1339 5858 μελῆσαι,
1370 5784 1532 5839 male.

327 5857 435 5926 (17)
468 5859 601 5923 Reg.
614 5900 628 5919 ,
654 5853 988 5925 διαφυλάξει.
