3978 6506
559 345 709 407 379‘

1128 345 1187 404 S.
1229 344 1595 402 ATHANASII
1631 346 1785 404 OPP.
1825 346 2006 404 PARS
2039 347 2082 405 1.
2122 381 2193 392 -
2227 348 2601 407 HISTORICA
2638 348 2725 405 ΕΤ
2767 348 3184 406 DOGMATICA.

3710 348 3818 403 380

564 478 687 522 rem
720 462 1025 517 adduxere?
1050 470 1136 515 sat
1159 463 1358 531 quippe
1391 470 1511 518 erat
1542 461 1683 530 quod
1722 461 1812 516 ille
1844 478 1956 517 rem
1987 478 2120 518 com-

2241 465 2383 536 ἆπερ
2412 466 2595 528 αὐτοῖς
2618 465 2807 518 ἐδόκει.
2837 467 2944 518 Καὶ
2972 465 3082 535 γὰρ
3108 466 3234 527 τοὺς
3258 463 3661 534 πρεσϐυτέρους
3717 462 3818 531 τῆς

566 557 800 624 probare
830 569 935 608 non
965 554 1246 623 potuisset.
1298 553 1493 607 Verum
1528 553 1582 606 id
1621 568 1687 608 eo
1726 563 1905 608 actum
1940 564 2043 619 est,
2078 564 2136 609 ut

567 646 1003 715 quandoquidem
1046 646 1417 716 presbyterum
1448 659 1629 698 coram
1662 646 1987 702 convincere
2028 661 2133 701 non

567 739 841 801 valebant,
873 739 925 794 in
966 739 1111 793 illum
1147 740 1423 795 absentem
1456 740 1867 808 conspirarent,
1910 749 1967 794 et
1992 741 2134 809 quod

569 832 673 886 sibi
705 830 879 886 visum
926 830 1066 885 foret
1108 832 1368 885 adversus
1413 845 1537 885 eum
1569 841 1860 887 struerem.
1900 831 2134 895 Etenim,

568 921 951 977 Alexandrinis
991 922 1263 990 totiusque
1314 923 1568 976 territorii
1612 923 1945 992 presbyteris
1992 923 2135 991 ipsos

567 1014 922 1083 arguentibus
943 1054 960 1079 ,
988 1014 1129 1082 quod
1164 1013 1264 1067 soli
1299 1015 1679 1078 accessissent,
1711 1014 2136 1083 postulantibus-

566 1120 674 1175 que
704 1114 763 1159 ut
792 1106 894 1159 sibi
928 1106 1118 1161 saltem
1152 1120 1339 1159 eorum
1373 1108 1511 1160 actis
1542 1106 1803 1161 interesse
1837 1106 2023 1163 liceret
2053 1106 2135 1172 (se

566 1197 766 1266 quippe
809 1205 867 1251 et
914 1200 1078 1251 totius
1124 1197 1321 1267 negotii
1367 1205 1424 1251 et
1462 1211 1649 1250 eorum
1693 1212 1813 1265 qure
1860 1196 2130 1266 lschyram

566 1297 897 1356 spectarent,
929 1288 1176 1342 conscios
1214 1287 1578 1357 asserebant)
1612 1291 1714 1342 hoc
1748 1289 1878 1356 ipsis
1912 1289 2133 1342 minime

563 1392 882 1434 concessum
936 1388 1041 1433 est.
1103 1378 1208 1433 Sed
1270 1379 1526 1448 praefecto
1578 1378 1795 1447 [Egypli
1858 1379 2131 1447 Philagrio

2245 557 2646 628 ’Λλεξανδρείας
2671 559 2765 611 καὶ
2798 557 2895 627 τῆς
2946 556 3127 628 χώρας
3175 556 3357 625 πάσης
3399 554 3817 625 μεμψαμένους,

2230 650 2314 703 ὅτι
2360 650 2511 719 μόνοι
2555 650 2938 721 παρεγένοντο,
2971 651 3066 701 καὶ
3116 647 3401 713 ἀξιοῦντας
3455 647 3558 699 κᾶν
3613 646 3820 708 αὐτούς

2232 743 2484 813 παρεῖναι
2526 737 2607 807 οἷς
2646 742 2912 814 ἔπραττον
2952 742 3169 808 (εἰδέναι
3217 740 3326 811 γὰρ
3366 740 3551 807 ἔλεγον
3606 739 3708 791 καὶ
3757 738 3821 789 τὸ

2231 837 2464 905 πρᾶγμα
2497 834 2592 888 καὶ¹
2629 833 2697 887 τά
2742 836 2883 888 κατὰ
2905 833 2995 887 τὸν
3032 831 3323 903 λεγόμενον
3363 830 3612 902 Ὶσχύραν
3630 831 3672 899 ),
3718 829 3821 881 ούκ

2232 926 2568 997 ἐπέτρεψαν,
2623 926 2758 979 ἀλλὰ
2810 925 2901 978 τὸν
2946 925 3048 994 μὲν
3096 923 3333 994 ἔπαρχον
3382 923 3479 992 τῆς
3532 922 3816 988 Αἰγύπτου

2228 1018 2517 1089 Φιλάγριον
2556 1017 2900 1089 παραϐάτην,
2931 1016 3023 1069 καὶ
3077 1014 3408 1085 στρατιώτας
3441 1012 3691 1073 ἐθνικοὺς
3740 1004 3820 1062 εῖ-

2229 1126 2325 1179 χον
2360 1110 2478 1180 μεθ’
2509 1108 2715 1162 ἑαυτῶν
2746 1107 3097 1174 ἐξετάζοντας
3130 1108 3166 1160 ἃ
3203 1105 3337 1175 μηδέ
3372 1103 3818 1173 κατήχουμένους

2230 1200 2436 1270 ἔπρεπε
2466 1199 2719 1271 θεωρεῖν·
2752 1201 2878 1262 τοὺς
2908 1200 2965 1252 δέ
2997 1198 3288 1269 κληρικοὺς
3313 1196 3374 1248 ού
3405 1194 3815 1265 συνεχώρησαν,

2230 1292 2317 1345 ἵνα
2344 1291 2417 1363 μὴ
2447 1294 2625 1354 κάκεῖ,
2656 1290 2845 1362 ὥσπερ
2874 1293 2930 1343 ἐν
2957 1294 3024 1361 τῇ
3052 1291 3231 1360 Τύρῳ,
3268 1289 3394 1350 τοὺς
3437 1286 3818 1356 διελέγχοντας

2229 1381 2426 1444 αὐτοὺς
2454 1381 2673 1451 ἔχωσιν.

567 1484 848 1545 apostata,
900 1475 1238 1543 etbnicisque
1282 1474 1545 1528 militibus
1605 1476 1900 1536 admissis,
1956 1475 2023 1526 ad
2071 1490 2132 1527 ea
2173 1475 2550 1544 disquirenda,
2580 1490 2699 1545 quae
2766 1491 2831 1529 ne
2901 1476 3319 1529 catechumenos
3348 1471 3565 1542 quidem
3598 1469 3818 1539 conspi-

564 1580 692 1622 cere
730 1568 946 1633 decuit;
986 1568 1215 1621 clericos
1248 1576 1424 1621 tamen
1458 1568 1582 1621 huic
1649 1568 1911 1621 interesse
1943 1568 2017 1620 rei
2083 1583 2185 1621 non
2230 1570 2631 1637 permiserunt:
2667 1579 2723 1622 ut
2776 1586 2871 1633 ne,
2919 1571 3367 1637 quemadmodum
3408 1567 3539 1637 Tyri
3574 1566 3814 1634 contige-

564 1672 675 1727 rat,
706 1664 814 1718 illic
856 1663 1101 1723 homines
1135 1664 1435 1731 reperirent
1466 1663 1555 1730 qui
1588 1678 1647 1715 se
1679 1662 1797 1727 falsi
1836 1664 2243 1718 convincerent.

642 1757 732 1809 75.
775 1754 881 1809 Sed
915 1770 982 1808 ne
1006 1755 1078 1809 ita
1108 1756 1320 1824 quidem
1354 1754 1520 1809 latere
1554 1766 1839 1825 potuerunt
1871 1774 1883 1808 :
1916 1759 2120 1827 presby-

2307 1760 2394 1814 75.
2434 1760 2571 1812 Ἀλλ’
2606 1759 2726 1813 οὐδὲ
2782 1759 2955 1822 οὕτως
3009 1757 3193 1810 λαθεῖν
3236 1754 3605 1827 ἠδυνήθησαψ
3666 1770 3812 1807 συνοι

564 1848 668 1901 teri
696 1849 839 1902 enim
879 1846 1029 1901 urbis
1073 1856 1128 1900 et
1165 1846 1441 1910 Mareotae,
1495 1850 1867 1903 animadversa
1919 1850 2130 1903 illorum

564 1938 914 2007 malignitate,
956 1938 1021 1992 ad
1068 1938 1210 1992 hunc
1252 1939 1467 1991 tnodum
1520 1939 1887 2008 scripserunt,
1924 1953 1977 1994 et
2019 1942 2133 1995 hac

563 2029 853 2083 contestati
883 2037 1042 2082 sunt:

704 2116 1120 2181 THEOCNIO,
1150 2117 1333 2172 MAR!
1373 2117 1466 2171 ET
1498 2119 1962 2184 MACEDONIO,

560 2205 853 2275 Theodoro,
908 2207 1129 2263 Ursacio
1189 2222 1236 2265 et
1295 2208 1500 2263 Valenti
1548 2215 1799 2278 episcoyiis
1856 2215 1944 2278 qui
1994 2211 2129 2280 Tyro

629 2295 840 2343 venere,
880 2282 1168 2349 presbyteri
1211 2291 1257 2333 et
1305 2283 1511 2333 diaconi
1564 2283 1833 2334 catholica:
1883 2280 2129 2334 Ecclesia:

626 2350 1003 2428 Alexandrina:
1044 2351 1139 2402 sub
1188 2351 1613 2403 reverendiuimu
1677 2354 1913 2419 episcopo
1964 2351 2127 2403 Atha-

628 2434 803 2471 ηαειο.

627 2593 960 2648 Accedentes
1007 2593 1111 2647 huc
1155 2607 1273 2659 vos,
1321 2603 1806 2663 aceusatoremqne
1850 2598 2125 2652 vobiscum

556 2684 911 2748 adducentes,
958 2693 1382 2738 consentaneum
1427 2694 1571 2739 esset
1610 2696 1664 2739 et
1698 2687 1984 2741 Maearium
2030 2690 2126 2743 ad-

556 2775 777 2829 duxisse
814 2777 1228 2845 presbyterum:
1261 2775 1467 2844 judicia
1494 2778 1689 2846 quippe
1715 2794 1779 2832 ex
1827 2780 2125 2850 Scripturis

554 2864 726 2919 sacris
768 2865 847 2920 sic
884 2867 1281 2931 constituenda,
1327 2875 1384 2920 ιιι
1426 2878 1714 2923 accusator
1742 2885 1925 2923 coram
1962 2885 2125 2924 accu-

554 2965 671 3010 sato
714 2957 960 3012 sistatur.
995 2960 1063 3012 At
1093 2974 1222 3014 vero
1252 2975 1377 3014 eum
1408 2976 1508 3016 nec
1538 2961 1834 3016 Macarium
1877 2962 2122 3018 adduxe-

554 3047 693 3112 ritis,
724 3062 825 3101 nec
854 3047 1129 3102 vobiscum
1162 3050 1265 3103 huc
1292 3053 1621 3105 concesserit
1666 3052 1825 3121 150
1865 3068 2122 3108 reveren-

552 3138 804 3193 dissimus
833 3139 1118 3209 episcopus
1146 3149 1330 3194 noster
1354 3142 1697 3206 Athanasius,
1728 3144 2035 3209 rogatiimus
2064 3154 2122 3199 ut

550 3232 707 3287 nobis
738 3231 929 3287 saltem
956 3231 1158 3302 judicio
1189 3233 1456 3285 interesse
1488 3241 1665 3287 vestro
1693 3233 2078 3289 licitumesset
2104 3253 2117 3288 :

549 3338 656 3388 qtto
693 3324 1053 3392 praesentibus
1102 3324 1256 3378 nobis
1308 3331 1420 3376 tuta
1456 3323 1596 3377 foret
1637 3325 1975 3393 perquisitio,
2016 3342 2117 3380 no-

549 3411 738 3481 bisque
790 3412 869 3467 rei
916 3414 1116 3466 veritas
1169 3413 1552 3467 innotesceret.
1598 3412 1800 3466 Verum
1851 3416 2009 3483 quia,
2059 3431 2119 3472 re

550 3504 706 3558 nobis
735 3504 1018 3574 denegata,
1056 3505 1156 3557 soli
1204 3518 1327 3557 cum
1369 3501 1621 3571 praal‘ecto
1648 3504 1864 3575 [Egypli
1895 3514 1950 3559 et
1994 3522 2115 3562 cum

549 3605 863 3649 accusatore
910 3595 1173 3649 arbitratu
1225 3604 1409 3649 vestro
1466 3609 1580 3648 rem
1629 3597 1903 3664 gessistis;
1953 3599 2117 3667 proii-

550 3694 727 3738 temur
756 3700 855 3740 nos
893 3694 1099 3740 certam
1134 3686 1240 3741 hoc
1284 3686 1336 3740 in
1371 3686 1585 3754 negotio
1622 3687 1761 3741 male
1807 3689 2115 3757 suspicandi

547 3788 768 3830 causam
814 3789 1062 3840 cernere,
1106 3776 1647 3844 animadvertereqne
1694 3777 1992 3845 ingressum
2025 3793 2117 3835 ve-

550 3878 721 3923 strum
774 3870 1228 3937 conspirationem
1276 3879 1334 3924 et
1391 3870 1618 3924 insidias
1665 3872 1925 3925 duntaxat
1971 3888 2113 3928 esse.

548 3959 886 4028 Quapropter
918 3960 1056 4014 hanc
1089 3961 1241 4015 vobis
1275 3962 1539 4019 tradimus
1572 3968 1881 4036 epistolam,
1910 3967 1961 4021 in
1990 3980 2114 4021 vera

548 4049 758 4120 synodo
825 4051 1139 4106 testimonio
1200 4050 1483 4118 futuram,
1534 4065 1593 4110 ut
1643 4066 1979 4127 compertum
2042 4056 2116 4110 sit

547 4141 800 4196 omnibus
839 4156 934 4197 vos
964 4142 1133 4198 altera
1173 4144 1395 4200 absente
1431 4156 1582 4214 parte
1612 4162 1712 4217 pro
1752 4150 1972 4203 libidine
1998 4164 2111 4203 rem

547 4232 805 4301 gessisse,
834 4248 1109 4302 unumque
1166 4235 1322 4289 vobis
1357 4235 1651 4293 conﬂandze
1680 4240 1732 4293 in
1769 4255 1865 4295 nos
1897 4239 2115 4308 conspi-

548 4323 773 4379 rationis
819 4323 984 4379 luisse
1029 4327 1385 4397 propositum.
1430 4327 1629 4382 Horum
1686 4340 1865 4384 autem
1921 4346 2109 4385 exem-

2237 1852 2435 1923 ρῶντες
2467 1852 2574 1923 γὰρ
2607 1854 2656 1904 οἱ
2690 1851 3049 1921 πρεσϐύτεροι
3084 1851 3180 1919 τῆς
3210 1850 3415 1911 πόλεως
3441 1848 3537 1901 καὶ
3569 1846 3666 1900 τοῦ
3694 1848 3813 1899 Μα-

2234 1942 2435 2014 ρεώτου
2466 1944 2562 2012 τὰς
2592 1944 2923 2013 κακουργίας
2945 1941 3144 2004 αὐτῶν,
3184 1941 3428 2012 ἔγραψαν
3454 1940 3551 1992 καὶ
3591 1940 3809 2008 διεμαρ⁶

2231 2036 2461 2107 τύραντο
2486 2033 2676 2087 ταῦτα’

2394 2130 2737 2197 ΘΕΟΓΝΙῼ,
2794 2129 2981 2181 ΜΛΡΙ
3024 2128 3157 2179 ΚΑΙ
3199 2126 3666 2193 ΜΑΚΕΔΟΝΙῼ,

2233 2219 2524 2287 Θεοδώρῳ,
2550 2222 2644 2272 καὶ
2683 2220 3009 2286 Οὑρσηκίῳ,
3048 2220 3145 2271 καὶ
3177 2217 3466 2271 Οὐάλεντι
3484 2259 3503 2283 ,
3534 2217 3664 2287 τοῖς
3693 2215 3806 2270 ἀπὸ

2306 2286 2491 2356 Τύρου
2529 2290 2815 2343 ἐλθοῦσιν
2864 2291 3249 2354 ἐπισκόποις,
3310 2286 3627 2356 παρὰντὼν
3673 2302 3805 2354 πρε-

2299 2355 2601 2428 σϐυτέρων
2628 2360 2721 2411 καὶ
2756 2361 3045 2411 διακόνων
3073 2358 3180 2423 τῆς
3211 2355 3537 2428 κιιθολίκῆς
3561 2359 3803 2428 Ἐκκλη-

2295 2432 2437 2495 olm;
2480 2426 2944 2496 Ἂλεξανδρείας,
3007 2428 3126 2481 ὑπὸ
3179 2429 3284 2480 τὸν
3334 2426 3807 2496 αἱδεσιμώτατον

2294 2499 2633 2553 ἐπίσκοπον
2672 2502 2725 2551 Ἀ
2735 2499 3041 2551 (Im-dator.

2302 2593 2580 2662 Ἔπρεπεν
2626 2592 2768 2661 ὑμᾶς
2802 2632 2817 2656 ,
2872 2589 3197 2660 ἐρχομένους
3251 2590 3344 2642 καὶ
3395 2590 3638 2657 ἄγοντας
3689 2587 3800 2659 μεθ’

2228 2682 2439 2736 ἑαυτῶν
2471 2682 2561 2736 τὸν
2595 2684 2919 2753 κατήγορον,
2947 2682 3172 2749 ἀγαγεῖν
3226 2682 3320 2734 καὶ
3378 2680 3669 2753 Μακάριον
3716 2680 3801 2733 τὸν

2227 2774 2593 2846 πρεσϐύτερον
2612 2792 2625 2805 °
2646 2777 2701 2828 αἱ
2733 2774 2841 2846 γάρ
2889 2773 3098 2845 κρίσεις
3126 2774 3266 2825 οὕτω
3292 2773 3644 2826 συνίστανται
3667 2772 3798 2824 κατά

2224 2867 2323 2929 τὰς
2340 2868 2501 2935 ἁγίας
2517 2867 2756 2939 Γραφάς,
2779 2867 2919 2920 ὥστε
2948 2867 3036 2919 τὸν
3058 2861 3359 2937 κατήγορον
3383 2865 3526 2935 μετὰ
3550 2863 3649 2916 τοῦ
3676 2880 3798 2917 κατ-

2224 2958 2596 3028 ηγορουμένου
2644 2958 2887 3011 ἑστάναι.
2952 2957 3167 3028 Ἐπειδὴ
3213 2957 3269 3009 δέ
3345 2956 3471 3008 οὔτε
3516 2956 3796 3025 Μακάρων

2224 3048 2493 3117 ἠγάγετε,
2542 3046 2665 3100 οὔτε
2720 3051 2749 3101 ὁ
2796 3048 3215 3118 αἰδεσιμώτατος
3279 3048 3439 3117 ήμῶν
3504 3048 3796 3106 ἐπίσκοπος

2236 3137 2550 3201 Ἀθανάσιος
2601 3137 2720 3208 μεθ’
2780 3139 2933 3209 ὑμῶν
2986 3138 3271 3207 εἰσῆλθεν,
3319 3136 3639 3207 ἠξιώσαμεν
3698 3136 3794 3189 κᾶν

2221 3229 2374 3281 αὐτοὶ
2397 3233 2650 3301 παρεῖναι
2700 3231 2758 3282 ἐν
2799 3233 2866 3301 τῇ
2911 3229 3106 3301 κρίσει,
3164 3230 3249 3281 ἵνα
3298 3228 3587 3298 παρόντων
3640 3226 3793 3296 ήμῶν

2219 3320 2469 3391 ἀσφαλὴς
2526 3323 2559 3393 ἠ
2609 3323 2854 3386 ἐξέτασις
2911 3322 3155 3392 γένηται,
3203 3321 3297 3373 καί
3350 3320 3657 3388 πεισθῶμεν
3698 3313 3791 3370 καὶ

2220 3414 2397 3483 ἡμεῖς.
2451 3413 2666 3483 Ἐπειδὴ
2696 3414 2753 3465 δὲ
2776 3414 2837 3466 ού
2868 3413 3027 3465 τοῦτο
3055 3415 3492 3483 συνεχωρήσατε,
3524 3411 3659 3464 ἀλλὰ
3697 3409 3791 3480 μό-

2217 3521 2297 3557 νοι
2319 3504 2454 3575 μετὰ
2487 3505 2580 3558 τοῦ
2606 3505 2843 3577 ἐπάρχου
2872 3506 2968 3576 τῆς
2997 3505 3271 3573 Αἰγύπτου
3309 3507 3405 3558 καὶ
3430 3504 3524 3557 τοῦ
3553 3504 3790 3575 κατηγό-

2219 3612 2312 3662 ρου
2340 3596 2637 3667 ἠθελήσατε
2662 3598 2918 3667 πράττειν
2940 3596 2974 3650 ά
3010 3597 3120 3666 (29)
3169 3596 3421 3665 βούλεσθε
3442 3613 3455 3627 ο
3500 3595 3791 3665 ὁμολογού-

2219 3703 2339 3756 μεν,
2380 3688 2462 3740 ὅτι
2496 3687 2729 3757 ὑποψίαν
2755 3688 2963 3759 εἴδομεν
2989 3688 3046 3738 ἐν
3074 3686 3151 3756 τῷ
3191 3686 3479 3757 πράγματι
3526 3685 3784 3757 πονηρὰν,

2216 3780 2309 3831 καὶ
2353 3778 2742 3851 ἐθεωρήσαμεν
2786 3782 2868 3833 ὃτι
2903 3780 3140 3850 συσκευὴ
3193 3781 3287 3831 καὶ
3335 3779 3597 3850 ἐπιϐουλή
3639 3780 3786 3849 μόνον

2215 3872 2365 3923 ἐστὶν
2393 3872 2424 3943 ἠ
2454 3872 2654 3935 εἴσοδος
2681 3872 2855 3942 ὑμῶν.
2886 3872 2986 3925 Διὰ
3020 3872 3179 3924 τοῦτο
3214 3872 3420 3942 ταύτην
3450 3873 3582 3942 ὑμῖν
3632 3871 3785 3925 ἐπιδίο

2212 3964 2372 4033 δομεν
2402 3965 2511 4034 (50)
2540 3965 2637 4036 τὴν
2678 3965 2987 4036 ἐπιστολὴν,
3039 3965 3335 4036 μαρτύριον
3384 3966 3656 4037 ἐσομένην
3710 3968 3785 4029 είς

2212 4056 2468 4128 ἀληθινὴν
2503 4058 2735 4119 σύνοδον,
2766 4058 2852 4110 ἵνα
2878 4058 3092 4129 γνωσθῇ
3119 4060 3305 4122 πᾶσιν,
3326 4059 3410 4111 ὅτι
3439 4060 3585 4113 κατά
3636 4076 3783 4130 μονο-

2216 4150 2439 4220 μέρειαν
2467 4151 2609 4219 ἆπερ
2645 4149 2945 4221 ἠθελήσατε
2977 4151 3267 4222 ἐπράξατε,
3292 4151 3388 4203 καὶ
3418 4152 3575 4204 οὐδὲν
3606 4152 3783 4221 ἕτερον

2210 4240 2244 4311 ἢ
2276 4240 2544 4310 συσκευὴν
2576 4240 2876 4310 ἠθελήσατε
2917 4241 3187 4294 συνθεῖναι
3215 4241 3335 4295 καθ’
3361 4242 3541 4312 ἡμῶν.
3572 4242 3779 4294 Τούτων

2209 4334 2265 4385 δέ
2293 4333 2361 4385 τά
2390 4334 2479 4386 ῐσα
2510 4334 2907 4404 ἐπιδεδώκαμεν
2930 4334 3023 4388 καὶ
3060 4334 3340 4404 Παλλαδίῳ
3380 4334 3460 4404 τῷ
3503 4335 3780 4405 κουριὼσῳ

546 4414 735 4485 plaria,
770 4432 837 4471 ne
865 4416 1191 4473 abderentur
1216 4435 1247 4474 a
1277 4421 1451 4487 vobis,
1492 4420 1731 4477 Palladio
1759 4437 1974 4491 quoque
1999 4425 2108 4477 Au-

2229 4425 2301 4478 τοῦ
2358 4427 2666 4495 Αὐγούστου
2695 4426 2829 4497 (51),
2876 4427 2961 4479 ἵνα
3009 4426 3083 4496 μὴ
3127 4426 3303 4496 κρυϐῇ
3336 4426 3468 4496 παρ’
3501 4427 3675 4496 ὑμῶν.
3716 4429 3777 4476 ’Λ

542 4506 685 4576 gusti
733 4508 945 4563 curioso
994 4508 1332 4565 tradidimus.
1375 4512 1482 4567 Res
1513 4513 1654 4567 enim
1689 4529 1717 4565 a
1751 4513 1903 4567 vobis
1949 4524 2112 4582 gestze

544 4596 853 4667 suspicandi
903 4597 1058 4653 nobis
1126 4600 1361 4670 taliaque
1407 4602 1681 4670 cogitandi
1746 4603 1919 4657 locum
1970 4620 2110 4672 prae-

544 4686 690 4741 bent.

615 4778 899 4851 Dionysius
938 4784 1223 4851 presbyter
1253 4783 1369 4838 hzec
1409 4784 1626 4848 tradidi,
1656 4784 1959 4839 Alexander
1987 4800 2108 4853 pre-

541 4872 750 4941 sbyter,
791 4872 1001 4928 Nilaras
1034 4876 1336 4944 presbyter,
1376 4875 1594 4945 Longus
1623 4877 1927 4946 presbyter,
1959 4878 2107 4943 Aph-

544 4962 759 5016 thonius
794 4964 1097 5033 presbyter,
1122 4965 1451 5018 Athanasius
1485 4966 1784 5035 presbyter,
1822 4967 2106 5035 Amyntins

542 5054 848 5126 presbyter,
874 5054 1052 5111 Pistus
1084 5059 1385 5128 presbyter,
1410 5057 1623 5111 Plution
1654 5058 1954 5126 presbyter,
1990 5056 2107 5110 Dio-

611 5254 725 5324 (29)
749 5255 884 5322 Reg.
896 5293 912 5312 .
945 5256 1106 5324 ἆπερ.

611 5273 725 5324 μιν)
751 5273 912 5322 neg..
945 5273 1047 5311 ama
1090 5296 1106 5311 .

610 5328 724 5400 (30)
772 5326 848 5380 lta
875 5324 1029 5400 __Reg.
1054 5273 1199 5391 Edit.
1228 5327 1425 5400 Paris.,
1450 5329 1724 5399 mendose,
1746 5329 2097 5400 ἐπιδίδωμεν.

536 5395 712 5472 Paulo:
735 5405 855 5472 post
874 5395 1023 5472 Ilegl,
1055 5399 1401 5472 μονομερίαν.

608 5464 839 5541 (ξηβὶε
888 5464 1105 5535 Regius.
1140 5464 1277 5541 Editi
1306 5483 1454 5535 vero,
1485 5468 1782 5541 κουριώδῳ,
1816 5470 2091 5541 mendose.

2204 4515 2316 4585 γάρ
2346 4516 2639 4587 ἐπράξατε,
2662 4518 2885 4570 τοιαῦτα
2914 4518 3097 4570 λοιπὸν
3128 4518 3275 4587 ἡμᾶς
3317 4516 3649 4570 ὑποπτεύειν
3688 4516 3775 4568 καὶ

2206 4607 2511 4676 λογίζεσθαι
2544 4612 2688 4661 ποιεῖ
2706 4610 2832 4681 περὶ
2859 4608 3031 4678 ὑμῶν.

2283 4788 2553 4851 Διονύσιος
2602 4787 2968 4859 πρεσϐύτερος
3030 4788 3367 4851 ἐπιδέδωκα,
3432 4787 3770 4855 Ἀλέξανδρος

2214 4878 2600 4951 πρεσϐύτερος,
2654 4880 2925 4950 Νειλαρᾶς
2967 4881 3075 4949 (52)
3128 4880 3519 4951 πρεσϐύτερος,
3574 4881 3772 4945 Λόγγος

2213 4968 2599 5040 πρεσϐύτερος,
2663 4970 2935 5038 Ἀφθόνιος
2982 4970 3384 5041 πρεσϐύτερος,
3467 4970 3771 5027 Ἀθανάσιος

2212 5056 2598 5128 πρεσϐύτερος,
2652 5057 2935 5128 Ἀμύντιος
2984 5059 3095 5128 (55)
3142 5060 3543 5130 πρεσϐύτερος,
3582 5056 3769 5116 Πιστὸς

2213 5259 2394 5314 l'redus
2422 5260 2473 5314 in
2504 5260 2645 5314 notis
2678 5258 2741 5311 ad
2766 5256 2897 5311 Cod.
2931 5255 3198 5310 Theodos.
3243 5256 3338 5312 lib.
3363 5272 3443 5321 vt,
3466 5257 3551 5311 tit.
3580 5254 3666 5312 29.
3698 5252 3770 5303 De

2208 5331 2453 5391 curiosis,
2480 5339 2608 5383 tom.
2644 5328 2707 5391 ll,
2733 5342 2851 5396 pag.
2884 5326 2953 5380 95
2980 5337 3033 5378 et
3063 5326 3185 5396 19:4,
3218 5328 3309 5396 qui
3339 5330 3634 5396 curiosos_a
3664 5323 3773 5396 [ru-

2211 5400 2488 5453 mentariis
2514 5393 2768 5467 distingui
2798 5393 3093 5467 contendit.
3120 5393 3359 5450 Joannes
3383 5407 3560 5467 tamen
3590 5393 3765 5462 Lydus

2193 5482 2223 5522 a
2247 5469 2453 5537 Cangio
2481 5470 2531 5522 iu
2574 5465 2755 5522 Gloss.
2788 5465 2884 5521 Gr.
2922 5466 3139 5537 citatus,
3178 5465 3562 5537 frumentarios
3587 5478 3646 5537 ac
3669 5475 3763 5511 eu-

536 5529 748 5606 Cu'rio'si
765 5544 942 5589 autem
964 5529 1119 5591 érant
1141 5539 1334 5606 quibus
1355 5529 1485 5594 cura
1503 5529 1843 5594 incumbebat
1866 5540 2094 5593 crimina

2229 5529 2597 5592 iosos'eosdem
2624 5550 2745 5591 esse
2766 5538 2861 5595 ait,
2887 5536 2935 5586 οἱ
2957 5535 3386 5604 φρουμεντάριοι
3406 5536 3499 5589 καὶ
3532 5529 3763 5600 κορίοσοι

537 5604 841 5684 et_quilibet
882 5604 1187 5684 perpetrata
1234 5606 1471 5684 facinora
1503 5610 1809 5684 indagandi,
1868 5622 2095 5684 reosque

2229 5607 2674 5684 ῖρρεηγςλρεύονερο

538 5672 605 5743 ad
636 5672 1011 5743 imperatorem
1042 5676 1313 5730 deferendi
1348 5692 1413 5731 ae
1437 5672 1830 5731 denuntiandi:
1866 5680 1931 5730 de
1967 5672 2093 5743 qui-

541 5742 640 5794 bus
684 5742 802 5797 fuse
834 5743 1065 5813 Cangius
1096 5745 1148 5799 in
1178 5756 1403 5816 utroque
1443 5746 1735 5813 Glossario,
1788 5756 1843 5803 et
1869 5742 2094 5802 Gottho-

2261 5673 2373 5746 (5‘2)
2408 5673 2559 5747 Iieg.,
2586 5673 2878 5747 Nechpdg.
2908 5674 3062 5739 Edili,
3088 5673 3310 5737 Νειλᾶς.

2262 5742 2373 5817 (55)
2406 5742 2555 5817 lict},
2582 5742 2892 5817 Ἀμϐύτιος.
3696 5742 3703 5753 ’
3792 5766 3809 5833 Ξ
