3978 6554
213 5494 220 5538 l

232 416 315 472 581

1326 410 1669 468 APOLOGIA
1707 412 1989 468 CONTRA
2029 411 2351 467 ARIANOS.

3369 407 3476 461 582

230 531 622 605 πρεσϐύτερος,
680 532 956 587 Ηλουτίων
1024 532 1394 604 πρεσϐύτερος
1421 576 1436 599 ,
1506 534 1797 604 Διόσκορος

1910 548 2091 588 scarus
2139 532 2445 603 presbyter,
2490 528 2805 600 Apollonius
2856 528 3158 600 presbyter,
3204 525 3472 594 Sarapion

231 622 615 695 πρεσϐύτερος,
666 623 1020 686 Ἀπολλώνιος
1069 620 1460 693 πρεσϐύτερος,
1505 623 1800 694 Σαραπίων

232 712 614 785 πρεσϐύτερος.
661 712 971 785 Ἀμμώνιος
1030 713 1396 784 πρεσϐύτερος
1418 752 1433 776 ,
1466 714 1626 775 Γάϊος
1664 731 1801 785 πρε-

233 804 502 874 σϐύτερος,
535 804 716 867 Ῥῖνος
741 804 1127 875 πρεσϐύτερος,
1144 803 1381 875 Αίθαλὴς
1403 803 1797 876 πρεσϐύτερος.

290 898 536 950 Διάκονοι
582 896 721 966 (54),
763 896 1129 968 Μαρκελλῖνος
1187 895 1455 961 διάκονος,
1502 896 1799 958 ’Δππιανὸς

229 986 482 1049 διάκονος,
507 986 662 1038 Θέων
684 985 949 1049 διάκονος,
977 985 1239 1057 Τιμόθεος
1267 984 1532 1049 διάκονος,
1561 985 1657 1039 καὶ
1703 986 1799 1038 Τι-

233 1077 415 1148 μόθεος
440 1075 605 1139 ἄλλος
632 1075 903 1139 διάκονος.
985 1119 998 1129 .

291 1169 378 1222 74.
405 1168 488 1221 Τὰ
529 1167 630 1238 μὲν
653 1167 762 1219 τῶν
791 1167 899 1220 ἀπὸ
924 1165 1022 1237 τῆς
1070 1166 1276 1230 πόλεως
1300 1165 1577 1237 κληρικῶν
1617 1164 1802 1237 γράμ-

234 1258 373 1332 ματά
400 1275 461 1310 τε
510 1258 609 1310 καὶ
656 1257 895 1327 ὀνόματα
928 1255 1133 1310 ταῦτα·
1162 1256 1197 1309 ἃ
1245 1256 1303 1309 δὲ
1345 1258 1440 1309 καὶ
1476 1257 1526 1309 οἱ
1569 1256 1677 1309 ἀπὸ
1706 1255 1801 1308 τοῦ

222 1348 524 1421 Μαρεώτου
563 1348 818 1419 κληρικοὶ
869 1346 1113 1419 ἔγραψαν
1157 1346 1513 1415 γινώσκοντες
1548 1347 1640 1400 τὸν
1671 1348 1801 1419 τρό-

230 1458 327 1494 πον
362 1439 454 1493 τοῦ
515 1438 842 1509 κατηγόρου,
875 1438 970 1491 καὶ
1021 1439 1078 1489 ὲν
1129 1439 1195 1507 τῇ
1234 1435 1507 1507 περιοδείᾳ
1537 1438 1633 1489 σὺν
1678 1436 1803 1507 ἐμοὶ

229 1534 395 1594 ὅντες,
434 1529 549 1583 ἐστι
570 1528 745 1582 ταῦτα
766 1546 779 1558 ·

691 1623 799 1691 Τῌ
843 1620 1020 1688 ΑΙἾᾼ
1064 1619 1347 1687 ΣΥΝοΔο

226 1713 344 1767 τῶν
383 1715 696 1783 μακαρίων
758 1714 1107 1765 ἐπισκόπων
1136 1709 1267 1783 ⁸(55)
1314 1707 1427 1783 τῆς
1470 1705 1797 1783 καθολικνῆς

308 1778 668 1851 Ἐεξκληὰίας
693 1785 747 1835 οὶ
776 1782 924 1834 κατά
952 1779 1273 1847 Μαρεώτην
1292 1778 1517 1851 πάντες
1540 1779 1803 1844 πρεσϐύ-

290 1871 449 1923 τεροι
476 1850 573 1907 καὶ
601 1852 869 1905 διάκονοι
892 1853 962 1904 ἐν
986 1851 1177 1916 Κυρίῳ
1199 1850 1444 1915 χαίρειν.

292 1946 509 2009 Είδότες
530 1946 590 1997 τὸ
616 1944 1017 2013 γεγραμμένον,
1042 1943 1122 1993 ὅτι
1150 1942 1208 1993 Ἃ
1228 1936 1390 1992 εἶδον
1413 1940 1467 1991 οι
1505 1938 1799 2008 ὀφθαλμοί

224 2056 341 2093 σου
369 2037 544 2105 λέγε,
578 2037 674 2088 καὶ
727 2036 808 2086 ὅτι
841 2034 1079 2101 Μάρτυς
1116 2029 1350 2100 ψευδὴς
1372 2031 1482 2082 οὐκ
1511 2026 1796 2097 ἀτιμώρη-

225 2148 325 2195 τος
349 2130 542 2189 ἔσται,
565 2127 601 2180 ἃ
625 2128 837 2195 εἴδομεν
863 2125 971 2193 (56)
1005 2122 1406 2194 μαρτυροῦμεν,
1436 2120 1692 2190 μάλιστα,
1720 2122 1799 2173 ὅτι

225 2220 525 2289 ἀναγκαίαν
578 2218 738 2290 ἡμῶν
776 2215 1027 2285 ἐποίησεν
1079 2210 1216 2266 εἶναι
1281 2212 1379 2283 τὴν
1417 2212 1722 2283 μαρτυρίαν
1765 2212 1798 2281 ἡ

225 2314 485 2384 γενομένη
511 2309 755 2380 συσκευὴ
775 2308 915 2362 κατὰ
945 2306 1037 2359 τοῦ
1070 2305 1367 2360 ἐπισκόπου
1388 2304 1545 2374 ἡμῶν
1586 2302 1800 2355 Ἀθανα-

227 2405 357 2460 σίου.
392 2401 760 2472 Θαυμάζομεν
791 2399 895 2471 γὰρ
928 2397 1043 2461 πῶς
1092 2398 1227 2460 ὅλως
1292 2395 1537 2466 Ἰσχύρας
1581 2394 1680 2447 κᾶν
1719 2395 1799 2457 εἰς

228 2496 417 2568 μέτρον
444 2495 543 2563 τῆς
583 2489 907 2559 Ἑκκλησίας
933 2488 1205 2559 ἐμετρήθη
1238 2488 1371 2557 (57),
1397 2487 1523 2555 περὶ
1554 2478 1615 2537 οὗ
1645 2484 1797 2556 πρῶ-

223 2605 313 2640 τον
341 2582 710 2656 διηγήσασθαι
747 2583 1037 2649 ἀναγκαῖον
1077 2578 1376 2651 ἡγούμεθα.
1417 2577 1659 2648 Ἰσχύρας
1704 2576 1796 2628 ού-

224 2679 409 2732 ὃέποτε
471 2674 791 2746 λειτουργὸς
841 2675 937 2742 τῆς
1005 2669 1329 2741 Ἐκκλησίας
1376 2668 1628 2737 γέγονεν’
1683 2667 1796 2720 ἀλλ’

225 2770 406 2824 ἑαυτὸν
442 2770 542 2839 μὲν
576 2767 685 2838 πρὸ
710 2765 898 2817 τούτου
934 2765 1165 2833 ἐφήμισε
1226 2760 1524 2814 Κολλούοου
1561 2759 1794 2831 πρεσϐύ-

224 2861 513 2934 τερον,ούκ
546 2859 673 2929 ἔσχε
697 2858 755 2909 δὲ
774 2857 863 2909 τὸν
898 2854 1213 2923 πειθόμενον
1246 2852 1413 2923 αὐτῷ,
1451 2854 1499 2903 εί
1534 2852 1609 2922 μὴ
1638 2850 1798 2921 μόνον

225 2954 342 3017 τοὺς
372 2954 661 3021 συγγενεῖς
711 2949 906 3002 ἑαυτοῦ
935 2966 949 2979 ο
1004 2947 1127 2999 οὔτε
1173 2946 1280 3018 γὰρ
1332 2945 1622 3014 ἐκκλησίαν
1672 2944 1796 3013 ἔσχε

226 3046 367 3107 ποτὲ,
401 3043 529 3096 οὔτε
546 3042 684 3104 ὅλως
707 3039 965 3110 κληρικὸς
992 3037 1249 3108 ἐνομίσθη
1275 3036 1428 3107 παρὰ
1460 3038 1571 3097 τοῖς
1617 3034 1795 3102 ὀλίγον

224 3135 498 3191 διεστῶσιν
556 3134 666 3187 ἀπὸ
689 3133 789 3202 τῆς
829 3129 1020 3201 κώμης
1073 3128 1258 3191 αὑτοῦ,
1311 3128 1449 3198 πλὴν
1490 3127 1687 3197 μόνοις,
1721 3125 1797 3188 ὡς

1901 625 2204 693 presbyter,
2238 622 2556 676 Ammonius
2604 619 2906 689 presbyter,
2941 618 3109 673 Gaius
3160 617 3472 686 presbyter,

1901 715 2109 770 Rhinus
2141 715 2443 785 presbyter,
2469 710 2715 767 Ethales
2744 713 3043 782 presbyter.

1972 894 2192 950 Diaconi
2229 908 2245 947 :
2290 893 2631 949 Marcellinus
2679 891 2974 959 diaconus,
3021 888 3298 962 Appianus
3345 890 3469 945 dia-

1902 1000 2088 1047 conus,
2127 984 2309 1039 Theon
2352 985 2632 1049 diaconus,
2654 984 2966 1040 Timotheus
2993 984 3252 1039 diaconus
3283 992 3338 1039 et
3371 983 3471 1038 Ti-

1902 1079 2150 1133 motheus
2174 1077 2309 1131 alter
2335 1076 2617 1134 diaconus.

1979 1168 2067 1221 74.
2110 1168 2307 1222 Eorum
2343 1168 2521 1237 itaque
2561 1169 2651 1238 qui
2684 1168 2738 1222 in
2791 1168 2923 1222 urbe
2952 1177 3107 1222 erant
3147 1165 3467 1221 clericorum

1907 1260 1991 1316 bac
2026 1262 2176 1316 fuere
2214 1260 2425 1323 litterze,
2456 1270 2511 1313 et
2537 1261 2652 1315 hare
2687 1276 2876 1316 eorum
2915 1259 3151 1313 nomina.
3189 1257 3468 1312 Mareotici

1903 1362 2079 1406 autem
2109 1351 2320 1414 clerici,
2366 1352 2559 1419 quibus
2607 1352 2873 1419 explorati
2924 1361 3081 1405 erant
3127 1348 3463 1403 accusatoris

1902 1456 2099 1504 mores,
2127 1443 2324 1510 quique
2363 1442 2494 1495 mihi
2538 1441 2652 1494 loca
2702 1440 3050 1511 perlustranti
3094 1441 3284 1495 adesse
3323 1441 3469 1494 sole.-

1902 1534 2052 1596 bant,
2086 1534 2182 1586 bas
2204 1544 2258 1586 et
2288 1534 2385 1603 ipsi
2416 1534 2611 1586 dedere
2641 1532 2847 1585 litteras
2889 1550 2903 1585 :

2358 1624 2676 1679 SANCT/E
2718 1624 3015 1678 SYNODO

1905 1717 2171 1770 beatorum
2221 1718 2575 1783 episc0porum
2627 1717 2901 1768 ent/taliae
2956 1714 3239 1780 Ecclesiw,
3292 1733 3469 1770 omnes

1971 1791 2059 1854 qut
2100 1789 2153 1838 in
2196 1785 2427 1838 Mareote
2457 1795 2577 1838 sunt
2610 1787 2894 1855 presbyteri
2919 1799 2964 1839 et
3001 1787 3234 1853 diaconi,
3265 1788 3321 1840 in
3365 1786 3471 1839 Do-

1832 1872 1873 1926 Β
1971 1857 2110 1907 mino
2139 1859 2378 1908 salutem.

1971 1945 2134 2001 Gnari
2165 1947 2281 2016 ejus
2304 1947 2596 2015 Scripturaa
2628 1961 2748 2015 quae
2782 1946 2875 2009 ait,
2902 1946 3032 2011 Qua:
3059 1947 3300 2000 viderunt
3329 1945 3470 2001 oculi

1901 2039 1974 2090 tui
2009 2038 2216 2105 loquere
2233 2038 2302 2101 ⁸³,
2332 2048 2406 2103 et,
2430 2037 2593 2091 Testis
2627 2039 2791 2105 falsus
2822 2055 2926 2090 non
2953 2040 3051 2092 erit
3085 2040 3369 2106 impunitus
3392 2039 3467 2104 8";

1909 2147 2026 2198 qua:
2053 2131 2283 2183 vidimus
2313 2139 2573 2184 testamur
2602 2148 2614 2182 :
2646 2130 2860 2197 quando
2891 2129 3231 2197 potissimmn
3261 2138 3470 2183 structa

1902 2221 1953 2273 in
2036 2222 2345 2289 cpist-Opnm
2417 2229 2658 2273 nostrum
2723 2221 3070 2273 Athanasium
3140 2221 3471 2290 conspiratio

1900 2309 2059 2378 hujus
2112 2308 2313 2362 ferendi
2376 2309 2663 2362 testimonii
2712 2310 3091 2364 necessitatem
3151 2311 3311 2365 nobis
3363 2310 3470 2364 im—

1898 2400 2064 2467 ponit.
2094 2397 2349 2450 Miramur
2384 2400 2525 2450 cnim
2559 2412 2662 2465 qua
2714 2397 2927 2451 tandem
2980 2400 3188 2452 ratione
3219 2400 3470 2471 lschyras

1898 2491 1964 2544 ad
1998 2504 2302 2543 mensuram
2348 2490 2601 2543 Ecclesiae
2646 2507 2862 2546 mensus
2895 2492 3074 2554 fuerit,
3118 2494 3186 2546 de
3219 2508 3325 2560 quo
3355 2494 3469 2563 pri-

1900 2600 2043 2639 mum
2088 2585 2331 2654 quzedam
2372 2588 2672 2639 enarranda
2704 2587 3054 2641 arbitramur.
3088 2586 3335 2659 lschyras
3369 2588 3471 2643 mi—

1900 2678 2070 2730 nister
2125 2676 2379 2731 Ecclesiae
2420 2694 2688 2745 numquam
2731 2680 2977 2743 exstitit;
3023 2681 3119 2733 sed
3176 2695 3299 2734 cum
3350 2696 3471 2735 sese

1893 2767 2003 2836 jam
2052 2768 2257 2835 pridem
2309 2767 2589 2835 jacﬁtaret
2624 2767 2852 2822 Collutlti
2890 2785 3011 2824 esse
3062 2773 3467 2841 presbyterum,

1899 2858 2138 2927 cognatis
2184 2859 2452 2926 exceptis,
2499 2860 2614 2927 ejus
2672 2874 2831 2913 nemo
2869 2860 3049 2914 verbis
3098 2862 3254 2916 Iidem
3310 2862 3470 2915 atthi-

1897 2949 2064 3002 buit:
2124 2949 2323 3018 quippe
2371 2950 2462 3016 qni
2520 2964 2691 3017 neque
2728 2950 3013 3003 ecclesiam
3069 2950 3318 3005 habuerit
3366 2969 3471 3005 uu-

1900 3053 2083 3108 qnam,
2116 3054 2285 3107 neque
2317 3041 2536 3093 omnino
2582 3040 2811 3094 clericus
2858 3041 3018 3094 fuerit
3060 3057 3087 3094 a
3122 3044 3204 3096 sui
3236 3047 3357 3112 pagi
3404 3044 3470 3096 ll-

1899 3130 2100 3183 nitimis
2131 3131 2503 3193 existimatus;
2540 3131 2784 3199 cognatis
2814 3132 3093 3195 duntaxat,
3130 3134 3205 3186 uti
3240 3133 3466 3201 jamjaut

226 3230 579 3298 προείπομεν,
604 3224 717 3285 τοῖς
745 3198 1099 3288 συγγενεύσιν
1131 3218 1240 3289 (58)
1273 3217 1464 3271 ἑαυτοῦ
1484 3235 1496 3246 ⁸
1528 3216 1665 3269 ἀλλὰ
1707 3216 1798 3269 καὶ

1910 3222 2151 3286 diximus,
2181 3221 2441 3288 exceptis.
2474 3221 2577 3273 Sed
2618 3231 2797 3275 tamen
2833 3237 2953 3275 cmn
2986 3221 3148 3276 talem
3189 3223 3291 3277 sibi
3338 3225 3467 3276 titu-

220 3318 363 3389 ὅμως
396 3314 659 3385 τοιαύτην
695 3311 871 3382 ἑαυτῷ
897 3309 1267 3380 προσηγορίαν
1316 3308 1673 3378 ἐπιφημίσας,
1707 3307 1799 3359 ἐπὶ

226 3409 319 3480 τῆς
371 3406 599 3460 συνόδου
658 3404 761 3472 τῆς
814 3399 1275 3472 συγκροτηθείσης
1315 3400 1372 3451 ὲν
1405 3396 1797 3468 Ἀλεξανδρείᾳ,

228 3502 312 3554 ἐπὶ
338 3503 403 3571 τῇ
433 3496 709 3569 παρουσίᾳ
730 3493 824 3548 τοῦ
858 3493 1069 3563 Πατρὸς
1093 3491 1252 3562 ἡμῶν
1291 3491 1466 3544 Ὀσίου
1497 3490 1796 3563 καθῃρέθη,

226 3594 315 3647 καὶ
350 3589 545 3652 λαῖκὺς
579 3585 842 3657 συνήχθη,
871 3584 967 3637 καὶ
999 3583 1170 3645 οὕτως
1198 3582 1378 3652 ἔμεινε
1407 3581 1499 3634 τὸν
1525 3581 1652 3652 ὲξῆς
1676 3581 1802 3651 χρό-

228 3702 331 3747 νον,
352 3681 609 3737 ἐκπεσὼν
634 3680 729 3733 καὶ
755 3679 852 3749 τῆς
876 3675 1107 3746 ψευδοῦς
1135 3673 1391 3737 ὑπονοίας
1420 3672 1513 3726 τοῦ
1563 3673 1801 3743 πρεσϐυ-

230 3776 419 3846 τερίου.
438 3774 581 3846 Περὶ
610 3770 721 3842 γὰρ
751 3770 859 3822 τῶν
886 3767 1031 3839 ὴθῶν
1057 3766 1221 3820 αὐτοῦ
1253 3768 1502 3838 περιττὸν
1524 3764 1803 3837 ἡγούμεθα

224 3864 396 3935 λέγειν
431 3905 448 3931 ,
504 3863 819 3933 δυναμένων
879 3861 1095 3913 πάντων
1160 3861 1357 3913 εἰδέναι
1423 3860 1492 3915 τὰ
1556 3859 1798 3914 τοιαῦτα.

241 3957 451 4029 Ἐπειδὴ
504 3956 563 4009 δὲ
619 3953 751 4023 περὶ
796 3951 1040 4016 κλάσεως
1074 3952 1335 4024 ποτηρίου
1378 3953 1472 4007 καὶ
1526 3950 1804 4023 τραπέζης

232 4049 665 4119 ἐσυκοφάντησεν
693 4046 855 4119 ῂμῶν
888 4046 978 4099 τὸν
1006 4045 1301 4098 ἐπίσκοπον
1342 4045 1674 4105 Ἀθανάσιον,
1710 4044 1804 4096 καὶ

232 4141 349 4211 περὶ
375 4140 572 4193 τούτου
596 4136 957 4208 διηγήσασθαι
985 4138 1113 4207 ὑμῖν
1153 4135 1265 4208 (59)
1307 4137 1599 4204 ἀναγκαῖον
1649 4133 1807 4203 ⁴ἠπεί-

233 4230 452 4301 χθημεν.
514 4229 827 4291 Φθάσαντες
868 4227 977 4298 γὰρ
1029 4227 1254 4296 εἴπομεν
1298 4225 1593 4296 ἐκκλησίαν
1644 4224 1806 4277 αὑτὸν

228 4321 500 4391 μηδέποτε
527 4318 817 4389 ἐσχηκέναι
841 4320 897 4371 ὲν
921 4316 999 4388 τῷ
1023 4317 1329 4390 Μαρεώτῃο
1357 4316 1433 4380 ὼς
1465 4315 1522 4369 δὲ
1555 4314 1647 4368 ἐπὶ
1671 4312 1805 4367 Θεοῦ

236 4412 525 4482 μάρτυρος,
562 4410 685 4463 οὐδὲ
732 4411 986 4480 ποτήριον
1048 4408 1376 4474 κέκλασται,
1408 4408 1529 4462 οὐδὲ
1557 4405 1807 4478 τράπεζα

230 4502 507 4573 ἀνετράπη
526 4498 681 4569 παρά
704 4500 797 4552 τοῦ
819 4499 1116 4553 ἐπισκόπου
1146 4500 1178 4568 ἡ
1186 4499 1322 4569 μῶν,
1346 4499 1465 4552 οὐδὲ
1488 4502 1615 4569 παρ’
1645 4497 1804 4552 ἄλλου

234 4594 365 4658 τινὸς
385 4594 498 4647 τῶν
539 4592 806 4645 συνόντων
836 4591 1014 4661 αὐτῷ’
1050 4591 1186 4644 ἀλλὰ
1217 4592 1393 4645 πάντα
1421 4593 1535 4645 ἐστὶ
1553 4592 1621 4644 τὰ
1650 4589 1805 4659 λεγό-

234 4696 361 4747 μενα
387 4679 724 4748 συκοφαντία
746 4695 761 4709 ο
786 4679 880 4731 καὶ
902 4678 1074 4731 ταῦτα
1098 4678 1347 4750 λέγομεν,
1376 4682 1436 4733 ού
1465 4680 1682 4751 μακρὰν
1713 4678 1807 4732 τοῦ

236 4771 527 4825 ἐπισκόπου
577 4768 810 4832 ἀπόντες
863 4769 971 4840 (40)
998 4786 1012 4800 ο
1084 4770 1286 4833 πάντες
1346 4771 1452 4843 γὰρ
1519 4775 1614 4827 σὺν
1664 4775 1811 4847 αὐτῷ

236 4864 416 4933 ἐσμεν,
450 4864 585 4916 ὅταν
609 4861 902 4933 περιοδεύῃ
925 4862 1016 4914 τὸν
1046 4861 1353 4934 Μαρεώτην
1378 4882 1390 4894 ο
1425 4866 1519 4918 καὶ
1554 4867 1813 4921 οὐδέποτε

242 4952 391 5020 μόνος
446 4951 822 5023 περιέρχεται,
857 4950 990 5005 ἀλλὰ
1051 4951 1189 5022 μετὰ
1236 4952 1455 5006 πάντων
1505 4956 1661 5024 ἡμῶν
1705 4958 1813 5009 τῶν

242 5044 642 5114 πρεσϐυτέρων,
669 5042 765 5095 καὶ
801 5040 911 5095 τῶν
957 5041 1236 5106 διακόνων,
1267 5044 1361 5096 καὶ
1408 5044 1551 5098 λαῶν
1591 5046 1811 5099 ἱκανῶν.

241 5135 324 5188 Διὸ
344 5136 437 5188 καὶ
464 5135 542 5199 ὡς
564 5132 947 5205 συμπαρόντες
983 5133 1131 5204 αὐτῷ
1157 5135 1214 5188 ὲν
1245 5134 1395 5207 πάσῃ
1439 5136 1735 5208 περιοδείᾳ,

244 5226 527 5297 πεποίηται
566 5225 705 5297 πρὸς
728 5226 898 5296 ἡμᾶς,
927 5224 1101 5280 ταῦτα
1126 5225 1355 5296 λέγομεν
1382 5226 1475 5279 καὶ
1505 5229 1809 5300 μαρτυροῦ-

247 5330 357 5383 μεν,
380 5316 464 5370 ὅτι
483 5315 611 5370 οὕτε
649 5317 906 5388 ποτήριον
930 5317 1219 5385 κατέαγεν,
1266 5314 1389 5369 οὔτε
1422 5316 1668 5388 τράπεζα
1715 5320 1811 5373 ἀν-

308 5428 355 5462 ⁸³
381 5428 546 5486 Prov.
568 5444 701 5497 xxv,
729 5429 783 5487 8.
858 5431 1059 5504 “,ibid.
1084 5447 1196 5499 xix,
1220 5432 1276 5488 5.

310 5567 421 5639 (ἒξ)
450 5568 700 5639 Διάκονοι
731 5566 881 5639 deest
911 5568 964 5639 in
993 5568 1184 5633 Editis,
1209 5568 1263 5623 in
1296 5568 1427 5639 Reg.
1454 5567 1669 5639 legitur.

315 5638 423 5706 (35)
455 5639 565 5711 ita
591 5638 755 5711 lleg._
784 5636 943 5711 Basil.
976 5650 1031 5693 et
1075 5640 1154 5696 sic
1198 5639 1323 5711 legit
1363 5636 1627 5695 Nannius.
1663 5640 1807 5698 Editi

250 5718 389 5767 vero,
412 5706 521 5760 τῶν
543 5707 716 5775 ἁγίων
741 5708 1071 5763 ἐπισκόπων.

430 5776 610 5847 ﬂag"
624 5777 877 5847 οἴδαμεν.Δ
1026 5827 1088 5844 w

430 5776 863 5847 Βεεηοτδαμεν.
1026 5827 1088 5844 w

315 5776 428 5918 (ἐξῖ
460 5845 618 5917 Reg,
654 5840 949 5919 ἐμετρήθη.
977 5847 1117 5905 Editi
1139 5863 1266 5907 vero
1295 5850 1591 5925 ἐπεκλήθη.

1898 3313 2008 3366 lum
2043 3314 2391 3377 vindicasset,
2422 3314 2474 3366 in
2511 3314 2718 3383 synodo
2748 3313 3084 3367 Alexandriae
3115 3324 3465 3382 congregata,

1900 3416 2164 3474 praesente
2204 3404 2362 3458 Patre.
2406 3418 2588 3460 nostro
2638 3404 2799 3459 llosio
2845 3405 3159 3474 depositus,
3201 3406 3267 3459 ad
3301 3405 3468 3460 laico-

1903 3512 2018 3549 rum
2070 3497 2501 3550 communionem
2552 3495 2806 3550 redactus
2841 3505 2979 3551 est:
3030 3511 3140 3566 quo
3190 3496 3355 3550 etiam
3412 3496 3466 3550 in

1901 3588 2018 3643 loco
2049 3588 2392 3657 subseqneuti
2444 3598 2683 3655 tempore
2730 3590 3052 3658 permansit,
3081 3604 3109 3643 a
3148 3589 3283 3643 falsa
3331 3604 3472 3658 quo-

1902 3694 2006 3748 que
2038 3680 2439 3748 presbyteratus
2469 3679 2774 3748 suspicione
2805 3678 3011 3748 lapsus.
3052 3677 3127 3734 De
3165 3677 3317 3746 cujus
3353 3692 3470 3733 mo-

1905 3770 2079 3832 ribus,
2124 3772 2266 3841 quotl
2321 3769 2479 3823 facile
2523 3770 2591 3824 ab
2638 3771 2890 3825 omnibus
2942 3770 3185 3839 dignosci
3230 3780 3472 3839 queant,

1904 3863 2038 3916 nihil
2077 3872 2159 3916 est
2196 3863 2339 3931 quod
2380 3863 2681 3931 loquamur.
2713 3861 2978 3918 Cteterum
3014 3863 3139 3932 quia
3185 3862 3253 3917 de
3299 3861 3477 3917 calice

1906 3952 2076 4007 fracto
2115 3957 2287 4021 deque
2333 3967 2515 4007 mensa
2565 3954 2821 4008 subversa
2871 3953 3181 4024 episcopum
3231 3962 3473 4006 nostrum

1904 4044 2256 4098 Athanasium
2304 4058 2470 4099 ausus
2514 4052 2597 4098 est
2647 4044 2981 4108 insimulare,
3039 4044 3192 4115 151
3228 4058 3315 4099 res
3357 4043 3475 4098 haec

1905 4134 2061 4189 nobis
2088 4135 2349 4189 incumbit
2382 4134 2689 4189 necessario
2724 4136 3123 4205 pertractanda.
3158 4135 3224 4188 Et
3256 4135 3475 4205 quidem

1901 4226 2011 4293 jam
2047 4240 2208 4293 supra
2240 4226 2442 4280 dictum
2491 4235 2574 4279 est
2620 4239 2895 4294 nunquam
2924 4225 3072 4280 illum
3100 4224 3385 4278 ecclesiam
3420 4224 3476 4277 in

1906 4316 2146 4371 Mareote
2182 4316 2456 4371 habuisse.
2504 4315 2618 4370 Hoc
2666 4316 2793 4369 item
2842 4316 2959 4385 ipso
2991 4323 3125 4369 teste
3155 4313 3267 4368 Deo
3296 4313 3478 4368 decla-

1909 4423 2113 4469 ramus,
2153 4423 2250 4463 nec
2299 4407 2522 4461 calicem
2567 4406 2900 4458 confractum
2932 4418 3075 4468 esse,
3103 4419 3203 4458 nec
3235 4417 3475 4458 mensam

1909 4501 2219 4554 subversam
2253 4498 2336 4551 vel
2367 4499 2434 4550 ab
2463 4497 2717 4566 episcopo
2758 4506 2961 4559 nostro,
2990 4495 3074 4550 vel
3104 4495 3171 4548 ab
3209 4494 3315 4548 alio
3341 4509 3480 4563 quo-

1909 4591 2049 4659 piam
2094 4589 2267 4657 ipsnm
2296 4587 2624 4649 comitante;
2657 4585 2750 4639 sed
2781 4595 3115 4654 quaecunque
3143 4582 3315 4638 delata
3352 4591 3480 4637 sunt

1910 4696 2112 4734 meram
2147 4694 2271 4733 esse
2298 4677 2645 4732 calumniam.
2685 4675 2791 4729 Nos
2828 4674 3036 4730 scilicet
3081 4675 3181 4728 hoc
3218 4682 3481 4728 testamur

1908 4772 1998 4840 qui
2029 4786 2130 4825 non
2179 4768 2362 4840 procul
2390 4769 2644 4838 episcopo
2670 4781 2878 4830 sumus,
2910 4766 3003 4819 sed
3036 4763 3324 4818 Mareotem
3356 4777 3481 4831 per-

1909 4864 2225 4917 lustrantem
2272 4875 2461 4915 omnes
2502 4860 2875 4913 comitamur:
2911 4872 3083 4926 neque
3130 4857 3272 4910 enim
3330 4857 3481 4911 solus

1911 4967 2146 5023 unquam
2179 4961 2292 5015 est,
2343 4951 2435 5004 sed
2489 4965 2589 5004 nos
2635 4964 2825 5005 omnes
2876 4949 3217 5021 presbyteri,
3268 4948 3480 5003 diaconi

1921 5044 2254 5115 populusque
2302 5041 2557 5111 frequens
2592 5042 2706 5097 loca
2746 5041 2987 5097 visitanti
3031 5041 3309 5097 adsumus.
3338 5040 3486 5107 Quo-

1914 5140 2058 5195 circa
2090 5153 2206 5202 nos,
2241 5144 2428 5207 utpote
2466 5135 2707 5206 episcopi
2748 5134 3103 5190 circmncirca
3152 5134 3206 5187 in
3254 5133 3353 5187 hac
3400 5148 3485 5188 re-

1915 5230 2071 5302 gione
2118 5228 2457 5299 peragrantis
2497 5229 2747 5293 comites,
2794 5229 2908 5283 haec
2951 5227 3204 5291 dicimus,
3245 5227 3357 5277 haec
3405 5231 3488 5275 te-

1916 5331 2143 5388 stamur,
2173 5335 2272 5376 nec
2308 5318 2541 5376 fractum
2574 5321 2848 5390 poculum,
2877 5334 3054 5389 neque
3099 5329 3340 5372 mensam
3368 5327 3488 5368 esse

1994 5574 2109 5646 (38)
2136 5571 2496 5646 Συγγενεῦσιν
2530 5570 2661 5646 Beg.
2683 5567 2822 5646 Editj
2850 5581 2997 5646 vero,
3035 5563 3342 5646 συγγενέσι.

1989 5632 2103 5716 (‘59;
2131 5632 2272 5716 etut:
2306 5632 2672 5710 Ρειτίεηήμῖν,
2707 5638 2867 5692 male.
2891 5637 3034 5690 Edll.
3071 5650 3196 5688 vero
3223 5632 3485 5692 Comma].

1917 5724 1973 5773 et
1997 5713 2126 5768 inss.
2153 5713 2299 5783 ὑμῖν.

1914 5819 1932 5860 ιη
1988 5785 2102 5855 (40)
2137 5773 2294 5852 ιιὲεη
2317 5779 2566 5843 ἀπόντες.
2590 5776 2731 5833 Edili
2768 5790 2919 5843 vero,
2953 5773 3202 5836 ἀπόντος.
