3978 6558
495 412 606 476 ὖξδ

1064 409 1531 471 δίἈΤΗΑΝΑΞῘΙ
1569 413 1717 469 OPP.
1761 411 1941 466 PARS
1978 410 2021 465 ι.
2061 443 2078 452 -

2178 407 2538 467 HISTORICA
2574 407 2660 465 ET
2698 407 3115 467 DOGMATICA.

3640 409 3751 468 εει

493 536 845 599 subversam,
888 531 981 588 sed
1031 533 1145 587 haec
1180 534 1358 586 omnia
1411 533 1694 586 mentitum
1742 530 2058 601 lschyram,

2178 531 2407 602 ετράπη,
2435 529 2572 583 ἀλλὰ
2597 530 2772 582 πάντα
2793 529 3062 598 ψεύδεται,
3080 528 3158 592 ὡς
3187 527 3279 581 καὶ
3307 526 3466 592 αὐτὸς
3516 528 3610 581 διὰ
3656 528 3753 600 τῆς

495 626 646 694 quod
677 635 731 679 et
773 626 884 692 ipse
918 624 1179 694 rescripto
1213 624 1425 692 propria
1463 638 1621 675 manu
1645 624 1768 674 dato
1804 628 2058 674 testatur.

505 715 639 771 Post
698 730 971 771 secessum
1047 727 1281 783 namque
1354 727 1510 766 suum
1588 714 1655 765 ad
1730 711 2065 777 Meletianos,

507 806 578 860 iis
621 806 733 875 jam
776 805 1059 860 calumniis
1099 805 1150 858 in
1181 804 1489 873 episcopum
1538 812 1779 857 nostrum
1825 804 2068 857 Athana-

501 897 642 952 sium
675 896 964 967 evnlgatis;
1002 912 1121 951 cum
1164 894 1551 950 ecclesiasticis
1584 896 1943 950 conventibus
1973 895 2069 949 adv

504 990 641 1043 mitti
692 997 1039 1060 peroptaret,
1083 988 1135 1041 id
1183 987 1285 1057 ipsi
1338 987 1561 1040 minime
1599 1001 1911 1040 concessum
1952 994 2065 1054 est,

501 1077 718 1130 tametsi
766 1077 855 1131 ille
906 1076 1165 1145 rescripto
1216 1091 1315 1130 suo
1363 1076 1689 1145 propriaque
1724 1091 1887 1129 manu
1935 1091 2067 1130 con-

502 1165 681 1221 fessus
706 1176 872 1232 esset,
904 1166 1038 1221 nihil
1066 1181 1253 1222 eorum
1280 1181 1470 1221 revera
1509 1180 1720 1238 gestum
1753 1167 1944 1233 fuisse,
1975 1167 2069 1222 sed

500 1271 562 1311 se
587 1273 615 1311 a
645 1259 963 1325 quibusdam
990 1258 1057 1312 ad
1084 1273 1149 1313 ea
1177 1257 1401 1313 dicenda
1439 1265 1816 1315 subornatmn.

573 1345 929 1410 Quamobrem
996 1348 1065 1403 ad
1143 1347 1435 1402 Mareotem
1507 1364 1629 1403 cum
1698 1348 2072 1418 pervenissent

503 1435 830 1508 Theognius,
874 1438 1213 1504 Theodorus,
1245 1439 1431 1506 Maris,
1480 1440 1851 1503 Macedonius,
1898 1439 2064 1494 Ursa-

502 1528 622 1583 cius
669 1540 724 1584 et
768 1529 983 1599 Valens,
1032 1532 1273 1602 nihilque
1315 1531 1577 1601 ejusmodi
1634 1546 1816 1587 revera
1858 1540 2069 1601 gestum

501 1623 930 1692 comperissent;
986 1638 1112 1679 cum
1160 1639 1286 1678 mox
1329 1624 1568 1677 futurum
1617 1633 1758 1678 esset
1803 1631 1861 1677 ut
1901 1632 2069 1676 totum

505 1721 730 1767 structae
782 1713 835 1767 in
885 1713 1240 1767 Athanasium
1308 1714 1618 1781 episcopum
1682 1721 1924 1765 nostrum
1973 1726 2070 1765 ca-

505 1802 722 1859 lumniae
749 1804 1037 1859 artiﬁcium
1067 1803 1587 1874 deprehenderetur,
1615 1812 1728 1856 tum
1759 1800 2070 1871 Theognius

504 1903 561 1949 et
587 1895 825 1959 asseclw,
859 1896 1156 1950 Athanasio
1184 1910 1373 1949 omnes
1407 1892 1789 1954 infensissimi,
1836 1889 2071 1962 lscbyrae
2100 1874 2146 1933 Β

504 1995 763 2054 cognatos
787 1986 1257 2055 Ariomanitasque
1298 1984 1583 2040 nonnullos
1631 1984 1962 2038 induxerunt
2006 1981 2074 2036 ad

503 2090 571 2131 ea
610 2077 836 2131 dicenda
874 2092 993 2147 qua?
1024 2077 1125 2131 sibi
1169 2077 1404 2131 maxime
1452 2076 1767 2145 placerent:
1798 2073 2072 2142 popularis

502 2166 651 2221 enim
696 2167 877 2222 nullus
919 2167 1194 2236 quidpiam
1253 2166 1479 2235 protulit
1527 2166 1579 2217 in
1632 2165 1966 2233 episcopum.
2006 2163 2075 2216 At

505 2259 580 2313 illi
624 2268 832 2314 terrore
860 2258 1115 2329 Philagrii
1145 2258 1361 2329 Egypti
1396 2257 1661 2326 praefecti,
1712 2256 1983 2324 minisque
2012 2270 2074 2308 ac

502 2351 808 2420 patrocinio
846 2351 1301 2405 Ariomanitarum
1334 2348 1481 2412 freti,
1522 2349 1785 2401 arbitratu
1816 2362 1913 2401 suo
1961 2362 2072 2399 rem

505 2455 738 2508 gessere.
784 2440 947 2496 Nobis
991 2441 1190 2509 quippe
1236 2442 1301 2493 ad
1349 2455 1468 2492 eam
1515 2438 1866 2506 detegendam
1918 2452 2075 2507 syco-

504 2532 784 2599 phantiam
824 2532 1205 2586 accedentibus
1243 2545 1577 2598 nequaquam
1620 2527 1893 2591 admissis,
1967 2528 2074 2580 imo

506 2622 763 2690 expulsis,
791 2638 927 2691 quos
959 2622 1115 2676 libuit
1156 2623 1223 2676 ad
1265 2622 1586 2675 calumniam
1638 2622 1787 2689 prius
1834 2619 2071 2673 adorna-

508 2721 613 2775 tos,
659 2711 915 2781 Philagrii
960 2712 1198 2780 praefecti
1243 2712 1547 2777 formidine,
1584 2712 1795 2767 consilii
1830 2712 1914 2767 sui
1950 2727 2074 2782 par~

508 2799 703 2869 ticipes
739 2799 985 2854 effecere.
1024 2801 1190 2870 Cujus
1216 2802 1343 2856 item
1376 2802 1613 2870 praefecti
1640 2817 1826 2870 opera,
1854 2803 2078 2871 permis-

514 2906 635 2945 sum
667 2891 823 2946 nobis
850 2907 954 2946 non
981 2904 1064 2946 est
1098 2894 1221 2948 huic
1264 2896 1522 2947 interesse
1566 2895 1797 2963 negotio,
1830 2910 1936 2963 quo
1969 2894 2077 2948 sal-

509 2991 616 3035 tem
645 2996 676 3035 a
706 2996 764 3036 se
796 2985 1116 3039 subornatos
1164 2995 1327 3039 testes
1375 2986 1742 3040 internoscere
1791 2988 2075 3053 possemus

507 3083 577 3123 ex
631 3070 945 3126 Ecclesiane
1013 3082 1227 3137 essent,
1279 3089 1346 3126 an
1400 3088 1467 3127 ex
1519 3075 1897 3130 Ariomanitis.
1954 3075 2074 3131 Non

510 3160 687 3231 ignari
742 3174 919 3218 autem
972 3164 1125 3228 estis,
1158 3163 1340 3218 dilecti
1377 3163 1587 3228 Patres,
1642 3165 1718 3219 rei
1764 3181 1927 3234 quam
1972 3167 2073 3237 ipsi

511 3267 613 3307 nos
645 3254 903 3319 edocetis,
945 3255 1148 3309 nullam
1193 3254 1402 3310 scilicet
1432 3257 1540 3310 vim
1586 3256 1786 3312 habere
1826 3259 2075 3312 inimico-

506 3358 628 3398 rum
666 3346 994 3403 testimonia.
1033 3345 1305 3401 Caeterum
1340 3347 1456 3401 haec
1495 3361 1524 3399 a
1559 3347 1716 3401 nobis
1764 3363 1890 3402 vere
1934 3348 2073 3413 dici,

508 3438 670 3492 testis
707 3438 822 3508 ipsa
855 3436 1090 3509 lschyrte
1128 3453 1342 3503 manus,
1385 3447 1552 3492 testes
1592 3438 1724 3507 ipsa:
1757 3454 1844 3493 res
1875 3450 2073 3509 gestae;

508 3530 665 3583 nobis
716 3529 969 3585 nimirum
1018 3531 1153 3586 nihil
1199 3530 1437 3585 consciis
1484 3531 1585 3584 hac
1629 3531 1838 3586 ratione
1894 3544 2075 3588 actmn

510 3618 676 3674 fuisse
717 3638 731 3675 :
775 3621 1104 3692 Philagrium
1158 3636 1341 3676 secum
1393 3635 1768 3690 assumpsere,
1814 3634 1872 3676 nt
1914 3625 2076 3690 gladii

510 3712 795 3768 formidine
833 3715 1103 3783 minisque
1134 3713 1412 3778 adhibitis,
1448 3729 1543 3781 pro
1586 3714 1807 3768 libidine
1835 3732 1887 3768 in
1916 3717 2056 3771 Alba

507 3805 720 3860 nasium
752 3807 1150 3874 conspirarent.
1194 3804 1319 3859 Haec
1349 3806 1503 3874 quasi
1548 3816 1813 3874 praesente
1844 3807 1954 3862 Deo
2005 3819 2080 3862 te-

510 3897 847 3952 stificamur:
879 3897 994 3951 haec
1027 3896 1321 3965 loquimur,
1350 3906 1410 3950 ut
1449 3899 1542 3965 qui
1587 3908 1736 3951 certo
1768 3902 2002 3955 sciamus
2044 3916 2076 3955 a

511 3985 623 4041 Deo
656 3988 893 4042 futurum
919 4003 1040 4043 esse
1067 3988 1333 4057 judicium
1364 4006 1378 4041 :
1415 3989 1594 4057 cupidi
1627 3991 1842 4057 quidem
1876 4003 1932 4045 ut
1960 4008 2078 4046 om-

2167 620 2355 672 ἐαυτοῦ
2387 620 2569 691 χειρὸς
2600 622 2884 692 μαρτυρεῖ.
2929 618 3248 690 Θελήσαντα
3280 618 3389 687 γὰρ
3420 619 3583 671 αὐτὸν
3627 635 3757 672 συν-

2165 711 2398 782 αχθῆναι
2432 711 2571 782 μετὰ
2605 713 2668 765 τὸ
2708 711 2959 764 ἀπελθεῖν
3016 712 3181 764 αὐτὸν
3218 712 3356 781 μετὰ
3386 711 3753 776 Μελιτιανῶν,

2166 803 2260 856 καὶ
2280 801 2502 854 τοιαῦτα
2530 800 2765 872 φημίσαι
2791 800 2932 853 κατὰ
2953 800 3049 853 τοῦ
3079 800 3384 853 ἐπισκόπου
3412 800 3445 869 ἡ
3454 798 3570 870 μῶν
3607 799 3761 853 Ἀθα-

2164 893 2372 956 νασίου,
2401 893 2502 946 οὐκ
2557 891 2803 957 ἐδέξαντο
2852 892 3035 958 αὐτὸν,
3096 892 3274 946 καίτοι
3308 891 3623 964 γράψαντα,
3664 892 3757 946 καὶ

2167 985 2273 1055 ἰδία
2305 984 2449 1055 χειρὶ
2480 983 2888 1055 ὁμολογήσαντα
2929 984 3095 1056 μηδὲν
3158 982 3367 1037 τούτων
3402 983 3756 1054 γεγενῆσθαι,

2164 1076 2280 1130 ἀλλ’
2308 1076 2711 1147 ὑποϐεϐλῆσθαι
2737 1076 2843 1129 ὑπό
2870 1093 3028 1129 τινων
3061 1074 3240 1129 ταῦτα
3270 1076 3467 1127 εἰπεῖν.

2237 1339 2327 1392 Διὸ
2357 1340 2450 1392 καὶ
2478 1338 2723 1402 ἐλθόντες
2754 1342 2801 1392 οἱ
2838 1342 2964 1411 περὶ
3006 1340 3267 1407 Θεόγνιον
3314 1340 3409 1392 καὶ
3452 1336 3754 1408 Θεόδωρον,

2166 1431 2260 1483 καὶ
2288 1431 2491 1501 Μάριν,
2515 1432 2607 1483 καὶ
2630 1431 2981 1495 Μακεδόνων,
3009 1433 3102 1484 καὶ
3124 1433 3453 1503 Ούρσὰκιον,
3492 1431 3588 1483 καὶ
3618 1428 3758 1482 Ούαα-

2174 1521 2357 1585 λεντα,
2413 1524 2490 1585 εἰς
2544 1520 2635 1574 τὸν
2686 1522 3008 1593 Μαρεώτην,
3042 1523 3194 1576 οὐδὲν
3236 1522 3490 1593 εὑρόντες
3536 1519 3756 1590 ἀληθὲς,

2168 1612 2305 1665 ἀλλὰ
2340 1613 2628 1683 μέλλοντος
2659 1612 2756 1665 τοῦ
2797 1614 3122 1685 πράγματος
3154 1613 3517 1683 ἐλέγχεσθαι,
3554 1614 3639 1664 ὅτι
3669 1629 3759 1663 συ-

2169 1704 2810 1776 κοφαντίανείργάσαντο
2829 1706 2968 1758 κατὰ
2983 1707 3074 1759 τοῦ
3098 1706 3403 1758 ἐπισκόπου
3429 1703 3588 1773 ἡμῶν
3605 1703 3759 1755 Ἀθα-

2170 1796 2376 1859 νασίου,
2406 1796 2562 1849 αὐτοὶ
2593 1798 2643 1848 οἱ
2672 1797 2801 1867 περὶ
2832 1796 3080 1865 Θεόγνιον
3101 1836 3115 1858 ,
3151 1795 3338 1866 ἐχθροὶ
3368 1794 3755 1863 τυγχάνοντες,

2173 1889 2298 1952 τοὺς
2328 1891 2609 1956 συγγενεῖς
2654 1886 2819 1940 αὐτοῦ
2868 1888 2959 1940 καί
3003 1903 3158 1949 τινας
3197 1885 3619 1956 Ἀρειομανίτας
3668 1901 3759 1936 πε-

2173 1980 2465 2050 ποιήκασιν
2491 1980 2663 2031 εἰπεῖν
2693 1979 2835 2051 ἅπερ
2868 1977 3078 2049 ἤθελον.
3126 1978 3201 2031 Ού
3232 1978 3340 2047 γάρ
3377 1994 3464 2039 τις
3496 1976 3595 2028 τοῦ
3628 1976 3756 2028 λαοῦ

2174 2072 2317 2125 κατὰ
2340 2071 2433 2124 τοῦ
2469 2071 2770 2123 ἐπισκόπου
2800 2071 3039 2140 εἴρηκεν,
3073 2069 3188 2122 ἀλλ’
3209 2070 3364 2122 αὐτοὶ
3388 2068 3467 2137 τῷ
3485 2067 3641 2138 φόϐῳ
3666 2068 3756 2120 τοῦ

2174 2163 2415 2232 ἐπάρχου
2446 2162 2543 2232 τῆς
2572 2161 2848 2229 Αἰγύπτου
2880 2161 3194 2231 Φιλαγρίου,
3226 2161 3319 2213 καὶ
3350 2162 3475 2222 ταῖς
3503 2158 3757 2221 ἀπειλαῖς

2174 2254 2268 2306 καὶ
2300 2256 2364 2322 τῇ
2400 2253 2701 2324 προστασίᾳ
2732 2251 2838 2305 τῶν
2881 2252 3301 2323 Ἀρειομανιτῶν
3323 2292 3337 2315 ,
3383 2252 3533 2321 ἅπερ
3566 2250 3759 2319 ἠθέλη-

2177 2362 2272 2396 σαν
2296 2347 2643 2415 πεποιήκασι.
2677 2344 2787 2397 Καὶ
2819 2343 2925 2414 γὰρ
2955 2343 3205 2406 ἐλθόντας
3230 2346 3378 2414 ημᾶς
3410 2342 3633 2411 ἐλέγξαι
3663 2342 3758 2411 τὴν

2177 2435 2540 2505 συκοφαντίαν
2587 2436 2686 2488 οὐκ
2731 2434 3055 2504 ἐπέτρεψαν,
3106 2434 3220 2488 ἀλλ’
3266 2434 3615 2504 ὰπέρριπτον
3667 2433 3758 2503 μὲν

2174 2529 2341 2596 ἡμᾶς,
2375 2526 2473 2589 οὓς
2495 2526 2551 2579 δέ
2582 2526 2773 2596 ἤθελον
2824 2526 3311 2596 συσκευαζόμενοι,
3348 2525 3757 2597 προσεδέχοντο,

2176 2622 2270 2673 καὶ
2298 2620 2633 2673 συνετίθεντο
2675 2620 2858 2682 αὐτοῖς
2904 2619 2993 2671 διὰ
3038 2620 3128 2671 τὸν
3180 2619 3345 2687 φόϐον
3371 2617 3468 2670 τοῦ
3522 2618 3761 2686 ἐπάρχου

2174 2713 2462 2784 Φιλαγρίου
2485 2729 2497 2740 '
2528 2713 2592 2765 δι’
2617 2712 2673 2765 ὃν
2695 2710 2818 2764 οὔτε
2853 2715 3103 2782 παρεῖναι
3130 2714 3275 2782 ἡμᾶς
3306 2710 3644 2781 ἐπέτρεψαν,
3678 2710 3759 2761 ἵνα

2176 2803 2276 2856 κᾶν
2323 2806 2448 2866 τοὺς
2510 2803 2977 2874 ὑποϐαλλομένους
3048 2804 3141 2855 ὑπ’
3200 2802 3380 2855 αὐτῶν
3442 2801 3759 2871 δυνηθῶμεν

2176 2894 2392 2963 ἐλέγξαι
2422 2896 2469 2947 εί
2494 2896 2591 2965 τῆς
2633 2894 2955 2965 Ἐκκλησίας
2981 2895 3136 2957 εἰσὶν,
3162 2893 3642 2964 ἥἈρειομανῖται.
3674 2890 3759 2943 Οἷ-

2175 2986 2299 3039 δατε
2321 2986 2376 3039 δέ
2408 2987 2542 3057 (41),
2571 2988 2845 3055 ἀγαπητοὶ
2873 2986 3134 3057 Πατέρες,
3158 2985 3250 3036 καὶ
3284 2985 3443 3054 ὑμεῖς
3461 3024 3476 3047 ,
3508 2984 3584 3046 ὠς
3622 2982 3761 3034 διδά-

2178 3080 2536 3149 σκετενὴμᾶς,
2582 3078 2664 3130 ὅτι
2714 3076 2922 3148 ἐχθρῶν
2965 3077 3064 3128 οὐκ
3098 3074 3270 3144 ἰσχύει
3314 3073 3617 3145 μαρτυρία.
3654 3070 3762 3124 Καὶ

2176 3169 2258 3221 ὅτι
2296 3168 2392 3238 μὲν
2424 3168 2778 3239 ἀληθεύομεν,
2815 3168 3079 3236 μαρτυρεί
3113 3166 3212 3235 μὲν
3244 3166 3339 3218 καὶ
3365 3167 3400 3235 ἡ
3438 3166 3561 3235 χεὶρ
3589 3161 3758 3233 Ἰσχύ-

2182 3278 2268 3330 ρα,
2305 3263 2569 3331 μαρτυρεῖ
2614 3260 2672 3312 δὲ
2700 3259 2795 3312 καὶ
2832 3258 2943 3329 (42)
2986 3257 3055 3309 τὰ
3100 3256 3407 3328 πράγματα
3445 3255 3584 3309 αὐτὰ
3607 3295 3621 3319 ,
3648 3256 3753 3316 ὅτι,

2174 3350 2333 3422 ἡμῶν
2370 3350 2535 3421 μηδὲν
2575 3350 2888 3403 συνειδότων
2910 3348 3148 3401 τοιοῦτόν
3170 3366 3223 3401 τι
3252 3348 3606 3418 γεγενῆσθαι,
3631 3345 3755 3398 Φιλ-

2177 3443 2372 3512 άγριον
2420 3440 2726 3512 παρέλαϐον
2776 3440 2891 3511 μεθ’
2941 3438 3169 3503 ἑαυτῶν,
3227 3440 3316 3491 ἴνα
3360 3439 3440 3509 τῷ
3476 3437 3624 3509 φόϐῳ
3660 3435 3755 3489 τοῦ

2176 3534 2361 3601 ξίφους
2414 3533 2509 3585 καὶ
2563 3534 2684 3594 ταῖς
2748 3530 2995 3592 ἀπειλαῖς
3063 3529 3099 3583 ἃ
3158 3528 3438 3600 βούλονται
3498 3528 3760 3581 συσκευὰ·

2178 3644 2394 3681 σωνται.
2433 3624 2617 3677 Ταῦτα
2642 3624 2715 3688 ὡς
2749 3625 2840 3679 ἐπὶ
2867 3623 3002 3676 Θεοῦ
3051 3622 3460 3695 μαρτυροῦμεν,
3488 3620 3661 3675 ταῦτα
3684 3619 3756 3682 ὡς

2175 3719 2376 3780 εἰδότες
2406 3717 2501 3769 καὶ
2539 3716 2807 3786 ἐσομένην
2841 3716 3020 3786 κρίσιν
3047 3715 3197 3785 παρὰ
3222 3706 3357 3767 Θεὸῦ
3390 3713 3645 3783 λέγομεν,
3674 3710 3760 3763 θέ-

2174 3810 2357 3873 λοντες
2416 3808 2515 3878 μὲν
2549 3807 2724 3860 ἐλθεῖν
2772 3808 2973 3869 πάντες
3023 3808 3157 3878 πρὸς
3198 3807 3364 3876 ὑμᾶς,
3403 3803 3758 3876 ἀρκεσθέντες

2175 3900 2231 3953 δέ
2254 3902 2366 3962 τοῖς
2402 3898 2460 3963 ἐξ
2489 3898 2667 3968 ἡμῶν,
2702 3898 2787 3950 ἵνα
2812 3897 2880 3951 τὰ
2905 3898 3206 3970 γράμματα
3228 3897 3325 3968 τὴν
3352 3897 3463 3950 τῶν
3488 3896 3566 3967 μὴ
3590 3911 3759 3965 παρα⁶

2176 3990 2482 4063 γενομένων
2513 3991 2816 4060 παρουσίαν
2850 3989 3247 4062 ἀποπληρώσῃ.

513 4066 672 4133 nibus
718 4078 870 4133 nobis
907 4082 974 4133 ad
1014 4094 1110 4134 vos
1160 4078 1447 4133 accedendi
1506 4080 1730 4135 facultas
1769 4093 1947 4147 esset;
1990 4094 2074 4138 sat
2131 4100 2254 4142 esse
2299 4083 2402 4137 rati
2475 4092 2692 4147 tamen,
2738 4083 2783 4138 si
2848 4098 2914 4136 ex
2959 4083 3111 4136 nobis
3150 4081 3368 4151 quidam
3412 4081 3596 4138 isthuc
3641 4081 3761 4137 mit-

515 4177 718 4237 tantur,
755 4180 814 4224 ut
848 4170 1040 4225 littera:
1079 4184 1186 4224 non
1222 4170 1583 4225 accedentiqu
1627 4173 1772 4226 vices
1798 4174 2101 4241 suppleant.

582 4301 831 4373 lugenius
858 4302 1140 4372 presbyter
1170 4318 1267 4358 vos
1290 4303 1472 4358 valere
1506 4303 1558 4356 in
1595 4303 1820 4357 Domino
1852 4315 2075 4374 empto,
2109 4284 2156 4338 Β

513 4393 691 4449 dilecti
742 4394 930 4449 Patres
972 4411 987 4448 :
1022 4394 1209 4449 Theon
1256 4395 1561 4465 presbyter,
1603 4400 1900 4450 Ammonas
1953 4413 2078 4466 pre-

514 4487 717 4557 sbyter,
744 4484 1021 4541 lleraclius
1063 4487 1364 4556 presbyter,
1397 4484 1571 4539 Bocco
1616 4485 1917 4555 presbyter,
1947 4486 2082 4557 Try-

514 4581 621 4651 pho
659 4579 960 4650 presbyter,
1011 4577 1205 4633 Petrus
1249 4578 1550 4648 presbyter,
1601 4576 1799 4631 llierax
1852 4580 2081 4649 presby-

516 4682 623 4737 ter,
664 4672 931 4742 Sarapion
982 4670 1282 4740 presbyter,
1332 4668 1547 4724 Marcus
1589 4667 1893 4738 presbyter,
1933 4669 2082 4724 Ptol-

518 4762 687 4819 larion
729 4765 1028 4833 presbyter,
1070 4761 1235 4817 Gaius
1274 4761 1580 4831 presbyter,
1629 4760 1914 4814 Dioscorus
1956 4773 2082 4828 pre-

516 4855 738 4924 sbyter,
790 4854 1097 4909 Demetrius
1159 4852 1483 4923 presbyter,
1536 4850 1786 4921 Thyrsus
1851 4851 2079 4921 presby-

522 4952 624 4997 ter.

592 5054 813 5110 Diaconi
832 5072 847 5110 :
867 5052 1048 5110 Pistus
1077 5054 1360 5119 diaconus,
1395 5052 1616 5123 Apollos
1647 5052 1929 5115 diaconus,
1960 5051 2090 5105 Ser-

525 5159 617 5197 ras
640 5146 921 5209 diaconus,
951 5146 1133 5201 Pistus
1162 5147 1445 5208 diaconus,
1490 5143 1777 5215 Polynicns
1805 5143 2088 5205 diaconus,

524 5235 684 5306 152
714 5237 1033 5293 Ammonius
1072 5237 1360 5302 diaconus,
1404 5235 1624 5289 Maurus
1656 5235 1939 5301 diaconus,
1985 5232 2090 5287 lle-

525 5328 761 5391 pltmstns
797 5324 1074 5389 diaconus,
1118 5324 1337 5393 Apollos
1364 5323 1647 5389 diaconus,
1678 5323 1919 5392 Metopas
1973 5323 2087 5376 dia-

2266 4310 2523 4378 Ὶγγένιος
2562 4305 2931 4377 πρεσϐύτερος
2952 4305 3223 4377 ἐρρῶσθαι.
3255 4306 3401 4377 ὑμᾶς
3436 4304 3668 4377 εὔχομαι
3703 4306 3755 4358 ἐν

2181 4401 2395 4472 Κυρίῳ,
2428 4399 2702 4467 ἀγαπητοὶ
2730 4397 2991 4467 Πατέρες,
3015 4396 3162 4448 Θέων
3190 4396 3587 4467 πρεσϐύτερος,
3634 4398 3757 4468 Ἀμ-

2185 4494 2370 4565 μωνᾶς
2400 4489 2787 4562 πρεσϐύτερος,
2836 4488 3152 4559 Ἡράκλειος
3188 4488 3597 4559 πρεσϐύτερος,
3633 4489 3757 4541 Βόκ-

2182 4603 2293 4638 κων
2341 4582 2740 4652 πρεσϐύτερος,
2797 4580 3028 4651 Τρύφων
3101 4579 3497 4651 πρεσϐύτερος,
3559 4582 3756 4651 Πέτρος

2182 4672 2573 4744 πρεσϐύτερος,
2632 4669 2807 4740 Ἱέραξ
2857 4668 3243 4740 πρεσϐύτερος,
3284 4670 3579 4739 Σαραπίων
3628 4686 3755 4738 πρε-

2181 4763 2463 4834 σϐύτερος,
2519 4762 2746 4831 Μάρκος
2789 4759 3181 4831 πρεσϐύτερος,
3248 4760 3596 4830 Πτολλαρίων
3647 4760 3749 4831 (45)

2179 4854 2570 4926 πρεσϐύτερος,
2587 4853 2743 4915 Γαῖος
2760 4851 3144 4923 πρεσϐύτερος,
3162 4851 3453 4921 Διόσκορος
3471 4852 3756 4921 πρεσϐύτε-

2184 4960 2296 5015 ρος,
2330 4943 2639 5014 Δημήτριος
2682 4940 3078 5012 πρεσϐύτερος,
3123 4938 3335 5010 Θύρσος
3372 4941 3754 5012 πρεσϐύτερος.

2255 5057 2533 5110 Διάκονοι·
2575 5055 2772 5118 Πιστὸς
2820 5054 3064 5118 διάκονος
3087 5094 3101 5117 ,
3171 5053 3445 5117 Ἀπολλὼς
3499 5054 3753 5117 διάκονος,

2184 5151 2396 5222 Σερρἂ
2445 5146 2557 5218 (44)
2607 5146 2870 5211 διάκονος,
2915 5147 3111 5209 Πιστὸς
3155 5146 3422 5209 διάκονος,
3475 5146 3757 5207 Πολύνικος

2183 5241 2428 5304 διάκονος
2452 5279 2467 5305 ,
2513 5238 2820 5310 Ἀμμώνιος
2876 5238 3119 5301 διάκονος
3142 5277 3160 5302 ,
3218 5237 3441 5308 Μαῦρος
3501 5240 3754 5300 διάκονος,

2185 5330 2488 5400 ’Ἥφαιστος
2532 5329 2797 5393 διάκονος,
2865 5328 3135 5390 Ἀπολλὼς
3186 5329 3461 5392 διάκονος,
3494 5327 3757 5393 Μετωπᾶς

523 5430 712 5481 conus,
748 5417 981 5484 Serapas
1033 5419 1309 5480 diaconus,
1349 5415 1773 5485 Meliphthongus
1814 5415 2078 5470 diaconus.

2187 5421 2450 5485 διάκονος,
2477 5422 2727 5492 Σεραπᾶς
2752 5422 3027 5485 διάκονος,
3062 5421 3446 5489 Μελίφθογγος
3495 5420 3752 5482 διάκονος,

523 5506 723 5562 Lucius
765 5500 1040 5575 diaconus,
1083 5509 1351 5581 Gregoras
1385 5507 1667 5562 diaconus.

545 5713 712 5819 Mi“)
744 5714 1338 5789 Reg.,‘Apewp.avicat.
1373 5715 1567 5769 Οἴδατε
1592 5714 1669 5766 δέ.
1705 5712 1869 5779 Editi,
1899 5712 2091 5767 Οἴδατε

542 5796 716 5910 ἀῗιίὲ)
773 5854 878 5905 Καί
923 5854 975 5906 iu
1023 5855 1151 5923 lieg.
1188 5856 1437 5919 habetur,
1493 5856 1586 5910 sed
1618 5852 1769 5910 deest
1816 5854 1868 5907 in
1913 5852 2090 5909 editis.

2189 5509 2415 5575 Λὸύκιος
2440 5512 2704 5575 διάκονος,
2739 5513 3023 5583 Γρηγορᾶς
3054 5513 3314 5575 διάκονος.

2200 5706 2319 5782 Mox
2349 5710 2502 5782 editi,
2532 5710 2935 5782 ημῶνμὲνβριί
2974 5712 3069 5782 μέν
3090 5714 3236 5763 deest
3264 5710 3315 5782 in
3347 5710 3483 5782 Reg.

2273 5781 2383 5854 (45)
2411 5781 2563 5854 Ιῄὶιικη
2591 5781 2947 5854 [Ιτολλαρίων.
2976 5780 3143 5844 Etliti,
3172 5780 3504 5850 Πολλαρίών.

2275 5851 2327 5920 (4
2342 5851 2385 5921 ί)
2421 5851 2572 5919 Heg,
2605 5850 2771 5917 Σέρας
