3978 6514
619 425 725 486 ’587

1181 424 1239 478 S.
1277 422 1641 478 ATHANASII
1682 422 1828 478 OPP.
1870 423 2049 478 PARS
2089 425 2127 477 l.
2174 455 2239 464 —
2279 421 2647 478 HISTORICA
2690 423 2776 478 ET
2817 421 3229 478 DOGMATICA.

3722 424 3820 480 388

678 549 776 606 huc
813 562 1090 609 accessere,
1119 544 1388 599 catholica:
1425 541 1671 598 Ecclesia:
1700 545 1946 612 episcopi,
1980 544 2031 595 in
2064 541 2171 594 Do-

2342 543 2533 614 afao'lcp
2574 543 2867 614 aloen“
2920 541 3027 611 τῆς
3072 541 3403 613 ωθολικῆς
3449 545 3821 614 Ἔκκλησίας,

675 622 818 674 mino
849 621 1089 672 salutem.

676 712 1016 767 Arbitraznur
1044 723 1147 763 non
1193 707 1416 762 ulterius
1457 705 1722 761 occultam
1756 720 1876 761 esse
1905 705 1972 760 ab
2007 705 2174 759 Euse-

607 806 716 860 bio.
751 801 1046 870 Theoguio,
1079 800 1234 866 Mari,
1268 798 1538 866 Narcisso,
1573 799 1856 854 Theodoro
1889 809 1943 851 et
1985 797 2175 852 Patro-

605 897 750 965 philo
795 895 846 948 in
891 908 987 947 nos
1039 890 1325 946 conﬂatam
1377 891 1856 960 conspirationem.
1907 890 1971 943 Et
2027 891 2175 960 prin-

605 991 746 1059 cipio
779 989 992 1058 quidem
1041 999 1266 1050 omnes,
1321 999 1418 1052 per
1469 983 1824 1037 Athanasium
1883 981 2172 1036 commini-

605 1081 1097 1143 strum'nostrum,
1145 1077 1508 1132 recusavimus
1554 1075 1840 1145 quominus
1895 1075 1962 1129 iis
2016 1073 2171 1144 153

605 1173 958 1242 praesentibus
1018 1170 1367 1238 interrogatio
1414 1168 1738 1232 haberetur;
1810 1167 1950 1236 quod
2006 1167 2174 1236 probe

603 1265 867 1319 sciremus
902 1261 984 1316 vel
1011 1262 1169 1315 unius
1204 1260 1407 1315 inimici
1433 1259 1801 1329 przesentiam,
1827 1259 2018 1311 nedum
2052 1256 2173 1326 plu-

610 1357 900 1418 rimorum,
939 1351 1409 1420 interrogationem
1440 1349 1656 1404 turbare
1686 1364 1748 1403 ac
1772 1348 1964 1402 laedere
1992 1362 2166 1416 posse.

605 1446 720 1500 Non
751 1445 922 1513 ignari
964 1445 1160 1513 quippe
1191 1441 1324 1496 estis
1349 1447 1552 1510 quanto
1602 1453 1707 1492 non
1752 1453 1849 1492 nos
1889 1436 2170 1499 duntaxat,

603 1537 697 1592 sed
730 1547 782 1591 et
808 1551 996 1592 omnes
1027 1534 1358 1589 orthodoxos
1385 1530 1508 1587 odio
1548 1530 1778 1586 habeant
1810 1546 1824 1584 :
1867 1529 1979 1582 Arii
2019 1543 2172 1581 nam-

603 1645 708 1696 que
734 1627 932 1682 luroris
961 1627 1241 1696 impizeque
1260 1623 1376 1693 ejus
1399 1623 1658 1679 doctrina:
1687 1637 1871 1685 causa,
1903 1621 1955 1673 in
1985 1635 2172 1676 omnes

603 1722 915 1790 insurgunt,
945 1719 996 1772 iu
1030 1731 1221 1773 omnes
1244 1715 1574 1786 conspirant.
1600 1713 1822 1781 Quando
1847 1724 2025 1767 autem
2051 1727 2168 1778 nos,

602 1814 815 1869 veritati
845 1812 1196 1876 conﬁdentes,
1215 1818 1469 1864 structam
1493 1822 1522 1862 a
1551 1805 1849 1863 Meletianis
1869 1807 2172 1878 syc0phan-

2342 613 2412 665 ἐν
2435 613 2626 680 Κιφίῳ
2659 613 2902 680 χαίρειν.

2348 703 2543 756 Οὐκέτι
2571 704 2865 774 νομίζομεν
2893 704 2991 775 τὴν
3028 705 3299 776 συσκευὴν
3333 705 3526 777 ἄδηλον
3548 701 3674 759 εἶναι
3694 747 3708 771 ,
3736 707 3824 778 τὴν

2277 795 2427 867 παρά
2453 796 2560 848 τῶν
2587 796 2717 868 περὶ
2756 796 3046 862 Εὑσέϐιον,
3091 799 3184 850 καὶ
3211 797 3465 864 Θεόγνιον
3482 838 3496 862 ,
3525 799 3614 852 καὶ
3640 798 3823 870 Μάριν,

2277 888 2371 940 καὶ
2391 887 2719 960 Νάρκισσον,
2760 891 2855 943 καὶ
2889 889 3320 961 Θεόδωρονξ(54),
3376 890 3471 943 καὶ
3515 890 3825 961 Πατρόφιλον

2276 983 2408 1052 ἡμῖν
2453 981 2762 1052 γινομένην.
2794 982 2902 1034 Καὶ
2925 984 3042 1034 κατ’
3074 981 3244 1053 ἀρχὴν
3276 982 3375 1052 μὲν
3422 981 3531 1053 γὰρ
3577 983 3828 1055 παρῃτού-

2278 1073 2420 1144 μεθα
2447 1074 2645 1138 πάντες
2670 1073 2758 1128 διὰ
2776 1073 2869 1127 τοῦ
2900 1074 3309 1146 συλλειτουργοῦ
3339 1078 3370 1147 ἡ
3380 1075 3495 1145 μῶν
3512 1075 3826 1138 Ἀθανασίου,

2276 1164 2559 1236 παρόντων
2610 1163 2789 1218 αὑτῶν
2833 1165 2931 1235 τὴν
2978 1165 3239 1237 ἀκρόασιν
3295 1165 3578 1234 γενέσθαι·
3627 1165 3826 1226 εἰδότες,

2274 1258 2354 1310 ὅτι
2377 1258 2471 1309 καὶ
2499 1257 2617 1319 ἐνὸς
2648 1257 2809 1327 μόνου
2827 1256 3018 1326 ἐχθροῦ
3048 1257 3344 1328 παρουσία,
3391 1257 3588 1327 μήτιγε
3617 1255 3827 1319 πολλῶν,

2272 1351 2563 1423 ταράττειν
2597 1352 2688 1403 καὶ
2717 1349 2971 1420 βλάπτειν
3008 1349 3227 1403 δύναται
3261 1350 3358 1420 τὴν
3387 1349 3666 1420 ἀκρόασιν.
3691 1347 3832 1401 Οἶδα.

2273 1463 2332 1498 τε
2367 1446 2474 1516 γὰρ
2507 1445 2602 1498 καὶ
2653 1445 2813 1514 ὑμεῖς
2865 1443 3018 1497 αὑτοὶ
3063 1442 3157 1513 τὴν
3189 1441 3390 1512 ἔχθραν
3433 1439 3634 1504 αὑτῶν,
3679 1439 3738 1510 ἣν
3774 1439 3830 1491 οὑ

2275 1537 2408 1605 πρὸς
2435 1537 2584 1607 ἡμᾶς
2618 1535 2778 1606 μόνον
2821 1535 3134 1605 ἐσχήκασιν,
3169 1531 3308 1584 ἀλλὰ
3335 1531 3428 1585 καὶ
3472 1531 3610 1601 πρὸς
3642 1529 3832 1592 πάντας

2272 1628 2397 1692 τοὺς
2421 1625 2752 1699 όρθοδόξους,
2789 1626 2870 1679 ὅτι
2901 1624 2987 1678 διὰ
3013 1625 3111 1695 τὴν
3133 1625 3344 1693 Ἀρείου
3381 1623 3600 1693 μανίαν,
3628 1623 3714 1674 καὶ
3742 1620 3833 1692 τὴν

2273 1719 2440 1789 ἀσεϐῆ
2471 1717 2818 1771 διδασκαλίαν
2849 1717 3056 1770 ἐκείνου
3082 1717 3222 1770 κατὰ
3257 1717 3474 1769 πάντων
3501 1715 3832 1784 ἐπιφύονται,

2273 1810 2368 1863 καὶ
2423 1811 2556 1863 πᾶσι
2616 1809 3058 1873 συσκευάζονται.
3119 1808 3334 1879 Ἐπειδὴ
3389 1808 3445 1861 δὲ
3522 1805 3834 1879 θαρροῦντες

605 1907 732 1962 tiam
791 1905 1048 1958 adversus
1077 1901 1372 1956 Ecclesiam
1409 1898 1758 1967 comprobare
1803 1899 2040 1967 aggressi
2079 1913 2168 1951 su-

2273 1903 2428 1971 ἡμεῖς
2451 1903 2517 1971 τῇ
2555 1899 2802 1971 ἀληθείᾳ,
2833 1899 3001 1966 δεῖξαι
3028 1899 3126 1970 τὴν
3163 1899 3528 1967 συκοφαντίαν
3567 1899 3666 1969 τὴν
3703 1896 3835 1949 κατὰ

606 2011 757 2060 mus,
788 1997 1096 2063 ignoramus
1118 2007 1223 2058 quo
1247 1990 1472 2044 consilio
1504 1989 1789 2043 Eusebiani
1833 1989 1974 2042 dicta
2005 1990 2169 2043 inter-

605 2085 800 2156 pellare
851 2092 1031 2137 nostra
1085 2079 1284 2144 conati,
1320 2078 1623 2133 testimonia
1671 2079 1832 2132 etiam
1881 2078 2170 2147 repudiare

602 2176 726 2230 totis
756 2175 959 2228 viribus
989 2173 1091 2226 nisi
1124 2181 1283 2236 sunt;
1313 2170 1437 2224 dum
1463 2169 1707 2223 sinceros
1737 2167 1944 2238 iudices
1987 2167 2168 2232 minis,

602 2269 738 2323 alios
762 2263 1101 2321 contumeliis
1134 2262 1462 2317 lacesserent
1497 2277 1509 2311 :
1539 2275 1604 2314 eo
1644 2260 1815 2314 solum
1841 2270 1900 2314 ut
1945 2259 2026 2315 sui
2073 2259 2170 2312 ad-

603 2373 818 2414 versum
842 2371 940 2411 nos
961 2355 1282 2423 assequendi
1312 2353 1570 2423 propositi
1600 2352 1751 2421 copia
1779 2362 1942 2408 esset.
1968 2352 2030 2407 Et
2064 2351 2173 2406 for-

602 2462 749 2507 tasse
791 2449 968 2505 divina
1017 2455 1199 2502 vestra
1243 2447 1446 2516 pietas,
1501 2444 1702 2499 domini
1744 2443 2168 2510 honoratissimi,

602 2555 787 2596 eorum
818 2538 1104 2608 ignorabat
1147 2535 1604 2603 conspirationem
1657 2547 1672 2583 :
1721 2535 1816 2588 sed
1847 2533 2173 2587 arbitramur

604 2650 722 2688 eam
750 2649 892 2688 nunc
928 2645 1049 2687 esse
1079 2629 1449 2698 conspicuam.
1476 2623 1569 2680 Nae
1595 2626 1671 2680 illi
1713 2640 1864 2681 suam
1908 2625 2009 2696 ipsi
2043 2641 2170 2695 pro-

601 2725 789 2779 didere
819 2721 1247 2792 conjurationem
1282 2735 1295 2770 :
1329 2733 1396 2774 ex
1420 2718 1582 2773 sociis
1623 2732 1856 2787 namque
1886 2717 1998 2771 suis
2024 2718 2173 2772 viros

605 2816 764 2872 nobis
799 2822 1080 2884 suspectos
1133 2813 1312 2882 legare
1347 2810 1703 2866 decreverunt
1752 2809 1804 2863 in
1845 2809 2169 2876 Mareotem;

605 2908 847 2962 utnobis
873 2904 1186 2960 absentibus
1235 2913 1290 2958 et
1332 2903 1419 2957 hic
1468 2901 1895 2967 remanentibus,
1951 2901 2173 2972 populos

603 2998 839 3062 turbare,
885 3005 940 3051 et
980 2995 1243 3050 arbitratu
1307 3008 1408 3048 suo
1462 3006 1622 3063 agere
1669 2991 1900 3046 valeant.
1967 2991 2175 3047 Norunt

599 3093 744 3148 enim
777 3087 1142 3146 Ariomanitas
1163 3093 1189 3152 ,'
1214 3085 1586 3142 Colluthianos
1618 3094 1674 3139 et
1720 3084 2034 3140 Mcletianos
2073 3085 2173 3141 Ec-

599 3186 779 3242 clesiae
805 3185 987 3239 hostes
1007 3197 1131 3237 esse
1165 3200 1180 3238 :
1215 3179 1568 3251 quamobrem
1619 3181 1716 3234 hos
1750 3179 1898 3250 ipsos
1940 3193 2006 3235 eo
2049 3179 2172 3234 mit-

599 3281 790 3337 teudos
821 3283 1100 3339 curarunt,
1135 3283 1193 3327 ut
1235 3274 1287 3327 in
1329 3271 1614 3342 praesentia
1662 3247 2003 3327 inimicorum
2052 3284 2171 3339 qua;
2197 3247 2238 3306 (ἶ

596 3371 870 3427 voluerint
902 3370 954 3423 in
987 3381 1085 3422 nos
1111 3359 1510 3421 machineutur.
1543 3363 1752 3418 Etenim
1791 3364 1884 3432 qui
1926 3364 2015 3419 hic
2046 3379 2170 3418 ver-

597 3474 790 3521 santur
813 3459 1084 3516 Meletiani
1102 3458 1214 3528 jam
1235 3473 1298 3513 ex
1323 3457 1434 3512 suis
1454 3457 1712 3526 quosdam
1739 3455 1916 3510 isthuc
1940 3455 2167 3510 misere:

601 3559 709 3612 imo
738 3564 970 3626 quatuor
998 3561 1127 3607 ante
1158 3551 1348 3606 diebus
1372 3588 1388 3616 ,
1417 3549 1571 3619 gnari
1613 3546 1817 3602 scilicet
1852 3546 1990 3600 hanc
2022 3547 2170 3601 lutu-

603 3665 716 3704 ram
744 3663 866 3705 esse
904 3643 1346 3718 perquisitionem
1367 3680 1385 3706 ,
1415 3639 1725 3694 veredarios
1766 3636 1868 3693 sub
1891 3651 2171 3708 veSperam

600 3746 700 3798 vite
738 3741 1082 3800 commisere,
1119 3735 1208 3805 qui
1246 3733 1562 3788 Meletianos
1597 3746 1662 3786 ex
1694 3729 1931 3801 Egypto
1964 3730 2015 3783 in
2056 3729 2171 3783 Ma-

601 3847 839 3898 reotem,
871 3832 961 3886 ubi
993 3845 1060 3883 ne
1091 3843 1228 3882 unus
1274 3826 1491 3896 quidem
1550 3838 1736 3878 eorum
1779 3822 1986 3885 aderat,
2015 3835 2174 3888 coge-

602 3937 752 3990 rent;
783 3942 851 3980 ex
882 3925 1108 3992 aliisque
1129 3919 1264 3974 locis
1289 3916 1661 3973 Colluthianos
1701 3922 1756 3968 et
1789 3913 2170 3980 Ariomanitas,

599 4029 737 4084 quos
760 4015 826 4068 de
854 4009 1140 4067 calumniis
1166 4008 1220 4062 in
1255 4021 1354 4060 nos
1377 4003 1684 4059 deferendis
1709 4012 1833 4058 ante
1866 4013 2169 4058 monerent.

600 4107 777 4162 Probe
804 4118 1039 4174 namque
1072 4099 1390 4156 meministis
1416 4099 1589 4168 ipsum
1631 4110 1812 4151 coram
1847 4095 2002 4150 vobis
2035 4109 2171 4149 con-

600 4199 1126 4269 fessumlsehyram,
1167 4209 1273 4249 non
1311 4193 1430 4262 plus
1479 4201 1686 4260 septem
1721 4204 1843 4245 esse
1897 4188 1990 4259 qui
2040 4202 2173 4243 con-

599 4293 851 4347 ventibus
875 4288 1130 4344 intersint
1158 4286 1292 4342 suis.
1332 4283 1777 4354 Quandoquidem
1810 4283 1994 4352 igitur,
2025 4290 2174 4352 post-

597 4401 764 4455 quam
793 4385 1056 4438 arbitratu
1089 4395 1188 4435 suo
1217 4381 1334 4434 hac
1363 4386 1492 4432 sunt
1528 4376 1859 4441 machinati,
1887 4385 2170 4445 postquam

597 4489 878 4549 suspectos
907 4475 1087 4530 isthuc
1110 4474 1306 4528 misere
1335 4473 1480 4526 viros
1500 4511 1516 4534 ,
1555 4471 1913 4540 comperimus
1938 4486 2032 4526 eos
2057 4470 2172 4525 sin-

2269 1993 2368 2064 τῆς
2415 1991 2737 2063 Ἐκκλησίας
2769 1991 2872 2044 ὑπὸ
2894 1991 3002 2046 τῶν
3029 1990 3364 2045 Μελιτιανῶν
3400 1990 3693 2061 γινομένην
3724 1989 3838 2059 ἠθε-

2270 2084 2536 2157 λήσαμεν,
2576 2085 2675 2137 οὑκ
2703 2083 2924 2154 οἴδαμεν
2971 2084 3088 2147 πῶς
3127 2085 3175 2136 οἱ
3200 2085 3328 2157 περ)⁸
3361 2083 3626 2136 Εὑσέϐιον
3654 2082 3837 2153 ταράτ-

2271 2196 2384 2232 τειν
2425 2177 2495 2230 τά
2549 2179 2677 2249 παρ’
2729 2176 2885 2248 ἡμῶν
2941 2176 3210 2248 λεγόμενα
3260 2176 3583 2248 ἐπειρῶντο,
3638 2174 3728 2228 καὶ
3755 2175 3838 2226 ἐπὶ

2272 2270 2406 2323 πολὺ
2434 2269 2762 2332 ἐσπούδαζον
2798 2268 2866 2322 τὰ
2915 2268 3040 2339 παρ’
3087 2269 3241 2339 ὴμῶν
3281 2268 3554 2338 λεγόμενα
3598 2266 3837 2321 ἐκϐάλλε-

2274 2363 2421 2426 σθαι,
2453 2365 2567 2426 τοῖς
2627 2361 2725 2433 μὲν
2790 2362 3062 2433 ἀκεραίως
3117 2360 3426 2426 δικάζουσιν
3481 2359 3836 2422 ἀπειλοῦντες,

2271 2454 2397 2516 τοὺς
2435 2453 2491 2506 δὲ
2533 2453 2626 2506 καὶ
2677 2452 3010 2524 ὑϐρίζοντες,
3076 2452 3233 2522 μόνον
3289 2453 3376 2505 ἵνα
3421 2453 3484 2505 τὸ
3524 2450 3650 2504 καθ’
3693 2448 3840 2521 ἡμῶν

2273 2543 2704 2615 σπουδαζόμενον
2735 2545 2919 2610 αὑτοῖς
2966 2545 3212 2616 γένηται.
3253 2546 3365 2598 Kal.
3412 2544 3547 2607 ἴσως
3602 2544 3637 2614 ἡ
3674 2541 3839 2604 ἔνθεος

2273 2637 2426 2707 ὑμῶν
2460 2635 2736 2701 εὐλάϐεια,
2765 2637 2942 2708 κύριοι
2977 2637 3315 2709 τιμιώτατοι,
3345 2636 3534 2706 ἠγνόει
3577 2637 3676 2707 τὴν
3703 2650 3842 2703 γενο·

2275 2730 2443 2801 μένην
2471 2729 2602 2802 παρ’
2641 2730 2820 2783 αὑτῶν
2861 2733 3165 2803 συσκευήνο
3224 2731 3360 2785 ἁλλά
3417 2730 3516 2784 νῦν
3560 2730 3841 2800 νομίζομεν

2273 2821 2511 2893 φανερὰν
2542 2821 2866 2893 γεγενῆσθαι
2892 2823 3083 2893 αὑτήν.
3106 2822 3237 2877 ’1δοὺ
3260 2822 3368 2894 γὰρ
3412 2821 3671 2893 φανερῶς
3702 2820 3843 2874 αὑτοὶ

2272 2915 2369 2986 τὴν
2401 2915 2666 2986 συσκευὴν
2691 2913 3018 2981 ἐνεδείξαντο
3043 2931 3056 2945 ·
3091 2916 3214 2977 τοὺς
3240 2913 3349 2986 γὰρ
3397 2912 3456 2978 ἐξ
3503 2913 3688 2967 αὑτῶν
3725 2914 3844 2966 ὑποο

2273 3006 2638 3078 πτευομένους
2662 3005 2976 3060 ἀποστεῖλαι
3008 3005 3274 3078 ⁴ἠθέλησαν
3301 3007 3380 3069 εἰς
3410 3006 3505 3058 τὸν
3526 3003 3841 3076 Μαρεώτην,

2273 3097 2381 3163 ἴνα,
2428 3098 2676 3151 ἀπόντων
2732 3100 2766 3169 ὴ
2777 3097 2890 3168 μῶν
2945 3097 3039 3151 καὶ
3086 3095 3318 3150 ἐνταῦθα
3377 3095 3652 3167 μενόντων
3675 3135 3691 3158 ,
3727 3095 3845 3156 τοὺς

2273 3189 2436 3253 λαοὺς
2465 3189 2579 3262 (55)
2603 3189 2932 3260 ταράξωσιν,
2965 3189 3002 3244 ἃ
3032 3189 3088 3244 δὲ
3125 3189 3403 3260 βούλονται
3424 3188 3844 3260 διαπράξωνται.

2272 3278 2426 3336 Εἶδον
2458 3283 2600 3354 γὰρ,
2629 3283 2711 3336 ὃτι
2752 3285 2798 3336 οξ
2854 3284 3276 3354 Ἀρειομανῖται,
3324 3283 3421 3336 καὶ
3469 3279 3849 3336 Κολλουθιανοὶ

2273 3376 2367 3429 καὶ
2408 3375 2739 3442 Μελιτιανοὶ,
2785 3375 2968 3446 ἐχθροὶ
3019 3374 3119 3444 τῆς
3180 3374 3473 3444 καθολικῆς
3526 3361 3852 3442 Ἑκκλησίας

2272 3465 2378 3518 εἰσί
2401 3484 2415 3497 ·
2458 3465 2548 3520 διὰ
2566 3465 2722 3520 τοῦτο
2749 3466 3086 3519 ἐσπούδασαν
3113 3467 3428 3520 ἀποστεῖλαι
3459 3466 3706 3531 τούτους,
3738 3465 3850 3526 ἵνα,

2273 3559 2554 3631 παρόντων
2610 3557 2820 3630 ἐχθρῶν
2840 3600 2856 3624 ,
2891 3558 3201 3613 καττὺσωσι
3239 3559 3362 3614 καθ’
3393 3559 3552 3630 ἡμῶν
3573 3559 3608 3612 ἃ.
3634 3558 3850 3628 βούλον-

2271 3669 2382 3706 ται.
2413 3652 2522 3704 Kal
2542 3650 2650 3719 γὰρ
2673 3651 2722 3702 οἱ
2755 3650 2989 3704 ἐνταῦθα
3018 3651 3126 3704 τῶν
3153 3651 3494 3705 Μελιτιανῶν
3530 3649 3852 3704 ἀπέστειλαν

2273 3745 2332 3809 ἐξ
2360 3743 2566 3798 ἐαυτῶν
2755 3761 2939 3808 τινας,
2972 3746 3066 3797 καὶ
3115 3745 3222 3815 πρὸ
3257 3745 3542 3815 τεσσάρων
3585 3743 3685 3813 μὲν
3714 3745 3850 3814 ἡμε-

2277 3836 2406 3906 ρῶν,
2449 3834 2638 3906 ὥσπερ
2688 3835 2889 3898 εἰδότες
2939 3835 3096 3889 τοῦτο
3143 3836 3204 3888 τὸ
3263 3836 3487 3907 σκέμμα
3537 3837 3852 3905 γιγνόμενον

2273 3927 2514 3992 ἔσεσθαι,
2564 3929 2660 3983 καὶ
2707 3929 2945 4002 ἑσπέραν
2996 3929 3053 3982 δέ
3103 3928 3454 4000 βηριδαρίους
3487 3930 3598 3999 (57)
3634 3927 3853 3998 πρὸςτὸ

2273 4017 2366 4069 καὶ¹
2389 4018 2496 4070 ἀπὸ
2542 4019 2641 4089 τῆς
2683 4020 2959 4090 Αἰγύπτου
3002 4019 3358 4085 Μελιτιανοὺς
3402 4023 3735 4089 συναγαγεῖν
3778 4019 3852 4079 εἰς

2273 4109 2362 4162 τὸν
2393 4109 2716 4182 Μαρεώτην,
2750 4112 2838 4166 διὰ
2869 4113 2930 4165 τὸ
2961 4111 3034 4183 μὴ
3057 4107 3194 4165 εἶναι
3225 4113 3342 4164 ἐκεῖ
3367 4111 3574 4182 μηδένα
3603 4110 3850 4170 καθόλου,

2273 4200 2365 4253 καὶ
2397 4199 2821 4264 Κολλουθιανοὺς
2851 4202 2943 4255 καὶ
2985 4199 3393 4272 Ἀρειομανίτας
3425 4198 3535 4252 ἀπὸ
3566 4198 3744 4252 ἄλλων
3772 4196 3852 4248 τό·

2273 4306 2410 4354 πων,
2443 4289 2536 4342 καὶ
2571 4291 2836 4344 καττῦσαι
2857 4291 2978 4345 καθ’
3007 4292 3160 4362 ήμῶν
3196 4293 3393 4355 αὑτοὺς
3422 4291 3630 4360 λέγειν.
3665 4289 3849 4344 Οἴδατε

2270 4380 2378 4450 γὰρ
2407 4381 2501 4433 καὶ
2529 4382 2718 4451 ὑμεῖς,
2767 4383 2849 4436 ὅτι
2888 4383 3048 4446 αὐτὸς
3085 4382 3330 4454 ἰσχὺρας
3371 4382 3727 4454 ὡμολόγησεν
3769 4379 3849 4448 ἐφ’

2271 4471 2424 4541 ὑμῶν
2457 4472 2518 4524 οὑ
2542 4473 2705 4528 πλέον
2744 4474 2884 4527 ἐπτά
2929 4474 3308 4545 συναγομένων
3353 4474 3520 4544 ἔχειν.
3575 4475 3733 4529 Ἐπεὶ
3761 4468 3851 4525 οὑν

597 4573 842 4643 gulorum
903 4576 1143 4624 vestrum
1201 4567 1554 4622 circumcirca
1608 4564 2032 4630 subscriptiones
2075 4579 2170 4632 po-

2281 4563 2417 4633 μετά
2445 4564 2505 4617 τὸ
2532 4566 2730 4629 αὑτοὺς
2776 4567 3185 4620 κατασκευάσαι
3240 4567 3378 4637 ὅπερ
3413 4567 3731 4637 βούλονται,
3763 4564 3849 4618 καὶ

597 4664 820 4731 stulare,
878 4671 935 4716 ut
985 4660 1225 4717 omnium
1283 4666 1524 4712 vestrum
1576 4671 1843 4710 consensu
1895 4671 1983 4711 res
2020 4665 2171 4726 gesta

595 4758 879 4812 videatur:
926 4770 987 4808 ea
1035 4767 1165 4807 sane
1216 4750 1372 4806 nobis
1412 4764 1572 4804 causa
1624 4747 1720 4803 fuit
1767 4747 1975 4802 litteras
2018 4749 2172 4804 vobis

596 4848 994 4917 quamprimum
1023 4844 1232 4912 hocque
1264 4840 1629 4896 testimonium
1672 4840 1934 4893 tradendi.
1968 4839 2169 4896 Conte-

598 4950 805 4996 stamur
836 4939 979 4994 enim
1011 4952 1110 4991 nos
1155 4934 1647 5004 conspirationibus
1689 4933 2005 5003 insidiisque
2045 4934 2167 4988 illo-

596 5047 718 5090 rum
754 5045 938 5100 opera,
971 5028 1290 5097 illorumque
1320 5041 1483 5081 causa
1526 5025 1704 5095 appeti
1737 5040 1753 5078 :
1783 5039 2168 5094 rogamusque,

596 5135 659 5180 ut
693 5124 787 5179 Dei
817 5126 1008 5177 timore
1033 5120 1084 5173 in
1111 5129 1289 5174 mente
1311 5123 1600 5185 suscepto,
1630 5116 1997 5186 improbantes
2027 5119 2171 5188 quod

600 5217 738 5273 clam
769 5214 925 5270 nobis
945 5225 1080 5283 quos
1104 5208 1317 5265 libuerit
1347 5205 1617 5272 miserint,
1647 5221 1752 5261 non
1773 5207 2167 5276 subscribatis;

670 5513 783 5583 (54)
858 5508 999 5565 Editi
1061 5507 1337 5583 mendose,
1376 5503 1656 5583 eadem.
1719 5503 1829 5583 _S_ed
1879 5505 2026 5583 [ξος.-
2078 5505 2166 5583 hic

595 5593 652 5639 et
679 5574 776 5636 ‘in'
812 5587 1105 5648 sequente
1125 5574 1693 5648 epistolavedampov.
1718 5574 1847 5648 Mox_
1884 5574 2026 5648 ,Κατ’
2066 5575 2166 5648 ἀρ-

595 5653 723 5724 χὴν,
761 5650 862 5724 μὲν
894 5644 1026 5724 “γάρ
1080 5646 1219 5724 Reg.
1245 5654 1324 5724 _et
1368 5646 1438 5724 ita
1491 5646 1544 5698 in
1575 5644 1848 5724 isequenti
1887 5646 2048 5724 epist.
2079 5644 2160 5724 ‘ln

597 5713 894 5790 ἓεὶἰιὶέγάρ
931 5713 1348 5790 deest._lbidetn
1381 5714 1625 5790 _Bt‘g._in
1666 5714 1766 5767 hac
1814 5713 2038 5790 epistola
2075 5713 2162 5790 διᾲ

599 5791 694 5844 τοῦ
730 5783 1304 5856 συλλὲιτουργοῦ,ουιιι
1333 5784 1514 5856 editis.
1544 5783 1599 5837 lu
1617 5784 1862 5856 sequenti
1895 5798 2022 5839 vero
2053 5784 2166 5853 epi-

605 5862 762 5924 stola,
794 5861 915 5929 δίχα
939 5853 1032 5911 τοῦ
1069 5853 1504 5924 συλλειτουργοῦ,
1532 5855 1808 5910 mendose.

2275 4657 2592 4712 ἀποστεῖλαι
2625 4660 2751 4723 τοὺς
2780 4660 3072 4725 ὑπόπτους,
3101 4659 3446 4730 ἠκούσαμεν,
3467 4662 3551 4714 δτι
3581 4661 3708 4715 καθ’
3735 4660 3850 4711 ἐκα-

2276 4766 2400 4803 στον
2447 4749 2600 4820 ὑμῶν
2651 4751 3062 4822 περιερχόμενοι
3107 4750 3436 4806 ἀπαιτοῦσιν
3504 4750 3849 4823 ὑπογραφὴν.

2275 4841 2411 4913 πρὸς
2432 4842 2492 4894 τὸ
2527 4842 2704 4896 δοκεῖν
2726 4845 2791 4912 τῇ
2821 4843 3034 4896 πάντων
3064 4842 3220 4912 ὑμῶν
3259 4843 3451 4914 σκέψει
3489 4843 3819 4915 γεγενῆσθαι
3837 4857 3852 4870 ·

2271 4934 2459 4988 τούτου
2493 4935 2678 4988 ἕνεκεν
2716 4935 2924 5006 γράψαι
2955 4935 3080 5005 ὑμῖν
3107 4936 3477 5008 ἠπείχθημεν,
3519 4939 3614 4991 καὶ
3644 4932 3854 4990 ἐπιδοῦο

2271 5045 2361 5082 ναι
2386 5028 2502 5081 τόδε
2533 5027 2593 5081 τὸ
2624 5028 2918 5100 μαρτύριον
2945 5045 2957 5058 ·
2996 5030 3399 5101 μαρτυρόμενοι
3454 5031 3576 5101 μὲν,
3626 5031 3711 5083 ὅτι
3765 5044 3854 5079 συ-

2275 5119 2648 5190 πευαζόμεθα
2678 5121 2774 5173 καὶ
2805 5121 3081 5192 πάσχομεν
3109 5122 3205 5175 ὑπ’
3225 5123 3408 5177 αὑτῶν
3440 5125 3538 5178 καὶ
3571 5125 3644 5178 δι’
3675 5120 3854 5178 αὑτῶν

2274 5211 2582 5282 ἐπιϐουλὴν,
2618 5211 2894 5278 ἀξιοῦντες
2935 5213 2991 5266 δέ
3041 5215 3191 5280 ὅπως
3239 5217 3298 5268 ἐν
3350 5217 3428 5288 νῷ
3472 5217 3736 5278 λαϐόντες
3766 5212 3855 5265 τὸν

2345 5495 2460 5638 ἕὸὕ)
2488 5494 2545 5550 1η
2560 5479 2823 5564 sequenti
2846 5495 3092 5564 epistola,
3122 5499 3249 5562 τοὺς
3271 5498 3369 5568 μὲν
3387 5499 3571 5564 λαούς.

2367 5567 2456 5636 56)
2481 5566 2615 5634 Reg.
2648 5565 2708 5631 ἐξ
2737 5567 2962 5622 ἑαυτῶν.
2984 5566 3041 5622 ln
3073 5571 3320 5637 sequenti
3350 5584 3478 5625 vero
3507 5571 3571 5625 idt

2311 5562 2456 5649 ~(56)
2481 5566 2615 5634 Reg.
2648 5562 2708 5631 ἐξ
2737 5562 2962 5622 ἑαυτῶν.
2984 5566 3041 5622 ln
3073 5562 3320 5637 sequenti
3350 5584 3478 5625 vero
3507 5562 3647 5625 idem
3678 5565 3743 5631 ἐξ
3766 5562 3858 5615 αὑ·

2269 5655 2690 5782 ῗῗυῖέἹΗῖθεεοῖη
2740 5708 2979 5777 sequenti
3015 5707 3174 5777 epist.
3233 5709 3293 5782 δὲ
3331 5710 3425 5764 δύο
3481 5705 3856 5782 βηριδαρίους.

2269 5777 2390 5901 Μοέ
2435 5777 2575 5901 :2“;
2629 5777 2840 5835 comm'
2887 5787 2941 5835 et
2979 5793 3111 5837 mss“
3175 5780 3318 5851 πρὸς
3341 5782 3451 5855 ,τόο
3482 5777 3633 5839 Ειίίι.
3671 5777 3858 5831 Paris.

2272 5869 2347 5915 πρ
2383 5865 2407 5912 ς
2501 5885 2518 5905 .
