3978 6508
169 378 254 434 589
1258 375 1592 431 APOLOGIA
1630 375 1909 432 CONTRA
1952 376 2279 435 ARIANOS.

3270 379 3376 441 390

164 493 238 547 τοῦ
270 486 393 543 Θεοῦ
427 487 617 558 φὸὄον,
650 492 739 544 καὶ
791 495 1147 561 καταγνόντες
1168 497 1292 559 ,ὅτι
1335 498 1503 567 χωρὶς
1526 499 1686 570 ’ἡμῶν

1800 508 1857 554 ιιι
1886 514 1955 555 ne
1979 516 2098 571 qua:
2119 502 2192 556 illi
2215 502 2357 557 inter
2386 516 2447 558 se
2477 502 2872 569 machinantur.
2902 502 3016 559 hare
3036 502 3189 575 quasi
3222 520 3253 559 a
3279 518 3348 558 vo

163 582 452 639 ἀπέστειλαν
476 582 569 645 οὒς
595 582 889 655 ἠθέλησαν,
925 587 998 659 μὴ
1034 590 1419 662 ὑπογράψητε,
1468 592 1551 645 ἵνα
1596 592 1692 664 μὴ,

161 680 275 749 ἅπερ
303 676 445 731 αὐτοὶ
476 676 597 729 καθ’
628 679 852 742 ἑαυτοὺς
884 681 1195 746 καττύουσι,
1246 683 1419 737 ταῦτα
1453 684 1529 747 ὼς
1564 686 1694 757 παρ’

163 768 287 840 ὑμῶν
323 767 617 838 γιγνόμενα
663 769 879 839 λέγωσι.
928 773 1039 825 Καὶ
1075 775 1182 844 γὰρ
1239 776 1440 847 πρέπει
1482 778 1607 841 τοὺς
1638 779 1696 831 ὲν

158 861 339 932 Χριστῷ
384 860 702 931 ἀνθρώπους
727 861 801 934 μὴ
836 864 915 927 είς
940 864 1256 936 ἀνθρώπινα
1286 866 1527 938 βλέπειν,
1557 870 1694 924 ἀλλά

156 954 232 1024 τὴν
273 951 517 1023 ἀλήθειαν
566 954 783 1007 πάντων
833 956 1152 1027 προκρίνειν
1198 958 1331 1027 (58).
1382 960 1491 1013 Καὶ
1557 962 1694 1031 μήτε

153 1039 404 1115 ἀπειλὴνῇ
460 1044 699 1114 χρῶνται
756 1047 891 1117 πρὸς
942 1048 1179 1116 πάντας,
1237 1052 1371 1122 μήτε
1424 1053 1695 1123 συσκευὴν

154 1136 416 1207 φοόηθῆτε,
451 1136 587 1189 ἀλλά
619 1137 817 1208 μᾶλλον
864 1139 953 1192 τὸν
983 1140 1133 1195 Θεόν.
1170 1143 1313 1195 Ἔδει
1347 1142 1453 1214 γὰρ
1474 1184 1488 1208 ,
1537 1143 1694 1216 εἴπερ

150 1225 200 1299 ἧν
219 1228 337 1290 ὅλως
364 1228 657 1281 ἀκόλουθον
701 1231 781 1293 είς
811 1230 903 1283 τὸν
939 1231 1246 1303 Μαρεώτην
1297 1235 1691 1306 ἀποσταλῆναι,

150 1320 220 1372 καὶ
244 1321 376 1390 ἡμᾶς
399 1324 789 1392 συμπαρεῖναι,
818 1323 906 1377 ἵνα
934 1324 1059 1387 τοὺς
1087 1325 1184 1395 μὲν
1213 1327 1441 1397 ἐχθροὺς
1459 1328 1695 1399 τῆςῈκ-

149 1412 337 1483 κλησίας
361 1412 695 1485 ἐλέγξωμεν,
720 1417 846 1479 τοὺς
869 1416 925 1468 δὲ
961 1416 1144 1481 ξένους
1174 1419 1572 1492 ἀποδείξωμεν,
1598 1422 1693 1475 καὶ

149 1504 321 1575 καθαρά
346 1505 436 1557 τοῦ
466 1507 793 1577 πράγματος
819 1508 850 1578 ἡ
874 1508 1067 1580 ἔρευνα
1087 1511 1333 1583 γένηται.
1349 1513 1540 1567 υἴδατε
1560 1514 1689 1588 γὰρ,

148 1596 205 1647 ὅτι
228 1595 272 1647 οἱ
302 1595 427 1666 περὶ
456 1597 722 1651 Εὐσέϐιον
765 1600 1069 1655 ἐκάττυσαν
1112 1603 1399 1676 ἐπιστολὴν
1434 1605 1690 1677 ἐπιδοθῆ-

148 1704 228 1750 ναι,
271 1686 337 1749 ὡς
390 1687 501 1740 ἀπὸ
551 1688 997 1755 Κολλουθιανῶν,
1040 1694 1133 1745 καὶ
1178 1695 1543 1761 Μελιτιανῶν,
1597 1696 1693 1750 καὶ

149 1779 425 1849 ’Δρειανῶν,
464 1785 773 1852 γραφεῖσαν
816 1783 937 1837 καθ’
988 1786 1175 1856 ἡμῶν·
1244 1789 1338 1841 καὶ
1378 1788 1562 1859 δῆλον,
1608 1790 1691 1842 ὅτι

1799 593 1881 647 his
1905 603 2052 660 gesta
2094 592 2408 661 prredicent.
2454 592 2667 647 Etenim
2712 595 2862 649 decet
2892 593 3227 648 Christianos
3278 594 3375 648 ho-

1799 679 1973 733 mines
1997 694 2100 733 non
2136 679 2368 733 humana
2395 680 2701 747 respicere,
2736 681 2830 734 sed
2882 680 3168 735 veritatem
3200 681 3378 735 omni-

1796 769 1898 823 hus
1924 769 2216 825 anteferre.
2247 770 2324 826 Ne
2349 771 2572 825 metuite
2604 786 2741 840 quas
2784 770 2858 825 illi
2902 772 3075 827 minas
3121 770 3376 826 omnibus

1799 861 2093 927 intentant,
2132 877 2264 917 neve
2295 876 2480 916 eorum
2525 864 2984 931 conspirationem
3010 904 3024 928 ,
3055 864 3149 917 sed
3196 863 3375 932 potius

1798 955 1967 1009 Deum
2002 953 2206 1009 timete.
2250 954 2357 1008 Par
2400 967 2518 1011 erat
2562 959 2731 1019 enim,
2776 952 2821 1010 si
2879 956 3095 1025 quidem
3149 956 3373 1008 omnino

1797 1049 1947 1105 fuere
1973 1048 2137 1120 legati
2164 1051 2215 1104 in
2254 1049 2547 1106 Mareotem
2577 1050 2859 1113 mittendi,
2910 1064 3009 1106 nos
3052 1050 3213 1106 etiam
3248 1053 3375 1107 huic

1796 1141 2059 1195 interesse
2100 1140 2346 1209 negotio;
2384 1150 2441 1195 ut
2480 1142 2727 1196 inimicos
2773 1139 3030 1194 Ecclesia:
3070 1142 3372 1208 confutare,

1794 1242 2192 1303 extraneosque
2221 1234 2463 1287 indicare
2490 1248 2770 1303 possemus
2803 1249 2819 1286 :
2865 1247 2930 1287 ac
2959 1247 3024 1286 eo
3048 1234 3209 1287 modo
3259 1233 3375 1286 siu-

1794 1338 1922 1379 cere
1948 1338 2125 1379 causa:
2148 1323 2453 1393 disquisitio
2481 1324 2790 1377 haberetur.
2837 1321 3000 1377 Scitis
3024 1322 3167 1377 enim
3197 1322 3373 1378 Euse-

1795 1416 1984 1470 bianos
2007 1414 2129 1470 dolo
2164 1430 2288 1469 usos
2319 1412 2603 1483 epistolam
2639 1414 2945 1480 tradidisse,
2997 1416 3149 1485 quasi
3185 1430 3216 1469 a
3247 1414 3375 1471 Col-

1794 1507 2073 1572 luthiauis,
2111 1506 2415 1562 Meletianis
2445 1517 2499 1561 et
2528 1506 2748 1561 Arianis
2776 1507 3059 1562 adversum
3103 1524 3199 1563 nos
3239 1509 3374 1564 scri-

1794 1609 1961 1671 ptam.
1994 1598 2290 1668 Palamque
2314 1608 2396 1654 est
2422 1598 2562 1663 illos,
2586 1607 2774 1670 utpote
2803 1599 3061 1654 Ecclesiae
3097 1601 3376 1657 catholicae

1794 1692 2001 1757 hostes,
2035 1690 2168 1744 nihil
2211 1705 2335 1744 vere
2375 1690 2440 1744 de
2466 1691 2644 1755 nobis,
2678 1690 2771 1745 sed
2800 1691 2980 1744 omnia
3023 1691 3246 1746 adversa
3278 1695 3376 1746 de-

1794 1783 1955 1838 ferre.
2001 1783 2110 1837 Lex
2156 1795 2335 1836 autem
2380 1783 2473 1836 Dei
2525 1783 2803 1837 inimicum
2861 1792 3008 1838 vetat
3050 1783 3133 1837 vel
3185 1794 3375 1839 testem

146 1872 261 1923 αὐτοὶ
282 1874 325 1924 oi
356 1872 542 1944 ἐχθροὶ
578 1873 689 1943 (59)
715 1874 813 1945 τῆς
853 1876 1147 1949 καθολικῆς
1188 1878 1511 1951 Ἐκκλησίας
1539 1880 1686 1933 οὐδὲν

1794 1890 1915 1930 esse
1944 1876 2025 1929 vel
2056 1874 2317 1944 judicem.
2363 1874 2645 1945 Reliquum
2682 1884 2784 1941 est,
2836 1886 2892 1930 ut
2917 1886 3172 1947 tauquam
3207 1880 3257 1933 in
3292 1880 3379 1934 die

146 1962 299 2034 ἀληθὲς
319 1967 443 2036 περὶ
482 1965 666 2036 ἡμῶν,
701 1966 836 2021 ἀλλά
867 1968 1041 2023 πάντα
1065 1971 1187 2024 καθ’
1218 1974 1251 2043 ἡ
1263 1973 1378 2043 μῶν
1414 1972 1683 2041 λέγουσιν.

154 2056 194 2110 ’0
216 2058 261 2110 δὲ
283 2059 437 2129 νόμος
457 2059 558 2112 τοῦ
591 2061 725 2114 Θεοῦ
752 2060 874 2115 οὔτε
900 2064 1090 2136 ἐχθρὸν
1118 2066 1391 2137 μάρτυρα,
1423 2065 1546 2119 οὔτε
1575 2084 1690 2138 κρι-

146 2147 214 2217 τὴν
251 2145 376 2202 εἶναι
423 2150 702 2221 βούλεται.
752 2154 952 2209 Λοιπὸν
1009 2157 1084 2219 ὡς
1129 2160 1185 2212 ὲν
1223 2158 1409 2230 ἡμέρα
1450 2160 1689 2231 κρίσεως

144 2238 259 2307 λόγον
310 2241 598 2310 μέλλοντες
646 2243 880 2309 διδόναι,
948 2246 1203 2312 λαϐόντες
1252 2249 1313 2301 τὸ
1388 2249 1686 2322 μαρτύριον

144 2329 281 2395 τοῦτο,
313 2335 401 2388 καὶ
432 2336 661 2403 γνόντες
686 2337 953 2409 συσκευὴν
981 2339 1078 2411 τὴν
1121 2340 1242 2395 καθ’
1275 2343 1308 2413 ἡ
1319 2342 1434 2414 μῶν
1465 2342 1688 2413 γενομέ-

144 2441 231 2493 νην,
275 2428 719 2498 παρακληθέντες
751 2431 1057 2499 φυλάξασθε
1099 2434 1265 2505 μηδέν
1297 2452 1350 2487 τι
1380 2435 1501 2489 καθ’
1529 2435 1685 2507 ήμῶν

144 2516 319 2585 πρᾶξαι,
350 2520 484 2591 μηδὲ
517 2522 947 2596 συνάρασθαιτῇ
970 2526 1078 2579 τῶν
1113 2528 1242 2598 περὶ
1271 2527 1531 2581 Εὑσέϐιον
1564 2527 1687 2581 σκέ-

142 2608 222 2674 ψει.
241 2610 336 2664 Kal.
360 2611 469 2684 γάρ
500 2614 672 2667 πάλιν
711 2616 891 2671 οἴδατε
914 2658 927 2681 ,
959 2618 1036 2682 ὡς
1080 2619 1447 2689 προείπομεν,
1488 2618 1565 2682 ὼς
1596 2619 1688 2689 ἐχ-

1789 1968 1976 2038 judicii
2011 1968 2275 2022 rationem
2307 1969 2604 2033 reddituri,
2636 1969 2739 2025 hoc
2765 1980 2986 2041 accepto
3043 1974 3374 2037 testimonio,

1795 2062 2083 2132 aguitaque
2108 2061 2514 2129 conspiratione
2539 2062 2593 2115 in
2625 2076 2723 2117 nos
2744 2063 2999 2128 conﬂata,
3028 2066 3379 2135 quantumvis

1796 2152 1990 2223 rOgati,
2018 2152 2235 2221 quidvis
2261 2162 2447 2205 contra
2488 2167 2587 2205 nos
2619 2166 2782 2221 agere
2816 2154 3054 2208 caveatis
3089 2174 3103 2209 :
3146 2170 3246 2209 nec
3274 2155 3378 2210 Eu‘

1794 2246 2138 2298 sehianorum
2181 2243 2413 2298 consilio
2460 2228 2768 2299 sociemini.
2825 2243 2941 2300 Non
2978 2247 3150 2315 ignari
3177 2248 3376 2318 quippe

1792 2337 1947 2400 estis,
1980 2337 2054 2390 uti
2086 2351 2247 2406 supra
2278 2336 2513 2391 diximus
2534 2376 2548 2401 ,
2580 2335 2820 2392 infensos
2853 2338 3009 2393 nobis
3051 2338 3170 2394 illos
3203 2356 3325 2395 esse
3359 2358 3373 2393 :

1793 2445 1892 2484 nec
1924 2444 2020 2484 vos
2062 2430 2193 2483 latet
2218 2445 2316 2483 cur
2355 2429 2618 2483 Eusebius
2655 2430 2917 2485 Caesareas
2953 2430 3022 2485 ab
3059 2447 3203 2486 anno
3238 2449 3379 2503 pra:-

1792 2524 1953 2575 terito
1977 2521 2228 2577 inimicus
2256 2522 2410 2577 nobis
2436 2521 2611 2576 lactus
2636 2522 2726 2577 sit.
2764 2523 2955 2580 Valere
2976 2540 3071 2581 vos
3100 2536 3375 2595 optamus,

1798 2615 2004 2669 domini
2035 2616 2500 2671 desideratissimi.

144 2702 227 2774 θροί
245 2708 363 2760 εἰσιν
385 2709 569 2779 ἡμῶν,
606 2711 700 2764 καὶ
725 2712 884 2767 διὰτί
906 2713 1210 2779 Εὐσέϐιοςὸ
1256 2715 1357 2786 τῆς
1408 2713 1746 2785 Καισαρείας
1784 2710 1979 2781 ἐχθρὸς
2010 2711 2233 2780 γέγονεν
2271 2712 2378 2765 ἀπὸ
2412 2712 2659 2785 πέρυσιν.
2708 2714 3013 2787 Ἐρῤῶσθαι
3057 2717 3202 2788 ὑμᾶς
3234 2717 3381 2789 εὐχό-

144 2802 263 2870 μεθα,
295 2805 467 2878 κύριοι
508 2808 904 2865 ποθεινότατοι.

473 2896 593 2967 (60)
646 2901 906 2970 ΦΑΑΒΙῼ
945 2899 1280 2971 ΔιοΝΥΣιρ

219 2989 603 3062 λαμπροτάτῳ
626 2990 833 3062 κόμητι
861 2993 1022 3061 παρὰ
1052 2993 1171 3047 τῶν
1201 2994 1552 3047 ἐπισκόπων
1576 2992 1687 3062 τῆς

141 3057 389 3124 Αἰγύπτου
432 3059 775 3184 καθολικῆςί
822 3057 1211 3186 ’ἔκκλησίαα
1244 3063 1363 3118 τῶν
1385 3057 1688 3119 ἐλθόντώῶ-

721 3146 751 3184 ε
776 3152 807 3197 ς
880 3152 1047 3201 υρον.

188 3214 279 3269 Οὐκ
305 3217 380 3272 ἔτι
409 3219 717 3292 νομίζομεν
738 3218 836 3292 τὴν
865 3223 1135 3293 συσκευὴν
1175 3222 1369 3295 ἄδηλον
1407 3221 1550 3278 εἶναι
1587 3224 1685 3297 τὴν

140 3305 251 3376 παρὰ
271 3308 369 3361 τῶν
398 3313 533 3382 περὶ
571 3310 834 3363 Εὑσέόιον
858 3350 872 3376 ,
910 3313 1007 3366 καὶ
1044 3313 1331 3382 Θεόγνιον,
1360 3314 1455 3369 καὶ
1478 3313 1682 3386 Μάριν,

138 3397 206 3449 καὶ
232 3400 551 3472 Νάρκισσον,
593 3404 691 3456 καὶ
720 3401 1014 3474 Θεόδωρον,
1065 3406 1160 3459 καὶ
1186 3406 1523 3477 Πατρόφιλον
1552 3408 1685 3478 ἡμῖν

138 3494 430 3566 γιγνομένην.
467 3494 617 3549 Κατ’
644 3495 819 3567 ἀρχὴν
850 3496 947 3566 μὲν
977 3498 1086 3569 γὰρ
1116 3498 1509 3571 παρῃτούμεθα
1544 3499 1683 3552 πάν-

136 3595 201 3643 τες
217 3583 291 3637 διὰ
326 3585 417 3638 τοῦ
448 3584 874 3658 συλλειτουργοῦ
896 3586 1055 3658 ἡμῶν
1098 3587 1436 3652 Ἀθανασίου,
1485 3588 1687 3661 παρόν-

136 3686 215 3723 των
242 3674 427 3741 αὐτῶν,
458 3676 566 3749 τὴν
593 3677 859 3747 ἀκρόασιν
891 3677 1142 3746 γενέσθαι
1161 3696 1173 3708 °
1214 3679 1441 3745 είδότες,
1469 3681 1549 3735 ὅτι
1590 3680 1685 3735 καὶ

136 3759 221 3828 ἐνὸς
245 3767 390 3835 μόνου
414 3767 623 3841 ἐχθροῦ
658 3770 948 3839 παρουσία,
977 3773 1173 3843 μήτιγε
1201 3772 1431 3839 πολλῶν,
1479 3773 1683 3846 ταράτ-

135 3867 217 3908 τειν
242 3861 325 3912 καὶ
358 3860 629 3931 βλάπτειν
654 3860 875 3915 δύναται
896 3862 995 3934 τὴν
1021 3864 1306 3936 ἀκρόασιν.
1339 3864 1477 3920 Φανε
1487 3865 1555 3937 ρὰ
1576 3865 1685 3937 γάρ

136 3947 293 4023 ἐστινὴ
320 3952 491 4026 ἔχθρα
523 3953 731 4016 αὐτῶν,
766 3953 833 4025 ἣν
863 3954 924 4007 οὐ
974 3955 1111 4026 πρὸς
1138 3958 1299 4028 ήμᾶςξ
1318 3958 1477 4029 μόνον
1517 3959 1683 4031 ἐσχή-

134 4054 271 4107 κασιν,
308 4045 440 4099 ἀλλά
482 4046 584 4100 καὶ
639 4046 775 4116 πρὸς
824 4046 1029 4113 πάντας
1059 4051 1183 4115 τοὺς
1212 4050 1526 4123 ὀρθοδόξους
1548 4068 1562 4082 ο
1598 4052 1684 4105 ὅτι

133 4132 235 4186 κατά
266 4137 465 4203 πάντας
516 4136 880 4206 ἐπιφύονται,
927 4140 1021 4192 καὶ
1053 4141 1187 4193 πᾶσι
1222 4140 1681 4205 συσκευάζονται·

133 4221 274 4300 ἐπειδὴ
299 4230 351 4283 δὲ
384 4231 728 4303 θαρροῦντες
771 4232 932 4301 ἡμεῖς
968 4236 1034 4303 τῇ
1068 4232 1327 4305 ἀληθείᾳ,
1364 4232 1534 4299 δεῖξαι
1582 4235 1680 4306 τὴν
1712 4255 1757 4310 ι)

132 4324 445 4389 συκοφαντίαν
470 4324 580 4395 τὴν
607 4322 746 4376 κατά
766 4324 863 4393 τῆς
904 4323 1228 4394 Ἐκκλησίας
1274 4326 1378 4378 ὑπὸ
1416 4326 1525 4379 τῶν
1567 4328 1681 4380 Με-

132 4405 330 4467 λιτιανῶν
376 4414 691 4486 γενομένην
725 4414 1089 4487 ἠθελήσαμεν,
1146 4418 1247 4471 οὐκ
1298 4418 1519 4489 οἴδαμεν
1560 4418 1675 4483 πῶς

130 4501 305 4559 αὑτοίοὶ
329 4510 460 4579 περὶ
506 4506 774 4561 Εὑσέϐιον
808 4509 1094 4579 ταράττειν
1138 4510 1205 4564 τὰ
1248 4512 1378 4582 παρ’
1412 4511 1568 4583 ήμῶν
1594 4512 1681 4565 λε-

130 4592 289 4663 γόμενα
311 4600 621 4673 ἐπειρῶντο
640 4616 655 4631 ο
689 4600 782 4653 καὶ
811 4600 903 4652 ἐπὶ
930 4601 1064 4655 πολὺ
1095 4602 1426 4667 ἐσπούδαζον
1454 4604 1522 4657 τὰ
1547 4603 1678 4674 παρ’

131 4684 247 4753 ἡμῶν
270 4688 547 4763 λεγόμενα
586 4691 942 4744 ἐκϐάλλεσθαι
963 4733 976 4757 ,
1021 4696 1133 4756 τοῖς
1173 4694 1271 4765 μὲν
1299 4694 1572 4766 ἀκεραίως
1596 4695 1677 4747 δι-

130 4776 340 4839 κάζουσιν
368 4783 751 4846 ἀπειλοῦντες,
775 4784 897 4847 τοὺς
920 4785 976 4837 δὲ
1008 4785 1101 4837 καὶ
1132 4786 1445 4856 ὑϐρίζοντες
1470 4826 1483 4847 ,
1516 4786 1677 4856 μόνον

128 4864 189 4920 ἵνα
213 4870 263 4925 τὸ
288 4874 407 4929 καθ’
427 4878 459 4947 ἡ
470 4876 595 4948 μῶν
621 4875 1053 4946 σπουδαζόμενον
1083 4878 1265 4941 αὐτοῖς
1292 4878 1538 4949 γένηται.
1567 4878 1679 4931 Καὶ

126 4958 224 5025 ῐσως
250 4968 280 5036 ἡ
305 4969 623 5041 χρηστότης
662 4967 814 5038 ὑμῶν
854 4969 962 5039 (61)
998 4970 1179 5038 ἠγνόει
1229 4970 1326 5042 τὴν
1360 4970 1480 5024 καθ’
1520 4971 1677 5042 ήμῶν

123 5055 374 5128 γινομένην
401 5058 539 5129 παρ’
566 5056 747 5110 αὐτῶν
774 5057 1043 5127 συσκευήν
1063 5073 1076 5086 ’
1112 5057 1246 5111 ἀλλά
1268 5057 1361 5111 νῦν
1384 5056 1676 5127 νομίζομεν

122 5146 323 5213 φανερὰν
352 5149 529 5220 αὐτὴν
575 5146 922 5217 γεγενῆσθαι.
964 5147 1094 5201 Ἰδοὺ
1134 5149 1244 5221 γάρ
1282 5147 1532 5219 φανερῶς
1574 5148 1678 5200 αὑ-

122 5232 182 5283 τοὶ
206 5236 292 5308 τὴν
343 5239 624 5311 συσκευὴν
656 5240 1017 5303 ἐνεδείξαντο·
1045 5241 1173 5304 τοὺς
1207 5239 1316 5312 γὰρ
1374 5239 1433 5305 ἐξ
1467 5239 1675 5292 ἑαυτῶν

121 5320 396 5384 ἀποστεῖλαι
416 5331 704 5402 ἠθέλησαν
738 5331 818 5394 είς
856 5329 945 5383 τὸν
978 5330 1284 5402 Μαρεώτην
1304 5349 1317 5361 ·
1354 5332 1441 5385 ἵνα
1464 5370 1480 5393 ,
1510 5330 1678 5385 ἀπόν-

118 5424 203 5467 των
230 5420 399 5491 ἡμῶν,
434 5424 537 5477 καὶ
589 5421 824 5475 ἐνταῦθα
859 5422 1128 5493 μενόντων
1151 5465 1165 5490 ,
1217 5423 1344 5487 τοὺς
1376 5422 1475 5493 μὲν
1518 5422 1679 5485 λαοὺς

116 5574 528 5697 ὐπὲἱεὲίξὲῗνιξοε.
550 5585 641 5639 hic
661 5592 712 5638 et
727 5584 1039 5654 insequenti
1056 5587 1215 5657 epist.
1234 5586 1377 5645 Editi
1395 5588 1674 5652 mendose,

176 5716 189 5781 (

192 5648 475 5793 ἷεῧίνεέινὲε.
552 5724 709 5777 αὐτοὶ
768 5725 821 5777 οἱ
878 5724 1084 5797 ἐχθροί.
1155 5727 1212 5782 In
1288 5728 1471 5793 editis,
1520 5726 1676 5782 αὐτοί

120 5782 259 5839 deest.

172 5856 275 5930 (60)
296 5860 422 5919 llzec
442 5861 696 5934 epistola,
725 5866 865 5934 quod
896 5846 1128 5934 excepto
1162 5868 1319 5926 titulo
1349 5867 1678 5938 praecedenti

2229 2891 2367 2947 FLA
2386 2892 2509 2947 VIO
2546 2895 2909 2953 DIONYSIO

1898 2983 2206 3059 Clarissima
2246 2986 2445 3059 comiti,
2467 2987 2697 3059 episgopi
2721 2988 2964 3059 [Egyptit'
2995 2994 3271 3052 catholica:

2144 3053 2414 3121 Ecclesia,
2450 3053 2537 3126 qui
2578 3053 2772 3126 Tyrum
2799 3053 3018 3118 'ue'nere.

1864 3211 2025 3285 154
2053 3212 2400 3268 Arbitramur
2438 3228 2544 3268 non
2582 3216 2808 3271 mterius
2826 3217 3095 3272 occultam
3144 3233 3265 3278 esse
3306 3225 3375 3279 ab

1792 3307 2042 3373 Eusebio,
2064 3305 2358 3377 Theognio,
2397 3306 2555 3373 Mari,
2576 3306 2850 3375 Narcisso,
2872 3310 3158 3368 Theodoro
3187 3323 3242 3369 et
3264 3314 3374 3369 Pa-

1789 3400 2026 3469 trophilo
2054 3399 2106 3454 in
2136 3414 2237 3455 nos
2262 3399 2548 3455 conﬂatam
2573 3403 3052 3472 conspirationem.
3092 3405 3371 3479 Principio

1788 3494 1931 3546 enim
1948 3507 2138 3548 omnes
2164 3507 2262 3564 per
2276 3492 2632 3548 Athanasium
2651 3496 3083 3553 comministrum
3103 3509 3374 3571 nostrum,

1788 3584 2187 3650 recusavimus,
2216 3584 2507 3653 quominus
2536 3584 2603 3639 iis
2629 3587 2983 3656 prazsentibus
3012 3588 3371 3662 interrogatio

1788 3674 2082 3729 haberetur
2118 3690 2130 3726 :
2162 3676 2305 3745 quod
2334 3677 2500 3745 probe
2528 3678 2796 3735 sciremus
2836 3681 2920 3733 vel
2964 3682 3123 3737 unius
3163 3682 3369 3739 inimici

1787 3769 2130 3836 praesentiam
2158 3807 2171 3833 ,
2206 3768 2401 3822 nedum
2446 3769 2802 3839 plurimorum
2825 3811 2840 3836 ,
2882 3772 3367 3845 interrogationem

1788 3863 2010 3916 turbare
2041 3876 2104 3917 ac
2132 3860 2326 3916 laedere
2359 3877 2538 3931 posse.
2582 3862 2766 3917 Palam
2800 3863 2943 3919 enim
2990 3876 3073 3920 est
3109 3881 3225 3932 eos,
3262 3878 3370 3924 neu

1787 3967 1887 4007 nos
1907 3953 2191 4016 duntaxat,
2216 3951 2310 4007 sed
2342 3961 2394 4005 et
2416 3966 2604 4007 omnes
2631 3955 2962 4010 ortltodoxos
2981 3958 3107 4011 odio
3129 3958 3329 4014 habere
3352 3978 3365 4015 :

1786 4042 1839 4098 in
1871 4059 2062 4099 omnes
2093 4045 2294 4116 quippe
2344 4045 2651 4117 insurgunt,
2699 4047 2753 4101 in
2805 4063 2994 4104 omnes
3034 4051 3370 4119 conspirant.

1786 4137 2017 4203 Quando
2052 4147 2231 4191 autem
2262 4154 2360 4195 nos
2396 4140 2609 4195 veritati
2641 4139 3011 4208 conﬁdentes,
3042 4152 3304 4198 structam
3339 4161 3367 4197 a

1787 4228 2088 4283 Meletiauis
2117 4231 2531 4300 sycophantiam
2581 4231 2842 4287 adversus
2872 4230 3169 4287 Eeelesiam
3212 4250 3368 4289 com-

1788 4322 2022 4392 probare
2064 4323 2303 4392 aggressi
2354 4337 2571 4389 sumus,
2612 4324 2929 4390 ignoramus
2986 4339 3094 4392 quo
3141 4325 3370 4380 consilio

1790 4412 1955 4467 iidem
1998 4413 2288 4467 Eusebiaui
2344 4414 2487 4467 dicta
2530 4413 2880 4482 interpellare
2924 4423 3109 4468 nostra
3158 4418 3367 4481 conati,

1790 4505 2099 4561 testimonia
2126 4505 2289 4559 etiam
2323 4514 2508 4559 nostra
2539 4506 2828 4575 repudiare
2861 4505 2988 4560 totis
3022 4506 3229 4562 viribus
3261 4508 3366 4562 nisi

1788 4603 1936 4661 sunt,
1968 4596 2094 4649 dum
2122 4595 2369 4649 sineeros
2406 4592 2618 4662 judices
2670 4594 2852 4658 minis,
2905 4594 3041 4649 alios
3087 4605 3367 4651 contume-

1785 4687 1874 4741 liis
1904 4686 2271 4752 lacesserent;
2306 4700 2370 4740 eo
2398 4686 2571 4740 solum
2606 4695 2665 4739 ut
2697 4686 2779 4740 sui
2822 4687 3109 4741 adversum
3138 4702 3237 4743 nos
3282 4704 3374 4745 asa

1782 4778 2042 4845 sequendi
2078 4778 2337 4848 propositi
2372 4778 2526 4845 copia
2553 4786 2716 4834 esset.
2751 4777 2816 4832 Et
2848 4778 3080 4835 fortasse
3110 4782 3364 4837 humani-

1784 4880 1867 4926 tas
1914 4880 2002 4924 tua
2057 4885 2243 4925 eorum
2295 4870 2582 4939 ignorabat
2634 4871 3095 4941 conspirationem
3156 4874 3210 4927 in
3269 4890 3370 4930 nos

1781 4972 2044 5020 structam
2079 4982 2092 5018 :
2122 4964 2215 5017 sed
2252 4964 2588 5018 arbitramur
2630 4977 2751 5018 eam
2800 4980 2946 5020 nunc
2985 4980 3106 5021 esse
3153 4969 3371 5037 conspi-

1782 5071 1960 5111 cuam.
2000 5055 2092 5111 Na:
2137 5056 2211 5111 illi
2258 5056 2357 5125 ipsi
2413 5070 2531 5110 eam
2568 5055 2747 5125 palam
2804 5056 2984 5112 fecere
3029 5075 3044 5111 :
3092 5072 3157 5112 ex
3205 5060 3367 5114 sociis

1783 5160 2021 5216 namque
2056 5146 2170 5201 suis
2215 5146 2363 5201 viros
2383 5146 2539 5202 nobis
2562 5156 2848 5217 suspectos
2890 5147 3069 5217 legare
3104 5149 3368 5204 decreve-

1784 5246 1912 5291 runt
1949 5237 2001 5290 in
2027 5235 2321 5290 Mareotem
2351 5276 2367 5303 ,
2413 5246 2472 5291 ut
2511 5238 2668 5291 nobis
2711 5239 3024 5293 absentibus
3065 5250 3228 5319 atque
3277 5239 3366 5293 hic

1784 5327 2218 5393 remanentibus,
2259 5338 2313 5382 et
2346 5328 2571 5397 populos
2599 5330 2841 5394 turbare,
2877 5339 2933 5385 et
2959 5330 3225 5385 arbitratu
3265 5345 3363 5383 suo

1785 5437 1945 5493 agere
1977 5421 2361 5477 valeant.Cum
2390 5423 2640 5478 noverint
2665 5421 3207 5485 enimAriomanitas,
3234 5420 3363 5489 Col-

1783 5586 1896 5642 fere
1929 5587 2125 5642 similis
2153 5597 2318 5652 esset,
2359 5588 2413 5641 in
2451 5587 2614 5640 editis
2668 5586 2868 5639 omissa
2912 5590 3012 5637 est.
3050 5580 3155 5635 Sed
3186 5582 3360 5636 visum

1783 5667 1867 5711 est
1898 5673 2019 5711 eam
2061 5659 2350 5728 integram,
2380 5666 2541 5726 prout
2580 5657 2632 5728 in
2674 5658 3045 5728 manuscripto
3079 5653 3246 5728 liegio
3283 5652 3359 5728 1ος

1784 5729 1948 5797 gitur,
1985 5728 2087 5781 huc
2115 5720 2666 5797 transferre,qt,tod‘in
2695 5722 2966 5797 nonnullis
2984 5738 3011 5777 a
3035 5720 3363 5795 prmcedenti

1785 5794 2075 5861 discrepet,
2103 5806 2158 5851 et
2186 5798 2343 5865 longe
2374 5798 2445 5849 sit
2476 5796 2563 5849 illa
2596 5794 2832 5849 brevior.

1860 5866 1969 5938 (61)
1998 5866 2059 5921 L.
2093 5866 2210 5936 σοῦ,
2241 5880 2293 5922 ut
2323 5866 2489 5935 infra.
