3978 6526
585 404 678 460 591

1152 402 1210 457 S.
1251 400 1620 456 ATHANASII
1662 398 1811 454 OPP.
1857 399 2036 454 PARS
2077 400 2116 454 Ι.
2159 433 2227 444 --
2267 400 2641 457 HISTORICA
2676 401 2760 455 ET
2802 398 3218 455 DOGMATICA.

3734 398 3843 453 502

583 521 857 576 lutltianos
877 530 930 574 et
965 518 1281 574 Meletianos
1321 519 1573 573 Ecclesia:
1607 519 1788 573 hostes
1834 533 1986 583 esse,
2029 520 2149 573 ideo

2261 520 2593 592 ταράξωσιν.
2624 520 2659 573 ἀ
2709 520 2763 572 δὲ
2813 517 3084 587 βούλονται
3129 516 3558 587 διαπράξωνται.
3621 514 3843 577 mm;

583 613 688 665 hos
729 612 870 678 ipsos
897 625 961 664 eo
993 610 1281 664 mittendos
1327 618 1616 673 curarunt,
1651 620 1708 661 ut
1761 610 1812 662 in
1863 609 2147 677 prtesentia

591 702 926 756 inimicorum
952 717 1073 771 qua:
1105 701 1205 769 ipsi
1235 701 1502 755 voluerint
1528 700 1580 754 in
1622 715 1722 754 nos
1749 700 2147 753 machinentur.

582 792 797 848 Etenim
824 792 912 861 qui
935 792 1022 846 hic
1045 800 1331 846 versamur
1347 789 1611 844 Meletiani
1632 790 1742 860 jam
1769 804 1835 843 ex
1861 789 1972 843 suis
1993 803 2153 857 quos-

589 886 711 939 dam
743 885 919 940 isthuc
946 885 1146 939 misere
1182 897 1200 936 :
1238 894 1292 937 et
1323 892 1555 953 quatuor
1584 891 1711 936 ante
1737 882 1951 943 diebus,
1993 880 2148 949 gnari

583 977 798 1032 scilicet
855 977 991 1031 hanc
1034 976 1268 1029 futuram
1313 989 1433 1029 esse
1487 974 1967 1044 perquisitionem,
2020 974 2153 1028 duos

588 1064 897 1118 veredarios
926 1063 1023 1118 sub
1054 1077 1336 1132 vesperam
1380 1063 1679 1127 miserunt,
1714 1062 1806 1132 qui
1835 1062 2150 1117 Meletianos

584 1163 651 1201 ex
686 1148 916 1218 .IEgypto
942 1148 991 1201 in
1019 1146 1327 1212 Mareotem,
1353 1146 1442 1200 ubi
1467 1162 1535 1201 ne
1557 1163 1696 1201 unus
1719 1147 1935 1217 quidem
1963 1161 2150 1201 eorum

588 1240 795 1304 aderat,
818 1248 1110 1306 cogerent;
1142 1251 1208 1290 ex
1249 1236 1474 1306 aliisque
1529 1236 1661 1291 locis
1703 1237 2077 1293 Colluthianos
2103 1247 2156 1292 et

588 1330 970 1393 Arlomanitas,
998 1345 1131 1398 quos
1158 1329 1224 1383 de
1257 1328 1545 1384 calumniis
1583 1330 1638 1384 in
1681 1346 1780 1386 nos
1815 1330 2155 1401 proferendis

588 1434 715 1477 ante
747 1423 1097 1477 instruerent.
1144 1420 1387 1475 Meminit
1435 1432 1614 1477 autem
1682 1423 1993 1476 humanitas
2041 1429 2152 1486 tua,

591 1516 767 1585 ipsum
809 1528 993 1569 coram
1035 1522 1087 1567 te
1148 1513 1463 1568 confessum
1506 1514 1780 1585 lsehyram
1808 1554 1822 1578 ,
1877 1530 1982 1569 non
2041 1515 2158 1585 plus

592 1615 795 1673 septem
836 1618 955 1659 esse
984 1602 1074 1672 qui
1118 1604 1474 1658 conventibus
1523 1604 1774 1659 intersint
1816 1604 1950 1661 suis.
1977 1603 2158 1672 Quan-

592 1694 879 1765 doquidem
905 1695 1090 1767 igitur,
1116 1704 1399 1763 postquam
1445 1694 1713 1749 arbitratu
1754 1709 1853 1749 suo
1881 1695 1996 1750 haec
2032 1705 2158 1751 sunt

592 1788 909 1852 machinati,
958 1796 1240 1857 postquam
1302 1797 1583 1857 suspectos
1625 1801 1690 1843 eo
1734 1788 1932 1844 misere
1972 1790 2154 1852 viros,

2253 612 2380 683 γάρ,
2413 612 2492 664 ὅτι
2525 612 2920 682 Ἀρειομανῖται
2948 610 3039 661 καὶ
3071 608 3475 672 Κολλουθιανοὶ,
3522 608 3616 661 καὶ
3667 608 3839 661 Μελι-

2253 704 2444 766 τιανοὶ,
2477 701 2660 773 ἐχθροὶ
2690 702 2788 771 τῆς
2827 700 3148 769 Ἐκκλησίας
3167 698 3301 761 εἰσὶ,
3337 697 3426 751 διὰ
3452 696 3611 750 τοῦτο
3632 695 3843 749 ὲσπούο

2253 794 2420 847 δασαν
2454 793 2765 847 ἀποστεῖλαι
2811 790 3030 852 τούτους
3056 806 3069 818 ·
3103 790 3211 853 ἵνα,
3256 787 3543 858 παρόντων
3603 785 3839 856 ἐχθρῶν,

2257 884 2367 956 (62)
2402 884 2708 939 καττύσωσι
2757 882 2878 937 καθ’
2937 879 3091 952 ήμῶν
3137 881 3173 934 ἀ
3226 880 3527 951 βούλονται.
3585 880 3699 932 Καὶ
3733 879 3844 950 γὰρ

2256 978 2354 1048 ήδη
2384 978 2432 1030 οἱ
2466 976 2696 1030 ἐνταῦθα
2724 973 3035 1029 Μελιτιανοὶ
3064 973 3393 1026 ἀπέστειλαν
3436 971 3496 1037 ἐξ
3542 971 3723 1025 αὐτῶν
3758 988 3844 1023 τι-

2256 1084 2355 1131 νας
2376 1107 2389 1130 ,
2424 1067 2519 1121 καὶ
2552 1066 2660 1137 πρὸ
2704 1065 2983 1134 τεσσάρων
3020 1063 3115 1134 μὲν
3141 1062 3398 1134 ἡμερῶν,
3427 1062 3617 1133 ὥσπερ
3644 1062 3847 1124 εἰδότες

2255 1156 2414 1209 τοῦτο
2442 1155 2503 1209 τὸ
2528 1157 2748 1226 σκέμμα
2771 1155 3059 1225 γενόμενον
3090 1154 3335 1218 ἔσεσθαι,
3382 1156 3479 1209 καὶ⁸
3506 1154 3751 1225 ἑσπέραν
3786 1154 3845 1207 δὲ

2256 1248 2347 1302 δύο
2379 1248 2721 1321 βηριδαρίους
2749 1247 2884 1320 πρὸς
2910 1247 2971 1300 τὸ
2994 1247 3086 1300 καὶ
3115 1247 3225 1300 ἀπὸ
3260 1248 3360 1318 τῆς
3392 1247 3677 1316 Αἰγύπτου
3731 1248 3849 1301 Μερ

2256 1340 2523 1405 λιτιανοῦς
2555 1342 2878 1408 συναγαγεῖν
2912 1340 2991 1402 είς
3023 1337 3113 1392 τὸν
3142 1339 3452 1411 Μαρεώτην
3472 1379 3487 1402 ,
3533 1337 3625 1391 διὰ
3668 1337 3732 1390 τὸ
3772 1338 3848 1408 μὴ

2257 1427 2396 1485 εἶναι
2436 1432 2551 1484 ἐκεῖ
2602 1429 2807 1501 μηδένα
2848 1427 3096 1494 καθόλου,
3141 1429 3237 1482 καὶ
3283 1428 3719 1489 Κολλουθιανοὺς
3751 1427 3849 1481 καὶ

2270 1520 2680 1594 Ἀρειομανίτας
2713 1519 2811 1572 ἀπ’
2845 1518 3017 1573 ἄλλων
3047 1519 3260 1573 τόπων·
3298 1520 3394 1572 καὶ
3421 1517 3696 1572 καττύσαι
3720 1516 3849 1571 καθ’

2256 1614 2411 1684 ἡμῶν
2436 1612 2633 1675 αὐτοὺς
2686 1611 2886 1680 λέγειν.
2921 1607 3043 1665 Οἵδε
3082 1611 3138 1665 δέ
3188 1627 3286 1664 σου
3318 1614 3351 1682 ή
3386 1594 3725 1682 χρηστότης,
3762 1610 3846 1662 ὅτι

2257 1702 2794 1775 αύτὸςὼμολόγησεν
2815 1702 2907 1755 ἐπὶ
2944 1701 3036 1755 σοῦ
3072 1701 3146 1775 μὴ
3169 1702 3332 1757 πλέον
3362 1702 3503 1756 ὲπτά
3539 1701 3847 1773 συναγομέ-

2258 1813 2363 1849 νων
2389 1795 2558 1865 ἔχειν.
2602 1794 2754 1847 Ἐπεὶ
2783 1788 2874 1847 οῦν
2913 1792 3048 1865 μετά
3078 1794 3139 1847 τὸ
3185 1794 3385 1857 αὐτοὺς
3430 1794 3849 1848 κατασκευάσαι

592 1881 955 1951 comperimus
983 1894 1077 1934 eos
1127 1879 1459 1950 singulorum
1504 1880 1877 1949 episcoporum
1924 1878 2150 1934 circum-

2261 1889 2391 1958 ὅπερ
2425 1886 2725 1957 βούλονται,
2750 1886 2843 1939 καὶ
2867 1886 3180 1939 ἀποστεῖλαι
3205 1887 3332 1948 τοὺς
3365 1885 3643 1949 ὑπόπτας,
3673 1885 3844 1955 ἡκού-

590 1972 735 2028 circa
770 1971 1192 2040 subscriptiones
1231 1971 1523 2040 postulare,
1577 1980 1638 2024 ut
1680 1984 1866 2025 eorum
1917 1971 2154 2025 omnium

589 2080 855 2121 consensu
889 2079 975 2118 res
1007 2075 1157 2133 gesta
1188 2063 1474 2129 videatur;
1508 2077 1568 2118 ea
1597 2077 1727 2118 sane
1757 2062 1824 2117 de
1848 2076 2008 2117 causa
2045 2075 2157 2115 ma-

590 2157 876 2210 turandum
903 2154 1156 2210 duximus
1184 2155 1297 2210 haec
1324 2155 1389 2209 ad
1414 2163 1559 2208 tuam
1593 2152 1895 2209 claritatem
1922 2152 2155 2217 deferre,

589 2249 798 2317 hocque
863 2246 1229 2301 testimonium
1287 2246 1383 2300 tibi
1441 2246 1660 2301 tradere
1724 2261 1739 2296 :
1794 2254 2160 2300 contestamur

588 2340 732 2395 enim
754 2354 850 2393 nos
869 2337 1359 2408 conspirationibus
1382 2336 1721 2408 insidiisque,
1754 2336 1963 2391 illorum
1994 2350 2157 2405 opera

590 2429 913 2498 illorumque
940 2442 1135 2492 causa,
1183 2427 1385 2496 appeti.
1421 2426 1800 2497 Rogamusque
1850 2436 1909 2481 ut
1957 2427 2047 2482 Dei
2091 2426 2159 2480 ti-

591 2533 741 2575 more
764 2518 817 2572 in
846 2526 1027 2572 mente
1055 2524 1331 2586 suscepto,
1359 2529 1568 2570 necnon
1604 2516 1707 2586 piis
1758 2517 2027 2572 mandatis
2074 2532 2159 2571 re-

591 2608 922 2680 ligiosissimi
971 2607 1348 2677 imperatoris,
1386 2607 1798 2677 improbansque
1841 2609 1983 2677 quod
2021 2609 2157 2664 citra

591 2714 911 2757 consensum
948 2708 1219 2766 nostrum,
1245 2712 1382 2768 quos
1407 2698 1563 2754 libuit
1590 2713 1658 2755 eo
1684 2700 1947 2767 miserint,
1979 2714 2046 2756 ne
2074 2710 2159 2757 to-

590 2792 732 2848 leres
760 2807 875 2847 eos.

661 2882 753 2938 79.
777 2881 1132 2938 Adamantius
1145 2884 1434 2953 episcopus
1457 2884 1554 2940 has
1572 2882 1781 2940 litteras
1806 2883 1951 2951 dedi,
1976 2884 2160 2957 Ischy-

589 2990 702 3042 ras,
732 2976 982 3041 Ammon,
1004 2975 1215 3043 Petrus,
1240 2975 1648 3037 Ammonianus,
1678 2977 1983 3047 Tyrannus,
2018 2976 2159 3032 Tau-

588 3068 763 3131 rinus,
791 3066 1181 3136 Sarapammon
1202 3107 1217 3134 ,
1270 3066 1517 3122 IEIurion
1538 3109 1554 3136 ,
1588 3066 1975 3138 Harpocration
1998 3111 2013 3136 ,
2048 3070 2158 3125 Mo—

589 3174 697 3225 ses,
731 3159 981 3227 Optatus,
1012 3158 1285 3222 Anuhion,
1316 3156 1572 3227 Saprion,
1608 3160 1950 3230 Apollonius,
1976 3160 2158 3232 lschy-

588 3255 729 3315 rion,
760 3252 1094 3315 Arbaathion,
1127 3249 1409 3315 Potamon,
1438 3250 1793 3320 Paplmutius,
1822 3252 2153 3320 Heraclides,

589 3345 939 3410 Theodorus,
989 3344 1379 3413 Agathannnon
1401 3385 1416 3409 ,
1459 3342 1626 3398 Gaius
1653 3384 1668 3407 ,
1714 3343 1930 3410 Pistus,
1963 3347 2155 3412 Athas,

588 3437 779 3501 Nicon,
805 3436 1072 3505 Pelagius,
1104 3434 1311 3500 Theon,
1342 3434 1701 3489 Paninuthius
1723 3475 1738 3499 ,
1768 3434 2011 3500 Nonnus,
2036 3438 2159 3491 Ari-

588 3538 733 3591 ston,
768 3529 1106 3592 Theodorus,
1140 3528 1371 3582 lrenaaus
1392 3565 1407 3590 ,
1436 3526 1825 3591 Blastammon,
1858 3526 2154 3599 Philippus,

586 3619 827 3688 Apollos,
852 3618 1009 3688 155
1034 3617 1322 3673 Dioscorus
1342 3658 1356 3683 ,
1387 3616 1702 3673 Timotheus
1737 3619 2153 3689 Diospolitanus,

590 3711 891 3773 Macarius,
918 3710 1352 3773 Heraclammon,
1396 3708 1662 3777 Cronius,
1699 3707 1836 3765 Muis
1858 3751 1872 3776 ,
1901 3709 2154 3779 Iacobus,

588 3803 833 3868 Ariston,
867 3801 1268 3867 Artemidorus,
1301 3797 1566 3867 Phinees,
1602 3800 1789 3869 Psais,
1824 3802 2151 3860 Heraclides.

1118 3973 1189 4027 Et
1214 3977 1439 4028 secundo
1464 3975 1623 4029 iidem

1037 4063 1314 4119 FLAVIO
1346 4064 1703 4122 DIONYSIO

587 4158 780 4214 Comiti
819 4157 1203 4233 illusgissimo,
1229 4158 1450 4233 δρέπορὶ
1488 4158 1755 4214 catholica?
1786 4158 2039 4217 Ecclesia:
2064 4162 2153 4233 qui

941 4228 1137 4298 Tyrum
1165 4244 1229 4282 ea:
1248 4225 1478 4297 Egypto
1507 4244 1819 4284 concessere.

654 4389 788 4445 Cum
824 4388 1086 4461 plurimas
1118 4386 1397 4441 videamus
1432 4386 1485 4440 in
1525 4402 1624 4441 nos
1661 4386 1922 4444 conﬂatas
1960 4389 2148 4456 conju-

583 4485 845 4550 rationes,
878 4480 1207 4549 insidiasque
1229 4488 1469 4535 structas
1503 4494 1570 4535 ex
1604 4481 2007 4549 conSpiratione
2038 4484 2147 4538 Eu.

582 4574 740 4639 sebii,
768 4572 1027 4638 Narcissi,
1057 4570 1285 4635 Flacilli,
1324 4568 1610 4641 Theognii,
1650 4569 1836 4636 Maris,
1871 4571 2145 4628 Theodori

579 4677 634 4723 et
664 4664 955 4734 Patrophili
984 4681 1000 4719 :
1029 4678 1164 4733 quos
1188 4678 1311 4718 cum
1344 4678 1373 4716 a
1398 4662 1662 4732 principio
1705 4677 1955 4719 recusare
1979 4664 2145 4719 velle-

577 4776 719 4827 mus,
747 4760 800 4814 id
826 4758 1048 4813 minime
1075 4757 1229 4812 nobis
1259 4771 1575 4812 concessum
1606 4764 1722 4822 est,
1753 4757 1818 4810 ad
1845 4757 1985 4812 hanc
2013 4773 2145 4812 con-

580 4849 917 4903 testationem
949 4849 1135 4902 venire
1157 4847 1416 4916 cogimur.
1460 4844 1673 4899 Etenim
1721 4846 1848 4901 hinc
1895 4862 2141 4917 magnam

578 4940 642 4992 de
668 4938 971 4991 Meletianis
999 4938 1108 5006 geri
1137 4938 1550 4993 sollicitudinem
1572 4977 1587 5002 ,
1623 4936 1750 4991 hinc
1802 4946 2035 4993 structas
2090 4939 2140 4992 in

575 5029 898 5084 catholicam
925 5027 1144 5099 Egypti
1178 5027 1469 5083 Ecclesiam
1504 5028 1673 5081 nostri
1727 5042 1892 5081 causa
1924 5028 2145 5083 insidias

576 5120 869 5177 cernimus.
894 5119 1227 5188 Quapropter
1248 5118 1386 5173 hanc
1417 5117 1511 5172 tibi
1546 5118 1809 5172 tradimus
1832 5117 2140 5185 epistolam,

575 5219 829 5281 rogantes
858 5218 917 5263 ut
944 5210 997 5262 in
1032 5217 1211 5262 mente
1239 5208 1445 5262 habens
1474 5207 1639 5261 Deum
1690 5207 2140 5276 omnipotentem,

641 5345 754 5416 (62)
804 5345 961 5416 Reg._
991 5347 1142 5416 παρὰ
1193 5341 1301 5395 τῶν
1331 5340 1698 5416 exsensa
1732 5342 1785 5396 in
1823 5344 2141 5411 praecedenti

574 5411 856 5487 παρόντων
876 5411 1109 5485 ἐχθρῶν,
1134 5428 1252 5487 quae
1288 5426 1423 5487 vera
1453 5423 1534 5464 est
1572 5411 1750 5487 lectio.

645 5482 757 5556 (63)
792 5482 1141 5556 suspicantur
1173 5482 1726 5556 ltuneAdamantium
1750 5496 1871 5556 eum
1896 5497 2016 5538 esse
2046 5485 2138 5553 qui

571 5556 625 5611 in
654 5550 1144 5622 subscriti'tionihtts
1179 5550 1929 5622 SardicensibusAmantius
1978 5550 2139 5607 voca-

575 5635 681 5688 tur,
728 5620 916 5690 estque
950 5624 1022 5677 ibi
1053 5626 1245 5676 ordine
1280 5620 1567 5674 secundus.
1604 5621 1721 5673 Mox
1751 5620 1885 5689 Reg.
1914 5622 2000 5674 ἵνα
2036 5626 2139 5677 Ἰσ-

609 5695 1025 5764 ύρας,”Αμμων.
1055 5692 1160 5745 Sed
1176 5707 1292 5764 γι·οχ
1312 5691 1398 5743 ἵνα
1416 5700 1498 5764 est
1518 5705 1937 5764 supervacanea.
1966 5693 2136 5747 Porro

609 5712 763 5764 υρας,
796 5712 1025 5761 Αμμων.
1055 5712 1160 5745 aeu
1192 5712 1292 5745 vox
1314 5712 1398 5743 ινα
1416 5712 1498 5744 cst
1518 5712 1937 5758 supervacanea.
1966 5712 2133 5747 rnrro

571 5712 688 5816 haec
722 5764 826 5815 duo
858 5761 1128 5829 ’1σχύρας,
1161 5763 1389 5829 Ἄμμων
1426 5759 1562 5811 forte
1599 5758 1737 5811 facta
1779 5774 1843 5813 ex
1891 5762 1991 5816 hoc
2027 5778 2133 5816 uno

2258 1996 2452 2051 σαμεν,
2483 1980 2565 2032 ὅτι
2605 1978 2725 2032 καθ’
2763 1977 2991 2031 ἕκαστον
3040 1976 3147 2030 τῶν
3204 1978 3521 2032 ἐπισκόπων
3559 1977 3847 2048 περιερχό-

2261 2087 2430 2141 μενοι,
2458 2069 2779 2123 ἀπαιτοῦσιν
2807 2054 3147 2141 ὑπογραφὴν,
3163 2070 3300 2141 πρὸς
3319 2070 3378 2122 τὸ
3403 2069 3586 2123 δοκεῖν
3614 2072 3685 2141 τῇ
3714 2069 3846 2122 πάν-

2256 2178 2364 2215 των
2394 2161 2573 2215 αὐτῶν
2594 2161 2781 2231 σκέψει
2800 2160 3051 2229 γενέσθαι
3069 2177 3082 2191 ·
3107 2160 3295 2214 τούτου
3315 2161 3504 2213 ἕνεκεν
3530 2160 3844 2227 ἀνενεγκεῖν

2258 2255 2351 2308 ἐπὶ
2375 2255 2473 2326 τὴν
2500 2256 2599 2327 σήν
2645 2253 3006 2325 λαμπρότητα
3039 2253 3409 2324 ὴπείχθημεν,
3439 2252 3537 2305 καὶ
3568 2250 3845 2304 ἐπιδοῦναι

2258 2347 2376 2400 τόδε
2395 2346 2456 2398 τὸ
2478 2345 2771 2417 μαρτύριον
2790 2363 2802 2376 ·
2837 2346 3232 2418 μαρτυρόμενοι
3264 2347 3382 2417 μὲν,
3410 2344 3492 2399 δτι
3510 2341 3845 2406 συσκευαζό-

2262 2438 2421 2509 μεθα,
2448 2438 2541 2491 καὶ
2567 2438 2845 2508 πάσχομεν
2872 2438 2962 2490 ὑπ’
2993 2436 3169 2491 αὐτῶν
3194 2438 3287 2490 καὶ
3315 2437 3383 2491 δι’
3411 2436 3601 2491 αὐτῶν
3622 2434 3843 2488 ἐπιϐου-

2257 2530 2375 2602 λὴν,
2409 2529 2682 2598 ἀξιοῦντες
2704 2531 2761 2584 δὲ
2789 2531 2955 2595 ὃπως,
2983 2531 3041 2584 ὲν
3070 2529 3144 2601 νῷ
3177 2528 3356 2583 λαϐὼν
3400 2529 3495 2583 τὸν
3547 2528 3716 2598 φόϐον
3752 2527 3842 2581 τοῦ

2258 2621 2394 2676 Θεοῦ
2419 2622 2511 2676 καὶ
2533 2621 2630 2683 τὰς
2646 2620 2889 2685 εὐσεϐεῖς
2915 2620 3132 2685 ἐντολὰς
3160 2620 3255 2674 τοῦ
3295 2619 3719 2690 θεοφιλεστάτου
3752 2618 3844 2690 βα-

2259 2712 2471 2777 σιλέως,
2489 2712 2564 2775 ὼς
2583 2714 2903 2780 καταγνοὺς,
2934 2712 3016 2765 ὅτι
3041 2713 3207 2783 χωρὶς
3239 2712 3272 2782 ή
3283 2710 3401 2783 μῶν
3438 2710 3537 2776 οὓς
3568 2712 3843 2783 ἠθέλησαν

2257 2800 2603 2865 ἀπέστειλαν,
2637 2799 2710 2871 μὴ
2744 2799 2955 2870 ἀνάσχῃ
2987 2798 3185 2853 αὐτῶν.

2330 2892 2438 2963 (65)
2475 2892 2828 2962 Ἀδαμάντιος
2861 2891 3156 2954 ἐπίσκοπος
3179 2890 3505 2955 ἐπιδέδωκα,
3568 2888 3841 2960 Ἱσχύρας,

2262 2984 2517 3055 Ἄμμων,
2548 2983 2773 3055 Πέτρος,
2793 2983 3185 3053 ’Δμμωνιανὸς.
3217 2981 3516 3054 Τύραννος,
3551 2983 3841 3053 Ταυρῖνος,

2258 3075 2649 3148 Σαραπάμμων
2670 3112 2684 3138 ,
2718 3074 3014 3146 Αξλουρίων
3039 3114 3054 3139 ,
3112 3074 3525 3145 Ἁρποκρατίων
3550 3114 3566 3139 ,
3610 3073 3842 3141 Μωσῆς,

2272 3167 2552 3231 Ὀπτᾶτος,
2598 3166 2907 3229 Ἀνουϐίων,
2931 3164 3204 3236 Σαπρίων,
3240 3161 3627 3227 Ἀπολλώνιος,
3669 3165 3849 3233 Ἰσχυο

2261 3260 2411 3332 ρίων,
2450 3259 2795 3330 Ἀρϐαιθίων,
2832 3257 3117 3327 Ποτάμων,
3149 3256 3504 3327 Παφνούτιος,
3549 3256 3847 3328 Ἡρακλεέ-

2257 3345 2372 3416 δης,
2404 3344 2696 3416 Θεόδωρος,
2738 3344 3127 3415 Ἀγαθάμμων,
3170 3344 3350 3408 Γάϊος,
3387 3346 3597 3410 Πιστὸς,
3632 3345 3844 3409 Ἀθας,

2256 3438 2461 3501 Νίκων,
2490 3437 2775 3503 Πελάγιος,
2808 3434 2975 3498 Θέων,
3012 3435 3381 3500 Πανινούθιος,
3413 3436 3630 3501 Νόννος,
3683 3436 3848 3508 ’Δρί-

2260 3545 2418 3592 στων,
2446 3527 2735 3599 Θεόδωρος,
2769 3527 3079 3598 Εἰρηναῖος,
3105 3526 3481 3599 Βλαστάμμων
3502 3568 3517 3594 ,
3543 3528 3842 3593 Φίλιππος.

2269 3619 2558 3684 Ἀπολλὼς,
2587 3619 2903 3689 Διόσκορος,
2937 3619 3197 3690 Τιμόθεος
3238 3620 3577 3683 Διοσπόλεως
3597 3661 3612 3682 ,
3635 3620 3842 3673 Μακά-

2258 3729 2392 3785 ριος,
2434 3711 2859 3784 Ἠρακλάμμων,
2891 3710 3140 3780 Κρόνιος,
3176 3711 3317 3776 Μῦῖς
3350 3710 3496 3782 (64),
3554 3710 3843 3772 Ἰάκωϐος,

2268 3804 2566 3875 Ἀρίστων,
2630 3799 3052 3874 Ἀρτεμίδωρος,
3107 3802 3328 3868 Φινεὲς,
3404 3802 3588 3867 Ψάῖς,
3668 3802 3848 3871 Ἦρα-

2257 3897 2491 3968 κλεὶδης.

2678 3990 2787 4044 Kal
2815 3990 3097 4057 δεύτερον
3128 3988 3182 4039 οἱ
3214 3985 3387 4039 αὐτοί
3403 3967 3415 3987 ’

2705 4085 2850 4137 ma
2866 4083 2984 4151 Υιῼ
3028 4078 3378 4151 Argivum

2260 4150 2346 4219 Τῷ
2386 4151 2805 4225 λαμπροτᾴτῳλ
2833 4143 3042 4225 κόμὴζι
3077 4148 3210 4225 (65),
3264 4143 3353 4200 ρι’
3384 4146 3457 4225 ἐν
3517 4147 3688 4225 Τιθρρὶ
3729 4143 3845 4222 dg‘

2323 4218 2624 4291 Αἰγύπτου
2662 4218 2942 4287 ἐλθόντες
2994 4219 3313 4273 ἐπίσκοποι
3350 4218 3465 4284 τῆς
3505 4218 3847 4279 καθολικῆς

2335 4292 2716 4345 Ἐκκλ-ησίαρ.

2394 4308 2716 4359 xoret-notae.

2320 4382 2529 4445 Πολλὰς
2576 4381 2806 4453 ὁρῶντες
2851 4377 3117 4441 συσκευὰς
3170 4376 3290 4431 καθ’
3323 4376 3486 4447 ήμῶν
3518 4373 3846 4445 γινομένας,

2252 4474 2346 4528 καὶ
2378 4472 2668 4537 ἐπιϐουλὰς
2700 4474 2765 4526 ἐκ
2790 4472 2897 4541 (66)
2930 4469 3195 4541 συσκευῆς
3236 4467 3346 4522 τῶν
3375 4469 3508 4538 περὶ
3544 4465 3843 4527 Εὑσέϐιον,

2250 4567 2346 4621 καὶ
2367 4566 2698 4636 Νάρκισσον,
2720 4565 2815 4619 καὶ
2837 4562 3147 4624 Φλάκιλλον,
3177 4561 3268 4615 καὶ
3288 4560 3562 4628 Θεόγνιον,
3587 4558 3679 4611 καὶ
3708 4556 3849 4610 Μά-

2253 4675 2359 4731 ριν,
2408 4657 2501 4712 καὶ
2534 4657 2826 4727 Θεόδωρον,
2877 4656 2971 4708 καὶ
3016 4649 3372 4723 Πατρόφιλον,
3423 4648 3520 4712 οὓς
3559 4646 3697 4701 κατὰ
3733 4647 3847 4715 τὴν

2250 4748 2423 4821 ἀρχὴν
2451 4748 2771 4818 θελήσαντες
2796 4742 3254 4815 παραιτήσασθαι,
3287 4741 3389 4794 οὐκ
3414 4740 3696 4810 ἐπετράπη
3707 4755 3850 4807 μεν,

2249 4842 2495 4911 ἀνάγκην
2523 4840 2715 4909 ἔχομεν
2752 4836 2845 4890 ἐπὶ
2874 4834 3031 4907 τήνδε
3061 4832 3159 4903 τήν
3192 4832 3592 4902 διαμαρτυρίαν
3622 4829 3846 4883 ἐλθεῖν.

2248 4933 2359 4987 Καὶ
2403 4932 2512 5002 γὰρ
2548 4928 2745 5000 πολλὴν
2785 4927 2923 4998 ὑπὲρ
2959 4922 3297 4979 Μελιτιανῶν
3339 4922 3558 4993 ὁρῶμεν
3596 4918 3855 4991 σπουδὴν

2250 5025 2597 5096 γιγνομένην,
2629 5019 2770 5075 κατά
2803 5019 2859 5073 δὲ
2886 5018 2987 5089 τῆς
3029 5016 3320 5086 Μθολικῆς
3356 5013 3682 5086 Ἐκκλησίας
3734 5013 3853 5083 τῆς

2249 5120 2307 5172 ὲν
2361 5116 2619 5186 Αἰγύπτῳ
2651 5114 2716 5167 δι’
2750 5111 2906 5184 ἡμῶν
2939 5109 3246 5178 ἐπιϐουλήν.
3312 5108 3475 5161 Ὅθεν
3522 5104 3853 5177 ὲπιδίδομέν

2250 5228 2334 5265 σοι
2371 5209 2529 5280 τήνδε
2572 5208 2668 5280 τὴν
2695 5204 3002 5274 ἐπιστολὴν,
3034 5200 3309 5266 ἀξιοῦντες
3352 5202 3411 5254 ὲν
3446 5199 3523 5270 νῷ
3556 5215 3610 5252 σε
3636 5196 3857 5251 λαϐεῖν

2247 5345 2388 5399 inter
2409 5341 2614 5412 primos
2648 5345 3020 5412 recensentur.
3053 5333 3280 5412 Beliqua
3315 5331 3532 5412 nomina
3566 5330 3857 5412 fereom-

2246 5416 2334 5470 nia
2368 5399 2566 5466 ibidem
2593 5429 2607 5463 :
2635 5411 2725 5463 sed
2752 5405 3018 5475 suspicari
3051 5399 3464 5475 licet—nonnihil
3501 5399 3859 5475 mutationis

2245 5483 2540 5550 contigisse
2571 5494 2586 5533 :
2612 5496 2661 5532 ν.
2689 5495 2740 5548 g.
2769 5470 3032 5547 Ταυρῖνος
3058 5490 3153 5539 pro
3189 5472 3476 5542 Τιϐερῖνος
3506 5470 3638 5525 forte
3672 5472 3858 5539 poci-

2247 5564 2378 5609 tum.
2419 5550 2586 5605 Paulo
2620 5558 2737 5611 post
2766 5548 2894 5611 Reg.
2920 5543 3176 5611 Μωῡσῆς.

2271 5569 2378 5608 um.
2420 5566 2586 5605 Paulo
2620 5566 2737 5608 00$!
2768 5566 2894 5608 Heg.
2920 5566 3176 5608 Μωυσης.

2317 5569 2378 5608 m.
2420 5562 2586 5605 Paulo
2620 5562 2737 5615 post
2767 5562 2894 5615 lieg.
2920 5562 3176 5611 Μωυσης.

2317 5624 2430 5690 ((Η)
2460 5620 2591 5689 Reg.
2617 5618 2810 5681 Μούῖς.
2842 5617 2980 5671 Editi
3004 5612 3197 5676 Μοῦῖς.

2314 5690 2819 5764 (βξίμῖεεοκάμιτιι
3122 5751 3162 5764 ..
3239 5752 3277 5764 ..
3356 5752 3369 5764 .

2312 5749 2424 5831 (66)
2466 5749 2563 5814 ἘΞ
2615 5749 2767 5816 deest
2807 5759 2859 5814 in
2900 5754 3082 5813 editis.
3122 5751 3198 5809 Ex
3238 5752 3409 5823 Regio
3470 5749 3861 5818 desum}:th

574 5834 789 5886 nomine
813 5832 1317 5899 ’lcxupippwv,qui
1353 5829 1622 5901 iniisdem
1650 5830 2132 5900 subscriptionibus
2239 5829 2339 5889 est.
