3978 6504
132 470 219 525 393
1244 468 1587 526 APOLOGIA
1625 468 1903 524 CONTRA
1946 467 2267 523 ARIANOS.

3254 465 3358 521 ὅθί

134 584 203 635 τὸν
233 580 363 633 Θεὸν
410 579 508 633 τὸν
558 582 985 653 παντοκράτορα,
1035 582 1123 637 τὸν
1154 583 1250 654 τὴν
1285 584 1561 654 βασιλείαν
1597 583 1691 635 τοῦ

1801 583 1884 651 qui
1912 582 2194 652 imperium
2227 588 2430 635 tutatur
2454 580 2683 651 piissimi
2714 588 2769 634 et
2797 580 3184 651 religiosissimi
3215 582 3355 635 Con-

135 671 511 726 εὐσεϐεστάτου
534 675 631 727 καὶ
658 673 1065 743 θεοφιλεστάτου
1092 674 1347 745 βασιλέως
1382 676 1491 746 (67)
1536 677 1691 728 Κων-

137 762 393 818 σταντίνου
413 764 863 833 διαφυλάττοντα,
891 766 1127 836 τηρῆσαι
1166 768 1261 838 τὴν
1294 768 1557 838 ἀκρόασιν
1584 766 1691 821 τῶν

136 854 235 907 καθ’
264 854 413 923 ἡμᾶς
442 855 784 925 πραγμάτων
818 858 965 929 αὐτῷ
1011 859 1087 929 τῷ
1133 858 1500 929 εὐσεϐεστάτῳ
1540 858 1691 928 βασι-

133 946 218 997 λεῖ.
248 945 354 999 Καὶ
384 944 498 1016 γὰρ
531 945 750 1014 εὐλογον
774 948 1142 1002 ἀποσταλέντα
1177 965 1235 1001 σε
1270 947 1419 1019 παρά
1461 948 1561 1017 τῆς
1592 946 1688 1016 βα-

136 1035 320 1098 σιλείας
360 1035 555 1098 αὐτοῦ,
597 1038 691 1091 καὶ
720 1038 876 1107 ἡμῶν
908 1038 1381 1110 ἐπικαλεσαμένων
1412 1039 1510 1109 τὴν
1536 1037 1691 1090 εὐσέ-

133 1127 268 1179 ϐειαν
295 1126 460 1179 αὐτοῦ
497 1127 609 1199 (68)
638 1129 785 1199 αὐτῷ
818 1132 1051 1202 τηρῆσαι
1092 1132 1153 1184 τὸ
1202 1133 1449 1202 πρᾶγμα.
1498 1130 1692 1183 Οὐκέτι

133 1215 230 1286 γὰρ
282 1214 525 1286 φέρομεν
584 1219 1035 1290 συσκευαζόμενοι
1089 1220 1181 1274 καὶ
1223 1219 1693 1288 ἐπιϐουλευόμενοι

132 1308 211 1359 διὰ
254 1305 359 1358 τῶν
398 1308 531 1379 περὶ
562 1309 817 1363 Ρῖὐσέϐιον
861 1311 969 1363 τῶν
1002 1311 1431 1384 προειρημένων·
1483 1310 1575 1363 καὶ
1605 1310 1693 1363 διὰ

132 1397 275 1450 τοῦτο
296 1397 373 1468 τῷ
404 1398 783 1472 εὐσεϐεστάτῳ
815 1403 909 1455 καὶ
938 1402 1328 1472 θεοφιλεστάτῳ
1351 1401 1458 1472 (69)
1488 1400 1695 1471 βασιλεῖ

132 1487 420 1558 τηρηθῆναι
470 1488 534 1541 τὸ
586 1493 812 1560 πρᾶγμα
863 1492 1119 1562 ἀξιοῦμεν
1165 1494 1294 1562 παρ’
1341 1485 1384 1558 ᾧ
1422 1489 1694 1560 δυνάμεθα

134 1577 218 1630 καὶ
244 1578 309 1629 τὰ
336 1577 523 1632 δίκαια
554 1580 656 1650 τῆς
695 1580 1022 1651 Ἐκκλησίας
1076 1582 1169 1633 καὶ
1211 1580 1416 1633 ἑαυτῶν
1460 1578 1695 1650 παραθέ-

135 1667 267 1719 ιοθαι.
299 1668 637 1740 Πιστεύομεν
663 1671 792 1742 γὰρ,
824 1673 904 1725 ὅτι
942 1674 975 1744 ἡ
1015 1672 1261 1725 εὐσέϐεια
1311 1671 1493 1735 αὐτοῦ,
1528 1670 1693 1723 ἀκού-

134 1775 280 1825 σασα,
314 1758 373 1811 οὐ
410 1760 819 1828 καταγνώσεται
850 1766 881 1833 ἡ
892 1764 1025 1834 μῶν.
1052 1764 1159 1817 Καὶ
1180 1762 1340 1817 πάλιν
1360 1758 1453 1815 οὖν
1480 1761 1693 1832 ὁρκίζο-

137 1848 231 1917 μὲν
257 1867 313 1903 σε
337 1850 429 1904 τὸν
458 1853 875 1926 παντοκράτορα
910 1854 1060 1921 Θεὸν,
1085 1854 1224 1908 οὐτω
1261 1855 1347 1907 τὸν
1378 1852 1697 1906 εὐσεϐέστα-
1733 1910 1742 1920 ,

1791 674 2037 739 stantini,
2070 672 2243 727 cidem
2281 671 2597 743 imperatori
2639 670 2884 739 piissimo
2932 686 3111 723 rerum
3152 680 3359 725 nostra-

1793 780 1909 817 rtun
1939 765 2300 833 cognitionem
2337 777 2600 819 reserves.
2634 761 2864 829 [Equum
2894 762 3035 814 enim
3082 772 3160 816 est
3201 771 3251 817 te
3289 761 3357 817 ab

1793 856 2135 924 imperatoria
2167 855 2454 925 majestate
2485 857 2730 916 missum,
2766 855 2920 908 nobis
2953 852 3071 921 ejus
3105 854 3357 921 pietatem

1791 944 2208 1013 appellantibus,
2241 956 2410 1000 totum
2439 946 2537 1015 ipsi
2581 959 2855 998 reservare
2885 944 3179 1012 negotium.
3240 942 3355 997 Non

1792 1038 1938 1091 enim
1972 1035 2110 1090 ultra
2160 1035 2391 1091 tolerare
2441 1050 2727 1100 possumus
2777 1033 3179 1102 conjurationes
3229 1035 3360 1089 insi-

1794 1127 2038 1195 diasque,
2076 1126 2270 1195 quibus
2301 1143 2396 1181 nos
2418 1127 2653 1196 praedicti
2679 1126 2961 1179 Eusebiani
3001 1126 3356 1179 adoriuntur:

1796 1217 2024 1286 ideoque
2062 1234 2175 1272 rem
2215 1218 2459 1287 piissimo
2494 1234 2555 1271 ac
2594 1217 2998 1288 religiosissima
3047 1217 3357 1285 imperatori

1794 1308 2063 1362 reservari
2096 1306 2464 1377 postulamus,
2502 1306 2638 1376 apud
2674 1321 2831 1375 quem
2877 1306 3057 1359 licebit
3105 1305 3357 1359 Ecclesiae

1787 1396 1906 1467 jura
1941 1408 2233 1467 nostraque
2254 1412 2547 1466 exponere.
2581 1396 2912 1452 Conﬁdimns
2939 1397 3079 1451 enim
3104 1396 3357 1464 pietatem

1794 1489 1934 1559 ejus,
1967 1489 2054 1542 ubi
2086 1504 2195 1542 rem
2231 1488 2483 1552 audierit,
2534 1502 2631 1542 nos
2678 1504 2783 1540 non
2831 1488 3222 1541 damnaturam.
3257 1486 3360 1539 Ita-

1794 1594 1900 1648 que
1931 1588 1979 1633 te
2002 1578 2195 1633 iterum
2222 1577 2535 1646 atljuramus
2590 1592 2685 1647 per
2722 1578 3137 1647 omnipotentem
3170 1577 3357 1643 Deum,

1795 1685 1995 1740 perque
2021 1670 2323 1739 piissimum
2362 1670 2740 1738 imperatorem
2771 1670 2860 1737 qui
2892 1669 3073 1722 multis
3095 1684 3358 1723 annorum

1795 1759 2015 1815 circulis
2051 1760 2227 1815 victor
2253 1774 2466 1829 semper
2492 1760 2883 1829 incolumisque
2934 1775 3053 1814 cum
3087 1760 3211 1814 (iliis
3244 1760 3361 1830 pie--

1797 1852 1924 1914 tatis
1952 1867 2063 1905 sua:
2086 1861 2420 1921 perseverat,
2452 1861 2509 1905 ut
2539 1851 2669 1905 nihil
2696 1854 3030 1922 aggrediare,
3059 1866 3191 1905 neve
3213 1853 3364 1922 quid-

130 1955 214 1990 τον
242 1938 459 2009 βασιλέα
502 1943 593 1996 ἀεὶ
631 1947 711 2007 είς
743 1947 938 2011 πολλὰς
978 1948 1113 2000 ἐτῶν
1146 1946 1426 2016 περιόδους
1462 1943 1694 1997 νικῶντα

1801 1943 1938 2012 piam
1975 1943 2027 1996 in
2059 1944 2269 2013 synodo
2322 1944 2464 1998 circa
2506 1944 2716 2010 negotia
2752 1954 2933 1998 nostra
2977 1960 3191 1999 moveas
3224 1961 3237 1997 :
3268 1946 3360 2000 sed

133 2030 221 2081 mi.
246 2033 576 2101 ὑγιαίνοντα,
600 2036 737 2107 μετά
777 2038 885 2091 τῶν
924 2040 1125 2093 παίδων
1155 2038 1253 2108 τῆς
1282 2036 1559 2099 εὐσεϐείας
1596 2036 1693 2087 αὐ-

130 2119 236 2181 τοῦ,
261 2122 421 2193 μηδὲν
450 2125 619 2178 πλέον
653 2128 874 2199 πρᾶξαι,
913 2131 1043 2201 μηδέ
1078 2131 1362 2202 ἐπιτρέψαι
1398 2146 1449 2181 τι
1482 2125 1692 2197 σεαυτῷ

131 2208 182 2260 ἐν
220 2213 277 2281 τῇ
312 2214 515 2285 συνόδῳ
545 2218 765 2288 κινῆσαι
796 2221 922 2291 περὶ
952 2221 1060 2274 τῶν
1098 2222 1216 2274 καθ’
1251 2223 1396 2294 ἡμᾶς
1440 2217 1695 2291 πραγμά-

1798 2036 1872 2089 rei
1922 2036 2286 2106 cognitionem
2344 2036 2461 2105 ejus
2520 2037 2702 2106 pietati
2765 2050 3029 2091 reserves.
3081 2036 3203 2091 llaec
3247 2036 3359 2106 ipsa

1797 2123 2224 2195 signiﬁcavimus
2285 2126 2519 2181 dominis
2578 2126 2779 2181 nostris
2851 2127 3119 2197 episcopis
3177 2128 3360 2182 ortbo-

1798 2217 1973 2272 doxis.

132 2315 248 2364 των,
271 2302 403 2357 ἀλλά
440 2308 679 2379 τηρῆσαι
714 2314 779 2381 τῇ
812 2312 1059 2385 εὐσεϐείᾳ
1090 2314 1252 2367 αὐτοῦ
1284 2313 1381 2385 τὴν
1404 2311 1685 2383 ἀκρόασιν.
1728 2307 1862 2379 Περὶ
1905 2309 1961 2362 δέ
1996 2309 2103 2362 τῶν
2134 2310 2311 2363 αὐτῶν
2370 2308 2465 2363 καὶ
2530 2311 2641 2373 τοῖς
2670 2310 2877 2380 κυρίοις
2911 2328 3011 2380 μου
3045 2310 3361 2377 ἐπισκόποις

132 2392 235 2453 τοῖς
252 2392 545 2465 ὀρθοδόξοις
570 2397 935 2471 ἐδηλώσαμεν.

198 2484 278 2539 80.
325 2487 511 2541 Ταῦτα
565 2490 853 2562 δεξάμενος
918 2494 1261 2566 Ἀλέξανδρος
1314 2498 1342 2550 ὁ
1393 2495 1689 2559 ἐπίσκοπος

134 2576 224 2645 τῆς
282 2577 685 2653 Θεσσαλονίκης
763 2583 966 2657 ἔγραψε
1032 2588 1290 2659 Διονυσίῳ
1350 2586 1427 2658 τῷ
1491 2588 1690 2659 κόμητι

136 2684 308 2722 ταυταο

406 2762 495 2830 Τῼ
531 2763 863 2835 ΔΕΣΠΟΤῌ
896 2764 1427 2835 ΜΟΥΔΙΟΝΥΣΙῼ

536 2852 920 2920 Ἀλέξανδρος
947 2855 1295 2919 ἐπίσκοπος.

200 2939 430 3012 ὴνεράν
458 2943 573 3013 ὁρῶ
622 2942 763 2997 κατά
803 2944 1115 2999 Ἀθανασίου
1165 2946 1432 3017 συσκευὴν
1468 2944 1691 3015 γενομέ-

1868 2488 1953 2543 80.
1997 2488 2197 2542 Horum
2247 2489 2448 2544 certior
2502 2489 2674 2545 factus
2721 2490 3022 2545 Alexander
3068 2492 3351 2562 episcopus

1798 2580 2292 2637 Thessalonicensis
2320 2579 2572 2653 Dionysio
2598 2581 2781 2636 comiti
2818 2583 2930 2638 haec
2962 2583 3218 2652 scripsit:

2132 2748 2428 2804 DOMINO
2462 2748 2617 2804 MEO
2660 2749 3023 2807 DIONYSIO

2280 2833 2579 2888 Alexander
2613 2837 2902 2904 episcopus.

1868 2933 2067 2995 Aperte
2100 2924 2255 2979 video
2290 2934 2474 2978 contra
2505 2925 2863 2980 Athanasium
2908 2924 3190 2980 conﬂatam
3232 2939 3362 2979 con-

137 3043 223 3099 νην
242 3048 254 3060 ο
298 3033 509 3096 πάντας
549 3032 661 3106 γὰρ
691 3034 783 3097 οὒς
811 3038 1180 3109 παρῃτήσατο,
1209 3016 1429 3100 τούτους
1458 3034 1569 3107 (70)
1598 3039 1695 3089 οὐκ

1801 3017 2156 3089 spirationem
2196 3031 2208 3068 :
2246 3031 2383 3085 quos
2410 3018 2553 3071 enim
2583 3016 2671 3070 ille
2703 3018 2991 3080 recusavit,
3024 3017 3123 3071 hos
3148 3030 3360 3082 omnes,

138 3115 238 3174 οἶδα
259 3123 307 3174 τί
334 3123 670 3187 πεπονθότες
700 3126 1012 3181 ἀποστεῖλαι
1038 3128 1325 3199 ἠθέλησαν,
1359 3128 1489 3198 μηδὲ
1522 3128 1695 3198 σημά-

138 3229 303 3277 ναντες
325 3218 482 3286 ἡμῖν.
513 3211 624 3269 Ἦν
652 3216 759 3286 γὰρ
791 3216 946 3284 δόξαν
968 3219 1108 3273 κατά
1134 3220 1192 3273 τὸ
1218 3220 1348 3275 αὐτὸ
1370 3219 1691 3289 σκέψασθαι,

137 3306 266 3371 τίνας
294 3310 481 3379 δεήσει
507 3310 897 3383 ἀποσταλῆναι.
928 3312 1331 3384 Συμϐούλευσον
1359 3314 1468 3383 (71)
1494 3309 1585 3366 οὖν
1619 3314 1692 3385 μή

136 3414 180 3449 τι
199 3402 461 3471 προπετὲς
494 3402 751 3470 γενέσθαι
804 3406 1115 3475 (ἐληλύθασι
1149 3406 1256 3478 γὰρ
1287 3406 1421 3476 πρὸς
1446 3406 1512 3476 μὲ
1544 3405 1695 3459 τεθο-

141 3493 431 3564 ρδῆημένοι,
467 3494 721 3563 λέγοντες
771 3498 870 3568 ἤδη
903 3498 984 3563 ,τά
1030 3498 1192 3570 θηρία
1241 3498 1547 3569 ἐσφρῖχθαι,
1602 3499 1695 3551 καὶ

141 3583 328 3652 μέλλειν
356 3586 632 3658 ἐξορμᾷνο
662 3588 1071 3661 περιηχήθησαν
1101 3589 1208 3661 γὰρ
1234 3590 1308 3654 ὡς
1354 3591 1595 3643 Ἰωάννου
1617 3608 1699 3643 τι-

139 3673 219 3735 νὰς
262 3675 752 3748 ἀποστείλαντος),
818 3678 892 3749 μὴ
938 3678 1301 3751 προλαϐόντες
1361 3678 1696 3733 καττύσωσιν

142 3765 234 3836 (72)
254 3768 325 3831 ib;
359 3769 427 3822 ἂν
446 3770 707 3823 ἐθέλοιεν.
744 3766 901 3834 Οἶδας
928 3772 1055 3843 γὰρ,
1081 3773 1161 3825 ὅτι
1195 3773 1288 3824 καὶ
1318 3771 1698 3825 Κολλουθιανοὶ

142 3854 221 3919 τῆς
256 3854 590 3923 Ἑκκλησίας
616 3853 799 3924 ἐχθροὶ
825 3855 994 3918 ὄντες,
1027 3856 1119 3908 καὶ
1165 3856 1449 3926 Ἀρειανοὶ,
1476 3856 1569 3908 καὶ
1595 3858 1700 3910 Με-

141 3938 360 4006 λιτιανοὶ,
419 3938 568 3996 οὗτοι
608 3943 827 4006 πάντες,
857 3943 1102 4014 ἀλλήλοις
1146 3945 1422 4015 σύμψηφοι
1469 3946 1696 4015 γενόμεο

141 4047 224 4095 vet,
254 4033 511 4087 δύνανται
559 4034 772 4104 μεγάλα
798 4034 943 4087 κακὰ
978 4035 1332 4106 ἐργάσασθαι.
1369 4036 1574 4104 Σκέψαι
1608 4034 1699 4089 οὖν

140 4114 187 4166 τὸ
211 4121 484 4189 συμφέρον
519 4119 658 4189 (75),
683 4121 768 4173 ἴνα
795 4121 867 4192 μὴ
892 4122 1140 4193 ἀνακύψη
1162 4141 1213 4176 τι
1243 4124 1582 4195 σκυθρωπὸν,
1607 4127 1701 4179 καὶ

141 4208 263 4279 αίτίᾳ
293 4209 722 4281 ὑποϐλη6ὤμεν,
752 4211 825 4273 ὡς
845 4213 904 4265 οὐ
932 4214 1072 4267 κατά
1094 4214 1151 4267 τὸ
1170 4214 1374 4269 δίκαιον
1398 4216 1698 4286 κρίναντες.

141 4296 364 4354 Κάκεῖνοι
395 4302 638 4372 μάλιστα
671 4302 995 4373 ὑφορῶνται.
1028 4305 1101 4376 μὴ
1121 4306 1444 4371 διοδεύοντες
1470 4307 1702 4370 τάςἙκ-

1801 3109 1984 3164 nescio
2012 3122 2119 3179 quo
2147 3106 2393 3170 consilio,
2426 3106 2499 3161 illi
2534 3122 2592 3163 re
2624 3108 2779 3161 nobis
2806 3122 2908 3161 non
2935 3107 3191 3170 indicata,
3221 3106 3362 3175 legi-

1800 3206 1924 3252 runt
1953 3214 1966 3250 :
1998 3196 2209 3252 tametsi
2234 3196 2507 3251 decretum
2543 3203 2679 3261 erat,
2713 3206 2769 3250 ut
2793 3196 2845 3249 in
2880 3211 3041 3249 unum
3068 3194 3239 3249 coacti
3270 3195 3360 3247 de-

1800 3288 2173 3354 liberaremus,
2215 3289 2437 3357 quinam
2481 3297 2665 3341 essent
2710 3301 2775 3341 eo
2809 3284 3078 3340 mittendi.
3130 3284 3361 3339 Consule

1800 3382 1963 3451 igitur
2011 3388 2069 3434 et
2114 3392 2245 3433 cave
2296 3393 2363 3434 ne
2418 3378 2548 3448 quid
2613 3386 2815 3433 temere
2871 3376 2963 3430 liat
3006 3375 3359 3447 (consternati

1799 3474 1995 3544 quippe
2023 3474 2261 3528 nonnulli
2292 3487 2376 3527 me
2428 3485 2759 3538 convenere,
2795 3471 3000 3525 aientes
3024 3470 3134 3539 jam
3158 3468 3359 3523 exhor-

1800 3567 1973 3620 ruisse
2005 3564 2231 3630 belluas,
2277 3573 2331 3619 et
2370 3563 2593 3633 jamjam
2657 3563 2909 3634 impetum
2964 3562 3195 3617 facturas
3237 3578 3251 3615 :
3294 3576 3360 3616 ex

1802 3657 2003 3726 sparsis
2041 3657 2237 3727 quippe
2265 3656 2566 3711 rumoribus
2603 3662 2972 3724 compererant
2996 3653 3255 3709 Joannem
3298 3667 3364 3708 eo

1800 3750 2012 3805 misisse
2044 3750 2357 3820 quosdam),
2395 3762 2526 3803 neve
2561 3755 2957 3802 antevertentes
3000 3763 3117 3813 quae
3151 3747 3365 3799 libuerit

1801 3842 2197 3897 inacbinentur.
2234 3838 2383 3895 Nosti
2407 3839 2549 3894 enim
2573 3838 2946 3894 Colluthianos
2979 3836 3233 3892 Ecclesiae
3262 3836 3363 3890 bo-

1800 3944 1929 3997 stes,
1983 3933 2215 3987 Arianos
2256 3931 2383 3986 item
2431 3929 2888 3999 Meletianosque,
2945 3929 3034 3999 qui
3087 3943 3274 3983 omnes
3311 3929 3363 3982 in

1801 4027 2044 4081 eamdem
2066 4037 2369 4078 convenere
2394 4022 2742 4084 sententiam,
2775 4022 3009 4089 ingentia
3040 4036 3199 4091 posse
3227 4020 3365 4072 mala

1803 4127 2134 4185 perpetrare.
2171 4112 2479 4183 Perpendas
2518 4112 2676 4165 velim
2708 4111 2963 4181 quidnam
3010 4125 3043 4165 e
3087 4126 3145 4165 re
3185 4111 3364 4173 fuerit,

1803 4212 1861 4255 ut
1894 4218 1963 4257 ne
1992 4200 2118 4270 quid
2142 4201 2446 4255 detrimenti
2480 4210 2717 4269 emergat
2749 4239 2762 4263 ,
2802 4214 2935 4253 neve
2965 4198 3121 4251 nobis
3150 4196 3365 4250 crimini

1803 4295 1957 4349 detur
1985 4301 2045 4347 ut
2072 4292 2161 4360 qui
2186 4291 2477 4347 secundum
2498 4292 2761 4360 justitiam
2799 4304 2901 4344 non
2923 4288 3363 4359 judicaverimus.

141 4388 356 4461 πλησίας,
390 4387 469 4447 ὧν
515 4395 566 4446 οί
606 4392 891 4446 ἐπίσκοποέ
924 4398 1059 4449 εἰσιν
1082 4397 1335 4461 ἐνταῦθα,
1389 4398 1550 4465 φόϐον
1596 4400 1695 4470 ἐμ-

1801 4386 1864 4441 Ει
1886 4399 2015 4441 sane
2041 4384 2273 4439 maxime
2304 4382 2646 4451 suspicantur
2674 4381 2852 4444 iidem,
2891 4396 2957 4435 ne
2980 4379 3051 4433 illi
3076 4378 3361 4437 Ecclesiae.

142 4486 461 4554 ποιήσαντες,
494 4483 775 4556 ταράξωσι
810 4488 988 4539 πᾶσαν
1032 4489 1129 4555 τὴν
1156 4490 1445 4557 Αἴγυπτον,
1475 4490 1549 4552 ὡς
1582 4494 1693 4554 τοῖς

1801 4492 2023 4545 quarum
2054 4476 2142 4530 hic
2174 4476 2369 4529 adsunt
2390 4474 2645 4543 episcopi,
2673 4481 3036 4542 peragrantes,
3069 4479 3124 4525 et
3163 4485 3228 4525 ne
3252 4485 3362 4523 me-

141 4572 455 4642 Μελιτιανοίς
491 4576 909 4649 παραδοθέντες.
948 4581 1041 4633 Ἐκ
1059 4580 1153 4633 τοῦ
1177 4581 1427 4635 πλείστου
1450 4582 1562 4651 (74)
1586 4582 1692 4653 γὰρ

1802 4578 1913 4623 tum
1959 4567 2169 4637 populis
2204 4567 2552 4631 incutientes,
2620 4574 2783 4619 totam
2836 4563 2996 4634 156
3047 4561 3364 4631 perturbent

140 4663 270 4719 τοῦτο
298 4668 576 4739 συνορῶσι
609 4667 913 4739 γινόμενον.

138 4839 270 4907 Πρὸς
298 4843 490 4898 ταῦτα
529 4842 845 4927 Διργύᾳίος
873 4846 907 4898 ὁ
943 4848 1131 4927 κόμης
1158 4847 1383 4918 ἔγραψε
1413 4849 1535 4915 τοῖς
1560 4852 1693 4918 περὶ

583 4914 876 4967 Εὑσέϐιον·
931 4914 1135 4970 ταῦτα·

206 5003 367 5059 Γαῦτα
408 5002 481 5078 ἦν
514 5004 553 5060 ἀ
588 5003 685 5059 νῦν
726 5005 1040 5077 διελεγόμην
1070 5010 1183 5072 τοῖς
1211 5009 1419 5081 κυρίοις
1451 5026 1552 5078 μου
1584 5012 1700 5074 τοῖς

138 5094 246 5162 περὶ
289 5096 610 5159 Φλάκιλλον,
654 5095 735 5148 ὅτι
786 5095 1094 5161 Ἀθανάσιος
1137 5097 1362 5160 ἐπιστὰς
1418 5098 1696 5167 ᾐτιάσατο,

136 5181 216 5246 0‘3;
245 5190 679 5260 παρῃτησάμην,
714 5187 884 5256 λέγων
904 5190 1123 5253 τούτους
1154 5189 1593 5253 ἀποστέλλεσθαι,
1609 5194 1701 5245 καὶ

141 5269 257 5335 βοῶν
282 5278 353 5341 ὡς
378 5278 741 5349 ἀδικούμενος
769 5279 861 5331 καὶ
890 5283 1391 5353 περιγραφόμενος·
1414 5280 1582 5335 ταῦτα
1605 5284 1697 5336 καὶ

138 5362 164 5411 ὁ
190 5366 361 5436 κύριός
397 5389 500 5443 μου
531 5371 634 5441 τῆς
664 5369 844 5441 ψυχῆς
882 5372 1223 5444 Ἀλέξανδρος
1250 5374 1551 5427 ἀπέστειλε.
1587 5376 1696 5429 Καὶ

200 5476 298 5555 (ζῇ)
330 5483 611 5555 Βασιλέως
634 5484 864 5555 deestjn
894 5484 1024 5555 Reg.

200 5550 298 5619 168)
359 5553 511 5627 ﬂre,
545 5555 643 5627 καὶ
701 5553 861 5627 ήμῶν
913 5550 1386 5627 ἐπικαλεσαμένων
1412 5557 1510 5627 τὴν
1542 5557 1694 5610 εὐσέ-

139 5611 509 5735 ξξιιανάὐτοῦ,
553 5611 781 5678 deeraiit
818 5625 871 5678 in
919 5626 1099 5680 editis.
1147 5611 1226 5679 Ei
1261 5625 1429 5696 Regio
1466 5611 1692 5682 iuutuati

230 5704 321 5740 tus.

338 5761 467 5833 Beg.
500 5761 919 5833 θεοσεϐεστάτῳ.

201 5826 304 5961 (70)
340 5830 414 5884 Ita
454 5832 595 5900 Reg.
636 5831 690 5885 In
707 5826 1029 5895 editis'vcro,
1062 5833 1283 5897 τούτους
1313 5834 1481 5887 deest.

224 5895 301 5961 ⁷1)
358 5901 450 5958 Sic
484 5902 621 5961 lien.
651 5911 705 5957 et
726 5902 888 5959 Basil.
919 5903 1058 5959 Editi
1087 5904 1243 5961 male.
1281 5904 1481 5961 συμϐού

224 5895 301 5967 7|)
358 5901 450 5958 Sic
484 5895 621 5972 liég.
651 5911 705 5957 et
726 5902 888 5959 Basil.
919 5903 1058 5959 Editi
1087 5904 1243 5968 male,
1265 5895 1657 5975 νσυμϐούλευον.

1802 4661 2129 4731 Egyptum,
2180 4668 2364 4727 utpote
2409 4658 2499 4726 qui
2531 4656 2828 4712 Meletianis
2872 4656 2983 4709 sint
3026 4654 3246 4709 addicti.
3285 4652 3365 4707 Ex

1804 4753 2038 4805 maxima
2063 4749 2204 4803 enim
2237 4760 2389 4819 parte
2417 4750 2516 4804 hoc
2551 4748 2661 4818 jam
2692 4749 2805 4802 licri
2838 4755 3084 4802 cernunt.

1909 4842 1989 4895 Ad
2013 4846 2126 4896 ha'c
2162 4839 2972 4963 Dionysiushcomesbliusebiani:
2998 4838 3261 4908 rescripsit

2470 4928 2512 4963 ιε
2540 4927 2625 4963 ver
2662 4926 2742 4963 ts:

2470 4928 2512 4965 ιε
2540 4926 2705 4965 υενοιε
2723 4926 2742 4965 ἔ

1875 5001 1999 5057 Ηίεο
2032 5003 2146 5072 ipsa
2179 5013 2337 5058 erant
2386 5019 2505 5072 qua:
2564 5017 2735 5072 nuper
2787 5002 3105 5058 enarrabam
3141 5003 3361 5059 domino

1805 5111 1925 5150 meo
1956 5095 2201 5160 Flacillo,
2220 5096 2581 5151 insurrexisse
2602 5096 2808 5151 scilicet
2832 5095 3210 5161 Athanasium,
3238 5111 3369 5151 con-

1802 5197 2051 5257 questum
2082 5188 2268 5255 l‘uisse,
2292 5190 2435 5260 quod
2465 5189 2499 5243 ii
2531 5189 2634 5258 ipsi
2664 5188 2821 5259 legati
2856 5188 3088 5255 fuerint,
3114 5203 3250 5258 quos
3280 5201 3369 5242 re-

1804 5290 2046 5337 cusasset
2098 5283 2209 5349 ipse
2254 5298 2269 5336 :
2311 5281 2746 5351 cxclamasseque
2788 5296 2846 5336 se
2891 5280 3081 5347 injuria
3124 5278 3258 5332 allici
3304 5293 3367 5331 ac

1802 5374 2201 5429 circumveniri.
2259 5372 2383 5429 Haac
2427 5375 2615 5430 eadem
2683 5374 2931 5428 dominus
2986 5372 3177 5425 animae
3236 5382 3366 5422 mea:

1868 5485 1979 5557 (72)
2013 5487 2177 5557 Editi,
2198 5486 2537 5541 καττύουσιν.
2559 5487 2717 5556 Reg,
2744 5484 3113 5557 καττύσῳσιν,
3134 5488 3307 5557 recte.

1869 5486 1959 5557 (72
2013 5487 2177 5554 Editi,
2198 5486 2537 5541 καττύουσιν.
2559 5487 2717 5556 Reg,
2754 5486 3113 5548 καττύσωσιν,
3144 5488 3307 5533 recte.

1869 5486 1983 5679 (7δέ
2023 5556 2155 5628 Reg.
2179 5574 2337 5626 quem
2365 5559 2662 5627 sequimur,
2708 5556 2769 5607 τὸ
2802 5552 3096 5624 συμφέρον,
3130 5550 3293 5614 Editi,
3316 5550 3363 5601 τί

1874 5644 1952 5679 αφ
1989 5644 2098 5679 οον.

1804 5644 2098 5698 συμφερονς

1873 5689 2000 5767 (ῖῖί)
2058 5697 2151 5749 Ἐκ
2212 5695 2306 5749 τοῦ
2365 5693 2636 5767 πλείστου,
2670 5691 3033 5767 aliasjmudiu
3074 5689 3210 5767 verti
3240 5701 3361 5755 pos-

1801 5760 1901 5845 set,
1963 5760 2058 5821 aut
2093 5767 2231 5822 forte
2281 5780 2343 5819 ex
2380 5762 2544 5817 multo
2580 5761 2872 5817 intervallo.
2910 5760 3027 5816 Mox
3073 5761 3201 5830 lleg.
3236 5774 3361 5811 σιν-

1799 5854 1962 5906 ορων.
