3978 6512
601 520 705 575 395

1169 517 1225 572 S.
1267 515 1635 570 ATHANASII
1676 513 1827 570 OPP.
1871 514 2044 569 PARS
2079 514 2119 569 1.
2163 546 2231 558 -
2268 516 2637 571 IUSTORICA
2676 516 2764 570 ET
2803 516 3219 572 DOGMATICA.

3748 516 3851 569 596

602 632 908 688 Alexander
934 646 1025 702 per
1052 632 1331 702 epistolam
1377 631 1505 685 mihi
1552 645 1705 686 suam
1740 631 2018 686 indicavit.
2072 630 2165 685 Ut-

2272 634 2355 686 ἵνα
2386 634 2578 702 γνῶτε,
2609 634 2689 687 ὅτι
2723 633 2862 686 κατὰ
2885 632 3036 701 λόγον
3069 634 3179 704 ἔχει
3210 630 3283 685 τὰ
3309 632 3589 702 γραφέντα
3622 648 3713 702 μοι
3748 648 3851 682 πα-

601 739 704 791 que
736 732 919 776 notum
947 723 1100 777 vobis
1128 724 1197 777 sit
1221 738 1285 778 ex
1311 737 1464 791 aequo
1494 731 1548 777 et
1574 725 1713 777 bono
1742 737 1861 776 esse
1885 738 2003 791 qua:
2039 722 2167 777 mihi

600 814 668 865 ab
701 811 819 882 ejus
850 812 1265 867 mansuetudine
1290 811 1490 879 scripta
1523 819 1650 863 sunt
1680 851 1695 876 ,
1726 823 1787 862 ea
1813 809 1923 878 ipsa
1955 824 1984 863 a
2018 810 2168 864 vobis

601 903 823 972 legenda
860 902 1131 972 subjunxi.
1169 902 1488 956 Meministis
1527 912 1702 955 autem
1748 902 1985 971 priorum
2025 903 2169 956 litte-

603 1008 784 1046 rarum
821 1007 1084 1059 mearum,
1108 992 1303 1060 quibus
1336 992 1734 1046 mansuetudini
1774 1002 1964 1047 vestra:
2004 992 2170 1061 signi-

605 1085 781 1151 ﬁcavi,
832 1084 1035 1153 legatos
1087 1084 1360 1138 communi
1404 1084 1612 1139 calculo
1679 1100 1743 1139 ac
1792 1085 2011 1139 decreto
2049 1099 2168 1138 esse

600 1175 911 1229 mittendus.
941 1174 1136 1228 Cavete
1164 1173 1327 1243 igitur
1373 1191 1439 1227 ne
1470 1190 1588 1245 qua:
1612 1184 1759 1245 gesta
1784 1185 1908 1230 sunt
1940 1191 2167 1231 accusa-

603 1265 731 1319 tioni
768 1266 877 1319 sint
907 1268 1164 1333 obnoxia,
1227 1282 1362 1321 neve
1388 1266 1546 1336 iusta:
1577 1269 1806 1337 querelae
1846 1284 2030 1323 ansam
2063 1269 2168 1323 de—

600 1375 718 1413 mus
755 1360 819 1413 iis
844 1359 935 1428 qui
972 1375 1070 1415 uos
1102 1374 1361 1415 accusare
1404 1362 1686 1414 voluerint.
1722 1360 1790 1415 Ut
1827 1360 1967 1415 enim
2011 1376 2167 1415 accn-

597 1451 830 1506 santium
861 1461 1069 1519 partem
1106 1452 1319 1522 gravari
1348 1467 1451 1505 non
1489 1455 1662 1517 decet,
1702 1453 1780 1508 sic
1814 1467 1911 1506 nec
1946 1467 2165 1507 accusa-

598 1552 799 1601 torum.
834 1544 1096 1599 Existimo
1142 1552 1322 1596 autem
1366 1544 1506 1598 haud
1557 1545 1725 1600 levem
1772 1545 1888 1600 fore
1923 1560 2019 1599 nos
2049 1545 2165 1599 cul-

596 1634 756 1704 pandi
784 1633 1154 1697 occasionem,
1196 1633 1240 1687 si
1273 1633 1517 1688 dominus
1558 1650 1710 1690 meus
1740 1634 2044 1691 Alexander
2078 1650 2165 1690 re-

595 1722 697 1778 bus
728 1723 895 1792 gestis
919 1738 1023 1777 non
1061 1724 1371 1778 consentire
1410 1724 1677 1779 videatur.

669 1813 757 1869 82.
795 1814 923 1868 Haec
950 1814 1073 1867 dum
1104 1814 1174 1867 ita
1218 1824 1568 1884 gererentur,
1601 1817 1667 1870 ab
1710 1816 1815 1872 illis
1853 1826 2102 1886 tanquam
2134 1833 2167 1870 a

598 1905 797 1975 synodo
827 1906 1286 1974 praevaricatorum
1308 1908 1353 1938 ⁸⁸
1377 1910 1702 1964 secessimus
1728 1928 1742 1964 :
1769 1923 1828 1963 ea
1848 1910 2043 1979 quippe
2080 1923 2169 1963 so-

2273 725 2339 795 ρά
2358 728 2455 796 τῆς
2477 727 2838 797 χρηστότητος
2855 725 3038 788 αὐτοῦ,
3067 725 3310 789 ὑπέταξα
3335 725 3474 778 αὐτὰ
3494 724 3850 793 ἀναγνωσθῇ-

2272 819 2473 887 σύμεναι
2497 818 2642 888 ὑμῖν.
2667 818 2960 890 Μέμνησθε
2991 819 3047 871 δὲ
3067 819 3159 871 καὶ
3190 818 3299 872 τῶν
3328 817 3533 870 ἀνωθεν
3556 819 3689 885 παρ’
3712 814 3849 886 ἐμοῦ

2268 904 2613 973 γραφέντωψ
2651 906 2933 958 ἐπέστειλα
2955 906 3060 976 γὰρ
3095 905 3249 975 ὑμῶν
3277 908 3341 976 τῇ
3370 905 3719 976 χρηστότητι,
3747 904 3849 957 κύ-

2269 1011 2395 1064 ριοι,
2424 994 2504 1046 ὅτι
2530 994 2635 1066 χρὴ
2667 997 2789 1058 τοὺς
2814 995 3305 1065 ἀποστελλομένους
3346 997 3497 1065 κοινῇ
3531 994 3709 1065 κρίσει
3753 994 3847 1047 καὶ

2266 1083 2495 1154 δόγματι
2541 1084 2926 1154 ἀποσταλῆναι.
2976 1086 3162 1155 Ὁρᾶτε
3196 1086 3377 1137 τοίνυν
3425 1085 3499 1155 μὴ
3539 1084 3845 1155 ἐγκλήματι

2269 1174 2518 1248 ὑποπέσῃ
2554 1174 2623 1227 τά
2655 1176 2933 1245 γινόμενα,
2963 1176 3094 1247 μηδέ
3126 1175 3345 1238 δικαίας
3374 1175 3636 1245 μέμψεως
3675 1176 3842 1247 ἀφορ-

2271 1264 2376 1335 μὴν
2413 1268 2525 1328 τοῖς
2550 1265 2890 1335 βουλομένοις
2914 1268 3058 1337 ἡμᾶς
3089 1265 3438 1319 αἰτιάσασθαι
3475 1264 3675 1335 δῶμεν.
3716 1252 3853 1353 "(Is

2268 1374 2371 1427 περ
2398 1356 2506 1429 γὰρ
2534 1357 2813 1428 βαρεῖσθαι
2841 1358 2899 1410 τὸ
2935 1357 3096 1429 μέρος
3118 1358 3226 1410 τῶν
3247 1357 3570 1428 κατηγόρων
3588 1358 3649 1409 οὐ
3682 1356 3845 1427 προσέ

2268 1448 2412 1519 ήκει,
2452 1448 2623 1512 οὕτως
2671 1449 2789 1502 οὐδέ
2840 1449 2899 1501 τὸ
2926 1449 3033 1501 τῶν
3066 1449 3398 1517 φευγόντων.
3439 1449 3669 1518 Νομίζω
3698 1448 3752 1501 δὲ
3780 1450 3833 1500 ού

2270 1539 2470 1611 μικρὰν
2524 1538 2660 1593 εἶναι
2702 1540 2954 1612 ἀφορμὴν
3006 1541 3123 1594 καθ’
3156 1542 3311 1612 ἡμῶν
3371 1542 3659 1612 μέμψεως,
3720 1545 3834 1597 ὅταν

2269 1631 2523 1703 φαίνηται
2555 1634 2582 1684 ὁ
2613 1632 2798 1705 κύριός
2823 1650 2923 1703 μου
2968 1632 3313 1705 Ἀλέξανδρος
3339 1634 3415 1704 μὴ
3444 1634 3714 1688 συναινῶν
3736 1638 3835 1699 τοῖς

2269 1726 2681 1795 πραττομένοις.

2336 1814 2423 1868 82.
2459 1816 2566 1886 (75)
2584 1816 2797 1871 Τούτων
2828 1818 2967 1871 οὕτω
2986 1816 3391 1889 πραττομένων,
3412 1817 3832 1889 ἀνεχωρήσαμεν

2268 1906 2360 1958 ἀπ’
2415 1906 2593 1960 αὐτῶν
2638 1908 2713 1972 ὡς
2744 1909 2859 1963 ἀπὸ
2890 1908 3154 1963 συνόδου
3194 1908 3311 1962 τῶν
3356 1909 3765 1963 ἀθετούντων·
3801 1908 3833 1960 ὃ.

600 1995 707 2049 lum
747 1999 998 2063 agebant,
1045 2012 1165 2066 quae
1228 1999 1329 2052 sibi
1378 1999 1673 2068 placerent.
1719 1998 1940 2072 NegOtia
1984 2010 2160 2055 autem

2270 1997 2374 2068 γὰρ
2395 1996 2693 2062 ἐϐούλοντο,
2719 1999 2887 2052 ταῦτα
2916 2002 3006 2053 καὶ
3038 1999 3323 2070 ἔπραττον.
3366 2000 3490 2053 Ὀτι
3529 1999 3631 2068 μὲν
3663 1992 3754 2050 οὖν
3774 1998 3834 2049 τὰ

598 2100 716 2153 qua:
740 2084 908 2139 altera
932 2087 1157 2141 absente
1182 2097 1335 2156 parte
1356 2098 1639 2158 geruntur,
1664 2105 1730 2144 ne
1750 2090 2027 2143 minimam
2050 2088 2163 2159 qni-

597 2179 716 2233 dem
737 2178 842 2232 vim
863 2178 1080 2243 habere,
1111 2180 1286 2235 nullus
1316 2182 1588 2236 hominum
1623 2185 1851 2251 ignorat.
1875 2181 1984 2236 Hoc
2018 2184 2161 2236 enim

596 2280 651 2323 et
690 2271 867 2325 divina
897 2272 1014 2341 lege
1046 2274 1351 2343 praecipitur
1387 2290 1399 2325 :
1432 2276 1531 2329 hoc
1561 2283 1616 2330 et
1647 2275 1832 2330 beatus
1854 2274 2160 2345 Apostolus,

596 2362 724 2413 dum
752 2361 1019 2417 similibus
1047 2373 1392 2432 appeteretur
1422 2366 1652 2431 insidiis,
1688 2375 1959 2434 staretque
1976 2381 2160 2421 coram

590 2454 793 2521 judice,
850 2456 1159 2522 postulabat
1203 2456 1287 2511 his
1332 2458 1508 2511 verbis
1552 2477 1564 2513 :
1612 2457 1893 2526 Oportebat
1940 2458 2159 2512 .ludteos

594 2560 660 2598 ea:
692 2544 819 2598 Asia
839 2547 977 2613 apud
1002 2555 1049 2600 te
1076 2556 1265 2613 praesto
1285 2564 1394 2601 esse
1418 2559 1464 2600 et
1488 2565 1734 2602 accusare
1770 2551 1816 2603 si
1854 2550 1979 2619 quid
2001 2550 2160 2604 habe-

597 2646 708 2688 rent
732 2636 799 2689 “.
829 2636 945 2702 Quo
980 2647 1218 2706 tempore
1241 2647 1294 2692 et
1324 2638 1533 2701 Festus.
1555 2637 1753 2702 Judaais
1782 2641 1915 2694 tales
1938 2639 2161 2695 insidias

595 2725 1065 2790 machinanlibus,
1093 2728 1281 2797 quales
1308 2726 1417 2794 jam
1462 2728 1512 2781 in
1554 2743 1650 2782 nos
1694 2728 1781 2782 isti
1825 2735 2159 2791 struxerunt,

595 2815 821 2870 aiebat:
854 2815 978 2870 Non
1017 2828 1093 2872 est
1138 2818 1393 2872 Romanis
1432 2822 1750 2875 consuetudo
1793 2822 2019 2893 aliquem
2064 2823 2160 2876 ho-

594 2908 784 2961 minem
806 2924 898 2975 per
926 2912 1151 2979 gratiam
1183 2913 1391 2965 tradere
1410 2954 1424 2978 ,
1462 2914 1763 2982 priusquam
1790 2915 1836 2969 is
1877 2916 1966 2985 qui
2005 2931 2161 2968 accu-

593 3009 744 3051 satur
786 3010 1062 3067 prazsentes
1086 3003 1273 3056 habeat
1306 3015 1631 3059 accusatores
1651 3048 1664 3068 ,
1697 3006 1968 3075 locumque
1983 3007 2162 3076 defen-

593 3086 749 3139 dendi
792 3088 1013 3153 accipiat
1061 3090 1129 3142 ad
1186 3090 1444 3144 abluenda
1486 3093 1706 3146 crimina
1728 3093 1797 3146 ⁸⁷.
1850 3094 1956 3148 Sed
1995 3094 2161 3149 Euse-

596 3175 739 3230 biani
768 3187 818 3232 et
854 3178 1020 3249 legem
1050 3182 1352 3237 adulterare
1377 3182 1605 3247 ausi,-et
1658 3184 1858 3253 iniquis
1903 3185 2009 3239 illis
2054 3186 2160 3239 ini-

595 3268 814 3333 quiores
848 3280 973 3324 sunt
1005 3271 1179 3327 eﬂ‘ecti
1214 3289 1227 3325 :
1261 3288 1365 3327 non
1416 3274 1558 3328 enim
1601 3276 1667 3329 ab
1714 3276 1828 3345 ipso
1878 3277 1955 3331 rei
2005 3276 2160 3331 initio

2269 2090 2616 2161 πραττόμενα
2675 2090 2812 2144 κατά
2870 2091 3223 2162 μονομέρειαν
3253 2089 3363 2160 (76)
3425 2089 3691 2158 οὐδεμίαν
3734 2088 3835 2158 ἔχει

2268 2180 2514 2251 δύναμιν,
2570 2180 2739 2243 οὐδείς
2773 2183 2918 2234 ἐστιν
2950 2181 3006 2244 ὂς
3032 2181 3217 2249 ἀγνοεῖ
3240 2180 3346 2233 τῶν
3376 2180 3598 2233 πάντων
3639 2179 3832 2249 ἀνθρὼ-

2269 2288 2404 2324 πων.
2440 2270 2609 2323 Τοῦτο
2635 2270 2740 2341 γὰρ
2773 2271 2865 2324 xui.
2889 2272 2917 2323 ὁ
2945 2270 3083 2332 θεῖος
3108 2271 3269 2340 νόμος
3297 2268 3509 2322 κελεύει
3526 2286 3541 2299 ο
3566 2269 3725 2322 τοῦτο
3752 2270 3833 2321 καὶ
3914 2286 3920 2292 ·

2266 2364 2295 2414 δ
2342 2361 2608 2431 μακάριος
2629 2360 2947 2423 Ἀπόστολος
2991 2360 3213 2430 πάσχων
3248 2362 3508 2429 τοιαύτην
3556 2359 3834 2427 ἐπιϐουλὴν

2268 2452 2362 2505 καὶ
2395 2451 2712 2521 κρινόμενος
2753 2449 2928 2517 ἠξίου,
2961 2448 3132 2516 λέγων
3153 2466 3165 2479 ·
3206 2448 3359 2502 Ἔδει
3406 2448 3553 2514 τοὺς
3590 2447 3709 2502 ἀπὸ
3738 2444 3836 2513 τῆς

2279 2543 2475 2608 Ἀσίας
2508 2539 2820 2607 Ἰουδαίους
2840 2541 2937 2594 ἐπὶ
2967 2540 3081 2595 σοῦ
3119 2540 3410 2608 παρεῖναι,
3451 2540 3555 2593 καὶ
3596 2555 3809 2609 κατηγο

2260 2632 2394 2701 pair
2434 2633 2490 2685 εῑ
2520 2650 2573 2685 τι
2596 2632 2794 2701 ἔχοιεν
2816 2648 2828 2661 ·
2869 2631 2956 2684 ὅτε
2990 2632 3082 2683 καὶ
3113 2632 3143 2683 ό
3169 2630 3391 2701 Φῆστος,
3441 2629 3708 2681 θελόντων
3736 2627 3834 2679 τῶν

2279 2723 2548 2777 Ἰουδαίων
2586 2722 2839 2794 τοιαύτην
2871 2722 3158 2793 ἐπιϐουλὴν
3197 2720 3560 2793 ἐργάσασθαι,
3603 2720 3718 2772 οἵαν
3749 2717 3835 2769 νὲν

2268 2813 2388 2867 καθ’
2443 2813 2598 2885 ἡμῶν
2633 2816 3012 2885 πεποιήκασιν,
3068 2814 3251 2882 ἔλεγεν
3272 2829 3286 2840 ’
3344 2814 3467 2865 Οὐκ
3501 2812 3678 2865 ἐστιν
3714 2811 3837 2873 ἔθος

2279 2904 2577 2974 Ῥωμαίοις
2620 2902 2958 2972 χαρίζεσθαί
2994 2921 3126 2957 τινα
3162 2904 3495 2970 ἄνθρωπον,
3537 2900 3683 2969 πρὶν
3734 2900 3767 2967 ἧ
3805 2903 3833 2951 ό

2267 2999 2778 3068 κατηγορούμενος
2810 2999 2959 3053 κατὰ
2984 2999 3306 3067 πρόσωπον
3350 2997 3479 3066 ἔχοι
3519 2996 3664 3061 τοὺς
3706 3010 3834 3047 κατ-

2265 3090 2544 3158 ηγόρους,
2578 3092 2764 3144 τόπον
2793 3106 2861 3142 τε
2885 3090 3213 3158 ἀπολογίας
3238 3088 3410 3141 λάϐοι
3437 3086 3575 3154 περὶ
3603 3086 3709 3140 τοῦ
3744 3086 3833 3154 ἐτ-

2267 3181 2594 3249 κλήματος.
2664 3180 2803 3234 Ἀλλ’
2856 3182 2904 3233 oi
2948 3181 3074 3252 περὶ
3125 3180 3384 3234 Εὑσέϐιον
3420 3179 3514 3231 καὶ
3555 3180 3645 3231 τὸν
3678 3178 3835 3246 νόμον

2268 3276 2589 3342 παραποιεῖν
2617 3272 2938 3344 ἐτόλμησαν,
2996 3272 3087 3326 καὶ
3134 3271 3289 3325 πλέον
3347 3270 3458 3323 τῶν
3511 3270 3835 3323 ἀδικούντων

595 3371 836 3412 seorsum
871 3374 1030 3427 agere
1074 3362 1311 3430 aggressi
1338 3376 1499 3428 sunt;
1529 3363 1624 3418 sed
1659 3344 1778 3418 cum
1813 3366 2163 3433 praesentibus

2270 3366 2578 3438 ἀδικώτεροι
2624 3367 2924 3433 γεγόνασιν.
2967 3365 3041 3417 Οὐ
3073 3363 3183 3435 γὰρ
3219 3362 3276 3428 ἐξ
3306 3362 3479 3433 ἀρχῆς
3523 3359 3833 3430 καταμόνας

594 3449 750 3502 nobis
790 3465 849 3505 se
876 3450 1031 3519 longe
1077 3452 1363 3511 inferiores
1404 3470 1525 3509 esse
1551 3469 1869 3521 senserunt,
1913 3466 2023 3510 tum
2064 3458 2160 3511 de-

594 3556 740 3594 mmn
777 3544 1013 3613 egressi,
1042 3545 1490 3613 quemadmodum
1515 3545 1682 3600 Judaei
1706 3585 1721 3610 ,
1749 3548 2031 3601 consilium
2065 3548 2163 3603 soli

596 3633 785 3698 iniere,
812 3638 1102 3704 quomodo,
1138 3638 1294 3692 nobis
1323 3638 1387 3691 de
1418 3638 1593 3691 medio
1621 3637 1868 3703 sublatis,
1892 3638 1962 3692 ita
1998 3641 2166 3695 haere-

591 3724 692 3778 sim
740 3726 1168 3792 introducerent,
1200 3739 1255 3781 ut
1303 3729 1429 3782 olim
1478 3729 1551 3783 illi
1586 3728 1884 3783 Barabbam
1925 3731 2165 3799 postula-

594 3826 769 3870 rant:
815 3819 915 3872 hac
940 3820 1081 3871 enim
1130 3821 1196 3875 de
1247 3835 1413 3875 causa
1464 3835 1523 3876 se
1574 3821 1686 3875 haec
1739 3823 1918 3876 omnia
1972 3823 2166 3879 fecisse

592 3905 735 3960 ultro
762 3907 859 3975 ipsi
897 3908 1127 3963 confessi
1175 3920 1317 3964 sunt.

663 3997 754 4050 85.
792 3998 914 4054 Haec
939 4015 1241 4071 quanquam
1273 4004 1407 4057 satis
1438 4015 1563 4059 sunt
1589 4009 1654 4060 ad
1682 4009 1943 4078 integram
1974 4007 2161 4063 delen-

593 4085 798 4137 siunem
818 4126 832 4152 ,
866 4097 1103 4143 attamen
1135 4100 1194 4145 ut
1226 4100 1279 4145 et
1330 4107 1518 4148 eorum
1548 4097 1853 4167 malignitas
1880 4108 1935 4153 et
1964 4099 2163 4153 verita-

596 4176 663 4229 tis
692 4175 912 4233 libertas
951 4183 1124 4251 magis
1150 4184 1428 4253 magisque
1452 4185 1784 4253 innotescat,
1816 4190 1946 4245 nihil
1993 4191 2162 4246 mole-

593 4277 734 4320 stum
763 4269 868 4323 erit
889 4286 952 4325 ea
980 4273 1154 4327 denuo
1185 4291 1506 4341 memorare,
1539 4279 1823 4350 palamque
1848 4282 2026 4339 facere
2057 4299 2161 4353 qua

593 4361 804 4417 ratione
828 4364 940 4419 suis
965 4365 1067 4435 ipsi
1097 4370 1258 4425 rebus
1292 4370 1637 4428 adversantia
1667 4377 1894 4445 egerint,
1924 4388 1978 4431 et
2008 4380 2161 4447 quasi

594 4451 648 4507 in
709 4454 944 4510 tenebris
998 4460 1224 4515 consilia
1269 4462 1586 4532 agitassent,
1649 4467 1702 4522 in
1749 4470 1965 4537 propria
2012 4479 2160 4539 gesta

592 4542 952 4615 impegeriut,
983 4564 1045 4604 ac
1101 4554 1223 4606 dum
1284 4571 1383 4610 nos
1435 4558 1743 4614 interﬁcere
1791 4571 2159 4630 peroptarent,

2264 3455 2526 3525 ἔπραξαν,
2561 3454 2673 3507 ἀλλ’
2707 3455 2793 3507 ὅτε
2835 3454 3113 3525 παρόντων
3146 3451 3301 3523 ἡμῶν
3346 3452 3681 3521 ὴσθένησαν,
3714 3450 3833 3502 τότε

2263 3547 2445 3601 λοιπὸν
2479 3546 2800 3613 ἐξελθόντες,
2839 3546 2914 3609 ὼς
2966 3545 3225 3607 Ἰουδαῖοι,
3277 3542 3602 3614 συμϐούλιον
3649 3541 3834 3593 ἔλαϐον

2265 3643 2598 3714 καταμόνας,
2632 3634 2779 3705 ὅπως
2800 3642 2946 3712 ἡμᾶς
2981 3641 3075 3711 μὲν
3103 3638 3429 3701 ἀπολέσωσι,
3466 3636 3566 3706 τὴν
3599 3635 3657 3687 δὲ
3690 3635 3833 3704 αἴρε-

2266 3752 2349 3787 σιν
2374 3734 2758 3802 εἰσαγάγωσιν,
2792 3732 2868 3796 ὡς
2894 3734 3088 3785 ἐκεῖνοι
3109 3730 3200 3783 τὸν
3231 3728 3523 3800 Βαραϐϐᾶν
3552 3729 3829 3799 ᾐτήσαντο·

2264 3826 2452 3880 τούτου
2481 3826 2638 3897 χάριν
2661 3826 2813 3879 αὐτοὶ
2836 3823 3007 3876 ταῦτα
3031 3823 3209 3875 πάντα
3230 3819 3594 3891 πεποιηκέναι
3622 3819 3687 3871 δι’
3716 3818 3831 3868 ἑαυο

2264 3920 2373 3971 τῶν
2398 3918 2773 3989 ὡμολόγησαν.
3833 3924 3838 3977 ι

2334 4010 2420 4064 8'5.
2457 4009 2566 4063 Καὶ
2596 4011 2644 4061 εί
2677 4009 2835 4079 ἀρκεῖ
2878 4004 3048 4059 ταῦτα
3093 4004 3227 4075 πρὸς
3277 4003 3460 4055 πᾶσαν
3520 3999 3826 4067 ἀπολογίαν,

2265 4102 2413 4171 ὅμως
2441 4100 2580 4170 ὑπὲρ
2623 4097 2715 4152 τοῦ
2749 4098 2842 4151 καὶ
2879 4096 3037 4149 πλέον
3065 4094 3266 4147 τούτων
3298 4093 3395 4162 μὲν
3432 4091 3535 4161 τὴν
3578 4089 3829 4161 πονηρίαν

2266 4192 2561 4263 δειχθῆναι,
2588 4190 2685 4259 τῆς
2711 4189 2766 4241 δέ
2790 4187 3047 4259 ἀληθείας
3067 4187 3166 4253 τὴν
3187 4184 3523 4255 ἐλευθερίαν,
3554 4184 3702 4236 οὐδὲν
3728 4179 3831 4233 ἐλύ-

2266 4301 2359 4335 πει
2394 4283 2487 4335 καὶ
2533 4281 2691 4335 πάλιν
2717 4280 3044 4350 ὑπομνῆσαι,
3086 4280 3181 4332 καὶ
3208 4277 3394 4340 δεῖξαι,
3416 4276 3493 4339 ὡς
3527 4276 3681 4328 αὐτοὶ
3708 4276 3825 4327 ἐαυ-

2265 4378 2378 4437 τοῖς
2404 4374 2621 4427 ἐναντία
2669 4371 2929 4442 ἔπραξαν,
2966 4371 3059 4423 καὶ
3081 4370 3176 4435 ὡς,
3215 4370 3272 4421 ἐν
3306 4369 3484 4437 σκότῳ
3522 4366 3825 4436 βουλευόμε-

2265 4484 2366 4529 νοι,
2389 4469 2501 4529 τοῖς
2531 4463 2734 4517 ἐαυτῶν
2756 4463 3147 4534 προσέκοπτον,
3172 4462 3264 4515 καὶ
3294 4460 3543 4522 θέλοντες
3573 4460 3718 4529 ἡμᾶς
3744 4458 3825 4508 ἀν-

2265 4559 2426 4622 ελεῖν,
2458 4556 2681 4618 ἑαυτοὺς
2717 4555 2957 4626 ἔτρωσαν
2984 4555 3058 4617 ὡς
3094 4555 3426 4624 μαινόμενοι.
3464 4552 3602 4621 Περὶ
3628 4563 3822 4618 μυστη-

592 4634 800 4704 seipsos
844 4640 1000 4707 quasi
1053 4641 1292 4701 furentes
1347 4647 1711 4704 confoderint.
1762 4650 1835 4705 De
1889 4654 2162 4723 mysteriis

2270 4650 2395 4723 ρίων
2427 4649 2536 4721 γὰρ
2563 4647 2904 4718 ἐρευνῶντες,
2934 4645 3214 4708 Ἰουδαίους
3245 4646 3552 4715 ἀνέκρινον,
3576 4643 3669 4695 καὶ
3695 4654 3816 4693 κατ·

591 4739 825 4795 namque
853 4735 1255 4801 perquirentes,
1316 4752 1440 4794 cum
1482 4738 1696 4795 Judmos
1742 4743 2158 4810 interrogarent,

593 4816 1121 4892 catechumenosque
1150 4829 1527 4884 examinarent
1564 4848 1578 4884 :
1618 4851 1636 4882 ‹
1668 4831 2161 4897 Ubinam,aientes,

593 4905 757 4959 eratis
772 4912 986 4976 quando
1004 4913 1262 4971 Macarius
1278 4921 1543 4976 accedens
1560 4937 1797 4976 mensam
1819 4924 2120 4980 subvertit?
2141 4942 2159 4975 ι

598 4990 940 5060 llespondere
976 5001 1048 5055 illi
1084 5023 1096 5058 :
1135 5023 1153 5057 ι
1197 5005 1344 5060 Intus
1382 5025 1617 5065 eramus.
1659 5031 1677 5064 ι
1713 5012 1825 5067 Non
1864 5029 1991 5085 ergo
2049 5014 2163 5069 ﬁeri

596 5091 705 5137 tum
737 5096 947 5154 poterat
1000 5097 1220 5164 oblatio,
1260 5100 1303 5153 si
1337 5102 1554 5170 quidem
1600 5106 1969 5161 catechumeni
2023 5107 2168 5161 intus

2265 4741 2595 4812 ηχουμένους
2630 4739 2914 4810 ἐξήταζονο
2941 4758 2958 4790 ι
2985 4737 3092 4791 Ποῦ
3111 4732 3228 4807 ἦτε,
3259 4738 3347 4789 ὅτε
3372 4735 3655 4805 Μακάριος
3681 4728 3817 4802 ἦλθε.

2262 4834 2355 4886 καὶ
2386 4830 2646 4903 ἀνέτρεψε
2667 4830 2762 4900 τὴν
2787 4830 3094 4901 τράπεζανς
3136 4848 3154 4881 ι
3177 4829 3429 4882 Κάκεῖνοι
3452 4827 3819 4899 ἀπεκρίναντο,

2261 4926 2343 4979 ὅτι
2376 4942 2395 4974 ι
2421 4924 2608 4977 Ἔνδον
2635 4922 2784 4985 ὄντες
2799 4921 3182 4991 ἐτυγχάνομεν.
3210 4939 3228 4971 ο
3250 4918 3460 4972 Οὐκοῦν
3476 4920 3576 4972 οὐκ
3590 4914 3821 4990 ἦνπροσ-

2266 5015 2409 5086 φορά
2442 5016 2491 5067 εἰ
2520 5013 2910 5085 κατηχούμενοι
2953 5013 3097 5066 ἔνδον
3124 5008 3281 5083 ἦσαν.
3330 5010 3565 5063 Ἔπειτα
3596 5007 3819 5078 γράψαν-

2265 5126 2356 5173 τες
2379 5105 2673 5177 πανταχού,
2692 5106 2787 5169 ὡς,
2815 5104 3045 5169 ἑστῶτος
3065 5101 3161 5157 τοῦ
3189 5102 3564 5174 πρεσϐυτέρου
3600 5101 3692 5153 καὶ
3714 5101 3819 5151 ἐπι-

667 5200 712 5230 ⁶⁵
746 5201 947 5259 Jerem.
974 5222 1048 5275 ix,
1087 5209 1141 5263 2.
1216 5212 1261 5243 ⁸⁸
1292 5213 1411 5272 Act.
1450 5231 1598 5281 xxxv,
1642 5217 1728 5271 19.
1804 5218 1847 5249 ⁸⁷
1884 5220 2004 5273 Act.
2042 5220 2286 5283 xxv,16.

647 5293 781 5379 ..(75)
972 5300 1324 5379 sequentibus
1354 5305 1465 5379 haec
1498 5309 1829 5368 praemittunt
1862 5327 1876 5360 :
1905 5312 2163 5379 Διήγησις

595 5365 712 5447 πῶς
747 5365 855 5447 duo
869 5367 1054 5447 Τύρου
1072 5370 1312 5447 ἀπῆλθεν
1324 5377 1410 5447 μείς
1444 5365 1715 5447 Αἴγυπτον
1740 5380 1767 5429 ὁ
1789 5365 2162 5443 πάπας”Ἀθαί

595 5437 775 5515 idem;
806 5437 1209 5515 Ἀλεξανδρείας
1243 5437 1536 5509 ἐπίσκοπος
1571 5464 1584 5477 ’
1626 5445 1881 5499 Narratio
1906 5437 2162 5514 quomodo

600 5502 737 5588 Tyra
759 5508 810 5585 in
857 5502 1144 5588 Egyptum
1178 5502 1480 5588 concesserit
1515 5502 1646 5581 papa
1692 5502 2014 5570 Athanasius
2041 5502 2164 5572 Ale-

594 5576 835 5652 alandria:
888 5580 1175 5652 episcopus.
1236 5582 1341 5635 Sed
1402 5576 1719 5652 perperam;
1776 5600 1879 5638 non
1912 5588 2050 5639 enim
2106 5590 2159 5641 in

596 5642 885 5726 @gyptum
918 5642 974 5699 Se
991 5642 1218 5726 contulit
1244 5642 1574 5726 ﬂlhaliﬂsl'tts
1601 5642 1744 5724 Tyro
1769 5658 2048 5719 secedens,
2072 5659 2163 5711 sed

597 5712 1130 5792 genistantinopulim
1157 5721 1333 5788 petiit,
1378 5732 1434 5774 ut
1462 5712 1817 5778 Constantino
1845 5740 1903 5777 se
1927 5712 2161 5779 sisteret.

601 5779 912 5862 Litisiliensis
932 5779 1097 5862 codex
1120 5779 1236 5862 loco
1249 5779 1664 5857 priecedentium
1688 5796 1799 5845 haec
1822 5795 2011 5850 habet:
2029 5798 2163 5851 Ἀπὸ

599 5848 777 5934 Τύρου
825 5855 1015 5934 είςντὸν
1043 5848 1267 5934 βασιλέα
1295 5863 1323 5913 ὁ
1366 5862 1553 5923 πάπας
1599 5848 2162 5924 Ἀθανάσιοςξι-εξοῦυέ

601 5933 761 5987 quant
804 5924 953 5977 editi.
991 5926 1045 5981 In
1084 5926 1249 5999 Regio
1288 5944 1448 5999 quem
1484 5935 1761 6002 sequimur
1802 5949 1988 5989 eorum
2028 5938 2159 5995 nihil

2274 5311 2529 5366 habetur.
2554 5308 2723 5363 Porro
2759 5308 2826 5363 de
2857 5308 3139 5363 Athanasii
3168 5307 3311 5378 Tyro
3336 5306 3602 5378 discessu,
3624 5306 3686 5359 de
3726 5314 3822 5369 quo

2272 5383 2516 5464 ingentes
2566 5382 2969 5444 controversias,
3019 5382 3074 5433 in
3120 5376 3405 5433 Athanasii
3433 5376 3555 5431 Vita
3594 5378 3821 5443 disputa-

2272 5466 2542 5592 VIfIIiiifloem
2588 5519 2751 5590 ch.,
2785 5518 3159 5592 πραχθέντωνἸ
3223 5516 3362 5592 Editi
3399 5534 3562 5592 _vero,
3592 5526 3820 5592 πραττο-

2271 5590 2470 5661 μένων,
2516 5606 2622 5659 qno
2680 5587 3020 5644 item'niodo
3061 5588 3187 5656 legit
3240 5587 3481 5661 Nannius
3510 5588 3603 5661 qui
3644 5587 3818 5639 vertit.

2271 5657 2402 5714 Cum
2443 5676 2520 5713 res
2538 5657 2620 5712 ita
2651 5672 2908 5728 ageretur,
2938 5674 3055 5727 qua!
3097 5666 3368 5726 postrema
3398 5657 3557 5713 lectio
3578 5662 3820 5728 prarstare

2269 5732 2503 5809 videtur.
2539 5724 2865 5784 Athanasius
2892 5724 3277 5799 quippe‘rebus
3302 5728 3543 5781 nondum
3572 5724 3817 5781 confectis

2269 5799 2629 5941 ωιίείὲςῖἰθε..
2672 5868 3013 5941 μονομερίαν.
3054 5866 3176 5924 Mox
3228 5865 3389 5931 idem,
3441 5868 3585 5933 ὅστις
3624 5861 3813 5933 ἀγνοεῖ.

2266 5939 2504 6007 Ειιὶιὶ,Ῑδς
2519 5941 2716 6007 ἀγνοεῖ.
2758 6004 2759 6007 η
