3978 6506
200 446 288 503 ὃῧῖ
1295 441 1633 498 M’OLOGIA
1672 442 1946 501 CONTRA
1987 444 2307 500 ARIANOS.

3290 432 3393 489 598

196 561 455 625 τελοῦντος,
490 560 742 614 εἰσελθὼν
759 560 1044 631 Μακάριος
1083 561 1346 631 ἀνέτρεψε
1390 562 1587 622 πάντα,
1635 563 1720 615 άν-

1835 574 2011 619 erant.
2048 564 2180 619 llinc
2209 578 2330 619 cum
2355 560 2552 615 litteris
2587 558 2697 613 suis
2733 550 2971 625 undique
3006 555 3391 627 pervulgarint,

195 656 374 726 ἔκρινον
389 651 477 714 οὓς
493 650 799 719 ἠϐούλοντο,
827 651 927 703 ποῦ
948 646 1015 720 ἦν
1052 652 1295 721 ’ἰσχύρας
1325 651 1411 702 ὅτε
1443 651 1723 721 Μακάριος

194 744 386 812 ἐπέστη.
416 744 670 796 Κάκεῖνοι
708 743 866 796 πάλιν
891 742 1268 812 ἀπεκρίναντο,
1308 743 1388 793 ὅτι
1428 743 1485 793 ἐν
1531 742 1724 813 κελλίῳ

190 834 331 889 νοσῶν
360 833 749 902 κατακείμενος
776 828 864 901 ἦν.
888 831 1093 885 Οὐκοῦν
1122 832 1222 884 ούκ
1246 832 1485 900 εἱστήκει
1505 832 1533 883 6
1557 848 1724 883 κατα-

191 930 425 998 κείμενος,
449 927 569 980 οὐδὲ
597 928 931 998 προσέφερεν
960 927 987 978 ὁ
1015 928 1070 979 ἐν
1093 925 1286 996 κελλίῳ
1308 925 1479 978 νοσῶν
1512 925 1605 977 καὶ
1627 943 1723 977 κα-

186 1017 492 1086 τακείμενος.
530 1017 676 1087 Πρὸς
715 1016 942 1079 τούτοις,
990 1016 1233 1085 λέγοντος
1265 1015 1359 1069 τοῦ
1401 1014 1617 1084 Ἰσχύρα
1642 1031 1725 1067 κε-

188 1108 385 1161 καῦσθαι
438 1106 618 1176 βιϐλία
671 1106 819 1178 παρά
868 1107 1176 1176 Μακαρίου,
1239 1108 1286 1158 οἱ
1332 1104 1724 1174 ὑποϐληθέντες

186 1196 429 1267 μάρτυρες
461 1194 645 1263 ἔλεγον
681 1195 843 1265 μηδέν
872 1212 923 1246 τι
950 1194 1188 1247 τοιοῦτον
1216 1193 1563 1263 γεγενῆσθαι,
1590 1192 1723 1245 ἀλλά

183 1285 435 1355 ψεύδεσθαι
462 1286 555 1338 τὸν
593 1285 860 1357 Ἰσχύραν.
889 1286 999 1339 Καὶ
1032 1286 1092 1339 τὸ
1126 1285 1453 1358 θαυμαστὸν,
1476 1284 1720 1357 γράψαν-

183 1395 257 1441 τες
284 1378 439 1430 πάλιν
471 1376 746 1446 πανταχοῦ
771 1377 1061 1447 ⁴ἤφανίσθαι
1084 1379 1211 1448 παρ’
1237 1378 1392 1449 ἡμῶν
1416 1379 1543 1441 τοὺς
1564 1379 1721 1432 δυνα-

183 1469 348 1538 μένους
375 1471 695 1539 μαρτυρεῖν,
742 1468 962 1531 τούτους
1012 1472 1368 1539 φαινομένους
1418 1470 1717 1538 ἀνέκρινον,

182 1560 253 1612 καὶ
279 1560 372 1612 οὐκ
420 1559 718 1630 ᾐσχύνοντο
768 1558 1052 1628 βλέποντες
1109 1561 1331 1623 ἑαυτοὺς
1385 1561 1720 1628 συκοφάντας

180 1651 481 1721 πανταχόθεν
538 1651 959 1722 δεικνυμένους,
1018 1652 1109 1704 καὶ
1176 1652 1347 1705 ταῦτα
1411 1654 1722 1723 καταμόνας

179 1743 481 1812 πράττοντας
530 1742 606 1805 ὡς
651 1742 956 1813 ἠϐούλοντο.
1019 1744 1240 1796 Ἔνευον
1296 1743 1394 1812 μὲν
1440 1743 1547 1814 γάρ
1609 1745 1721 1807 τοῖς

179 1834 405 1904 μάρτυσι,
467 1834 570 1887 καὶ
601 1835 630 1886 6
664 1833 895 1906 ἔπαρχος
923 1834 1154 1903 ἠπείλει,
1187 1836 1281 1887 καὶ
1321 1837 1368 1887 οἱ
1397 1834 1719 1906 στρατιῶται

1830 667 2008 712 stante
2038 657 2350 727 presbytero
2393 664 2449 709 et
2494 668 2648 709 sacra
2688 652 2843 721 157
2894 648 3140 711 faciente,
3188 650 3393 716 ingres—

1832 764 1946 803 sum
1976 749 2265 802 Macarium
2316 747 2495 801 omnia
2544 747 2837 805 evertisse,
2876 756 2937 794 ea
2966 754 3177 810 quoque
3225 739 3289 793 de
3334 752 3392 791 re

1830 855 1963 909 quos
1989 840 2141 894 libuit
2168 840 2585 905 interrogarnnt,
2613 837 2826 889 ubinam
2854 830 3257 901 essetlschyras
3284 844 3391 897 quo

1833 942 2074 1000 tempore
2135 930 2400 985 Macarius
2452 930 2665 999 irrupit.
2731 926 3141 994 Responderunt
3198 924 3389 976 iterum

1831 1022 1906 1077 illi
1935 1023 1985 1075 in
2011 1022 2197 1076 cellula
2233 1037 2430 1089 aegrum
2478 1021 2815 1077 decubuisse.
2864 1017 2979 1073 Non
3014 1016 3391 1083 stabat,igitur

1830 1114 1919 1179 qui
1971 1112 2337 1177 decumberet,
2396 1127 2569 1181 neque
2632 1110 2894 1165 oﬂ’erebat
2951 1109 3041 1176 qui
3098 1106 3153 1161 in
3199 1105 3389 1160 cellula

1830 1214 2063 1273 :rgrotus
2096 1204 2319 1272 jaceret.
2362 1206 2439 1257 Ad
2485 1205 2598 1258 haec
2631 1212 2865 1257 testante
2905 1200 3124 1269 lschyra
3164 1198 3331 1252 libros
3359 1213 3388 1249 a

1833 1297 2064 1351 Macario
2086 1298 2251 1351 fuisse
2283 1295 2590 1351 combustos
2611 1335 2626 1358 ,
2659 1295 2757 1363 ipsi
2789 1294 2952 1347 etiam
3004 1289 3281 1345 subornati
3314 1300 3390 1342 te-

1830 1399 1939 1443 stes
1973 1388 2098 1443 fassi
2153 1397 2301 1451 sunt,
2347 1387 2479 1441 nihil
2516 1384 2775 1453 ejusmodi
2826 1394 3034 1454 gestum
3077 1382 3261 1444 fuisse,
3296 1383 3385 1434 sed

1830 1481 2041 1535 mentiri
2094 1478 2391 1549 lschyrant.
2438 1476 2698 1546 Quodque
2755 1476 3044 1545 permirum
3107 1473 3385 1535 habeatur,

1829 1590 1950 1629 cum
1983 1572 2182 1642 ubique
2232 1570 2427 1626 litteris
2465 1569 2856 1639 signiﬁcarim,
2892 1582 2985 1622 eos
3016 1566 3105 1636 qui
3144 1566 3386 1620 testimo-

1829 1664 1974 1721 nium
2018 1665 2158 1719 l'erre
2203 1672 2418 1733 possent
2454 1662 2665 1717 abditos
2694 1676 2723 1715 a
2757 1660 2909 1715 nobis
2932 1658 3131 1721 fuisse,
3170 1656 3385 1711 eosdem

1830 1771 2009 1811 coram
2036 1756 2456 1822 interrogarunt.
2491 1752 2601 1807 Nec
2647 1751 2849 1820 pudore
2885 1749 3059 1804 allecti
3113 1759 3239 1803 sunt
3284 1748 3387 1799 etsi

1829 1843 2170 1896 adverterent
2199 1856 2256 1895 se
2282 1840 2515 1909 undique
2546 1840 2907 1910 sycophantas
2930 1837 3151 1901 ,ostendi
3176 1877 3191 1899 ,
3220 1845 3269 1889 et
3297 1850 3389 1904 pa-

176 1923 388 1977 ἔνυττον·
432 1926 461 1977 6
490 1924 551 1976 δὲ
579 1924 783 1995 Κύριος
819 1924 915 1995 τὴν
947 1925 1202 1995 ἀλήθειαν
1242 1925 1591 1989 ἐξεκάλυπτε,
1632 1926 1720 1979 καὶ

1827 1934 1930 1987 lam
1965 1948 2083 1988 esse
2106 1946 2201 1987 eos
2224 1932 2487 1986 arbitratu
2524 1946 2621 1985 suo
2650 1930 2786 1983 clam
2824 1930 2937 1983 haec
2966 1927 3145 1981 omnia
3186 1926 3385 1994 egisse.

176 2014 483 2081 συκοφάντας
517 2014 715 2076 αὐτοὺς
754 2013 1010 2066 ἐδείκνυε.
1050 2014 1147 2066 Διά
1177 2014 1334 2066 τοῦτο
1369 2015 1462 2066 καὶ
1495 2013 1562 2071 τὰ
1588 2014 1717 2066 ὑπο-

177 2107 401 2176 μνήματα
430 2107 702 2178 ἔκρυψαν,
730 2107 823 2160 καὶ⁸
845 2108 994 2161 αὐτοὶ
1018 2109 1115 2178 μὲν
1143 2107 1298 2177 ἔσχον
1318 2108 1475 2172 αὐτὰ,
1500 2110 1716 2178 παρήγ-

172 2199 325 2266 γειλαν
358 2200 414 2252 δὲ
437 2204 558 2262 τοῖς
584 2200 855 2271 γράψασιν
885 2200 1139 2269 ἀφανίσαι
1170 2202 1262 2254 καὶ
1295 2200 1480 2271 μηδενὶ
1510 2201 1569 2254 τὸ
1596 2200 1720 2253 σύν-

171 2289 264 2341 ολον
284 2290 554 2344 ἐκδοῦναι.
602 2292 741 2343 Ἀλλ’
774 2290 1082 2362 ἐσφάλησαν
1114 2292 1207 2344 καὶ
1234 2292 1290 2344 ἐν
1317 2290 1520 2361 τούτῳο
1556 2291 1585 2343 6
1618 2291 1719 2361 μὲν

170 2379 255 2450 γὰρ
277 2382 493 2452 γράψας
518 2382 658 2435 αύτά
690 2382 913 2449 Ῥοῦφός
951 2383 1116 2445 ἐστιν,
1145 2382 1173 2433 6
1196 2380 1291 2434 νῦν
1324 2383 1380 2433 ἐν
1410 2384 1476 2452 τῇ
1511 2382 1719 2449 Αὐγου-

172 2472 393 2543 σταλιανῇ
432 2473 555 2543 (77)
603 2473 1007 2544 σπεκουλάτωρ,
1045 2474 1138 2526 καὶ
1170 2473 1389 2526 δύναται
1443 2474 1718 2545 μαρτυρῆ-

170 2576 267 2612 σαι·
309 2564 354 2615 οί
399 2563 458 2615 δὲ
514 2562 643 2634 περὶ
676 2562 930 2615 Εὐσέϐιον
958 2565 1036 2625 είς
1069 2561 1285 2633 Ῥώμην
1314 2562 1451 2616 αὐτὰ
1488 2564 1574 2616 διὰ
1612 2563 1719 2617 τῶν

170 2651 285 2703 ἰδίων
307 2654 664 2718 ἀπέστειλαν,
707 2655 799 2706 καὶ
843 2654 1054 2717 Ἰούλιος
1075 2655 1103 2707 6
1135 2653 1431 2717 ἐπίσκοπος
1460 2655 1599 2708 αύτά
1630 2672 1719 2725 μοι

165 2741 495 2814 διεπέμψατο-
551 2746 665 2799 Καὶ
707 2746 981 2817 μαίνονται
1017 2746 1131 2809 νῦν,
1165 2748 1245 2799 ὅτι
1288 2746 1323 2800 ἃ
1354 2748 1549 2801 ἐκεῖνοι
1588 2749 1721 2801 ἀπο-

167 2834 396 2904 κρύπτειν
451 2836 765 2903 ἐϐούλοντο,
821 2840 981 2909 ⁴ἡμεῖς
1041 2837 1288 2908 ἔσχομεν,
1343 2838 1438 2891 καὶ
1486 2840 1721 2908 ἀνέγνω-

166 2942 247 2995 μεν
267 2928 391 2999 (78)-

215 3190 291 3247 84.
319 3193 430 3265 (73)
454 3193 658 3248 Ταῦτα
706 3196 801 3248 καὶ
844 3195 911 3249 τά
957 3197 1179 3251 τοιαῦτα
1220 3198 1518 3262 συνθέντες,
1559 3198 1718 3262 εὐθὺς

166 3282 239 3334 καὶ
278 3284 372 3355 τὴν
414 3262 614 3340 *αἰτίαν
648 3286 712 3339 δι’
747 3288 812 3359 ἦν
847 3289 1018 3342 ταῦτα
1062 3288 1302 3361 ἔπραξαν
1344 3291 1713 3360 ἐφανέρωσαν.
1745 3262 1786 3319 C

174 3374 541 3447 Ἀπερχὸμενοι
612 3379 743 3450 γὰρ,
808 3381 1093 3451 ἀπήγαγον
1158 3381 1273 3451 μεθ’
1331 3382 1537 3435 ἑαυτῶν
1593 3383 1720 3446 τοὺς

176 3463 459 3534 Ἀρειανοὺς
507 3469 595 3530 εἰς
640 3469 740 3538 τὴν
778 3469 1149 3540 Ἰερουσαλὴμ,
1196 3470 1357 3524 κάκεῖ
1394 3470 1613 3535 τούτους
1641 3474 1720 3536 είς

163 3560 418 3613 κοινωνίαν
474 3557 756 3624 ἐδέξαντο,
796 3561 1101 3631 γράψαντες
1138 3561 1425 3634 ἐπιστολὴν
1474 3564 1602 3635 περὶ
1632 3565 1722 3617 αὐ-

163 3646 267 3712 τῶν,
292 3645 356 3720 ἧς
386 3652 595 3722 ἡάρχὴ
632 3652 724 3704 καὶ
745 3652 805 3703 τὸ
842 3652 1004 3723 μέρος
1032 3653 1151 3705 ἐστὶ
1175 3654 1352 3707 τοῦτο·

543 3743 659 3814 (80)
698 3748 754 3798 Η
782 3745 957 3799 ΑΓΙΑ
1012 3748 1057 3798 Σ
1069 3748 1347 3799 ΥΝΟΔΟΣ

171 3834 227 3892 Ἠ
251 3842 315 3893 ἐν
345 3840 789 3909 Ἰεροσολύμοις
840 3838 985 3893 Θεοῦ
1016 3839 1206 3908 χάριτι
1244 3840 1612 3909 συναχθεῖσα
1648 3840 1720 3909 τῇ

227 3910 552 3979 Ἐκκλησίᾳ
602 3911 709 3963 τοῦ
748 3910 892 3979 Θεοῦ
922 3910 995 3976 τῇ
1026 3912 1134 3979 (81)
1165 3912 1233 3963 ἐν
1295 3910 1717 3977 Ἀλεξανδρείᾳ,

216 3984 303 4033 καὶ
349 3983 476 4048 τοῖς
514 3978 671 4034 κατὰ
709 3978 912 4034 πᾶσαν
948 3980 1062 4047 τὴν
1100 3982 1420 4048 Αἴγυπτον,
1468 3982 1563 4033 καὶ
1610 3984 1721 4048 Θη-

217 4052 398 4117 ϐαΐδα,
442 4052 547 4105 καὶ
583 4052 827 4117 Λιϐύην,
878 4050 975 4103 καὶ
1012 4050 1402 4114 Πεντάπολιν,
1460 4050 1556 4102 καὶ
1598 4051 1721 4115 τοῖς

214 4126 355 4176 κατὰ
415 4123 544 4190 τὴν
610 4119 969 4189 οἰκουμένην
1026 4120 1376 4185 ἐπισκόποις
1433 4120 1531 4174 καὶ
1593 4134 1722 4188 πρε-

213 4193 527 4262 σϐυτέροις
559 4191 658 4243 καὶ
684 4190 985 4257 διακόνοις
1005 4191 1075 4243 ἐν
1106 4192 1301 4259 Κυρίῳ
1332 4192 1577 4259 χαίρειν.

211 4281 343 4334 Πᾶσι
377 4283 483 4353 μὲν
518 4283 657 4351 ἡμῖν
694 4284 804 4342 τοῖς
850 4280 941 4333 ἐπὶ
982 4280 1041 4332 τὸ
1100 4280 1230 4333 αὐτὸ
1280 4278 1619 4332 συνελθοῦσιν
1662 4278 1723 4343 ἐξ

153 4372 407 4443 ἐπαρχιῶν
442 4372 727 4442 διαφόρων
760 4372 897 4443 πρὸς
930 4374 993 4441 τῇ
1038 4372 1243 4441 μεγάλῃ
1301 4370 1624 4441 πανηγύρει,
1654 4372 1721 4441 ἦν

152 4460 229 4514 ἐπὶ
259 4465 567 4537 ἀφιερώσει
595 4462 689 4517 τοῦ
723 4462 996 4534 Σωτηρίου
1039 4464 1353 4535 Μαρτυρίου
1393 4463 1592 4533 σπουδῇ
1626 4462 1720 4517 τοῦ

150 4550 557 4622 θεοφιλεστάτου
606 4554 870 4625 βασιλέως
916 4554 1323 4607 Κωνσταντίνου
1385 4554 1461 4625 τῷ
1504 4554 1720 4607 πάντων

150 4641 337 4711 βασιλεῖ
364 4647 490 4718 Θεῷ
518 4646 618 4699 καὶ
641 4645 721 4715 τῷ
746 4645 966 4718 Χριστῷ
994 4645 1156 4698 αὑτοῦ
1183 4644 1715 4709 κατασκευασθέντος

147 4736 561 4808 ἐπετελέσαμεν,
597 4738 819 4791 πλείονα
871 4739 1134 4819 θυμηδίαν
1182 4741 1214 4809 ἡ
1250 4738 1343 4792 τοῦ
1388 4738 1521 4791 Θεοῦ
1557 4738 1715 4807 χάρις

147 4827 478 4902 ἐνεποίησενο
531 4831 699 4893 αὑτός
734 4847 792 4882 τε
823 4832 851 4883 6
883 4830 1287 4899 θεοφιλέστατος
1324 4830 1578 4902 βασιλεὺς
1629 4831 1715 4884 διὰ

143 4925 480 4995 γραμμάτων
512 4923 749 4985 οἰκείων,
778 4923 919 4975 τοῦθ’
950 4924 1086 4994 ὅπερ
1109 4924 1272 4995 ἐχρῆν
1316 4924 1677 4994 παρορμήσας
1697 4964 1711 4984 ,

144 5014 305 5069 πάντα
344 5018 448 5087 μὲν
478 5015 733 5086 ἐξορίσας
761 5014 871 5085 (82)
923 5016 1023 5085 τῆς
1088 5002 1413 5087 Ἐκκλησίας
1459 5016 1553 5068 τοῦ
1580 5015 1716 5068 Θεοῦ

142 5105 342 5173 φθόνον,
373 5108 476 5161 καὶ
512 5108 696 5161 πᾶσαν
730 5108 945 5180 μακρὰν
980 5108 1257 5172 ἀπελάσας
1293 5108 1614 5179 βασκανίαν,
1649 5108 1717 5161 δι’

202 5260 315 5335 (7_7)
355 5262 832 5335 Αὑγουσταλιανῇ.
870 5263 925 5316 1η
957 5264 1133 5318 edicto
1162 5279 1277 5335 _xnt
1307 5262 1595 5335 Justiniani
1617 5305 1632 5328 ,
1678 5265 1711 5334 ἡ

140 5328 480 5416 ᾇρχῇἦετερ
516 5328 831 5416 ,ἐφέστηκεν
875 5336 986 5416 τοῖς
1040 5333 1314 5416 Αἰγύπτου
1370 5328 1719 5416 πράγμασιν,

141 5403 312 5475 φαμὲν
356 5404 419 5455 δὲ
449 5403 580 5475 ⁷τὴν
636 5403 1050 5471 Ᾱύγουσταλίων
1080 5443 1096 5464 ,
1163 5403 1480 5474 prwfectura
1546 5421 1722 5475 rerum

140 5467 586 5544 {Egyptiacuru'm
644 5467 762 5540 qua:
812 5467 1246 5544 Augustaliorum
1276 5467 1534 5527 'vocatur.
1582 5473 1721 5528 Hinc

141 5538 337 5613 factum
366 5538 821 5613 Αὔγουσταλιανή
854 5538 971 5612 qum
1001 5560 1097 5612 pro
1144 5558 1207 5597 ea
1248 5544 1364 5610 ipsa
1396 5544 1716 5610 praefectura

142 5611 273 5729 ξιυωί
314 5613 553 5741 visdetur.
590 5613 669 5667 De
712 5611 1069 5681 speculatoris
1110 5612 1285 5668 oﬂicio
1324 5622 1505 5668 actum
1551 5630 1713 5684 supra

178 5694 286 5733 um.
385 5721 401 5734 .

144 5692 286 5733 tium.
342 5692 401 5734 δ.

355 5751 522 5822 Reg,
549 5751 783 5822 ἔσχομεν
809 5753 901 5804 καὶ
916 5750 1179 5821 ἔγνωμεν.

179 5818 321 5897 .(79)
356 5818 486 5897 Haec
513 5818 702 5897 con—fer
722 5838 840 5875 cum
864 5818 1079 5897 ﬁstulae
1110 5824 1159 5876 in
1182 5822 1419 5897 Eristole
1445 5824 1511 5897 ad
1534 5824 1717 5897 solita-

146 5892 248 5943 rius
279 5893 578 5965 habentur.
600 5892 738 5947 infra
762 5908 909 5948 num.
935 5892 983 5946 l.
1018 5892 1185 5947 Pcrro
1220 5908 1338 5962 qua:
1371 5892 1434 5949 de
1464 5894 1590 5947 Ario
1629 5894 1715 5949 hic

1821 2025 2029 2079 Etenim
2057 2033 2222 2079 testes
2245 2024 2464 2077 nutibus
2488 2022 2797 2076 monebant.
2829 2020 3120 2074 Praefectus
3146 2017 3390 2071 minaba—

1820 2121 1926 2177 tur,
1964 2112 2162 2166 milites
2190 2110 2468 2165 czedebant
2504 2128 2517 2164 :
2554 2112 2648 2165 sed
2686 2110 2943 2165 Dominus
2971 2109 3245 2162 veritatem
3288 2124 3383 2175 pa-

1819 2202 2022 2268 tefecit,
2048 2217 2248 2272 eosque
2280 2203 2638 2273 sycophantas
2662 2200 3066 2257 demonstravit.
3110 2198 3384 2267 Quamob-

1819 2309 1930 2349 rem
1955 2303 2298 2349 monumenta
2324 2294 2532 2350 occulta
2559 2295 2697 2364 apud
2726 2309 2785 2349 se
2812 2307 2968 2347 serva
2986 2302 3126 2353 runt.
3155 2292 3385 2360 scripto-

1820 2386 1972 2440 ribus
2002 2387 2291 2455 iubentes,
2324 2396 2379 2440 ut
2416 2386 2501 2440 illa
2538 2386 2873 2441 occultarent
2896 2400 2959 2441 ac
2997 2384 3194 2439 nemini
3232 2398 3385 2451 pror-

1819 2496 1910 2534 sus
1932 2480 2223 2533 traderent.
2252 2478 2355 2534 Sed
2399 2478 2561 2533 cessit
2604 2492 2687 2531 res
2721 2486 2911 2531 contra
2940 2492 3001 2530 ac
3046 2476 3148 2527 rati
3179 2485 3336 2528 erant
3366 2490 3380 2525 :

1818 2588 1944 2627 nam
1971 2574 2061 2642 qui
2086 2571 2172 2625 illa
2204 2572 2525 2641 conscripsit
2548 2569 2741 2635 Rufus,
2762 2584 2903 2623 nunc
2931 2569 2981 2622 in
3002 2567 3385 2636 Augustaliana

1820 2663 2155 2733 speculator,
2190 2663 2411 2730 hujusce
2450 2660 2523 2715 rei
2568 2661 2929 2715 testimonium
2978 2658 3120 2713 ferre
3160 2668 3332 2727 potest
3368 2675 3382 2709 :

1821 2752 2107 2807 Eusebiani
2132 2766 2346 2821 quoque
2375 2766 2437 2805 ea
2474 2766 2570 2820 per
2617 2750 2823 2819 legatos
2854 2763 2979 2804 suos
3017 2748 3238 2803 Romam
3286 2749 3384 2801 mi-

1820 2852 2028 2909 serunt,
2086 2842 2325 2911 mihique
2378 2850 2505 2896 sunt
2558 2844 2642 2908 ea}
2680 2842 2794 2910 ipsa
2852 2857 2881 2894 a
2944 2838 3085 2895 Julio
3132 2839 3384 2907 epiSCOpo

1823 2934 2159 2988 transmissa.
2186 2933 2253 2987 Et
2280 2948 2422 2987 nunc
2462 2931 2755 2997 insaniunt,
2784 2932 2926 3000 quod
2966 2932 3214 2987 videlicet
3263 2947 3381 2999 qua:

1821 3024 1897 3079 illi
1925 3023 2195 3079 occultare
2236 3025 2591 3094 pemptahant
2627 3037 2690 3078 ea
2729 3039 2827 3079 nos
2867 3025 3185 3089 habuimus,
3214 3037 3276 3077 ea
3309 3023 3384 3076 le-

1821 3117 2017 3186 gimus.

1890 3208 1980 3263 84.
2019 3206 2331 3279 Huiusmodi
2363 3222 2451 3261 res
2493 3206 2825 3271 machinati,
2858 3205 2985 3260 talia
3033 3205 3225 3274 agendi
3254 3220 3384 3259 cau—

1820 3315 1935 3355 sam
1992 3314 2113 3355 mox
2159 3301 2336 3370 palam
2392 3299 2566 3355 fecere
2614 3318 2629 3355 :
2678 3300 2800 3355 inde
2851 3312 3082 3367 namque
3134 3296 3380 3366 profecti,

1820 3394 2047 3447 Arianos
2078 3408 2259 3447 secum
2290 3391 2713 3463 Hierosolymam
2749 3391 3039 3455 adduxere,
3073 3390 3244 3459 iisque
3268 3388 3377 3441 illic

1822 3483 1887 3538 ad
1923 3485 2355 3539 communionem
2402 3484 2694 3549 admissis,
2748 3483 3029 3553 epistolam
3082 3483 3382 3551 scripsere,

1824 3577 1977 3647 cujus
2000 3578 2113 3630 haec
2136 3584 2217 3631 est
2243 3590 2369 3645 pars
2394 3576 2461 3629 ab
2489 3574 2643 3629 initio
2668 3590 2682 3627 :

2265 3753 2546 3809 SANCTA
2594 3751 2935 3808 SYNODUS

1828 3847 1923 3901 Dei
1977 3849 2149 3917 gratia
2183 3847 2577 3918 rllierosolymis
2622 3854 2967 3915 congregata,
2996 3843 3241 3918 Ecclesia’
3283 3842 3379 3895 Dei

1896 3913 2012 3985 qua:
2040 3930 2115 3971 est
2148 3913 2483 3972 Alexandriae
2506 3956 2521 3981 ,
2574 3913 2908 3983 omnibusque
2936 3930 3026 3982 per
3067 3913 3139 3967 1E
3146 3923 3382 3981 gyptum,

1902 3987 2236 4051 Thebaidem,
2278 3987 2494 4057 Libyam
2519 3998 2564 4040 et
2596 3986 2946 4052 Pentapolim,
2978 3995 3023 4057 et
3054 3985 3236 4057 ubique
3277 3996 3382 4057 ter—

1895 4074 2079 4179 ralrum
2103 4054 2708 4128 aucupia-presbyteris
2732 4067 2779 4109 et
2805 4056 3067 4120 diaconis,
3088 4058 3140 4107 in
3160 4054 3383 4106 Domino

1895 4144 1947 4179 sa
1978 4140 2130 4179 utem.

1891 4140 2130 4183 salutem.

1895 4277 2058 4335 Nobis
2080 4280 2331 4334 omnibus
2357 4280 2605 4335 eumdem
2629 4280 2681 4334 in
2706 4279 2877 4332 locum
2901 4292 2967 4332 ex
3007 4276 3233 4331 diversis
3260 4291 3381 4342 pro-

1821 4369 2012 4424 vinciis
2045 4370 2111 4423 ad
2142 4386 2388 4440 magnam
2408 4370 2801 4425 solemnitatem
2826 4368 3163 4438 congregatis
3184 4410 3197 4433 ,
3222 4382 3382 4437 quam

1822 4461 2215 4517 celebravimus
2259 4464 2310 4515 in
2338 4461 2677 4516 dedicatione
2707 4460 2946 4530 Martyrii
3000 4457 3321 4520 Salvatoris,
3355 4476 3382 4511 a

1827 4553 2234 4621 religiosissimo
2266 4553 2591 4623 imperatore
2628 4552 2984 4607 Constantino
3014 4552 3069 4604 in
3120 4550 3383 4604 honorem

1822 4648 2061 4700 omnium
2115 4646 2463 4715 Imperatoris
2516 4644 2607 4699 Dei
2659 4653 2712 4698 et
2754 4644 2952 4698 Christi
2982 4640 3099 4710 ejus
3123 4641 3341 4695 excitati
3369 4682 3384 4705 ,

1824 4740 2095 4807 ingentem
2130 4739 2371 4792 laetitiam
2424 4737 2515 4792 Dei
2552 4738 2724 4807 gratia
2774 4736 2976 4790 attulit.
3025 4734 3143 4804 lpse
3171 4748 3387 4803 quoque

1823 4831 2260 4902 religiosissimus
2310 4830 2600 4900 imperator
2650 4830 2764 4885 suis
2817 4844 2915 4883 nos
2946 4827 3143 4883 litteris
3172 4827 3238 4881 ad
3268 4824 3385 4879 olli~

1822 4926 1965 4979 cium
2026 4925 2269 4979 hortatus
2321 4933 2402 4977 est
2446 4922 2641 4993 (ejecto
2694 4923 2763 4977 ab
2810 4920 3047 4976 Ecclesia
3087 4920 3211 4976 odio
3244 4933 3385 4987 quo-

1823 5030 2036 5084 cunque
2066 5058 2081 5081 ,
2112 5016 2366 5084 omnique
2400 5015 2595 5069 invidia
2630 5029 2725 5083 per
2773 5028 2934 5082 quam
2984 5013 3075 5068 Dei
3126 5009 3369 5065 membra

1824 5110 2057 5162 antehac
2090 5106 2422 5162 dissidebant
2469 5104 2655 5175 procul
2687 5104 2921 5173 abacta),
2963 5114 3021 5159 ut
3049 5104 3276 5175 simplici
3324 5118 3387 5157 ac

1820 5271 2169 5325 enarrantur,
2213 5278 2318 5316 non
2365 5262 2430 5315 ad
2482 5261 2929 5325 haeresiarcham,
2973 5260 3067 5314 sed
3114 5256 3181 5310 ad
3215 5255 3385 5310 hatre-

1826 5333 2054 5387 siarcha:
2084 5332 2458 5401 cognominem
2501 5334 2723 5401 ejusque
2754 5331 2988 5385 sodalem
3011 5327 3380 5401 nequidnqnam

1827 5406 2035 5457 referre
2067 5395 2294 5457 con'atnr
2332 5395 2651 5469 postremus
2680 5399 2920 5455 Socratis
2960 5398 3152 5469 editur.
3203 5395 3385 5447 Enim-

1826 5488 1953 5526 vero
1980 5473 2046 5526 de
2086 5474 2201 5542 ipso
2235 5466 2595 5542 haeresiarcha
2625 5472 2714 5542 hic
2759 5469 2841 5538 agi
2877 5466 3234 5522 certissimum
3278 5472 3380 5525 est,

1824 5543 1952 5597 utin
1986 5540 2156 5609 Epist.
2185 5544 2252 5594 ad
2279 5541 2424 5594 salit.
2454 5540 2786 5609 probabitur.

1893 5612 2007 5682 (80)
2034 5600 2173 5665 'llazc
2199 5612 2424 5680 epistola
2454 5600 2700 5664 'habetur
2742 5603 2880 5658 infra
2910 5605 2974 5657 de
3007 5602 3225 5672 synodis
3257 5600 3382 5654 Ari-

1823 5683 1951 5735 mini
1980 5692 2033 5737 et
2064 5683 2320 5736 Seleucia:

1891 5753 2003 5821 (81)
2053 5751 2128 5804 lta
2192 5750 2321 5817 Reg.
2373 5747 2511 5801 Editi
2558 5760 2709 5809 vero,
2747 5740 3041 5812 Ἐκκλησία
3120 5739 3253 5793 Θεοῦ
3324 5740 3383 5793 ἐν

1820 5825 1907 5883 τῇ,
1938 5833 2043 5876 MC.

1938 5841 2043 5876 t‘lC.

1854 5841 2003 5961 n28?)
2046 5890 2201 5961 ch.,
2234 5888 2496 5960 ἐξορίσας.
2524 5886 2659 5943 Editi
2683 5886 2839 5949 male,
2868 5882 3099 5953 ἐξορίας.
