3978 6518
3683 434 3790 491 ιοο

547 440 652 494 399
1112 441 1171 497 S.
1213 441 1589 499 ATllANASll
1625 440 1776 497 OPP.
1819 440 2002 496 PARS
2041 443 2084 497 l.
2125 473 2195 483 ——
2234 440 2595 495 HISTORICA
2637 439 2724 495 ET
2768 439 3183 497 DOGMATICA.

547 567 736 624 pacato
769 571 951 612 a..tmo
975 599 990 621 ,
1016 548 1246 614 Arianos
1278 561 1343 613 ad
1379 560 1810 614 commnionem
1856 558 2095 613 admitte-

2207 552 2274 628 ἦς
2298 557 2366 610 τὰ
2396 558 2489 611 τοῦ
2519 556 2652 609 Θεοὺ
2683 558 2817 627 μέλη
2847 556 3105 627 πρότερον
3136 555 3454 623 διειστήκει,
3478 551 3789 623 ἡπλωμένῃ

544 663 762 718 remus,
800 664 935 719 quos
976 652 1042 705 ad
1076 653 1342 720 quo‘ddam
1395 653 1651 721 temporis
1693 652 1924 720 spatium
1960 651 2095 707 omni

2210 650 2265 702 δὲ
2293 650 2385 701 καὶ
2406 648 2653 719 είρηναίᾳ
2678 648 2821 719 ψυχῇ
2848 648 3096 714 δέξασθαι
3122 646 3253 709 τοὺς
3276 644 3405 715 περὶ
3423 644 3671 714 ¹Ἄρειον,
3691 641 3791 706 οὓς

543 741 733 797 infesta
764 742 906 799 bono
960 744 1158 798 invidia
1205 745 1335 800 foris
1386 743 1680 798 Ecclesiam
1709 742 1961 795 detinuit.
1995 741 2095 795 lmc

2209 742 2344 813 πρός
2358 758 2476 793 τινα
2505 740 2690 811 καιρὸν
2705 743 2732 793 ὀ
2750 739 3033 809 μισόκαλος
3051 738 3243 807 φθόνος
3265 735 3370 801 ἔξω
3401 733 3660 802 γενέσθαι
3687 732 3791 802 τῆς

545 833 659 902 ipse
690 834 1129 905 religiosissimus
1175 835 1467 904 imperator
1493 850 1588 904 per
1619 832 1907 902 epistolam
1948 846 2104 885 suam

546 923 847 990 Imjusmodi
874 927 1112 979 virorum
1150 935 1357 980 rectam
1379 939 1501 979 esse
1533 924 1691 979 ﬁdem
1718 932 1943 978 testatus
1975 930 2061 975 est
2087 937 2103 975 :

544 1028 704 1081 quam
735 1017 871 1086 ipse,
924 1017 1029 1071 illis
1072 1015 1418 1085 interrogatis
1444 1055 1459 1079 ,
1490 1015 1608 1068 viva
1655 1027 1786 1067 voce
1823 1011 2107 1081 loquentes

544 1122 665 1161 cum
712 1107 1010 1170 audiisset,
1060 1120 1089 1158 a
1124 1120 1182 1160 se
1213 1106 1561 1175 approbatam
1616 1105 1772 1158 nobis
1830 1103 2103 1171 indicavit,

548 1198 849 1271 litterisque
879 1198 992 1253 suis
1039 1212 1224 1252 sanam
1272 1211 1458 1251 eorum
1501 1196 1623 1251 lidei
1658 1193 1943 1250 formulam
1979 1194 2107 1248 sub.

537 1288 734 1359 junxit.

613 1465 699 1520 85.
731 1465 861 1532 Quis
880 1467 1188 1536 huiusmodi
1229 1468 1427 1523 auditis
1447 1469 1627 1525 verbis
1651 1467 2102 1537 conspirationem

546 1574 651 1613 non
704 1560 1193 1615 animadverterit?
1221 1570 1367 1629 gesta
1409 1575 1644 1630 namque
1678 1575 1771 1614 sua
1802 1576 1906 1614 non
1946 1559 2105 1614 dissi-

542 1650 815 1705 mularunt
846 1669 861 1703 :
893 1660 987 1703 aut
1029 1650 1263 1704 fortasse
1314 1650 1397 1703 vel
1456 1651 1610 1704 inviti
1656 1650 1936 1704 veritatem
1976 1656 2105 1703 sunt

542 1742 795 1797 confessi.
825 1740 957 1796 Nam
986 1742 1031 1797 si
1062 1758 1159 1811 ego
1189 1742 1231 1796 is
1267 1757 1417 1795 eram
1458 1742 1548 1811 qni
1576 1741 1810 1795 Arianos
1848 1740 2103 1796 Ecclesiae

544 1834 787 1904 ingressu
820 1849 1061 1889 arcerem
1100 1834 1303 1904 :158
1346 1843 1401 1889 et
1435 1834 1509 1888 illi
1554 1842 1673 1903 post
1709 1833 1995 1888 conﬂatam
2046 1834 2099 1888 in

543 1942 629 1982 me
655 1927 1106 1996 conspirationem
1140 1928 1207 1980 ad
1237 1926 1667 1981 communionem
1691 1934 1815 1980 sunt
1843 1926 2093 1992 admissi;

539 2016 667 2086 quid
701 2015 843 2069 aliud
878 2017 1186 2077 dicendum,
1212 2029 1375 2083 quam
1415 2024 1468 2069 et
1496 2014 1611 2069 hac
1641 2023 1696 2069 et
1719 2016 1974 2069 universa
2006 2029 2101 2069 eo-

541 2122 661 2161 rum
688 2106 740 2161 in
774 2122 875 2161 nos
904 2106 1146 2160 facinora
1174 2145 1189 2170 ,
1216 2106 1539 2159 Arianorum
1571 2105 1744 2175 gratia
1797 2116 2098 2174 perpetrata

537 2212 658 2253 esse
694 2216 708 2252 ι
747 2208 802 2252 et
847 2214 912 2252 eo
965 2198 1135 2253 solum
1183 2197 1374 2252 calicis
1418 2195 1737 2251 fractionem
1779 2198 2101 2264 Arseniique

537 2290 739 2345 caedem
772 2304 893 2345 esse
932 2291 1243 2353 conlictam,
1269 2296 1330 2341 ut
1353 2288 1683 2355 impietatem
1717 2288 1769 2342 in
1802 2288 2098 2343 Erclesiam

537 2380 991 2443 introducerent,
1043 2389 1099 2435 et
1154 2379 1254 2450 ipsi
1301 2379 1523 2433 minime
1570 2380 2100 2448 deprehenderentur

536 2470 816 2526 lueretici?
864 2470 983 2523 ideo
1016 2470 1158 2523 enim
1195 2467 1324 2521 mihi
1362 2478 1521 2522 antea
1575 2468 1876 2538 imperator
1905 2469 2097 2526 litteris

464 2592 465 2595 η
536 2563 653 2617 suis
684 2562 1064 2616 interminatus
1105 2569 1209 2615 est.
1239 2559 1352 2614 Nec
1389 2560 1579 2628 puduit
1607 2575 1701 2614 eos
1730 2560 1856 2614 talia
1897 2561 2095 2627 dicere,

544 2652 923 2721 aﬂirmareque
969 2661 1118 2706 recte
1153 2652 1360 2706 sentire
1385 2651 1532 2705 viros
1569 2666 1598 2704 a
1629 2660 1736 2706 tota
1767 2652 2097 2707 mcutnenica

535 2745 740 2815 synodo
808 2744 1154 2798 anathemate
1183 2743 1464 2797 damnatos
1498 2762 1512 2797 :
1549 2758 1721 2811 neque
1770 2752 1894 2797 sunt
1942 2743 2096 2797 veriti

537 2845 743 2890 tantam
782 2836 1048 2907 synodum
1094 2844 1360 2906 quantum
1417 2835 1568 2890 licuit
1613 2835 1753 2889 clam
1802 2845 2092 2892 evertere:

535 2927 781 2986 homines
813 2942 945 2983 sane
976 2929 1132 2983 dictis
1164 2928 1435 2999 gestisqne
1472 2928 1583 2982 suis
1600 2928 1894 2982 temerarii.
1930 2926 2097 2985 Porro

536 3034 745 3076 merces
793 3021 1160 3091 sycophantiae
1212 3035 1468 3075 concessa
1508 3019 1676 3075 multo
1711 3022 1885 3089 magis
1908 3036 2095 3076 eorum

536 3110 922 3179 malignitatem
966 3112 1297 3181 impiumque
1328 3111 1663 3181 propositum
1695 3112 1958 3180 coarguit.
1986 3112 2098 3165 Ma-

536 3212 734 3265 reotes,
763 3203 837 3256 ut-i
860 3218 1019 3271 supra
1049 3203 1252 3258 dictum
1296 3213 1399 3267 est,
1428 3203 1577 3273 regio
1599 3210 1683 3258 est
1706 3204 2092 3272 Alexandrina,

536 3292 592 3346 in
616 3310 721 3362 qua
744 3308 1015 3365 nunquam
1040 3294 1326 3364 episcopus
1366 3294 1489 3358 fuit,
1512 3304 1604 3348 aut
1624 3295 2042 3364 chorepisc0pus
2075 3314 2089 3351 :

534 3382 627 3435 sed
667 3382 929 3437 universa:
976 3383 1120 3437 illius
1147 3384 1381 3452 regionis
1432 3383 1687 3439 Ecclesiae
1726 3384 2093 3439 Alexandrino

532 3484 723 3541 parent
743 3473 1019 3543 episcopo.
1059 3472 1364 3544 Presbyteri
1405 3485 1583 3528 autem
1618 3476 1817 3545 singuli
1847 3491 1973 3533 suos
2007 3477 2093 3531 vi-

534 3575 625 3617 cos
672 3563 871 3618 habent
896 3565 1193 3628 maximos,
1225 3564 1315 3632 qui
1356 3564 1541 3620 decent
1568 3566 1785 3622 circiter
1814 3578 1957 3635 sunt,
1987 3569 2097 3623 imo

537 3651 717 3721 plures
753 3669 1001 3708 numero.
1036 3653 1202 3710 Vicus
1233 3665 1415 3709 autem
1450 3656 1537 3710 ubi
1586 3656 1796 3711 habitat
1847 3659 2095 3729 lschyras

530 3746 770 3799 omnium
798 3755 882 3801 est
913 3745 1191 3808 minimus.
1222 3754 1278 3801 et
1301 3761 1595 3814 paucorum
1631 3749 1927 3813 hominum,
1962 3753 2097 3807 adeo

531 3844 591 3888 ut
617 3851 718 3889 non
743 3836 903 3890 isthic
922 3875 939 3900 ,
970 3837 1063 3890 sed
1092 3837 1145 3890 in
1187 3837 1433 3905 proximo
1459 3853 1594 3907 pago
1616 3846 1792 3894 exstet
1838 3840 2093 3899 ecclesia.

530 3926 780 3983 Attamen
816 3929 988 3981 virum
1028 3926 1118 3994 qui
1152 3928 1435 3997 presbyter
1480 3945 1586 3983 non
1626 3940 1795 3994 esset,
1830 3931 1881 3985 in
1912 3932 2098 4001 hujus-

532 4017 674 4070 modi
702 4017 822 4072 vico
861 4018 1170 4088 episcopum
1221 4029 1409 4073 contra
1440 4020 1712 4087 antiquam
1751 4022 2094 4079 traditionem

530 4113 771 4161 statuere
815 4106 1169 4163 decreverunt
1200 4129 1212 4165 :
1240 4110 1392 4177 gnari
1444 4125 1578 4165 sane
1620 4127 1781 4181 quant
1816 4114 2093 4185 indignum

530 4196 661 4252 illud
687 4208 851 4265 esset,
886 4200 979 4255 sed
1010 4203 1178 4255 coacti
1211 4202 1282 4257 ob
1323 4211 1531 4271 pactam
1576 4205 1858 4261 calumnia:
1885 4222 2093 4265 merce-

528 4294 649 4347 dem
670 4309 735 4348 eo
768 4295 980 4351 adducti
1014 4305 1172 4359 sunt,
1205 4314 1272 4352 ne
1302 4298 1345 4353 si
1383 4300 1591 4367 ingrate
1619 4314 1743 4354 cum
1776 4302 2089 4357 sceleratis-

527 4385 664 4440 simo
691 4386 781 4442 illo
811 4398 1086 4454 ageretur,
1116 4391 1399 4445 veritatem
1426 4392 1542 4461 ipse
1565 4393 1899 4458 enuntiaret,
1928 4395 2095 4450 Euse~

526 4474 919 4549 hianorumque
946 4481 1122 4549 palam
1154 4481 1356 4536 faceret
1397 4482 1805 4549 malignitatem.
1835 4483 2092 4540 Certissi-

526 4584 670 4625 tnum
715 4582 891 4626 tamen
947 4585 1029 4628 est
1077 4588 1199 4629 eum
1256 4588 1361 4628 non
1390 4574 1743 4643 :ecclesiam;
1774 4588 1877 4629 non
1928 4576 2088 4631 obse-

2222 834 2542 903 Ἐκκλησίας
2574 832 2863 903 εἰργάσατο
2880 847 2894 861 ·
2915 832 3023 900 (8'5)
3054 827 3351 899 ἐμαρτύρει
3373 827 3429 880 δὲ
3453 829 3566 889 τοῖς
3590 825 3792 895 ἀνδρά-

2209 943 2292 979 σιν
2331 927 2359 978 ὀ
2388 924 2791 994 θεοφιλέστατος
2822 922 3067 991 βασιλεὺς
3099 921 3187 974 διὰ
3227 920 3327 989 τῆς
3358 918 3657 986 ἐπιπολῆς
3700 916 3791 969 πί-

2210 1034 2378 1080 στεως
2398 1016 2738 1087 ὀρθοτομίαν,
2762 1016 2828 1086 ἣν
2860 1016 2986 1087 παρ’
3010 1013 3187 1067 αὐτῶν
3210 1012 3519 1075 πυθόμενος
3534 1009 3702 1071 αὑτός
3727 1024 3787 1061 τε

2206 1108 2271 1160 δι’
2295 1106 2487 1160 ἑαυτοῦ
2531 1105 2682 1176 παρὰ
2715 1104 2895 1174 ζώσης
2942 1105 3121 1175 φωνῆς
3154 1102 3335 1155 αὑτῶν
3378 1100 3492 1169 (84)
3543 1098 3786 1163 ἀκούσας

2206 1196 2522 1261 ἀπεδέξατο,
2557 1199 2687 1267 ἡμῖν
2719 1213 2778 1248 τε
2811 1194 3046 1265 φανερὰν
3071 1194 3469 1263 κατεστήσατο,
3507 1189 3788 1252 ὑποτάξας

2204 1292 2315 1353 τοῖς
2368 1288 2561 1341 ἑαυτοῦ
2616 1287 2936 1359 γράμμασιν
2992 1286 3266 1359 ἔγγραφον
3302 1283 3401 1355 τὴν
3436 1282 3550 1336 τῶν
3575 1281 3789 1353 ἀνδρῶν

2204 1375 2529 1448 ὀρθοδοξίαν.

2274 1470 2361 1524 85.
2393 1470 2488 1532 Τίς
2509 1468 2716 1523 τούτων
2750 1468 2960 1524 ἀκούων
2999 1468 3059 1521 οὑ
3091 1469 3295 1537 συνορᾷ
3318 1465 3417 1537 τὴν
3465 1465 3784 1534 συσκευήνς

2204 1562 2276 1615 Οὑ
2308 1561 2415 1633 γὰρ
2446 1562 2684 1633 ἔκρυψαν
2708 1560 2745 1615 ἃ
2774 1561 3008 1632 ἔπραξαν
3042 1560 3074 1631 ἢ
3108 1560 3253 1628 τάχα
3278 1558 3375 1612 καὶ
3413 1558 3490 1628 μὴ
3524 1555 3788 1625 βουλόμε-

2202 1670 2283 1706 νοι
2332 1654 2431 1723 τὴν
2474 1653 2729 1722 ἀλήθειαν
2775 1652 3146 1723 ὡμολόγησαν.
3193 1652 3255 1704 El
3286 1650 3396 1721 γὰρ
3428 1649 3544 1717 ἐγὼ
3582 1650 3731 1720 ἥμην
3756 1650 3786 1702 6

2202 1744 2423 1797 κωλύων
2449 1745 2573 1807 τοὺς
2606 1745 2732 1815 περὶ
2754 1746 2966 1815 ’ᾼρειον
2995 1740 3277 1806 εἰσελθεῖν,
3302 1740 3484 1811 κάμοῦ
3513 1739 3786 1812 συσκευὴν

2203 1835 2485 1899 παθόντος,
2526 1836 2849 1907 ἐδέχθησαν·
2906 1833 2957 1886 τί
2996 1834 3182 1904 ἕτερόν
3216 1835 3383 1897 ἐστιν,
3430 1833 3465 1902 ἢ
3498 1833 3585 1884 ὅτι
3616 1830 3786 1884 ταῦςτ

2202 1927 2267 1979 δι’
2298 1928 2537 1991 ἐκείνους
2580 1928 2789 1995 γέγονε,
2828 1926 2922 1981 καὶ
2950 1924 3126 1979 πάντα
3160 1924 3282 1978 καθ’
3316 1923 3476 1994 ἡμῶν
3512 1921 3782 1993 ἔπραξαν,

2204 2021 2297 2074 καὶ
2334 2019 2638 2073 πέπλασται
2674 2017 2931 2089 ποτηρίου
2976 2016 3189 2081 κλάσις,
3230 2016 3323 2068 καὶ
3365 2014 3653 2084 Ἀρσενίου
3688 2012 3784 2080 φό-

2203 2130 2310 2175 νος,
2347 2112 2432 2164 ἵνα
2470 2112 2626 2181 μόνον
2650 2110 2747 2180 τὴν
2773 2108 3022 2162 ἀσέϐειαν
3060 2109 3140 2168 εἰς
3172 2107 3268 2178 τὴν
3307 2108 3644 2177 Ἐκκλησίαν
3673 2108 3783 2159 sla-

2202 2204 2471 2271 αγάγωσι,
2494 2202 2587 2255 καλ⁸
2617 2203 2689 2272 μὴ
2721 2200 2796 2263 ὼς
2826 2201 3088 2269 αίρετικοὶ
3118 2197 3556 2266 καταγνωσθῶσι
3576 2215 3590 2227 ο
3628 2198 3788 2250 τοῦτο

2200 2292 2308 2361 γὰρ
2338 2288 2405 2361 ἦν
2430 2291 2458 2343 ὃ
2490 2292 2583 2344 καὶ
2610 2290 2713 2361 πρὸ
2740 2288 2924 2342 τούτου
2952 2290 3177 2359 γράφων
3199 2288 3321 2358 ἐμοὶ
3344 2287 3607 2357 βασιλεὺς
3632 2288 3788 2356 ἠπεί-

2200 2384 2352 2455 λησε.
2375 2383 2483 2435 Καὶ
2511 2384 2609 2436 οὐκ
2638 2381 2937 2453 ᾐδέσθησαν
2966 2380 3188 2434 τοιαῦτα
3216 2380 3525 2451 γράφοντες
3571 2379 3666 2432 καὶ
3693 2378 3775 2431 λέ-

2199 2493 2386 2545 γοντες
2416 2474 2636 2536 τούτους
2672 2472 2845 2544 ὀρθῶς
2880 2474 3114 2544 φρονεῖν,
3150 2469 3242 2532 οὓς
3275 2471 3428 2522 πᾶσα
3459 2470 3493 2539 ἡ
3527 2470 3788 2539 οίκουμε-

2200 2568 2323 2639 νικὴ
2356 2566 2570 2629 σύνοδος
2604 2566 2959 2635 ἀνεθεμάτισε
2984 2581 2996 2593 ·
3043 2564 3136 2616 καὶ
3168 2563 3268 2615 οὑκ
3301 2562 3659 2631 ἐφοϐήθησαν
3687 2561 3787 2629 τὴν

2198 2658 2531 2729 τηλικαύτην
2552 2658 2765 2712 σύνοδον
2796 2659 2853 2709 ὲν
2880 2655 3050 2725 γωνίᾳ
3079 2655 3296 2716 λύοντες
3321 2653 3382 2705 τὺ
3412 2654 3540 2705 ὅσον
3568 2654 3655 2705 ἐπ’
3684 2654 3784 2705 αύο

2198 2755 2328 2815 τοῖς,
2392 2753 2441 2805 οἱ
2502 2752 2676 2805 πάντα
2722 2749 2971 2817 λέγοντες
3012 2747 3104 2801 καὶ
3136 2746 3470 2817 πράττοντες
3514 2744 3780 2815 εὑχερῶς.

2199 2845 2309 2897 Kal.
2350 2844 2379 2896 ὀ
2424 2843 2611 2913 μισθὸς
2656 2841 2713 2894 δὲ
2750 2841 2849 2910 τῆς
2879 2838 3243 2907 συκοφαντίας
3274 2835 3356 2888 ἐτι
3401 2835 3571 2887 πλέον
3604 2833 3785 2886 αὑτῶν

2196 2936 2293 3006 τὴν
2339 2934 2601 3005 πονηρίαν
2642 2934 2735 2986 καὶ
2765 2932 2864 3003 τὴν
2900 2930 3071 2999 ἀσεϐῆ
3106 2928 3360 3000 πρόθεσιν
3394 2927 3681 2980 δείκνυσιν.
3725 2926 3783 2978 ὐ

2197 3024 2518 3097 Μαρεώτης,
2562 3023 2704 3077 καθὰ
2733 3025 3011 3094 προεῖπον,
3045 3019 3198 3091 χώρα
3230 3019 3328 3088 τῆς
3368 3016 3783 3087 Ἀλεξανδρείας

2197 3118 2331 3179 ἐστὶ,
2364 3117 2458 3168 καὶ
2479 3114 2732 3167 οὐδέποτε
2761 3115 2816 3165 ὲν
2842 3116 2909 3183 τῇ
2928 3110 3078 3183 χώρα
3097 3111 3319 3179 γέγονεν
3340 3108 3643 3171 ἐπίσκοπος
3658 3107 3781 3162 οὐδὲ

2196 3206 2637 3277 χωρεπίσκοπος·
2668 3202 2801 3258 ἀλλὰ
2832 3204 2909 3273 τῷ
2942 3204 3039 3273 τῆς
3066 3200 3471 3272 Ἀλεξανδρείας
3493 3199 3781 3269 ὲπισκόπῳ

2201 3302 2255 3353 al
2293 3299 2601 3369 Ἐκκλησίαι
2633 3297 2811 3367 πάσης
2826 3297 2923 3366 τῆς
2946 3294 3127 3365 χώρας
3148 3294 3480 3347 ὑπόκεινται.
3504 3293 3776 3354 Ἕκαστος

2198 3392 2257 3447 δὲ
2284 3392 2393 3445 τῶν
2426 3390 2806 3462 πρεσϐυτέρων
2840 3370 2951 3458 ἔχει
2970 3386 3067 3449 τὰς
3103 3386 3239 3447 ιδίας
3259 3384 3453 3455 κώμας
3483 3384 3769 3454 μεγίσταςς

2200 3485 2294 3539 καὶ
2326 3482 2542 3555 ἀριθμῴ
2563 3482 2694 3534 δέκα
2726 3498 2829 3534 που
2857 3480 2949 3532 καὶ
2975 3478 3201 3540 πλέονας
3231 3476 3365 3545 (85).
3415 3476 3477 3528 Ἦ
3502 3476 3558 3527 δὲ
3586 3474 3777 3544 κώμη,

2199 3576 2327 3629 ἔνθα
2358 3578 2493 3629 οἰκεῖ
2522 3577 2549 3627 ὀ
2594 3572 2858 3643 Ἰσχύρας,
2886 3569 3193 3641 βραχυτάτη
3220 3568 3314 3621 καὶ
3344 3567 3543 3635 ὀλίγων
3570 3564 3779 3635 evapo—

2200 3686 2315 3721 πων
2333 3668 2498 3729 ἐστὶν,
2519 3666 2688 3728 οὕτως
2719 3665 2794 3727 ὡς
2824 3662 2955 3733 μηδὲ
2998 3662 3097 3714 τὴν
3138 3660 3432 3731 ἐκκλησίαν
3464 3659 3584 3711 ἐκεῖ
3617 3672 3775 3725 γεγε-

2200 3764 2411 3836 νῆσθαι,
2438 3760 2549 3815 ἀλλ’
2575 3762 2631 3812 έν
2653 3762 2716 3829 τῇ
2753 3757 2977 3825 πλησίον
3008 3752 3188 3828 κώμῃ.
3213 3754 3323 3806 Καὶ
3348 3754 3502 3821 ὅμως
3525 3751 3620 3803 τὸν
3645 3752 3776 3821 μηδὲ

2201 3853 2565 3926 πρεσόύτερον
2597 3852 2655 3903 ἐν
2684 3850 2749 3918 τῇ
2780 3846 2999 3917 τοιαύτῃ
3026 3843 3185 3915 κώμῃ
3226 3842 3378 3914 παρὰ
3409 3842 3510 3912 τὴν
3540 3839 3775 3895 παλαιάν

2200 3944 2497 4017 παράδοσιν
2516 3941 2698 4007 ἔδοξαν
2722 3940 2883 4009 δῆθεν
2914 3936 3195 4009 ὀνομάζειν
3226 3935 3551 3997 ἐπίσκοπον,
3576 3935 3775 3997 εἰδότες

2203 4036 2299 4107 μὲν
2322 4023 2415 4088 καὶ
2440 4033 2591 4087 αὑτοὶ
2622 4031 2681 4083 τὸ
2704 4031 2923 4091 ἄτοπον,
2957 4026 3388 4096 ἀναγκαζόμενοι
3422 4025 3480 4078 δὲ
3509 4026 3661 4096 ὅμως
3687 4022 3773 4076 διὰ

2198 4126 2297 4196 τὴν
2322 4124 2423 4193 τῆς
2465 4120 2826 4190 συκοφαντίας
2857 4119 3166 4190 ὑπόσχεσιν,
3200 4116 3504 4187 ὑπέμειναν
3531 4116 3630 4168 καὶ
3652 4113 3775 4166 τοῦ-

2197 4235 2277 4279 το,
2309 4216 2395 4268 ἵνα
2428 4215 2500 4285 μὴ
2527 4211 2930 4282 ἀγνωμονηθεὶς
2963 4213 2991 4263 ὀ
3020 4208 3379 4279 παμπόνηρος
3408 4209 3620 4269 ἐκεῖνος
3641 4204 3774 4269 ἐξεί-

2198 4324 2276 4381 πῃ
2320 4308 2415 4377 τὴν
2458 4304 2732 4375 ἀλήθειαν,
2768 4303 2861 4356 καὶ
2888 4301 3030 4372 δείξῃ
3065 4302 3165 4371 τὴν
3208 4299 3472 4370 πονηρίαν
3502 4299 3615 4351 τῶν
3650 4295 3774 4368 περὶ

2197 4395 2473 4449 Εὑσέόιον.
2492 4392 2705 4463 Ἀμέλει
2728 4388 2850 4444 οὔτε
2885 4388 3201 4458 ἐκκλησίαν,
3231 4386 3355 4443 οὔτε
3400 4387 3568 4450 λαοὺς
3594 4384 3772 4438 πειθο-

2200 4486 2391 4557 μένους
2423 4484 2556 4555 έχει,
2590 4482 2723 4536 ἀλλὰ
2764 4481 2858 4534 καὶ
2902 4478 3051 4552 παρὰ
3096 4479 3311 4532 πάντων
3346 4477 3483 4547 (86),
3520 4478 3599 4539 ὡς
3629 4475 3771 4528 κύων

2200 4575 2451 4631 διώκεται
2470 4591 2483 4605 ·
2530 4573 2626 4626 καὶ
2654 4572 2800 4644 ὅμως
2820 4572 3165 4641 ’πεποιήκασι
3193 4568 3287 4622 καὶ
3314 4567 3545 4638 βασιλέα
3572 4564 3773 4637 γράψαι

598 4792 710 4871 ς85)
749 4795 807 4871 l_n
838 4796 1013 4871 editis
1035 4807 1158 4871 post
1192 4799 1515 4871 εξργάσατο,
1540 4799 1653 4853 haec
1684 4799 1974 4862 habentur,
2012 4800 2095 4871 καλ

2214 4799 2469 4866 pliorihus
2499 4795 3155 4871 qttihutsqtte_ecclesiam._
3172 4806 3333 4871 atque
3365 4795 3501 4871 adeo
3548 4793 3768 4863 presby-

521 4862 699 4917 ταῦτα
727 4866 882 4935 μὲνή
922 4862 1049 4933 ἁγία
1090 4862 1327 4931 σύνοδος.
1368 4869 1432 4922 Et
1468 4870 1555 4922 hic
1602 4884 1885 4935 perperam
1923 4870 2107 4922 termi-

525 4943 686 4985 natur
737 4936 964 5001 eplstola
1019 4938 1085 4990 ad
1141 4954 1300 4991 tuam
1357 4938 1637 5006 sequentia
1699 4936 2000 5008 ἐμαρτύρει
2047 4938 2104 4992 δὲ

525 5004 660 5061 τοῖς.
688 5012 821 5061 etc..
856 5005 1124 5061 pertinere
1154 4954 1357 5061 liouet.
1395 5018 1504 5061 tum
1554 5023 1620 5061 ex
1670 5017 1954 5061 contextu.
1991 5019 2103 5061 tum

521 5004 1124 5081 roighetcmpertinere
1154 5004 1357 5081 liquet,
1395 5004 1504 5062 tum
1554 5023 1620 5061 ex
1670 5004 1954 5069 contextu,
1991 5019 2103 5081 tum

520 5085 585 5151 ea
624 5072 761 5151 libro
802 5072 881 5127 De
931 5078 1147 5144 ιεηοιιη
1191 5072 1278 5132 ubi
1332 5078 1447 5132 haac
1507 5089 1912 5146 consequenter
1964 5078 2100 5145 adji-

521 5149 753 5195 ciuntur.

594 5210 683 5277 (84

592 5281 683 5349 (85

521 5366 687 5421 porro
726 5352 903 5405 locum
935 5355 1005 5407 ita
1041 5352 1371 5408 intellectum
1422 5356 1536 5407 vult
1568 5354 1815 5410 Valesius
1856 5357 1907 5408 in
1956 5358 2099 5411 notis

518 5420 585 5497 ad
617 5420 926 5497 Socratem,
960 5439 1011 5490 p.
1044 5424 1136 5485 15,
1165 5424 1443 5497 ut_singuli
1476 5424 1756 5480 Mareotici
1794 5425 2097 5497 presbyteri

518 5492 703 5562 decem
744 5502 837 5543 aut
881 5493 1058 5560 plures
1110 5490 1374 5547 maximos
1417 5510 1583 5562 pagos
1632 5490 2088 5550 administraudos

518 5559 801 5633 haberent.
828 5559 930 5616 seu
960 5564 1047 5615 vix
1076 5563 1287 5618 suaderi
1322 5559 1591 5631 queattot
1625 5576 1912 5633 tantosque
1936 5566 2087 5619 vicos

519 5629 810 5701 unicuique
851 5634 1164 5701 preshytero
1192 5629 1518 5687 commissos
1553 5637 1739 5689 luisse.
1778 5629 1841 5686 Et
1881 5635 2084 5700 alioqui

519 5697 646 5771 huic
676 5697 1105 5771 interpietationi
1152 5718 1453 5771 repugnare
1502 5706 1716 5758 videtur
1764 5705 1876 5769 ipse
1917 5697 2085 5757 Allia-

519 5770 711 5843 uasius
734 5769 857 5843 dum
891 5771 1012 5843 ait,‘
1032 5769 1261 5843 lschyrie
1277 5786 1482 5843 pagum
1516 5775 1587 5826 ita
1632 5789 1854 5843 parvum
1889 5774 2075 5837 fuisse,

516 5845 576 5892 ut
604 5837 747 5893 nulla
792 5838 843 5892 in
886 5853 947 5893 eo
988 5837 1404 5897 fuerit—ecclesia
1449 5860 1461 5896 :
1511 5837 1824 5913 quo'innuit
1870 5844 1922 5898 in
1964 5858 2079 5897 am-

750 5212 906 5279 lieg.,
936 5213 1132 5267 αὐτῶν.
1157 5216 1287 5281 Quae
1320 5231 1424 5268 vox
1458 5215 1649 5269 deerat
1678 5217 1731 5268 in
1758 5215 1940 5270 editis.

746 5281 901 5353 Reg.,
931 5286 1023 5357 καὶ
1044 5285 1278 5357 ’ἀριθμῷ
1308 5285 1437 5338 δέκα
1468 5287 1707 5357 που-καὶ
1726 5285 1923 5339 πλέων.
1948 5285 2101 5341 Hunc

2214 4864 2385 4922 terum
2416 4864 2727 4932 exstitisse;
2767 4865 2884 4919 vide
2923 4882 3067 4919 num.
3091 4864 3179 4918 65.
3213 4865 3389 4930 Quare
3435 4865 3625 4917 decem
3662 4874 3769 4916 tau-

2213 4947 2322 4991 tmn
2365 4940 2545 5003 vicos,
2590 4945 2682 4991 aut
2729 4935 2909 5005 plures
2961 4936 3174 5005 intota
3223 4933 3441 5002 regione
3472 4948 3769 5005 recensere

2211 5002 2563 5062 Athanasium
2596 5002 2990 5061 existimamus.
3018 5004 3081 5058 Et
3112 5018 3242 5057 sane
3270 5018 3373 5056 vox
3413 5002 3593 5073 χώρα,
3613 5018 3766 5070 quam

2212 5086 2435 5147 usurpat
2464 5077 2793 5147 Athanasius
2830 5076 2901 5147 de
2934 5074 3167 5147 Mareote
3201 5074 3608 5147 loquens,_uon
3656 5087 3767 5125 am-

2210 5143 2357 5212 plam
2394 5146 2664 5216 regionem
2709 5143 3011 5216 signiﬁcare
3040 5145 3283 5216 videtur;
3320 5144 3415 5196 sed
3464 5143 3609 5196 haud
3654 5157 3763 5216 ma-

2208 5211 2373 5281 gnum
2427 5211 2583 5269 terra:
2630 5211 2861 5283 spatium
2907 5231 2921 5269 :
2960 5212 3098 5265 haud
3153 5216 3343 5279 exigua
3392 5222 3576 5265 tamen
3624 5211 3763 5279 regio

2208 5285 2399 5340 fuisset
2446 5284 2745 5350 Mareotes,
2790 5283 2835 5337 si
2882 5284 3180 5353 presbyteri
3215 5283 3489 5353 Mareotici
3533 5283 3623 5353 qui
3666 5297 3759 5353 no-

2206 5357 2506 5409 vemdecim
2547 5364 2901 5408 numerantur
2932 5353 2982 5405 in
3014 5350 3504 5418 subscriptiunibus
3529 5350 3761 5421 epistola:

2206 5424 2520 5486 Alexandri,
2548 5426 2731 5477 decem
2769 5422 3033 5476 maximos
3068 5422 3407 5491 pagostimn
3442 5424 3624 5489 plures
3660 5422 3760 5473 siu-

2207 5495 2313 5563 guli
2366 5494 2823 5548 administrandos
2874 5490 3209 5545 habuisSent.
3267 5490 3592 5546 Ptolemaeus
3640 5500 3759 5544 octo

2199 5566 2359 5617 urbes
2384 5575 2477 5617 aut
2513 5578 2674 5631 pagos
2704 5571 2965 5614 recenset.

2268 5633 2378 5699 (86)
2415 5626 2525 5685 Sic‘
2554 5626 2682 5697 Reg.
2714 5631 2877 5701 Editi,
2927 5628 3078 5701 παρὰ
3132 5629 3241 5701 τῶν
3297 5628 3540 5701 πάντων.
3595 5626 3755 5682 Paulo

2196 5715 2315 5772 post
2360 5700 2821 5772 οιιίῑίίΚολλούθῳ
2860 5706 3115 5772 mendose
3162 5700 3397 5772 habent,
3444 5700 3533 5753 ubi
3573 5710 3755 5753 omnes

2194 5768 2325 5827 inss.
2371 5770 2661 5842 καθολικῴ.
2710 5768 2803 5825 De
2831 5770 3080 5825 catholici
3148 5768 3325 5824 cilicio
3361 5784 3553 5837 supra,
3606 5782 3746 5821 num.

2190 5842 2274 5898 Η.
