3978 6512
166 446 240 499 tm
804 490 807 495 ,
1261 442 1606 502 APOLOGIA
1644 446 1925 506 CONTRA
1969 452 2126 509 ARIA
2136 453 2290 510 N05.

3273 467 3379 522 ‘02

164 560 225 629 τῷ
282 554 556 625 καθολικῷ
599 554 809 623 (πάντα
852 554 961 626 γάρ
1003 555 1187 620 αὐτοῖς
1231 557 1484 624 ἔξεστιν),
1524 559 1721 630 ἐκκλη-

1832 575 2083 635 quentem
2139 566 2393 637 populum
2444 566 2681 632 habere,
2734 568 2843 627 imo
2888 574 3039 641 quasi
3072 591 3258 631 canem
3311 578 3378 631 a‘s

166 651 263 703 σίαν
311 646 461 717 αὐτῷ
498 647 773 715 γενέσθαι,
822 647 928 709 ἵνα,
975 646 1176 720 ταύτην
1211 650 1369 719 ἒχων,
1402 649 1711 715 ἀξιόπιστος

165 743 391 813 φαίνηται
440 740 576 811 περὶ
610 740 874 811 ποτηρίου
927 740 1019 793 καὶ
1061 741 1338 812 τραπέζης
1366 741 1560 810 λέγων.
1600 742 1711 798 Καὶ

164 834 249 904 γὰρ
278 830 436 893 εὐθὺς
472 831 836 901 πεποιήκασιν
870 830 1030 883 αὑτὸν
1071 830 1432 902 ὀνομασθῆναι
1466 831 1561 884 καὶ
1592 831 1710 885 ἐπί-

165 938 354 981 σκοπον,
389 919 602 989 ἐπειδὴ,
633 921 705 991 μὴ
732 919 869 991 ἔχων
909 921 1223 992 ἐκκλησίαν,
1262 922 1393 991 μηδὲ
1411 921 1711 994 πρεσϐύτε-

163 1031 236 1085 to;
259 1012 387 1074 ὅλως
410 1010 508 1075 ὣν,
543 1012 814 1067 ὲδείκνυτο
840 1013 1197 1084 συκοφάντης,
1230 1013 1323 1066 καὶ
1353 1013 1527 1067 πάντα
1551 1013 1712 1067 πλατ-

161 1104 376 1173 τόμενος.
422 1102 641 1173 Ἀμέλει
697 1102 769 1173 μὴ
808 1102 943 1172 ἔχων
973 1102 1152 1168 λαοὺς,
1196 1103 1330 1175 μηδὲ
1376 1105 1501 1167 τοὺς
1549 1103 1710 1168 ἰδίους

162 1194 491 1266 πειθομένους
542 1195 713 1265 αὐτῷ,
747 1194 935 1261 ὥσπερ
968 1195 1121 1249 κενὸν
1152 1195 1261 1266 (87)
1300 1195 1359 1249 τὸ
1392 1196 1581 1266 ὄνομα,
1613 1195 1707 1248 οὖ-

165 1307 251 1352 τως
285 1290 378 1342 καὶ
421 1288 521 1360 τὴν
558 1287 842 1359 ἐπιστολὴν
882 1288 1158 1359 ἄφρακτον
1201 1289 1439 1358 κατέχει,
1493 1290 1710 1360 ἔλεγχον

163 1379 244 1447 τῆς
282 1380 644 1449 παμπονήρου
694 1377 1060 1449 προαιρέσεως
1096 1375 1260 1431 αὐτοῦ
1310 1378 1540 1431 καὶτῶν
1583 1380 1710 1451 περὶ

164 1470 393 1523 Εὑσέϐιον
421 1468 865 1539 ἐπιδεικνύμενος
885 1467 1105 1539 ταύτην⁶

1814 658 2066 714 omuibus
2109 660 2301 729 expelli
2332 680 2345 715 :
2375 660 2543 715 nihilo
2603 671 2782 717 tamen
2835 667 3014 720 minus
3066 667 3375 737 imperatori

1813 762 2063 807 auctores
2083 750 2249 815 fuere,
2280 762 2337 806 ut
2361 752 2553 808 litteris
2583 754 2649 808 ad
2697 757 3022 812 catholicum
3049 760 3231 814 missis
3248 760 3379 829 (illis

1813 843 2006 912 quippe
2059 844 2238 897 omnia
2301 844 2749 914 licent),juberet
2797 847 3083 902 ecclesiam
3149 849 3379 918 Ischyrae

1813 934 2103 1000 aediﬁcari;
2134 945 2195 990 ut
2227 953 2287 990 ea
2336 939 2555 1006 potitus,
2592 937 2696 991 fide
2724 936 2916 1008 dignus
2940 940 3234 994 haberetur
3255 955 3377 995 cum

1818 1027 1883 1081 de
1916 1026 2081 1080 calice
2112 1038 2164 1079 et
2201 1029 2266 1082 de
2290 1045 2470 1083 mensa
2491 1029 2657 1084 ferret
2685 1030 3069 1084 testimonium.
3100 1032 3377 1100 Siquidem

1820 1116 1941 1171 ideo
1994 1118 2264 1171 hominem
2305 1120 2702 1189 quamprimum
2749 1120 3058 1190 episcopum
3108 1121 3379 1175 nominari

1816 1215 2103 1271 curarunt,
2139 1208 2302 1277 quod,
2332 1209 2455 1276 quia
2492 1209 2775 1264 ecclesiam
2814 1226 2919 1266 non
2956 1211 3227 1276 habebat,
3282 1226 3381 1267 nec

1816 1297 2101 1367 presbyter
2153 1308 2309 1365 erat,
2358 1300 2477 1354 ideo
2524 1303 2853 1371 sycophanta
2903 1317 3043 1367 esse,
3091 1317 3155 1358 ac
3197 1303 3381 1357 omnia

1817 1387 2144 1443 continuisse
2202 1389 2715 1457 deprehenderetur.
2782 1392 2927 1447 Sane
2983 1408 3104 1447 eum
3151 1394 3380 1464 populus

1819 1478 2020 1546 nullus,
2067 1496 2131 1534 ac
2170 1497 2237 1535 ne
2264 1483 2479 1550 quidem
2523 1484 2807 1554 propinqui
2834 1485 2953 1552 ejus
2980 1485 3081 1551 ipsi
3113 1494 3378 1554 pareant;

163 1575 208 1619 ut
248 1581 469 1619 vacuum
523 1580 744 1627 nomen,
794 1566 867 1618 ita
907 1562 1393 1635 inellicacem(87')
1431 1575 1611 1620 servat
1658 1568 1937 1636 epistolam
1986 1590 2201 1645 :quam
2254 1577 2305 1631 in
2327 1577 2710 1649 {argumentosa
2764 1578 3021 1633 teterrimi
3071 1578 3156 1633 sui
3209 1577 3378 1634 Euse-

162 1656 528 1725 bianorumque
552 1657 815 1725 propositi
857 1658 1099 1724 exhibet,
1128 1658 1209 1712 his
1243 1659 1565 1729 descriptam
1589 1661 1797 1717 verbis:

418 1753 796 1806 ΕΠΙΣΤΟΛΗ
824 1754 951 1806 ΤΟΥ
977 1756 1352 1808 ΚΑΘΟΛΙΚΟ
1364 1756 1423 1810 Υ.

244 1846 501 1911 Φλαυϊος
553 1843 815 1914 Ἠμέριος
840 1845 1112 1930 ὲξάκτορι
1149 1846 1260 1919 (88)
1290 1848 1605 1917 Μαρεώτου

804 1934 899 1984 χαι
900 1934 1052 1984 patr.

223 2005 439 2076 ’ῐσχύρα
475 2005 571 2059 τοῦ
602 2007 970 2079 πρεσϐυτέρου
1005 2008 1286 2077 δεηθέντος
1311 2009 1410 2081 τῆς
1436 2010 1710 2075 εὐσεϐείας

159 2094 246 2150 τῶν
281 2097 556 2151 δεσποτῶν
593 2098 751 2168 ἡμῶν
784 2100 1057 2153 σεϐαστῶν
1088 2101 1181 2153 καὶ
1212 2102 1505 2175 Καισάρων
1536 2106 1594 2155 ὲν
1626 2105 1715 2157 τό-

161 2206 228 2257 πῳ
249 2188 484 2263 Εἰρήνης
515 2191 946 2263 Σεκονταρούρου
1000 2195 1487 2267 ἁνοικοδομηθῆναι
1523 2198 1714 2268 ἐκκλη-

161 2283 294 2345 σίαν,
348 2282 680 2354 προσέταξεν
731 2286 764 2356 ἡ
804 2284 1013 2357 θειότης
1066 2287 1243 2342 αὐτῶν
1346 2289 1510 2360 τάχος
1556 2290 1714 2344 τοῦτο

159 2375 466 2445 πραχθῆναι.
498 2377 789 2447 Φρόπισον
812 2378 991 2431 τοίνυν
1012 2379 1331 2451 προστυχὼν
1354 2382 1448 2434 καὶ
1465 2382 1539 2453 τῷ
1566 2383 1715 2437 ἀντι-

156 2465 293 2535 τύπῳ
343 2466 439 2519 τοῦ
495 2466 640 2520 θείου
689 2469 1037 2539 γράμματος,
1088 2470 1117 2523 ὃ
1177 2472 1315 2541 μετὰ
1371 2473 1463 2526 τοῦ
1512 2475 1711 2529 οἰκείου

160 2556 481 2627 σεϐάσματος
535 2559 923 2629 προτέτακται,
984 2563 1077 2615 καὶ
1122 2565 1232 2627 τοῖς
1261 2565 1582 2636 πραχθεῖσιν
1618 2566 1713 2618 ἐπὶ

157 2648 237 2716 τῆς
278 2649 419 2718 ὲμῆς
451 2650 839 2716 καθοσιώσεως
880 2654 1285 2724 ὑπομνήμασιν,
1326 2658 1383 2708 ἐν
1416 2657 1570 2726 τάχει
1614 2656 1712 2727 τὴν

159 2737 356 2807 σᾶνοψιν
405 2741 792 2811 ποιησάμενος,
824 2746 903 2806 είς
943 2746 1041 2815 τὴν
1068 2745 1216 2810 τάξιν
1244 2748 1552 2816 ἀνενεγκεῖν
1577 2749 1711 2818 (89),

158 2829 228 2881 ἵνα
252 2830 318 2883 τὰ
341 2830 575 2897 θειωδῶς
610 2834 1017 2907 προσταχθέντα
1053 2838 1146 2891 ἐπὶ
1176 2838 1349 2910 πέρας
1371 2840 1600 2911 ἀχθῆναι
1628 2840 1714 2895 δυ-

156 2920 298 2992 νηθῇο

212 3014 297 3069 86.
338 3018 565 3072 Ἐκεῖνοι
601 3020 701 3091 μὲν
733 3017 824 3079 οὖν
849 3023 1021 3090 οὕτως
1049 3025 1302 3097 ὲτύρευον
1332 3025 1465 3097 (90),
1488 3026 1583 3080 καὶ
1611 3026 1712 3091 τὰς

2191 1764 2554 1821 EPISTULA
2594 1764 3019 1822 CATHOLICI.

1926 1875 2141 1933 Flavius
2180 1879 2456 1935 Hemerius
2484 1882 2717 1936 exactori
2750 1880 3004 1935 Hareota:
3035 1880 3275 1935 salutem.

1889 2010 2105 2083 lschyra
2152 2014 2467 2085 presbytero
2510 2015 2765 2084 pietatem
2796 2016 3138 2069 dominorum
3172 2022 3387 2069 nostro-

1819 2121 1935 2158 rum
1967 2104 2329 2173 Augustorum
2363 2121 2425 2160 ac
2463 2106 2741 2161 Cmsarum
2775 2118 3027 2175 rogante,
3067 2106 3167 2161 sibi
3193 2106 3243 2157 in
3270 2104 3386 2158 loco

1818 2196 1973 2251 Pacis
2000 2197 2347 2252 Secontaruri
2380 2198 2619 2252 construi
2644 2198 2926 2253 ecclesiam
2952 2238 2968 2263 ,
2992 2196 3156 2266 jussit
3197 2209 3384 2250 eorum

1818 2289 2074 2342 divinitas
2101 2298 2158 2343 ut
2191 2289 2240 2342 id
2262 2288 2663 2357 quamprimum
2687 2287 2971 2343 ellieiatur.
3008 2282 3382 2352 Curatoigitm

1820 2392 1879 2438 ut
1918 2384 2196 2453 exemplar
2228 2392 2420 2438 nactus
2456 2382 2619 2435 divini
2674 2380 2981 2449 diplomatis
3007 2418 3025 2445 ,
3078 2377 3221 2449 quod
3262 2389 3384 2430 cum

1819 2477 1997 2530 debita
2029 2476 2385 2530 veneratione
2420 2473 2603 2544 priore
2640 2471 2755 2526 loco
2791 2472 3022 2543 positum
3052 2479 3153 2531 est,
3180 2481 3386 2523 necnon

1821 2578 2163 2624 monumenta
2181 2583 2360 2622 coram
2394 2582 2511 2621 mea
2542 2567 2828 2620 sanctitate
2854 2563 3016 2626 edita,
3045 2576 3106 2617 ea
3142 2561 3249 2615 cito
3269 2555 3388 2629 (94)

1820 2661 1872 2715 in
1927 2661 2305 2730 compendium
2365 2659 2530 2713 relata
2597 2659 2649 2713 in
2701 2655 3147 2712 connuentarinm
3224 2666 3385 2720 repo-

1820 2767 1948 2815 nas;
1977 2760 2034 2803 ut
2061 2766 2179 2821 qua:
2217 2750 2476 2805 divinitus
2504 2748 2658 2818 jussa
2698 2757 2846 2814 sunt,
2877 2747 2943 2803 ad
2969 2743 3172 2800 exitum
3200 2739 3391 2796 deduci

1818 2852 2044 2913 queant.

1893 3002 2054 3091 159
2082 3020 2168 3077 86.
2222 3019 2346 3074 llaec
2387 3020 2549 3090 igitur
2594 3018 2667 3072 illi
2717 3016 3184 3075 machinabantur,
3206 3011 3386 3066 tales-

159 3109 410 3173 ωσκευάς
436 3111 721 3166 ἔπλαττονο
774 3115 930 3185 ἡμεῖς
965 3118 1021 3171 δὲ
1066 3118 1377 3183 ἀνελθόντες
1431 3118 1708 3191 ἐδείξαμεν

1832 3132 1915 3187 [ue
1980 3113 2281 3167 conﬂabant
2355 3111 2800 3178 conspirationes.
2860 3107 2966 3162 Nos
3040 3120 3217 3160 autem
3287 3104 3392 3157 im-

160 3197 349 3267 βασιλεῖ
374 3200 473 3265 τάς
502 3203 715 3267 ἀδικίας
741 3204 849 3259 τῶν
881 3208 1009 3279 περὶ
1029 3208 1304 3272 Εὑσέϐιον,
1344 3210 1466 3263 ἐπεὶ
1488 3210 1581 3267 καὶ
1614 3212 1714 3263 αὐ-

157 3290 232 3355 τὸς
255 3288 320 3363 ἦν
346 3294 375 3345 ό
406 3294 505 3365 τὴν
558 3296 775 3350 σύνοδον
806 3299 1056 3367 γενέσθαι
1108 3301 1388 3365 κελεύσας,
1418 3303 1511 3356 καὶ
1540 3304 1716 3375 κόμης

158 3384 305 3437 αὑτοῦ
338 3386 634 3459 καθηγεῖτο
656 3388 879 3461 ταύτης.
899 3392 1131 3456 Ἐκεῖνος
1159 3392 1335 3449 τοίνυν
1369 3395 1607 3459 ἀκούσας
1622 3396 1718 3449 καὶ

159 3475 402 3548 κινηθεὶς,
441 3478 649 3551 ἔγραψε
678 3480 867 3535 ταῦτα’

387 3656 500 3727 (91)
538 3660 625 3711 Νι
625 3661 729 3712 ΚΗ
735 3662 869 3714 THE
916 3663 1110 3715 ΚΩΝΣ
1118 3664 1473 3719 ΤΑΝΤΙΝΟΣ

161 3742 439 3815 Μέγιστος
485 3751 791 3823 Σεϐαστὸς
835 3751 955 3818 τοῖς
993 3754 1062 3805 ἐν
1115 3755 1274 3823 Τύρῳ
1308 3756 1721 3811 συνελθοῦσιν

707 3822 1083 3888 ἐπισκόποις.

230 3912 362 3980 Ἐγὼ
415 3914 514 3985 μὲν
553 3914 733 3983 ἀγνοῶ
769 3916 890 3969 τίνα
940 3918 1055 3969 ἐστὶ
1082 3918 1149 3971 τά
1188 3919 1290 3972 ὑπὸ
1317 3920 1416 3990 τῆς
1451 3921 1721 3991 ὑμετέρας

164 4008 360 4061 συνόδου
397 4009 538 4078 μετὰ
573 4007 801 4079 θορύϐου
855 4010 947 4061 καὶ
975 4010 1239 4081 χειμῶνος
1265 4013 1539 4084 κριθέντα’
1578 4014 1723 4067 δοκεῖ

164 4098 210 4149 δέ
239 4116 347 4163 πως
378 4102 488 4154 ὑπό
508 4118 655 4167 τινος
682 4101 905 4167 ἀταξίας
950 4103 1291 4175 ταραχώδους
1322 4108 1354 4176 ή
1384 4106 1607 4178 ἀλήθεια
1648 4106 1725 4159 δι-

165 4191 464 4261 τετράφθαι,
521 4192 678 4263 ὑμῶν
709 4193 907 4264 δηλαδὴ
940 4194 1026 4249 διά
1054 4194 1150 4265 τὴν
1183 4194 1316 4265 πρὸς
1346 4198 1472 4260 τοὺς
1499 4196 1724 4266 πλησίον

166 4278 478 4352 ἐρεσχελίαν,
513 4283 581 4353 ἢν
615 4283 879 4353 ἀήττητον
930 4279 1067 4336 εἶναι
1102 4283 1374 4353 βούλεσθε,
1408 4286 1475 4339 τά
1504 4285 1582 4356 τῷ
1606 4284 1725 4356 Θεῷ

165 4372 443 4440 ἀρέσκοντα
480 4374 555 4445 μὴ
576 4373 941 4443 συνορώντων.
970 4373 1106 4425 Ἀλλ’
1132 4375 1281 4428 ἕσται
1311 4376 1409 4446 τῆς
1432 4378 1577 4440 θείας
1595 4394 1725 4446 προ-

1823 3218 2125 3278 peratorem
2173 3205 2467 3268 adeuntes,
2520 3202 2743 3272 injurias
2806 3202 2874 3256 ab
2941 3196 3261 3253 Eusebiauis
3325 3195 3392 3248 il-

1822 3300 1961 3354 latas
2032 3297 2131 3367 ipsi
2201 3294 2627 3350 renuntiavimus
2665 3334 2681 3359 ,
2739 3301 2925 3361 utpote
2981 3292 3070 3359 qui
3128 3287 3392 3358 synodum

1824 3390 1941 3458 cngi
1980 3388 2271 3457 jussisset,
2301 3387 2386 3440 cui
2430 3384 2755 3456 praesidebat
2795 3381 2911 3450 ejus
2951 3397 3156 3437 comes.
3188 3378 3258 3432 lis
3295 3392 3395 3430 an-

1824 3481 1955 3535 ditis
2011 3478 2100 3532 ille
2130 3516 2146 3543 ,
2196 3477 2432 3547 graviter
2473 3482 2813 3539 commotus,
2849 3473 2947 3526 has
2987 3470 3209 3540 scripsit
3238 3468 3398 3521 litte—

1827 3585 1950 3625 ras.
2174 3658 2438 3714 VICTOR
2482 3652 3062 3713 CONSTANTINUS

1979 3753 2251 3810 Maximus
2300 3752 2563 3823 Augustus
2612 3750 2867 3817 episcopis
2913 3747 3001 3817 qui
3058 3744 3258 3814 Tyrum

2459 3836 2760 3875 convenere.

1900 3919 2159 3988 Equidem
2202 3916 2391 3985 ignoro
2439 3927 2684 3983 qna-nam
2724 3910 2832 3965 sint
2886 3923 2915 3961 a
2966 3914 3142 3961 vestra
3191 3903 3400 3974 synodo

1836 4010 2175 4064 turbulenter
2211 4024 2274 4062 ae
2306 4004 2938 4072 tumultuosejudicata:
2971 4000 3175 4055 veritas
3204 3996 3401 4065 quippe

1831 4103 2057 4157 tumultu
2090 4118 2155 4156 ac
2198 4100 2515 4156 confusione
2566 4099 2800 4169 quadam
2856 4107 3112 4165 oppressa
3158 4091 3403 4151 videtur,

1830 4197 1981 4251 vobis
2016 4195 2226 4250 scilicet
2259 4195 2328 4248 ob
2358 4204 2599 4247 mutuam
2632 4190 3036 4244 contentionem
3065 4223 3080 4248 ,
3113 4197 3272 4251 quam
3319 4179 3403 4232 in-

1830 4289 2028 4342 victam
2056 4287 2250 4344 vultis.
2285 4300 2405 4354 qua:
2439 4285 2546 4337 Deo
2579 4280 2797 4350 placent
2848 4278 3070 4331 minime
3118 4267 3406 4341 speetanti-

1831 4380 1950 4434 bus.
1983 4378 2090 4433 Sed
2120 4380 2222 4432 erit
2259 4377 2383 4432 illud
2425 4374 2618 4428 divinae
2650 4369 3003 4442 providentiae
3030 4380 3186 4436 opus,
3219 4361 3405 4415 istius-

166 4463 293 4527 νοίας
321 4464 483 4535 ἔργον
514 4464 614 4518 καὶ
639 4463 708 4516 τά
737 4463 835 4533 τῆς
863 4463 1189 4532 φιλονεικίας
1214 4463 1418 4537 ταύτης
1450 4466 1594 4518 κακά
1626 4482 1721 4534 φα-

1835 4471 1977 4526 modi
2038 4469 2322 4523 discordia:
2356 4466 2494 4520 mala
2542 4463 2831 4519 manifesto
2863 4459 3199 4531 deprehensa
3232 4451 3399 4506 dissi-

166 4557 315 4625 νερῶς
362 4557 564 4611 ἁλόντα
590 4555 961 4619 διασκεδάσαι,
996 4556 1088 4609 καὶ
1124 4557 1252 4626 ἡμῖν
1284 4557 1578 4631 διαρρήδην
1606 4559 1725 4610 ἐπι-

167 4647 331 4713 δεῖξαι,
382 4650 438 4702 εῐ
490 4666 618 4703 τινα
681 4648 782 4717 τῆς
837 4648 1091 4719 ἀληθείας
1140 4649 1326 4703 αὐτόθι
1385 4650 1727 4707 συνελθόντες

168 4740 476 4813 ἐποιήσασθε
497 4741 775 4812 φροντίδα,
796 4742 889 4794 καὶ
914 4744 963 4795 εἰ
991 4742 1058 4795 τὰ
1080 4743 1380 4813 κεκριμένα
1405 4742 1570 4814 χωρίς
1586 4760 1729 4805 τινος

168 4832 365 4903 χάριτος
376 4834 473 4887 καὶ
483 4832 778 4903 ἀπεχθείας
791 4832 1057 4901 ἐκρίνατε.
1076 4832 1372 4902 Τοιγαροῦν
1386 4833 1730 4903 ὴπειγμένως

169 4925 353 4991 πάντας
386 4928 533 4998 ὑμᾶς
556 4924 693 4996 πρὸς
711 4924 809 4994 τὴν
841 4923 977 4995 ἐμὴν
1009 4924 1278 4978 συνελθεῖν
1315 4926 1425 4993 (92)
1453 4925 1733 4980 εὐσέϐειαν

171 5014 427 5088 βούλομαι,
465 5018 557 5071 ἵνα
585 5016 687 5087 τὴν
719 5016 827 5069 τῶν
874 5017 1275 5088 πεπραγμένων
1300 5018 1428 5088 ὑμῖν
1450 5018 1734 5089 ἀκρίϐειαν

168 5103 225 5158 δι’
256 5109 401 5178 ὑμῶν
433 5108 619 5162 αὐτῶν
656 5107 766 5177 (95)
813 5109 1224 5180 παραστήσητε.
1268 5108 1422 5171 Τίνος
1447 5108 1501 5162 δὲ
1548 5110 1734 5163 ἕνεκεν

167 5198 320 5252 ταῦτα
349 5199 563 5271 γράψαι
590 5198 729 5269 πρὸς
760 5198 903 5269 ὑμᾶς
932 5199 1243 5265 ἐδικαίωσα,
1276 5200 1369 5253 καὶ
1416 5201 1559 5272 ὑμᾶς
1599 5201 1732 5273 πρὸς

230 5354 330 5421 (87)
370 5356 532 5424 Reg.,
560 5353 768 5409 καινόν.

229 5426 355 5490 (87')
386 5425 932 5496 Legeritginte‘rpres,
969 5424 1275 5496 ἄπρακτον.
1308 5426 1463 5479 Εοιτ.
1494 5424 1736 5481 Parnm"

235 5496 337 5566 (88)
356 5497 431 5551 lta
460 5494 593 5566 Reg.
615 5494 779 5567 Basil.
800 5511 946 5567 vero,
967 5494 1193 5559 Φλαύῖος
1225 5496 1450 5567 Ἱμέριος
1470 5496 1736 5567 ὲξάκτωρ,

172 5564 437 5621 ιιιτιιε.8εὰ
458 5564 613 5638 pejus
630 5564 1022 5638 etlitiLthadio;
1046 5567 1254 5637 ἱμέριος
1270 5564 1498 5638 ἔξαρχος
1515 5564 1738 5638 Μαρεῴ-

172 5649 269 5697 του,
291 5637 490 5691 omisso
513 5636 748 5705 χαίρειν.
767 5634 841 5687 Ex
870 5652 1025 5705 supra
1051 5634 1203 5690 dictis
1225 5634 1708 5704 enitn'eonstat‘epi

174 5707 343 5760 stolam
371 5724 476 5760 non
502 5720 631 5759 esse
654 5705 870 5758 exarchi
903 5708 1016 5760 sive
1038 5707 1294 5774 praefecti,
1332 5711 1421 5760 sed
1461 5706 1729 5761 catholici.

232 5776 338 5844 (89)
378 5778 471 5830 Sic
497 5776 633 5841 Reg.
655 5773 823 5844 Editi,
857 5773 1127 5843 ἀνεγκεῖν,
1157 5779 1430 5832 mendose.

235 5842 339 5913 (90)
381 5846 543 5914 Βεεο,
572 5842 851 5914 ὲτύρευον,
897 5847 1115 5912 optime.
1135 5846 1275 5905 Edit.
1300 5845 1585 5913 Commel.,
1608 5844 1731 5899 ἐθύ-

177 5912 334 5972 ρευον.
364 5912 510 5974 Εᾱίἰ.
544 5912 741 5981 Paris,
768 5912 1043 5980 ἐθήρευον.

1831 4576 1958 4633 pare
1986 4599 2002 4624 ,
2052 4559 2316 4629 nobisque
2361 4556 2537 4628 palam
2572 4554 2755 4608 facere
2813 4551 2861 4605 si
2915 4564 3019 4619 qua
3052 4545 3205 4600 vobis
3241 4540 3419 4595 fuerit.

1833 4654 1942 4709 illic
1967 4652 2308 4723 congregatis
2331 4650 2574 4704 veritatis
2601 4664 2731 4701 cura
2754 4686 2769 4708 ,
2805 4655 2863 4699 et
2896 4644 2939 4697 si
2971 4639 3175 4711 judicia
3226 4644 3408 4689 vestra

1833 4745 1966 4797 citra
1998 4742 2230 4812 gratiam
2262 4740 2426 4794 ullam
2445 4739 2525 4793 vel
2552 4737 2735 4790 odium
2763 4735 2867 4787 lata
2894 4731 3114 4787 fuerint.
3144 4725 3410 4794 Quocire't

1837 4850 1935 4889 vos
1961 4848 2149 4889 omnes
2191 4834 2589 4903 quamprimum
2638 4830 2893 4899 pietatem
2946 4836 3185 4879 nostram
3214 4833 3411 4876 conve-

1837 4925 1958 4978 nire
1986 4923 2107 4976 volo
2136 4961 2151 4987 ,
2185 4937 2363 4976 rerum
2394 4938 2421 4973 a
2461 4920 2610 4973 vobis
2647 4927 2921 4989 gestarum
2955 4922 3209 4970 accurate
3242 4911 3408 4964 ratio-

1838 5032 1957 5071 nem
1988 5030 2169 5069 coram
2205 5015 2531 5069 reddituros.
2568 5012 2739 5066 Porro
2780 5025 2899 5081 qum
2932 5022 3094 5062 causa
3127 5005 3257 5059 mihi
3288 5004 3406 5057 lue-

1837 5111 1909 5163 rit
1937 5110 2051 5163 hare
2097 5110 2163 5162 ad
2195 5123 2290 5163 vos
2330 5106 2623 5171 scribendi,
2650 5120 2851 5174 vosque
2877 5119 2971 5175 per
2996 5102 3211 5155 litteras
3244 5111 3399 5151 meas

1836 5202 2172 5266 accersendi,
2197 5218 2259 5258 ex
2296 5201 2650 5271 sequentibus
2671 5197 3033 5270 cognoscetis.
3070 5187 3403 5264 lngredicnti

1917 5356 2030 5427 (9|)
2055 5355 2220 5427 jianc
2266 5355 2544 5425 epistolam
2587 5355 2852 5427 integram
2890 5351 3055 5427 r_e_l_'ert
3083 5346 3260 5427 _So_c_r.
3306 5342 3400 5395 lib.

1843 5440 1883 5487 ι,
1908 5416 2027 5495 ἐιψζ
2053 5426 2149 5483 5L:
2186 5416 2400 5482 Sozam.
2430 5427 2521 5480 lib.
2550 5441 2606 5485 ll,
2634 5416 2752 5495 cap.
2779 5422 2876 5486 28;
2913 5418 3135 5495 Nieeph.
3166 5416 3258 5468 lib.
3285 5428 3404 5478 vm,

1840 5512 1958 5565 cap.
1978 5488 2087 5559 '50;
2122 5495 2357 5550 Historia
2391 5498 2625 5565 τήνου..
2662 5488 2753 5546 lib.
2780 5509 2863 5565 ιιι.
2894 5504 3010 5565 cap.
3039 5488 3150 5565 7_.__
3186 5553 3210 5565 _
3281 5551 3322 5565 ﬁ
3363 5549 3374 5560 .

1911 5551 2021 5637 (92)
2064 5551 2244 5630 Socr.,
2271 5551 2531 5621 ἀνελθεῖν.
2573 5551 2697 5617 Soz.
2723 5572 2775 5615 et
2804 5551 3027 5628 Nieepb.
3064 5553 3261 5637 é)._05_‘t'v.
3281 5551 3406 5637 Epi-

1837 5627 2066 5703 phanius
2114 5627 2518 5697 Scholasttcus,
2565 5646 2893 5694 concurrere,
2941 5642 3062 5682 cum
3103 5627 3405 5682 Athanasio

1834 5720 2048 5774 nempe.

1904 5768 2016 5845 (93)
2056 5777 2269 5829 Sozam.
2301 5774 2393 5827 καὶ
2420 5772 2505 5841 ἐφ’
2529 5772 2686 5843 ἡμῶν
2720 5768 2919 5824 αὐτῶν.

1901 5845 2014 5922 (ιιι)
2049 5848 2135 5902 Vel
2161 5848 2499 5916 perlustrata.
