3978 6502
560 426 665 481 399

1126 429 1184 485 S.
1226 430 1602 487 ATllANASll
1639 430 1789 487 OPP.
1833 430 2015 487 PARS
2054 434 2097 489 l.
2137 464 2208 474 —
2246 431 2608 487 HISTORICA
2650 430 2736 487 ET
2780 430 3199 490 DOGMATICA.

3694 426 3795 482 600

559 554 749 610 pacato
782 558 964 601 a..tmo
989 587 1004 610 ,
1030 536 1259 603 Arianos
1292 550 1357 602 ad
1393 550 1824 604 communionem
1869 549 2105 604 admitte-

2220 543 2287 619 ἦς
2310 548 2378 602 τὰ
2408 550 2502 602 τοῦ
2532 548 2664 601 Θεοῦ
2696 549 2829 619 μέλη
2859 548 3117 619 πρότερον
3149 547 3469 616 διειστήκει,
3491 543 3794 615 ήπλωμένῃ

557 651 775 706 remus,
813 653 948 708 quos
990 641 1057 694 ad
1090 641 1356 708 quo‘ddam
1409 643 1664 711 temporis
1707 643 1937 711 spatium
1974 642 2118 698 omni

556 728 746 785 infesta
778 730 920 787 bono
973 733 1171 787 invidia
1218 734 1349 789 foris
1400 733 1693 788 Ecclesiam
1722 733 1974 787 detinuit.
2008 733 2121 787 lmo

558 821 672 890 ipse
704 822 1143 894 religiosissimus
1189 823 1480 893 imperator
1506 840 1602 895 per
1632 824 1921 893 epistolam
1962 838 2116 876 suam

559 911 860 979 huiusmodi
888 916 1126 969 virorum
1164 924 1371 969 rectam.
1392 930 1514 970 esse
1546 915 1704 970 fidem
1731 923 1957 969 testatus
1989 922 2073 966 est
2099 929 2115 967 :

557 1017 717 1070 quam
748 1005 885 1074 ipse,
938 1005 1043 1060 illis
1086 1005 1432 1075 interrogatis
1457 1046 1472 1070 ,
1504 1006 1622 1059 viva
1668 1018 1800 1059 voce
1836 1003 2119 1072 loquentes

557 1110 679 1149 cum
726 1096 1024 1159 audiisset,
1074 1111 1102 1147 a
1137 1110 1195 1150 se
1227 1097 1574 1164 approbatam
1630 1095 1785 1149 nobis
1844 1094 2116 1162 indicavit,

561 1187 862 1259 litterisque
893 1188 1006 1243 suis
1052 1202 1236 1242 sanam
1286 1202 1472 1241 eorum
1515 1186 1637 1242 lidei
1671 1183 1957 1241 formulam
1992 1185 2119 1239 sub-

550 1276 748 1347 iunxit.

626 1454 712 1509 85.
745 1454 875 1522 Quis
894 1456 1201 1525 bujusmodi
1242 1457 1440 1512 auditis
1460 1458 1639 1515 verbis
1664 1458 2114 1528 conspirationem

558 1562 665 1602 non
718 1549 1206 1604 animadverterit?
1234 1558 1381 1619 gesta
1422 1564 1657 1619 namque
1691 1565 1784 1604 sua
1814 1566 1918 1605 non
1958 1551 2117 1605 dissi-

555 1638 829 1693 mularunt
860 1658 873 1692 :
906 1648 1000 1692 aut
1042 1638 1275 1693 fortasse
1327 1639 1411 1693 vel
1469 1640 1622 1694 inviti
1668 1641 1948 1694 veritatem
1990 1647 2117 1694 sunt

554 1731 808 1786 confossi.
838 1729 971 1785 Nam
998 1731 1043 1786 si
1075 1746 1171 1800 ego
1201 1731 1244 1785 is
1280 1746 1433 1785 erant
1470 1731 1561 1800 qui
1589 1731 1822 1785 Arianos
1860 1731 2115 1788 Ecclesia:

556 1823 800 1894 ingressu
833 1838 1073 1879 arcerem
1112 1822 1314 1894 :158
1359 1832 1413 1878 et
1447 1823 1521 1878 illi
1567 1832 1685 1893 post
1721 1824 2007 1879 conﬂatam
2058 1826 2111 1879 in

556 1931 642 1971 me
668 1916 1117 1986 conspirationem
1152 1918 1219 1970 ad
1248 1916 1679 1971 comnmnionem
1703 1925 1827 1971 sunt
1855 1917 2104 1983 admissi;

552 2005 680 2075 quid
714 2004 855 2058 aliud
890 2006 1197 2068 dicendum,
1223 2019 1385 2073 quam
1426 2013 1479 2059 et
1507 2004 1623 2060 haec
1652 2014 1708 2060 et
1731 2007 1985 2060 universa
2017 2020 2111 2060 eo-

553 2110 674 2150 rum
699 2096 752 2150 in
786 2112 886 2151 nos
915 2096 1157 2150 facinora
1185 2135 1199 2160 ,
1226 2096 1550 2150 Arianorum
1582 2096 1755 2166 gratia
1808 2106 2109 2165 perpetrata

550 2201 671 2241 esse
707 2205 720 2241 :
759 2197 813 2241 et
858 2203 923 2241 eo
976 2187 1145 2243 solum
1193 2187 1384 2242 ealicis
1428 2186 1748 2241 fractionem
1790 2188 2112 2255 Arseniique

548 2278 751 2333 caedem
783 2293 904 2334 esse
943 2281 1253 2345 confictam,
1278 2287 1341 2332 ut
1364 2278 1693 2347 impietatem
1728 2279 1780 2332 in
1813 2279 2108 2334 Ecclesium

549 2369 1001 2432 introducerent,
1053 2379 1110 2424 et
1164 2370 1265 2440 ipsi
1311 2370 1533 2423 minime
1580 2371 2111 2439 deprehenderentur

548 2458 827 2514 ltzeretici?
875 2458 994 2512 ideo
1027 2460 1168 2513 enim
1205 2458 1334 2512 mihi
1372 2469 1531 2513 antea
1585 2458 1887 2529 imperator
1916 2459 2108 2516 litteris

476 2578 479 2581 -
549 2550 665 2604 suis
696 2550 1076 2605 interminatus
1116 2559 1219 2605 est.
1250 2549 1362 2605 Nec
1399 2551 1589 2618 puduit
1617 2565 1711 2605 eos
1740 2550 1866 2605 talia
1907 2552 2106 2617 dicere,

556 2640 934 2710 afﬁrmareqne
980 2651 1129 2697 recte
1163 2642 1370 2696 sentire
1394 2641 1541 2696 viros
1578 2656 1607 2695 a
1638 2650 1746 2697 tota
1777 2643 2107 2698 mcumenica

548 2732 753 2803 synodo
819 2733 1165 2787 anathemate
1194 2733 1473 2787 damnatos
1507 2752 1521 2787 :
1558 2748 1730 2801 neque
1780 2742 1905 2787 sunt
1953 2733 2108 2787 veriti

549 2834 755 2878 tantam
794 2825 1059 2895 synodum
1104 2833 1369 2895 quantum
1426 2824 1578 2880 licuit
1623 2825 1762 2880 clam
1812 2835 2103 2882 evertere:

547 2915 791 2974 homines
823 2930 956 2971 sane
986 2918 1142 2972 dictis
1173 2917 1445 2988 gestisque
1481 2918 1904 2973 suistemerarii.
1941 2917 2108 2975 Porro

546 3021 755 3064 merces
802 3010 1170 3080 sycophantiae
1221 3024 1478 3065 concessa
1517 3009 1686 3065 multo
1721 3012 1895 3080 magis
1919 3027 2105 3066 eorum

545 3098 932 3167 malignitatem
976 3101 1307 3170 impiumque
1338 3101 1673 3170 propositum
1705 3102 1968 3169 coarguit.
1996 3102 2108 3156 Ma-

544 3202 743 3254 reotes,
773 3192 847 3245 uti
870 3206 1029 3261 supra
1059 3193 1261 3247 dictum
1305 3202 1409 3255 est,
1438 3192 1585 3262 regio
1608 3200 1692 3247 est
1716 3193 2102 3263 Alexandrina,

546 3281 601 3335 in
625 3298 731 3350 qua
754 3298 1024 3353 nunquam
1050 3283 1336 3352 episcopus
1374 3283 1499 3348 fuit,
1521 3294 1613 3338 aut
1633 3285 2052 3355 chorepiseopus
2085 3304 2099 3341 :

544 3371 636 3423 sed
677 3371 938 3427 universa:
986 3372 1129 3426 illius
1156 3373 1390 3442 regionis
1442 3373 1696 3429 Ecclesiae
1735 3374 2103 3430 Alexandrino

542 3470 734 3528 parent
754 3461 1028 3531 episcopo.
1068 3460 1373 3533 Presbyteri
1414 3475 1592 3518 autem
1626 3465 1826 3535 singuli
1856 3480 1983 3523 suos
2017 3467 2103 3521 vi-

545 3562 636 3603 cos
683 3550 882 3605 habent
906 3554 1203 3617 maximos,
1234 3553 1324 3621 qui
1365 3553 1549 3609 decem
1577 3556 1794 3612 circiter
1823 3567 1967 3625 sunt,
1996 3558 2106 3613 imo

548 3638 729 3708 plures
764 3656 1011 3696 numero.
1046 3642 1211 3699 Vicus
1242 3654 1424 3698 autem
1459 3646 1546 3699 ubi
1594 3646 1805 3701 habitat
1856 3649 2105 3719 Ischyras

542 3732 783 3786 omnium
810 3742 893 3787 est
924 3733 1200 3797 minimus,
1231 3744 1287 3790 et
1310 3751 1603 3803 paucorum
1640 3738 1936 3803 hominum,
1972 3743 2106 3797 adeo

542 3831 602 3874 ut
628 3838 731 3875 non
756 3823 914 3877 isthic
933 3862 949 3887 ,
980 3825 1072 3878 sed
1102 3826 1153 3879 in
1195 3827 1441 3895 proximo
1467 3843 1602 3897 pago
1625 3836 1801 3884 exstet
1847 3830 2102 3888 ecclesia.

541 3912 792 3970 Attamen
827 3917 998 3969 virum
1038 3915 1127 3982 qui
1162 3918 1443 3987 presbyter
1488 3935 1594 3973 non
1635 3928 1803 3985 esset,
1839 3921 1890 3974 in
1920 3922 2106 3990 hujus-

544 4004 686 4057 modi
714 4005 833 4060 vico
871 4006 1179 4077 episc0pnm
1229 4018 1418 4062 contra
1448 4009 1721 4078 antiquam
1760 4012 2103 4068 traditionem

541 4101 782 4149 statuere
825 4094 1178 4152 decreverunt
1208 4118 1221 4153 :
1248 4100 1400 4167 gnari
1452 4114 1587 4155 sane
1629 4117 1790 4170 quam
1825 4103 2101 4174 indignum

541 4184 672 4239 illud
698 4196 860 4252 esset,
895 4189 988 4243 sed
1019 4192 1187 4244 coacti
1220 4191 1290 4245 ob
1331 4200 1539 4261 pactam
1585 4194 1867 4250 calumniae
1894 4211 2101 4254 merce-

538 4282 659 4335 dem
681 4296 746 4335 eo
778 4282 989 4339 adducti
1024 4294 1180 4347 sunt.
1214 4302 1280 4340 ne
1310 4287 1353 4341 si
1392 4288 1600 4355 ingrate
1628 4303 1751 4342 cum
1784 4290 2098 4346 sceleratis-

536 4372 674 4427 simo
702 4373 791 4429 illo
820 4385 1095 4441 ageretur,
1124 4379 1407 4433 veritatem
1436 4380 1551 4449 ipse
1574 4381 1907 4447 enuntiaret,
1936 4383 2102 4439 Euse-

535 4462 927 4536 bianornmque
955 4469 1130 4536 palam
1163 4468 1365 4524 faceret
1406 4470 1813 4537 malignitatem.
1843 4472 2099 4529 Certissi-

535 4572 680 4611 tuum
726 4567 901 4613 tamen
955 4572 1038 4615 est
1085 4575 1207 4616 eum
1265 4576 1369 4615 non
1398 4562 1750 4631 jecClesiam,’
1782 4578 1885 4619 non
1935 4565 2095 4622 obse-

2222 641 2277 694 δὲ
2305 642 2397 693 καὶ
2418 640 2665 711 είρηναίᾳ
2690 640 2833 711 ψυχῇ
2859 640 3109 706 δέξασθαι
3135 638 3267 701 τοὺς
3290 636 3418 707 περὶ
3437 636 3680 706 Ἀρειον,
3700 634 3795 697 οὓς

2221 734 2356 805 πρός
2370 750 2488 785 τινα
2517 732 2701 802 καιρὸν
2716 735 2743 785 6
2762 731 3046 801 μισόκαλος
3063 730 3257 799 φθόνος
3279 727 3383 793 ἔξω
3413 724 3670 794 γενέσθαι
3695 724 3795 793 τῆς

2234 825 2553 895 Ἐκκλησίας
2586 824 2905 895 εἰργάσατοο
2926 823 3035 892 (8’5)
3067 819 3363 891 ἐμαρτύρει
3385 819 3441 871 δὲ
3464 820 3577 880 τοῖς
3599 816 3797 887 ἀνδρά-

2220 934 2303 970 σιν
2342 918 2371 970 6
2399 916 2803 985 θεοφιλέστατος
2833 914 3079 983 βασιλεὺς
3111 913 3201 965 διὰ
3240 912 3339 982 τῆς
3370 909 3665 977 ἐπιπολῆς
3706 908 3795 960 πί-

2221 1026 2390 1072 στεως
2409 1008 2749 1079 ὀρθοτομίαν,
2774 1007 2840 1077 ἦν
2871 1008 2998 1079 παρ’
3022 1004 3199 1059 αὐτῶν
3222 1004 3529 1067 πυθόμενος
3545 1000 3709 1062 αὑτός
3732 1016 3789 1053 τε

2217 1099 2283 1152 δι’
2307 1098 2499 1152 ἑαυτοῦ
2542 1097 2694 1168 παρὰ
2726 1096 2905 1165 ζώσης
2954 1096 3133 1166 φωνῆς
3167 1094 3346 1147 αὐτῶν
3387 1091 3501 1161 (84)
3554 1090 3787 1154 ἀκούσας

2217 1188 2534 1253 ἀπεδέξατο,
2568 1190 2699 1260 ἡμῖν
2730 1205 2789 1240 τε
2823 1186 3060 1257 φανερὰν
3085 1186 3478 1255 κατεστήσατο,
3518 1179 3787 1243 ὑποτάξας

2215 1284 2326 1345 τοῖς
2380 1280 2573 1333 ἐαυτοῦ
2627 1279 2948 1351 γράμμασιν
3004 1278 3276 1350 ἔγγραφον
3312 1274 3411 1346 τὴν
3446 1274 3560 1327 τῶν
3585 1272 3788 1343 ἀνδρῶν

2215 1367 2540 1440 ὀρθοδοξίαν.

2285 1462 2372 1515 85.
2404 1462 2499 1524 Τίς
2520 1460 2727 1515 τούτων
2761 1460 2972 1515 ἀκούων
3012 1460 3072 1513 οὐ
3105 1460 3304 1530 συνορᾷ
3328 1457 3428 1528 τὴν
3475 1455 3786 1524 συσκευήν;

2215 1554 2287 1606 Ού
2320 1553 2425 1625 γὰρ
2458 1554 2695 1625 ἔκρυψαν
2720 1552 2756 1607 ἃ
2785 1553 3020 1624 ἔπραξαν
3055 1552 3087 1622 ἢ
3121 1551 3263 1621 τάχα
3288 1549 3384 1603 καὶ
3423 1549 3500 1619 μὴ
3535 1546 3789 1616 βουλόμε-

2213 1662 2294 1697 νοι
2343 1645 2441 1715 τὴν
2485 1644 2740 1715 ἀλήθειαν
2786 1644 3158 1715 ὡμολόγησαν.
3204 1644 3265 1696 El
3295 1641 3406 1711 γὰρ
3438 1640 3555 1707 ἐγὼ
3592 1640 3788 1711 ἧμηνό

2214 1735 2435 1789 κωλύων
2459 1737 2583 1799 τοὺς
2617 1737 2742 1807 περὶ
2765 1739 2977 1807 ’ᾼρειον
3007 1732 3286 1797 εἰσελθεῖν,
3310 1731 3494 1802 κάμοῦ
3524 1731 3787 1803 συσκευὴν

2214 1826 2496 1891 παθόντος,
2536 1827 2861 1899 ἐδέχθησαν·
2917 1826 2969 1878 τί
3008 1825 3192 1896 ἕτερόν
3225 1826 3392 1886 ἐστιν,
3440 1824 3475 1895 ἢ
3509 1824 3596 1876 ὅτι
3628 1822 3787 1876 ταῦιι

2213 1918 2277 1971 δι’
2309 1918 2548 1982 ἐκείνους
2590 1919 2799 1987 γέγονε,
2839 1918 2933 1973 καὶ
2962 1917 3137 1971 πάντα
3170 1916 3290 1969 καθ’
3325 1914 3487 1986 ἡμῶν
3524 1913 3783 1986 ἔπραξαν,

2215 2012 2308 2064 καὶ
2344 2010 2649 2064 πέπλασται
2685 2009 2943 2081 ποτηρίου
2988 2008 3197 2073 κλάσις,
3239 2008 3332 2060 καὶ
3375 2006 3665 2076 ’Ᾱρσενίου
3698 2004 3785 2071 96-

2213 2120 2320 2166 νος,
2358 2103 2443 2155 ἵνα
2480 2103 2636 2172 μόνον
2660 2102 2759 2171 τὴν
2784 2100 3033 2155 ἀσέϐειαν
3071 2102 3149 2161 εἰς
3181 2100 3277 2170 τὴν
3316 2099 3656 2169 Ἐκκλησίαν
3684 2100 3783 2151 είσ-

2212 2195 2481 2263 αγάγωσι,
2504 2194 2598 2247 καὶ
2628 2194 2700 2264 μὴ
2732 2191 2807 2255 ὼς
2837 2193 3098 2261 αίρετικοὶ
3127 2190 3567 2260 καταγνωσθῶσι
3588 2208 3601 2220 ·
3639 2190 3786 2243 τοῦτο

2211 2282 2319 2352 γὰρ
2349 2279 2415 2352 ἦν
2440 2283 2468 2335 δ
2501 2283 2593 2336 καὶ
2621 2281 2725 2353 πρὸ
2752 2281 2935 2335 τούτου
2963 2282 3186 2352 γράφων
3208 2281 3330 2351 ἐμοὶ
3354 2280 3619 2350 βασιλεὺς
3644 2280 3785 2349 ἠπεί-

2211 2374 2363 2445 λησε.
2386 2375 2494 2426 Καὶ
2522 2375 2621 2427 οὐκ
2650 2373 2948 2444 ᾐδέσθησαν
2976 2373 3197 2426 τοιαῦτα
3225 2373 3538 2443 γράφοντες
3582 2372 3677 2424 καὶ
3703 2371 3775 2424 λέ.

2210 2483 2397 2536 γοντες
2427 2464 2648 2528 τούτους
2684 2464 2856 2535 ὀρθῶς
2891 2466 3124 2536 φρονεῖν,
3159 2462 3251 2525 οὓς
3284 2463 3438 2515 πᾶσα
3470 2463 3504 2531 ή
3539 2462 3787 2533 οἰκούμε-

2211 2558 2335 2630 νικὴ
2367 2557 2581 2621 σύνοδος
2614 2557 2968 2627 άνεθεμάτισε
2994 2572 3006 2585 ·
3053 2555 3145 2607 καὶ
3178 2555 3277 2607 οὐκ
3310 2554 3671 2624 ἐφοϐήθησαν
3697 2554 3786 2622 τὴν

2209 2649 2541 2721 τηλικαύτην
2563 2649 2777 2702 σύνοδον
2807 2650 2864 2701 ἐν
2890 2647 3060 2717 γωνίᾳ
3090 2646 3305 2708 λύοντες
3331 2645 3391 2698 τὸ
3423 2647 3552 2698 ὅσον
3579 2647 3667 2697 ἐπ’
3695 2646 3785 2697 a6-

2208 2746 2339 2806 τοῖς,
2403 2744 2452 2796 οἱ
2512 2743 2687 2797 πάντα
2734 2740 2982 2809 λέγοντες
3022 2738 3115 2793 καὶ
3146 2738 3481 2809 πράττοντες
3526 2737 3782 2807 εὐχερῶς.

2209 2836 2320 2888 Καὶ
2361 2834 2389 2887 6
2435 2834 2621 2905 μισθὸς
2667 2832 2724 2885 δέ
2761 2832 2859 2902 τῆς
2890 2829 3252 2899 συκοφαντίας
3284 2828 3366 2880 ἔτι
3412 2827 3582 2880 πλέον
3617 2826 3787 2879 αὐτῶν

2206 2927 2304 2997 τὴν
2350 2925 2612 2997 πονηρίαν
2654 2925 2745 2977 καὶ
2776 2924 2875 2995 τὴν
2910 2922 3082 2991 ἀσεϐῆ
3116 2920 3371 2991 πρόθεσιν
3405 2919 3691 2973 δείκνυσιν
3733 2919 3785 2970 'U

2207 3016 2529 3088 Μαρεώτης,
2572 3014 2715 3068 καθὰ
2744 3016 3021 3085 προεῖπον,
3055 3010 3207 3082 χώρα
3240 3012 3339 3081 τῆς
3379 3010 3785 3080 Ἀλεξανδρείας

2208 3109 2341 3170 ἐστὶ,
2375 3108 2469 3160 καὶ
2489 3106 2742 3159 οὐδέποτε
2771 3106 2827 3156 ἐν
2852 3107 2918 3173 τῇ
2938 3102 3089 3175 χώρᾳ
3108 3102 3330 3170 γέγονεν
3352 3101 3652 3164 ἐπίσκοπος
3667 3101 3783 3154 οὐδὲ

2207 3197 2615 3268 χωρεπίσκοπος
2633 3213 2647 3226 ο
2678 3194 2811 3249 ἀλλὰ
2841 3195 2919 3265 τῷ
2952 3195 3049 3265 τῆς
3077 3192 3481 3265 Ἀλεξανδρείας
3504 3191 3782 3261 ὲπισκόπῳ

2211 3292 2266 3343 al
2304 3290 2611 3360 Ἐκκλησίαι
2643 3288 2821 3358 πάσης
2837 3288 2932 3357 τῆς
2956 3285 3137 3356 χώρας
3158 3286 3489 3339 ὑπόκεινται.
3513 3285 3778 3346 Ἕκαστος

2208 3383 2267 3437 δέ
2294 3383 2403 3435 τῶν
2436 3381 2816 3453 πρεσϐυτέρων
2850 3362 2961 3449 ἔχει
2980 3378 3077 3441 τὰς
3113 3377 3249 3439 ἰδίας
3270 3376 3463 3447 κώμας
3493 3376 3771 3446 μεγίσταςς

2210 3476 2303 3530 καὶ
2336 3473 2551 3545 ἀριθμῷ
2573 3473 2703 3525 δέκα
2737 3489 2838 3524 που
2866 3471 2959 3523 καὶ
2985 3469 3211 3531 πλέονας
3242 3468 3375 3537 (85).
3428 3468 3488 3520 Ἡ
3512 3468 3566 3519 δὲ
3594 3466 3780 3536 κώμη,

2209 3567 2335 3620 ἔνθα
2366 3568 2502 3619 οίκεῑ
2532 3568 2559 3618 6
2604 3564 2867 3634 ’1σχύρας,
2894 3560 3203 3632 βραχυτάτη
3231 3560 3325 3613 καὶ
3356 3559 3553 3627 ὀλίγων
3579 3555 3783 3627 ἀνθρώ-

2209 3659 2507 3721 πωνέστὶν,
2528 3657 2697 3719 οὕτως
2728 3656 2803 3719 ὡς
2833 3654 2964 3725 μηδὲ
3009 3653 3107 3706 τὴν
3147 3652 3444 3723 ἐκκλησίαν
3475 3652 3593 3703 ἐκεῖ
3626 3666 3780 3718 γεγε-ι

2209 3754 2421 3826 νῆσθαι,
2446 3752 2558 3806 ἀλλ’
2584 3753 2641 3803 ἐν
2662 3754 2726 3821 τῇ
2762 3749 2986 3817 πλησίον
3017 3744 3197 3819 κώμῃ.
3224 3745 3335 3798 Καὶ
3359 3746 3513 3813 ὅμως
3536 3744 3629 3796 τὸν
3655 3744 3781 3814 μηδὲ

2210 3843 2575 3916 πρεσῦύτερον
2607 3844 2664 3894 ἐν
2694 3842 2759 3910 τῇ
2789 3837 3008 3909 τοιαύτῃ
3036 3835 3194 3907 κώμῃ
3236 3834 3388 3906 παρὰ
3420 3834 3521 3903 τὴν
3551 3832 3780 3887 παλαιὰν

2209 3935 2506 4007 παράδοσιν
2526 3933 2707 3998 ἔδοξαν
2731 3931 2891 4001 δῆθεν
2923 3929 3204 4001 ὀνομάζειν
3236 3927 3562 3989 ἐπίσκοπον,
3585 3926 3778 3988 εἰδότες

2211 4025 2308 4097 μὲν
2330 4013 2424 4077 καὶ
2449 4024 2601 4078 αὐτοὶ
2630 4022 2690 4074 τὸ
2714 4022 2931 4083 ἄτοπον,
2967 4019 3398 4088 ἀναγκαζόμενοι
3432 4018 3490 4070 δέ
3519 4017 3669 4088 ὅμως
3695 4014 3777 4068 διὰ

2206 4115 2305 4185 τὴν
2331 4114 2433 4183 τῆς
2474 4110 2835 4180 συκοφαντίας
2866 4110 3176 4181 ὑπόσχεσιν,
3208 4108 3514 4179 ὑπέμειναν
3540 4108 3638 4160 καὶ
3660 4104 3777 4158 τοῦ-

2204 4224 2285 4269 το,
2317 4206 2403 4258 ἵνα
2436 4206 2508 4276 μὴ
2535 4202 2939 4273 ἀγνωμονηθεὶς
2972 4205 3000 4255 6
3030 4201 3388 4271 παμπόνηρος
3418 4201 3628 4261 ἐκεῖνος
3649 4195 3776 4261 ἐξεί-

2206 4314 2284 4371 πῃ
2328 4298 2424 4368 τὴν
2467 4295 2740 4367 ἀλήθειαν,
2777 4294 2869 4348 καὶ
2896 4292 3039 4363 δείξῃ
3075 4294 3174 4363 τὴν
3216 4291 3481 4362 πονηρίαν
3512 4290 3624 4343 τῶν
3657 4287 3775 4360 περὶ

2205 4386 2481 4439 Εὑσέόιον.
2501 4383 2713 4455 Ἀμέλει
2736 4380 2859 4435 οὔτε
2893 4380 3209 4450 ἐκκλησίαν,
3239 4378 3363 4434 οὔτε
3408 4378 3576 4442 λαοὺς
3603 4376 3773 4431 πειθο-

2208 4476 2400 4547 μένους
2431 4475 2565 4547 έχει,
2598 4473 2731 4527 ἀλλὰ
2773 4472 2866 4525 καὶ
2910 4470 3060 4543 παρὰ
3104 4471 3319 4524 πάντων
3354 4469 3492 4539 (86),
3528 4470 3607 4532 ὼς
3637 4467 3773 4520 κύων

2208 4566 2459 4621 διώκεται
2478 4583 2491 4597 ·
2538 4565 2633 4617 καὶ
2662 4564 2808 4636 ὅμως
2828 4563 3173 4632 ’πεποιήκασι
3202 4560 3295 4613 καλ⁵
3322 4559 3553 4630 βασιλέα
3580 4557 3775 4629 arth

607 4780 719 4859 £83)
759 4782 816 4859 l_n
846 4784 1020 4859 editis
1044 4795 1166 4859 post
1201 4788 1518 4859 εξργάσατο,
1547 4788 1661 4842 ᾖαξο
1692 4788 1981 4853 habentur,
2019 4790 2112 4843 καὶ
2146 4793 2191 4852 D
2220 4790 2477 4857 plioribus
2507 4790 2815 4859 quibusque
2832 4786 3162 4859 ecclesiatu._
3180 4797 3342 4859 atque
3373 4788 3509 4859 adeo
3556 4786 3771 4855 presby-

530 4850 703 4905 ταῦτα
736 4854 889 4923 μὲνὴ
930 4850 1058 4922 ἁγία
1098 4850 1335 4920 σύνοδος.
1376 4858 1439 4911 Et
1476 4859 1562 4911 hic
1610 4872 1892 4925 perperam
1930 4850 2113 4912 termi-

2220 4856 2392 4913 terum
2424 4856 2697 4913 exstitisse
2714 4856 2733 4923 ;'
2774 4856 2891 4910 vide
2930 4873 3075 4909 num.
3099 4856 3187 4910 63.
3221 4857 3399 4923 Quare
3444 4858 3632 4910 decem
3668 4867 3772 4909 tan-

533 4932 695 4999 na_tur
746 4925 996 4999 eplsto|a_
1027 4927 1093 4979 ad
1149 4942 1308 4999 quam
1365 4927 1644 4995 sequentia
1707 4927 2007 4999 ἐμαρτύρει
2054 4929 2111 4983 δὲ
2220 4937 2330 4981 tmn
2374 4930 2553 4993 vicos,
2598 4936 2689 4999 aut
2737 4926 2917 4999 plures
2968 4928 3182 4999 in_tota
3232 4926 3450 4995 regione
3480 4940 3771 4999 _recensere

529 4993 1132 5070 coi§,.etc.,_pertiuer_e
1163 4993 1365 5070 liquet.
1402 4993 1512 5051 tum
1562 5013 1627 5052 ex
1677 4993 1960 5060 contextu,
1998 5009 2109 5070 tum

528 5073 593 5181 ἓξ
632 5060 770 5181 lilbr'o
811 5061 888 5116 De
939 5066 1156 5132 ιεηοάη
1200 5060 1287 5120 ubi
1339 5066 1455 5121 lucc
1515 5080 1918 5137 consequenter
1970 5069 2107 5136 adji-

564 5146 649 5181 lllll
682 5145 711 5179 ll
748 5167 761 5181 ο

529 5143 761 5184 (ειιηιιιιν.

601 5198 713 5269 (84)
757 5199 914 5267 lleg.,
944 5202 1140 5256 αὐτῶν.
1166 5204 1295 5269 Quae
1328 5220 1432 5258 vox
1466 5205 1656 5260 deerat
1686 5208 1738 5259 in
1766 5206 1946 5261 editis.

598 5270 712 5340 (85)
735 5270 909 5346 _Reg.,
939 5273 1032 5346 καὶ
1052 5274 1286 5346 Δὀιριθμῷ
1316 5274 1445 5328 δέκα
1476 5278 1714 5346 πουηκαὶ
1734 5276 1929 5329 πλέων.
1955 5275 2108 5331 Hunc

528 5356 693 5410 porro
733 5340 910 5394 locum
942 5342 1013 5395 ita
1049 5340 1379 5398 intellectum
1430 5346 1543 5398 vult
1574 5345 1822 5400 Valesius
1862 5347 1914 5399 in
1963 5348 2106 5401 notis

525 5414 591 5487 ad
623 5410 933 5487 Socratem,
968 5428 1018 5479 p.
1051 5413 1142 5475 15,
1172 5414 1450 5487 utsinguli
1483 5415 1775 5487 Mareotici
1801 5416 2104 5487 presbyteri

525 5481 710 5553 decem
752 5492 863 5553 ;ιιιι⁸
888 5482 1066 5549 plures
1116 5480 1381 5538 maximos
1424 5500 1589 5553 pagos
1638 5480 2095 5539 administrandas

526 5548 807 5622 haberent.
835 5548 938 5605 Sed
967 5554 1054 5607 vix
1081 5554 1294 5608 suaderi
1329 5548 1598 5621 queatvtot
1631 5566 1919 5622 tantosque
1943 5554 2094 5607 vicos

527 5619 816 5692 unicuique
858 5624 1170 5692 presbytero
1198 5619 1525 5678 commissos
1560 5628 1746 5678 luisse.
1784 5619 1848 5675 Et
1888 5624 2091 5689 alioqui

526 5685 653 5763 huic
682 5685 1111 5763 initerpi‘etal'toni
1157 5709 1460 5763 repugnare
1507 5697 1723 5748 videtur
1771 5693 1884 5758 ipse
1924 5685 2092 5745 Allia-

527 5758 720 5833 "518mg
741 5758 864 5833 dum
898 5758 1488 5833 ait,-lschyr2epagum
1523 5766 1593 5817 ita
1638 5778 1861 5833 parvum
1896 5764 2082 5826 fuisse,

524 5824 755 5879 utnulla
799 5826 850 5881 in
892 5843 954 5882 eo
994 5824 1410 5889 fuerit'eCCIesia
1454 5850 1467 5887 :
1516 5824 1830 5905 quo'innuit
1876 5834 1929 5888 in
1972 5824 2085 5885 am;

2218 4999 2571 5053 Athanasium
2604 4996 2998 5051 existimamus.
3026 4996 3089 5049 Et
3120 5010 3250 5049 sane
3279 5010 3381 5049 vox
3422 4995 3600 5065 χώρα,
3620 5010 3770 5063 quam

2219 5076 2443 5137 usurpat
2471 5068 2801 5121 Athanasius
2840 5067 2909 5137 de
2942 5066 3176 5120 Mareote
3210 5066 3455 5133 loquens,
3476 5136 3485 5137 ί
3507 5082 3612 5119 non
3663 5079 3770 5117 am-

2218 5135 2364 5203 plam
2402 5137 2671 5206 regionem
2717 5135 3019 5203 signiﬁcare
3048 5137 3291 5206 videtur;
3328 5136 3424 5188 sed
3472 5136 3616 5189 haud
3660 5149 3767 5206 ma-

2215 5223 2380 5271 guum
2434 5203 2591 5260 terra:
2638 5208 2869 5273 spatium
2914 5223 2929 5260 :
2968 5204 3107 5257 haud
3162 5208 3351 5271 exigua
3400 5214 3583 5257 tamen
3631 5203 3766 5271 regio

2215 5275 2406 5330 fuisset
2454 5275 2751 5343 Mareotes,
2798 5274 2842 5329 si
2889 5276 3188 5344 presbyteri
3223 5274 3497 5328 Mareotici
3541 5276 3629 5342 qui
3671 5288 3761 5344 no—

2214 5348 2512 5400 vemdeciin
2554 5356 2908 5400 numerantur
2940 5345 2990 5397 in
3022 5342 3512 5410 subscriptionibus
3536 5342 3762 5413 epistolae

2212 5414 2527 5477 Alexandri,
2555 5417 2737 5468 decem
2776 5414 3041 5468 maximos
3076 5414 3416 5483 pagostimo
3450 5416 3629 5481 plures
3664 5413 3760 5464 sin-

2213 5484 2319 5552 gnli
2372 5485 2830 5539 administrandos
2881 5482 3216 5537 ltabuiSsettt.
3274 5482 3597 5538 Ptolemaeus
3644 5491 3757 5535 octo

2206 5554 2365 5606 urbes
2391 5566 2483 5607 aut
2519 5569 2681 5622 pagos
2711 5563 2972 5606 recenset.

2274 5622 2384 5689 (86)
2422 5616 2689 5693 Sic-Reg.
2721 5622 2884 5693 Eiliti,
2935 5621 3085 5693 παρὰ
3139 5621 3249 5693 τῶν
3305 5620 3547 5693 πάντων.
3601 5616 3754 5673 Paulo

2202 5703 2321 5761 post
2366 5694 2493 5745 editi
2541 5692 2829 5761 Κολλούοῳ
2867 5692 3121 5747 mendose
3169 5692 3404 5761 habent,
3452 5692 3540 5745 ubi
3578 5701 3752 5744 oumes

2196 5777 2331 5886 ὶιὶςε.
2377 5762 2667 5833 καθολικῴ.
2717 5760 2810 5816 De
2838 5762 3087 5817 catholici
3155 5760 3331 5817 officio
3368 5777 3559 5830 snpra,
3610 5772 3744 5813 num.
