3978 6512
157 445 231 498 ιο,
1250 439 1594 499 ApoLoent
1632 442 1913 502 comm
1957 448 2277 505 ARIANOS.

3262 460 3367 515 ιοε

156 560 215 628 τῷ
271 553 543 623 καθολικῷ
585 553 797 621 (πάντα
841 551 950 623 γὰρ
992 552 1176 617 αὐτοῖς
1220 554 1472 621 ἔξεστιν),
1512 556 1714 627 ἐκκλη-

1825 570 2070 630 quentem
2126 561 2381 632 populum
2432 561 2669 626 habere,
2722 563 2831 620 imo
2876 568 3028 635 quasi
3060 584 3247 624 canem
3299 571 3367 625 θ’)

158 651 252 702 σίαν
297 646 447 716 αὐτῷ
485 644 761 713 γενέσθαι,
810 644 917 707 ἵνα,
964 644 1165 717 ταύτην
1200 647 1358 716 ἔχων,
1391 645 1699 712 ἀξιόπιστος

156 742 378 812 φαίνηται
426 739 562 809 περ).
597 738 863 808 ποτηρίου
915 737 1008 791 καὶ
1050 738 1327 809 τραπέζης
1355 737 1549 807 λέγων.
1589 739 1699 794 Καὶ

155 834 238 903 γὰρ
267 829 423 892 εὐθὺς
459 828 825 899 πεποιήκασιν
859 827 1019 881 αὐτὸν
1060 827 1421 899 ὀνομασθῆναι
1454 828 1549 880 καὶ
1581 827 1698 881 ἐπί-

155 936 342 979 σκοπον,
376 918 589 987 ἐπειδὴ.
619 918 693 989 μὴ
720 918 858 989 ἔχων
898 918 1212 989 ἐκκλησίαν,
1252 918 1383 989 μηδὲ
1400 918 1700 990 πρεσόύτε-

154 1030 225 1084 ρος
248 1011 374 1073 ὅλως
397 1008 495 1074 ὢν,
530 1010 803 1065 ἐδείκνυτο
829 1010 1187 1081 συκοφάντης,
1219 1011 1313 1063 καὶ
1343 1010 1516 1063 πάντα
1540 1009 1700 1063 πλατ-

152 1104 364 1172 τόμενος.
409 1100 629 1171 Ἀμέλει
685 1100 758 1171 μὴ
797 1100 932 1169 έχων
962 1099 1142 1165 λαοὺς,
1185 1101 1319 1171 μηδὲ
1365 1101 1490 1163 τοὺς
1538 1099 1699 1165 ίδίους

153 1193 479 1265 πειθομένους
529 1193 702 1264 αὐτῷ,
736 1192 923 1259 ὥσπερ
956 1193 1111 1246 κενὸν
1141 1192 1251 1263 (87)
1290 1192 1350 1245 τὸ
1382 1192 1571 1262 ὄνομα,
1604 1191 1696 1244 οὐ-

155 1306 240 1351 τως
273 1289 365 1341 καὶ
408 1287 509 1359 τὴν
546 1286 831 1356 ἐπιστολὴν
870 1286 1148 1356 ἄφρακτον
1190 1286 1429 1355 κατέχει,
1483 1286 1699 1357 ἔλεγχον

155 1378 232 1447 τῆς
268 1379 632 1448 παμπονήρου
682 1375 1049 1446 προαιρέσεως
1087 1373 1250 1429 αὐτοῦ
1300 1374 1530 1428 καὶτῶν
1573 1376 1700 1447 περὶ

154 1469 379 1522 Εὐσέϐιον
408 1466 854 1537 ἐπιδεικνύμενος
874 1465 1095 1536 ταύτην

1802 654 2054 710 omnibus
2098 655 2290 724 expelli
2321 675 2333 710 :
2362 655 2532 710 nihilo
2592 666 2771 711 tamen
2824 660 3003 714 minus
3055 661 3365 731 imperatori

1801 757 2051 801 auctores
2071 746 2238 810 fuere,
2270 758 2326 801 ut
2350 748 2542 803 litteris
2572 749 2639 803 ad
2686 751 3012 805 catholicum
3040 754 3368 823 missis(illis

1801 839 1995 908 quippe
2047 839 2227 892 omnia
2290 839 2739 909 licent),juberet
2786 841 3073 896 ecclesiam
3139 843 3369 912 lschyra:

1801 930 2092 996 aedificari;
2124 940 2184 984 ut
2216 948 2277 985 ea
2326 934 2544 1001 potitus,
2583 932 2686 987 ﬁde
2714 932 2907 1003 dignus
2931 935 3224 988 haberetur
3246 949 3366 988 eum

1806 1023 1872 1076 de
1905 1021 2071 1074 calice
2101 1032 2153 1074 et
2191 1024 2256 1077 de
2281 1040 2459 1078 mensa
2481 1024 2647 1079 ferret
2675 1024 3060 1079 testimonium.
3090 1025 3367 1094 Siquidem

1810 1112 1931 1166 ideo
1983 1113 2254 1167 hominem
2295 1115 2693 1184 quamprimum
2739 1115 3049 1185 episc0pum
3098 1114 3370 1169 nominari

1806 1210 2094 1265 curarunt,
2130 1203 2293 1271 quod,
2323 1204 2446 1271 quia
2483 1204 2766 1259 ecclesiam
2805 1221 2910 1259 non
2947 1205 3218 1270 habebat,
3272 1220 3371 1260 nec

1805 1292 2092 1363 presbyter
2144 1302 2299 1360 erat,
2349 1295 2467 1348 ideo
2514 1297 2843 1366 sycophanta
2894 1311 3033 1361 esse,
3082 1312 3146 1352 ac
3188 1297 3371 1351 omnia

1808 1382 2135 1437 conﬁnxisse
2194 1384 2706 1452 deprehenderetur.
2773 1386 2919 1442 Sane
2973 1402 3095 1442 cum
3142 1388 3371 1458 populus

1809 1474 2011 1541 nullus,
2058 1491 2121 1529 ac
2161 1491 2227 1530 ne
2255 1478 2470 1545 quidem
2515 1479 2798 1549 propinqui
2825 1479 2944 1547 ejus
2971 1479 3071 1546 ipsi
3104 1489 3370 1548 pareant;

153 1575 198 1618 ut
236 1580 456 1619 vacuum
511 1578 733 1625 nomen,
784 1564 856 1616 ita
897 1560 1384 1632 inellicacem(87‘)
1421 1571 1602 1616 servat
1648 1564 1928 1632 epistolam
1977 1586 1992 1623 :
2031 1585 2192 1640 quam
2244 1572 2296 1625 in
2318 1572 2701 1643 {argumentum
2755 1572 3012 1628 teterrimi
3062 1572 3147 1627 sui
3201 1572 3369 1628 Euse-

152 1655 516 1724 bianorumque
541 1655 805 1723 propositi
847 1655 1089 1721 exhibet,
1118 1654 1201 1709 his
1234 1656 1556 1726 descriptam
1580 1657 1787 1712 verbis:

404 1752 786 1804 ΕΠΙΣΤΟΛΗ
814 1752 940 1804 ΤΟΥ
967 1753 1343 1804 ΚΑΘΟΛΙΚΟ
1355 1753 1414 1807 Υ.

231 1845 490 1909 Φλίαντος
542 1842 805 1912 Ἠμέριος
830 1843 1103 1928 ἐξάκτορι
1140 1842 1251 1915 (88)
1282 1844 1596 1914 Μαρεώτου

795 1931 1042 1982 χαίρειν.

212 2004 427 2075 ’ἰσχύρα
464 2004 561 2057 τοῦ
593 2005 960 2076 πρεσϐυτέρου
995 2005 1278 2074 δεηθέντος
1302 2006 1401 2077 τῆς
1426 2006 1701 2071 εὐσεϐείας

151 2093 233 2148 τῶν
265 2096 547 2150 δεσποτῶν
584 2097 741 2167 ἡμῶν
774 2097 1048 2151 σεϐαστῶν
1079 2098 1173 2151 καὶ
1204 2099 1495 2171 Καισάρων
1528 2102 1586 2152 ὲν
1618 2101 1706 2153 τό-

152 2206 216 2255 πῳ
234 2187 473 2261 Εἰρήνης
506 2189 937 2261 Σεκονταρούρου
991 2192 1478 2263 ἀνοικοδομηθιῖψαι
1515 2195 1705 2264 ἐκκλη-

153 2282 278 2344 σίαν,
333 2281 671 2353 προσέταξεν
723 2284 756 2355 ἡ
796 2282 1005 2354 θειότης
1057 2284 1234 2339 αὐτῶν
1272 2279 1305 2358 ᾖ
1338 2286 1501 2357 τάχος
1548 2287 1705 2341 τοῦτο

151 2374 455 2444 πραχθῆναι.
488 2376 781 2445 Φρόντισον
804 2376 983 2428 τοίνυν
1004 2376 1322 2448 προστυχὼν
1346 2380 1440 2431 καὶ
1456 2378 1531 2450 τῷ
1558 2379 1706 2433 ἀντι-

150 2463 277 2533 τύπῳ
330 2464 427 2518 τοῦ
486 2465 632 2518 θείου
680 2467 1028 2537 γράμματος,
1080 2467 1109 2520 ὃ
1168 2469 1306 2538 μετά
1363 2470 1455 2522 τοῦ
1504 2471 1703 2525 οἰκείου

153 2555 471 2626 σεϐάσματος
527 2557 914 2627 προτέτακται,
975 2560 1068 2612 κα).
1113 2562 1224 2623 τοῖς
1252 2562 1575 2633 πραχθεῖσιν
1611 2563 1705 2615 ἐπὶ

150 2646 224 2715 τῆς
264 2648 407 2717 ἐμῆς
441 2648 832 2713 καθοσιώσεως
872 2651 1277 2721 ὑπομνήμασιν,
1317 2655 1374 2705 ὲν
1408 2655 1563 2724 τάχει
1607 2653 1704 2724 τὴν

153 2735 345 2806 σόναψιν
394 2738 785 2809 ποιησάμενος,
816 2743 895 2804 είς
936 2744 1033 2812 τὴν
1060 2743 1208 2807 τάξιν
1236 2745 1545 2813 ἀνενεγκεῖν
1570 2746 1703 2817 (89),

151 2827 216 2879 ἵνα
239 2830 306 2883 τὰ
329 2829 569 2895 θειωδῶς
603 2831 1009 2904 προσταχθέντα
1045 2835 1138 2889 ἐπὶ
1168 2835 1342 2907 πέρας
1363 2838 1593 2909 ἀχθῆναι
1622 2838 1707 2892 δυ-

150 2918 287 2991 νηθῇ·

202 3013 287 3068 86.
328 3016 558 3070 Ἐκεῖνοι
594 3019 694 3089 μὲν
726 3014 817 3077 οὖν
842 3020 1013 3088 οὕτως
1042 3023 1294 3095 ὲτύρευον
1324 3024 1458 3097 (90),
1482 3024 1577 3078 καὶ
1605 3023 1706 3089 τὰς

2184 1759 2545 1816 EPISTOLA
2587 1759 3011 1817 CATIIOLICI.

1917 1871 2132 1928 Flavius
2172 1874 2448 1930 Hemerius
2475 1877 2709 1931 exactori
2742 1875 2996 1929 Mareota:
3027 1875 3266 1929 salutent.

1880 2007 2097 2079 Ischyra
2144 2009 2458 2080 presbytero
2502 2010 2757 2079 pietatem
2788 2011 3129 2063 dominorum
3164 2017 3378 2063 nostro-

1812 2117 1927 2154 rum
1960 2100 2321 2169 Augustorum
2355 2116 2417 2155 ac
2454 2101 2733 2155 Caesarum
2766 2112 3019 2170 rogante,
3058 2100 3159 2155 sibi
3184 2100 3235 2152 in
3262 2098 3379 2152 loco

1809 2192 1965 2247 Pacis
1992 2193 2339 2247 Secontaruri
2371 2193 2611 2247 construi
2636 2193 2917 2247 ecclesiam
2944 2232 2959 2257 ,
2984 2191 3147 2261 jussit
3188 2204 3376 2244 eorum

1810 2285 2066 2339 divinitas
2093 2294 2151 2339 ut
2183 2284 2232 2337 id
2254 2284 2655 2352 quamprimum
2679 2282 2963 2337 eﬂiciatur.
3000 2279 3199 2335 Curato
3217 2277 3374 2346 igitr“:

1811 2388 1871 2434 ut.
1910 2380 2189 2449 exemplar
2219 2388 2412 2433 nactus
2448 2377 2611 2430 divini
2665 2375 2973 2444 diplomatis
3000 2413 3016 2439 ,
3069 2372 3213 2443 quod
3254 2383 3376 2425 cum

1811 2473 1990 2526 debita
2022 2470 2378 2525 veneratione
2412 2468 2595 2538 priore
2632 2466 2747 2521 loco
2783 2467 3014 2537 positum
3044 2473 3145 2526 est,
3172 2476 3379 2517 necnon

1813 2574 2155 2621 monumenta
2174 2578 2352 2617 coram
2386 2577 2503 2616 mea
2535 2562 2820 2615 sanctitate
2846 2558 3009 2621 edita,
3037 2571 3098 2611 ea
3135 2555 3241 2609 cito
3261 2550 3381 2623 (91)

1813 2657 1865 2711 in
1920 2656 2297 2726 compendium
2357 2654 2522 2707 relata
2589 2654 2641 2707 in
2693 2649 3140 2707 commentarium
3217 2660 3377 2714 repo-

1813 2762 1941 2811 nas;
1969 2756 2027 2799 ut
2054 2762 2172 2817 qua:
2210 2746 2468 2801 divinitus
2496 2743 2650 2813 jussa
2690 2751 2839 2809 sunt,
2869 2741 2936 2797 ad
2961 2737 3164 2795 exitum
3192 2733 3383 2790 deduci

1812 2849 2037 2910 queant.

1886 3016 2047 3088 159
2075 3016 2162 3073 86.
2215 3015 2339 3070 llaec
2380 3015 2542 3086 igitur
2587 3013 2660 3067 illi
2709 3005 3379 3069 machinabantur,tales-

152 3108 400 3172 ωσκευάς
427 3109 713 3164 ἔπλαττονο
767 3113 923 3183 ἡμεῖς
958 3116 1014 3168 δὲ
1059 3116 1371 3181 ἀνελθόντες
1425 3116 1702 3189 ἐδείξαμεν

1825 3130 1909 3185 lue
1974 3109 2273 3164 conﬂabant
2348 3107 2792 3174 conspirationes.
2852 3102 2959 3156 Nos
3032 3114 3209 3155 autem
3279 3098 3384 3150 im-

153 3196 341 3265 βασιλεῖ
366 3199 465 3264 τάς
494 3201 708 3265 ἀδικίας
734 3202 842 3257 τῶν
874 3206 1002 3276 περὶ
1023 3206 1297 3270 Εὐσέϐιον,
1337 3209 1460 3262 ἐπεὶ
1482 3209 1575 3265 καὶ
1609 3210 1709 3262 αὐ-

152 3289 222 3353 τὸς
246 3286 311 3361 ἦν
338 3292 366 3343 ό
398 3292 497 3363 τὴν
550 3294 768 3349 σύνοδον
800 3297 1049 3365 γενέσθαι
1101 3299 1382 3363 κελεύσας.
1412 3302 1506 3355 κα)⁸
1534 3302 1711 3373 κόμης

152 3383 298 3436 αὐτοῦ
330 3384 626 3457 καθηγεῖτο
648 3386 872 3459 ταύτης.
892 3390 1124 3453 Ἐκεῖνος
1151 3391 1327 3446 τοίνυν
1363 3393 1602 3456 ἀκούσας
1617 3394 1712 3447 καὶ

153 3474 393 3547 κινηθεὶς,
432 3476 642 3549 ἔγραψε
670 3477 861 3533 ταῦτα’

379 3654 492 3725 (9|)
530 3657 861 3711 MKme
909 3660 1102 3713 ΚΩΝΣ
1111 3661 1467 3717 ΤΑΝΤΙΝοΣ

156 3740 431 3813 Μέγιστος
478 3748 783 3814 Σεϐαστὸς
828 3749 947 3815 τοῖς
985 3751 1055 3802 ἐν
1108 3752 1266 3819 Τύρῳ
1301 3754 1715 3809 συνελθοῦσιν

700 3820 1075 3885 ἐπισκόποις.

222 3911 355 3979 Ἐγὼ
407 3913 507 3983 μὲν
545 3912 726 3981 ἀγνοῶ
762 3913 882 3967 τίνα
933 3915 1047 3967 ἐστὶ
1075 3915 1142 3968 τὰ
1180 3917 1283 3970 ὑπὸ
1310 3918 1410 3988 τῆς
1445 3919 1716 3989 ὑμετέρας

159 4006 353 4059 συνόδου
390 4007 530 4077 μετά
564 4006 794 4077 θορύϐου
848 4007 939 4059 καὶ
967 4008 1232 4078 χειμῶνος
1258 4011 1532 4081 κριθέντα’
1571 4012 1718 4065 δοκεῖ

158 4095 203 4148 δέ
232 4115 341 4161 πως
373 4099 480 4152 ὐπό
501 4116 647 4164 τινος
675 4100 897 4165 ἀταξίας
943 4100 1284 4173 ταραχώδους
1314 4104 1347 4173 ἡ
1378 4104 1601 4175 ἀλήθεια
1642 4104 1719 4157 δι-

160 4189 456 4259 εστράιρθαι,
514 4190 671 4261 ὐμῶν
702 4191 899 4262 δηλαδὴ
933 4191 1018 4246 διὰ
1047 4192 1143 4263 τὴν
1176 4191 1309 4262 πρὸς
1340 4196 1467 4257 τοὺς
1494 4193 1718 4264 πλησίον

162 4277 470 4350 ἐρεσχελίαν,
506 4281 572 4352 ἥν
606 4281 872 4351 ἀήττητον
923 4277 1059 4334 εἶναι
1095 4280 1367 4350 βούλεσθε,
1402 4283 1469 4336 τά
1498 4283 1576 4353 τῷ
1600 4281 1720 4353 Θεῷ

160 4369 437 4438 ἀρέσκοντα
473 4373 547 4443 μὴ
567 4370 935 4441 συνορώντων.
963 4371 1099 4423 Ἀλλ’
1125 4372 1274 4425 ἕσται
1304 4373 1403 4443 τῆς
1425 4375 1570 4437 θείας
1589 4391 1721 4444 προ-

1818 3216 2120 3276 peratorem
2168 3201 2460 3264 adeuntes,
2513 3197 2736 3268 injurias
2798 3196 2866 3250 ab
2934 3190 3254 3247 Eusebiauis
3318 3189 3384 3242 il-

1818 3298 1955 3351 latas
2026 3293 2125 3363 ipsi
2195 3289 2620 3345 renuntiavimus
2658 3329 2673 3353 ,
2732 3295 2917 3355 utpote
2973 3285 3063 3353 qui
3121 3280 3384 3353 synodqu

1818 3387 1936 3455 cogi
1974 3384 2227 3454 jussisset
2251 3424 2265 3446 ,
2294 3383 2380 3435 cui
2424 3379 2747 3451 praesidebat
2787 3376 2904 3444 ejus
2944 3390 3149 3431 comes.
3181 3372 3251 3425 lis
3288 3386 3388 3423 au-

1819 3478 1949 3531 ditis
2006 3474 2094 3529 ille
2124 3512 2140 3539 ,
2190 3473 2425 3543 graviter
2466 3477 2806 3534 commotus,
2842 3468 2939 3520 has
2981 3463 3203 3533 scripsit
3232 3461 3391 3515 litte—

1822 3582 1944 3622 ras.
2168 3654 2432 3710 VICTOR
2476 3646 3056 3708 CONSTANTINUS

1974 3750 2245 3805 Maximus
2294 3748 2557 3818 Augustus
2606 3744 2861 3813 episcopis
2906 3741 2995 3812 qui
3051 3737 3252 3808 Tyrum

2453 3831 2754 3870 convenere.

1895 3914 2154 3984 Equidem
2197 3911 2385 3981 ignoro
2433 3922 2679 3978 qua-tuam
2718 3905 2826 3959 sint
2880 3918 2909 3956 a
2960 3908 3135 3954 vestra
3185 3897 3393 3968 synodo

1831 4006 2171 4060 turbulenter
2206 4020 2269 4058 ac
2301 3999 2932 4067 tumultuosejudicata:
2966 3993 3168 4048 veritas
3198 3990 3396 4059 quippe

1827 4099 2053 4153 tumultu
2086 4114 2150 4152 ac
2194 4096 2509 4152 confusione
2560 4094 2794 4163 quadarn
2850 4101 3106 4159 oppressa
3152 4085 3397 4144 videtur,

1825 4193 1977 4247 vobis
2011 4190 2221 4247 scilicet
2255 4190 2323 4243 ob
2354 4199 2594 4242 mutuam
2626 4184 3030 4239 contentionem
3059 4218 3073 4243 ,
3106 4191 3266 4246 quam
3313 4173 3397 4227 in-

1825 4286 2024 4339 victam
2052 4283 2245 4341 vultis.
2280 4296 2401 4350 qua;
2434 4280 2541 4332 Deo
2574 4276 2791 4345 placent
2842 4272 3064 4325 minime
3112 4262 3399 4335 spectanti-

1827 4377 1945 4431 bus.
1979 4375 2086 4430 Sed
2116 4375 2217 4428 erit
2255 4372 2379 4428 illud
2420 4370 2613 4424 divinae
2645 4364 2997 4437 providentia?
3024 4374 3178 4430 opus,
3212 4355 3399 4409 istius-

162 4460 289 4524 νοίας
316 4461 476 4533 ἔργον
507 4462 605 4516 καὶ
631 4461 701 4514 τὰ
730 4461 828 4531 τῆς
856 4461 1182 4529 φιλονεικίας
1208 4460 1411 4534 ταύτης
1444 4464 1587 4516 κακὰ
1620 4479 1714 4533 φας

1830 4468 1973 4523 modi
2033 4466 2317 4520 discordiae
2351 4462 2489 4516 mala
2536 4458 2825 4514 manifesto
2856 4454 3191 4525 deprehensa
3224 4446 3391 4537 dissi-

162 4554 310 4623 νερῶς
357 4555 556 4608 ἁλόντα
583 4552 954 4617 διασκεδάσαι,
989 4554 1082 4606 καὶ
1117 4555 1245 4623 ἡμῖν
1277 4554 1572 4629 διαρρήδην
1599 4558 1721 4608 ὲπι-

162 4644 327 4712 δεῖξαι,
376 4648 431 4700 ετ
482 4664 610 4701 τινα
674 4646 774 4715 τῆς
830 4645 1085 4717 ἀληθείας
1133 4646 1319 4700 αὐτόθι
1378 4648 1724 4705 συνελθόντες

163 4738 469 4811 ἐποιήσασθε
490 4739 768 4810 φροντίδα,
789 4739 883 4792 καὶ
908 4741 956 4792 εἰ
984 4739 1051 4793 τὰ
1074 4740 1373 4810 κεκριμένα
1399 4740 1564 4812 χωρίς
1580 4758 1727 4803 τινος

164 4831 360 4901 χάριτος
370 4833 465 4885 καὶ
476 4830 771 4901 ἀπεχθείας
784 4829 1050 4899 ἐκρίνατε.
1069 4830 1365 4899 Τοιγαροῦν
1379 4833 1727 4902 ἠπειγμένως

164 4923 349 4988 πάντας
380 4926 525 4997 ὑμᾶς
549 4923 686 4995 πρὸς
704 4921 802 4993 τὴν
834 4921 971 4993 ἐμὴν
1002 4922 1271 4975 συνελθεῖν
1308 4923 1420 4991 (92)
1447 4924 1729 4978 εὐσέϐειαν

167 5012 422 5086 βούλομαι,
459 5016 549 5069 ἵνα
578 5014 679 5085 τὴν
711 5013 819 5067 τῶν
867 5015 1268 5086 πεπραγμένων
1294 5015 1421 5085 ὑμῖν
1445 5016 1729 5087 ἀκρίϐειαν

165 5101 223 5155 δι’
253 5106 396 5177 ὐμῶν
427 5106 612 5160 αὐτῶν
649 5105 759 5175 (95)
807 5107 1218 5178 παραστήσητε.
1262 5105 1416 5169 Τίνος
1441 5106 1496 5159 δὲ
1544 5107 1729 5161 ἕνεκεν

164 5196 315 5251 ταῦτα
344 5197 556 5269 γράψαι
583 5196 723 5267 πρὸς
752 5196 896 5266 ὑμᾶς
925 5197 1238 5262 ἐδικαίωσα,
1271 5197 1364 5250 καὶ
1410 5198 1554 5269 ὑμᾶς
1595 5198 1728 5269 πρὸς

228 5352 325 5419 (87)
366 5354 526 5422 Reg.,
554 5352 762 5407 καινόν.

226 5423 350 5495 (87f)
380 5424 926 5495 Legerftinterpres,
964 5422 1271 5495 ἄπρακτον.
1304 5421 1731 5495 Enimn-motu

232 5493 333 5565 (88)
352 5494 427 5547 lta
454 5492 588 5565 Reg.
608 5492 772 5565 Basil.
794 5508 941 5565 vero,
962 5492 1189 5557 Φλαύῖος
1220 5493 1447 5565 Ἱμέριος
1467 5493 1731 5565 ὲξάκτωρ,

168 5561 432 5618 male.Sed
453 5561 607 5635 pejus
624 5563 1017 5635 etlitiLdtkaG'ioc;
1042 5566 1250 5635 ἱμέριος
1267 5561 1361 5628 ἐξα
1370 5579 1495 5635 ρχος
1512 5561 1733 5635 Μαρεῴ-

170 5646 267 5694 του,
288 5636 485 5688 omisso
508 5634 743 5704 χαίρειν.
761 5632 836 5685 Ex
866 5650 1021 5703 supra
1047 5632 1200 5688 dictis
1221 5632 1605 5689 enim'c0n5tat
1621 5632 1705 5704 cpi

173 5704 339 5756 stolam
368 5721 471 5757 non
497 5702 624 5757 esse
648 5704 865 5757 exarchi
899 5702 1012 5757 sive
1034 5704 1292 5772 praefecti,
1329 5708 1418 5758 sed
1458 5702 1726 5757 catholici.

232 5772 335 5841 (89)
375 5776 467 5828 Sic
492 5774 628 5839 Reg.
658 5772 819 5835 Editi,
852 5774 1124 5840 ἀνεγκεῖν,
1155 5776 1427 5829 mendose.

235 5840 338 5910 (90)
379 5844 538 5912 Reg.,
568 5841 847 5912 ὲτύρευον,
894 5845 1112 5909 optimc.
1132 5844 1273 5903 Edit.
1298 5842 1582 5909 Commel.,
1606 5840 1727 5895 ἐθύ-

179 5923 333 5969 ρευον.
362 5911 506 5971 Εᾱὶὶ.
539 5911 737 5979 Paris,
763 5911 1041 5979 ἐθήρευον.

1827 4573 1954 4629 pare
1981 4596 1998 4621 ,
2048 4556 2312 4624 nobisque
2357 4552 2532 4624 palam
2566 4550 2747 4603 facere
2805 4546 2852 4600 si
2906 4559 3009 4613 qua
3043 4540 3196 4595 vobis
3232 4535 3411 4591 fuerit.

1829 4650 1937 4705 illic
1963 4647 2303 4719 congregatis
2326 4644 2568 4700 veritatis
2594 4657 2723 4696 cura
2746 4680 2761 4702 ,
2797 4650 2854 4693 et
2887 4638 2931 4691 si
2962 4634 3166 4706 judicia
3218 4640 3398 4684 vestra

1830 4741 1962 4793 citra
1993 4739 2225 4808 gratiam
2256 4735 2420 4789 ullam
2440 4733 2519 4788 \‘el
2545 4732 2727 4785 odium
2755 4729 2858 4782 lata
2885 4726 3104 4781 fuerint.
3134 4721 3401 4789 QuocirC‘t

1834 4847 1931 4885 vos
1956 4844 2144 4885 omnes
2186 4829 2583 4899 quamprimum
2630 4824 2885 4893 pietatem
2938 4831 3176 4874 nostram
3206 4828 3403 4871 conve-

1834 4922 1954 4975 nire
1982 4919 2101 4973 volo
2130 4958 2147 4984 ,
2180 4933 2357 4973 rerum
2389 4934 2416 4969 a
2455 4915 2604 4969 vobis
2641 4922 2914 4984 gestarum
2948 4917 3202 4966 accurate
3237 4906 3402 4960 ratio-

1834 5029 1954 5067 nem
1984 5027 2164 5066 coram
2200 5011 2526 5065 reddituros.
2565 5007 2734 5062 Porro
2775 5020 2894 5076 qua:
2927 5018 3088 5057 causa
3121 4999 3251 5054 mihi
3283 4999 3401 5052 lue-

1832 5107 1906 5160 rit
1933 5107 2047 5159 haec
2093 5106 2159 5158 ad
2190 5119 2286 5158 vos
2326 5102 2619 5167 scribendi,
2646 5115 2846 5169 vosque
2873 5113 2965 5169 per
2990 5097 3207 5151 litteras
3240 5106 3394 5146 meas

1832 5198 2167 5262 accersendi,
2192 5214 2255 5254 ex
2292 5196 2646 5267 sequentibus
2667 5192 3029 5265 cognoscetis.
3065 5181 3399 5258 lugredicnti

1913 5353 2026 5424 (91)
2050 5351 2216 5426 _llant_:
2261 5351 2540 5426 epistolam
2582 5350 2847 5426 integram
2886 5346 3051 5426 refert
3078 5340 3256 5426 ἐρεῖ.

1838 5437 1879 5484 ι.
1905 5409 2023 5491 cap:
2049 5422 2145 5479 ὄις
2182 5409 2396 5477 Sozam.
2427 5423 2517 5476 lib.
2546 5437 2603 5482 ιι.
2631 5409 2748 5491 cap.
2775 5417 2872 5480 28;
2909 5412 3130 5491 Niceph.
3161 5409 3254 5462 lib.
3280 5421 3399 5470 VI“.

1836 5483 2084 5561 cap.'50;
2119 5491 2352 5546 Historia
2386 5495 2621 5561 tripart.,
2658 5483 2749 5541 lib.
2775 5504 2860 5561 tt_t_._
2890 5499 3006 5561 cap.
3034 5483 3146 5561 7..”
3181 5547 3205 5561 υ
3276 5543 3370 5561 π,

1907 5545 2040 5633 (92)
2060 5545 2527 5633 ἐσθιομίάνελθεῖν.
2569 5545 2694 5613 807..
2719 5567 2771 5609 et
2800 5545 3023 5622 Niceph.
3060 5547 3255 5633 sapio.
3276 5545 3402 5633 Epit

1833 5621 2062 5699 phauius
2110 5621 2514 5693 Scholasttcus,
2561 5640 2889 5687 concurrere,
2936 5636 3058 5676 cum
3099 5621 3401 5675 Athanasio

1830 5717 2045 5759 nemne.

1900 5719 2266 5841 (ἓὲῖοδοῑοηι.
2298 5770 2389 5823 καὶ
2417 5767 2501 5836 ἐφ’
2526 5767 2681 5838 ἡμῶν
2715 5762 2915 5817 αὐτῶν.

1898 5841 2010 5916 (91)
2045 5842 2132 5897 Vel
2158 5843 2495 5911 perlustrata.
