3978 6508
532 447 639 502 405

1105 446 1163 502 S.
1206 445 1578 503 ATIIANASII
1618 443 1765 501 OPP.
1808 442 1989 499 PARS
2025 442 2066 497 1.
2105 472 2172 484 -
2209 440 2575 498 HISTORICA
2611 439 2698 495 ET
2734 438 3146 496 DOGMATICA.

3660 436 3771 492 404

534 571 664 624 mihi
705 570 1080 631 cognominem
1124 585 1188 624 ac
1236 569 1598 623 felicissimam
1648 566 1877 635 patriam
1924 580 2096 620 meam

2211 564 2434 635 ἐμαυτὸν
2463 562 2549 616 διά
2572 562 2666 616 τοῦ
2693 564 3012 634 γράμματος
3044 561 3213 623 καλῶ,
3250 561 3315 613 ἐκ
3338 558 3446 613 τῶν
3484 559 3775 627 ἑπομένων

533 663 1069 732 Constantinopolim,
1103 674 1158 717 et
1180 677 1320 730 equo
1346 671 1454 714 tum
1497 659 1779 722 insidenti,
1801 659 2091 727 derepente

534 755 864 811 Athanasius
910 758 1194 824 episcopus
1222 754 1398 807 media
1447 753 1499 806 in
1537 750 1623 804 via
1669 766 1789 805 cum
1821 750 2092 804 nonnullis

535 846 656 900 aliis
681 862 739 901 se
778 846 1157 901 comitantibus
1203 847 1274 900 ita
1302 846 1697 912 inexspectatus
1728 841 1964 895 occurrit
1991 842 2095 903 ,‘ut

535 948 808 1007 stuporem
862 939 991 991 mihi
1054 937 1315 991 attulerit.
1348 935 1525 989 Testis
1572 934 1700 988 mihi
1738 942 1821 988 est
1854 931 2091 986 omnium

535 1040 810 1097 spectator
847 1029 985 1083 Deus
1011 1071 1025 1094 ,
1063 1044 1148 1083 me
1182 1030 1358 1097 primo
1404 1036 1622 1095 aspectu
1661 1040 1767 1079 non
1814 1022 2095 1093 agnovisse

536 1122 807 1175 hominem
842 1139 855 1174 :
887 1122 979 1175 sed
1016 1137 1047 1175 e
1074 1122 1272 1175 nostris
1320 1121 1538 1189 quidam
1567 1128 1622 1172 et
1652 1118 1825 1170 virum
1860 1115 1980 1184 quis
2011 1129 2095 1168 es-

538 1224 638 1276 set,
671 1223 723 1267 et
751 1216 944 1281 quibus
974 1214 1199 1267 aﬂ‘ectus
1234 1222 1376 1267 esset
1406 1212 1619 1280 injuriis
1646 1250 1661 1272 ,
1708 1209 1861 1263 nobis
1911 1208 2096 1262 scisci-

540 1306 795 1367 tantibus,
834 1317 893 1359 ιιι
936 1306 1049 1359 ﬁeri
1080 1305 1236 1370 solet,
1274 1304 1605 1358 indicarunt.
1657 1301 1805 1355 Tunc
1840 1300 2097 1367 temporis

538 1395 697 1463 igitur
720 1396 986 1450 hominem
1022 1411 1123 1449 non
1178 1410 1296 1449 sum
1330 1394 1607 1457 allocutus,
1669 1405 1763 1445 nec
1810 1390 1891 1444 vel
1942 1388 2097 1442 mini-

539 1500 686 1537 mum
723 1501 841 1539 cum
876 1500 944 1540 eo
971 1500 1276 1539 sermonem
1313 1483 1432 1537 feci.
1467 1482 1710 1549 Rogante
1764 1489 1941 1533 autem
2006 1477 2095 1532 illo

538 1587 595 1627 ut
624 1575 726 1629 sibi
762 1590 945 1627 aurem
977 1574 1269 1643 praeberem
1291 1612 1306 1635 ,
1342 1586 1533 1639 meque
1558 1586 1587 1625 e
1619 1583 1879 1623 converso
1910 1567 1961 1620 id
2005 1566 2097 1620 ab-

540 1675 735 1719 nuente
795 1681 857 1719 ac
914 1664 1302 1733 pr0pemodutn
1339 1660 1561 1729 iubente
1606 1658 1840 1713 amoveri
1876 1658 2047 1710 virum
2078 1696 2092 1721 ,

542 1756 746 1824 majore
779 1772 898 1810 cum
942 1756 1135 1809 liducia
1183 1755 1273 1809 ille
1330 1752 1461 1807 nihil
1509 1767 1567 1807 se
1622 1752 1892 1821 postulare
1939 1750 2093 1813 dixit,

538 1866 698 1917 quam
736 1859 793 1905 ut
815 1866 907 1906 vos
943 1851 1049 1905 huc
1072 1851 1373 1904 concedere
1404 1849 1644 1915 juberent
1669 1890 1685 1912 ,
1722 1863 1828 1917 quo
1859 1861 2095 1915 prmsen-

541 1943 682 1995 tibus
708 1943 859 1995 vobis
910 1944 974 1996 de
1000 1942 1160 1995 illatis
1211 1940 1310 1995 sibi
1360 1939 1570 2008 injuriis
1598 1949 1778 2008 posset
1811 1937 2090 2005 conqueri.

539 2034 690 2099 Quod
727 2049 846 2087 cum
881 2033 1009 2086 mihi
1058 2048 1267 2102 aequum
1303 2031 1639 2100 temporique
1676 2044 1966 2096 congruum
2016 2028 2097 2079 vi-

537 2142 656 2180 sum
687 2126 777 2191 sit,
812 2128 926 2180 haec
954 2126 1140 2180 libenti
1170 2124 1348 2177 animo
1397 2123 1463 2175 ad
1494 2137 1587 2174 vos
1614 2120 1895 2175 scribenda
1919 2118 2094 2188 jussi;

539 2226 599 2271 ut
630 2226 896 2286 quotquot
929 2218 1056 2286 Tyri
1099 2222 1478 2285 congregatam
1503 2212 1766 2282 synodum
1796 2212 2099 2279 composui-

539 2311 659 2374 stis,
687 2324 847 2377 quam
882 2308 1196 2361 maturrime
1240 2306 1305 2358 ad
1344 2304 1640 2359 exercitum
1706 2317 1836 2356 mea:
1864 2302 2097 2355 clemen-

542 2401 629 2453 tiae
658 2400 985 2469 properetis,
1017 2398 1389 2452 sinceritatem
1424 2392 2098 2462 integritatemquejudicii

540 2491 708 2544 vestri
740 2504 806 2545 ex
841 2490 1095 2558 operibus
1144 2490 1271 2555 ipsis
1320 2485 1747 2554 comprobaturi,
1781 2501 1959 2539 coram
2018 2498 2102 2539 me

540 2582 745 2635 scilicet
774 2596 935 2650 quem
965 2581 1239 2634 sincerum
1292 2579 1385 2633 Dei
1438 2593 1560 2632 esse
1596 2576 1854 2631 famulum
1884 2591 1952 2632 ne
2006 2592 2102 2632 vos

540 2674 755 2740 quidem
790 2672 889 2741 ipsi
925 2672 1133 2726 inﬁcias
1171 2672 1252 2726 ire
1287 2672 1531 2740 potestis.
1571 2669 1637 2723 Et
1662 2686 1793 2726 sane
1826 2685 1942 2724 mea
1974 2686 2100 2739 erga

543 2766 712 2819 Deum
763 2766 953 2832 religio
1000 2780 1163 2819 causa
1212 2774 1294 2819 est
1326 2780 1423 2818 cur
1451 2764 1647 2833 ubique
1681 2773 1946 2818 terrarum
1999 2780 2101 2834 pax

542 2856 823 2921 habeatur,
859 2857 988 2926 ipsis
1013 2858 1173 2911 etiam
1212 2857 1458 2911 barbaris
1488 2858 1577 2926 qui
1612 2858 1872 2911 hactenus
1904 2858 2103 2911 verita-

544 2948 615 3000 tis
667 2948 838 3016 ignari
874 2958 1029 3003 erant
1062 2962 1253 3002 nomen
1300 2948 1393 3001 Dei
1451 2950 1663 3003 sincere
1711 2946 2049 3001 laudantibus
2087 2969 2098 3002 ε

542 3037 758 3106 planum
798 3048 881 3092 est
933 3048 1112 3093 autem
1144 3039 1387 3093 veritatis
1443 3039 1683 3107 ignarum
1724 3040 1885 3093 etiam
1937 3039 2100 3092 Deum

542 3128 807 3195 ignorare.
831 3128 1101 3193 Attamen,
1134 3128 1208 3181 ttti
1231 3144 1389 3198 supra
1421 3127 1557 3191 dixi,
1592 3127 1687 3196 ipsi
1722 3128 1956 3191 barbari,
1986 3142 2103 3182 mea

2190 655 2484 725 γνώσεσθε.
2554 654 2913 707 Ἐπιὸαίνοντί
2976 670 3064 723 μοι
3122 651 3308 704 λοιπὸν
3344 651 3441 721 τῆς
3473 652 3775 718 ἐπωνύμου

2191 750 2346 821 ἡμῶν
2372 750 2465 802 καὶ
2487 746 2902 816 πανευδαίμονος
2924 744 3175 815 πατρίδος
3206 742 3309 812 τῆς
3328 744 3775 800 Κωνσταντινου-

2195 843 2399 904 πόλεως
2430 839 2729 910 (συνέόαινε
2762 837 2869 907 (95)
2898 837 2953 890 δὲ
2977 836 3275 907 τηνικαῦτα
3305 835 3388 903 ἐφ’
3420 835 3591 887 ἵππου
3622 834 3774 902 ὀχεῖ-

2196 934 2363 1003 σθαι),
2398 932 2652 1002 ἐξαίφνης
2688 929 2997 992 Ἀθανάσιος
3022 930 3049 980 ὁ
3081 928 3377 989 ἐπίσκοπος
3399 928 3456 979 ἐν
3513 926 3659 997 μέσῃ
3703 927 3773 993 τῇ

2194 1025 2451 1094 λεωφόρῳ
2502 1023 2636 1093 μετὰ
2667 1022 2864 1092 ἐτέρων
2899 1021 3076 1093 τινῶν,
3116 1020 3210 1084 οὓς
3242 1021 3373 1089 περ).
3400 1018 3568 1071 αὐτὸν
3600 1017 3774 1086 εἶχεν,

2194 1116 2594 1188 ἀπροσδόκητος
2620 1114 2790 1177 οὕτως
2838 1112 3157 1183 προσῆλθεν,
3222 1112 3297 1173 ὠς
3350 1111 3441 1163 καὶ
3500 1109 3776 1180 παρέχειν

2197 1209 2508 1279 ἐκπλήξεως
2537 1208 2808 1277 ἀφορμήν,
2862 1206 3141 1275 Μαρτυρεῖ
3184 1222 3274 1272 μοι
3318 1203 3427 1273 γὰρ
3475 1204 3503 1255 ὁ
3552 1202 3777 1253 πάντων

2196 1301 2387 1372 ἔφορος
2407 1299 2557 1363 Θεὸς,
2578 1299 2651 1361 ὼς
2678 1298 2797 1350 οὐδέ
2813 1296 3101 1364 ἐπιγνῶναι
3119 1296 3301 1359 αὐτὸν,
3334 1296 3483 1356 ὅστις
3501 1288 3594 1362 ἦν,
3620 1290 3774 1364 παρά

2195 1393 2291 1464 τὴν
2321 1390 2536 1463 πρώτην
2555 1390 2674 1459 ὄψιν
2696 1389 2980 1460 ἠδυνήθην,
3008 1389 3144 1459 εἰμὴ
3173 1388 3281 1441 τῶν
3300 1372 3585 1458 ἡμετέρων
3605 1386 3774 1448 τινὲς,

2198 1486 2290 1537 καὶ
2318 1485 2464 1545 ὅστις
2478 1479 2543 1551 ἦν
2567 1482 2659 1535 καὶ
2681 1482 2778 1552 τὴν
2796 1479 3003 1533 ἀδικίαν
3032 1480 3096 1550 ἢν
3127 1479 3379 1543 πέπονθε,
3402 1478 3777 1549 διηγήσασθαι

2198 1574 2631 1644 πυνθανομένοις,
2666 1572 2851 1643 ὥσπερ
2878 1571 3039 1635 είκὸς,
3066 1572 3404 1643 ἀπήγγειλαν
3437 1573 3593 1640 ἡμῖν.
3632 1568 3779 1637 Ἐγὼ

2202 1668 2297 1738 μὲν
2325 1663 2416 1721 οῦν
2442 1664 2563 1719 οὔτε
2593 1664 2875 1735 διηλέχθην
2900 1664 3041 1735 αὐτῷ
3066 1667 3184 1717 κατ’
3215 1666 3387 1717 ἐκεῖνο
3413 1661 3778 1733 καιροῦ,οὐτε

2196 1759 2411 1828 ὁμιλίας
2461 1754 2808 1827 ἐκοινώνησα.
2850 1757 2935 1818 Ὡς
2967 1757 3022 1809 δέ
3062 1758 3266 1817 ἐκεῖνος
3308 1756 3406 1825 μέν
3437 1754 3780 1822 ἀκουσθῆναι

2198 1846 2371 1917 ἠξίου,
2392 1846 2499 1915 ἐγὼ
2523 1847 2578 1899 δὲ
2598 1846 2973 1918 παρῃτούμην,
2998 1848 3090 1898 καὶ
3111 1846 3303 1917 μικροῦ
3333 1848 3443 1899 δεῖν
3472 1845 3781 1898 ἀπελαύνε-

2201 1941 2321 1994 σθαι
2343 1941 2502 1993 αὐτὸν
2524 1940 2792 2003 ἐκέλευον,
2844 1938 2979 2009 μετά
3014 1939 3255 2001 πλείονος
3281 1938 3601 2010 παρρησίας
3625 1938 3780 1991 οὐδὲν

2196 2034 2379 2104 ἕτερον
2441 2031 2613 2102 ἐαυτῷ
2675 2033 2803 2101 παρ’
2838 2030 3056 2101 ἡμῶνῆ
3106 2030 3203 2101 τὴν
3253 2030 3528 2101 ὑμετέραν
3594 2029 3781 2097 ἄφιξιν

2196 2124 2425 2197 ἠξίωσεν
2480 2124 2737 2195 ὑπάρξαι,
2772 2124 2879 2186 ἵνα,
2915 2122 3067 2193 ὑμῶν
3092 2124 3393 2195 παρόντων,
3433 2123 3470 2176 ἃ
3507 2123 3780 2176 πέπονθεν

2198 2216 2529 2283 ἀναγκαίως,
2577 2212 2941 2285 ἀποδύρασθαι
2982 2212 3203 2284 δυνηθῇ.
3238 2214 3415 2284 Ὅπερ
3448 2212 3559 2283 (96)
3589 2213 3781 2283 ἐπειδὴ

2200 2306 2415 2375 εὐλογον
2443 2304 2577 2360 εἷναί
2606 2324 2693 2377 μοι
2718 2308 2810 2358 καὶ
2840 2308 2949 2368 τοῖς
2976 2307 3183 2375 καιροῖς
3206 2305 3414 2375 πρέπον
3452 2305 3783 2373 κατεφαίνε-

2199 2416 2278 2459 το,
2321 2398 2571 2469 ἀσμένως
2593 2398 2765 2451 ταῦτα
2790 2397 3063 2469 γραφῆναι
3105 2396 3238 2467 πρὸς
3269 2396 3414 2466 ὑμᾶς
3438 2396 3631 2461 ἔταξα,
3692 2398 3781 2450 ἵνα

2200 2490 2399 2552 πάντες
2431 2491 2542 2542 ὅσοι
2561 2490 2656 2547 τὴν
2691 2488 2900 2542 σύνοδον
2929 2488 3026 2558 τὴν
3064 2489 3120 2540 ἐν
3149 2487 3307 2558 Τύρῳ
3355 2488 3663 2558 γενομένην
3690 2490 3783 2542 ἀν-

2201 2582 2552 2652 επληρώσατε
2578 2581 2708 2648 (97),
2724 2578 3101 2649 ἀνυπερθέτως
3120 2581 3199 2642 είς
3217 2579 3277 2630 τὸ
3298 2580 3669 2648 στρατόπεδον
3683 2580 3782 2649 τῆς

2203 2673 2343 2742 ἐμῆς
2402 2672 2735 2743 ἡμερότητος
2803 2669 3109 2739 ἐπειχθῆτε,
3180 2673 3291 2732 τοῖς
3350 2670 3535 2741 ἔργοις
3600 2672 3780 2732 αὐτοῖς

2203 2764 2555 2829 ἐπιδείξοντες
2587 2763 2647 2815 τὸ
2678 2764 2775 2833 τῆς
2809 2763 3079 2833 ὑμετέρας
3093 2762 3323 2833 κρίσεως
3352 2762 3597 2834 καθαρόν
3618 2781 3675 2815 τε
3689 2764 3781 2817 καὶ

2203 2854 2573 2925 ἀδιάστροφον·
2602 2853 2687 2907 ἐπ’
2717 2853 2847 2923 ἐμοῦ
2881 2852 3097 2923 δηλαδὴ,
3119 2853 3176 2906 ὃν
3198 2853 3288 2906 τοῦ
3314 2852 3450 2905 Θεοῦ
3488 2850 3629 2906 εἶναι
3653 2856 3781 2924 γνή-

2206 2963 2319 2999 σιον
2354 2945 2657 3016 θεράποντα
2691 2944 2797 2996 οὐδ’
2832 2944 2896 2997 ἂν
2926 2946 3081 3014 ὑμεῖς
3112 2944 3457 3014 ἀρνηθείητε.
3477 2945 3779 3014 Τοιγαροῦν

2203 3036 2291 3091 διὰ
2317 3037 2416 3106 τῆς
2440 3038 2576 3108 ἐμῆς
2608 3037 2743 3106 πρὸς
2773 3036 2903 3089 Θεὸν
2931 3037 3179 3107 λατρείας
3217 3036 3287 3089 τά
3309 3036 3589 3105 πανταχοῦ
3635 3040 3781 3107 είρη-

2206 3128 2441 3192 νεύεται,
2492 3131 2585 3183 καὶ
2635 3128 2743 3181 τῶν
2779 3127 3067 3199 βαρϐάρων
3100 3129 3275 3182 αὐτῶν
3305 3129 3418 3200 (98)
3447 3132 3508 3183 τὸ
3533 3131 3625 3184 τοῦ
3643 3130 3775 3184 Θεοῦ

542 3220 739 3275 sinceri
778 3220 870 3277 Dei
902 3221 1083 3274 famuli
1135 3236 1297 3290 opera
1321 3262 1334 3286 ,
1367 3221 1529 3274 Deum
1564 3231 1893 3288 agnoverunt
1921 3237 1982 3275 ac
2013 3236 2103 3275 c0—

2211 3220 2375 3291 ὗνομα
2422 3222 2657 3291 γνησίως
2684 3220 2900 3289 εὐλογού
2911 3239 3085 3291 μενον,
3112 3222 3159 3274 οἳ
3211 3222 3375 3293 μέχρι
3405 3221 3499 3274 νῦν
3526 3222 3619 3292 τὴν
3648 3223 3776 3292 ἀλή-

543 3310 656 3363 lere
685 3310 993 3363 didicerunt
1020 3324 1037 3363 :
1074 3325 1231 3377 quem
1267 3310 1395 3362 mihi
1425 3308 1621 3376 ubique
1649 3320 2102 3379 propugnatorem

544 3414 685 3463 esse,
721 3400 963 3469 meisque
992 3401 1149 3455 rebus
1185 3400 1467 3470 providere
1495 3416 1683 3469 reapse
1702 3411 1824 3455 sunt
1858 3402 2066 3470 experti
2092 3420 2104 3455 :

543 3491 685 3543 unde
723 3492 788 3544 ad
830 3491 921 3544 Dei
954 3492 1195 3545 notitiam
1224 3493 1489 3545 devenere
1526 3508 1537 3542 :
1577 3505 1735 3558 quem
1778 3491 1855 3545 illi
1884 3491 2102 3559 quidem

544 3592 689 3637 metu
725 3584 893 3637 nostri
925 3594 1275 3648 venerantur,
1305 3600 1399 3639 nos
1449 3592 1623 3638 autem
1657 3585 1747 3653 qui
1781 3593 1965 3637 sancta
1998 3600 2109 3653 my-

545 3675 709 3729 steria
738 3676 1039 3730 clementize
1073 3676 1187 3743 eius
1218 3677 1377 3747 160
1414 3693 1522 3744 pra:
1558 3678 1714 3730 nobis
1762 3677 1901 3730 ferre
1956 3676 2107 3729 vide-

547 3783 687 3825 ntur.
723 3782 1059 3836 nequaquam
1084 3768 1227 3821 enim
1273 3770 1497 3822 dixerim
1538 3768 1833 3832 custodire,
1871 3782 1990 3834 nos,
2028 3768 2108 3822 in-

547 3870 731 3923 quam,
762 3857 892 3909 nihil
928 3858 1136 3926 agimus
1152 3874 1310 3925 quam
1335 3874 1453 3926 qua!
1478 3858 1801 3911 discordiam
1819 3858 2109 3928 odiumque

546 3957 813 4015 spectant,
850 3950 978 4014 imo,
1010 3959 1069 4003 ttt
1118 3952 1357 4019 apertius
1388 3951 1598 4017 loquar,
1648 3966 1767 4018 qua:
1794 3955 1858 4003 ad
1889 3953 2109 4006 humani

548 4038 763 4105 generis
799 4040 1090 4107 perniciem
1117 4053 1363 4110 vergunt.
1400 4041 1633 4107 Verum,
1664 4045 1738 4096 uti
1776 4044 1879 4109 iam
1910 4045 2110 4099 dictum

548 4138 651 4193 est,
689 4140 958 4184 maturate
991 4142 1044 4186 et
1066 4134 1130 4187 ad
1166 4150 1266 4187 nos
1290 4150 1450 4202 quam
1479 4135 1762 4189 celerrime
1784 4148 2069 4205 properate
2095 4151 2110 4189 :

548 4232 873 4292 certumque
916 4224 1170 4280 habetote
1206 4243 1289 4280 me
1326 4238 1435 4280 toto
1473 4228 1665 4280 virium
1721 4237 1911 4281 conatu
1965 4230 2113 4283 nisu-

550 4330 666 4367 rum
699 4356 713 4377 ,
755 4326 813 4369 ut
850 4316 943 4370 illa
994 4319 1329 4387 potissimum
1366 4318 1415 4371 in
1452 4319 1541 4373 Dei
1600 4320 1715 4389 lege
1744 4321 1896 4372 lirma
1928 4328 1981 4374 et
2008 4321 2110 4373 im—

550 4417 692 4460 mota
717 4421 1029 4474 serventur,
1053 4410 1248 4478 quibus
1284 4426 1382 4464 nec
1413 4412 1733 4477 vituperimn
1770 4426 1868 4464 nec
1892 4412 2109 4465 infamia

550 4501 812 4565 quaepiam
850 4500 1019 4568 possit
1058 4500 1359 4555 inbmrere:
1397 4500 1669 4567 dissipatis
1708 4502 1935 4565 scilicet,
1961 4503 2113 4570 peni-

2210 3311 2357 3364 θειαν
2388 3314 2627 3383 ἠγνόουν·
2664 3313 2819 3384 δῆλον
2852 3316 2929 3378 δὲ,
2965 3315 3045 3367 ὅτι
3076 3315 3104 3365 ὁ
3148 3314 3246 3383 τήν
3276 3314 3526 3385 ἀλήθειαν
3564 3313 3771 3382 ἀγνοῶν

2209 3405 2329 3457 οὐδέ
2368 3406 2457 3459 τὸν
2485 3406 2617 3459 Θεὸν
2645 3406 3009 3475 ἐπιγινώσκει.
3060 3406 3203 3476 Πλὴν
3235 3407 3405 3477 ὅμως,
3432 3406 3568 3460 καθά
3589 3405 3775 3477 προεί-

2213 3513 2392 3568 ρηται,
2427 3497 2519 3550 καὶ
2546 3498 2595 3550 οἱ
2627 3497 2888 3569 βάρϐαροι
2946 3496 3061 3560 νῦν,
3088 3496 3153 3549 δι’
3184 3498 3284 3567 ἐμὲ
3317 3498 3408 3550 τὸν
3438 3496 3573 3549 Θεοῦ
3619 3496 3780 3566 θερά-

2214 3606 2383 3642 ποντα
2419 3590 2653 3659 γνὴσιον,
2682 3590 2993 3658 ἐπέγνωσαν
3020 3589 3109 3642 τὸν
3141 3588 3291 3650 Θεὸν,
3324 3590 3417 3641 καὶ
3441 3589 3782 3642 εὐλαϐεῖσθαι

2216 3680 2557 3751 μεμάθηκαν,
2608 3679 2665 3733 ὃν
2718 3680 3103 3749 ὐπερασπίζειν
3174 3697 3273 3749 μου
3328 3680 3440 3749 (99)
3506 3678 3781 3749 πανταχοῦ

2213 3773 2308 3826 καὶ
2332 3772 2669 3843 προνοεῖσθαι
2701 3776 2810 3835 τοῖς
2838 3771 3017 3843 ἔργοις
3045 3772 3224 3834 αὐτοῖς
3248 3770 3494 3840 ᾔσθοντο
3529 3772 3651 3824 ὅθεν
3678 3772 3781 3842 μά-

2213 3862 2366 3914 λιστα
2386 3862 2479 3913 καὶ
2509 3862 2651 3914 ἴσασι
2676 3861 2766 3913 τὸν
2790 3861 2939 3913 Θεὸνσ
2975 3861 3032 3914 ὃν
3056 3863 3247 3914 ἐκεῖνοι
3280 3861 3377 3931 μὲν
3398 3861 3487 3914 διὰ
3528 3863 3619 3915 τὸν
3648 3861 3781 3933 πρὸς

2215 3954 2359 4023 ἡμᾶς
2389 3952 2549 4019 φόϐον
2582 3951 2949 4014 εὐλαϐοῦνται,
3000 3954 3157 4022 ἡμεῖς
3208 3952 3283 4022 (Ι)
3337 3953 3395 4007 δὲ
3445 3955 3497 4006 οἱ
3549 3954 3618 4007 τά
3656 3954 3788 4019 ἆγια

2218 4046 2486 4115 μυστήρια
2513 4045 2611 4114 τῆς
2643 4044 2923 4114 εὐμενείας
2964 4043 3124 4098 αὐτοῦ
3164 4044 3446 4107 δοκοῦντες
3486 4045 3785 4117 προϐάλλε-

2216 4133 2338 4187 σθαι
2363 4134 2441 4201 (οὐ
2457 4133 2563 4203 γάρ
2584 4134 2646 4186 ἂν
2666 4134 2873 4203 εἴποιμι
2893 4133 3233 4203 φυλάττειν),
3257 4136 3615 4205 ἡμεῖς,φημὶ,
3637 4136 3789 4188 οὐδὲν

2216 4224 2528 4295 πράττομεν
2556 4225 2588 4295 ἥ
2622 4224 2688 4277 τὰ
2720 4226 2855 4296 πρὸς
2876 4225 3136 4295 διχόνοιαν
3165 4226 3256 4278 καὶ
3291 4229 3446 4295 μῖσος
3473 4224 3550 4295 (2)
3584 4227 3790 4280 συντεί-

2216 4332 2393 4377 νοντα,
2427 4316 2519 4368 καὶ
2542 4314 2724 4378 ἁπλῶς
2743 4318 2932 4380 εἰπεῖν,
2956 4315 3018 4369 τά
3050 4316 3183 4386 πρὸς
3207 4317 3326 4369 ὅλεθ
3336 4335 3426 4387 ρον
3446 4318 3541 4371 τοῦ
3575 4318 3789 4389 ἀνθρω-

2219 4405 2371 4458 πίνου
2392 4407 2580 4475 γένους
2611 4407 2801 4476 ἐχοντα
2835 4407 2931 4480 τὴν
2964 4408 3261 4476 ἀναφοράν.
3305 4410 3444 4461 Ἀλλ’
3474 4411 3789 4481 ἐπείχθητε,

2220 4496 2363 4550 καθὰ
2410 4498 2748 4569 προείρηται,
2784 4498 2919 4567 πρὸς
2950 4500 3096 4570 ἡμᾶς
3122 4498 3458 4553 σπουδάσατε
3496 4502 3688 4564 πάντες

553 4596 636 4640 tus
663 4590 967 4658 Oppressis,
994 4606 1057 4643 ac
1082 4589 1322 4644 funditus
1355 4591 1544 4644 deletis
1572 4591 1704 4659 legis
1735 4592 1989 4651 inimicis.
2021 4592 2105 4659 qui

2222 4588 2404 4658 τάχος,
2454 4590 2823 4659 πεπεισμένοι,
2858 4590 2934 4653 ὡς
2988 4590 3146 4642 παντὶ
3209 4590 3385 4644 σθένει
3448 4594 3794 4664 κατορθῶσαι

550 4682 732 4748 specie
762 4684 934 4737 sancti
965 4684 1219 4749 nominis,
1245 4683 1569 4753 multiplices
1617 4699 1681 4738 ac
1714 4683 1957 4738 diversas
1987 4699 2113 4754 pro-

553 4770 727 4827 lerunt
751 4774 1142 4844 blasphemias.

626 4969 737 5045 (9_5)
757 4968 1302 5045 Ξοῑοῃιησυνέϐαινε
1326 4974 1382 5026 δέ
1407 4973 1982 5045 μεδοςτοιηνθτοζμε
2010 4984 2131 5045 post

555 5038 638 5114 ἐφ’
667 5039 858 5114 ίίπτῖου,
894 5041 1056 5114 Paulo
1094 5055 1209 5108 post
1246 5038 1422 5106 Socr.,
1447 5043 1585 5113 μετὰ
1627 5043 1784 5114 ίερῶν
1822 5038 2024 5108 τινῶν(
2042 5044 2127 5097 cui

557 5109 774 5181 lectioni
822 5110 965 5164 favet
1013 5113 1341 5180 Epiphanius
1395 5109 1761 5167 scholasticus
1798 5132 1811 5165 :
1855 5131 1972 5166 cum
2012 5116 2128 5181 qui-

557 5180 1200 5253 busdamysacerdotibus.
1237 5183 1454 5239 Sozam.
1494 5198 1621 5237 vero
1661 5194 1716 5238 et
1745 5183 1972 5253 Niceph.
2001 5180 2124 5239 cum

554 5250 870 5323 Athanasio,
906 5251 1041 5323 μετα
1068 5251 1269 5323 ἐτέρων
1302 5253 1482 5308 1τινῶν.

624 5319 736 5389 (96)
778 5319 927 5375 Socr.
942 5360 956 5383 ,
983 5320 1122 5376 ὅθεν.

627 5390 740 5460 (97)
780 5390 912 5464 Reg.
941 5392 1214 5464 et‘Socr.,
1243 5392 2029 5464 ἀνεπληρώσατεκΕόίιίῌνθῐο
2063 5402 2119 5448 et

557 5457 1181 5531 Soz_a)tn.,énlqptbcats.
1200 5463 1338 5515 Infra
1367 5457 1496 5531 Reg.
1514 5464 1676 5517 Basil.
1692 5462 1842 5517 Socr.
1874 5462 2115 5526 Sozom.,

557 5527 1027 5647 ἐπιδείξοντεςξῶ
1061 5533 1133 5584 ita
1177 5527 1478 5602 legendum".
1523 5534 1663 5587 Editi
1706 5531 1976 5595 mendose,
2003 5532 2122 5583 ἐπι-

589 5614 844 5647 Ξιεαντες-

589 5614 610 5647 ε
620 5614 845 5662 ιςαντες.

633 5667 744 5736 (98)
782 5671 1078 5740 δοριξνκαὶ
1126 5670 1245 5725 ὐπὸῒ
1274 5671 1381 5723 τῶν
1435 5670 1721 5740 βαρϐάρων
1777 5670 2128 5740 aestimem.

565 5735 778 5810 ﬁmum:
811 5748 865 5791 et
903 5738 1122 5806 Niccph.
1142 5779 1154 5802 ,
1187 5743 1281 5793 καὶ
1309 5740 1417 5792 τῶν
1436 5735 1729 5810 βαρϐάρων
1746 5740 1923 5792 αὐτῶν
1949 5738 2009 5792 τό
2034 5738 2128 5791 τοῦ

564 5804 706 5878 Θεοῦ.
747 5805 917 5877 δνομα
967 5804 1201 5878 γνησίως
1254 5804 1634 5876 εὐλογοῦντωνξ
1690 5808 1921 5877 Utraque
1973 5810 2130 5863 lectio

567 5874 853 5941 quadrat,
897 5874 1258 5933 Athanasiana
1322 5874 1445 5935 vero
1496 5879 1675 5934 vitiata
1735 5874 1961 5948 videtur,
2005 5879 2133 5935 licet

2223 4682 2573 4752 πειράσομαι,
2603 4683 2749 4745 ὅπως
2771 4685 2826 4735 ἐν
2855 4682 2933 4753 τῷ
2966 4682 3112 4753 νόμῳ
3140 4682 3275 4736 Θεοῦ
3295 4683 3467 4737 ταῦτα
3501 4684 3794 4756 ἐξαιρέτως

2221 4774 2531 4828 ἀδιάπτωτα
2546 4773 2897 4845 φυλάττηται,
2918 4770 2995 4839 οἷς
3013 4774 3130 4828 οὐτε
3156 4772 3345 4843 ψόγος,
3368 4774 3493 4830 οὔτε
3511 4775 3796 4841 κακοδοξία

2231 4976 2417 5031 eadem
2454 4976 2507 5031 in
2536 4978 2785 5043 omnibus
2814 4977 2975 5031 editis
2996 4985 3049 5030 et
3079 4992 3208 5033 mss.
3234 4988 3431 5033 exstet.
3462 4977 3797 5045 Epiphanius

2233 5046 2501 5099 Scholast.
2531 5047 2871 5117 totnmihunc
2909 5047 3082 5101 locum
3114 5048 3193 5102 sic
3236 5048 3397 5103 habet
3428 5067 3440 5103 :
3477 5047 3646 5117 Igitur
3673 5046 3797 5099 ubi-

2229 5133 2329 5183 que
2352 5118 2659 5185 paciﬁcatur
2692 5116 2786 5169 Dei
2818 5133 3023 5181 nomen,
3051 5128 3097 5169 et
3129 5118 3325 5185 integre
3353 5116 3672 5172 bened’icitur
3697 5132 3798 5181 per

2229 5202 2397 5238 meam
2428 5188 2480 5239 in
2510 5187 2617 5239 Deo
2654 5188 2914 5239 culturam
2960 5188 3116 5239 etiam
3150 5187 3288 5253 apud
3337 5189 3477 5256 ipso:
3520 5189 3794 5248 barbaros,

2227 5258 2320 5320 qui
2350 5256 2610 5309 veritatem
2645 5257 2893 5308 hactenus
2922 5256 3251 5321 ignorabant.

2302 5325 2563 5397 (99)_Sic_
2582 5324 2712 5394 Reg.
2746 5325 2900 5397 Sper.
2930 5335 2983 5397 et
3014 5325 3137 5397 8oz.
3171 5326 3332 5397 Editi,
3366 5343 3456 5397 με,
3484 5324 3762 5397 mendose.

2300 5396 2377 5464 (l)
2416 5395 2743 5463 Epiphanius
2788 5394 3053 5447 Scholast.
3081 5396 3237 5464 ὑμεῖς
3272 5394 3419 5459 legit,
3452 5396 3605 5448 habet
3641 5394 3795 5464 enim

2223 5462 2330 5519 vos.
2378 5466 2494 5519 Mor
2520 5462 2719 5528 δορα,
2743 5465 3013 5535 μυστήρια
3050 5462 3147 5535 τῆς
3188 5465 3530 5535 Ἐκκλησίας,
3565 5464 3649 5535 sed
3687 5462 3798 5531 τῆς

2231 5535 2513 5605 εὐμενείας
2558 5532 2753 5604 legitur
2806 5534 2858 5586 in
2906 5532 3157 5605 omnibus
3204 5532 3482 5605 Athanasii
3531 5532 3691 5605 editis
3738 5542 3803 5584 et

2236 5599 2390 5675 mss"
2428 5616 2486 5661 ut
2533 5599 2671 5674 apud
2718 5605 2941 5675 Sozaet
2988 5602 3212 5675 Niceph.
3246 5604 3576 5675 Epiphanius
3620 5599 3813 5654 etiam

2233 5673 2595 5729 Scholasticus
2624 5676 2805 5737 habet,
2831 5673 3123 5728 clementia.

2301 5744 2377 5812 (Ξ)
2416 5744 2576 5814 Editi,
2604 5745 2789 5814 μῦσος.
2820 5743 2975 5814 Reg.,
2996 5741 3227 5814 secunda
3247 5757 3430 5810 manu,
3452 5744 3619 5814 μῖσος,
3635 5746 3693 5793 et
3710 5737 3804 5793 sic

2234 5811 2387 5871 Socr.
2417 5824 2473 5869 et
2500 5811 2718 5885 Niceph.
2747 5813 2939 5884 Epiph.
2972 5811 3157 5869 Schol.
3185 5814 3330 5868 odia.
