3978 6512
481 450 587 504 407

1048 445 1104 501 S.
1147 442 1518 499 ATHANASII
1558 442 1710 499 OPP.
1752 442 1934 498 PARS
1983 441 2026 498 Ι.
2065 473 2136 484 --
2173 441 2543 498 HISTORICA
2580 441 2669 497 ET
2710 440 3130 498 DOGMATICA.

3628 450 3731 519 tos

486 568 682 635 imago,
720 572 773 618 et
823 570 957 617 tanti
1000 561 1099 615 viri
1136 562 1343 630 species
1381 575 1476 614 nos
1512 559 1679 614 movit
1708 568 1869 629 atque
1910 574 2082 634 con-3

2190 560 2270 622 >ὖς
2308 559 2383 631 (9)
2416 559 2703 631 τετύχηκε,
2726 558 3021 629 γνώσεσθε.
3074 562 3147 615 Οὐ
3188 561 3298 634 γὰρ
3341 562 3656 635 θαυμαστὸν
3686 567 3736 619 εί

483 660 693 714 citavit.
739 657 931 710 Divina
969 657 1122 726 161
1155 654 1491 725 providentia
1514 670 1610 709 vos
1637 664 1843 721 servet,
1868 651 2049 708 dilecti

484 754 696 807 fratres.
724 751 915 806 Datum
941 750 1202 816 Treviris,
1223 750 1432 805 decimo
1454 748 1643 818 quinto
1678 746 1931 803 calendas
1953 743 2047 799 Ju-

2151 668 2205 703 τι
2246 650 2290 702 δ’
2340 650 2405 703 ἂν
2450 650 2590 723 ὑπὲρ
2638 650 2803 704 αὑτοῦ
2856 654 3148 724 πεποίηκα·
3193 654 3433 726 καὶγὰρ
3471 656 3732 728 τὴνοέμὴν

2151 742 2327 812 ψυχὴν
2372 742 2407 812 ἦ
2455 760 2514 795 τε
2550 742 2645 796 τοῦ
2688 743 2951 815 ὑμετέρου
2992 745 3156 798 πόθου
3207 746 3370 799 εἰκὼν
3398 747 3497 798 καὶ
3526 746 3590 799 τὸ
3643 748 3732 801 τοῦ

2152 831 2469 903 τηλικούτου
2512 832 2699 903 ἀνδρὸς
2734 837 2915 905 σχῆμα
2966 837 3043 899 είς
3066 835 3225 889 τοῦτο
3257 836 3425 889 ἐκίνει
3457 837 3555 889 καὶ
3605 854 3735 907 προ-

486 938 736 1009 έτρεπεν.
797 938 862 990 Ἥ
922 935 1041 989 θεία
1093 934 1317 1009 πρόνοια
1384 934 1529 1005 ὑμᾶς
1591 932 1909 1004 διαφυλάξαι
1958 929 2093 1001 (10),
2132 927 2399 999 ἀγαπητοὶ
2450 928 2685 998 ἀδελφοί.
2732 929 2913 1001 Ἐδόθη
2952 930 3055 1001 πρὸ
3116 931 3417 984 δεκαπέντε
3457 931 3736 988 καλανδῶν

498 1031 730 1085 Ἰουλίων
768 1034 825 1085 ἐν
859 1030 1142 1101 Τριὸἑροις
1173 1029 1306 1101 (il).

558 1123 647 1179 88.
695 1123 827 1178 Cum
866 1123 1028 1193 igitur
1077 1122 1177 1176 hac
1225 1123 1291 1175 de
1339 1136 1501 1177 causa
1545 1120 1599 1175 in
1654 1120 1853 1177 Gallias
1884 1120 2053 1175 simus

489 1215 746 1282 relegati,
780 1214 1024 1282 quisnam
1063 1212 1410 1280 imperatoris
1440 1212 1798 1282 propositum.
1822 1212 2055 1281 sangui—

492 1306 817 1372 nariumque
864 1303 1297 1359 Eusebianorum
1335 1304 1574 1359 animum
1627 1304 1754 1359 hinc
1801 1318 1905 1357 non
1941 1303 2055 1357 ani-

492 1397 788 1451 madvertat
816 1396 840 1450 ?
868 1396 989 1465 quis
1031 1411 1134 1449 non
1185 1395 1369 1450 videat
1423 1395 1803 1464 imperatorem
1837 1395 1962 1450 illud
1991 1409 2058 1449 eo

491 1488 687 1557 egisse,
719 1498 777 1541 ut
812 1502 880 1542 ne
913 1487 1171 1555 majorem
1223 1487 1297 1541 illi
1346 1488 1398 1541 in
1449 1502 1547 1542 nos
1586 1487 1881 1542 conﬂarent
1927 1502 2058 1541 con-

493 1574 844 1640 spirationem
865 1574 888 1626 ?
913 1572 1048 1628 Nam
1077 1574 1304 1644 simplici
1340 1575 1522 1629 animo
1552 1591 1737 1629 aurem
1783 1575 1888 1629 illis
1920 1590 2059 1645 pra:-

494 1661 633 1716 buit.
679 1663 789 1717 lloc
824 1664 925 1718 fuit
955 1666 1386 1720 Eusebianorum
1429 1682 1562 1736 opus
1598 1683 1614 1722 :
1666 1667 1778 1722 haec
1802 1669 1917 1737 ipsa
1948 1682 2058 1722 sua:

496 1752 553 1807 in
604 1770 700 1809 nos
762 1756 1183 1826 conspiratiOnis
1228 1756 1524 1811 molimina.
1570 1758 1701 1823 Quis
1729 1759 1843 1812 haec
1869 1759 2061 1814 adver-

496 1852 619 1898 tens
652 1859 756 1898 non
800 1846 1031 1899 fateatur
1062 1846 1262 1899 nullam
1296 1846 1681 1916 indulgentiam
1712 1857 1803 1901 aut
1833 1849 2061 1918 gratiam

499 1933 553 1986 in
579 1948 741 1989 causa
778 1943 956 1989 nostra
994 1936 1171 1989 locum
1198 1938 1468 2000 habuisse,
1508 1940 1602 1992 sed
1633 1938 1757 2008 jure
1782 1949 1836 1993 et
1870 1942 2065 1995 merito

500 2035 705 2079 tantam
730 2028 1107 2096 episcoporum
1144 2030 1355 2083 turbam
1397 2039 1452 2084 et
1492 2030 1742 2099 privatim
1800 2032 2062 2100 singulos,

499 2127 555 2171 et
578 2128 935 2188 congregatos
986 2121 1112 2173 talia
1146 2122 1199 2173 in
1237 2133 1475 2175 nostram
1531 2123 1898 2179 defensionem
1938 2139 2067 2178 con-

507 2210 832 2275 scripsisse,
906 2211 1357 2282 inimicorumque
1425 2215 1831 2283 sycophantiam
1912 2215 2067 2269 dam-

501 2303 709 2357 nasse?
740 2302 871 2370 Quis
920 2306 1231 2373 conspectis
1279 2304 1583 2372 hnjnsmodi
1627 2306 1787 2358 rebus
1837 2320 1943 2359 non
1991 2304 2070 2357 fa-

2223 1111 2312 1166 88.
2345 1107 2563 1175 Ταύτης
2591 1108 2690 1179 τῆς
2723 1107 2899 1173 αἰτίας
2943 1108 3126 1180 οὔσης,
3154 1109 3225 1163 δι’
3255 1110 3320 1181 ἢν
3348 1110 3738 1183 ἀπεστάλημεν

2154 1207 2233 1269 είς
2264 1203 2363 1266 τὰς
2386 1201 2634 1265 Γαλλίας,
2686 1202 2770 1265 τίς
2826 1201 2984 1255 πάλιν
3023 1203 3082 1255 οὺ
3118 1205 3322 1274 συνορᾷ
3360 1204 3459 1274 τὴν
3492 1205 3594 1275 μὲν
3648 1205 3737 1257 τοῦ

2160 1296 2422 1369 βασιλέως
2448 1293 2787 1366 προαίρεσιν,
2830 1294 2928 1364 τὴν
2956 1293 3011 1346 δὲ
3043 1293 3150 1347 τῶν
3176 1296 3303 1365 περὶ
3354 1295 3621 1348 Εὐσέϐιον
3645 1313 3737 1364 φο-

2160 1388 2316 1458 νικὴν
2338 1385 2512 1457 ψυχὴν
2532 1424 2546 1447 ,
2592 1385 2686 1437 καὶ
2725 1385 2806 1438 ὅτι
2840 1385 2994 1437 τοῦτο
3026 1386 3293 1456 πεποίηκε
3349 1385 3628 1456 βασιλεὺς,
3657 1387 3740 1438 ἵνα

2162 1481 2235 1551 μή
2266 1496 2385 1531 τινα
2403 1476 2621 1549 μείζονα
2643 1476 2838 1548 σκευὴν
2857 1476 3245 1546 βουλεύσωνται
3265 1497 3277 1537 ;
3297 1478 3607 1549 Ἐπήκουσε
3636 1478 3740 1548 γὰρ

2161 1571 2380 1634 ἁπλῶς’
2408 1568 2559 1639 Αὕτη
2607 1568 2716 1621 τῶν
2769 1568 2896 1640 περὶ
2945 1569 3200 1623 Εὑσέϐιον
3246 1572 3279 1641 ἡ
3335 1572 3562 1641 πρᾶξις,
3603 1570 3737 1641 αὕτη

2159 1664 2260 1733 τῆς
2292 1662 2411 1717 καθ’
2444 1661 2601 1734 ἡμῶν
2639 1660 2904 1729 ωσκευῆς
2954 1664 2986 1732 ἠ
3021 1663 3255 1733 μηχανή.
3281 1662 3376 1726 Τίς
3410 1662 3589 1716 ταῦτα
3623 1679 3739 1714 συν-

2161 1756 2301 1827 ορῶν
2356 1755 2455 1808 οὐκ
2505 1752 2569 1807 ἂν
2620 1755 2761 1807 εἴποι
2807 1753 2968 1825 μηδὲν
2998 1753 3137 1807 κατὰ
3176 1754 3336 1825 χάριν
3385 1754 3531 1825 ὑπὲρ
3586 1754 3739 1825 ἡμῶν

2164 1846 2510 1917 γεγενῆσθαι,
2567 1846 2680 1901 ἀλλ’
2740 1848 2820 1900 ὃτι
2869 1844 3091 1909 δικαίως
3159 1846 3254 1899 καὶ
3309 1844 3627 1908 ἀκολούθως
3681 1845 3740 1899 τὸ

2163 1936 2413 1989 τοσοῦτον
2448 1936 2648 2007 πλῆθος
2677 1936 2783 1988 τῶν
2815 1936 3126 1989 ἐπισκόπων
3176 1936 3270 1988 καὶ
3307 1935 3416 2005 ἰδίᾳ
3444 1936 3541 1988 καὶ
3590 1939 3740 2007 κοινῇ

2164 2026 2388 2081 τοιαῦτα
2425 2028 2519 2097 μὲν
2544 2028 2684 2099 ὑπὲρ
2713 2029 2864 2099 ἡμῶν
2885 2028 3109 2100 ἔγραψε,
3137 2028 3239 2097 τῆς
3268 2028 3327 2081 δὲ
3375 2028 3742 2096 συκοφαντίας

2166 2120 2272 2173 τῶν
2302 2118 2507 2190 ἐχθρῶν
2528 2120 2873 2188 κατέγνωσαν
2902 2138 2915 2185 ;
2947 2122 3041 2184 Τίς
3064 2121 3131 2173 τὰ
3160 2120 3387 2173 τοιαῦτα
3422 2120 3519 2172 καὶ
3547 2118 3741 2172 τοσαῦ-

2168 2230 2235 2265 τα
2288 2212 2396 2282 (12)
2427 2212 2708 2284 θεωρήσας
2732 2213 2831 2264 οὐκ
2866 2212 2931 2265 ἂν
2970 2212 3135 2276 εἴποι,
3164 2212 3244 2264 ὅτι
3280 2212 3375 2264 καὶ
3408 2211 3629 2281 Οὐάλης
3655 2211 3745 2263 καὶ

2171 2298 2472 2367 Οὐρσάκιος
2516 2298 2737 2361 εἰκότως
2785 2298 3130 2367 κατέγνωσαν
3182 2298 3412 2361 ἑαυτῶν,
3450 2301 3550 2352 καὶ
3588 2317 3746 2369 μετα-

503 2402 683 2447 teatur
722 2394 1001 2449 Valentem
1036 2406 1091 2450 et
1118 2396 1401 2451 Ursacium
1429 2396 1553 2463 jure
1580 2411 1703 2451 sese
1732 2412 1851 2451 reos
1888 2396 2070 2450 decla-

2190 2386 2531 2457 γινώσκοντες
2568 2390 2790 2443 τοιαῦτα
2834 2390 2955 2442 καθ’
2989 2381 3193 2442 ἑαυτῶν
3220 2389 3491 2459 ἔγραψαν,
3549 2388 3746 2459 μᾶλλον

505 2500 678 2549 rasse,
711 2502 775 2540 ac
817 2488 1223 2555 resipiscentes,
1252 2488 1514 2553 ejusmodi
1548 2488 1758 2542 litteras
1786 2488 2070 2541 adversum

506 2590 565 2631 se
594 2578 1003 2648 conscripsisse,
1036 2581 1179 2649 quod
1213 2578 1841 2649 mallentaliquantisper
1869 2581 2073 2649 pudore

507 2665 741 2719 sullundi
773 2684 931 2735 quam
965 2680 1227 2722 aeternum
1262 2670 1720 2740 sycophantarum
1751 2669 2071 2739 supplicium

506 2754 653 2810 luere
673 2758 696 2810 ?

580 2850 668 2904 89.
720 2849 923 2905 Idcirco
968 2862 1113 2907 recte
1163 2862 1218 2906 et
1257 2852 1409 2921 juxta
1475 2851 1869 2907 ecclesiasticas
1927 2852 2075 2922 leges

510 2942 655 2995 beati
684 2944 1045 2997 comminiStri
1087 2946 1284 3009 nostri,
1312 2961 1433 2999 cum
1460 2946 1696 2999 nonnulli
1738 2947 1928 3000 dubias
1956 2962 2075 3001 esse

511 3050 601 3089 res
631 3046 842 3090 nostras
874 3036 1229 3101 afﬁrmarent,
1286 3038 1699 3106 niterenturque
1745 3039 1944 3108 judicia
1977 3054 2076 3108 pro

511 3128 669 3182 nobis
698 3128 804 3181 lata
854 3127 1140 3198 abrogare,
1185 3145 1458 3184 aerumnas
1491 3131 1762 3199 quaslibet
1788 3133 2073 3199 sustinere,

512 3222 565 3276 in
620 3221 982 3289 exsiliumque
1032 3221 1157 3290 pelli
1200 3221 1528 3289 maluerunt,
1567 3237 1731 3292 quam
1778 3231 1855 3277 tot
1906 3232 2079 3278 tanto-

2179 2477 2417 2548 ἑλόμενοι
2466 2478 2601 2550 πρὸς
2638 2479 2813 2546 ὀλίγον
2867 2478 3235 2549 αἰσχυνθῆναι,
3283 2480 3316 2549 ἢ
3358 2478 3599 2543 αίωνίως
3654 2476 3746 2549 τὴν

2176 2568 2283 2621 τῶν
2318 2569 2663 2638 συκοφαντῶν
2688 2571 2969 2641 ὑπομεῖναι
2996 2570 3260 2641 τιμωρίαν
3296 2571 3445 2641 (15);

2251 2858 2336 2912 89.
2389 2858 2486 2911 Διὰ
2512 2876 2665 2911 τουτο
2713 2858 2821 2931 γὰρ
2869 2858 3089 2924 δικαίως
3140 2860 3235 2914 καὶ
3277 2859 3753 2931 ἐκκλησιαστιώ

2181 2952 2457 3015 ποιοῦντες
2486 2954 2577 3005 καὶ
2598 2953 2646 3005 oi
2670 2953 2924 3025 μακάριοι
2950 2953 3342 3026 συλλειτουργοὶ
3363 2955 3546 3026 ἡμῶν,
3569 2954 3751 3025 ἐπειδὴ

2180 3061 2325 3106 τινες
2374 3044 2649 3114 ἀμφίὸολα
2696 3044 2762 3097 τά
2797 3044 2915 3098 καθ’
2948 3047 3093 3116 ἡμᾶς
3148 3045 3354 3113 ἔλεγον,
3384 3047 3482 3099 καὶ
3516 3045 3753 3117 ἀκυροῦν

2184 3133 2461 3199 ἐϐιάζοντο
2516 3135 2583 3189 τὰ
2636 3136 2777 3207 ὑπὲρ
2821 3136 2975 3207 ἡμῶν
3016 3136 3293 3207 κριθέντα,
3347 3138 3529 3191 πάντα
3562 3138 3757 3192 παθεῖν

2184 3226 2479 3298 ὑπέμειναν
2510 3227 2623 3293 νῦν,
2658 3229 2750 3282 καὶ
2779 3228 3118 3301 ἐξορισθῆναι
3148 3229 3371 3294 εἴλοντο,
3406 3230 3439 3301 ἢ
3486 3230 3752 3301 λυομένας

696 3380 987 3452 δραι-,ΞΜ
1008 3380 1239 3445 Theod.,
1264 3379 1404 3452 τύχῃ
1432 3379 1767 3451 προσόψεως,
1792 3381 1922 3450 ὅσης
1946 3380 2076 3450 παρ’
2105 3382 2147 3439 C
2179 3380 2317 3435 cisse

512 3448 643 3520 ἃμοῦ
674 3450 876 3515 αἰδοῦς.

586 3522 865 3639 ἓξὲὲιιιυε.
899 3523 1237 3592 διαφυλάξει.
1276 3522 1430 3578 Socr.
1464 3522 1685 3575 Sozam.
1713 3519 2083 3583 Theod.,8ta-

556 3608 756 3655 UAG§OL

513 3606 934 3734 iuffléfziflﬁéoq
971 3665 1076 3734 πρὸ
1110 3662 1404 3734 δεκαπέντε
1434 3660 1708 3734 καλανδῶν
1753 3659 1987 3734 Ἰουλίων
2025 3662 2083 3734 ἐν

514 3731 823 3798 Τριόἐροις⁸
879 3731 1069 3787 Datum
1118 3733 1340 3786 Treviris
1376 3750 1443 3787 xv
1486 3733 1731 3785 calendas
1779 3731 1975 3795 Julias,
2029 3731 2084 3785 id

526 3750 678 3798 ιριοε
721 3750 823 3795 οιςι
879 3750 1069 3787 autum
1122 3750 1340 3786 trevim
1376 3750 1443 3787 xv
1486 3750 1731 3785 cateuaas
1779 3750 1975 3795 .ruuas,
2030 3750 2084 3785 tu

514 3812 621 3870 est.
655 3750 721 3855 lg
754 3801 919 3855 Junii.
959 3808 1029 3857 lic
1057 3819 1196 3855 anno
1213 3815 1389 3855 autem
1426 3804 1699 3870 disputant
1730 3804 2085 3855 recentiores.

517 3868 762 3925 Valesius
800 3873 924 3935 557,
962 3875 1050 3927 alii
1086 3888 1211 3926 vero
1236 3868 1550 3939 sequentem
1590 3871 1866 3938 assignant
1897 3889 1909 3924 :
1942 3871 2086 3924 litem

517 3943 793 3995 resolvunt
847 3944 1178 3995 Athanasius
1218 3953 1273 3995 et
1325 3943 1719 3995 Theodoretns.
1749 3942 1843 3992 Ille
1876 3943 1926 3993 in
1961 3940 2089 4004 Epi-

516 4012 652 4063 stola
687 4016 752 4064 ad
779 4014 922 4064 salit.
947 4014 1103 4078 paulo
1126 4024 1243 4075 post
1268 4014 1476 4064 initium
1497 4026 1511 4063 :
1532 4010 1718 4063 Ταῦτα
1738 4010 2089 4081 συνορῶντες,

517 4080 614 4141 ait,
657 4084 889 4151 οίντρεῖς
928 4083 1170 4149 ἀδελφοὶ,
1225 4080 2093 4151 Κωνσταντῖνος,Κωνστάντιος,

517 4151 613 4200 καὶ
643 4150 928 4216 Κώνστας.
980 4153 1242 4222 ἐποίησαν
1287 4152 1493 4214 πάντας

521 4651 609 4710 tes
648 4644 856 4710 quidem
900 4646 963 4696 de
1006 4646 1227 4708 singulis
1285 4647 1352 4695 at!
1407 4638 1647 4708 proprias
1692 4638 2099 4710 Ecclesias,rdre

522 4708 812 4765 Athanasio
845 4725 1020 4766 autem
1056 4718 1285 4767 adhunc
1318 4716 1551 4766 modum.
1580 4713 1709 4765 Post
1736 4712 1847 4763 hate
1882 4709 2100 4776 subjici-

524 4788 613 4851 tur
646 4782 857 4835 initium
892 4784 1131 4849 epistola.-
1153 4785 1493 4837 Cotistantini
1521 4781 1775 4851 junioris.
1806 4780 1941 4851 llinc
1968 4794 2098 4834 sane

524 4848 692 4913 liquet
747 4866 811 4903 ex
872 4848 1032 4906 trium
1082 4854 1306 4905 fratrum
1359 4848 1625 4906 consensu
1667 4849 1881 4904 exsules
1913 4862 2100 4903 omnes

528 4930 814 4973 revocatos
847 4922 1015 4976 fuisse
1042 4939 1056 4986 ;
1093 4933 1252 4988 atque
1280 4922 1416 4976 adeo
1452 4938 1554 4973 non
1587 4935 1729 4974 anno
1761 4919 1860 4972 557
1894 4919 1985 4974 sed
2016 4932 2097 4971 se-

528 4998 755 5052 quente,
808 4990 877 5044 l7
927 4989 1070 5046 Junii
1127 4987 1378 5057 scriptam
1431 4992 1595 5045 fuisse
1623 4991 1760 5043 hanc
1793 4987 2097 5056 epistolam,

528 5058 996 5128 Athanasiutnque
1018 5078 1081 5115 ex
1121 5062 1306 5114 Galliis
1342 5062 1585 5116 rediisse.
1619 5061 1749 5113 Cum
1785 5060 1926 5112 enim
1959 5074 2100 5110 anno

529 5127 633 5181 557
686 5127 806 5182 Maii
866 5127 1123 5184 vicesima
1175 5134 1407 5184 secunda
1457 5130 1843 5185 Constantinus
1879 5129 2097 5191 obierit,

529 5200 620 5271 vi);
652 5199 729 5271 17
744 5198 889 5271 Junii
919 5201 1160 5267 ejusdem
1190 5201 1315 5271 armi
1354 5202 1598 5253 nuntium
1628 5200 1808 5271 obitus
1831 5198 2099 5252 Constan-

532 5267 752 5337 tinopoli
788 5270 1041 5323 Treviros
1068 5270 1376 5337 pervenisse
1400 5271 1673 5324 credatur.
1704 5267 1812 5322 Nec
1845 5277 1951 5320 tam
1981 5282 2098 5319 rno-

531 5340 650 5393 dico
713 5344 973 5408 temporis
1029 5339 1331 5404 intervallo,
1386 5342 1579 5394 fratres
1646 5338 1890 5393 C:esares
1950 5347 2100 5390 tanto

533 5409 728 5463 itinere
781 5407 1058 5478 disjuncti,
1108 5426 1170 5464 ac
1224 5421 1329 5461 tam
1379 5411 1632 5479 gravibus
1675 5408 1810 5461 alias
1868 5407 2099 5476 negotiis

536 5479 815 5548 implicati,
860 5482 1129 5534 communi
1170 5494 1435 5533 cameris-tt
1469 5481 1698 5548 exsules,
1734 5492 1990 5531 revocare
2038 5492 2100 5548 ac

534 5546 743 5604 litteras
771 5551 1048 5607 exsulibus
1075 5552 1287 5604 tradere
1330 5558 1635 5618 potuerunt.
1673 5547 1800 5613 Quae
1837 5546 2099 5618 sententia

536 5620 864 5676 validissime
896 5623 1139 5674 lirmatur
1164 5616 1485 5674 Theodoreti
1517 5618 1823 5672 testimonio
1844 5617 1933 5685 qui
1967 5616 2001 5669 Ι.
2037 5630 2095 5679 It,

538 5698 585 5737 c.
625 5689 675 5750 l,
718 5692 793 5744 ait
822 5692 1175 5745 Athanasium
1233 5691 1449 5744 biennio
1502 5699 1556 5741 et
1607 5698 1839 5756 quatuor
1891 5702 2100 5739 menses

539 5756 779 5813 Treviris
810 5772 1225 5816 commoratum.
1253 5760 1388 5813 Cum
1421 5760 1562 5813 enim
1592 5758 1915 5810 Athanasius
1946 5756 2100 5809 initio

541 5828 667 5878 anni
708 5829 812 5881 556
838 5832 1091 5883 Treviros
1138 5831 1440 5892 advenerit,
1475 5844 1579 5881 non
1616 5828 1783 5892 potuit
1825 5826 1926 5878 nisi
1959 5842 2100 5878 anno

539 5895 643 5953 558
678 5900 813 5955 duos
867 5916 1035 5954 annos
1072 5911 1126 5954 ct
1160 5912 1391 5966 quatuor
1445 5912 1657 5952 mcnscs
1698 5897 1897 5951 ibidcnt
1922 5898 2099 5952 confe-

1555 4150 1691 4220 μετὰ
1737 4150 1963 4203 θάνατον
2009 4149 2103 4202 τοῦ

518 4223 726 4284 πατρὸς
756 4223 1069 4276 ἐπανελθεῖν
1112 4226 1191 4287 εἰς
1220 4222 1316 4291 τὴν
1347 4222 1579 4292 πατρίδα
1624 4222 1717 4273 καὶ
1737 4221 1847 4292 τὴν
1888 4221 2110 4290 Ἐκκλη-

521 4308 672 4344 ν-υυο
712 4293 1022 4362 γράψαντες
1056 4295 1185 4364 περὶ
1224 4294 1320 4361 μὲν
1366 4291 1471 4344 τῶν
1498 4292 1672 4344 ἄλλων
1691 4291 1817 4364 ῌίδίᾳ
1842 4293 1918 4364 τῇ
1974 4292 2104 4343 ἑκά-

521 4377 645 4413 στου
679 4360 973 4435 Ἐκκλησία
994 4382 1005 4392 ·
1029 4360 1158 4436 περὶ
1182 4360 1239 4417 δέ
1278 4364 1592 4436 Ἀθανᾼασίου
1615 4361 1805 4436 ταῦτα.
1836 4360 1961 4436 a'c
1988 4376 2103 4413 cum

520 4428 998 4503 animadverterent
1028 4428 1133 4487 (res
1158 4437 1373 4503 fratres,
1409 4432 1809 4492 Constantinus,
1844 4428 2101 4503 constan-

521 4502 625 4554 tius
671 4514 718 4555 et
761 4502 1045 4565 Constans,
1082 4501 1193 4571 potu
1241 4506 1406 4571 patris
1431 4504 1652 4565 obitum,
1684 4518 1859 4553 omnes
1897 4501 1953 4553 in
1990 4517 2099 4571 pa-

521 4572 679 4623 triam
708 4584 755 4624 et
797 4569 1089 4627 Ecclesium
1130 4569 1279 4627 suam
1306 4573 1486 4627 reverti
1516 4576 1835 4641 jusserunt:
1876 4569 2105 4641 scriben-

2259 3452 2371 3515 (ιε)
2411 3455 2520 3507 Καὶ
2564 3453 2800 3508 τοσαῦτα
2845 3454 2997 3508 deest
3040 3455 3092 3509 in
3133 3456 3262 3508 edit.
3317 3455 3522 3519 Paris.,
3568 3454 3661 3509 sed
3698 3455 3755 3507 in

2188 3520 2313 3592 edit.
2333 3522 2585 3575 Cornute].
2605 3535 2657 3576 et
2676 3526 2725 3576 in
2747 3540 2873 3577 mss.
2898 3526 3109 3592 legitur.
3133 3525 3293 3577 Paulo
3310 3538 3431 3590 post
3449 3527 3608 3592 Reg,
3629 3542 3755 3578 κατ-

2189 3590 2428 3659 έγνωσαν
2452 3593 2674 3645 ἑαυτῶν.
2707 3594 2865 3658 Editi,
2899 3590 3247 3661 κατέγνωσαν
3277 3596 3481 3649 αὐτῶν.

2261 3663 2371 3731 (15)
2400 3663 2512 3736 His,
2548 3664 2580 3733 ἢ
2615 3664 2848 3727 αἱωνίως
2868 3664 2963 3734 τὴν
2991 3666 3098 3718 τῶν
3142 3666 3495 3734 συκοφαντῶν
3534 3665 3760 3736 ὑπομεῖ-

2193 3750 2281 3805 ναι
2311 3734 2599 3803 τιμωρίαν,
2640 3736 2954 3787 terminatur
2997 3739 3233 3789 secumta
3279 3751 3407 3805 pars
3461 3734 3753 3803 Apologim.

2198 3802 2472 3871 Siquidem
2520 3812 2805 3869 antequam
2838 3805 2981 3857 illam
3018 3802 3293 3869 ordiatur,
3316 3807 3393 3858 ait
3427 3802 3757 3860 Athanasius

2198 3890 2347 3926 num.
2378 3871 2447 3943 58
2500 3887 2558 3925 se
2591 3873 2731 3924 illam
2770 3872 2891 3926 ideo
2936 3876 3346 3940 conScripsisse,
3379 3884 3439 3928 ut
3476 3876 3654 3943 palam
3689 3876 3757 3927 fa-

2196 3942 2648 4027 ceretfpiscopos
2691 3958 2793 3994 non
2820 3944 2987 4025 gratia
3017 3947 3270 4013 quadam,
3304 3946 3395 4000 sed
3411 3944 3544 4027 jure
3573 3957 3629 3998 et
3659 3961 3763 3997 me-

2199 4014 2299 4066 rito
2351 4012 2560 4065 litteras
2607 4013 2926 4067 innocentiae
2965 4012 3074 4067 sua:
3117 4026 3281 4068 testes
3324 4012 3661 4083 scripsisse:
3707 4026 3761 4067 nt

2211 4083 2336 4135 item
2381 4084 2685 4135 ostenderet
2745 4083 3019 4137 Ursacinm
3059 4093 3112 4139 et
3155 4083 3435 4137 Valentem
3476 4088 3759 4138 veritatem

2210 4168 2327 4205 esse
2355 4152 2645 4206 confessos.
2678 4152 3034 4217 Quamobrem
3064 4154 3367 4223 Apologiam
3400 4154 3664 4207 claudens
3693 4155 3763 4207 ait

2211 4237 2268 4274 se
2301 4232 2586 4288 utrumque
2616 4225 2949 4290 exploratum
2980 4224 3190 4288 fecisse,
3238 4225 3523 4291 episeopos
3559 4226 3763 4279 Scilicet

2204 4293 2411 4362 jureget
2444 4296 2655 4351 merito.
2691 4302 2743 4344 et
2774 4308 2877 4345 non
2925 4295 3093 4359 gratia
3140 4296 3367 4361 quadam
3401 4310 3501 4362 pro
3538 4311 3636 4347 sua
3669 4296 3762 4347 de—

2210 4360 2448 4414 fensione
2499 4362 2827 4428 scripsisse:
2881 4360 3167 4416 Ursacium
3210 4379 3336 4416 vero
3381 4360 3435 4415 et
3482 4363 3759 4420 Valentem

2203 4432 2324 4501 jure
2363 4445 2421 4482 se
2450 4446 2569 4501 reos
2598 4430 2919 4495 declarasse,
2972 4433 3329 4501 maluisscqne
3368 4434 3764 4501 aliquantisper

2212 4499 2695 4572 pudoresuﬂ'umli,
2721 4516 2879 4572 quam
2910 4504 2960 4554 in
3002 4499 3259 4555 internum
3302 4499 3760 4572 sycophantarum

2136 4611 2182 4670 υ
2211 4570 2525 4670 supplicit‘tm
2570 4570 2733 4650 luere.
2751 4570 3076 4670 .H‘ifs'autem
3115 4570 3404 4670 postr'eniis.
3438 4570 3630 4670 verbis
3680 4575 3758 4625 iu-

2210 4654 2389 4670 -ιιιιιιιιο
2466 4656 2692 4670 nonne-Im
2719 4658 2744 4670 Λ
2850 4656 2873 4670 αι
2902 4652 3076 4670 ΛηΙΛ-νι
3131 4659 3251 4670 nun“.
3276 4658 3361 4670 ι-ηι
3393 4659 3445 4670 ιη
3552 4649 3758 4670 -Ζιιησιιιι

2210 4641 2389 4694 nuitur
2414 4638 2692 4694 Ursacium
2718 4651 2772 4694 ct
2804 4640 3077 4695 Valentem
3131 4644 3361 4694 nomium
3393 4644 3447 4697 in
3502 4646 3758 4696 Arianam

2203 4712 2535 4780 impietatem
2567 4710 2842 4773 recidisse,
2875 4713 3090 4779 quando
3116 4713 3441 4765 Athanasius
3478 4715 3624 4766 hanc
3651 4712 3760 4765 edi—

2199 4782 2275 4834 dit
2334 4780 2637 4845 Apolagiam
2670 4794 2689 4831 :
2730 4789 2891 4849 atque
2922 4783 3055 4834 adeo
3095 4797 3212 4834 eam
3248 4793 3372 4835 ante
3405 4797 3611 4834 annum
3661 4780 3761 4835 352

2199 4852 2457 4917 scriptam
2499 4850 2687 4908 fuisse.
2734 4860 2792 4904 ut
2848 4850 3002 4905 initio
3055 4852 3379 4904 monuimus.
3423 4850 3487 4904 Et
3544 4867 3678 4906 vero
3716 4852 3758 4903 si

2204 4919 2455 4974 Ursacius
2504 4931 2557 4973 et
2599 4918 2797 4973 Valens
2843 4919 3122 4973 Athanasii
3176 4922 3599 4977 accusatoribus
3648 4935 3762 4975 sese

2196 4991 2305 5057 jam
2346 4988 2519 5041 denuo
2552 4993 2872 5051 sociassent,
2902 4989 2975 5041 uti
3016 4991 3189 5045 fecere
3223 4990 3364 5043 circa
3398 5007 3606 5045 annum
3658 4992 3753 5045 551

2198 5062 2282 5112 vel
2314 5059 2439 5121 552,
2472 5076 2537 5111 an
2564 5059 2817 5113 credibile
2850 5070 2931 5114 est
2959 5060 3086 5113 illud
3118 5060 3184 5114 ab
3214 5062 3515 5116 Athanasio
3546 5073 3761 5128 praeter-

2201 5131 2519 5183 mittendum
2569 5129 2806 5198 fuisse?
2862 5146 2928 5181 an
2978 5144 3161 5184 eorum
3217 5132 3649 5198 resipiscentiam
3696 5146 3761 5186 ex

2200 5212 2343 5254 metu
2392 5197 2578 5267 aeterni
2611 5198 2853 5267 supplicii
2885 5200 3196 5267 provenisse
3223 5197 3556 5254 Athanasius
3588 5202 3747 5256 dixis.

2199 5280 2302 5333 Sel,
2337 5270 2380 5321 si
2416 5266 2817 5336 Ursaciusipse
2846 5266 2968 5322 cum
3000 5270 3220 5323 Valente
3243 5270 3355 5338 jam
3390 5272 3762 5325 declarassem

2200 5354 2259 5392 se
2305 5345 2418 5393 solo
2445 5338 2751 5392 Constantis
2789 5339 3131 5407 imperatoris
3177 5352 3321 5393 metu
3375 5355 3441 5394 eo
3494 5338 3758 5395 adductos

2201 5410 2387 5471 fuisse,
2418 5417 2473 5461 ut
2502 5409 2873 5461 accusationes
2914 5424 3040 5463 SttaS
3078 5408 3245 5463 falsas
3285 5424 3405 5463 esse
3458 5409 3761 5463 faterentur

2200 5495 2319 5545 qnae
2351 5489 2526 5529 tamen
2553 5492 2693 5548 verae
2721 5477 2986 5548 fuissent_;
3022 5480 3161 5545 quod
3190 5480 3310 5532 illos
3336 5490 3521 5548 postea
3565 5480 3757 5536 fecisse

2198 5548 2521 5602 Athanasius
2562 5547 2798 5615 |testatur
2848 5549 2900 5601 in
2940 5546 3107 5614 Epist.
3145 5549 3212 5600 ad
3261 5546 3576 5602 solitarius?
3628 5550 3759 5604 llinc

2199 5634 2327 5691 sane
2360 5620 2526 5686 liquet
2551 5632 2612 5670 ea
2642 5632 2759 5685 qua:
2788 5619 3211 5691 subsequuntur,
3234 5618 3333 5672 Διὰ
3349 5621 3511 5672 τοῦτο
3541 5620 3651 5691 γὰρ
3678 5620 3757 5674 δι-

2201 5688 2389 5749 καίως,
2435 5696 2563 5748 etc.,
2601 5702 2769 5754 usque
2819 5687 3109 5757 adfinem,
3163 5690 3251 5742 ditt
3312 5700 3433 5756 post
3499 5687 3757 5757 scriptam

2201 5758 2508 5826 Apoloqiam
2546 5757 2631 5809 hic
2665 5756 2842 5810 addita
2895 5756 3082 5823 fuisse,
3118 5769 3236 5825 post
3275 5759 3487 5823 lapsum
3543 5756 3752 5816 scilicet

2201 5827 2396 5884 Liberii
2429 5836 2484 5882 et
2517 5826 2684 5893 Hosii,
2713 5827 2803 5896 qui
2832 5828 2883 5882 in
2918 5843 3114 5883 annum
3143 5830 3282 5884 cadit
3308 5829 3430 5884 557.
