3978 6502
208 414 291 471 W9

1299 403 1640 459 APOLUGIA
1683 402 1961 458 CONTRA
2000 400 2319 458 ARIANOS.

3209 370 3235 393 ⁸
3310 394 3415 450 tto

207 527 314 581 ἰδεῖν
339 523 433 586 τὰς
457 521 727 575 τοσούτων
754 522 863 593 (14)
900 522 1210 576 ἐπισκόπων
1260 522 1489 592 κρίσεις.
1538 522 1600 573 Ei
1659 519 1755 589 μὲν

1889 536 2086 590 umque
2135 521 2510 589 episcoporum
2549 516 2749 586 judicia
2793 491 3050 587 abrogata
3079 529 3325 569 cernere.
3360 510 3416 567 Si

209 615 290 672 οὖν
312 616 441 687 πρὸς
468 615 596 678 τοὺς
649 614 1106 685 βουλευσαμένους
1147 613 1267 668 καθ’
1294 612 1469 683 ἡμῶν,
1506 613 1599 665 καὶ
1640 612 1757 665 ἐθε-

203 711 444 779 λήσαντας
476 706 778 777 ἀνατρέψαι
837 706 905 759 τὰ
965 706 1105 779 ὑπὲρ
1155 704 1344 776 ἡμῶν,
1403 705 1528 776 ἄχρι
1588 704 1759 771 λόγων

204 797 324 871 ἦσαν
354 799 640 861 ἐνστάντες
675 799 724 850 οί
758 797 970 868 ἀληθῶς
997 798 1301 861 ἐπίσκοποι,
1328 796 1631 867 ἣτυχόντες
1649 796 1759 866 (l5)

200 889 321 962 ἦσαν
370 890 581 960 ἄνδρες,
618 889 755 943 ἀλλὰ
795 890 869 960 μὴ
922 890 1208 962 ἐπισήμων
1253 889 1480 949 πόλεων.
1528 890 1622 941 καὶ
1669 905 1762 940 κε-

203 983 343 1053 φαλαὶ
368 981 637 1034 τοσούτων
682 981 1033 1053 Ἐκκλησιῶν·
1095 978 1163 1053 ἦν
1214 982 1279 1036 ἂν
1316 982 1637 1035 ὑποπτεύειν
1688 981 1762 1052 μὴ

202 1080 292 1151 ἄρα
330 1075 699 1146 κεχαρισμένα
726 1075 887 1129 πάλιν
922 1075 1197 1140 ποιοῦντες
1236 1075 1646 1147 ἐφιλονείκησαν
1670 1075 1763 1127 καὶ

202 1167 281 1223 νῦν
307 1168 484 1221 αὑτοίο
540 1170 631 1221 ὅτε
683 1169 738 1221 δὲ
783 1169 875 1221 καὶ
927 1168 1206 1240 λογισμοῖς
1252 1168 1465 1222 ἔπειθον
1520 1168 1617 1220 καὶ
1673 1166 1759 1232 ἐξ·

200 1262 399 1335 ορισμὸν
456 1261 775 1331 ὑπέμειναν,
829 1264 920 1314 καὶ
959 1262 1207 1334 Λιϐέριός
1256 1265 1400 1315 ἐστιν
1439 1264 1467 1314 ὁ
1502 1261 1600 1330 τῆς
1627 1259 1763 1312 Ῥώ-

206 1373 295 1425 μης
315 1354 632 1418 ἐπίσκοπος
668 1354 867 1435 είγὰρ
917 1356 1012 1408 καὶ
1059 1358 1138 1419 εἰς
1167 1356 1319 1419 τέλος
1370 1356 1466 1425 οὐχ
1500 1353 1762 1423 ὑπέμεινε

201 1446 280 1500 τσῦ
300 1446 587 1518 ἐξορισμοῦ
632 1448 731 1517 τὴν
780 1447 977 1517 θλίψιν,
1041 1448 1190 1519 ὅμως
1235 1448 1439 1501 διετίαν
1468 1446 1679 1517 ἔμεινεν
1706 1445 1764 1497 ἐν

201 1541 254 1608 τῇ
285 1538 547 1609 μετοικίᾳ,
577 1538 858 1606 γινώσκων
878 1537 977 1610 τὴν
1002 1538 1122 1591 καθ’
1150 1539 1306 1607 ἡμῶν
1346 1537 1635 1605 συσκευήνσ
1671 1534 1764 1586 καὶ

203 1632 367 1702 ἐπειδὴ
401 1631 496 1684 xa‘t
529 1632 717 1694 Ὀσιος
748 1632 776 1683 ὁ
804 1630 975 1702 μέγας
1000 1630 1138 1693 ἐστὶ,
1172 1629 1265 1683 καὶ
1292 1631 1340 1681 οἱ
1365 1628 1467 1698 τῆς
1508 1625 1761 1690 Ἰταλίας,

202 1725 279 1775 καὶ
325 1724 371 1775 οἱ
412 1722 524 1775 τῶν
568 1720 827 1784 Γαλλιῶν,
862 1723 955 1773 καὶ
994 1720 1144 1774 ἄλλοι
1199 1720 1306 1773 ἀπὸ
1358 1717 1627 1780 Σπανιῶν,
1672 1718 1765 1769 καὶ

201 1817 277 1868 ἀπ’
300 1814 603 1883 Αἰγύπτου,
638 1814 733 1868 καὶ
763 1812 985 1884 Λιϐύης,
1025 1813 1121 1866 καὶ
1150 1814 1199 1864 οἱ
1238 1813 1336 1883 τῆς
1380 1808 1765 1870 Πενταπύλεως

1872 613 2060 681 itaque
2098 612 2209 666 veri
2239 610 2474 679 episcopi
2513 609 2712 662 nostris
2763 607 3192 671 insidiatoribus,
3226 606 3317 675 qui
3358 620 3420 659 ea

1874 719 1992 773 quze
2025 718 2122 773 pro
2150 703 2305 757 nobis
2322 712 2469 771 gesta
2497 711 2679 755 essent
2712 701 3029 755 subvertere
3054 700 3420 763 conabantur,

1868 797 2156 850 verborum
2190 806 2395 849 tantum
2426 803 2583 848 tenus
2611 793 2953 847 obstitissent
2984 811 2997 846 :
3028 802 3135 851 ,aut
3163 793 3205 846 si
3236 790 3425 861 vulga—

1861 901 1949 942 res
2000 887 2225 941 fuissent
2271 887 2546 949 homines,
2589 894 2643 939 et
2687 900 2791 939 non
2840 884 3169 938 eximiarum
3208 885 3423 937 urbium

1856 980 2095 1049 episcopi
2146 987 2201 1033 et
2237 979 2417 1047 capita
2489 987 2761 1031 tantarum
2811 976 3198 1040 ecclesiarum;
3253 977 3425 1043 suspi-

1861 1074 2088 1127 candum
2126 1086 2256 1126 sane
2302 1072 2458 1135 foret,
2497 1086 2575 1124 “ne
2627 1070 2799 1140 gratia
2846 1069 3077 1138 quadam
3119 1077 3211 1122 aut
3241 1068 3428 1121 favore

1866 1166 2033 1228 ducti,
2071 1164 2238 1217 nostri
2267 1179 2427 1217 causa
2456 1164 2566 1231 jam
2602 1162 3017 1215 contenderent.
3065 1159 3198 1214 Cum
3248 1167 3427 1212 autem

1864 1272 1969 1310 non
2016 1255 2188 1308 solum
2240 1254 2421 1307 verbis
2476 1252 2607 1305 mihi
2670 1251 2991 1321 patrocinati
3046 1249 3267 1315 fuerint,
3333 1248 3429 1302 sed

1862 1348 2022 1401 etiam
2054 1345 2303 1400 exsilium
2330 1344 2711 1407 sustinuerint,
2747 1359 2811 1397 ex
2852 1356 3153 1411 eorumque
3204 1355 3433 1394 numero

1863 1437 1936 1490 sit
1991 1436 2235 1489 Liberius
2294 1434 2477 1487 Roma:
2532 1434 2871 1502 episc0pus;
2931 1446 3052 1484 nam
3104 1430 3205 1487 etsi
3257 1429 3433 1483 exsilii

1864 1541 2131 1581 aerumnas
2164 1526 2229 1579 ad
2261 1525 2418 1578 finem
2447 1536 2615 1591 usque
2650 1536 2757 1574 non
2792 1519 3123 1581 toleraverit,
3189 1527 3434 1572 attamen

1864 1620 2007 1689 quod
2040 1616 2323 1672 conflatam
2353 1616 2405 1670 in
2444 1629 2540 1669 nos
2574 1614 3028 1682 conspirationem
3095 1611 3261 1679 probe
3308 1622 3435 1663 nos-

1864 1722 1968 1774 set,
2022 1709 2239 1763 biennio
2286 1708 2338 1760 in
2391 1706 2562 1760 exsilii
2595 1705 2712 1758 loco
2737 1714 2819 1757 est
2849 1709 3213 1757 commoratus
3259 1714 3273 1752 :
3309 1713 3434 1753 cum

1865 1803 2027 1856 etiam
2077 1815 2141 1853 ex
2190 1812 2376 1852 eorum
2431 1811 2655 1850 numero
2702 1796 2773 1849 sit
2818 1808 3044 1863 magnus
3089 1792 3177 1845 ille
3216 1789 3435 1856 llosius,

203 1881 399 1968 πάντες*
434 1906 486 1957 εἰ
516 1904 629 1976 γὰρ
664 1903 777 1967 καὶ,
802 1881 938 1974 πρὸς
967 1903 1146 1971 ὀλίγον
1182 1881 1436 1972 φοϐηθεὶς
1466 1900 1564 1963 τὰς
1605 1901 1763 1952 ἀπει-

1884 1908 1991 1960 :um
2020 1889 2288 1960 episcopis
2319 1887 2504 1952 Italiae,
2525 1884 2845 1950 Galliarum,
2890 1896 2945 1939 et
2974 1884 3094 1938 aliis
3139 1899 3201 1937 ex
3240 1881 3439 1951 Hispa-

201 1998 282 2061 li;
326 1998 735 2063 Κωνσταντίου,
794 1996 969 2061 ἔδοξεν
1022 1994 1251 2059 ἐκείνοις
1311 1994 1386 2064 μὴ
1442 1991 1763 2059 ἀντιλέγειν,

201 2090 295 2143 ἀλλ’
318 2093 349 2161 ή
372 2089 547 2161 πολλὴ
587 2089 676 2160 βία
700 2090 791 2143 καὶ
813 2088 1104 2161 τυραννικὴ
1128 2086 1344 2153 ἐξουσία
1360 2083 1760 2146 Κωνσταντίου,

202 2184 277 2236 καὶ
301 2185 353 2238 αί
388 2183 648 2237 πλεῖσται
693 2181 878 2253 ὕϐρεις
922 2182 1016 2235 καὶ
1070 2180 1277 2252 πληγαὶ
1307 2178 1415 2250 (16)
1474 2176 1765 2239 δεικνῦσιν,

199 2275 267 2328 ὅτι
300 2276 369 2345 μὴ
402 2275 911 2345 καταγνοὺςήμῶν,
966 2273 1101 2327 ἀλλὰ
1123 2272 1209 2325 διὰ
1240 2270 1337 2341 τὴν
1361 2268 1644 2323 ἀσθένειαν
1669 2267 1763 2321 τοῦ

201 2363 361 2436 γήρως
402 2364 469 2417 οὐ
505 2365 690 2435 φέρων
720 2363 819 2428 τὰς
850 2363 1083 2433 πληγὰς,
1121 2361 1257 2433 πρὸς
1284 2359 1472 2429 καιρὸν
1493 2354 1632 2422 εἶξεν
1665 2358 1764 2409 αύ-

200 2457 311 2517 τοῖςο
351 2454 565 2508 δίκαιόν
618 2457 735 2508 ἐστι
766 2454 926 2508 πλέον
953 2455 1183 2519 πάντας,
1218 2452 1294 2516 ὼς
1324 2448 1768 2521 πληροφορηθέν-

199 2561 299 2610 τας,
326 2549 509 2618 μισεῖν
540 2548 638 2601 καὶ
680 2546 1117 2619 ἀποστρέφεσθαι
1139 2546 1237 2616 τὴν
1265 2544 1496 2608 ἀδικίαν,
1527 2544 1619 2596 καὶ
1670 2542 1769 2613 τὴν

202 2638 305 2707 βίαν
348 2639 448 2710 τὴν
492 2639 616 2693 καθ’
645 2639 803 2710 ἡμῶν
831 2638 1146 2709 γενομένην*
1202 2636 1294 2691 διὰ
1333 2636 1393 2689 τὸ
1436 2634 1665 2705 μάλιστα
1696 2633 1767 2686 δι’

199 2731 329 2784 οὐδὲν
347 2732 545 2803 ἕτερον
596 2731 630 2801 ἣ
657 2730 745 2784 διὰ
764 2731 863 2802 τὴν
904 2730 1187 2802 Ἀρειανὴν
1217 2727 1472 2783 ἀσέϐειαν
1510 2726 1768 2796 συνέπη-

200 2845 278 2879 κεν
300 2829 441 2899 ἡμᾶς
472 2827 655 2880 ταῦτα
686 2825 1027 2879 πεπονθέναι.

1870 1983 2001 2047 niis,
2039 1996 2104 2035 ex
2134 1979 2387 2049 Egypto,
2416 1987 2469 2030 et
2522 1992 2583 2029 ex
2618 1975 2785 2045 Libya
2835 1974 3196 2041 omnibusque
3240 1971 3439 2025 Penta-

1871 2075 2052 2144 poleos
2074 2074 2340 2143 episc0pis
2375 2085 2390 2125 :
2438 2085 2561 2124 nam
2602 2069 2728 2123 licet
2768 2067 2857 2121 ille
2903 2066 2969 2120 ad
3013 2066 3177 2119 breve
3227 2075 3440 2133 tempus

1872 2166 2175 2223 Constantii
2228 2163 2389 2218 minis
2421 2161 2762 2230 perterritus,
2809 2158 2874 2213 iis
2914 2171 3018 2212 non
3056 2156 3323 2210 obsistere
3358 2154 3439 2209 vi-

1873 2261 2111 2321 deretur,
2149 2266 2386 2309 attamen
2438 2254 2623 2322 ingens
2659 2251 2745 2304 illa
2794 2250 2894 2315 vis,
2940 2259 3103 2316 atque
3156 2245 3440 2317 tyrannica

1873 2349 2176 2407 Constantii
2222 2354 2484 2416 potestas,
2546 2358 2754 2397 necnon
2802 2340 3044 2410 plurimae
3097 2338 3199 2391 illa:
3238 2346 3442 2392 contu-

1876 2441 2049 2497 meliae
2079 2448 2131 2494 et
2157 2438 2324 2509 plaga:
2366 2436 2541 2506 palam
2588 2432 2789 2487 faciunt
2819 2445 2966 2496 eum,
2992 2445 3096 2484 nou
3126 2428 3272 2498 quod
3316 2442 3444 2482 reos

1874 2550 1973 2590 nos
2001 2534 2361 2593 existimaret,
2393 2527 2487 2582 sed
2514 2524 2653 2595 quod
2687 2532 2906 2592 pr0pter
2963 2519 3256 2574 senectutis
3286 2517 3445 2570 infir-

1877 2629 2117 2683 mitatem
2180 2623 2363 2694 plagas
2399 2634 2506 2673 non
2549 2618 2706 2689 162
2748 2616 2937 2678 ferret,
2980 2614 3047 2666 ad
3098 2621 3309 2681 tempus
3342 2610 3447 2663 illis

1883 2719 2159 2783 cessisse;
2224 2726 2436 2781 aequum
2484 2724 2616 2764 sane
2663 2707 2827 2762 fuerit
2883 2718 3095 2767 omnes.
3150 2712 3332 2771 utpote
3371 2700 3447 2754 rei

1872 2815 2130 2871 certiores
2177 2809 2364 2872 factos,
2426 2805 2741 2876 iujustitiam
2806 2802 2972 2865 illam,
3030 2809 3085 2855 et
3140 2799 3249 2852 vim
3296 2796 3453 2851 nobis

201 2920 379 2975 illatam
448 2920 635 2990 magis
681 2934 745 2975 ac
794 2919 965 2990 magis
1018 2918 1202 2974 odisse
1258 2931 1322 2972 ac
1350 2916 1773 2986 perhorrescere
1810 2931 1822 2967 :
1855 2912 1974 2966 ideo
2032 2905 2269 2961 maxime
2319 2903 2461 2972 quod
2501 2899 2875 2970 planissimum
2914 2896 2985 2951 sit
3031 2908 3129 2949 nos
3163 2892 3304 2947 nulla
3352 2889 3452 2944 alia

200 3016 255 3068 de
293 3031 452 3069 causa
515 3021 706 3093 quamt
744 3023 959 3083 pr0pter
981 3014 1255 3079 [Arianam
1309 3012 1660 3082 impietatem,
1692 3004 1997 3078 hujusmodi
2029 3000 2167 3056 mala
2201 3012 2321 3052 esse
2349 3008 2652 3066 perpessos.

254 3106 333 3160 90.
373 3107 440 3160 Et
506 3125 593 3169 τις
629 3106 809 3159 τοίνυν
858 3106 1101 3176 βούλεται
1143 3105 1214 3158 τά
1241 3120 1300 3157 τε
1324 3104 1448 3157 καθ’
1493 3104 1639 3173 ἡμᾶς
1674 3118 1779 3171 μα·
1807 3106 1850 3164 C

201 3198 297 3252 ξεῖν
330 3201 426 3254 καὶ
492 3199 598 3270 τὴν
631 3200 761 3270 περὶ
790 3198 1048 3251 Εὑσέϐιον
1081 3195 1466 3265 συκοφαντίαν,
1520 3196 1778 3264 ἐντυγχα-

203 3290 321 3345 vim
373 3295 493 3356 τοῖς
547 3294 838 3362 γραφεῖσιν
892 3290 1033 3360 ὑπὲρ
1087 3288 1279 3359 ἡμῶν,
1338 3287 1431 3340 καὶ
1498 3286 1779 3357 μάρτυρας

204 3384 375 3454 ἐχέτω.
397 3386 501 3454 οὑχ
533 3383 658 3447 ἕνα,
688 3382 720 3453 ἢ
744 3382 854 3445 δύο,
889 3381 921 3453 ἢ
955 3382 1124 3452 τρεῖς,
1152 3379 1287 3433 ἀλλὰ
1313 3378 1561 3432 τοσοῦτον
1578 3375 1780 3445 πλῆθος

205 3478 524 3530 ἐπισκόπων
582 3476 680 3527 καὶ
710 3474 911 3527 τούτων
946 3474 1225 3545 μάρτυρας
1258 3472 1421 3525 πάλιν
1458 3470 1782 3541 λαμϐανέτω

203 3571 311 3633 τοὺς
338 3571 466 3641 περὶ
501 3566 762 3638 Λιϐέριον
792 3568 883 3619 καὶ
918 3567 1126 3628 Ὄσιον,
1164 3564 1260 3618 καὶ
1289 3565 1417 3625 τοὺς
1450 3562 1547 3615 σὺν
1571 3562 1778 3623 αὐτοῖς,

204 3662 403 3728 οἵτινες,
463 3660 714 3734 ὁρῶντες
770 3659 837 3712 τὰ
885 3658 1007 3713 καθ’
1036 3657 1194 3728 ἡμῶν
1240 3656 1540 3726 ’γενόμενα,
1601 3653 1782 3707 πάντα

204 3752 379 3809 παθεῖν
409 3754 748 3824 ὑπέμειναν,
782 3750 815 3820 ἢ
853 3747 1141 3821 προδοῦναι
1160 3747 1257 3819 τὴν
1275 3745 1532 3818 ἀλήθειαν
1557 3744 1651 3797 καὶ
1688 3741 1784 3813 τὴν

206 3847 330 3917 ὑᾱρ
358 3848 525 3919 ἡμῶν
558 3844 768 3916 κρίσιν·
813 3840 972 3895 τοῦτο
1020 3840 1077 3894 δὲ
1119 3839 1301 3902 καλῶς
1354 3837 1466 3909 (l7)
1499 3836 1595 3889 καὶ
1622 3832 1786 3897 ὁσίως

207 3936 584 4009 βουλευόμενοι
619 3933 1000 4004 πεποιήκασιν·
1046 3930 1082 3985 ἀ
1111 3930 1217 4001 γὰρ
1267 3923 1412 3982 οὗτοι
1467 3923 1785 3987 πεπόνθασι,

204 4030 429 4084 δείκνυσι
464 4030 574 4102 μὲν
605 4027 705 4098 τὴν
738 4025 1009 4095 ἀνάγκην,
1049 4023 1114 4093 ἢν
1141 4023 1235 4075 καὶ
1263 4022 1313 4073 οἱ
1333 4017 1787 4074 ωλοιέπίσκοποι

206 4124 557 4178 πεπόνθασιν.
578 4122 737 4174 Ἔστι
758 4118 816 4171 δὲ
830 4116 1192 4187 ὑπομνήματα
1245 4113 1344 4185 μὲν
1373 4112 1466 4167 καὶ
1501 4110 1792 4181 στηλογρα-

206 4217 294 4285 cpia
322 4218 470 4271 κατά
503 4216 610 4286 τῆς
651 4210 933 4283 Ἀρειανῆς
962 4208 1224 4281 αἱρέσεως
1266 4205 1359 4259 καλ⁵
1406 4205 1505 4275 τῆς
1528 4200 1791 4272 πονηρίας

205 4308 302 4362 τῶν
326 4303 719 4379 συκοφαντῶν,
751 4300 1111 4373 ὑπογραμμὸς
1136 4300 1192 4352 δὲ
1216 4299 1308 4352 καὶ
1336 4298 1504 4359 τύπος
1518 4297 1629 4358 τοῖς
1657 4289 1795 4363 μετά

205 4401 368 4456 ταῦτα
409 4397 788 4470 γιγνομένοις,
813 4390 1172 4461 ἀγωνίζεσθαι
1202 4390 1299 4460 μὲν
1343 4388 1483 4457 ὑπὲρ
1534 4385 1634 4455 τῆς
1658 4382 1793 4451 ἀλη-

1962 3095 2052 3150 90.
2104 3093 2161 3146 Si
2199 3090 2321 3160 quis
2354 3089 2516 3158 igitur
2566 3100 2687 3155 quze
2733 3098 2830 3138 nos
2871 3088 3138 3152 spectant,
3189 3074 3454 3144 simulque

1888 3186 2312 3243 Eusebiauorum
2383 3177 2789 3249 sycophantiam
2843 3175 3085 3228 ediscere
3131 3170 3339 3236 cupiat.
3398 3167 3447 3221 is

1885 3295 2007 3350 qua:
2038 3275 2205 3332 nostri
2246 3273 2419 3344 gratia
2453 3271 2655 3339 scripta
2692 3278 2817 3323 sunt
2853 3266 3017 3335 legat,
3051 3273 3325 3331 testesque
3360 3274 3454 3313 ac-

1886 3371 2074 3439 cipiat,
2122 3382 2229 3422 non
2264 3379 2428 3420 unum
2464 3373 2557 3416 aut
2603 3362 2763 3425 duos,
2798 3358 2883 3413 vel
2931 3366 3061 3421 tres,
3112 3355 3205 3409 sed
3247 3360 3453 3406 tantam

1888 3462 2264 3528 episc0porum
2299 3453 2697 3508 multitudinem
2737 3466 2752 3515 ;
2793 3458 2958 3504 testes
3004 3447 3202 3501 iterum
3249 3451 3454 3504 sumat.

1887 3553 2159 3608 Liberium
2197 3559 2252 3604 et
2303 3547 2546 3610 llosium,
2591 3556 2889 3612 eorumque
2926 3540 3127 3601 socios,
3168 3536 3262 3606 qui
3315 3549 3441 3588 cum

1888 3645 2175 3700 adversum
2224 3655 2322 3695 nos
2362 3646 2531 3707 .gesta
2586 3635 2832 3689 facinora
2889 3631 3290 3700 conspicerent,
3360 3640 3457 3680 ex-

1892 3748 2065 3792 trema
2118 3734 2229 3807 pati
2276 3731 2608 3793 maluerunt,
2660 3742 2821 3797 quam
2871 3734 2965 3778 aut
3015 3722 3325 3783 veritatem,
3362 3725 3457 3770 aut

1886 3832 2149 3901 judicium
2199 3828 2371 3884 nostri
2410 3823 2582 3896 gratia
2625 3822 2812 3878 datum
2870 3817 3135 3890 prodere:
3188 3814 3348 3881 idque
3387 3824 3457 3864 ex

1893 3926 2035 3979 bono
2077 3930 2129 3976 et
2162 3929 2350 3975 sancto
2382 3916 2609 3972 consilio
2650 3920 2875 3983 egerunt
2909 3929 2924 3978 ;
2964 3908 3102 3963 mala
3146 3908 3293 3961 enim
3340 3918 3462 3971 qua:

1896 4013 1984 4069 isti
2018 4009 2256 4082 perpessi
2306 4017 2455 4072 sunt,
2507 4020 2669 4077 quam
2710 4004 2814 4057 vim
2845 4001 2935 4054 alii
2968 4012 3180 4069 quoque
3219 3991 3461 4065 episcopi

1898 4104 2238 4177 pertulerint,
2293 4102 2556 4156 indicant.
2619 4096 2758 4152 Sunt
2802 4105 2979 4148 autem
3019 4106 3080 4147 ea
3126 4090 3238 4159 ipsa
3271 4100 3463 4140 tuonu-

1898 4205 2079 4253 menta
2111 4204 2165 4250 et
2190 4193 2331 4264 cippi
2362 4200 2553 4246 contra
2585 4189 2845 4243 Arianam
2892 4182 3165 4243 haeresim,
3192 4188 3247 4233 ct
3274 4186 3462 4230 contra

1899 4284 2348 4357 sycophantarum
2375 4280 2634 4334 malitiam
2664 4284 2883 4331 erecta:
2924 4281 3050 4327 sunt
3092 4273 3257 4323 etiam
3289 4266 3462 4320 forma

1900 4389 1957 4431 et
1982 4375 2256 4442 exemplar
2280 4370 2517 4442 posteris
2551 4366 2775 4432 nostris,
2805 4375 2863 4419 ut
2892 4377 2991 4433 pro
3033 4360 3261 4414 veritate
3295 4369 3466 4423 usque

208 4444 368 4556 θείας-
379 4444 841 4564 μὲἶρῖὂξνέιξᾶυ,
859 4444 1294 4554 ἀποστρέφεσθαι
1313 4478 1371 4532 δὲ
1395 4444 1493 4549 την
1517 4444 1776 4546 Ἀρειανηε

1901 4471 1967 4525 ad
1998 4476 2226 4524 mortem
2253 4465 2553 4525 decertent,
2582 4460 2951 4524 Arianamque
2988 4450 3261 4510 haeresim,
3303 4444 3468 4499 Chri-

2011 4559 2023 4564 ⁸
2074 4558 2084 4564 ⁵
2150 4557 2161 4564 ⁵
2401 4562 2407 4564 -
2473 4552 2489 4564 ⁸
2551 4550 2582 4564 -⁶
2625 4550 2636 4564 ¹
2694 4548 2705 4559 ⁸
2744 4545 2779 4564 -9
2834 4546 3180 4564 -μ--Ι-Α--υ-..ι
3233 4536 3466 4564 ..ιι-ιιιηιι-

208 4582 432 4652 αἰρεσιν,
467 4577 860 4653 Χριστομάχον
922 4568 1107 4635 οὖσαν,
1162 4571 1254 4624 καὶ
1293 4569 1387 4623 τοῦ
1424 4564 1792 4637 Ἀντιχρίστου

209 4674 541 4745 πρόδρομον,
592 4670 670 4742 μὴ
704 4667 977 4721 πιστεύειν
1031 4665 1087 4718 δὲ
1124 4666 1235 4726 τοῖς
1263 4660 1383 4715 καθ’
1408 4657 1565 4730 ἡμῶν
1598 4658 1796 4724 ἐπιχει-

211 4766 354 4835 ροῦσι
392 4768 610 4835 λέγειν.
662 4760 997 4825 Ἀξιόπιστος
1023 4756 1132 4827 γὰρ
1160 4756 1253 4808 καὶ
1305 4751 1465 4822 ἱκανὴ
1520 4747 1794 4821 μαρτυρία

209 4857 309 4909 τῶν
336 4858 609 4911 τοιούτων
635 4854 732 4907 καὶ
754 4851 1019 4906 τοσούτων
1042 4846 1353 4901 ἐπισκόπων
1399 4846 1433 4915 ή
1468 4842 1607 4911 ὑπὲρ
1641 4839 1797 4910 ἡμῶν

211 4950 478 5004 ἀπολογία
501 4949 603 5002 καὶ
617 4946 821 5016 ψῆφος.

275 5134 391 5203 (14)
431 5134 576 5201 Reg.
589 5170 604 5196 ,
632 5122 1053 5203 {mandaueram

630 5173 1081 5273 ᾗῗριέὶάδέιὲέεςε
1105 5185 1273 5273 Paulo
1298 5181 1617 5273 pastillo?”
1643 5173 1797 5273 ᾖν-ἀν

211 5247 772 5329 ὐπὶὲεύέῖδξἝῖιίιί
819 5247 963 5321 Vve‘ro
1011 5247 1190 5318 minus
1226 5247 1393 5319 recte,
1429 5247 1498 5324 ἦν
1527 5247 1620 5307 οὖν
1667 5247 1800 5304 ὑπο-

210 5363 458 5403 πτευειν.

1898 4571 1981 4617 sto
2011 4557 2310 4620 inimicam,
2361 4562 2415 4607 et
2462 4545 2782 4605 Antichristi
2834 4546 3182 4613 prodromum
3233 4536 3467 4605 perhor-

1846 4676 1859 4684 ν
1901 4659 2139 4711 rescant,
2167 4660 2342 4715 neque
2390 4642 2496 4697 illis
2541 4640 2828 4695 adversum
2879 4648 2977 4688 nos
3020 4628 3363 4700 loquentibus
3402 4625 3469 4678 li-

1900 4743 2024 4797 dem
2053 4740 2309 4796 habeant.
2342 4731 2600 4805 Apologia
2634 4729 2781 4783 enim
2810 4723 3237 4794 suffragiumque
3278 4725 3359 4770 tot
3408 4730 3470 4768 ac

1904 4835 2098 4889 talium
2134 4831 2513 4900 episcoporum
2555 4837 2651 4893 pro
2695 4821 2797 4875 fide
2845 4819 3009 4887 digno
3064 4811 3472 4880 sullicientique

1904 4925 2233 4983 innocentiae
2265 4929 2468 4976 nostra:
2493 4913 2802 4972 testimonio
2831 4908 3082 4966 habenda
3112 4918 3271 4961 sunt.

1978 5100 2085 5173 (l6)
2122 5101 2278 5173 Reg.,
2308 5095 2533 5173 πληγαί.
2566 5094 2705 5151 Editi
2733 5106 2885 5158 vero,
2921 5086 3160 5152 απειλαί,
3204 5095 3363 5171 quam
3406 5080 3477 5133 sit

1903 5160 2033 5228 veia
2071 5160 2539 5232 lectio,'dubium.
2975 5230 3012 5232 μ
3039 5229 3068 5232 ,_
3100 5227 3113 5232 A
3252 5222 3276 5231 _
3346 5160 3356 5171 ’

1980 5220 2549 5314 '(i7_i"iié§.;"£ds-co
2607 5235 2665 5290 δὲ
2714 5232 2916 5297 καλῶς.
2973 5227 3136 5294 Editi,
3182 5222 3343 5276 τοῦτο
3385 5220 3478 5271 καὶ

1905 5313 2108 5377 καλῶς.
