3978 6510
512 416 611 474 tii
702 372 725 393 ⁸
1074 408 1130 461 s.
1173 399 1543 459 annuas"
1582 396 1730 451 opp.
1772 389 1948 446 rans
1986 386 2026 442 ι.
2068 416 2136 426 -
2174 382 2549 440 HISTORICA
2588 379 2674 435 ET
2714 376 3133 436 DOGMATICA.
3635 366 3748 427 s12

522 534 3736 594 *Μ’-,Μ

1778 743 2473 841 ADMONITIO

1136 960 1207 1019 lu
1241 953 1575 1034 epistolam
1606 948 1692 1008 De
1722 946 1982 1008 decretis
2013 943 2276 1007 Niconis
2312 936 2538 1019 synodi
2565 946 2782 1001 contra
2810 938 3101 1000 Arianos.

577 1336 619 1392 ι.
650 1336 780 1402 Quae
809 1333 1042 1403 sequitur
1087 1328 1327 1397 epistola,
1359 1340 1657 1394 responsum
1680 1333 1750 1376 est
1780 1320 1838 1376 S.
1863 1318 2138 1375 Athanasii
2163 1318 2231 1371 ad
2264 1317 2507 1371 amicum.
2540 1311 2644 1368 Hic
2674 1312 2919 1367 nimirum
2954 1327 3071 1365 cum
3103 1312 3156 1365 in
3182 1309 3545 1381 disputatione
3587 1322 3745 1378 quam

505 1451 621 1488 cum
645 1401 908 1487 nonnullis
937 1428 1151 1481 Arianae
1180 1423 1397 1476 Iiwresis
1418 1419 1893 1490 propugnatoribus
1921 1415 2201 1478 habuerat,
2223 1413 2385 1480 impia
2407 1410 2523 1464 Arii
2545 1410 2795 1478 dogmata
2837 1406 2985 1474 plene
3029 1402 3351 1471 confutasset
3394 1419 3413 1455 :
3457 1401 3540 1453 illi
3570 1409 3749 1453 contra

502 1545 630 1599 quos
648 1525 971 1593 disputabat,
996 1520 1119 1588 quid
1141 1516 1507 1585 responderent
1537 1515 1707 1579 anxii,
1735 1522 1995 1579 postremo
2020 1526 2074 1563 se
2103 1515 2465 1562 converterunt
2490 1504 2557 1557 ad
2584 1501 2966 1555 criminandum
2993 1505 3231 1550 sanctam
3265 1503 3528 1563 synodum
3569 1489 3749 1544 Nicat-

505 1586 645 1677 nam,
674 1586 813 1686 quod
844 1586 1095 1669 vocabula
1124 1628 1226 1664 non
1259 1608 1479 1675 scripta,
1516 1607 1571 1659 id
1594 1614 1671 1659 est
1696 1620 1812 1675 qua:
1840 1606 1892 1656 in
1921 1603 2089 1656 sacris
2128 1597 2416 1667 Scripturis
2446 1613 2550 1650 non
2572 1602 2798 1657 exstant,
2835 1592 2888 1644 in
2920 1590 3046 1659 fidei
3074 1591 3380 1656 deﬁnitione
3426 1586 3749 1649 adhibuerit,

504 1723 684 1774 nempe
719 1722 864 1759 voces
890 1719 952 1757 ex
990 1702 1288 1758 substantia
1335 1714 1382 1756 et
1427 1700 1933 1758 consubstantialis:
1975 1714 2103 1768 quos
2133 1696 2337 1750 tametsi
2366 1695 2440 1748 ita
2472 1693 2709 1747 rixantes
2753 1699 2799 1743 et
2844 1700 3096 1759 uagantes
3150 1689 3357 1753 penitus
3406 1683 3746 1753 compescuit,

503 1811 674 1852 tamen
705 1812 757 1852 ut
784 1801 1081 1853 accuratius
1111 1816 1227 1869 qua:
1253 1800 1306 1850 in
1337 1797 1536 1866 synodo
1567 1796 1789 1850 Nicazna
1812 1804 1994 1849 contra
2025 1792 2212 1845 Arium
2236 1798 2285 1843 et
2310 1790 2540 1843 Arianos
2580 1797 2726 1858 gesta
2757 1794 2925 1839 essent
2956 1780 3189 1844 resciret,
3236 1777 3443 1845 rogavit
3489 1773 3553 1830 S.
3584 1771 3751 1824 Atha—

504 1892 733 1953 nasium,
768 1903 821 1944 ut
854 1893 941 1960 qui
969 1893 1079 1958 ipse
1102 1894 1324 1946 concilio
1353 1894 1620 1963 adfuerat,
1652 1909 1758 1946 rem
1787 1901 1971 1959 totam,
2002 1900 2158 1961 prout
2185 1900 2305 1943 acta
2328 1887 2526 1959 fuerat,
2551 1884 2650 1939 sibi
2677 1882 2820 1938 vellet
2847 1895 3070 1935 narrare
3089 1894 3108 1932 :
3145 1875 3285 1947 quod
3315 1876 3416 1926 hac
3446 1872 3503 1925 in
3530 1866 3749 1937 epistola

502 1984 710 2037 abunde
739 1994 950 2050 prwstat
980 1985 1321 2039 Athanasius.

570 2073 632 2127 ll.
662 2074 737 2127 Ac
770 2077 936 2142 primo
969 2077 1173 2145 quidem
1199 2080 1428 2149 exagitat
1461 2081 1780 2134 Arianorum
1812 2077 2218 2133 inconstantiam
2250 2075 2307 2129 in
2337 2073 2610 2129 sententiis
2639 2070 2927 2134 mutandis,
2972 2064 3116 2134 quod
3148 2072 3331 2131 pravae
3378 2050 3645 2107 doctrina:
3673 2048 3748 2101 si-

501 2181 658 2234 gnant
685 2167 890 2221 evidens
917 2184 1026 2225 esse
1063 2171 1159 2237 ait,
1184 2188 1301 2224 cum
1323 2174 1617 2226 constantia
1638 2173 1702 2225 sit
1728 2186 1863 2227 rent
1895 2171 2150 2224 indicium
2178 2176 2399 2222 certum.
2428 2165 2556 2219 Tum
2582 2162 2802 2217 breviter
2830 2163 3196 2214 commemorat
3227 2146 3493 2221 quomodo
3515 2141 3748 2213 synodus

500 2271 555 2307 se
577 2272 699 2324 erga
732 2256 1058 2313 Eusebianos
1098 2262 1251 2316 initio
1284 2264 1538 2331 gesserit:
1579 2280 1640 2316 ac
1678 2271 1954 2331 postquam
2004 2263 2113 2328 ipse
2158 2262 2214 2313 in
2265 2258 2589 2312 Eusebianos
2619 2255 2975 2320 Arianantque
3012 2247 3326 2309 impietatem
3364 2238 3577 2309 prolixe
3626 2234 3751 2287 satis

499 2346 734 2400 invectus
763 2356 862 2410 est,
891 2352 1143 2421 variaque
1168 2352 1381 2405 illorum
1412 2352 1605 2421 refellit
1640 2324 1987 2422 argumenta:
2025 2324 2080 2402 ut
2118 2348 2343 2417 depellat
2371 2343 2795 2399 criminationem
2834 2355 2938 2407 qua
2970 2338 3085 2391 Arii
3132 2336 3368 2404 fautores
3400 2331 3459 2383 in
3490 2324 3748 2397 synodum

503 2437 777 2494 Nictenam
803 2443 1103 2510 utebantur,
1137 2449 1274 2514 quod
1302 2448 1498 2500 scilicet
1538 2464 1666 2500 nova
1696 2446 2067 2515 excogitaverit
2106 2443 2384 2504 vocabula,
2412 2439 2638 2493 dilucide
2667 2434 2903 2505 exponit,
2943 2445 3171 2500 quonam
3202 2438 3355 2498 pacto
3397 2423 3559 2476 dolus
3600 2430 3749 2473 astu-

499 2535 675 2601 tiaque
705 2535 1123 2591 Eusebianorum
1154 2538 1343 2594 Patres
1374 2540 1681 2608 compulerit
1707 2541 1776 2592 ad
1808 2539 2183 2593 declarandum
2216 2536 2417 2590 Filium
2453 2551 2561 2589 esse
2593 2548 2661 2588 ex
2687 2527 2985 2587 substantia
3012 2522 3194 2577 Patris
3235 2528 3282 2574 et
3331 2515 3487 2570 Patri
3515 2508 3751 2568 consub-

497 2627 824 2682 stantialem.
860 2629 1011 2693 Quod
1041 2633 1174 2685 idem
1205 2636 1360 2687 etiam
1398 2637 1556 2703 refert
1586 2633 1805 2702 epistola
1836 2633 1904 2685 ad
1935 2632 2116 2701 Afros.

569 2717 652 2771 Ill.
683 2718 933 2783 Quamvis
966 2732 1138 2777 autem
1176 2725 1422 2777 concedat
1458 2698 1782 2778 Athanasius
1812 2698 2066 2777 dictiones
2096 2737 2161 2777 ex
2212 2719 2512 2776 substantia
2558 2726 2607 2771 et
2638 2708 3113 2770 consubstantialis
3154 2708 3212 2761 in
3246 2703 3550 2773 Scripturis
3591 2698 3753 2755 sacris

496 2824 600 2862 non
638 2810 760 2880 legi,
793 2821 968 2867 tamen
995 2831 1100 2868 rem
1131 2815 1297 2885 ipsam
1323 2816 1376 2869 in
1405 2816 1478 2869 eis
1512 2816 1779 2869 contineri
1804 2814 2054 2876 ostendit,
2088 2828 2178 2866 nec
2218 2828 2307 2865 eas
2338 2827 2369 2863 a
2411 2808 2608 2880 synodo
2660 2805 2824 2875 fuisse
2852 2804 3110 2864 inventas,
3156 2796 3246 2850 sed
3290 2794 3443 2864 longe
3484 2804 3647 2845 antea
3690 2788 3753 2840 ab

498 2909 887 2978 antiquioribus
913 2922 1227 2981 usurpatas;
1255 2910 1635 2982 Theognostum
1661 2912 1797 2966 enim
1825 2911 1947 2965 olim
1979 2909 2217 2963 docuisse
2236 2906 2592 2962 substantiam
2621 2902 2739 2957 Filii
2759 2913 2881 2955 esse
2904 2912 2968 2952 ex
3002 2888 3306 2949 substantia
3326 2883 3515 2939 Patris
3548 2882 3753 2949 absque

498 3005 603 3058 ulla
638 3006 1139 3074 divisionenatam.
1165 3008 1409 3077 Dionysii
1431 3022 1635 3075 quoque
1663 3004 2006 3059 Alexandrini
2030 3004 2187 3073 affert
2223 3002 2588 3056 auctoritatem
2623 2994 2905 3051 asserentis
2948 2990 3141 3045 Filium
3178 2997 3303 3039 esse
3331 2978 3481 3035 Patri
3515 2973 3753 3076 consub—

498 3102 822 3156 stantialem.
858 3101 999 3157 Nam
1026 3120 1143 3157 cum
1173 3119 1290 3158 eum
1318 3104 1531 3172 quidam
1568 3102 1976 3155 criminarentur
2005 3115 2218 3170 negasse
2247 3096 2446 3151 Filium
2474 3112 2584 3151 esse
2609 3092 2763 3147 Patri
2793 3078 3337 3144 consubstantialem,
3362 3074 3474 3140 ipse
3502 3065 3754 3172 Dionysio

499 3191 676 3246 Romae
705 3194 967 3261 episcopo,
1009 3195 1093 3248 cui
1133 3211 1187 3249 se
1229 3203 1437 3263 purgat,
1473 3193 1650 3246 scribit
1675 3209 1730 3247 se
1759 3203 1967 3245 tantum
2008 3193 2203 3246 dixisse
2230 3190 2511 3242 dictionem
2540 3186 2687 3241 illam
2735 3194 2992 3253 nusquam
3027 3169 3245 3244 reperiri
3290 3167 3347 3220 in
3374 3176 3546 3218 sacris
3601 3156 3749 3212 Scri~

498 3290 699 3354 pluris,
726 3273 832 3374 non
854 3301 1027 3345 autem
1055 3308 1159 3345 rem
1188 3292 1353 3360 ipsam
1387 3290 1682 3358 reprobare,
1709 3290 1798 3343 sed
1820 3290 1994 3357 potius
2023 3286 2286 3358 amplecti.
2320 3286 2474 3351 Quod
2506 3298 2633 3338 sane
2654 3252 2857 3334 illustre
2899 3276 3263 3344 argumentum
3302 3267 3378 3314 est
3420 3255 3579 3324 hujus
3612 3252 3751 3306 vocis

498 3379 843 3447 antiquitatis.

564 3437 649 3527 [\l.
690 3474 903 3545 Insigne
928 3477 1085 3530 etiam
1116 3479 1308 3535 ibidem
1334 3490 1723 3534 monumentum
1754 3478 2027 3533 catholica:
2060 3476 2185 3547 fidei
2211 3474 2355 3529 circa
2392 3470 2497 3527 SS.
2524 3467 2832 3522 Trinitatem
2854 3451 3479 3547 adducittfragmentum
3492 3437 3749 3547 ‘uidelicet

499 3565 616 3619 libri
649 3531 890 3637 Dionysii
921 3531 2030 3640 RomaeepiscoinaduersusSabellianos.
2060 3531 2240 3621 'Erant
2280 3564 2416 3617 enim
2452 3560 2612 3629 hujus
2653 3563 2808 3611 celate
2843 3550 2956 3621 qui,
2996 3555 3053 3599 ut
3083 3538 3377 3640 Sabellium
3424 3531 3753 3640 refellerent,

499 3659 744 3715 locabant
772 3674 874 3717 tres
907 3664 1011 3719 SS.
1044 3666 1321 3718 Trinitatis
1351 3666 1654 3735 hypostases
1683 3680 1793 3718 esse
1826 3682 1858 3718 a
1884 3681 1936 3718 se
1966 3663 2182 3717 invicem
2216 3660 2476 3721 diversas,
2508 3627 2570 3706 ac
2597 3646 2815 3719 proinde
2842 3652 2948 3697 tres
2978 3638 3133 3711 quasi
3179 3635 3305 3688 deos
3350 3627 3716 3699 praedicabant
3737 3638 3756 3677 :

500 3752 587 3802 Jtii
621 3761 795 3805 autem
842 3753 1051 3807 aiebant
1099 3753 1325 3807 Verbum
1364 3726 1491 3821 opus
1532 3766 1577 3807 et
1614 3770 1722 3807 rem
1769 3754 1964 3822 factam
2009 3768 2141 3807 esse.
2190 3748 2452 3815 Utrosque
2486 3742 2607 3813 jure
2646 3735 2890 3806 coarguit
2934 3728 3239 3798 Dionysius,
3269 3726 3527 3789 docetque
3573 3726 3756 3822 contrq

499 3839 617 3894 illos
679 3852 782 3896 tres
842 3842 947 3898 SS.
1003 3843 1282 3898 Trinitatis
1352 3808 1653 3913 hypostases
1710 3808 1812 3897 noun
1881 3859 1990 3898 esse
2061 3841 2253 3896 divisas
2302 3808 2446 3890 a'se
2486 3808 2770 3890 vinvicem,
2826 3837 2916 3877 nec
2977 3819 3181 3874 Filium
3236 3831 3346 3871 esse
3401 3814 3611 3882 factum
3667 3808 3753 3863 sed

501 3933 747 4001 genitum.

568 4045 629 4100 V.
679 4044 917 4114 Origenis
944 4060 1146 4114 quoque
1170 4047 1472 4102 testimonio
1506 4049 1674 4101 utitur
1698 4046 2017 4101 Athanasius
2049 4045 2282 4100 docentis
2314 4042 2550 4098 Verbum
2600 4046 2864 4092 aeternum
2903 4044 3027 4086 esse
3058 4025 3411 4097 ejusdemque
3441 4034 3509 4074 ac
3537 4017 3755 4072 Patrem

500 4138 828 4191 εειυδιεηῑίω-
879 4135 1021 4189 Nam
1069 4154 1184 4207 quae
1233 4144 1290 4196 in
1326 4144 1440 4213 ejus
1489 4145 1727 4212 aperibus
1760 4144 2003 4199 videntur
2036 4144 2157 4198 huic
2212 4140 2486 4195 catholica:
2515 4134 2784 4191 sententia:
2814 4144 2924 4183 esse
2975 4121 3270 4182 contraria,
3310 4117 3387 4170 ait
3421 4113 3755 4167 Athanasius

502 4216 650 4272 illum
681 4237 781 4274 non
810 4239 873 4276 ex
906 4230 1120 4293 prapria
1150 4242 1322 4287 mente
1354 4250 1661 4303 proponere,
1689 4236 1778 4289 sed
1801 4250 1866 4288 ea:
1889 4249 2068 4287 eorum
2095 4231 2407 4303 quibuscum
2435 4223 2756 4295 disputabat.
2792 4218 2905 4272 Nec
2924 4232 3044 4270 vero
3072 4211 3338 4285 aliquibus
3368 4208 3572 4261 mirum
3599 4203 3758 4257 videri

501 4316 644 4370 debet
677 4335 758 4385 ea,
792 4337 907 4390 qua'
934 4329 1267 4392 postmodum
1297 4330 1613 4387 dictitabant
1645 4332 1858 4397 Ariani,
1884 4333 1967 4386 hic
2011 4333 2078 4385 ab
2106 4298 2346 4400 VOrigene
2386 4333 2563 4394 aperte
2608 4315 2967 4377 condemnari,
3004 4311 3113 4366 haec
3143 4308 3389 4362 nimirum
3427 4302 3610 4365 verba,
3641 4298 3761 4353 Fuit

502 4412 807 4483 aliquando,
846 4391 969 4473 cum
1000 4437 1103 4475 non
1135 4434 1280 4480 esset
1302 4427 1471 4483 Filius
1496 4447 1508 4482 :
1538 4425 1793 4499 siquidem
1827 4391 1881 4483 id
1914 4391 2478 4493 necessariovsequitur
2504 4433 2566 4472 ex
2588 4412 2745 4485 163
2774 4410 2993 4463 illorum
3023 4400 3280 4457 sententia
3306 4395 3397 4467 qui
3421 4391 3472 4446 F
3476 4394 3637 4447 ilium
3659 4406 3759 4499 no‘n

502 4526 700 4579 semper
739 4512 903 4581 fuisse
934 4517 1352 4575 arbitrabantur.
1404 4525 1544 4578 Hinc
1591 4524 1873 4595 Dionysius
1928 4522 2194 4577 Romanus
2242 4520 2299 4572 in
2347 4516 2461 4568 loco
2506 4512 2655 4579 cujus
2696 4520 2820 4561 mox
2866 4497 3221 4559 meminimus,
3270 4493 3347 4546 sic
3396 4483 3757 4559 loquitur:Si

504 4604 678 4660 factus
711 4617 793 4661 est
818 4608 989 4663 Filius
1014 4650 1029 4674 ,
1062 4609 1163 4665 fuit
1193 4612 1480 4685 aliquando
1510 4634 1631 4674 cum
1658 4584 1762 4674 non
1791 4627 1936 4673 esset
1968 4633 1986 4683 ;
2019 4631 2181 4687 quam
2204 4612 2523 4680 impietatem
2553 4603 2807 4672 Origenes
2840 4596 3017 4651 eodem
3054 4591 3210 4645 modo
3240 4604 3301 4641 ac
3331 4584 3426 4639 ille
3460 4586 3757 4686 impugnat.

507 4697 832 4768 Quapropter
860 4720 975 4756 cum
1008 4703 1251 4775 Origenis
1283 4711 1599 4776 temporibus
1626 4721 1792 4765 essent
1821 4708 1911 4779 qui
1940 4671 2079 4761 idem
2116 4671 2393 4765 sentirent,
2420 4696 2557 4771 quod
2582 4671 2764 4765 postea
2794 4687 2988 4745 Ariani
3025 4700 3044 4739 :
3080 4681 3155 4736 nil
3187 4679 3420 4751 profecto
3461 4674 3682 4737 mirum,
3718 4671 3761 4725 si

503 4790 706 4841 εοδάειη
740 4808 939 4861 quoque
970 4770 1215 4862 loquendi
1249 4770 1428 4863 modos
1457 4805 1783 4857 adhiberent.
1820 4770 1925 4856 Sed
1953 4815 2019 4854 ea:
2044 4797 2125 4851 his
2147 4795 2278 4850 satis
2303 4770 2463 4863 fuerit
2490 4791 2764 4844 obseruare
2799 4782 2964 4852 fuisse
2991 4778 3140 4848 longe
3160 4787 3281 4831 ante
3302 4774 3518 4838 Arium,
3547 4770 3763 4824 Ariani:

503 4889 785 4958 impietatis
814 4911 1187 4961 praecursores.

575 4999 662 5054 Vl.
696 5000 966 5057 Postremo
998 5003 1055 5059 S.
1088 5001 1410 5058 Athanasius
1435 4999 1497 5051 de
1531 5012 1652 5052 uoce
1675 4995 1942 5065 ἀγενήτου
1974 4993 2230 5059 disputat.
2252 4989 2417 5043 'Hanc
2437 4988 2665 5045 Arianos
2695 5004 2726 5041 a
2747 4984 2989 5056 profanis
3016 4976 3321 5034 auctoribus
3354 4981 3634 5026 mutuatos
3654 4985 3764 5024 esse

502 5089 601 5154 ait,
636 5099 714 5152 ut,
749 5097 863 5157 post
896 5095 1134 5158 explosas
1163 5091 1298 5144 alias
1328 5105 1508 5144 eorum
1556 5088 1790 5151 voculas,
1826 5102 1975 5140 suam
2004 5084 2324 5153 impietatem
2357 5097 2488 5135 novo
2525 5080 2622 5134 hoc
2653 5075 2902 5133 vocabulo
2949 5079 3194 5141 tegerent.
3245 5065 3383 5120 Nam
3413 5080 3537 5117 cum
3592 5062 3765 5117 solum

505 5178 719 5233 Patrem
750 5155 1040 5251 ἀγένητόν,
1073 5198 1179 5236 non
1204 5180 1425 5243 factum,
1468 5181 1744 5233 dicendum
1768 5193 1880 5232 esse
1913 5178 2123 5241 vellent,
2169 5172 2548 5227 concludebant
2593 5168 2797 5224 Filium
2840 5163 3089 5238 γενητόν,
3138 5161 3364 5222 factum,
3404 5156 3598 5209 debere
3634 5155 3761 5207 dici.

516 5276 701 5332 Verum
733 5248 976 5346 fraudem
1006 5280 1163 5332 istam
1204 5274 1371 5346 aperit
1418 5280 1465 5325 et
1511 5269 1715 5339 repellit
1756 5268 2101 5331 Athanasius,
2141 5266 2392 5333 docetque
2427 5262 2593 5317 Deum
2629 5276 2737 5316 non
2779 5259 2979 5313 factum
3024 5252 3301 5324 appellari,
3344 5261 3612 5319 quatenus
3658 5248 3771 5308 τοῖς

504 5341 770 5440 γενητοῖξ,
799 5369 959 5423 rebus
994 5369 1176 5434 iactis,
1206 5341 1512 5438 opponitur,
1549 5361 1639 5414 sed
1666 5358 1921 5429 appellari
1952 5357 2168 5413 Patrem
2199 5372 2317 5410 cum
2342 5355 2572 5424 refertur
2599 5354 2667 5408 ad
2691 5351 2908 5407 Filium.
2948 5350 3024 5403 De
3064 5364 3186 5403 voce
3223 5346 3496 5414 ἀγενήτου
3553 5341 3768 5395 disserit

505 5433 704 5526 quoque
750 5458 900 5513 Orat.
943 5459 967 5512 1
1018 5433 1204 5513 contra
1240 5433 1515 5511 ‘Arianos,
1555 5460 1600 5503 et
1644 5451 1699 5502 in
1742 5448 1960 5517 epistola
1990 5446 2055 5501 de
2084 5448 2299 5517 synodis
2359 5448 2591 5500 Arimini
2626 5455 2673 5499 et
2716 5444 2994 5505 Seleuciae.
3026 5442 3080 5494 in
3108 5456 3210 5509 qua
3233 5441 3372 5492 circa
3400 5436 3561 5504 finem
3595 5433 3770 5485 locum

506 5546 655 5615 affert
694 5547 926 5613 epistola:
976 5547 1037 5602 S.
1075 5545 1275 5617 lgnatii
1312 5542 1381 5596 ad
1433 5537 1688 5602 Ephesios
1738 5538 2013 5590 scribentis
2067 5535 2350 5591 Dominum
2377 5551 2487 5589 esse
2511 5534 2668 5588 simul
2695 5533 2946 5604 γενητόν,
2986 5530 3212 5592 factum,
3245 5537 3291 5581 et
3321 5526 3616 5596 ἀγένητον,
3660 5536 3769 5575 non

506 5612 729 5690 tactum,
791 5638 1026 5705 Scilicet,
1080 5612 1134 5690 ut
1192 5634 1416 5702 explicat
1458 5630 1517 5684 S.
1570 5629 1783 5693 Doctor,
1846 5628 2099 5681 Dominus
2155 5626 2410 5698 γενητὸς,
2472 5626 2666 5691 factus,
2715 5627 2930 5690 dicitur,
2977 5630 3236 5694 quatenus
3287 5618 3467 5681 homo,
3533 5626 3581 5669 et
3638 5612 3771 5683 ἀγέ-

505 5742 684 5795 νητος,
723 5741 826 5780 non
884 5728 1059 5781 factus
1087 5766 1103 5791 ,
1150 5735 1406 5794 quatenus
1450 5720 1608 5773 Deus.
1650 5717 1849 5771 Ibidem
1896 5730 2099 5785 quoque
2165 5731 2268 5769 non
2332 5723 2485 5782 negat
2529 5715 2734 5785 aliquos
2788 5725 2899 5783 post
2954 5713 3223 5783 Ignatium
3301 5714 3545 5766 doctores
3593 5708 3765 5764 solum

507 5814 721 5869 Patrem
749 5816 943 5871 dixisse
967 5818 1249 5887 ἀγένητον,
1286 5833 1389 5873 non
1421 5816 1661 5871 factum:
1693 5823 1746 5867 at
1784 5812 2052 5881 respondet
2084 5827 2171 5868 eos
2200 5811 2274 5866 ita
2315 5810 2542 5879 locutos,
2582 5828 2684 5866 non
2710 5812 2848 5880 quod
2884 5806 3090 5866 Filium
3117 5806 3366 5879 γενητόν,
3396 5805 3628 5870 factum,
3663 5818 3771 5874 pu-
