3978 6498
222 413 316 466 413
992 404 1079 459 DE
1120 404 1453 459 DECRETIS
1492 405 1789 459 NICAEN/E
1831 405 2095 461 SYNODI.
2127 420 2195 444 -ε
2228 402 2568 457 MONITUM.
3307 403 3409 457 4H

214 532 387 584 tarem,
407 525 493 575 sed
518 532 573 575 ut
591 520 808 576 Patrem
832 522 1029 576 nullam
1050 526 1129 575 sui
1153 540 1367 576 causam
1397 524 1585 576 habere
1613 524 1990 592 signiﬁcarent,
2013 539 2221 595 esseque
2250 521 2459 573 Patrem
2486 516 2789 586 Sapientia',
2811 534 2902 587 per
2935 533 3087 588 quam
3112 517 3286 569 omnia
3317 532 3407 582 γε·

216 615 351 686 νητά,
392 614 553 677 facta,
582 615 724 682 fecit.

278 708 374 761 VII.
403 708 483 760 It‘a:
505 709 585 759 liis
615 723 773 776 porro
800 705 1016 774 aliisque
1046 702 1186 771 infra
1215 704 1283 756 ad
1311 719 1454 757 num.
1486 702 1557 756 28
1580 703 1837 769 dicendis,

1836 748 1837 755 η
1864 703 2017 771 liquet
2046 704 2307 775 ἀγένητον
2334 704 2601 774 legendum
2644 715 2773 762 esse,
2806 715 2907 750 non
2943 712 3060 751 vero
3091 696 3407 764 ἀγέννητον.

213 796 336 851 Nam
360 798 617 867 ἀγένητον
649 798 968 854 Athanasius
1002 818 1200 864 semper
1228 802 1437 870 opponit
1468 800 1543 871 τῷ
1569 800 1781 871 γενητῷ

1839 801 1916 865 lAt
1958 803 2252 872 ἀγέννητον
2297 802 2555 871 signiﬁcat
2595 812 2700 852 non
2745 795 3003 865 genitum,
3039 792 3410 858 apponiturque

210 895 277 964 τῷ
307 893 594 970 γεννητῷ,
643 895 856 963 genito,
918 914 1019 967 quo
1076 915 1203 951 sane
1265 898 1416 951 modo
1451 914 1627 952 verum
1681 908 1757 952 est

1838 899 1992 953 tolum
2059 898 2266 952 Patrem
2337 917 2449 954 esse
2511 895 2834 965 ἀγέννητον,
2907 899 2953 940 et
3021 884 3217 937 Filiunt
3290 899 3409 950 γεν-

211 991 367 1061 νητόν,
395 1000 569 1055 utpote
592 1006 623 1042 a
655 990 813 1044 Patre
835 990 1080 1061 genitum,
1112 990 1189 1041 uti
1223 989 1513 1043 luculenter
1535 990 1679 1043 docet
1710 990 1779 1059 8.,
1804 990 2038 1043 Joannes
2088 990 2461 1055 Damascenus,
2492 991 2583 1042 lib.
2623 1006 2636 1042 I
2674 979 2994 1037 Orthodoxaz
3024 977 3165 1039 lidei,
3207 993 3318 1044 cap.
3355 975 3408 1038 9.

211 1084 277 1134 his
308 1082 632 1151 vei-bis:Xpij
666 1080 771 1151 γὰρ
811 1081 1027 1142 εἰδέναι,
1088 1081 1167 1133 ὅτι
1213 1081 1275 1132 τὸ
1309 1081 1615 1149 ἀγένητον,
1649 1080 1714 1132 δι’
1744 1079 1859 1142 ἐνὸς
1890 1097 1927 1131 ν
1954 1080 2319 1149 γραφόμενον,
2347 1081 2407 1131 τὸ
2447 1081 2699 1133 ἄκτιστον
2730 1078 2845 1147 ἦτοι
2888 1075 2960 1145 μὴ
3006 1073 3290 1143 γενόμενον
3320 1088 3412 1140 οη-

213 1172 385 1243 μσίνει.
427 1173 497 1225 Τὸ
548 1173 604 1224 δὲ
635 1174 979 1241 ἀγεννητον,
1012 1170 1098 1223 διὰ
1135 1169 1240 1222 τῶν
1268 1170 1360 1222 δύο
1394 1188 1469 1224 νον
1494 1170 1831 1240 γραφόμενον
1861 1169 2009 1240 δηλοῖ
2039 1170 2100 1222 τὸ
2119 1171 2199 1240 μὴ
2229 1170 2644 1239 γεννηθέν.......
2669 1165 2826 1220 Κατά
2859 1165 2954 1235 μὲν
2986 1160 3078 1216 οὖν
3111 1164 3170 1216 τὸ
3199 1163 3414 1234 πρῶτον

211 1264 579 1335 σημαινόμενον
609 1263 950 1318 κοινωνοῦσιν
993 1262 1049 1313 αἱ
1091 1264 1238 1330 τρεῖς
1274 1261 1372 1329 τῆς
1418 1262 1579 1329 ἁγίας
1611 1261 1869 1331 Θεότητος
1909 1262 2161 1333 ὑπέρθεοι
2205 1261 2527 1323 ὑποστάσεις
2551 1277 2565 1291 ο
2616 1258 2887 1329 ὁμοούσιοι
2920 1257 3028 1327 γάρ
3058 1258 3148 1309 καὶ
3171 1255 3411 1315 ᾶκτιστοι

211 1353 518 1421 ὑπάρχουσι·
552 1351 694 1404 κατὰ
714 1346 785 1403 ’δὲ
811 1350 868 1403 τὸ
890 1352 1138 1422 δεύτερον
1168 1351 1559 1422 σημαινόμενον
1588 1351 1867 1421 οὐδαμῶςο
1906 1350 2061 1420 μόνος
2092 1349 2197 1422 γὰρ
2233 1352 2260 1402 ὁ
2300 1348 2487 1419 Πατὴρ
2522 1349 2814 1417 ἀγέννητος
2846 1360 2859 1374 ⁸
2903 1345 2962 1396 οὐ
3000 1342 3105 1413 γὰρ
3137 1343 3195 1410 ἐξ
3222 1342 3413 1413 ἐτέρας

210 1440 333 1492 ἐστὶν
353 1437 495 1510 αὑτῷ
531 1439 880 1501 ὑποστάσεως
908 1439 968 1491 τὸ
994 1434 1150 1493 εἶναι.
1192 1438 1257 1492 Id
1280 1450 1353 1493 est
1384 1454 1401 1491 :
1443 1439 1729 1493 Sciendum
1772 1458 1781 1490 ι

1840 1448 1855 1492 ι
1902 1455 2086 1492 vocem
2121 1439 2407 1507 ἀγένητον,
2446 1454 2539 1504 per
2564 1455 2720 1493 unum
2757 1458 2785 1493 ν
2816 1439 3411 1509 scriptam,signilicare

212 1532 332 1598 quod
362 1532 661 1585 increatum
698 1540 802 1596 est,
842 1533 955 1588 sive
986 1534 1125 1602 quod
1163 1549 1265 1587 non
1294 1542 1368 1587 est
1405 1532 1622 1588 factum.
1653 1533 1721 1585 At
1745 1547 1844 1585 vox
1873 1532 2190 1601 ἀγέννητον,
2217 1546 2313 1598 per
2340 1534 2442 1584 duo
2472 1547 2532 1583 νν
2559 1514 2781 1599 scripta,
2816 1532 3080 1601 signiﬁcat
3128 1546 3267 1600 quoa
3305 1546 3409 1584 non

210 1634 277 1676 εει
303 1623 657 1692 genitum.....
698 1623 770 1677 Ea
804 1640 905 1678 vox
933 1625 1226 1679 secundum
1260 1626 1484 1694 primam
1508 1624 1954 1691 signiﬁcationem
1986 1622 2290 1677 communis
2337 1631 2420 1675 est.
2468 1622 2637 1676 tribus
2678 1636 2879 1678 sancta:
2920 1625 3218 1679 divinitatis
3246 1626 3415 1696 hypo-

211 1715 418 1768 SIasibus
470 1715 866 1781 divinissimis;
916 1734 1039 1771 nam
1095 1720 1582 1773 consubstantiales
1629 1729 1757 1772 sunt
1809 1728 1861 1771 et
1921 1719 2173 1770 iucreata:
2216 1732 2229 1767 :
2281 1717 2372 1770 sed
2416 1718 2565 1783 juxta
2624 1720 2910 1773 secundam
2976 1720 3416 1789 signiﬁcationem

210 1821 298 1857 non
321 1815 397 1860 est
424 1807 753 1872 communis,
811 1809 1071 1878 siquidem
1099 1810 1243 1864 solus
1280 1808 1435 1864 Pater
1462 1819 1544 1863 est
1571 1795 1885 1879 ἄγ’ἐννητος,
1911 1824 2013 1861 non
2045 1807 2270 1876 genitus.
2304 1809 2500 1875 quippe
2527 1809 2617 1877 qui
2653 1826 2754 1867 non
2787 1814 2856 1867 sit
2884 1829 2945 1867 ex
2987 1814 3088 1866 alia
3122 1814 3413 1885 hypostasi.

213 1897 387 1950 Eadem
432 1900 652 1953 totidem
699 1901 860 1954 verbis
905 1911 1109 1955 exstant
1146 1902 1202 1954 in
1254 1901 1387 1955 libro
1427 1901 1499 1956 De
1557 1901 1657 1955 SS.
1704 1901 1993 1964 Trinitate,
2043 1915 2158 1967 cap.
2212 1898 2265 1963 8,
2317 1899 2369 1951 in
2413 1898 2516 1960 line
2564 1905 2689 1955 tomi
2745 1903 2821 1956 VI
2864 1904 3087 1974 Operam
3134 1905 3194 1959 S.
3236 1902 3418 1974 Cyrilli

212 1986 547 2040 Alexandrini.

266 2098 385 2155 VIII.
422 2099 645 2152 Videtur
660 2108 829 2151 tamen
863 2098 1088 2166 antiquis
1117 2098 1449 2165 scriptoribus
1469 2098 1645 2168 ignota
1670 2096 1828 2165 fuisse
1860 2099 2158 2165 hujusmodi
2193 2101 2473 2155 distinctio.
2498 2101 2731 2170 Namque
2753 2105 2951 2173 Cicero,
2979 2105 3267 2161 Tusculan.
3290 2120 3328 2167 ι,
3360 2102 3419 2157 τὺ

211 2190 442 2260 ἀγένητον
472 2191 649 2253 vertit,
681 2189 732 2242 id
758 2188 909 2257 cujus
936 2188 1073 2242 nulla
1096 2198 1176 2243 est
1198 2189 1368 2257 origo,
1394 2201 1465 2253 et,
1496 2191 1635 2257 quod
1668 2205 1768 2243 non
1792 2191 1963 2245 oritur
1995 2192 2078 2245 vel
2111 2194 2349 2247 nascitur
2376 2212 2390 2247 :
2424 2196 2497 2247 sic
2519 2197 2653 2247 enim
2685 2201 2793 2248 ha'c
2834 2193 3068 2250 Platonis
3100 2198 3155 2251 in
3193 2196 3420 2250 Phaedro

211 2261 337 2333 verba
363 2282 559 2345 reddit,
588 2280 731 2350 ἀρχὴ
766 2279 821 2331 δὲ
845 2278 1122 2348 ἀγένητον,
1172 2279 1418 2347 principii
1464 2288 1641 2332 autem
1687 2280 1774 2331 nul

1864 2291 1946 2334 est
1976 2282 2165 2351 origo:
2220 2282 2437 2353 Ἐπειδὴ
2474 2284 2528 2336 δὲ
2574 2284 2833 2355 ἀγένητόν
2874 2288 3011 2349 ἐστι,
3044 2287 3183 2355 quod
3219 2287 3262 2339 si
3294 2301 3420 2338 nus-

184 2382 348 2438 ‘quam
385 2372 564 2425 oritur
589 2410 605 2433 ,
653 2370 714 2434 ἐξ
746 2371 988 2439 ἀνάγκης
1026 2369 1285 2439 ἀγένητόν
1320 2388 1379 2422 τε
1414 2372 1505 2423 καὶ
1538 2371 1755 2425 ἁθάνατι

1848 2373 1970 2443 Ρυχὴ
2002 2374 2069 2427 ἂν
2097 2376 2203 2445 εἴη,
2237 2386 2427 2429 natura
2470 2377 2632 2431 animi
2683 2395 2853 2446 neque
2901 2391 3020 2432 nata
3057 2387 3203 2433 certe
3228 2388 3331 2440 est,
3366 2388 3419 2431 et

210 2468 383 2514 eterna
411 2471 513 2516 est.
564 2461 753 2514 Verum
777 2478 866 2514 nec
887 2462 967 2513 illi
997 2461 1153 2514 etiam
1192 2463 1427 2515 videntur
1463 2465 1694 2531 posuisse
1731 2466 2010 2518 discrimen
2043 2467 2177 2518 inter
2210 2484 2311 2519 non
2349 2468 2496 2521 nasci
2545 2468 2649 2521 sive
2671 2469 2793 2536 ιιιοη
2820 2513 2825 2518 Α
2854 2470 3019 2538 gigni,
3063 2479 3111 2522 et
3145 2484 3246 2521 non
3282 2467 3419 2520 ﬁeri.

210 2552 257 2610 S.
291 2556 527 2610 Hilarius
573 2558 706 2610 libro
738 2557 935 2611 Contra
963 2554 1355 2621 Constantium,
1381 2575 1525 2613 num.
1562 2559 1646 2626 16,
1678 2562 1911 2614 eamdem
1938 2577 2107 2614 vocem
2135 2564 2301 2615 reddit
2335 2564 2733 2624 innascibilem,
2768 2562 2868 2612 nisi
2900 2559 3032 2627 forte
3053 2558 3229 2626 legerit
3262 2556 3417 2624 ἀγέν-

211 2668 347 2723 νητον
396 2652 686 2709 Novitates
714 2668 926 2717 vocum,
962 2653 1127 2721 inquit
1169 2654 1255 2707 ille
1287 2656 1356 2707 ad
1388 2656 1775 2720 Constantium,
1808 2657 1901 2710 sed
1940 2657 2197 2725 profanas
2243 2659 2471 2712 devitari
2520 2658 2672 2726 jubet
2722 2654 3032 2721 Apostolus.
3066 2651 3144 2704 Tu
3173 2666 3270 2704 cur
3305 2651 3422 2719 pias

210 2740 447 2805 excludis,
483 2757 614 2796 Clllll
648 2742 943 2809 praesertim
975 2743 1041 2794 ab
1065 2757 1129 2796 eo
1156 2744 1353 2796 dictum
1384 2745 1453 2799 sit
1482 2759 1498 2798 :
1537 2764 1555 2796 ι
1587 2746 1771 2799 Omnis
1800 2745 2079 2814 Scriptura
2107 2749 2360 2802 divinitus
2389 2749 2642 2817 inSpirala
2677 2746 2819 2800 utilis
2853 2753 2936 2798 est
2956 2744 2978 2796 ?
2998 2763 3017 2795 ι
3056 2740 3424 2795 Innascibilem

211 2834 446 2901 scriptum
480 2849 754 2901 nusquam
791 2833 956 2902 legis,
1004 2838 1243 2904 nunquid
1276 2848 1331 2892 et
1368 2839 1468 2893 hoc
1500 2840 1797 2908 negandum
1825 2840 1952 2901 erit,
1985 2842 2109 2910 quia
2147 2858 2343 2896 novum
2380 2844 2510 2897 est?
2566 2842 2817 2894 Notanda
2861 2854 3060 2909 quoque
3113 2828 3425 2890 Tertulliani

210 2930 359 2995 verba,
405 2932 496 3000 qui
556 2915 692 2984 libro
733 2932 806 2986 Dc
836 2934 1034 2998 anima,
1063 2951 1177 3003 cap.
1211 2935 1266 2999 4,
1299 2953 1468 2989 vocem
1497 2937 1757 3008 ἀγένητον
1795 2952 1859 2992 ea:
1898 2935 2140 2990 Platonis
2181 2939 2293 2991 loco
2340 2939 2497 3007 paulo
2538 2947 2658 2991 ante
2710 2938 2869 2990 citato
2900 2935 3054 2989 simul
3101 2935 3343 2987 innatum
3372 2944 3427 2986 et

210 3013 443 3072 inlectum
476 3020 677 3073 reddit.
709 3022 1057 3092 Consequens
1110 3028 1251 3079 enim
1290 3036 1393 3092 est,
1447 3030 1636 3097 inquit,
1682 3036 1739 3081 ut
1785 3043 1848 3081 ex
1897 3027 1989 3082 Dei
2026 3027 2155 3081 ﬂatu
2193 3030 2427 3081 animam
2461 3026 2710 3096 professi,
2750 3026 2959 3079 initium
2994 3025 3040 3077 ei
3082 3024 3421 3092 deputemus.

210 3104 304 3159 Hoc
328 3107 474 3163 Plato
511 3109 779 3173 excludit,
807 3128 1039 3170 INNATAM
1065 3125 1119 3169 et
1150 3133 1411 3172 INFECTAM
1454 3119 1686 3172 animam
1735 3118 1922 3172 volens
1953 3136 1966 3171 :
2015 3127 2072 3173 et
2121 3128 2301 3172 natam
2338 3130 2513 3172 autem
2562 3118 2819 3171 docemus
2855 3125 2909 3169 et
2940 3115 3157 3178 factam,
3186 3129 3251 3167 ex
3285 3115 3422 3168 initii

207 3198 599 3253 constitutione.
652 3199 763 3254 Nec
819 3205 999 3257 statim
1048 3208 1346 3261 erravimus
1393 3218 1678 3278 utrumque
1728 3209 1989 3272 dicentes,
2048 3209 2170 3276 quia
2226 3208 2434 3262 scilicet
2468 3208 2611 3261 aliud
2644 3208 2714 3260 sit
2761 3216 2971 3269 natum,
3022 3205 3166 3258 aliud
3197 3204 3424 3274 factum,

207 3296 365 3356 utpote
394 3292 540 3345 illud
576 3294 900 3349 animalibus
928 3310 1261 3368 competens.
1301 3303 1623 3357 Differentia:
1654 3313 1858 3365 autem,
1888 3319 1981 3357 sua
2015 3303 2265 3370 habendo
2290 3304 2405 3363 loca
2439 3316 2494 3358 et
2519 3312 2781 3371 tempora,
2810 3302 3011 3355 habent
3050 3300 3342 3368 aliquando
3367 3310 3424 3355 et

206 3382 525 3445 passivitalis
593 3388 942 3441 commercia.
1012 3390 1170 3457 Capit
1234 3392 1416 3459 itaque
1469 3400 1523 3446 et
1577 3391 1840 3446 facturam
1888 3406 1985 3460 pro
2032 3391 2179 3445 nasci
2235 3391 2388 3460 poni,
2460 3391 2721 3459 siquidem
2775 3403 2954 3451 omne,
3024 3386 3167 3454 quod
3210 3401 3427 3456 quoquo

209 3474 344 3525 modo
391 3475 600 3543 accipit
654 3492 800 3543 esse,
854 3493 1162 3548 generatur.
1217 3481 1350 3535 Nam
1405 3491 1459 3537 et
1518 3482 1693 3538 factor
1754 3484 1869 3552 ipse
1933 3496 2137 3552 parens
2184 3481 2313 3537 facti
2367 3492 2540 3552 potest
2611 3484 2769 3537 dici:
2813 3484 2892 3537 sic
2935 3492 2988 3537 et
3031 3482 3186 3537 Plato
3235 3483 3423 3537 utitur.

212 3560 320 3616 Hice
350 3564 471 3619 ille-

267 3654 350 3709 IX.
394 3656 478 3709 De
516 3663 746 3721 tempore
777 3669 878 3722 quo
924 3653 1035 3710 htec
1082 3657 1207 3708 data
1254 3655 1351 3722 fuit
1390 3655 1608 3725 epistola
1658 3658 1937 3711 dicendum
1981 3668 2162 3713 restat.
2222 3660 2436 3715 Constat
2483 3664 2822 3725 compositam
2869 3665 3031 3733 fuisse
3061 3675 3173 3733 post
3212 3664 3426 3718 Eusebii

209 3750 538 3805 Casariensis
568 3758 827 3802 mortem:
852 3764 974 3799 nam
999 3745 1189 3797 Acacio
1219 3744 1330 3811 ejus
1360 3760 1656 3797 successore
1683 3748 1880 3813 scripta
1918 3757 2014 3811 est,
2048 3758 2103 3800 ut
2139 3759 2278 3817 patet
2320 3767 2464 3804 num.
2492 3751 2546 3805 5.
2588 3749 2807 3807 Certum
2840 3770 3039 3823 quoque
3076 3766 3147 3808 est
3180 3755 3429 3821 scriptam

212 3842 354 3909 fuisse
416 3852 634 3897 mortuo
682 3840 908 3895 Eusebio
958 3836 1363 3896 Nicomediensi,
1411 3838 1835 3907 quandoquidem
1887 3839 1951 3891 de
1989 3856 2070 3905 eo,
2109 3851 2358 3910 tanquam
2402 3846 2489 3912 qui
2541 3862 2643 3898 non
2688 3846 2913 3913 amplius
2962 3856 3093 3899 esset
3143 3856 3428 3915 superstes,

210 3936 386 3999 passim
424 3934 667 4001 loquitur
696 3928 1031 3983 Athanasius.
1062 3926 1290 3993 Denique
1322 3927 1466 3993 pacis
1502 3937 1729 3995 tempore
1758 3928 2005 3997 nullaque
2036 3932 2092 3983 in
2124 3930 2470 3986 Athanasium
2509 3948 2777 4002 grassante
2823 3941 3175 4005 persecutione
3233 3939 3431 3991 editam

212 4044 307 4080 esse
335 4030 567 4082 innuunt
605 4026 716 4078 haec
745 4023 896 4076 verba
938 4037 1053 4090 qua:
1084 4037 1227 4073 num.
1266 4020 1300 4071 2
1334 4020 1626 4073 habentur:
1658 4020 1737 4075 Ne
1763 4024 2000 4087 mireris,
2041 4025 2085 4078 si
2117 4040 2257 4078 nunc
2291 4026 2365 4077 ita
2398 4039 2454 4078 se
2489 4039 2677 4093 gerant
2707 4030 2961 4101 (Ariani).
2992 4034 3255 4101 siquidem
3290 4034 3430 4086 haud

214 4117 365 4171 multo
390 4125 519 4187 post
548 4114 784 4166 futurum
812 4121 913 4173 est,
939 4119 997 4162 ut
1020 4108 1178 4162 iidem
1212 4108 1274 4160 ad
1301 4108 1525 4175 injurias
1551 4124 1669 4163 sese
1706 4122 2021 4166 convertant
2047 4130 2060 4177 ;
2094 4114 2397 4179 deindeque
2421 4116 2694 4170 cohortem
2732 4129 2786 4172 et
2819 4124 3091 4175 tribunum
3142 4125 3298 4176 nobis
3334 4124 3432 4179 mi-

214 4208 559 4261 nitabuntur:
604 4205 689 4258 his
711 4203 853 4257 enim
884 4208 991 4254 tota
1028 4198 1275 4251 innititur
1316 4212 1567 4265 perversa
1626 4200 1834 4253 illorum
1878 4201 2145 4255 doctrina.
2200 4201 2283 4253 Ea:
2332 4202 2517 4268 quibus
2562 4207 2890 4272 perspicuum
2940 4210 3099 4277 fuerit
3144 4214 3253 4264 haec
3310 4222 3434 4262 tunc

212 4300 471 4367 scripsisse
512 4296 575 4351 S.
616 4294 985 4358 Athanasium,
1024 4310 1139 4345 cum
1170 4294 1491 4361 quiescerent
1523 4294 1733 4360 Ariani,
1774 4296 2000 4364 nihilque
2038 4307 2219 4349 contra
2251 4295 2419 4361 ipsum
2446 4300 2620 4363 palam
2651 4302 2979 4356 molirentur.
3035 4304 3295 4368 Quocirca
3324 4314 3435 4357 sta-

214 4398 451 4449 tuendum
503 4396 707 4449 videtur
732 4394 979 4459 scriptant
1018 4406 1126 4443 esse
1163 4390 1296 4443 hanc
1324 4391 1597 4458 epistolam
1626 4393 1689 4445 ab
1722 4409 1859 4445 anno
1898 4394 2003 4447 550
2038 4395 2106 4446 ad
2147 4410 2340 4446 annum
2374 4394 2497 4458 554,
2538 4411 2715 4461 nempe
2752 4404 2864 4461 post
2905 4398 3127 4449 reditum
3156 4397 3434 4448 Athanasii

212 4485 587 4539 Alexandriam
665 4488 835 4540 occiso
903 4485 1153 4558 Gregorio
1212 4488 1553 4544 Alexandria:
1623 4492 2098 4561 pseudoepiscopo,
2172 4502 2453 4563 antequam
2528 4506 2645 4544 eum
2729 4493 2916 4545 iterum
2980 4510 3165 4547 vexare
3228 4493 3444 4561 creperi:

216 4579 572 4635 Constantius.

276 4696 342 4753 Χ.
376 4698 441 4751 1η
480 4699 587 4765 ﬁne
625 4695 936 4757 subiecimus
976 4693 1246 4761 epistolam
1285 4692 1500 4749 Eusebii
1533 4697 1872 4753 Caesariensis
1899 4702 1966 4753 ad
2007 4718 2117 4755 sua:
2145 4680 2386 4770 ραι-ατεὶῶ
2439 4703 2692 4766 homines,
2740 4698 3179 4773 quemadmodum
3222 4713 3275 4751 se
3316 4696 3437 4749 sub-

214 4787 389 4852 iecisse
418 4793 491 4843 ait
526 4788 586 4844 S.
612 4786 933 4840 Athanasius
966 4800 1110 4837 num.
1138 4784 1193 4847 3,
1229 4794 1284 4837 ut
1323 4794 1372 4839 et
1406 4796 1577 4841 exstat
1615 4790 1673 4842 in
1703 4803 2057 4860 manuscripto
2088 4791 2250 4863 Regio
2288 4810 2350 4845 ac
2378 4794 2432 4847 in
2464 4792 2741 4847 Basiliensi
2784 4790 3147 4852 Felcltmanni,
3182 4805 3342 4857 eaque
3382 4790 3437 4839 in

216 4890 348 4933 (omo
380 4881 440 4935 II
480 4881 730 4935 editionis
769 4879 1136 4937 Commeliante
1175 4884 1371 4937 inserta
1399 4896 1495 4949 est,
1528 4904 1643 4941 cum
1687 4906 1801 4943 sero
1858 4892 2012 4943 nimis
2044 4892 2411 4946 animadversa
2447 4908 2540 4947 suo
2571 4892 2682 4945 loco
2712 4890 2937 4962 amplius
2980 4887 3159 4957 reponi
3188 4886 3304 4957 jam
3336 4901 3438 4938 non

216 4989 399 5045 posset,
428 4986 484 5033 ut
510 4978 703 5032 ibidem
730 4977 942 5033 dicitur.
974 4977 1041 5032 In
1065 4978 1183 5033 aliis
1208 4987 1378 5033 autem
1402 4981 1714 5038 editionihus
1749 4985 1954 5054 penitus
1994 4987 2187 5039 omissa
2230 4985 2355 5055 fuit.
