3978 6512
563 388 668 445 415

1126 391 1183 445 S.
1220 390 1584 445 ATHANASII
1622 389 1773 444 OPP.
1817 388 1992 444 PARS
2031 391 2072 445 Ι.
2117 419 2187 431 ——
2226 388 2594 445 HISTOBICA
2644 387 2730 442 ET
2775 386 3203 443 DOGMATICA.

3695 386 3801 445 416

572 541 3783 570 ww

1653 713 1791 767 ΤΟΥ
1827 713 1918 767 ΕΝ
1951 713 2174 768 ΔΓΙΟΙΣ
2209 711 2475 766 ΠΑΤΡΟΣ
2510 708 2708 765 ΗΜοΝ

1747 882 2617 999 ΑΘΑΝΑΣΙΟΥ

1280 1097 2202 1190 ΑΡΧΙΕΠΙΣΚΟΠΟΥ
2254 1093 3073 1189 ΑΛΕΞΑΝΔΡΕΙΑΣ

1640 1292 2519 1428 ΕΠΙΣΤΟΛΗ
2548 1283 2683 1361 ‘22"

627 1526 753 1583 Ὀτι
785 1530 823 1599 ἠ
851 1528 921 1584 ἐν
948 1529 1164 1597 Νικαίᾳ
1192 1528 1456 1594 σύνοδος
1484 1527 1773 1596 ἑωρακυῖα
1798 1524 1913 1597 τὴν
1940 1528 2309 1596 πανουργίαν
2338 1525 2456 1580 τῶν
2482 1527 2615 1593 περὶ
2656 1523 2965 1592 Εὑσέὅιον,
2996 1523 3231 1591 ἐξέθετο
3257 1523 3612 1597 πρεπόντως
3637 1529 3731 1582 καὶ

1345 1619 1605 1686 εὐσεϐῶς
1633 1620 1781 1673 κατὰ
1806 1619 1914 1689 τῆς
1932 1617 2238 1687 Ἀρειανῆς
2258 1617 2538 1686 αἱρέσεως
2562 1617 2634 1671 τὰ
2664 1617 2996 1684 ὁρισθέντα.

1442 1961 1572 2101 S.
1637 1966 1768 2087 P.
1835 1964 1983 2088 N.
2050 1954 2913 2085 ATHANASII

1247 2213 2157 2309 ARCHIEPISCOPI
2235 2214 3074 2312 ALEXANDRINI

1836 2426 2526 2542 EPISTOLA

763 2656 916 2720 Quod
940 2653 1161 2709 Nicama
1188 2652 1440 2723 synodus,
1471 2655 1740 2720 perspecta
1771 2645 2189 2699 Eusebianorum
2223 2643 2535 2710 calliditate,
2582 2655 2925 2715 congruenter
2952 2654 3000 2699 et
3030 2644 3112 2715 pie
3149 2661 3268 2715 quae
3305 2647 3562 2701 adversus

1571 2743 1827 2796 Arianam
1851 2740 2088 2796 lueresim
2116 2737 2319 2793 decreta
2348 2749 2468 2793 sunt
2501 2738 2741 2794 ediderit.

626 3111 784 3184 164
816 3111 867 3167 l.
900 3110 1067 3166 Recte
1112 3112 1327 3182 quidem
1360 3120 1415 3166 tu
1449 3112 1647 3177 fecisti,
1685 3112 1775 3181 qui
1814 3119 1959 3166 tuam
1990 3126 2101 3166 cum

2282 3106 2395 3179 (18)
2426 3105 2621 3172 Καλῶς
2662 3105 2943 3177 ἐποίησας,
2991 3106 3235 3178 δηλώσας
3279 3124 3370 3178 μοι
3427 3108 3529 3180 τὴν
3564 3105 3786 3179 γενομέ-

561 3201 773 3256 Arianze
790 3201 1009 3256 haeresis
1025 3202 1509 3272 propugnatoribus
1529 3200 1950 3271 disputationem
1978 3201 2108 3255 mihi

560 3291 973 3361 signiﬁcaveris,
1006 3292 1350 3361 adfuisseque
1379 3293 1522 3346 inter
1552 3306 1644 3346 eos
1664 3329 1678 3357 ,
1724 3291 2010 3347 nonnullos
2041 3306 2109 3347 ex

548 3385 763 3440 Eusebii
798 3387 1093 3448 sodalibus,
1117 3386 1525 3455 plurimosquee
1547 3386 1802 3441 fratribus
1822 3386 1912 3456 qui
1951 3384 2108 3440 fidem

550 3472 807 3528 Ecclesia:
857 3488 1172 3543 sequuntur.
1208 3473 1319 3527 Tua
1345 3476 1533 3543 igitur,
1575 3489 1694 3541 qum
1734 3489 1863 3529 vero
1905 3473 2108 3529 Christi

549 3580 735 3619 amore
783 3566 963 3631 ardet,
996 3566 1276 3635 vigilantia
1317 3566 1446 3620 mihi
1483 3566 1636 3620 valde
1671 3565 1894 3635 placuit,
1933 3581 2109 3634 eaque

545 3656 767 3727 impiam
816 3658 1066 3713 haeresim
1123 3659 1341 3728 egregie
1393 3658 1711 3713 confutavit.
1746 3659 2110 3714 Vehementer

543 3754 725 3798 autem
767 3746 981 3801 illorum
1010 3749 1399 3818 impudentiam
1426 3764 1543 3802 sunt
1599 3748 1916 3812 admiratus,
1964 3746 2106 3817 quod

547 3839 763 3892 tametsi
812 3840 961 3894 clare
1004 3852 1282 3894 ostensum
1337 3842 1437 3894 fuit
1488 3841 1815 3894 Arianorum
1865 3841 2106 3895 rationes

542 3926 725 3979 lutiles
750 3926 1034 3981 admodum
1077 3936 1130 3980 et
1174 3930 1363 3982 inanes
1396 3943 1536 3990 esse.
1573 3928 1783 3998 ipsique
1813 3931 1880 3984 ab
1927 3932 2105 3983 omnl-

542 4010 644 4070 bus
709 4019 888 4071 omnis
934 4019 1188 4087 nequitia:
1242 4020 1580 4075 condemnati
1633 4020 1869 4089 fuerunt,
1925 4030 2103 4076 tamen

543 4106 900 4162 nihilominus
931 4124 1079 4163 more
1104 4109 1411 4164 Judzeorunt
1446 4121 1785 4165 murmurent
1808 4127 1872 4167 ac
1911 4112 2106 4167 identi-

540 4197 663 4251 dem
693 4198 914 4253 dicant:
946 4198 1123 4266 Qnare
1146 4202 1234 4269 qui
1274 4201 1466 4256 Nicaea:
1506 4213 1894 4268 convenerunt,
1944 4218 2107 4259 voca-

539 4286 665 4341 bula
713 4304 818 4343 non
863 4291 1085 4361 scripta,
1120 4308 1311 4363 nempe
1349 4310 1412 4348 ea:
1441 4295 1736 4348 substantia
1785 4305 1838 4349 et
1881 4298 2103 4349 consub-

536 4381 787 4436 stantiale
817 4382 1129 4453 scripsere?
1158 4385 1234 4439 Tu
1250 4387 1487 4455 quidem,
1516 4396 1572 4441 ut
1599 4388 1682 4441 vir
1699 4387 1955 4450 disertus.
1982 4388 2102 4444 illos

2213 3214 2312 3270 νην
2338 3199 2487 3269 παρὰ
2517 3199 2609 3251 σοῦ
2633 3197 2858 3270 ζήτησιν
2888 3196 3023 3267 πρὸς
3043 3198 3170 3261 τοὺς
3190 3197 3256 3251 τὰ
3281 3197 3494 3270 Ἀρείου
3523 3198 3787 3268 πρεσϐεύε

2209 3305 2387 3356 οντας,
2428 3294 2484 3344 ὲν
2515 3285 2595 3354 οἷς
2627 3282 2767 3361 ἦσαν
2794 3286 2888 3341 καὶ
2915 3288 3021 3341 τῶν
3054 3289 3315 3342 Εὐσεϐίου
3345 3288 3490 3353 τινὲς
3526 3289 3779 3360 ἑταίρων,

2210 3383 2304 3435 καὶ
2336 3382 2573 3435 πλεῖστοι
2614 3382 2670 3435 δὲ
2704 3380 2812 3435 τῶν
2851 3380 2922 3434 τὰ
2957 3376 3057 3451 τῆς
3083 3378 3410 3453 Ἐκκλησίας
3446 3381 3781 3452 φρονούντων

2208 3473 2471 3542 ἀδελφῶν.
2503 3474 2613 3544 Τὴν
2650 3471 2748 3544 μὲν
2791 3468 2883 3525 οὖν
2906 3472 3002 3544 σὴν
3035 3472 3376 3544 φιλόχριστον
3404 3474 3563 3543 νῆψιν
3594 3473 3787 3526 ἀπεδεο

2211 3562 2407 3636 ξάμην,
2455 3565 2632 3629 καλῶς
2666 3563 3020 3633 διελέγξασαν
3053 3567 3150 3636 τὴν
3196 3567 3295 3636 τῆς
3332 3566 3604 3638 αἱρέσεως
3659 3568 3780 3622 ἀσέ-

2207 3658 2393 3712 ϐειαν*
2418 3659 2517 3729 τὴν
2539 3658 2584 3711 δ’
2617 3656 2841 3711 ἐκείνων
2872 3658 3252 3729 ἀναισχυντίαν
3293 3659 3643 3731 τεθαύμακα,
3684 3661 3783 3724 ὅτι,

2207 3754 2382 3806 καίτοι
2437 3752 2531 3805 καὶ
2570 3750 2864 3823 Ἀρειανῶν
2896 3751 3171 3821 λογισμῶν
3203 3752 3528 3823 δειχθέντων
3575 3752 3786 3825 σαθρῶν

2205 3858 2265 3897 τε
2292 3843 2385 3897 καὶ
2420 3841 2681 3911 ματαίων,
2708 3840 2842 3894 ἀλλὰ
2870 3840 2966 3894 καὶ
3008 3838 3157 3911 παρὰ
3190 3841 3409 3894 πάντων
3432 3842 3594 3896 αὐτοὶ
3622 3859 3785 3896 κατα-

2205 3933 2537 4004 γνωσθέντες
2569 3929 2660 3985 ὲπὶ
2707 3933 2856 4004 πάσῃ
2884 3930 3285 4003 κακοφροσύνῃ,
3317 3934 3470 4001 ὅμως
3502 3935 3602 3987 καὶ
3651 3932 3783 4004 μετὰ
3802 3954 3821 3971 ο

2204 4024 2375 4078 ταῦτα
2398 4020 2744 4092 διεγόγγυζον
2796 4023 2939 4075 κατὰ
2980 4024 3105 4086 τοὺς
3149 4022 3461 4085 Ἰουδαίους,
3498 4023 3781 4090 λέγοντες·

2205 4117 2304 4170 Διὰ
2325 4116 2376 4169 τί
2403 4116 2451 4169 οἱ
2487 4116 2545 4170 ὲν
2572 4115 2638 4186 τῇ
2680 4112 2885 4185 Νικαίᾳ
2938 4113 3279 4178 συνελθόντες
3335 4114 3586 4187 ἔγραψαν
3610 4116 3797 4189 ριηγρᾲελ

2204 4224 2340 4279 (ρους
2399 4208 2595 4274 λέξεις,
2645 4207 2707 4260 τὸ
2753 4208 2821 4263 ἐκ
2870 4205 2981 4275 τῆς
3045 4208 3263 4274 οὐσίας
3311 4209 3407 4261 καὶ
3463 4207 3531 4262 τὺ
3579 4212 3783 4285 (51.4%}:-

2192 4292 2371 4377 p’tor,‘
2400 4302 2472 4355 Σὺ
2519 4301 2617 4373 μὲν
2652 4296 2746 4354 οὖν
2785 4300 2917 4370 (l9),
2941 4300 3018 4364 ὡς
3055 4300 3235 4369 λόγιος
3272 4299 3433 4372 ἀνὴρ,
3478 4303 3577 4355 καὶ
3618 4304 3782 4367 οὕτως

2204 4393 2400 4457 αὐτοὺς
2438 4390 2934 4464 σχηματιζομένους
2951 4392 3102 4445 οὐδὲν
3128 4386 3289 4463 ἦττον
3320 4392 3622 4460 ἀπέδειξας
3636 4412 3781 4448 κενο-

540 4474 613 4527 ita
646 4474 807 4529 etiam
834 4453 1425 4547 tergiversantesntihil
1465 4478 1569 4533 nisi
1608 4478 1739 4533 falsa
1769 4479 1983 4533 effutire
2006 4479 2100 4533 de-

2203 4453 2758 4549 λογοῢνταξοηὲκεῖνοί
2792 4480 2849 4535 δὲ
2874 4453 3023 4534 οόδὲν
3047 4453 3196 4546 ξένον
3225 4479 3323 4550 τῆς
3364 4453 3583 4534 ἑαυτῶν
3602 4453 3779 4535 ’κακο-

538 4568 892 4622 tnonstrasti:
928 4579 983 4622 at
1032 4568 1106 4623 illi
1140 4569 1271 4623 nihil
1317 4571 1550 4625 alienum
1601 4586 1629 4624 a
1681 4573 1945 4639 pravitate
1986 4587 2096 4626 suat

538 4658 734 4711 mentis
747 4659 1257 4723 comtnittunt,cum
1284 4662 1462 4714 varias
1485 4660 1970 4716 comminiscuntur
1997 4658 2102 4713 dif-

538 4747 824 4803 licultates.
859 4748 992 4803 Tam
1023 4761 1147 4804 sunt
1168 4752 1309 4805 enim
1346 4752 1719 4806 inconstantes
1742 4752 1795 4806 in
1827 4752 2101 4807 variandis

536 4842 841 4907 sententiis,
870 4857 1033 4910 quam
1074 4845 1494 4900 chamaeleontes
1529 4845 1579 4899 in
1610 4845 1869 4899 mutando
1893 4844 2098 4900 colore.

537 4928 676 4983 Hinc
703 4944 825 4984 cum
852 4934 1273 4999 convincuntur,
1321 4936 1653 4989 erubescunt
1692 4952 1706 4990 :
1752 4937 1961 4991 haerent
2003 4952 2100 4989 au-

538 5030 646 5074 tem
665 5034 786 5074 cum
814 5022 1215 5091 examinantur,
1249 5040 1311 5079 ac
1345 5026 1560 5079 tandem
1594 5040 1730 5078 vana
1758 5026 2101 5094 impudenter

535 5120 861 5178 praetexunt,
890 5126 1007 5181 quae
1033 5116 1076 5166 si
1112 5115 1233 5183 quis
1267 5116 1545 5180 refellerit,
1588 5132 1692 5169 non
1733 5115 2101 5184 defatigantur

536 5201 709 5255 donec
738 5215 802 5253 ea
833 5216 952 5271 quae
990 5202 1135 5256 nulla
1163 5213 1291 5257 sunt
1313 5204 1769 5274 excogitaverint,
1811 5215 1866 5258 et
1895 5203 2098 5269 inania,

536 5300 596 5345 nt
624 5291 887 5360 scriptum
914 5299 998 5346 est
1026 5291 1096 5357 ⁸⁸,
1127 5290 1330 5346 fuerint
1370 5292 1633 5357 meditati,
1687 5307 1787 5346 nec
1830 5293 1991 5346 aliam
2028 5293 2098 5349 ob

532 5396 755 5435 causam
786 5383 887 5435 nisi
926 5392 984 5435 ut
1031 5382 1183 5452 impii
1227 5391 1602 5451 permaneant.
1657 5381 1712 5437 Id
1747 5391 1927 5435 autem
1964 5382 2098 5437 nihil

532 5474 677 5527 aliud
724 5487 855 5545 sane
884 5483 986 5538 est,
1017 5489 1179 5544 quam
1213 5475 1446 5543 propria:
1490 5475 1729 5544 ipsorum
1769 5474 2098 5544 insipientia:

602 5588 649 5620 ⁸⁸
682 5588 824 5644 Psal.
862 5604 924 5653 ιι,
952 5589 1004 5643 1.

598 5699 715 5769 (18)
747 5700 955 5769 Scripta
992 5701 1062 5754 ab
1094 5716 1234 5754 anno
1256 5700 1362 5756 550
1396 5702 1462 5756 ad
1488 5716 1685 5754 annum
1731 5700 1855 5753 εει.
1888 5728 1960 5741 --
1983 5699 2088 5753 Re-

531 5768 835 5842 gius_ntss.,
862 5768 954 5823 τοῦ
975 5768 1274 5842 alno-3,61:
1309 5774 1343 5842 ἡ
1377 5774 1434 5824 ὲν
1471 5771 1671 5842 Νικαίᾳ
1706 5769 1935 5842 σύνοδος,
1976 5779 2081 5842 etc,

530 5840 587 5895 In
610 5840 769 5897 editis
792 5848 911 5910 post
932 5840 999 5893 τὰ
1030 5838 1342 5909 ὁρισθέντα,
1371 5841 1608 5907 additur,
1649 5838 1909 5894 ὶπιστολή
1940 5857 1955 5895 :
1989 5840 2084 5895 sed

2202 4572 2351 4636 νοίας
2374 4572 2689 4643 πράττουσι,
2738 4570 3094 4642 πλαττόμενοι
3148 4573 3467 4642 προφάσεις.
3523 4576 3650 4627 Εἰσὶ
3679 4574 3777 4643 γὰρ

2198 4661 2431 4716 ποικίλοι
2454 4662 2549 4715 καὶ
2582 4660 2903 4731 παλίμϐολοι
2945 4661 3044 4723 τὰς
3081 4660 3325 4731 γνώμας,
3355 4661 3434 4724 ὡς
3482 4664 3533 4729 οἱ
3580 4681 3776 4734 χαμαιο

2197 4752 2408 4819 λέοντες
2432 4755 2488 4807 ἐν
2517 4752 2629 4815 τοῖς
2678 4751 2953 4823 χρώμασι,
2987 4752 3081 4805 καὶ
3124 4751 3474 4823 ἐλεγχόμενοι
3524 4755 3625 4825 μὲν
3659 4757 3776 4825 ἐρυ-

2198 4840 2440 4915 θριῶσιν,
2472 4840 2886 4914 ἀνακρινόμενοι
2919 4840 2973 4893 δὲ
2992 4841 3279 4913 ἀποροῦσι,
3302 4841 3397 4894 καὶ
3423 4842 3613 4896 λοιπὸν
3638 4847 3775 4897 om.

2195 4931 2469 5004 δευόμενοι
2498 4932 2943 5005 προφασίζονται.
2980 4931 3076 4985 Ἂν
3107 4932 3164 4986 δέ
3210 4950 3292 4995 τις
3322 4934 3524 4998 αὐτοὺς
3576 4936 3671 4987 καὶ
3719 4936 3773 4987 ὲν

2191 5026 2401 5090 τούτοις
2450 5026 2718 5099 διελέγξῃ,
2753 5025 3053 5097 κάμνουσιν
3086 5024 3189 5087 ἕως
3233 5022 3299 5078 ἂν
3347 5025 3681 5095 ὲπινοήσωσι
3709 5024 3778 5077 τὰ

2197 5115 2271 5188 μὴ
2292 5116 2439 5183 ὄντα,
2471 5118 2565 5172 καὶ
2591 5119 2733 5172 κατὰ
2775 5116 2836 5171 τὸ
2888 5117 3272 5188 γεγραμμένον
3304 5115 3631 5184 λογίζωνται
3668 5117 3777 5186 μά-

2191 5224 2341 5275 ταια,
2370 5208 2456 5261 ἵνα
2488 5206 2645 5280 μόνον
2664 5208 3004 5279 διαμείνωσιν
3023 5205 3361 5270 ἀσεϐοῦντες.
3401 5206 3476 5260 Τὸ
3501 5207 3560 5262 δὲ
3598 5209 3775 5262 τοιοῦ-

2191 5316 2283 5352 τον
2306 5299 2636 5372 ἐπιχείρημα
2664 5299 2815 5353 οὐδὲν
2849 5298 3034 5370 ἕτερόν
3063 5300 3211 5351 ἐστιν
3250 5298 3282 5368 ἢ
3336 5297 3631 5370 γνώρισμα
3676 5302 3777 5370 μὲν

2192 5387 2448 5458 ἄντικρυς
2476 5390 2573 5460 τῆς
2596 5388 2816 5457 ἀλογίας
2848 5388 3046 5453 αὐτῶν,
3084 5387 3316 5458 μίμησις
3349 5386 3428 5450 δὲ,
3456 5389 3604 5441 καθὰ
3638 5406 3775 5460 προ-

2191 5481 2363 5545 εἶπον,
2386 5480 2487 5553 τῆς
2514 5479 2809 5550 Ἰουδαϊκῆς
2827 5479 3175 5551 κακοηθείας.
3208 5478 3318 5531 Καὶ
3346 5478 3456 5550 γὰρ
3479 5479 3777 5549 ἐλεγχόμε-

2194 5702 2372 5773 aptins
2392 5701 2685 5773 collocatur
2715 5711 2841 5757 ante
2865 5699 2997 5773 ὅτιὴ
3028 5702 3086 5752 ὲν
3123 5696 3366 5773 Νικᾳιίιξιι
3396 5706 3505 5773 etc.

2265 5772 2379 5843 (l9)
2410 5773 2499 5828 Sic
2526 5770 2661 5843 Reg.
2694 5774 2765 5830 At
2795 5774 2848 5828 in
2880 5761 3001 5827 aliis
3039 5779 3094 5826 ct
3121 5768 3279 5825 editis
3299 5761 3402 5822 οὖν
3438 5769 3616 5823 deeSI.
