3978 6512
541 345 645 398 4°27

1109 341 1167 395 S.
1208 338 1581 392 ATHANASH
1622 338 1769 392 ΟΡΡ.
1814 336 1990 389 PARS
2034 336 2070 388 l.
2113 363 2181 375 --
2220 334 2592 388 HISTORICA
2637 331 2721 384 ET
2767 330 3185 385 DOGMATICA.

3706 330 3805 382 ιιι

544 464 629 514 his
680 460 820 513 enim
878 466 984 511 tota
1022 456 1270 511 innititur
1327 471 1576 526 perversa
1607 456 1816 507 illorum
1844 454 2107 507 doctrina.

2216 451 2305 503 τοῦ
2345 452 2479 503 Θεοῦ
2516 451 2684 517 Λόγον
2710 448 3053 518 ἀρνούμενοι,
3101 448 3331 509 εἰκότως
3362 447 3457 498 καὶ
3492 447 3657 514 λόγου
3688 462 3810 498 παν-

542 551 746 621 Nempe
770 560 1054 620 postquam
1081 548 1172 602 Dei
1200 549 1433 603 Verbum
1465 551 1576 603 sive
1615 549 1879 602 rationem
1911 543 2109 611 rejecc-

541 653 694 707 runt,
750 641 1103 696 meritissimo
1131 641 1277 695 omni
1314 655 1539 711 prorsus
1575 639 1785 693 ratione
1831 646 1958 689 sunt
2002 636 2111 702 pri-

543 731 679 785 vati.
708 729 841 795 ρυω
876 730 1093 798 quidem
1123 744 1245 783 cum
1272 729 1401 783 mihi
1441 728 1655 796 penitus
1677 735 1859 781 essent
1886 740 2110 794 perspe—

542 831 651 885 cta,
689 820 821 876 nihil
858 821 1102 889 profecto
1128 821 1232 875 illis
1262 821 1680 890 respondissem.
1734 818 1934 874 Verum
1985 822 2113 887 quia

545 921 633 965 tua
656 910 908 966 Charitas
935 926 996 965 ea
1030 927 1149 979 quae
1174 912 1225 964 in
1260 911 1465 980 synodo
1508 922 1625 965 aeta
1670 921 1797 965 sunt
1848 910 1987 965 scire
2044 925 2109 963 ex

545 1015 630 1053 me
651 1000 838 1063 voluit,
868 1016 977 1053 rem
1009 1000 1211 1054 diutius
1243 1002 1384 1054 nolui
1415 1002 1658 1066 differre,
1704 1003 1794 1056 sed
1831 1001 2110 1057 confestim

542 1102 663 1155 qum
690 1099 814 1142 tunc
844 1099 992 1153 gesta
1027 1099 1155 1142 sunt
1186 1102 1309 1142 nota
1360 1090 1487 1153 feci,
1543 1092 1837 1160 paucisque
1892 1092 2113 1144 demon-

540 1182 707 1233 stravi
745 1196 906 1248 quam
938 1196 967 1233 a
995 1191 1138 1235 recta
1168 1181 1271 1235 (ide
1298 1183 1485 1252 procul
1518 1184 1588 1236 sit
1622 1183 1825 1237 Ariana
1865 1183 2111 1246 hmresis,

540 1270 784 1338 nihilque
816 1270 962 1324 aliud
986 1270 1104 1325 illos
1132 1272 1237 1326 nisi
1260 1288 1393 1326 vana
1419 1274 1614 1344 effugia
1638 1273 2002 1327 comminisci.
2033 1271 2112 1326 Tu

537 1374 727 1428 porro,
776 1361 1121 1427 charissime,
1162 1363 1285 1418 vide
1317 1379 1495 1418 annon
1557 1365 1627 1419 ita
1661 1380 1718 1420 se
1778 1380 1864 1421 res
1891 1365 2107 1420 habeat.

537 1448 672 1501 Nam
702 1450 745 1505 si
774 1450 857 1505 his
898 1451 998 1520 ipsi
1031 1450 1308 1507 confidunt
1366 1469 1484 1523 quas
1530 1464 1749 1509 auctore
1783 1464 1835 1508 et
1880 1456 2112 1509 semina-

537 1550 656 1594 tore
688 1541 900 1596 diabolo
922 1556 1177 1611 perverse
1198 1544 1599 1615 excogitavere,
1627 1554 1853 1615 purgent
1882 1561 1939 1601 se
1960 1546 2112 1616 prius

538 1629 606 1682 de
641 1629 748 1683 illis
799 1632 1082 1686 erroribus
1130 1640 1351 1701 propter
1381 1648 1518 1702 quos
1564 1635 1805 1689 haeretici
1858 1645 1983 1690 sunt
2014 1635 2110 1690 de-

537 1720 749 1786 clarati,
783 1737 846 1777 ac
880 1722 1073 1777 deinde
1106 1739 1225 1792 quae
1254 1736 1443 1779 contra
1479 1741 1536 1781 se
1567 1728 1783 1781 decreta
1836 1737 2000 1792 sunt,
2063 1728 2106 1782 si

2214 542 2304 602 τός
2334 542 2469 592 εἰσιν
2514 540 2731 611 ἔρημοι.
2772 541 2957 594 Ταῦτα
2987 542 3115 609 γοῦν
3164 542 3344 604 εἰδὼς,
3395 541 3550 593 οὐδὲν
3591 541 3660 593 ἂν
3700 539 3806 609 (26)

2215 630 2597 699 ἀπεκρινάμην
2668 632 2945 701 ἐρωτῶσιν
2994 632 3253 695 ἐκείνοιςο
3311 631 3501 701 ἐπειδὴ
3558 631 3616 683 δὲ
3669 634 3703 701 ἡ
3745 633 3807 701 σὴ

2214 721 2463 782 Διάθεσις
2480 722 2726 791 άπῄτησε
2750 722 2950 789 γνῶναι
2981 722 3045 775 τὰ
3065 726 3120 775 ἐν
3147 726 3212 793 τῇ
3241 722 3451 792 συνόδῳ
3470 721 3805 793 πραχθέντα,

2213 813 2309 881 οὐχ
2335 812 2701 883 ὑπερεθέμην,
2759 814 2875 867 ἀλλ’
2918 814 3097 880 εὐθὺς,
3132 815 3206 877 ῶς
3242 814 3370 866 τότε
3413 814 3633 882 γέγονε,
3663 813 3808 883 555i;-

2216 901 2388 965 λωκα,
2416 902 2595 967 δείξας
2622 903 2689 955 δι’
2730 903 2923 971 ὀλίγων
2974 905 3095 955 ὅσον
3122 904 3386 966 εὐσεϐοῦς
3426 906 3750 974 φρονήσεως
3774 905 3804 972 ἡ

2227 992 2477 1063 Ἀρειανὴ
2528 994 2737 1065 αἵρεσις
2795 995 3103 1065 ἐστέρηται,
3149 996 3247 1047 καὶ
3303 995 3465 1065 μόνον
3498 995 3807 1065 προφάσεις

2216 1082 2558 1135 πλάττονται.
2589 1084 2788 1136 Σκόπει
2816 1084 2869 1136 δέ
2895 1086 2989 1137 καὶ
3019 1087 3103 1149 σύ,
3132 1087 3408 1154 ἀγαπητὲ,
3445 1088 3494 1137 εί
3532 1087 3610 1156 μὴ
3639 1086 3806 1149 οὕτως

2215 1176 2346 1246 ἔχει.
2375 1177 2437 1229 ΕΞ
2472 1176 2763 1248 θαρροῦσιν
2797 1174 2876 1242 οἷς
2928 1179 3157 1251 ἐφεῦρον
3198 1180 3359 1233 αὐτοὶ
3415 1184 3638 1243 κακοῖς,
3693 1182 3806 1233 ἐπι-

2216 1271 2539 1341 σπείραντος
2588 1272 2772 1333 αὐτοῖς
2818 1271 2910 1323 τοῦ
2954 1270 3199 1325 διαϐόλου
3228 1272 3331 1342 τὴν
3361 1272 3801 1343 κακοφροσύνην,

2213 1362 2685 1430 άπολογείσθωσαν
2714 1362 2841 1433 περὶ
2876 1355 2952 1415 ὧν
2980 1362 3341 1431 ἐγκληθέντες
3398 1362 3804 1433 ἀπεδείχθησαν

2213 1454 2500 1525 αἰρετικοὶ,
2527 1456 2621 1507 καὶ
2644 1455 2764 1507 τότε
2790 1453 2977 1507 λοιπον
3003 1453 3393 1518 αἰτιάσθωσαν,
3436 1456 3488 1506 εἰ
3529 1454 3801 1517 δύνανται,

2210 1544 2279 1597 τά
2304 1546 2422 1597 κατ’
2445 1544 2622 1597 αὐτῶν
2650 1544 2937 1615 ὁρισθέντα
2956 1561 2970 1574 ’
3005 1544 3177 1606 οὐδεὶς
3242 1544 3353 1615 γάρ
3396 1544 3681 1615 ἐλεγχθεὶς
3718 1547 3803 1597 ἐπὶ

2213 1636 2357 1706 φόνῳ
2383 1636 2476 1688 καὶ
2514 1636 2728 1706 μοιχείᾳ
2778 1635 2915 1705 μετά
2964 1635 3061 1706 τὴν
3099 1636 3255 1706 δίκην
3310 1636 3497 1707 χώραν
3544 1637 3661 1707 ἔχει
3708 1637 3801 1707 τὴν

2212 1729 2483 1795 ἀπόφασιν
2506 1728 2598 1780 τοῦ
2638 1727 2924 1797 κρίναντος
2962 1726 3268 1791 αἰτιᾶσθαι,
3294 1726 3383 1779 διά
3425 1729 3478 1779 τί
3511 1727 3590 1797 μὴ
3612 1728 3799 1791 οὕτως,

536 1812 1139 1880 possintcriminentur.
1171 1815 1341 1872 Nemo
1365 1817 1506 1872 enim
1535 1817 1814 1873 homicidii
1840 1830 1932 1874 aut
1962 1820 2108 1874 adul-

2216 1819 2328 1872 ἀλλ’
2359 1818 2579 1881 ἐκείνως
2631 1818 2879 1889 ἐλάλησε.
2923 1817 3091 1870 Τοῦτο
3129 1816 3240 1888 γάρ
3269 1818 3369 1871 οὐκ
3406 1817 3691 1889 ἐλευθεροῖ
3714 1818 3801 1872 τὸν

538 1903 660 1956 terii
689 1904 968 1958 convictus
991 1904 1081 1973 jus
1111 1907 1293 1974 habet,
1326 1918 1447 1977 post
1468 1908 1754 1977 judicium,
1781 1913 2107 1967 sententiam

532 1994 733 2061 jndicis
761 1996 1105 2060 criminandi,
1133 2014 1231 2051 cur
1280 2013 1473 2069 nempe
1504 2016 1608 2054 non
1645 2001 1723 2055 sic
1754 2002 1845 2056 sed
1901 2004 1980 2056 sic
2032 2003 2109 2057 lo-

535 2096 695 2139 cutus
728 2084 911 2139 fuerit.
947 2086 1190 2156 Namque
1216 2089 1267 2143 id
1294 2105 1438 2153 eum,
1474 2092 1562 2158 qui
1596 2090 1760 2145 fuerit
1791 2094 2111 2147 condemna-

537 2186 643 2242 tus,
666 2179 889 2234 minime
917 2180 1251 2247 liberaverit,
1278 2182 1371 2236 sed
1395 2184 1711 2253 potiusejus
1730 2184 1885 2254 culpa
1918 2186 2106 2254 hujus-

534 2270 679 2322 modi
723 2270 1031 2324 temeritate
1053 2281 1112 2324 et
1146 2271 1373 2325 audacia
1404 2283 1653 2339 augetur.
1684 2273 1762 2327 llli
1795 2289 1925 2344 ergo
1954 2276 2107 2330 simi-

535 2359 659 2411 liter
684 2359 764 2413 vel
799 2361 1089 2415 ostendant
1110 2377 1167 2417 se
1188 2363 1274 2431 pie
1289 2363 1521 2429 sentire;
1556 2364 1820 2434 siquidem
1840 2368 2105 2435 accusati,

534 2450 768 2505 convicti
824 2460 973 2517 sunt,
1028 2467 1149 2507 cum
1200 2453 1335 2507 nihil
1382 2465 1539 2508 antea
1570 2466 1753 2510 essent
1782 2460 2103 2527 conquesti:

533 2556 745 2609 aequum
772 2551 953 2597 autem
994 2552 1077 2597 est
1114 2558 1208 2598 eos
1256 2544 1348 2614 qui
1378 2555 1723 2610 accusantur,
1775 2548 1908 2601 nihil
1960 2550 2104 2601 aliud

536 2646 698 2701 agere
731 2647 889 2700 quam
916 2642 1050 2688 utse
1074 2635 1385 2691 defendant.
1419 2636 1512 2690 Vel
1537 2639 1579 2690 si
1622 2638 1894 2691 sordidata
1921 2641 2107 2693 convi-

537 2723 610 2775 cti
648 2722 1016 2787 conscientia,
1078 2740 1230 2779 suam
1274 2727 1605 2794 impietatem
1657 2739 1979 2796 agnoscunt,
2042 2748 2106 2784 ne

537 2815 701 2883 igitur
731 2815 947 2884 culpent
994 2830 1113 2883 qu:e
1164 2817 1436 2886 ignorant,
1469 2836 1535 2874 ue
1585 2818 1726 2873 forte
1762 2820 1859 2887 ipsi
1908 2821 2104 2889 duplex

534 2904 660 2960 inde
679 2906 875 2960 malum
902 2922 1083 2962 secum
1105 2910 1363 2976 referant,
1390 2911 1681 2980 impietatis
1702 2911 1862 2965 simul
1886 2922 1939 2967 et
1964 2914 2107 2983 igno-

536 2996 725 3049 rantiae
755 2996 945 3049 merito
968 2997 1332 3052 condemnati.
1367 2998 1499 3051 Rem
1530 2999 1709 3069 potius
1740 3000 1981 3056 studiose
2007 3016 2104 3056 ex-

533 3082 793 3149 pendant,
826 3092 883 3137 ut
907 3085 1011 3149 his,
1037 3101 1156 3155 quae
1186 3088 1333 3156 prius
1356 3087 1695 3152 nesciebant,
1727 3090 1984 3159 cognitis,
2014 3093 2105 3144 im-

2216 1912 2492 1984 κριθέντα,
2522 1912 2657 1966 ἀλλὰ
2677 1912 2768 1965 καὶ
2798 1911 2997 1981 μᾶλλον
3029 1910 3193 1963 αὐτοῦ
3217 1910 3279 1962 τὸ
3308 1910 3564 1980 ἔγκλημα
3589 1909 3680 1961 διά
3710 1910 3801 1979 τὴν

2217 2005 2545 2075 προπέτειαν
2571 2006 2668 2057 καὶ
2689 2002 2785 2073 τὴν
2814 2003 3017 2071 τόλμαν
3067 2001 3385 2066 ἐπαυξάνει.
3442 1999 3660 2053 Οὐκοῦν
3711 2002 3803 2054 καὶ

2214 2090 2419 2165 οῦτοιῆ
2464 2091 2828 2147 δεικνύτωσαν
2874 2091 2935 2145 τὸ
2971 2092 3226 2162 φρόνημα
3280 2087 3494 2143 ἐαῦτῶν
3536 2088 3796 2153 εὐσεϐές·

2216 2185 2683 2257 κατηγορηθέντες
2745 2184 2853 2254 γάρ
2904 2182 3271 2251 ἡλέγχθησαν,
3326 2183 3388 2234 οὐ
3449 2181 3801 2251 μεμψάμενοι

2215 2277 2506 2347 πρότερον⁸
2552 2278 2647 2329 καὶ
2690 2275 2899 2328 δίκαιόν
2933 2278 3047 2326 ἐστι
3081 2276 3207 2335 τοὺς
3248 2273 3601 2335 αἱτιαθὲντας
3640 2273 3801 2342 μηδὲν

2214 2368 2398 2438 ἕτερον
2422 2370 2592 2419 ποιεῖν
2623 2367 2655 2436 ἢ
2685 2363 3066 2434 ἀπολογεῖσθαι
3095 2381 3106 2392 ’
3140 2364 3172 2432 ἦ
3203 2365 3251 2415 εἰ
3278 2362 3337 2415 τὸ
3363 2360 3605 2423 συνειδὸς
3627 2361 3801 2431 ἔχουσι

2217 2458 2479 2529 ῥυπαρὸν,
2513 2458 2606 2510 καὶ
2632 2457 2927 2528 συνορῶσιν
2962 2456 3184 2516 ἑαυτοὺς
3212 2453 3569 2516 ἀσεϐοῦντας,
3610 2452 3684 2523 μὴ
3730 2454 3801 2504 αἱ·

2213 2548 2519 2602 τιάσθωσαν
2573 2548 2607 2601 ἃ
2666 2547 2974 2615 ἀγνοοῦσιν,
3031 2547 3117 2597 ἵνα
3155 2545 3230 2615 μὴ
3289 2545 3383 2595 καὶ
3444 2544 3669 2596 διπλοῦν
3711 2560 3801 2594 και

2214 2638 2306 2692 κον
2340 2640 2473 2711 (9.7),
2504 2639 2755 2702 ἀσεϐείας
2783 2639 3032 2707 ἔγκλημα
3058 2638 3147 2690 καὶ
3182 2635 3543 2697 ἀπαιδευσίας
3579 2636 3799 2702 ἀπενέγ·

2214 2750 2414 2785 κωνται
2440 2731 2662 2802 μέμψιν.
2696 2729 3200 2794 Ἐξεταζὲτωσανδέ
3225 2728 3428 2799 μᾶλλον
3461 2727 3794 2797 φιλομαθῶς,

2212 2825 2299 2885 ἵν’,
2333 2824 2643 2891 ἐπιγνόντες
2665 2823 2698 2876 ἀ
2722 2823 2985 2893 πρότερον
3009 2822 3257 2891 ἠγνόουν,
3296 2821 3676 2889 ἀπονίψωνται
3706 2820 3795 2879 τὰς

2212 2912 2418 2965 ἐαυτῶν
2451 2912 2667 2974 ἀσεϐεῖς
2695 2913 2862 2974 άκοὰς
2890 2910 2967 2979 τῷ
3011 2912 3107 2980 τῆς
3157 2910 3414 2979 ἀληθείας
3461 2909 3667 2978 νάματι
3706 2910 3796 2960 καὶ

2210 3007 2324 3067 τοῖς
2357 3006 2454 3075 τῆς
2489 3004 2772 3066 εὐσεϐείας
2822 3003 3104 3073 δόγμασιν.
3137 3000 3295 3053 Ὁύτω
3343 3000 3453 3071 γάρ
3492 3002 3589 3052 καὶ
3634 3001 3691 3051 ἐν
3732 3002 3793 3068 τῇ

2212 3094 2353 3147 κατά
2387 3095 2619 3148 Νίκαιαν
2651 3094 2853 3163 συνόδῳ
2876 3095 3065 3161 γέγονε
3090 3095 3205 3155 τοῖς
3238 3093 3365 3161 περὶ
3400 3090 3679 3143 Εὐσέϐιον.

532 3172 652 3241 pias
682 3189 809 3229 suas
832 3190 992 3230 aures
1016 3178 1260 3232 veritatis
1291 3178 1429 3233 unda
1460 3188 1515 3234 et
1558 3179 1777 3250 pietatis
1832 3181 2103 3251 dogmatis
2142 3185 2618 3253 possintahluere.
2690 3187 2779 3240 Sic
2841 3187 3001 3255 igitur
3042 3184 3092 3236 in
3138 3182 3356 3237 Nit'tctta
3407 3184 3618 3253 synodo
3672 3192 3791 3250 erg-1

531 3265 871 3323 Eusebianos
901 3278 1081 3324 actum
1104 3282 1207 3326 est.

603 3361 655 3414 3.
700 3354 771 3414 Ut
801 3372 957 3416 erant
999 3362 1052 3416 in
1102 3378 1195 3417 sua
1234 3364 1513 3434 impietate
1551 3367 1879 3435 pertinaces,
1915 3368 2105 3424 molie-

2284 3368 2340 3421 5.
2411 3367 2499 3429 Ὠς
2548 3366 2910 3433 ἐφιλονείκουν
2970 3364 3313 3429 ἀσεϐοῦντες,
3374 3364 3469 3417 καὶ
3515 3363 3793 3433 θεομαχεῖν

534 3451 839 3522 banturque
861 3468 985 3509 cum
1014 3456 1128 3525 ipso
1153 3456 1260 3510 Deo
1285 3472 1543 3526 pugnare,
1580 3458 1652 3512 ita
1674 3472 1795 3527 qua:
1821 3459 1887 3513 ab
1913 3460 1992 3513 eis
2026 3460 2107 3513 di-

544 3542 808 3597 cebantur
859 3544 1014 3615 plena
1044 3555 1199 3601 erant
1235 3546 1546 3617 impietatis.
1600 3549 1848 3620 Episcopi
1898 3558 2103 3616 autem,

536 3634 627 3702 qui
667 3638 892 3691 trecenti
946 3638 1067 3708 plus
1106 3639 1285 3692 minus
1309 3652 1702 3708 convenerant,
1735 3652 2015 3697 mansuete
2044 3658 2107 3696 ac

538 3730 959 3793 perhumaniter
988 3730 1055 3784 ab
1103 3730 1209 3783 illis
1260 3731 1627 3798 postularunt,
1681 3741 1739 3785 ut
1774 3733 1840 3787 de
1870 3734 1954 3787 his
1987 3749 2109 3803 quae

538 3818 795 3872 dicebant
820 3820 1085 3873 rationem
1122 3820 1437 3885 redderent,
1468 3823 1695 3890 piasque
1721 3821 1979 3876 all‘errent
2012 3823 2106 3876 de-

536 3907 981 3963 monstrationes.
1006 3908 1105 3974 Qui
1130 3919 1184 3962 ut
1208 3909 1295 3962 vix
1322 3910 1465 3980 loqui
1488 3922 1790 3981 cmperunt,
1810 3914 2107 3984 dignissimi

536 3999 640 4053 visi
665 4000 873 4054 suntab
895 4001 1145 4055 omnibus
1168 4001 1259 4071 qui
1282 4002 1811 4069 condemnarentur;
1840 4006 1939 4075 ipsi
1965 4007 2107 4061 enim

538 4090 680 4145 inter
705 4105 765 4145 se
790 4091 1219 4159 altercabantur,
1248 4094 1541 4165 agnitaque
1570 4111 1682 4151 sum
1727 4097 1947 4153 haeresis
1974 4098 2104 4151 futi-

538 4180 692 4235 litate
726 4182 859 4234 muti
892 4185 1303 4250 permanebant,
1331 4192 1386 4237 et
1428 4198 1526 4239 suo
1579 4185 1795 4241 silentio
1846 4202 2111 4256 perverse

538 4272 821 4327 sententiae
847 4273 1233 4341 turpitudinem
1264 4274 1591 4331 fatebantur.
1625 4276 1809 4346 Itaque
1850 4279 2107 4348 episcopi,

537 4363 821 4419 vocabulis
852 4379 975 4434 qua:
1004 4364 1081 4418 illi
1106 4367 1402 4421 commenti
1433 4378 1588 4421 erant
1617 4369 1887 4433 rescissis,
1922 4386 2107 4422 sanam

538 4464 592 4509 et
630 4455 1059 4511 ecclesiasticam
1098 4456 1259 4512 fidem
1293 4459 1553 4514 adversus
1611 4458 1730 4513 illos
1788 4474 2109 4526 exposuere,

537 4545 623 4598 cui
651 4560 775 4600 cum
824 4560 1014 4600 omnes
1042 4546 1518 4617 subscripsissent,
1554 4547 1845 4602 Eusebiani
1894 4562 2111 4617 quoque

538 4636 622 4691 his
643 4637 774 4707 ipsis
801 4637 1077 4692 vocabulis
1104 4652 1225 4706 quae
1260 4653 1400 4693 nunc
1439 4639 1842 4707 reprehendunt
1876 4638 2111 4693 subscri-

2210 3459 2549 3529 ἐπεχείρουν,
2580 3458 2648 3510 τά
2676 3458 2773 3527 μὲν
2802 3457 3067 3527 λεγόμενα
3093 3458 3217 3526 παρ’
3250 3456 3432 3509 αὐτῶν
3454 3457 3707 3519 ἀσεϐείας
3728 3452 3793 3524 ἦν

2212 3551 2414 3622 μεστά’
2448 3554 2494 3603 οἱ
2524 3550 2578 3602 δὲ
2608 3549 2949 3611 συνελθόντες
2979 3549 3268 3602 ἐπίσκοποι
3322 3544 3503 3619 (ἦσαν
3550 3549 3609 3602 δὲ
3636 3548 3791 3601 πλέον

2208 3644 2242 3714 ἢ
2269 3643 2490 3695 ἔλασσον
2521 3642 2849 3711 τριακόσιοι)
2894 3640 3080 3709 πράως
3109 3640 3202 3692 καὶ
3233 3634 3639 3713 φιλανθρῴπωςί
3658 3638 3792 3708 ἀπῄι

2209 3751 2334 3787 τουν
2380 3734 2575 3795 αὐτοὺς
2611 3732 2739 3800 περὶ
2790 3724 2863 3783 ὧν
2902 3730 3085 3797 ἔλεγον
3115 3728 3313 3781 διδόναι
3339 3730 3499 3798 λόγον
3541 3731 3635 3783 καὶ
3664 3732 3795 3783 ἀπο-

2209 3825 2402 3889 δείξεις
2428 3824 2687 3886 εὐσεϐεῖς.
2730 3822 2818 3885 Ὠς
2851 3821 2907 3873 δὲ
2939 3822 3032 3873 καὶ
3082 3821 3239 3890 μόνον
3275 3821 3639 3891 φθεγγόμενοι
3673 3836 3796 3872 κατ-

2212 3916 2589 3984 εγινώσκοντο,
2626 3914 2718 3966 καὶ
2754 3914 2887 3983 πρὸς
2930 3914 3155 3973 ἑαυτοὺς
3213 3912 3552 3984 διεμάχοντο,
3598 3913 3791 3983 πολλὴν

2209 4006 2443 4077 ὁρῶντες
2493 4006 2591 4075 τῆς
2638 4004 2845 4056 ἑαυτῶν
2911 4003 3175 4073 αἱρέσεως
3235 4003 3348 4074 (28)
3395 4003 3494 4074 τὴν
3540 4003 3793 4076 ἀπορίαν,

2210 4099 2430 4166 ἀχανεῖς
2464 4096 2561 4165 μὲν
2589 4094 2777 4165 ἔμενον
2798 4088 2962 4159 οῦτοι,
2991 4096 3085 4147 καὶ
3113 4094 3200 4147 διὰ
3223 4094 3321 4163 τῆς
3352 4094 3562 4164 σιωπῆς
3588 4092 3794 4163 ὡμολό-

2211 4203 2341 4254 γουν
2369 4187 2467 4256 τὴν
2502 4185 2593 4236 ἐπὶ
2622 4187 2685 4254 τῇ
2725 4182 3012 4255 κακοδοξίᾳ
3049 4184 3158 4253 (29)
3208 4183 3389 4237 αὐτῶν
3418 4184 3694 4255 αἰσχύνην.
3728 4179 3793 4234 Οἱ

2212 4280 2400 4332 τοίνυν
2456 4277 2761 4339 ἐπίσκοποι,
2811 4275 2997 4328 λοιπὸν
3029 4275 3306 4339 ἀνελόντες
3352 4274 3423 4328 τά
3460 4275 3588 4346 παρ’
3618 4273 3793 4326 αὐτῶν

2212 4367 2567 4437 ἐπινοηθέντα
2607 4369 2844 4439 ῥήματα,
2877 4368 3049 4430 οὕτως
3073 4366 3317 4433 ἐξέθεντο
3351 4368 3474 4419 κατ’
3503 4366 3673 4421 αὐτῶν
3691 4366 3793 4433 τὴν

2213 4460 2562 4527 ὑγιαίνουσαν
2598 4462 2689 4511 καὶ
2724 4458 3176 4528 ἐκκλησιαστικὴν
3214 4460 3396 4511 πίστιν
3419 4477 3431 4487 ·
3477 4459 3690 4511 πάντων
3725 4473 3787 4508 τε

2217 4548 2671 4620 ὐπογραψάντων,
2734 4549 3054 4619 ὑπέγραψαν
3099 4550 3189 4599 καὶ
3249 4549 3297 4599 oi
3358 4549 3485 4619 περὶ
3533 4546 3794 4599 Εὐσέϐιον

2214 4641 2422 4702 τούτοις
2458 4643 2571 4701 τοῖς
2611 4641 2867 4709 ῥήμασιν,
2896 4634 2975 4702 οἷς
3011 4639 3288 4691 αἰτιῶνται
3319 4638 3414 4691 νῦν
3443 4634 3610 4692 οὗτοι·
3644 4636 3794 4704 λέγω

537 4742 720 4796 psere,
747 4742 939 4797 nempe
960 4728 1104 4797 quod
1129 4728 1222 4783 Dei
1249 4728 1420 4784 Filius
1442 4743 1509 4783 ex
1554 4730 1859 4784 substantia
1907 4731 1976 4784 sit
2009 4726 2108 4782 Pa-

2218 4733 2281 4801 όὴ
2307 4731 2384 4801 τῷ
2418 4733 2482 4787 ἐκ
2507 4732 2604 4799 τῆς
2638 4732 2821 4795 οὐσίας
2854 4732 2945 4782 καὶ
2975 4731 3050 4799 τῷ
3091 4732 3384 4800 ὁμοουσίῳ,
3421 4731 3513 4783 καὶ
3540 4732 3616 4783 ὅτι
3647 4730 3811 4798 μήτεΓ

539 4820 660 4883 tris,
691 4820 851 4889 eique
896 4820 1395 4888 consubstantialis,
1446 4830 1500 4875 et
1558 4822 1719 4892 166
1765 4822 1907 4892 quod
1939 4834 2112 4890 neque

540 4924 629 4961 res
657 4920 863 4973 creata,
893 4924 994 4963 nec
1026 4910 1163 4965 facta
1200 4910 1285 4964 vel
1312 4911 1528 4965 condita
1550 4912 1644 4998 sit,
1680 4912 1774 4965 sed
1809 4910 1951 4981 quod
1979 4910 2114 4964 Ver—

540 5000 667 5051 bum
695 4998 954 5053 exPatris
978 5000 1278 5054 substantia
1302 5002 1371 5054 sit
1400 5000 1660 5069 genitum.
1698 4999 1809 5055 Imo
1848 5000 1989 5069 quod
2015 4999 2111 5052 mi-

543 5104 662 5141 rum
683 5098 782 5153 est,
821 5088 933 5158 ipse
982 5089 1245 5144 Eusebius
1266 5092 1527 5145 Caesareae
1565 5092 1617 5144 in
1674 5088 1960 5145 Palxstina
1992 5087 2111 5157 epi-

544 5194 755 5248 scopus,
804 5180 895 5247 qui
948 5180 1120 5249 pridie
1154 5182 1453 5241 restiterat,
1490 5191 1693 5248 postea
1747 5177 2113 5247 subscripsit,

547 5268 1061 5339 hancqueEcclesia:
1086 5271 1245 5326 (idem
1273 5282 1326 5326 et
1358 5272 1578 5326 Patrum
1609 5273 1943 5325 traditionem
1974 5283 2117 5334 esse,

608 5384 727 5454 (26)
764 5386 838 5457 Ex
864 5402 966 5440 ms.
999 5383 1136 5457 Reg.
1163 5385 1485 5455 particulam
1508 5388 1573 5441 ἄν
1597 5386 1926 5451 addidimus,
1950 5398 2112 5452 quam

546 5454 633 5505 alii
660 5466 711 5507 et
735 5456 863 5508 editi
891 5454 1171 5511 omittunt.

621 5524 731 5596 (τῇ)
765 5524 949 5596 Κακόν
964 5527 1135 5596 *δώσει
1165 5542 1191 5577 a
1229 5527 1359 5596 Reg.
1397 5542 1502 5580 ms.

624 5593 733 5664 (κδ)
766 5594 893 5664 ljeg.
926 5594 1027 5662 τῆς
1058 5593 1332 5664 αἱρέσεωξ
1349 5597 1546 5648 αὐτῶν.

625 5660 735 5727 (29)
766 5660 855 5714 Sic
878 5660 1031 5731 Reg},
1057 5660 1219 5729 atque
1250 5667 1319 5716 ita
1359 5667 1524 5719 etiam
1552 5664 1682 5731 legit
1709 5662 1971 5715 Nannius.
1996 5662 2111 5715 Cre-

558 5732 659 5782 tert
690 5742 741 5783 et
783 5732 931 5796 editi,
982 5732 1255 5801 κενοδοξία
1283 5752 1295 5785 2
1332 5749 1388 5787 ut
1429 5744 1481 5787 ct
1505 5736 1630 5803 legit
1660 5732 1980 5787 Ambrosius
2010 5731 2113 5787 Ca-

2222 4821 2505 4892 κτίσμα,ῆ
2547 4823 2779 4892 ποίημα,
2826 4823 2961 4890 μήτε
3015 4821 3123 4873 τῶν
3150 4821 3392 4890 γενητῶν
3443 4825 3584 4873 ἐστιν
3622 4822 3648 4872 ὁ
3700 4817 3796 4870 τοῦ

2220 4911 2355 4966 Θεοῦ
2383 4912 2527 4974 Υἱὸς,
2559 4911 2957 4980 ἀλλά-γέννημα
2981 4913 3044 4962 ἐκ
3069 4910 3167 4979 τῆς
3201 4912 3405 4974 οὐσίαςμ
3421 4910 3529 4979 (50)
3558 4907 3644 4961 τοῦ
3681 4909 3795 4960 ﬂa-

2220 5002 2345 5070 τρός
2374 5002 2519 5052 ἐστιν
2538 5002 2564 5052 ό
2595 5000 2783 5067 Λόγος.
2822 4999 2929 5051 Καὶ
2952 4998 3012 5050 τό
3042 5016 3102 5066 γε
3129 4999 3450 5068 παράδοξον,
3485 4996 3743 5059 Εὐσέϐιος
3771 4998 3800 5048 ό

2222 5092 2327 5144 ἀπὸ
2350 5092 2684 5157 Καισαρείας
2736 5091 2832 5160 τῆς
2867 5090 3250 5159 Παλαιστίνης,
3284 5090 3375 5141 καί
3422 5106 3473 5141 τι
3528 5088 3627 5157 πρὸ
3664 5089 3798 5156 μιᾶς

2223 5178 2571 5247 ἀρνούμενος,
2602 5180 2750 5247 ὅμως
2780 5178 3001 5247 ὓστερον
3040 5178 3379 5248 ὑπογράψας,
3421 5176 3697 5231 ἐπέστειλε
3732 5177 3797 5243 τῇ

2238 5270 2531 5338 Ἐκκλησία
2567 5270 2782 5332 ἐαυτοῦ,
2814 5269 2986 5336 λέγων
3013 5268 3216 5338 ταύτην
3241 5270 3352 5339 (31)
3372 5267 3505 5322 εἶναι
3533 5267 3623 5335 τῆς
3660 5264 3795 5317 Ἑκ-

2225 5385 2605 5453 maldulensis,
2635 5384 2728 5449 qui
2763 5398 2955 5453 nempe
2982 5383 3170 5447 vertit,
3200 5382 3419 5451 ipsoque
3443 5381 3645 5453 silentio
3675 5396 3807 5433 cono

2223 5450 2512 5519 ﬁtebaumr
2549 5450 2930 5520 turpitudinem
2972 5456 3204 5505 inaniter
3224 5450 3453 5519 captata
3480 5451 3687 5519 gloria.

2297 5523 2407 5586 (50)
2441 5522 2530 5575 Sic
2585 5518 2714 5589 iteg.
2746 5526 2813 5576 At
2862 5522 2952 5576 alii
2991 5532 3045 5575 et
3096 5521 3245 5583 editi,
3290 5518 3530 5590 γέννημα
3559 5520 3655 5571 καὶ
3697 5518 3801 5587 τῆς

2222 5592 2314 5643 τοῦ
2349 5592 2559 5653 Πατρός
2589 5591 2793 5653 οὐσίας.

2296 5663 2405 5730 (St)
2438 5659 2657 5730 Ταύτην
2687 5662 3020 5716 restituimus
3047 5675 3111 5715 ex
3146 5675 3247 5717 ms.
3288 5659 3419 5730 Reg.
