3978 6514
245 319 336 374 :29

1270 313 1355 371 DE
1396 312 1741 372 DECRETIS
1775 315 2076 370 NIGENE
2118 313 2389 370 SYNODL

3361 301 3470 369 ηδ

246 434 450 504 κλησίας
471 430 573 506 τὴν
596 435 778 488 πίστιν
791 437 890 490 ’καὶ
922 437 1028 490 τῶν
1049 437 1309 510 Πατέρων
1332 437 1431 508 τὴν
1460 437 1759 508 παράδοσιν
1779 454 1792 466 ·

1903 437 2083 490 missis
2143 437 2210 489 ad
2268 450 2422 489 suam
2477 433 2774 488 Ecclesiam
2827 433 3064 498 litteris,
3121 431 3468 504 signiticIVit.

244 525 362 577 πᾶσί
401 541 457 576 τε
489 527 734 595 φανερῶς
777 525 995 590 ἔδειξεν,
1018 529 1099 580 ὅτι
1140 529 1404 600 πρότερον
1447 528 1792 598 ἐσφάλλοντο,

244 617 323 668 καὶ
349 617 516 685 μάτην
548 618 912 686 ἐφιλονείκουν
961 620 1098 691 πρὸς
1129 621 1228 691 τὴν
1263 619 1542 690 ἀλήθειαν.
1584 621 1648 674 Ei
1687 621 1796 691 γάρ

245 711 324 762 καὶ
351 709 581 780 ᾐσχύνθη
609 711 730 763 τὸτε
755 712 981 775 ταύταις
1027 717 1146 778 ταῖς
1197 714 1375 778 λέξεσι
1433 714 1664 785 γράψαι,
1701 715 1795 768 καὶ

243 801 308 863 ὡς
333 799 587 870 ἠθέλησεν
614 801 776 865 αὐτὸς
799 802 1179 874 ἀπελογήσατο
1204 807 1271 875 τῇ
1313 804 1632 875 Ἐκκλησία,
1661 805 1797 858 ἀλλά

242 908 297 959 γε
345 891 427 944 διὰ
466 893 562 962 τῆς
610 894 901 964 ἐπιπολῆς
927 895 988 948 τὸ
1012 897 1338 963 όμοούσιον
1371 886 1466 949 ιιαὶ
1491 897 1553 949 τὸ
1591 898 1659 949 ἐκ
1689 895 1796 963 τῆς

241 980 432 1045 οὐσίας
472 981 546 1052 μὴ
599 983 995 1054 ἀρνησάμενος,
1051 986 1299 1057 φανερῶς
1341 986 1501 1039 τοῦτο
1558 988 1795 1056 σημᾶναι

242 1068 483 1138 βούλεται.
521 1072 631 1124 Καὶ
666 1072 898 1126 πέπονθέ
927 1092 978 1127 τι
1021 1075 1223 1129 δεινόν·
1259 1075 1372 1146 (32)
1401 1076 1480 1139 ὡς
1511 1075 1622 1147 γάρ
1663 1078 1797 1130 ἀπο-

239 1159 556 1230 λογούμενος,
581 1162 932 1233 ικατηγόρησε
969 1164 1154 1218 λοιπὸν
1191 1165 1300 1218 τῶν
1346 1166 1661 1237 Ἀρειανῶν,
1690 1168 1792 1230 ὃτι,

238 1251 545 1321 γράψαντες,
571 1254 687 1307 Οὐκ
707 1249 775 1324 ἦν
807 1257 836 1308 ὁ
865 1255 993 1319 Υἱὸς
1012 1257 1143 1324 πρὶν
1177 1258 1528 1328 γεννηθῆναι,
1554 1259 1654 1311 οὐκ
1679 1258 1797 1329 ἤθε’

238 1344 312 1397 λον
338 1345 492 1398 αὑτὸν
514 1341 655 1398 εἶναι
689 1345 810 1399 οὐδὲ
852 1348 958 1419 πρὸ
987 1352 1085 1420 τῆς
1118 1349 1260 1404 κατὰ
1291 1350 1468 1421 σάρκα
1509 1333 1792 1418 γενέσεως.

238 1438 330 1490 Καὶ
351 1438 504 1490 τοῦτο
523 1433 631 1492 οἶδε
660 1440 754 1494 καὶ
787 1439 1061 1504 Ἀκάκιος,
1100 1441 1166 1494 ἂν
1193 1441 1268 1513 μὴ
1299 1444 1394 1495 καὶ
1427 1443 1586 1506 αὐτὸς
1629 1442 1796 1517 φοϐη-

236 1529 334 1592 θεὶς
364 1529 455 1582 νῦν
480 1529 571 1583 διά
595 1531 688 1583 τὸν
717 1532 909 1603 καιρὸν
940 1532 1322 1603 ὑποκρίνηται,
1354 1535 1449 1588 καὶ
1489 1534 1805 1606 ἀρνήσηταί.Δ
1849 1601 1853 1604 _

233 1621 316 1691 τὴν
359 1620 636 1692 ἀλήθειαν.
681 1623 953 1688 ’Υπέταξα
984 1624 1095 1692 (55)
1131 1625 1260 1692 γοῦν
1304 1628 1361 1678 ὲν
1404 1625 1481 1696 τῷ
1509 1625 1649 1678 τέλει
1697 1627 1796 1697 τὴν

234 1713 500 1785 ἐπιστολὴν
531 1714 818 1781 Εὑσεϐίου,
849 1717 934 1769 ἵνα
967 1719 1032 1770 ἐκ
1058 1718 1263 1788 ταύτης
1285 1719 1428 1790 γνῷς
1456 1720 1563 1773 τῶν
1597 1737 1653 1773 τε
1679 1725 1821 1791 χρι-’

1899 526 2264 595 omnibusque
2312 534 2496 594 aperte
2554 524 2852 579 declaravit
2903 524 3024 580 illos
3069 524 3223 594 prius
3257 537 3470 580 errasse

1899 617 2210 687 frustraque
2250 618 2511 673 adversus
2569 619 2854 672 veritatem
2913 618 3282 672 contendisse.
3321 615 3472 670 Licet

1897 707 2041 761 enim
2077 719 2201 764 tunc
2229 725 2349 763 eum
2379 710 2462 764 his
2502 710 2578 764 uti
2612 710 2835 766 vocibus
2866 711 3138 779 puduerit,
3187 718 3354 779 atque
3409 717 3468 761 ut

1899 799 2092 865 voluit,
2120 799 2232 868 ipse
2258 816 2316 854 se
2350 799 2608 855 Ecclesia:
2638 800 3007 865 excusaverit,
3051 809 3229 853 tamen
3262 813 3382 852 cum
3413 796 3468 850 in

1897 887 2124 957 epistola
2151 903 2311 942 voces
2345 889 2814 942 consubstantialis
2841 898 2894 943 et
2923 905 2989 942 ea:
3027 887 3324 941 substantia
3361 901 3468 941 non

1900 979 2289 1046 repudiaverit,
2342 980 2468 1034 illud
2500 991 2649 1035 certe
2699 981 2845 1050 quod
2887 980 3123 1034 diximus
3169 977 3344 1048 palam
3377 992 3470 1030 vo-

1899 1067 1998 1122 luit
2031 1069 2295 1124 indicare.
2341 1070 2415 1123 Ea
2447 1079 2623 1125 autem
2655 1069 2708 1124 in
2740 1085 2797 1124 re
2820 1085 2983 1137 grave
3012 1068 3270 1137 quiddam
3297 1067 3344 1122 ei
3377 1081 3471 1120 ac—

1899 1160 2051 1215 cidit.
2079 1159 2236 1223 Nam,
2268 1177 2389 1214 cum
2417 1175 2475 1215 se
2497 1160 2660 1215 veluti
2689 1170 2967 1231 purgaret,
2995 1160 3226 1214 Arianos
3255 1159 3472 1214 demum

1898 1251 2349 1320 accusavitquod.
2368 1266 2491 1305 cum
2519 1251 2817 1306 scriberent
2835 1251 3028 1306 Filium
3052 1265 3156 1304 non
3186 1248 3354 1305 fuisse
3374 1265 3472 1303 an-

1901 1353 2116 1412 tequam
2143 1344 2360 1414 genitus
2384 1350 2548 1407 esset,
2582 1341 2730 1395 illum
2763 1357 2865 1397 nec
2901 1353 3192 1411 antequam
3229 1341 3282 1396 in
3305 1339 3473 1396 carne

1899 1442 2219 1489 nasceretur
2246 1433 2524 1488 exsutisse
2549 1433 2836 1487 voluerint.
2868 1431 3020 1498 Quod
3051 1448 3185 1488 sane
3232 1447 3338 1486 non
3372 1449 3468 1501 po-

1899 1531 2005 1577 test
2036 1522 2293 1595 ignorare
2317 1522 2571 1589 Aeacius,
2596 1521 2698 1576 nisi
2721 1531 2775 1576 et
2810 1522 2923 1591 ipse
2981 1537 3122 1576 nunc
3181 1525 3471 1592 prasentis

1898 1613 2156 1682 temporis
2177 1628 2361 1677 causa,
2394 1611 2599 1666 factum
2635 1627 2746 1682 pra:
2785 1620 2931 1665 metu
2979 1611 3299 1677 dissimulet,
3330 1613 3472 1665 mi-

1901 1714 2175 1773 tatemque
2207 1713 2382 1772 neget.
2420 1702 2607 1772 Itaque
2633 1703 2688 1756 in
2721 1701 2851 1766 line,
2879 1699 3084 1768 subieci
3114 1701 3329 1755 Eusebii
3355 1704 3470 1769 epi-

233 1782 499 1875 στομάχων
531 1806 626 1859 καὶ
644 1807 784 1860 κατά
817 1809 1067 1878 περιττὸν
1089 1811 1189 1880 τὴν
1218 1782 1470 1864 ⁵Αέωὲεβυ
1503 1812 1636 1882 πρὸς
1669 1782 1792 1876 τοὺς

1899 1793 2112 1858 stolam,
2169 1805 2228 1847 ut
2264 1792 2468 1848 Christi
2503 1792 2740 1847 hostium
2780 1805 2845 1846 ac
2879 1791 3147 1862 insignem
3205 1790 3474 1861 praecipue

232 1892 416 1944 ἑαυτῶν
443 1894 803 1960 διδασκάλους
831 1898 1243 1970 ἀγνωμοσύνην.

288 2075 337 2129 ὁ.
368 2076 496 2139 Πῶς
531 2077 715 2131 τοίνυν
743 2078 842 2132 οὐκ
890 2079 1167 2134 ἀδικοῦσιν
1190 2075 1364 2148 οὗτοι,
1401 2083 1504 2136 κᾶν
1533 2074 1794 2154 ἐνθυμοῦ·-

231 2182 363 2237 μενοι
387 2171 553 2240 μόνον
588 2170 702 2240 (54)
726 2171 1028 2241 ἀντιλέγειν
1052 2177 1120 2245 τῇ
1145 2173 1380 2245 τοσαύτη
1415 2176 1508 2228 καὶ
1540 2176 1794 2244 οίκουμε-

227 2263 334 2330 νικῇ
371 2260 614 2332 συνὸᾶρ;
644 2261 770 2324 Πῶς
793 2263 854 2315 οὐ
890 2263 1266 2334 παρανομοῦσι
1299 2263 1602 2334 τολμῶντες
1641 2265 1792 2318 ἀντι-

226 2349 425 2405 ϐλέπειν
460 2355 578 2415 τοῖς
622 2352 805 2415 καλῶς
856 2354 1121 2425 ὁρισθεῖσι
1172 2355 1312 2408 κατά
1368 2355 1467 2426 τῆς
1508 2356 1792 2427 Ἀρειανῆς

229 2443 498 2514 αἱρέσεως,
519 2445 618 2498 καὶ
653 2446 1120 2517 μαρτυρουμένοις
1157 2446 1263 2499 ὑπὸ
1295 2446 1403 2501 τῶν
1431 2447 1627 2511 αὐτοὺς
1661 2447 1794 2518 πρό-

224 2545 364 2603 τερον
391 2534 616 2610 ἀσεϐεῖν
642 2533 1002 2601 διδαξάντων;
1052 2537 1113 2589 Et
1162 2536 1217 2589 δὲ
1251 2537 1346 2591 καὶ
1378 2537 1518 2607 μετά
1546 2539 1606 2591 τὸ
1657 2539 1793 2592 ὑπο-

224 2623 410 2694 τράψαι
436 2626 802 2696 μετεϐάλοντο
848 2628 900 2680 οἱ
933 2628 1061 2698 περὶ
1093 2627 1371 2693 Εὑσέϐιονλ,
1412 2629 1506 2682 καὶ
1529 2628 1607 2692 ὡς
1634 2629 1792 2692 κύνες

223 2715 293 2776 είς
317 2717 374 2768 τὸ
410 2717 548 2770 ἴδιον
585 2717 832 2789 ἐξέραμα
861 2718 962 2787 τῆς
997 2718 1250 2784 ἀσεϐείας
1277 2719 1614 2790 ἐπέστρεψαν
1639 2737 1650 2748 ·
1679 2719 1793 2783 πῶς

222 2806 326 2875 οὐχὶ
352 2809 448 2862 καὶ
472 2807 675 2879 μᾶλλον
707 2809 846 2876 ἄξιοι
883 2809 1073 2880 μίσους
1100 2811 1149 2862 oi
1168 2809 1262 2864 νῦν
1282 2811 1670 2880 ἀντιλέγοντες,
1689 2813 1791 2874 δτι,

220 2898 308 2970 τὴν
329 2900 647 2972 ἐλευθερίαν
677 2902 774 2972 τῆς
820 2902 1025 2954 ἑαυτῶν
1062 2901 1242 2972 ψυχῆς
1287 2902 1466 2966 ἀλλοις
1504 2904 1790 2974 προπίνον-

223 3009 323 3056 τες,
365 2995 598 3058 τούτους
649 2996 744 3048 καὶ
786 2994 1164 3065 καθηγεμόνας
1201 2996 1300 3065 τῆς
1348 2996 1609 3067 αἱρέσεως
1647 2996 1788 3066 ἔχειν

222 3083 482 3139 ἐθέλουσιν
509 3086 646 3157 (55);
674 3085 1013 3156 ἀνθρώπους,
1039 3085 1114 3148 ὡς
1146 3083 1298 3139 εἶπεν
1333 3086 1364 3138 ὁ
1406 3085 1684 3152 Ἰάκωϐος,
1713 3087 1790 3140 διο

219 3173 406 3245 ψύχους
440 3178 538 3230 καὶ
571 3177 980 3240 ἀκαταστάτους
1001 3178 1166 3241 ὗντας
1207 3181 1264 3231 ἐν
1287 3178 1488 3242 πάσαις
1506 3181 1626 3242 ταῖς
1651 3179 1790 3241 ὁδοῖς

221 3266 406 3330 αὐτῶν,
439 3268 538 3320 καὶ
566 3267 642 3338 μὴ
674 3268 803 3338 μίαν
841 3269 938 3338 μὲν
971 3268 1194 3338 ἔχοντας
1234 3266 1482 3339 γνώμην,
1511 3268 1700 3322 ἄλλοτε
1732 3269 1790 3322 δὲ

217 3360 376 3426 ἄλλως
401 3362 928 3434 μεταϐαλλομένους,
961 3366 1053 3418 καὶ
1085 3364 1178 3419 νῦν
1233 3367 1329 3436 μὲν
1368 3367 1724 3430 ἐπαινοῦντας
1763 3368 1792 3420 ὃ

217 3446 443 3518 λέγουσι,
473 3453 594 3522 μετ’
630 3452 808 3522 ὀλίγον
836 3455 892 3508 δὲ
921 3455 1189 3524 ψέγοντας
1210 3457 1347 3526 ὅπερ
1377 3458 1652 3528 εἰρήκασι,
1694 3457 1790 3512 καὶ

220 3542 367 3595 πάλιν
390 3543 759 3608 ἐπαινοῦντας
787 3547 924 3616 ὅπερ
953 3547 1060 3618 πρὸ
1083 3547 1280 3618 μικροῦ
1299 3547 1597 3602 διέϐαλλον.
1623 3548 1791 3600 Τοῦτο

219 3633 286 3694 δὲ,
316 3636 390 3697 ὡς
411 3639 440 3689 ὁ
466 3635 705 3706 Ποιμήν
733 3639 952 3708 εἴρηκεν
977 3638 1110 3709 (56),
1142 3637 1362 3705 ἔκγονον
1387 3639 1788 3700 ἐστιδιαϐὁλου,

221 3725 301 3776 καὶ
327 3726 593 3797 καπήλων
622 3727 680 3780 δὲ
706 3727 904 3798 μᾶλλον
927 3730 1022 3782 καὶ
1051 3730 1111 3782 οὐ
1148 3729 1482 3782 διδασκάλων
1516 3730 1631 3782 ἐστὶ
1655 3728 1792 3797 γνώ-

221 3831 396 3885 ρισμα.
425 3818 587 3870 Ἔστι
606 3816 738 3890 γὰρ,
765 3818 840 3882 ὡς
871 3821 919 3871 oi
941 3821 1182 3890 Πατέρες
1207 3820 1674 3891 παραδεδώκασιν,
1705 3821 1788 3873 ὅν-

218 3923 314 3971 τως
339 3910 682 3974 διδασκαλία,
739 3912 835 3965 καὶ
881 3912 1214 3968 διδασκάλων
1242 3913 1456 3983 ἀληθῶς
1481 3915 1638 3968 τοῦτο
1666 3931 1789 3968 τεκ-

217 4002 424 4072 μήριον,
456 4005 522 4056 τὸ
571 4003 642 4056 τά
689 4004 828 4056 αὐτὰ
867 4003 1116 4074 ἀλλήλοις
1154 4004 1459 4074 ὁμολογεῖν,
1489 4006 1582 4060 καὶ
1598 4006 1672 4076 μὴ
1687 4007 1788 4076 ἀμ-

218 4092 491 4163 φισϐητεῖν
530 4095 668 4163 μήτε
691 4094 824 4164 πρὸς
847 4095 1096 4158 ἑαυτοὺς,
1125 4097 1260 4166 μήτε
1287 4095 1423 4166 πρὸς
1436 4098 1562 4160 τοὺς
1583 4096 1790 4151 ἑαυτῶν

219 4184 472 4254 πατέρας.
524 4187 589 4238 0i
628 4185 738 4255 γὰρ
775 4186 848 4256 μὴ
893 4185 1080 4239 τοῦτον
1101 4185 1432 4257 διακείμενοι
1466 4189 1558 4241 τὸν
1591 4187 1792 4260 τρόπον

222 4276 475 4350 μοχθηροὶ
499 4277 703 4348 μᾶλλον
735 4279 830 4331 καλ¹
856 4279 955 4332 οὐκ
977 4279 1193 4349 ἀληθεῖς
1217 4280 1281 4333 ἂν
1308 4280 1419 4352 (58)
1447 4281 1694 4355 καλοῖντο
1712 4280 1792 4333 ϐισ-

216 4366 482 4423 δάσκαλοι.
523 4368 787 4440 Ἕλληνες
807 4369 958 4437 γοῦν,
989 4371 1087 4441 οὐχ
1109 4371 1492 4440 ὁμολογοῦντες
1524 4373 1593 4426 τὰ
1629 4370 1788 4434 αὺτά,

1894 1887 2079 1942 Acacii
2109 1887 2160 1940 in
2185 1901 2313 1941 suos
2367 1884 2657 1957 magistros
2686 1881 2974 1954 perﬁdiam
3023 1898 3090 1938 ex
3141 1899 3204 1938 ca
3264 1882 3474 1952 liquido

1893 1993 2208 2049 cognoscas.

1964 2073 2019 2126 4.
2045 2071 2238 2126 Annon
2258 2070 2422 2142 igitur
2452 2069 2526 2126 illi
2559 2068 2898 2140 iniquissime
2921 2070 3167 2138 agunt,si
3197 2067 3279 2122 vel
3296 2067 3470 2122 solum

1895 2162 1947 2218 in
1980 2162 2221 2216 animum
2260 2161 2517 2216 inducant
2541 2169 2692 2215 tanto
2725 2169 2778 2215 et
2802 2159 3042 2230 generali
3098 2159 3330 2215 concilio
3384 2174 3470 2214 re—

1894 2252 2169 2309 clamare?
2201 2252 2398 2307 Annon
2450 2251 2699 2308 scelerati
2731 2250 2962 2306 habendi
2993 2260 3122 2306 sunt
3153 2251 3244 2320 qui
3270 2251 3469 2304 advero

1893 2345 1971 2399 sis
2000 2343 2170 2400 oculis
2191 2343 2438 2399 contueri
2462 2345 2662 2398 audent
2690 2358 2754 2398 ea
2779 2358 2901 2413 qua:
2932 2345 3280 2398 recte‘contra
3305 2341 3469 2396 Aria-

1895 2450 2020 2488 nam
2052 2434 2300 2489 haeresim
2329 2434 2547 2488 decreta
2581 2431 2754 2500 fuere,
2775 2441 2830 2488 et
2863 2432 2933 2488 ab
2961 2432 3064 2487 illis
3096 2433 3227 2503 ipsis
3242 2434 3466 2503 probata

1895 2536 2040 2588 sunt,
2083 2541 2219 2594 quos
2273 2526 2425 2595 prius
2478 2526 2716 2581 habuere
2787 2526 3081 2595 impietatis
3141 2526 3471 2596 magistros?

1895 2617 2046 2684 Quod
2073 2616 2119 2671 si
2138 2617 2445 2683 Eusebiani,
2477 2627 2756 2687 postquam
2774 2616 3230 2686 subscripserunt,
3257 2615 3322 2670 ad
3349 2632 3472 2686 pro-

1893 2710 2072 2777 prium
2105 2709 2398 2778 impietatis
2431 2711 2696 2765 vomitum
2731 2711 2876 2766 velut
2921 2727 3090 2766 canes
3145 2721 3424 2766 revertere
3450 2751 3469 2776 ,

1893 2814 2074 2854 nonne
2106 2815 2172 2855 eo
2204 2801 2373 2870 magis
2422 2802 2548 2856 odio
2603 2802 2750 2873 digni
2780 2811 2909 2857 sunt
2948 2803 3000 2856 hi
3036 2803 3125 2872 qui
3165 2819 3307 2858 nunc
3337 2817 3472 2858 con-

1897 2887 2192 2952 tradicunt,
2231 2890 2376 2958 quod
2409 2905 2630 2944 suarum
2675 2891 2978 2945 animarum
3016 2891 3319 2946 libertatem
3350 2893 3471 2946 aliis

1893 2979 2271 3047 propitiantes,
2310 2981 2430 3034 illos
2463 2982 2610 3050 ipsos
2640 2981 2808 3036 duces
2846 2982 3073 3036 ltmresis
3131 2983 3334 3038 habere
3378 2998 3471 3037 ve-

1894 3068 2030 3123 lint?
2047 3069 2312 3137 homines,
2344 3081 2399 3124 ut
2419 3071 2742 3126 aitJacobus
2755 3069 2845 3136 η’,
2869 3072 3108 3142 duplices
3128 3073 3306 3126 animo
3322 3081 3378 3128 et
3394 3073 3471 3128 in-

1894 3172 2210 3216 constantes
2234 3163 2284 3216 in
2314 3165 2563 3218 omnibus
2593 3163 2695 3216 viis
2719 3163 2854 3229 suis,
2897 3179 2996 3220 nec
3032 3165 3083 3218 in
3115 3181 3216 3217 ttna
3247 3181 3468 3235 perma-

1895 3262 2085 3306 nentes
2108 3254 2396 3318 sententia,
2421 3254 2514 3306 sed
2561 3254 2718 3309 modo
2752 3271 2914 3308 unam
2947 3255 3105 3308 modo
3137 3256 3298 3308 aliam
3355 3274 3468 3309 am-

1894 3341 2215 3410 plectentes,
2268 3342 2426 3396 modo
2471 3357 2593 3412 qua:
2636 3342 2875 3397 dixerint
2921 3342 3249 3405 laudantes,
3307 3345 3468 3397 modo

1894 3431 2266 3499 vituperantes
2328 3433 2539 3497 eadem,
2599 3447 2911 3502 rursusque.
2944 3432 3086 3488 idem
3135 3435 3276 3501 quod
3306 3433 3468 3502 paulo

1893 3528 2020 3574 ante
2057 3520 2543 3589 reprehendebant,
2580 3524 2944 3593 approbantes
2971 3523 3107 3595 (38).
3143 3523 3197 3578 Id
3229 3540 3380 3589 vero,
3409 3534 3468 3580 ut

1895 3615 1970 3667 ait
1997 3611 2216 3678 Pastor,
2264 3615 2477 3669 nonnisi
2518 3630 2548 3668 a
2597 3615 2812 3672 diabolo
2839 3628 3018 3672 ortmn
3053 3617 3240 3682 habet,
3266 3633 3468 3686 caupo-

1897 3723 2134 3774 numque
2160 3707 2338 3776 potius
2385 3722 2547 3778 quam
2584 3704 2965 3778 magistrorum
2993 3719 3076 3766 est
3105 3711 3334 3781 insigne.
3380 3711 3467 3764 Si-

1894 3799 2111 3866 quidem
2145 3812 2269 3852 vera
2301 3800 2390 3855 illa
2415 3801 2663 3856 doctrina
2687 3811 2791 3868 est,
2836 3803 2910 3856 uti
2947 3799 3139 3858 Patres
3171 3801 3466 3863 tradidero,

1897 3906 2197 3960 verumque
2225 3893 2506 3946 doctorum
2536 3893 2819 3960 indicium,
2861 3909 2986 3949 cum
3017 3908 3209 3949 omnes
3241 3894 3381 3949 inter
3409 3910 3469 3951 se

1895 3983 2268 4049 consentiunt,
2308 4000 2412 4040 non
2463 3997 2642 4040 autem
2686 3986 2768 4042 vel
2803 4001 2987 4041 secum
3042 3985 3126 4041 vel
3177 4001 3299 4040 cum
3353 3988 3469 4043 suis

1895 4077 2140 4146 patribus
2181 4077 2410 4146 litigant.
2449 4077 2582 4132 Nam
2617 4077 2710 4146 qui
2773 4092 2879 4131 non
2927 4077 3003 4131 ila
3060 4087 3189 4132 sunt
3246 4075 3422 4132 affecti
3449 4118 3466 4139 .

1897 4165 2152 4235 improbi,
2184 4183 2290 4220 non
2326 4169 2441 4221 veri
2497 4169 2744 4222 doctores
2774 4176 2901 4221 sunt
2955 4167 3278 4237 appellandi.
3330 4167 3468 4222 Hinc

1893 4258 2121 4326 gentiles
2147 4259 2235 4328 qui
2272 4247 2422 4314 inter
2443 4275 2502 4315 se
2532 4275 2635 4313 non
2667 4262 3030 4326 consentiunt,
3062 4263 3155 4315 sed
3184 4262 3466 4326 dissident,

1894 4367 2021 4406 vera
2054 4354 2335 4422 privantur
2363 4354 2632 4409 doctrina.
2673 4353 2859 4409 Sancti
2889 4366 3069 4410 autem
3100 4364 3154 4409 et
3189 4357 3280 4425 qui
3321 4357 3466 4410 veri-

218 4455 342 4510 ἀλλά
373 4461 466 4513 καλ⁵
491 4459 632 4530 πρὸς
660 4457 918 4530 ἀλλήλους
949 4458 1435 4530 ἀμφισϐητοῦντες,
1479 4461 1582 4512 οὐκ
1614 4458 1787 4528 ἀληθῆ

1899 4446 2026 4500 tatis
2050 4461 2237 4501 revera
2273 4455 2398 4500 sunt
2419 4461 2724 4522 .prazcones,
2783 4447 2926 4502 inter
2980 4462 3039 4502 se
3087 4449 3466 4508 concordant,

213 4546 304 4617 τὴν
332 4549 683 4604 διδασκαλίαν
718 4549 958 4619 ἔχουσιν·
989 4553 1053 4616 οὲ-
1068 4550 1122 4623 δὲ
1158 4551 1300 4618 ἆγιοι
1334 4553 1426 4604 καὶ
1447 4551 1526 4621 τῷ
1548 4551 1662 4604 om
1683 4550 1784 4619 τῆς

215 4637 465 4707 ἀληθείας
512 4642 757 4711 κήρυκες
791 4641 1036 4712 ἀλλήλοις
1074 4659 1132 4693 τε
1171 4624 1540 4718 συμφωνοῦσι,
1586 4641 1682 4695 καὶ
1724 4642 1786 4695 οὐ

212 4727 550 4804 διαφέρονται
586 4731 724 4803 πρὸς
755 4723 1001 4794 tida-3g;
1027 4734 1090 4785 Ei
1107 4717 1342 4802 γὰρκαὶ
1361 4735 1638 4804 διαφόροις
1664 4732 1791 4802 χρό-

215 4838 319 4884 νοις
349 4827 657 4893 γεγόνασιν,
715 4825 830 4877 ἀλλ’
875 4828 954 4886 είς
992 4825 1186 4878 ταύτὸν
1230 4826 1479 4896 ἀλλήλοις
1523 4825 1787 4895 ὁρμῶσιν,

214 4913 324 4976 ἐνὸς
359 4914 511 4978 ὄντες
542 4913 640 4967 τοῦ
667 4913 804 4968 Θεοῦ
828 4915 1122 4985 προφῆται,
1152 4915 1243 4968 καὶ
1263 4915 1353 4968 τὸν
1387 4915 1549 4968 αὑτὸν
1576 4913 1790 4984 συμφώ-

211 5022 312 5068 νως
343 5007 820 5078 εὐαγγελιζόμενοι
853 5007 1042 5074 Λόγον.

281 5125 343 5154 ⁹¹⁴
384 5122 501 5179 Jac.
527 5137 566 5189 ι,
602 5121 658 5175 8.

278 5239 385 5308 (32)
424 5239 552 5294 Haec
581 5245 716 5308 sunt
737 5237 848 5308 ipsa
875 5233 1088 5308 Eusebii
1114 5235 1282 5308 verba
1314 5246 1382 5308 ex
1414 5232 1532 5302 ejus
1557 5228 1786 5308 epistola

211 5302 379 5370 quam
427 5312 480 5362 in
545 5310 652 5362 {ine
705 5306 862 5370 hujus
909 5304 1090 5370 oneris
1142 5302 1338 5370 subjici
1415 5302 1730 5370 curavimus
1773 5316 1787 5352 :

212 5368 330 5447 :E‘tt
348 5380 406 5432 τὸ
419 5368 916 5447 ἀναθεματίζεσθαι
933 5368 1010 5447 τὸ,
1031 5372 1150 5447 Πρρ
1174 5368 1280 5428 τοῦ
1299 5368 1661 5447 raw-narium
1675 5371 1788 5447 οὐκ

209 5441 401 5516 ἦν,οὐκ
417 5439 619 5504 ἄτοπον
635 5439 890 5516 ἐνομίσθη
907 5442 983 5516 τῷ
997 5443 1145 5516 παρά
1166 5447 1331 5516 πᾶσιν
1343 5439 1719 5516 ὁμολογεῖσθαι
1733 5439 1793 5490 τὸ

209 5512 440 5573 εἶναιτδν
458 5520 586 5573 Υίὺν
601 5516 698 5570 τοῦ
720 5512 852 5568 Θεοῦ
872 5512 1084 5583 πρὸτῆς
1106 5515 1249 5567 κατά
1263 5513 1442 5582 σάρκα
1461 5512 1789 5583 γεννήσεως.

212 5585 270 5640 ιιι
299 5600 374 5641 est
400 5607 415 5644 :
461 5588 573 5642 Nec
597 5589 721 5640 item
750 5582 1049 5638 absurdum
1077 5586 1242 5636 visum
1284 5591 1359 5635 est
1409 5583 1492 5634 his
1535 5582 1740 5632 υοεσὺιιι
1763 5619 1777 5641 ,

212 5653 325 5709 Non
356 5668 470 5711 erat
500 5668 792 5724 antequam
842 5654 1073 5724 genitus
1099 5662 1202 5724 est,
1246 5651 1525 5724 anathema
1567 5651 1776 5710 dicere,

213 5741 329 5777 cum
357 5719 960 5793 omnesj‘ateanturésse
981 5721 1077 5774 Dei
1109 5719 1340 5784 Filium.
1364 5722 1675 5790 priusquam
1694 5735 1777 5771 se-

209 5799 434 5848 cundum
455 5813 662 5849 carnem
692 5795 1007 5862 gigneretur.
1066 5861 1072 5862 γ
1110 5861 1115 5862 γ
1363 5802 1365 5804 ’

287 5863 389 5935 (53)
416 5863 507 5923 Sic
535 5865 666 5936 Reg.
691 5857 766 5918 Ᾰῐ
786 5863 876 5918 atii
909 5869 962 5916 et
992 5861 1156 5918 editio
1196 5862 1490 5930 Commcl.,
1516 5857 1775 5927 ὑπέταξε,

1893 4551 2000 4590 non
2047 4537 2380 4592 discordant.
2460 4536 2595 4592 Nam
2632 4537 2760 4592 licet
2795 4537 3025 4591 diversis
3075 4537 3150 4592 illi
3184 4535 3468 4592 ﬂoruerint

1895 4626 2246 4695 temporibus,
2303 4626 2446 4681 idem
2504 4635 2682 4681 tamen
2748 4627 2998 4680 omnibus
3059 4641 3254 4694 scapus
3322 4625 3465 4690 fuit,

1895 4718 2092 4788 quippe
2120 4719 2210 4789 qui
2240 4719 2398 4773 unius
2438 4718 2530 4773 Dei
2564 4727 2745 4772 essent
2772 4718 3047 4788 prephetze
3073 4729 3125 4772 et
3149 4719 3289 4772 idem
3318 4732 3464 4772 ξυιυς

1896 4827 1982 4866 ιιιο
2015 4825 2280 4867 consensu
2313 4816 2629 4867 nuntiarent
2663 4812 2914 4869 Verbum.

1887 5226 2299 5292 sed‘mendose,
2335 5234 2395 5279 ut
2416 5225 2617 5292 optime
2643 5227 2894 5279 observat
2924 5221 3343 5276 Fclckmannus.

1960 5283 2075 5361 (34)
2107 5293 2198 5364 Sic
2233 5283 2364 5362 Reg.
2404 5283 2506 5348 Alii
2532 5304 2588 5350 et
2617 5295 2746 5348 editi
2780 5293 2939 5364 μόνον
2968 5293 3244 5364 ntuittunt.

1960 5354 2074 5433 (55)
2110 5363 2240 5435 Reg.
2299 5354 2565 5433 θελουσιν,
2621 5365 2712 5434 qui
2747 5354 2886 5418 idem
2935 5375 3057 5414 mox
3081 5399 3096 5423 ,
3125 5359 3154 5408 ὁ
3183 5354 3453 5418 Ἰάκωϐος.

1891 5433 2398 5506 Eiiti‘onniittunt.
2640 5433 2692 5506 λ
2934 5498 2998 5506 μ,
3068 5497 3081 5506 .
3165 5496 3175 5506 .
3253 5495 3303 5506 ..

1962 5503 2075 5573 (56)
2103 5504 2275 5558 Verba
2304 5504 2544 5558 Pastoris
2579 5519 2640 5556 cx
2682 5498 3000 5573 homilia‘85
3055 5495 3459 5573 Antiochime

1891 5564 2017 5628 sunt
2047 5564 2070 5626 τ’
2104 5573 2166 5628 'll
2218 5575 2327 5643 γὰρ
2370 5575 2589 5643 διψυχία
2614 5572 2864 5643 θυγάτηρ
2905 5569 3019 5643 ἐστὶ
3045 5564 3454 5643 Δτοῦδιιιειξὸλου.ἶ

1891 5588 2058 5628 sunt:
2107 5588 2166 5628 'li
2218 5588 2327 5643 γαρ
2370 5588 2589 5643 οιψυχια
2621 5588 2864 5689 υυγατηρ
2905 5588 3019 5618 εςτι
3071 5588 3454 5644 τουριαοολουυ.

1891 5645 2080 5702 Versio
2104 5647 2324 5714 antiqua
2357 5643 2546 5698 Latina
2567 5662 2578 5697 :
2602 5640 2808 5694 Etenim
2847 5652 2939 5690 mn;
2961 5637 3224 5690 dubitatio
3251 5635 3361 5703 ﬁlia
3381 5641 3460 5687 est

1885 5714 2104 5766 diaboii.
3385 5713 3389 5716 ’

1923 5714 2104 5770 iaboii.

1977 5785 2068 5848 57)
2103 5783 2191 5835 Sic
2227 5783 2356 5850 lleg.
2395 5781 2460 5834 At
2490 5781 2616 5850 editi
2642 5791 2692 5838 ct
2722 5781 2812 5837 alii
2843 5779 2918 5833 ἄν-
2942 5780 3222 5834 omittunt.

1977 5787 2068 5848 57)
2103 5787 2191 5835 Sic
2227 5787 2356 5850 lteg.
2395 5787 2460 5834 At
2490 5787 2590 5833 edit

1953 5787 2067 5924 E38)
2093 5852 2210 5908 Lib.
2237 5867 2300 5918 ιι,
2330 5852 2512 5924 mand.
2538 5849 2590 5908 9.
