3978 6500
557 341 661 394 427

1123 337 1182 393 S.
1223 333 1596 388 ATHANASH
1637 333 1785 388 ΟΡΡ.
1830 331 2005 385 PARS
2035 332 2085 384 Ἰ.
2127 357 2196 370 —-
2235 328 2607 383 HISTORICA
2651 325 2734 379 ET
2778 325 3197 380 DOGMA'I‘ICA.

3715 322 3806 375 428

560 459 644 510 his
695 456 835 510 enim
893 461 999 508 tota
1036 453 1286 507 innititur
1342 467 1592 522 perversa
1622 451 1832 504 illorum
1859 449 2122 502 doctrina.

2232 446 2321 498 τοῦ
2359 447 2494 498 Θεοῦ
2529 445 2698 512 Λόγον
2723 442 3066 514 ἀρνούμενοι,
3113 442 3344 504 εἰκότως
3378 439 3475 492 καὶ
3511 439 3668 506 λόγου
3696 455 3811 491 παν-

558 546 761 617 Nempe
785 556 1069 616 postquam
1095 545 1186 599 Dei
1215 545 1449 600 Verbum
1479 546 1591 599 sive
1630 544 1894 598 rationem
1926 539 2124 606 reiece-

557 649 710 704 runt,
766 637 1119 692 meritissima
1145 637 1292 692 omni
1329 650 1554 707 prorsus
1589 635 1800 688 ratione
1847 642 1972 686 sunt
2017 631 2126 698 pri-

558 727 694 781 vati.
723 725 856 792 Quae
892 726 1108 794 quidem
1138 741 1260 780 cum
1285 725 1415 779 mihi
1455 723 1670 792 penitus
1691 730 1875 777 essent
1902 735 2124 790 perspe-

558 826 666 882 cta,
705 817 837 872 nihil
873 817 1116 885 profecto
1142 816 1247 872 illis
1277 817 1695 886 respondissem.
1749 813 1950 870 Verum
2000 817 2128 882 quia

561 917 648 962 tua
671 906 924 962 Charitas
950 923 1010 962 ea
1045 923 1164 976 qua:
1188 907 1240 961 in
1274 907 1480 976 synodo
1523 917 1641 961 acta
1685 916 1812 961 sunt
1863 905 2002 960 scire
2058 920 2124 958 ex

560 1011 646 1050 me
667 989 992 1060 voluit,-rcm
1023 997 1226 1050 diutius
1257 998 1398 1050 nolui
1429 997 1673 1062 differre,
1719 998 1809 1052 sed
1846 996 2126 1053 confestim

559 1099 679 1152 qua:
705 1095 830 1138 tunc
859 1094 1007 1150 gesta
1042 1095 1170 1138 sunt
1200 1098 1324 1138 nota
1375 1086 1502 1150 feci,
1558 1088 1852 1156 paucisque
1907 1086 2128 1140 demon-

556 1178 724 1230 stravi
760 1192 922 1244 quam
953 1192 982 1230 a
1010 1187 1152 1232 recta
1183 1177 1285 1232 (ide
1313 1178 1500 1248 procul
1532 1179 1603 1252 sit
1637 1178 1839 1233 Ariana
1880 1179 2126 1242 haeresis,

557 1266 799 1335 nihilque
831 1265 977 1321 aliud
1001 1266 1119 1322 illos
1146 1268 1252 1322 nisi
1275 1284 1409 1344 vana
1433 1269 1628 1340 effugia
1653 1269 2017 1323 comminisci.
2048 1267 2128 1322 Tu

553 1371 742 1424 porro,
791 1357 1136 1424 charissitne,
1177 1359 1300 1415 vide
1332 1375 1510 1414 annon
1571 1361 1642 1414 ita
1676 1375 1732 1416 se
1792 1374 1879 1416 res
1907 1360 2123 1416 habeat.

553 1443 688 1498 Nam
717 1446 760 1502 si
789 1447 873 1501 his
913 1447 1013 1517 ipsi
1046 1447 1323 1502 confidunt
1381 1465 1498 1519 qua:
1544 1459 1764 1505 auctore
1798 1458 1850 1504 et
1894 1450 2127 1505 semina-

553 1546 672 1590 tore
703 1537 916 1592 diabolo
937 1552 1192 1607 perverse
1213 1541 1614 1612 excogitavere,
1642 1549 1868 1610 purgent
1896 1556 1954 1597 se
1976 1541 2127 1612 prius

554 1624 621 1678 de
657 1624 763 1679 illis
798 1627 1097 1682 erroribus
1145 1636 1366 1697 propter
1395 1644 1533 1698 quos
1579 1630 1820 1684 haeretici
1873 1639 1999 1686 sunt
2029 1630 2125 1686 de—
2160 1643 2164 1648 ’

553 1716 765 1782 clarati,
798 1733 861 1773 ac
895 1717 1089 1773 deinde
1120 1734 1240 1788 quae
1269 1731 1459 1776 contra
1494 1736 1551 1776 se
1581 1722 1798 1778 decreta
1851 1732 2015 1787 sunt,
2078 1723 2122 1778 si

2228 537 2319 598 τός
2349 537 2484 588 εἰσιν
2528 535 2745 606 ἔρημοι.
2785 537 2968 589 Ταῦτα
2998 535 3126 604 γοῦν
3175 535 3359 598 εἰδὼς,
3411 534 3566 587 οὐδὲν
3605 533 3670 586 ἂν
3707 532 3808 602 (2.6)

2229 625 2613 694 ἀπεκρινάμην
2681 627 2958 696 ἐρωτῶσιν
3005 627 3266 688 ἐκείνοιςο
3323 623 3518 694 ἐπειδὴ
3573 624 3629 676 δέ
3678 627 3708 695 ἡ
3749 625 3809 693 σὴ

2229 715 2478 778 Διάθεσις
2494 716 2740 786 ἀπῄτησε
2763 717 2962 784 γνῶναι
2993 717 3057 768 τὰ
3077 719 3131 770 ἐν
3158 719 3225 787 τῇ
3253 715 3468 785 συνόδῳ
3488 714 3809 786 πραχθέντα,

2227 808 2324 876 οὑχ
2349 807 2714 878 ὑπερεθέμην,
2772 809 2887 862 ἀλλ’
2930 808 3109 874 εὐθὺς,
3144 809 3218 872 ῶς
3254 808 3386 861 τότε
3429 806 3643 874 γέγονε,
3671 805 3812 876 δεδή-

2230 897 2402 961 λωκα,
2430 897 2610 963 δείξας
2636 897 2703 950 δι’
2744 897 2936 967 ὀλίγων
2986 899 3108 950 ὅσον
3135 897 3402 960 εὐσεϐοῦς
3442 899 3753 968 φρονήσεως
3778 898 3808 965 ἡ

2242 987 2492 1058 Ἀρειανὴ
2541 988 2750 1061 αἵρεσις
2808 990 3115 1060 ἐστέρηται,
3161 989 3259 1042 καὶ
3315 988 3482 1058 μόνον
3514 988 3813 1059 προφάσεις

2230 1077 2573 1131 πλάττονται.
2603 1078 2801 1132 Σκόπει
2829 1079 2884 1132 δέ
2908 1080 3002 1132 καὶ
3033 1081 3115 1145 σὺ,
3144 1080 3424 1150 ἁγαπητέ,
3461 1081 3509 1131 εί
3544 1080 3620 1150 μὴ
3648 1079 3812 1142 οὕτως

2230 1171 2361 1242 ἔχει.
2388 1172 2452 1224 Εἰ
2485 1171 2778 1244 θαρροῦσιν
2810 1169 2890 1237 οἷς
2941 1173 3169 1246 ἐφεῦρον
3211 1174 3373 1228 αὐτοὶ
3429 1177 3648 1237 κακοῖς,
3701 1176 3814 1227 ἐπι-

2231 1266 2554 1337 σπείραντος
2603 1267 2786 1329 αὑτοῖς
2831 1265 2924 1318 τοῦ
2967 1265 3212 1320 διαϐόλου
3240 1267 3344 1336 τὴν
3374 1265 3809 1336 κακοφροσύνην,

2228 1357 2700 1426 ἀπολογείσθωσαν
2728 1357 2855 1428 περὶ
2889 1350 2964 1411 ὧν
2993 1357 3353 1426 ἐγκληθέντες
3410 1355 3812 1428 ἀπεδείχθησαν

2228 1449 2514 1521 αἱρετικοὶ,
2541 1450 2636 1503 καὶ
2658 1450 2778 1502 τότε
2804 1448 2990 1503 λοιπὸν
3016 1447 3405 1513 αἰτιάσθωσαν,
3447 1450 3499 1500 εἰ
3540 1448 3810 1510 δύνανται,

2224 1539 2294 1593 τὰ
2319 1541 2437 1592 κατ’
2460 1539 2636 1592 αὑτῶν
2665 1539 2983 1610 ὁρισθέντα·
3019 1538 3191 1601 οὐδεὶς
3254 1538 3365 1610 γάρ
3408 1537 3692 1609 ἐλεγχθεὶς
3728 1540 3812 1591 ἐπὶ

2228 1631 2372 1702 φόνῳ
2397 1631 2491 1684 καὶ
2529 1631 2742 1701 μοιχεία
2791 1629 2928 1700 μετά
2977 1629 3075 1701 τὴν
3111 1629 3268 1701 δίκην
3322 1629 3509 1701 χώραν
3555 1630 3672 1701 ἔχει
3718 1631 3809 1701 τὴν

2227 1724 2497 1791 ἀπόφασιν
2521 1723 2613 1776 τοῦ
2651 1722 2938 1793 κρίναντος
2975 1720 3281 1784 αἰτιᾶσθαι,
3306 1719 3396 1774 διά
3437 1722 3490 1774 τί
3523 1720 3603 1791 μὴ
3625 1721 3807 1784 οὕτως,

551 1807 1154 1876 possintcriminentur.
1186 1811 1356 1868 Nemo
1380 1811 1521 1867 enim
1550 1813 1830 1869 homicidii
1855 1825 1947 1870 aut
1977 1815 2125 1870 adul-

2232 1815 2344 1868 ἀλλ’
2373 1813 2595 1877 ἐκείναις
2645 1813 2893 1885 ἐλάλησε.
2937 1811 3105 1865 Τοῦτο
3141 1811 3253 1883 γάρ
3282 1812 3382 1866 οὑκ
3417 1810 3702 1882 ἐλευθεροῖ
3725 1811 3810 1866 τὸν

554 1899 676 1952 terii
705 1899 996 1954 convictus
1006 1899 1096 1970 jus
1127 1903 1308 1970 habet,
1341 1912 1462 1972 post
1483 1903 1770 1972 judicium,
1796 1909 2122 1962 sententiam

547 1989 749 2058 judicis
776 1991 1121 2056 criminandi,
1149 2009 1246 2047 cur
1296 2008 1488 2065 nempe
1521 2012 1623 2050 non
1661 1997 1739 2051 sic
1769 1998 1861 2052 sed
1916 1999 1995 2052 sic
2048 1999 2124 2052 lo-

551 2091 711 2135 cutus
745 2080 927 2136 fuerit.
962 2081 1205 2152 Namque
1232 2084 1282 2139 id
1310 2101 1454 2150 eum,
1489 2088 1578 2154 qui
1612 2085 1776 2141 fuerit
1806 2089 2126 2143 condemna-

552 2182 658 2238 tus,
681 2175 906 2230 minime
932 2175 1267 2243 liberaverit,
1293 2177 1387 2232 sed
1411 2179 1727 2249 potiusejus
1745 2179 1900 2250 culpa
1933 2181 2122 2249 hujus-

549 2265 695 2319 modi
739 2266 1047 2320 temeritate
1069 2276 1127 2320 et
1161 2267 1388 2322 audacia
1421 2278 1670 2335 augetur.
1699 2269 1778 2323 Illi
1811 2285 1941 2340 ergo
1970 2271 2123 2326 simi-

550 2355 675 2408 liter
699 2355 780 2409 vel
815 2357 1105 2411 ostendant
1125 2373 1182 2412 se
1203 2359 1290 2428 pie
1305 2359 1538 2425 sentire;
1571 2360 1836 2430 siquidem
1855 2363 2120 2430 accusati,

550 2446 784 2501 convicti
840 2456 988 2514 sunt,
1042 2463 1165 2503 cum
1217 2449 1351 2503 nihil
1398 2460 1555 2504 antea
1586 2460 1770 2506 essent
1797 2455 2119 2522 conquesti:

549 2551 761 2605 aequum
788 2547 968 2593 autem
1010 2548 1093 2594 est
1131 2554 1224 2595 eos
1267 2540 1364 2610 .qui
1394 2551 1740 2606 accusantur,
1791 2542 1924 2596 nihil
1976 2544 2120 2596 aliud

551 2642 714 2697 agere
748 2643 905 2697 quam
931 2637 1066 2684 utse
1089 2630 1401 2686 defendant.
1434 2631 1528 2686 Vel
1553 2634 1595 2686 si
1637 2633 1910 2686 sordidata
1937 2635 2123 2688 convi-

553 2719 626 2771 cti
665 2718 1032 2784 conscientia,
1093 2735 1246 2774 suam
1291 2722 1621 2790 impietatem
1673 2734 1996 2791 agnoscunt,
2058 2742 2122 2779 ne

553 2811 717 2880 igitur
747 2810 964 2880 culpent
1009 2826 1130 2879 quzc
1179 2812 1452 2882 ignorant,
1485 2831 1552 2870 ne
1581 2813 1742 2869 forte
1779 2815 1876 2883 ipsi
1924 2816 2120 2884 duplex

551 2900 676 2956 inde
694 2901 892 2956 malum
919 2917 1100 2958 secum
1121 2905 1379 2972 referant,
1405 2907 1698 2977 impietatis
1718 2905 1878 2961 simul
1902 2916 1955 2962 et
1979 2909 2123 2978 igno-

551 2991 742 3045 rantiae
771 2991 962 3046 merito
984 2993 1348 3049 condemnati.
1383 2993 1516 3048 Rem
1546 2994 1726 3064 potius
1757 2995 1997 3050 studiose
2023 3011 2120 3051 ex-

550 3079 809 3146 peudant,
842 3089 900 3134 ut
923 3081 1028 3146 his,
1053 3097 1173 3151 qua).
1202 3084 1350 3152 prius
1372 3083 1712 3148 nesciebant,
1743 3085 2000 3154 cognitis,
2030 3087 2122 3139 im-

2231 1907 2507 1980 κριθέντα,
2537 1907 2672 1961 ἀλλά
2691 1907 2782 1960 καὶ
2813 1906 3011 1977 μᾶλλον
3043 1904 3208 1958 αὑτοῦ
3230 1905 3292 1957 τὸ
3320 1904 3576 1975 ἔγκλημα
3601 1902 3691 1956 διὰ
3720 1903 3808 1973 τὴν

2232 1999 2561 2070 προπέτειαν
2587 2000 2682 2052 καὶ
2703 1997 2799 2068 τὴν
2828 1997 3032 2066 τόλμαν
3081 1996 3397 2062 ἐπαυξάνει.
3455 1993 3672 2048 Οὐκοῦν
3723 1995 3807 2048 καὶ

2230 2085 2434 2160 οῦτοιῆ
2478 2087 2842 2142 δεικνύτωσαν
2889 2086 2950 2139 τὸ
2985 2086 3240 2157 φρόνημα
3293 2081 3507 2137 ἐαῦτῶν
3549 2082 3802 2146 εὐσεϐές·

2230 2179 2697 2252 κατηγορηθέντες
2759 2179 2868 2249 γάρ
2918 2177 3285 2247 ἠλέγχθησάν,
3339 2177 3401 2228 οὑ
3461 2175 3806 2244 μεμψάμενοι

2231 2272 2522 2343 πρότερον·
2568 2273 2662 2325 καὶ
2705 2269 2914 2324 δίκαιόν
2947 2271 3062 2320 ἐστι
3096 2269 3222 2330 τοὺς
3261 2265 3614 2328 αἰτιαθέντας
3651 2265 3805 2337 μηδὲν

2230 2363 2413 2434 ἕτερον
2437 2365 2608 2416 ποιεῖν
2639 2362 2670 2431 ἢ
2699 2357 3080 2429 ἀπολογεῖσθαι
3109 2374 3120 2386 ·
3155 2358 3188 2426 ἢ
3218 2359 3265 2408 εἰ
3292 2357 3351 2409 τὸ
3377 2353 3618 2418 συνειδὸς
3641 2354 3805 2424 έχουσι

2233 2453 2494 2524 ῥυπαρὸν,
2527 2453 2622 2506 καί
2647 2451 2942 2524 συνορῶσιν
2976 2449 3200 2511 ἑαυτοὺς
3227 2446 3582 2509 ἀσεϐοῦντας,
3623 2445 3697 2515 μὴ
3742 2447 3806 2498 αἱ·

2229 2543 2535 2597 τιάσθωσαν
2589 2543 2622 2596 ἀ
2682 2542 2990 2610 ἀγνοοῦσιν,
3046 2541 3133 2592 ἴνα
3171 2539 3245 2610 μὴ
3302 2539 3398 2590 καὶ
3458 2537 3682 2590 διπλοῦν
3723 2554 3804 2588 και-

2229 2633 2322 2687 κδν
2355 2634 2488 2706 (‘27),
2519 2634 2770 2698 ἀσεϐείας
2797 2633 3048 2702 ἔγκλημα
3072 2632 3163 2684 καὶ
3198 2629 3557 2691 ἀπαιδευσίας
3592 2629 3805 2696 ἀπενέγ-

2230 2744 2429 2780 κωνται
2454 2727 2518 2797 μέ
2527 2726 2678 2797 μψιν.
2711 2725 3143 2789 Ἐξεταζέτωσαν
3161 2723 3217 2775 δὲ
3240 2722 3443 2793 μᾶλλον
3475 2720 3820 2791 φιλομαθῶς,

2228 2819 2314 2881 ἵν’,
2348 2819 2658 2886 ἐπιγνόντες
2680 2817 2713 2871 ἀ
2737 2818 3000 2888 πρότερον
3024 2817 3273 2886 ἠγνόουν,
3311 2814 3688 2882 ἀπονίψωνται
3719 2812 3800 2872 τὰς

2228 2906 2434 2960 ἑαυτῶν
2467 2906 2682 2969 ἀσεϐεῖς
2711 2907 2877 2968 ἀκοάς
2905 2904 2982 2975 τῷ
3025 2905 3121 2974 τῆς
3172 2903 3429 2973 ἀληθείας
3475 2901 3679 2971 νάματι
3717 2902 3800 2952 καὶ

2226 3002 2340 3062 τοῖς
2372 3000 2470 3070 τῆς
2505 2997 2788 3060 εὐσεϐείας
2837 2997 3119 3066 δόγμασιν.
3152 2993 3311 3047 Ὁὺτω
3358 2993 3469 3064 γάρ
3506 2994 3603 3046 καὶ
3647 2993 3703 3044 ἐν
3740 2994 3800 3060 τῇ

2227 3089 2368 3143 κατά
2403 3089 2634 3144 Νίκαιαν
2666 3088 2867 3158 συνόδῳ
2891 3089 3080 3156 γέγονε
3105 3089 3221 3148 τοῖς
3254 3085 3381 3154 περὶ
3415 3083 3691 3137 Εύσέϐιον.

549 3169 669 3238 pias
699 3185 826 3226 suas
848 3185 1009 3228 aures
1032 3173 1277 3229 veritatis
1307 3174 1445 3230 unda
1476 3183 1531 3230 et
1573 3174 1794 3246 pietatis
1848 3175 2120 3247 dogmatis
2158 3181 2634 3249 possinlahluere.
2705 3181 2795 3234 Sic
2857 3180 3018 3249 igitur
3057 3178 3108 3230 in
3155 3176 3372 3230 Nictctta
3423 3178 3631 3246 synodo
3685 3184 3798 3244 erg-1

547 3261 888 3320 Eusebianos
918 3275 1098 3320 actum
1120 3277 1224 3323 est.

620 3357 672 3411 3.
717 3350 787 3411 Ut
818 3368 974 3413 erant
1016 3359 1068 3412 in
1118 3374 1212 3414 sua
1251 3360 1529 3431 impietate
1567 3362 1896 3432 pertinaces,
1932 3363 2121 3420 molie-

2299 3363 2355 3415 5.
2425 3361 2513 3422 Ὠς
2562 3359 2927 3427 ἐφιλονείκουν
2987 3357 3330 3422 ἀσεϐοῦντες,
3390 3357 3485 3412 καὶ
3530 3357 3800 3427 θεομαχεῖν

551 3448 856 3518 bauturque
878 3465 1001 3506 eum
1029 3452 1144 3521 ipso
1170 3452 1277 3506 Deo
1301 3467 1560 3522 pugnare,
1596 3455 1668 3508 ita
1689 3468 1811 3523 qua:
1837 3454 1904 3508 ab
1929 3455 2009 3508 eis
2042 3455 2124 3508 di-

561 3539 826 3594 cebantur
875 3540 1030 3610 plena
1060 3551 1216 3598 erant
1251 3542 1562 3613 impietatis.
1616 3543 1864 3614 Episcopi
1915 3552 2119 3610 autem,

553 3630 644 3698 qui
684 3633 909 3686 trecenti
962 3634 1084 3704 plus
1123 3635 1302 3688 minus
1325 3647 1718 3704 convenerant,
1751 3646 2032 3692 mansuete
2061 3651 2123 3690 ac

555 3725 976 3790 perhumaniter
1004 3726 1072 3781 ab
1120 3726 1226 3779 illis
1277 3726 1644 3794 postularunt,
1697 3736 1756 3780 ut
1790 3727 1856 3782 de
1886 3729 1971 3782 his
2004 3743 2125 3797 qum

555 3814 812 3868 dicebant
837 3815 1102 3870 rationem
1139 3816 1453 3881 redderent,
1485 3817 1711 3885 piasque
1737 3815 1995 3871 afferrent
2029 3816 2122 3871 de-

553 3903 998 3960 monstrationes.
1022 3903 1122 3971 Qui
1147 3915 1201 3958 ut
1225 3904 1312 3958 vix
1338 3905 1482 3975 loqui
1505 3916 1806 3975 creperum,
1826 3907 2124 3978 dignissimi

553 3995 658 4050 visi
682 3996 890 4050 suutab
912 3996 1162 4051 omnibus
1185 3997 1276 4067 qui
1299 3997 1828 4064 condemnarentur;
1856 3999 2124 4069 ipsi-enim

555 4086 697 4141 inter
723 4101 782 4142 se
807 4087 1236 4155 altercabantur,
1265 4090 1558 4160 agnitaque
1587 4105 1699 4145 suae
1743 4091 1964 4147 haeresis
1991 4091 2120 4145 futi-

555 4176 710 4231 litate
743 4178 1321 4247 mutipermanebant,
1348 4187 1403 4232 et
1445 4193 1542 4234 suo
1596 4179 1812 4236 silentio
1862 4194 2127 4250 ρει-γενεά»

555 4268 839 4323 sententiae
864 4268 1251 4338 turpitudinem
1281 4269 1609 4325 fatebantur.
1642 4271 1826 4340 Itaque
1866 4272 2124 4342 episcopi,

555 4359 838 4414 vocabulis
869 4375 993 4430 qua:
1022 4360 1098 4414 illi
1124 4362 1420 4417 commenti
1450 4373 1606 4416 erant
1634 4363 1902 4428 rescissis,
1937 4379 2124 4417 sanam

556 4459 611 4505 et
649 4450 1078 4507 ecclesiasticam
1117 4451 1276 4507 fidem
1310 4454 1570 4509 adversus
1628 4453 1747 4508 illos
1804 4469 2126 4521 exposuere,

555 4539 643 4594 cui
669 4555 793 4596 cum
842 4555 1032 4596 omnes
1059 4541 1535 4612 subscripsissent,
1571 4541 1860 4596 Eusebiani
1909 4557 2129 4612 quoque

557 4631 642 4687 his
662 4633 793 4703 ipsis
819 4633 1096 4688 vocabulis
1122 4648 1242 4702 qua:
1276 4649 1417 4689 nunc
1455 4634 1858 4703 reprehendunt
1891 4633 2128 4688 subseri.

2225 3453 2564 3523 ἐπεχείρουν,
2595 3450 2664 3503 τὰ
2691 3451 2790 3520 μὲν
2817 3450 3082 3521 λεγόμενα
3109 3452 3235 3521 παρ’
3266 3450 3448 3503 αὑτῶν
3470 3450 3716 3513 ἀσεϐείας
3737 3445 3799 3517 ἦν

2228 3544 2428 3617 μεστά⁶
2462 3547 2508 3596 oi
2538 3544 2593 3597 δὲ
2621 3542 2966 3605 συνελθόντες
2995 3543 3285 3596 ἐπίσκοποι
3337 3538 3528 3613 (ἦσαν,
3549 3543 3621 3610 ¹δὲ
3649 3541 3798 3594 πλέον

2223 3638 2257 3709 ἦ
2283 3637 2504 3690 ἔλασσον
2534 3635 2866 3706 τριακόσιοι)
2911 3635 3096 3704 πράως
3126 3633 3220 3686 καὶ
3249 3623 3797 3708 φιλανθρῴπωξεάπῄ»

2224 3745 2348 3781 τουν
2395 3727 2590 3790 αὑτοὺς
2627 3725 2756 3796 περὶ
2807 3718 2881 3778 ὧν
2918 3724 3102 3791 ἔλεγον
3132 3722 3331 3776 διδόναι
3357 3723 3516 3793 λόγον
3556 3724 3647 3776 καὶ
3673 3723 3805 3776 ἀπο-.

2224 3819 2416 3884 δείξεις
2442 3818 2704 3881 εὐσεϐεῖς.
2747 3816 2834 3879 Ὧς
2869 3815 2924 3868 δέ
2955 3815 3048 3867 καὶ
3098 3814 3256 3885 μόνον
3293 3815 3650 3885 φθεγγόμενοι
3680 3827 3799 3865 κατ-

2227 3910 2605 3979 εγινώσκοντο,
2642 3908 2735 3961 καὶ
2771 3907 2904 3978 πρὸς
2946 3907 3173 3968 ἑαυτοὺς
3229 3905 3567 3978 διεμάχοντο,
3610 3905 3796 3974 πολλὴν

2225 4001 2458 4072 ὁρῶντες
2508 4001 2607 4071 τῆς
2654 3998 2863 4051 ἑαυτῶν
2928 3997 3193 4068 αἱρέσεως
3251 3997 3365 4068 (28)
3413 3997 3510 4068 τὴν
3555 3995 3797 4068 ἀπορίαν,

2226 4092 2445 4162 ἀχανεῖς
2478 4091 2578 4160 μὲν
2601 4089 2794 4159 έμενον
2815 4082 2980 4154 οὗτοι,
3008 4089 3102 4142 καὶ
3131 4088 3218 4141 διά
3239 4087 3338 4157 τῆς
3369 4087 3577 4158 σιωπῆς
3600 4083 3798 4155 ὡμολό-

2227 4197 2357 4249 γουν
2384 4181 2482 4250 τὴν
2517 4180 2609 4232 ἐπὶ
2637 4182 2701 4249 τῇ
2741 4175 3029 4249 κακοδοξίᾳ
3065 4177 3176 4248 (29)
3224 4177 3406 4230 αὑτῶν
3435 4175 3706 4247 αἰσχύνην.
3737 4169 3796 4225 Ol

2229 4275 2416 4328 τοίνυν
2471 4273 2778 4334 ἐπίσκοποι,
2829 4269 3014 4323 λοιπὸν
3045 4269 3323 4332 ἀνελόντες
3369 4267 3440 4321 τά
3476 4266 3600 4338 παρ’
3626 4264 3797 4318 αὐτῶν

2229 4362 2582 4432 ἐπινοηθέντα
2621 4363 2862 4434 ῥήματα,
2894 4361 3064 4424 οὕτως
3090 4360 3335 4427 ἐξέθεντο
3368 4359 3490 4412 κατ’
3519 4357 3686 4413 αύτῶν
3702 4357 3798 4424 τὴν

2229 4454 2578 4523 ὑγιαίνουσαν
2613 4456 2705 4507 καὶ
2739 4452 3194 4524 ἐκκλησιαστικὴν
3230 4453 3413 4505 πίστιν
3435 4470 3448 4481 ·
3493 4452 3702 4505 πάντων
3733 4464 3791 4499 τε

2234 4543 2687 4615 ὑπογραψάντων,
2750 4543 3071 4614 ὑπέγραψαν
3117 4543 3206 4594 καὶ
3265 4542 3314 4593 oi
3375 4542 3502 4612 περὶ
3549 4537 3798 4592 Baetem

2231 4635 2438 4697 τούτοις
2474 4638 2587 4696 τοῖς
2626 4636 2884 4704 ῥήμασιν,
2913 4628 2992 4696 οἷς
3027 4632 3306 4684 αἰτιῶνται
3337 4632 3432 4685 νῦν
3459 4625 3622 4685 οῦτοι·
3655 4627 3798 4694 λέγω

557 4737 738 4792 psere,
765 4739 957 4794 nempe
978 4723 1122 4794 quod
1147 4723 1239 4780 Dei
1265 4723 1436 4780 Filius
1458 4739 1527 4780 ex
1572 4725 1875 4780 substantia
1923 4725 1993 4779 sit
2025 4721 2125 4776 Pa-

2235 4725 2401 4797 δὴτῷ
2434 4727 2498 4782 ἐκ
2523 4727 2620 4795 τῆς
2653 4726 2838 4794 οὑτίας
2871 4726 2962 4777 καὶ
2991 4724 3067 4793 τῷ
3108 4725 3402 4794 όμοουσίῳ,
3439 4724 3528 4777 καὶ
3555 4724 3628 4775 ὅτι
3657 4721 3814 4790 mite,

559 4814 680 4878 tris,
710 4816 870 4884 eique
914 4815 1412 4884 consubstantialis,
1462 4825 1517 4872 et
1575 4816 1735 4887 166
1781 4815 1924 4886 quod
1955 4828 2130 4885 neque

560 4919 648 4957 res
676 4915 882 4969 creata,
912 4919 1012 4960 nec
1045 4905 1182 4960 facta
1217 4905 1302 4960 vel
1329 4907 1545 4961 condita
1567 4907 1661 4994 sit,
1696 4906 1790 4960 sed
1825 4905 1968 4976 quod
1997 4905 2131 4959 Ver—

560 4995 687 5047 bum
714 4993 974 5048 ex~Patris
997 4995 1295 5049 substantia
1319 4997 1389 5050 sit
1416 4993 1677 5066 genitum.
1713 4995 1826 5050 lmo
1865 4994 2006 5064 quod
2032 4993 2129 5047 mi-

563 5099 682 5138 rum
702 5092 802 5148 est,
841 5083 953 5153 ipse
1001 5084 1263 5139 Eusebius
1284 5086 1544 5142 Caesarea:
1582 5088 1634 5139 in
1689 5083 1977 5140 Palaestina
2009 5082 2128 5152 epi-

563 5189 775 5244 scopus,
824 5175 916 5243 qui
968 5173 1140 5243 pridie
1173 5175 1470 5237 restiterat,
1506 5186 1709 5244 postea
1764 5171 2130 5241 subscripsit,

565 5264 1080 5335 hancque-Ecclesia:
1105 5264 1264 5320 fidem
1292 5276 1346 5320 et
1376 5267 1594 5321 Patrum
1625 5267 1962 5320 traditionem
1991 5277 2134 5329 esse,

624 5378 746 5450 (‘26)
782 5381 858 5452 Ex
877 5396 986 5436 ms.
1011 5377 1156 5452 Reg.
1182 5379 1502 5450 particulam
1525 5383 1589 5438 ἄν
1615 5380 1944 5447 addidimus,
1967 5393 2128 5448 quam

565 5450 652 5502 alii
679 5462 730 5502 et
753 5451 882 5504 editi
911 5450 1190 5506 Otuittuitt.

639 5519 750 5592 (ἐῖ)
783 5520 1153 5592 Κακόνμοιιθει
1182 5537 1210 5592 a
1247 5521 1376 5592 Reg.
1413 5537 1519 5577 ms.

642 5589 753 5660 (ἓξ)
785 5590 912 5660 l_leg.
944 5589 1045 5658 τῆς
1075 5589 1347 5660 αἱρέσεως
1366 5592 1564 5644 αὐτῶν.

643 5655 754 5723 (29)
785 5655 1050 5727 Sic’Reg'“
1075 5655 1236 5726 atque
1267 5661 1337 5712 ita
1377 5663 1542 5715 etiam
1569 5660 1700 5728 legit
1727 5657 1988 5710 Nannius.
2013 5657 2128 5728 Ca:-

577 5728 760 5795 ter'tet
802 5727 950 5792 editi,
989 5726 1313 5797 κενοδοξίας
1350 5745 1406 5784 ιιι
1447 5741 1499 5784 ct
1523 5726 1648 5799 lcgin
1678 5728 1997 5783 Ambrosius
2027 5726 2130 5782 Ca-

2239 4815 2522 4886 κτίσμα,ῆ
2563 4817 2796 4887 ποίημα,
2843 4817 2978 4886 μήτε
3032 4814 3142 4867 τῶν
3168 4815 3410 4884 γενητῶν
3460 4817 3598 4866 ἐστιν
3633 4813 3660 4863 ὁ
3708 4807 3800 4860 τοῦ

2237 4905 2371 4959 θεοῦ
2398 4906 2543 4970 Υἱὸς,
2574 4905 2974 4975 illum“
2997 4906 3060 4956 ἐκ
3085 4905 3186 4973 τῆς
3218 4905 3424 4968 οὐσίας-
3439 4902 3546 4973 (50)
3573 4898 3656 4954 τοῦ
3690 4900 3801 4951 Πα-

2237 4995 2361 5064 τρός
2390 4995 2535 5046 ἐστιν
2553 4997 2580 5046 ό
2611 4994 2800 5060 Λόγος.
2837 4993 2947 5046 Καὶ
2969 4991 3028 5044 τό
3058 5009 3121 5059 γε
3147 4992 3467 5062 παράδοξον,
3501 4986 3748 5050 Εὐσέϐιος
3776 4987 3803 5038 ό

2239 5084 2344 5137 ἀπὸ
2366 5085 2701 5153 Καισαρείας
2753 5085 2849 5154 τῆς
2884 5083 3268 5152 Παλαιστίνης,
3302 5083 3394 5135 καί
3439 5099 3490 5134 τι
3544 5079 3638 5150 πρὸ
3674 5079 3804 5147 μιᾶς

2239 5172 2588 5242 ἀρνούμενος,
2617 5173 2768 5242 ὅμως
2797 5171 3016 5242 ὕστερον
3055 5171 3398 5242 ὑπογράψας,
3439 5167 3706 5224 ἐπέστειλε
3739 5167 3802 5231 τῇ

2254 5263 2549 5333 Ἐκκλησία
2583 5263 2799 5327 ἐαυτοῦ,
2831 5263 3002 5330 λέγων
3028 5261 3235 5332 ταύτην
3259 5263 3371 5333 (51)
3391 5260 3523 5315 εἶναι
3549 5259 3634 5327 τῆς
3671 5254 3802 5308 Ἐκ-

2241 5379 2622 5452 maldulcnsis,
2652 5378 2745 5452 qui
2779 5392 2972 5452 nempe
2995 5377 3190 5452 vertit,
3219 5376 3438 5445 ipsoque
3460 5372 3656 5452 silentio
3685 5385 3811 5423 cono

2239 5447 2528 5515 ﬁtebanmr
2566 5446 2947 5515 turpitudinem
2988 5449 3472 5517 inanitercaptata:
3498 5446 3697 5517 gloriq.
3745 5507 3770 5517 _

2313 5518 2424 5582 (50)
2457 5517 2547 5570 Sic
2600 5510 2730 5584 lteg.
2763 5520 2830 5570 At
2879 5517 2969 5570 alii
3007 5524 3061 5568 et
3115 5515 3264 5577 editi,
3308 5510 3546 5584 γέννημα
3573 5510 3665 5563 καὶ
3706 5510 3808 5576 τῆς

2239 5587 2330 5638 τοῦ
2365 5588 2479 5638 [lae
2488 5587 2576 5648 ρος
2605 5586 2810 5648 οὑσίας.

2311 5657 2422 5725 (3t)
2455 5653 2674 5726 Ταύτην
2704 5655 3036 5712 restituimus
3064 5668 3131 5710 ex
3166 5668 3266 5712 ms.
3308 5653 3436 5724 Reg.
