3978 6502
246 316 333 371 ιεν
1266 305 1351 363 DE
1391 302 1735 362 DECRETIS
1769 304 1802 358 δ

1906 303 2071 358 ΕΝᾸΞ
2112 301 2383 357 SYNODI.

3358 282 3468 350 tsi

247 432 442 501 πλησίας
462 425 562 502 τὴν
583 430 773 484 πίστιν
787 431 888 484 ’καὶ
920 430 1026 483 τῶν
1047 430 1305 502 Πατέρων
1328 429 1427 500 τὴν
1455 426 1754 499 παράδοσιν
1774 443 1786 455 ο

1906 425 2077 478 missis
2137 424 2204 477 ad
2263 436 2418 476 suam
2471 419 2770 474 Ecclesiam
2822 417 3059 480 litteris,
3116 413 3466 486 significem.

245 522 359 574 πᾶσί
395 539 450 573 τε
479 521 728 590 φανερῶς
773 520 992 584 ἔδειξεν,
1015 522 1096 573 ὅτι
1137 521 1400 592 πρότερον
1443 519 1787 589 ἐσφάλλοντο,

245 615 321 666 καὶ
347 614 506 682 μάτην
539 613 910 681 ἐφιλονείκουν
959 613 1094 684 πρὸς
1125 613 1226 684 τὴν
1259 611 1537 682 ἀλήθειαν.
1579 611 1643 665 Εἰ
1683 611 1792 680 γὰρ

247 709 322 760 καὶ
348 705 571 777 ᾐσχύνθη
599 707 725 758 τότε
752 707 979 769 ταύταις
1025 709 1142 770 ταῖς
1194 706 1372 770 λέξεσι
1429 705 1659 776 γράψαι,
1697 705 1792 757 καὶ

245 799 306 860 ὡς
330 796 578 867 ἠθέλησεν
606 797 772 860 αὐτὸς
799 797 1176 868 ἀπελογήσατο
1202 798 1268 866 τῇ
1309 795 1627 866 Ἐκκλησία,
1657 795 1793 848 άλλά

245 906 297 956 γε
343 889 421 941 διὰ
458 889 553 958 τῆς
601 889 900 959 ἐπιπολῆς
926 889 986 941 τὸ
1011 889 1335 957 ὀμοούσιον
1368 878 1549 940 καὶτὸ
1587 888 1656 940 ἐκ
1686 885 1793 952 τῆς

243 977 427 1042 οὐσίτις
465 977 538 1048 μὴ
592 978 994 1049 ἀρνησάμενος,
1049 979 1296 1050 φανερῶς
1338 977 1497 1030 τοῦτο
1554 977 1792 1046 σημᾶναι

245 1065 477 1136 βούλεται.
514 1067 626 1120 Καὶ
661 1067 898 1121 πέπονθέ
926 1085 977 1121 τι
1020 1068 1222 1122 δεινόν’
1257 1067 1369 1138 (32)
1399 1067 1476 1130 ὡς
1509 1065 1618 1137 γὰρ
1661 1068 1795 1119 ἀπο-

241 1157 549 1227 λογούμενος,
574 1158 932 1228 ικατηγὸρησε
968 1157 1152 1212 λοιπὸν
1190 1158 1298 1210 τῶν
1344 1156 1658 1229 Ἀρειανῶν,
1687 1158 1791 1219 ὅτι,

241 1248 538 1318 γράψαντες,
565 1250 684 1303 Οὐκ
705 1245 774 1320 ἦν
807 1253 836 1304 ὁ
866 1251 992 1313 Υἱὸς
1012 1251 1142 1318 πρὶν
1177 1249 1526 1320 γεννηθῆναι,
1552 1249 1652 1301 οὐκ
1677 1247 1796 1318 ήθεσ

241 1342 314 1393 λον
338 1342 488 1394 αὑτὸν
507 1337 652 1395 εἶναι
686 1341 810 1395 ούδέ
853 1342 958 1414 πρὸ
988 1346 1085 1413 τῆς
1117 1341 1259 1396 κατὰ
1289 1342 1466 1412 σάρκα
1507 1323 1791 1408 γενέσεως.

241 1436 331 1488 Καὶ
351 1435 498 1488 τοῦτο
516 1430 629 1489 οἶδε
657 1436 754 1489 καὶ
787 1434 1062 1498 Ἀκάκιος,
1101 1434 1166 1487 ἂν
1194 1434 1268 1506 μὴ
1299 1435 1394 1486 καὶ
1426 1434 1586 1496 αὐτὸς
1628 1431 1796 1505 φοϐη-

241 1525 336 1589 θεὶς
365 1526 452 1579 νῦν
474 1526 567 1580 διὰ
592 1526 686 1579 τὸν
717 1526 910 1598 καιρὸν
941 1525 1322 1596 ὑποκρίνηται,
1355 1525 1448 1579 καὶ
1489 1522 1805 1596 ἀρνήσηταὶ’
1850 1589 1854 1592 _

237 1619 318 1688 τὴν
359 1617 636 1688 ἀλήθειαν.
680 1617 955 1682 ’Υπέταξα
986 1618 1096 1686 (55)
1132 1617 1261 1685 γοῦν
1305 1620 1362 1670 ἐν
1405 1615 1481 1686 τῷ
1510 1615 1649 1668 τέλει
1699 1616 1797 1685 τὴν
1835 1664 1837 1666 .

237 1711 492 1781 ἐπιστολὴν
531 1709 820 1775 Εὐσεϐίου,
851 1711 937 1764 ἵνα
970 1713 1034 1765 ἐκ
1060 1711 1264 1780 ταύτης
1287 1710 1430 1781 γνῷς
1457 1710 1565 1763 τῶν
1599 1727 1655 1762 τε
1680 1726 1798 1780 χρι-

236 1803 492 1871 στομάχων
531 1802 787 1855 καὶκατὰ
820 1803 1070 1873 περιττὸν
1091 1804 1190 1873 τὴν
1220 1802 1472 1856 Ἀκακίου
1505 1789 1638 1871 πρὸς
1671 1803 1796 1864 τοὺς

235 1889 415 1942 ἑαυτῶν
441 1891 807 1954 διδασκάλους
834 1892 1246 1963 ἀγνωμοσύνην.

291 2073 339 2126 ὁ.
368 2073 492 2136 Πῶς
531 2073 718 2126 τοίνυν
745 2073 846 2126 ούκ
894 2073 1170 2128 ἀδικοῦσιν
1194 2068 1367 2138 οῦτοι,
1404 2074 1508 2128 κᾶν
1537 2064 1798 2143 ἐνθυμού-

233 2181 364 2234 μενοι
388 2167 556 2237 μόνον
591 2165 705 2236 (54)
729 2166 1033 2235 ἀντιλέγειν
1057 2170 1123 2238 τῇ
1148 2163 1384 2236 τοσαύτῃ
1418 2166 1512 2218 καὶ
1545 2166 1798 2233 οἰκούμε-

231 2260 336 2326 νικῇ
373 2257 618 2328 cum;
646 2255 775 2319 Πῶς
797 2257 859 2310 ού
894 2255 1270 2327 παρανομοῦσι
1303 2255 1607 2326 τολμῶντες
1645 2254 1797 2307 ἀντι-

229 2345 426 2401 ϐλέπειν
457 2351 581 2411 τοῖς
625 2347 810 2410 καλῶς
861 2347 1125 2418 ὁρισθεῖσι
1176 2347 1316 2400 κατὰ
1373 2347 1472 2417 τῆς
1513 2345 1798 2416 Ἀρειανῆς

233 2441 499 2510 αἱρέσεως,
521 2441 620 2494 καὶ
656 2439 1124 2512 μαρτυρουμένοις
1162 2439 1268 2492 ὑπὸ
1300 2438 1407 2492 τῶν
1436 2438 1632 2500 αὐτοὺς
1666 2437 1800 2508 πρό-

227 2542 368 2600 τερον
394 2530 618 2606 ἀσεϐεῖν
645 2528 1007 2595 διδαξάντων;
1057 2531 1118 2582 Et
1167 2529 1222 2581 δὲ
1252 2529 1350 2582 καὶ
1383 2527 1523 2598 μετὰ
1551 2528 1612 2580 τὸ
1663 2528 1798 2581 ὑπο-

229 2621 414 2691 γράψαι
436 2621 807 2692 μετεϐάλοντο
854 2621 905 2674 οἱ
939 2621 1066 2692 περὶ
1099 2619 1376 2685 Εὐσέϐιονλ,
1417 2619 1511 2674 καὶ
1535 2618 1612 2682 ὡς
1639 2618 1799 2682 κύνες

227 2712 298 2774 είς
322 2713 378 2766 τὺ
413 2714 550 2766 ἴδιον
587 2695 838 2784 ἐξέραμα
866 2712 967 2781 τῆς
1002 2711 1255 2776 ἀσεϐείας
1282 2710 1621 2781 ἐπέστρεψαν
1645 2727 1656 2738 ·
1685 2709 1800 2772 πῶς

227 2803 331 2872 οὖχὶ
356 2806 447 2858 καὶ
472 2802 678 2876 μᾶλλον
711 2804 852 2870 ἄξιοι
889 2803 1079 2874 μίσους
1106 2804 1155 2855 οἱ
1173 2802 1268 2855 νῦν
1287 2802 1676 2870 ἀντιλέγοντες,
1694 2803 1798 2864 ὅτι,

227 2896 312 2968 τὴν
334 2897 650 2968 ἐλευθερίαν
680 2898 779 2967 τῆς
825 2895 1030 2948 ἑαυτῶν
1067 2895 1248 2965 ψυχῆς
1293 2894 1473 2957 ἄλλοις
1511 2894 1797 2965 προπίνον-

228 3006 328 3054 τες,
369 2993 600 3054 τούτους
651 2991 748 3044 καὶ
791 2988 1169 3059 καθηγεμόνας
1206 2989 1305 3057 τῆς
1353 2987 1616 3059 αἱρέσεως
1654 2987 1796 3058 ἔχειν

227 3080 482 3136 ἐθέλουσιν
510 3083 649 3153 (35);
677 3080 1018 3150 ἀνθρώπους,
1043 3078 1118 3141 ὡς
1150 3076 1302 3132 εἶπεν
1337 3079 1368 3130 ὁ
1411 3078 1691 3144 Ἰάκωϐος,
1721 3079 1798 3132 διο
1825 3127 1870 3184 C

224 3171 410 3242 ψύχους
441 3175 539 3227 καὶ
572 3171 985 3235 ἀκαταστάτους
1005 3172 1170 3234 ἤντας
1211 3173 1268 3224 ἐν
1291 3171 1495 3234 πάσαις
1514 3174 1634 3234 ταῖς
1659 3170 1798 3232 ὁδοῖς

225 3263 409 3326 αὐτῶν,
441 3265 540 3317 καὶ
568 3263 644 3334 μὴ
678 3263 808 3333 μίαν
846 3263 942 3332 μὲν
976 3262 1198 3332 ἔχοντας
1238 3259 1490 3333 γνώμην,
1519 3260 1708 3314 ἄλλοτε
1741 3260 1798 3313 δὲ

223 3358 381 3423 ἄλλως
405 3359 934 3430 μεταϐαλλομένους,
965 3360 1058 3412 καὶ
1090 3357 1182 3412 νῦν
1237 3359 1333 3429 μὲν
1372 3359 1733 3421 ἐπαινοῦντας
1772 3359 1801 3410 ὃ

221 3445 446 3516 λέγουσι,
475 3451 597 3519 μετ’
634 3448 815 3518 ὀλίγον
843 3449 899 3502 δὲ
927 3449 1194 3519 ψέγοντας
1215 3449 1352 3519 ὅπερ
1383 3451 1661 3520 εἰρήκασι,
1703 3448 1800 3502 καὶ

223 3539 373 3592 πάλιν
395 3541 765 3604 ἐπαινοῦντας
793 3542 930 3611 ὅπερ
959 3541 1065 3611 πρὸ
1088 3539 1284 3612 μικροῦ
1303 3539 1607 3594 διέϐαλλον.
1633 3539 1802 3592 Τοῦτο

224 3630 293 3691 δὲ,
323 3633 395 3694 ὼς
415 3636 444 3686 ὁ
471 3631 711 3702 Ποιμήν
738 3634 958 3704 εἴρηκεν
984 3632 1116 3703 (⁸56),
1147 3631 1368 3698 ἔκγονόν
1393 3633 1514 3685 ἐστι
1528 3631 1800 3690 διαϐόλου.

225 3723 307 3774 καὶ
332 3723 599 3794 καπήλων
629 3723 687 3776 δέ
713 3721 910 3793 μᾶλλον
934 3724 1028 3776 καὶ
1057 3723 1118 3775 ού
1155 3721 1492 3776 διδασκάλων
1526 3723 1643 3774 ἐστὶ
1666 3719 1803 3788 γνώ-

227 3828 404 3882 ρισμα.
433 3815 595 3867 Ἔστι
613 3813 747 3886 γὰρ,
773 3813 849 3877 ὼς
880 3816 928 3866 oi
950 3814 1191 3884 Πατέρες
1216 3812 1686 3884 παραδεδώκασιν,
1717 3812 1800 3864 6v-

223 3922 320 3968 τως
347 3908 692 3970 διδασκαλία,
749 3907 845 3960 καὶ
891 3907 1225 3961 διδασκάλων
1253 3905 1468 3975 ἀληθῶς
1493 3906 1650 3959 τοῦτο
1679 3923 1802 3958 τεκ-

225 4000 434 4069 μήριον,
466 4001 532 4053 τὸ
582 3999 653 4053 τὰ
700 3999 840 4051 αὐτὰ
878 3997 1128 4067 ἀλλήλοις
1165 3996 1471 4067 ὁμολογεῖν,
1502 3997 1595 4050 καὶ
1611 3997 1686 4066 μὴ
1700 3997 1802 4066 άμο

225 4089 502 4159 φισϐητείν
541 4091 680 4159 μήτε
703 4089 837 4159 πρὸς
860 4089 1109 4151 ἑαυτοὺς,
1139 4089 1274 4159 μήτε
1301 4087 1436 4157 πρὸς
1449 4089 1574 4151 τοὺς
1597 4087 1804 4140 ἑαυτῶν

228 4182 485 4251 πατέρας.
537 4183 602 4234 Οἱ
627 4180 752 4251 γὰρ
789 4181 862 4250 μὴ
907 4180 1094 4233 τοῦτον
1114 4179 1445 4249 διακείμενοι
1480 4179 1572 4232 τὸν
1606 4179 1806 4250 τρόπον

230 4274 490 4346 μοχθηροὶ
513 4273 718 4344 μᾶλλον
750 4275 845 4326 καὶ
871 4273 970 4326 οὐκ
991 4272 1207 4342 ἀληθεῖς
1231 4273 1296 4325 ἂν
1322 4271 1433 4343 (38)
1461 4272 1708 4346 καλοῖντο
1727 4272 1806 4324 δι-

225 4363 497 4419 δάσκαλοι.
537 4364 802 4435 ’Έλληνες
823 4363 974 4431 γοῦν,
1004 4365 1102 4434 οὐχ
1123 4363 1506 4433 ὁμολογοῦντες
1539 4364 1608 4417 τὰ
1645 4362 1804 4426 αὐτὰ,

1894 514 2258 582 omnibusque
2307 519 2491 581 aperte
2549 509 2846 564 declaravit
2899 508 3020 564 illos
3065 507 3219 577 prius
3253 519 3466 562 errasse

1893 605 2205 674 frustraque
2245 605 2507 658 adversus
2566 603 2850 657 veritatem
2909 600 3279 656 contendisse.
3317 598 3468 652 Licet

1893 696 2037 750 enim
2074 707 2197 750 tunc
2225 711 2346 750 eum
2375 696 2458 750 his
2499 696 2574 748 uti
2609 694 2832 751 vocibus
2862 694 3135 763 puduerit,
3184 699 3350 761 atque
3405 698 3465 742 nt

1896 787 2089 852 voluit,
2117 787 2228 856 ipse
2255 803 2312 840 se
2347 786 2605 840 Ecclesia:
2635 783 3005 848 excusaverit,
3049 792 3226 836 tamen
3259 795 3379 834 cum
3410 778 3465 831 in

1894 875 2122 945 epistola
2148 890 2308 930 voces
2341 873 2811 928 consubstantialis
2838 883 2893 927 et
2918 888 2987 926 ea:
3026 869 3322 924 substantia
3358 883 3466 923 non

1897 967 2287 1034 repudiaverit,
2340 967 2465 1020 illud
2497 975 2646 1020 certe
2696 965 2843 1034 quod
2885 963 3121 1017 diximus
3167 960 3342 1030 palam
3376 973 3468 1012 vo—

1897 1055 1996 1110 luit
2030 1057 2293 1112 indicare.
2339 1056 2413 1110 Ea
2445 1065 2621 1110 autem
2653 1054 2706 1109 in
2737 1070 2795 1109 re
2817 1069 2982 1120 grave
3011 1051 3269 1121 quiddam
3295 1048 3342 1104 ei
3375 1063 3468 1100 ac-

1898 1148 2049 1203 cidit.
2078 1146 2236 1211 Nam,
2267 1164 2388 1201 cum
2416 1161 2474 1201 se
2497 1146 2658 1200 veluti
2687 1154 2966 1215 purgaret,
2994 1143 3224 1196 Arianos
3253 1141 3470 1196 demum

1897 1238 2491 1307 accusavitqnod,cum
2518 1237 2816 1290 scriberent
2835 1235 3028 1289 Filium
3051 1248 3154 1287 non
3185 1230 3352 1286 fuisse
3373 1246 3470 1284 an-

1900 1341 2116 1400 tequam
2143 1331 2360 1400 genitus
2385 1336 2548 1393 esset,
2581 1326 2730 1380 illum
2764 1341 2865 1381 nec
2900 1336 3190 1394 antequam
3228 1324 3280 1377 in
3304 1320 3471 1378 carne

1898 1429 2220 1476 nasceretur
2247 1419 2525 1474 exstitisse
2550 1417 2836 1472 voluerint.
2869 1415 3020 1482 Quod
3051 1431 3184 1470 sane
3231 1429 3336 1468 non
3372 1429 3468 1482 pu-

1899 1519 2006 1565 test
2037 1509 2295 1578 ignorare
2319 1508 2573 1574 Aeacius,
2598 1506 2700 1561 nisi
2722 1515 2776 1560 et
2811 1505 2924 1575 ipse
2981 1521 3122 1558 nune
3180 1505 3472 1575 praesentis

1899 1600 2158 1669 temporis
2180 1613 2364 1664 eausa,
2398 1598 2601 1652 factum
2635 1611 2748 1666 prae
2787 1604 2933 1649 metu
2980 1594 3301 1660 dissimulet,
3331 1595 3475 1647 veri-

1903 1701 2178 1760 tatemque
2209 1699 2385 1759 neget.
2422 1688 2610 1757 Itaque
2636 1687 2691 1741 in
2723 1685 2854 1750 line,
2881 1683 3085 1752 subieci
3115 1683 3332 1738 Eusebii
3358 1686 3474 1752 epi-

1897 1781 2114 1845 stolam,
2172 1791 2230 1834 ut
2267 1777 2470 1834 Christi
2506 1777 2743 1832 hostium
2782 1790 2848 1830 ac
2881 1775 3150 1845 insignem
3207 1773 3478 1844 praecipuo

1897 1874 2081 1930 Acacii
2112 1873 2162 1927 in
2188 1887 2316 1928 suos
2370 1869 2660 1942 magistros
2689 1866 2977 1939 perﬁdiam
3025 1882 3093 1922 ex
3144 1882 3207 1920 ea
3268 1864 3478 1934 liquido

1896 1981 2210 2037 cognoscas.

1968 2061 2023 2113 4.
2049 2059 2242 2112 Annon
2261 2056 2426 2128 igitur
2456 2054 2530 2111 illi
2562 2053 2900 2124 iniquissime
2925 2053 3171 2122 agunt,si
3199 2050 3282 2104 vel
3299 2049 3474 2104 solum

1899 2150 1951 2205 in
1984 2149 2225 2203 animum
2264 2147 2522 2202 inducant
2546 2155 2696 2199 tanto
2729 2153 2782 2200 et
2807 2142 3046 2214 generali
3102 2141 3333 2197 concilio
3387 2155 3474 2196 re-

1899 2240 2173 2297 clamare?
2205 2239 2402 2293 Annon
2455 2236 2704 2293 scelerati
2734 2234 2966 2291 habendi
2996 2243 3126 2289 sunt
3157 2233 3248 2302 qui
3273 2233 3474 2286 adver-

1899 2332 1976 2387 sis
2005 2331 2176 2387 oculis
2197 2329 2444 2386 contueri
2468 2330 2667 2383 audent
2695 2342 2758 2382 ea
2784 2342 2906 2396 quae
2936 2328 3285 2380 recte‘contra
3310 2323 3473 2378 Aria-

1901 2437 2026 2477 nam
2057 2421 2306 2476 haeresim
2335 2420 2553 2473 decreta
2586 2417 2758 2484 fuere,
2780 2425 2835 2472 et
2869 2415 2938 2472 ab
2966 2416 3070 2470 illis
3102 2415 3232 2486 ipsis
3247 2416 3472 2486 probata

1901 2524 2047 2576 sunt,
2089 2528 2226 2582 quos
2279 2512 2432 2581 prius
2485 2511 2722 2566 habuere
2793 2509 3086 2579 impietatis
3147 2507 3477 2578 magistros?

1901 2605 2052 2672 Quod
2081 2604 2125 2658 si
2145 2603 2452 2669 Eusebiani,
2483 2612 2763 2672 postquam
2781 2600 3237 2669 subscripserunt,
3263 2597 3328 2652 ad
3357 2614 3479 2667 pro-

1900 2698 2078 2766 prium
2113 2696 2405 2765 impietatis
2438 2697 2704 2751 vomitum
2738 2695 2884 2750 velnt
2929 2710 3097 2750 canes
3152 2703 3432 2748 revertere
3457 2732 3476 2757 ,

1900 2801 2081 2842 nonne
2113 2802 2180 2842 eo
2211 2788 2380 2856 magis
2430 2788 2556 2842 odio
2611 2787 2757 2858 digni
2788 2795 2916 2842 sunt
2955 2787 3007 2840 hi
3044 2787 3133 2855 qui
3173 2801 3316 2840 nune
3345 2799 3478 2840 con-

1903 2875 2200 2940 tradicunt,
2239 2876 2384 2945 quod
2418 2891 2637 2930 suarum
2682 2876 2987 2930 animarum
3023 2875 3327 2929 libertatem
3358 2873 3480 2928 aliis

1901 2968 2280 3037 propitiantes,
2318 2968 2438 3021 illos
2471 2968 2618 3036 ipsos
2649 2967 2815 3021 duces
2855 2966 3081 3021 haeresis
3139 2966 3341 3020 habere
3385 2980 3479 3019 ve-

1901 3058 2038 3113 lint?
2057 3058 2321 3125 homines,
2352 3067 2406 3111 ut
2427 3055 2853 3120 aitJacobus’“,
2877 3056 3116 3126 duplices
3136 3056 3314 3110 animo
3330 3063 3386 3110 et
3402 3055 3480 3109 in-

1901 3160 2218 3206 constantes
2242 3151 2293 3204 in
2323 3152 2572 3205 omnibus
2601 3149 2704 3202 viis
2727 3148 2863 3214 suis,
2905 3162 3005 3204 nec
3041 3149 3092 3201 in
3123 3164 3225 3200 una
3255 3163 3476 3218 perma-

1903 3252 2094 3296 nentes
2117 3241 2405 3305 sententia,
2430 3241 2524 3292 sed
2570 3240 2727 3294 modo
2761 3255 2922 3293 unam
2956 3239 3114 3292 modo
3146 3239 3306 3292 aliam
3363 3255 3477 3291 am-

1903 3331 2224 3401 plectentes,
2277 3329 2435 3383 modo
2480 3343 2602 3398 qua:
2645 3327 2884 3383 dixerint
2931 3326 3215 3380 laudantes
3242 3366 3258 3388 ,
3317 3327 3478 3379 modo

1904 3421 2276 3489 vituperantes
2338 3420 2549 3484 eadem,
2609 3432 2922 3486 rursusque.
2954 3417 3096 3472 idem
3145 3418 3286 3484 quod
3316 3415 3478 3485 paulo

1904 3517 2031 3564 ante
2068 3509 2553 3578 reprehendebant,
2590 3509 2954 3580 approbantes
2982 3507 3117 3580 (58).
3154 3507 3207 3562 Id
3240 3523 3390 3570 vero,
3420 3516 3479 3562 ut

1906 3605 1982 3656 ait
2008 3600 2227 3666 Pastor,
2275 3603 2488 3656 nonnisi
2528 3616 2560 3654 a
2607 3601 2822 3656 diabolo
2849 3613 3028 3656 ortum
3064 3601 3251 3664 habet,
3278 3615 3480 3668 caupo-

1907 3711 2146 3763 nninque
2171 3696 2350 3765 potius
2397 3710 2558 3764 quani
2595 3690 2976 3764 magistrorum
3003 3702 3088 3750 est
3116 3695 3346 3764 insigne.
3391 3692 3479 3746 Si-

1906 3789 2124 3856 quidem
2157 3801 2281 3840 vera
2314 3788 2402 3842 illa
2427 3788 2676 3842 doctrina
2700 3795 2804 3854 est,
2848 3787 2921 3840 uti
2958 3783 3151 3840 Patres
3183 3783 3479 3844 tradidere,

1909 3895 2210 3949 verumque
2237 3881 2518 3935 doctorum
2549 3880 2831 3945 indicium,
2874 3894 2998 3934 cum
3030 3893 3221 3933 omnes
3254 3877 3394 3932 inter
3422 3892 3482 3933 se

1908 3972 2281 4038 consentiunt,
2321 3988 2425 4028 non
2477 3983 2655 4027 autem
2699 3971 2781 4028 vel
2816 3986 3000 4026 secum
3055 3969 3138 4025 vel
3190 3985 3312 4024 cum
3366 3970 3483 4025 suis

1909 4067 2154 4136 patribus
2194 4066 2423 4136 litigant.
2463 4064 2596 4119 Nam
2631 4063 2723 4132 qui
2787 4077 2893 4117 non
2941 4062 3016 4116 ita
3074 4070 3203 4116 sunt
3259 4059 3436 4114 affecti
3463 4100 3480 4122 .

1911 4155 2166 4224 improbi,
2198 4171 2304 4208 non
2341 4156 2455 4209 veri
2512 4157 2758 4209 doctores
2789 4161 2915 4207 sunt
2969 4152 3292 4222 appellandi.
3345 4150 3482 4204 Hinc

1908 4248 2136 4316 gentiles
2161 4249 2250 4317 qui
2287 4235 2437 4302 inter
2457 4263 2516 4303 se
2547 4262 2650 4301 non
2681 4247 3044 4310 consentiunt,
3077 4246 3170 4299 sed
3198 4245 3480 4308 dissident,

1908 4357 2036 4397 vera
2069 4344 2351 4412 privantur
2378 4342 2648 4397 doctrina.
2689 4340 2874 4396 Sancti
2904 4351 3084 4395 autem
3115 4347 3169 4392 et
3204 4339 3294 4409 qui
3335 4339 3481 4393 veri-

227 4452 356 4507 ἀλλὰ
387 4455 482 4509 καὶ
507 4454 646 4525 πρὸς
675 4431 934 4524 ἀλλήλους
964 4431 1451 4523 ἀμφισϐητοῦντες,
1495 4452 1597 4504 οὐκ
1629 4449 1802 4520 ἀληθῆ

1913 4436 2041 4490 tatis
2065 4451 2253 4491 revera
2288 4442 2412 4489 sunt
2437 4449 2739 4510 praecones,
2798 4433 2941 4487 inter
2995 4447 3054 4486 se
3102 4431 3481 4490 concordant.

223 4543 316 4614 τήν
344 4545 698 4598 διδασκαλίαν
733 4544 974 4613 ἔχουσιν·
1005 4544 1138 4616 οὲ,δέ
1174 4544 1315 4612 ἅγιοι
1350 4542 1542 4612 καὶτῷ
1564 4542 1678 4595 ὁντι
1699 4542 1800 4611 τῆς

227 4633 484 4704 ἀληθείας
530 4637 774 4706 κήρυκες
809 4634 1052 4705 ἀλλήλοις
1091 4651 1148 4686 τε
1188 4617 1557 4710 συμφωνοῦσι,
1602 4631 1698 4686 καὶ
1741 4633 1802 4686 οὐ

187 4775 190 4778 .
222 4723 568 4799 διαφέρονται
604 4726 742 4798 πρὸς
773 4717 1234 4794 ἐαῦτῐῦςξείγὰρ
1269 4727 1358 4778 καὶ
1378 4727 1654 4796 διαφόροις
1681 4724 1808 4794 χρό-

227 4834 332 4880 νοις
366 4821 674 4887 γεγόνασιν,
732 4819 848 4872 ἀλλ’
893 4821 972 4879 εἰς
1009 4818 1204 4871 ταύτὸν
1247 4818 1495 4888 ἀλλήλοις
1539 4816 1804 4886 ὁρμῶσιν,

223 4909 337 4972 ἐνὸς
378 4909 531 4972 ὀντες
561 4908 658 4961 τοῦ
685 4907 824 4962 Θεοῦ
847 4909 1141 4978 προφῆται,
1171 4907 1262 4960 καὶ
1282 4907 1370 4958 τὸν
1404 4906 1565 4959 αὑτὸν
1593 4904 1807 4976 συμφώ-

221 5019 326 5064 νως
361 5002 840 5071 εὐαγγελιζόμενοι
873 5001 1062 5070 Λόγον.

292 5121 362 5150 ’ν
405 5117 522 5173 Jac.
547 5132 587 5183 ι,
622 5117 678 5170 8.

292 5234 408 5304 (32)
447 5234 573 5288 Haec
602 5239 737 5304 sunt
757 5231 869 5304 ipsa
895 5227 1110 5304 Eusebii
1137 5225 1303 5304 verba
1333 5237 1401 5304 ex
1432 5222 1551 5291 ejus
1575 5219 1803 5301 epistola

222 5292 405 5366 quam,
449 5307 503 5357 in
567 5305 672 5356 Eine
726 5292 883 5366 huius
930 5297 1114 5364 Operis
1157 5293 1358 5366 subjici
1435 5292 1755 5366 curavimus
1791 5307 1805 5344 :

224 5358 351 5442 ίετι
372 5375 429 5428 τὸ
443 5358 938 5442 ἀναθεματίζξσθαι
955 5358 1034 5442 τὸ,
1055 5364 1174 5442 Πρρ
1196 5358 1302 5442 τοῦ
1319 5358 1680 5442 γεξννῃθῆζαέ
1694 5361 1807 5442 οὐκ

657 5423 914 5510 ἐνομίσθη
930 5437 1007 5510 τῷ
1021 5423 1170 5510 παρὰ
1190 5423 1352 5510 πᾷσιν
1363 5423 1738 5510 ὁμολογεῖσθαι
1752 5429 1812 5480 τὸ
1910 5423 2071 5510 Elii.
2123 5423 2416 5510 Limittn'tnit.

221 5490 368 5566 £2th
378 5515 465 5567 τὸν
485 5515 610 5567 Υίὺν
625 5511 721 5566 τοῦ
743 5490 876 5564 ὃεοῦ
1012 5490 1115 5577 τῆς
1131 5503 1272 5580 κατὰ
1285 5490 1808 5580 σάρκα-γεννήσεως.

224 5583 284 5636 ιιι
314 5595 441 5638 est:
487 5583 597 5637 Nec
621 5584 745 5635 item
773 5571 1077 5633 absurdum'
1102 5578 1265 5629 visum
1305 5582 1382 5626 est
1430 5572 1511 5622 his
1555 5571 1760 5621 vocibus
1783 5607 1797 5631 ,

224 5650 350 5705 Non
382 5664 497 5706 erat
526 5663 817 5719 antequam
868 5649 1100 5719 genitus
1125 5653 1248 5719 est,”
1270 5641 1545 5719 anathema
1586 5639 1760 5689 dicere
1782 5677 1795 5700 ,

226 5738 355 5773 cum
383 5712 985 5788 onmesjatéanturésse
1007 5715 1104 5768 Dei
1136 5712 1362 5775 Filium,
1386 5712 1695 5780 priusquam
1715 5724 1797 5760 se-

225 5795 462 5844 cundum
484 5808 688 5845 carnem
718 5791 1034 5858 gigneretur.
1072 5855 1100 5858 μ
1136 5855 1146 5858 _
1231 5852 1261 5858 _
1385 5793 1389 5796 ’

305 5859 418 5932 (53)
445 5859 535 5918 Sic
565 5859 693 5932 lleg.
718 5846 798 5914 Ἀῖ
814 5859 904 5914 alii
935 5865 989 5912 et
1019 5855 1184 5912 editio
1223 5851 1510 5936 Commcl.,
1537 5846 1796 5933 ὑπέταξε,

1909 4542 2015 4580 non
2063 4527 2396 4582 discordant.
2475 4524 2610 4580 Nam
2647 4524 2775 4578 licet
2811 4523 3040 4576 diversis
3091 4521 3166 4576 illi
3199 4519 3488 4574 ﬂoruerint

1911 4617 2262 4685 temporibus,
2319 4615 2461 4669 idem
2520 4622 2698 4668 tamen
2764 4612 3014 4667 omnibus
3074 4624 3270 4678 scopus
3338 4608 3481 4672 fuit,

1911 4709 2109 4777 quippe
2137 4709 2226 4778 qui
2257 4707 2415 4761 unius
2454 4706 2547 4760 Dei
2580 4713 2761 4759 essent
2789 4703 3063 4773 prepheta:
3089 4713 3141 4758 et
3166 4703 3306 4756 idem
3335 4715 3480 4756 suin-

1912 4817 2000 4856 mo
2031 4815 2297 4856 consensu
2330 4803 2646 4854 nuntiarent
2681 4798 2931 4854 Verbum.

1905 5215 2316 5280 sed_tnendose,
2353 5222 2413 5267 ut
2434 5213 2635 5280 optime
2661 5213 2913 5266 observat
2943 5205 3361 5280 Felettinanitus.

1978 5277 2093 5351 (54)
2125 5283 2217 5338 Sic
2251 5283 2383 5352 Reg.
2424 5277 2526 5336 Alii
2551 5292 2606 5337 et
2636 5281 2766 5352 editi
2799 5280 2959 5350 μόνον
2988 5277 3267 5352 omittunt.

1978 5337 2092 5422 (55)
2128 5337 2260 5424 Reg.
2284 5337 2291 5338 ί
2318 5337 2585 5421 θέλουσιν,
2640 5351 2732 5422 qui
2765 5337 2906 5405 idem
2955 5360 3077 5400 mox
3101 5383 3116 5407 ,
3145 5342 3174 5392 ὁ
3203 5337 3472 5401 Ἰάκωϐος.

1982 5493 2095 5562 (56)
2123 5493 2294 5548 Verba
2324 5477 2564 5546 Pastoris
2599 5507 2660 5562 ex
2701 5483 3029 5562 homilia_85_
3076 5477 3479 5562 Antiociii'hmc

1911 5546 2092 5616 sunt},
2124 5565 2186 5616 Ἠ
2236 5546 2347 5631 γὰρ
2390 5562 2609 5630 διψυχία
2640 5558 2885 5674 θυγάτηρ
2925 5555 3040 5603 ἐστὶ
3092 5546 3475 5630 τοῦιδιαϐὁλου»

1912 5633 2101 5674 νοτειη
2125 5635 2344 5674 nntium:
2377 5630 2565 5674 Latina
2587 5649 2598 5674 τ
2623 5626 2828 5674 Etenim
2867 5638 2960 5674 nec
2982 5621 3244 5674 dubitatio
3273 5617 3381 5674 ﬁlta
3401 5623 3475 5669 est

1912 5633 2101 5712 Versio
2125 5617 2345 5701 antiqua
2376 5617 2566 5684 La'tinna
2587 5649 2598 5683 :
2622 5617 2960 5680 Etenim'hwc
2982 5618 3244 5674 dubitatio
3272 5617 3381 5685 [ilia
3401 5623 3480 5669 est

1905 5704 2212 5838 άιῖὲςςοδίε
2248 5771 2378 5838 lteg.
2416 5767 2481 5819 At
2511 5768 2637 5838 editi
2663 5775 2714 5823 et
2744 5765 2832 5822 alii
2864 5765 2938 5818 ἄν.
2964 5764 3242 5819 omittunt.

1998 5777 2088 5836 57)
2123 5777 2212 5824 Sic
2248 5777 2378 5838 lteg.
2416 5777 2481 5819 At
2511 5777 2611 5820 edit

1974 5777 2088 5912 (58)
2114 5839 2232 5895 Lib.
2259 5855 2322 5907 ιι,
2352 5838 2534 5910 mand.
2559 5835 2611 5894 9.
