3978 6502
555 533 668 594 155

1123 532 1180 590 s.
1216 517 1779 591 A'rnauasn‘obp.
1821 535 2000 592 mus
2035 532 2078 590 l.
2119 567 2187 577 -
2225 529 2594 608 HISTORICA
2631 528 2726 584 ET
2758 528 3182 586 DOGMATICA.

3708 522 3804 580 £36

555 651 682 706 dum
713 648 980 713 dictitant,
1007 649 1129 703 talis
1160 650 1276 705 fore
1299 652 1682 721 prmcognitus,
1705 650 1862 705 simul
1887 660 1944 704 ut
1969 659 2126 704 natus

2235 648 2480 719 γενέσθαι
2527 646 2745 715 δέχηται
2772 645 2834 697 τό
2861 661 2923 696 τε
2951 643 3120 712 ὄνομα
3161 640 3253 696 καὶ
3283 639 3388 710 τὴν
3422 637 3516 692 τοῦ
3552 638 3808 721 ὀνόματος

556 750 660 805 est,
686 739 807 794 Filii
843 756 1038 795 nomen
1072 742 1340 812 hujusque
1362 743 1594 797 nominis
1624 744 1786 796 decus
1819 741 2124 811 acceperit:

556 842 739 888 tamen
775 833 905 888 nihil
963 833 1104 887 inter
1134 849 1256 888 eum
1292 843 1347 888 et
1404 833 1526 888 illos
1575 833 1826 888 intererit
1871 832 1962 902 qui
2007 841 2130 899 post

557 924 669 990 ipsa
691 939 854 992 opera
887 925 1074 979 eodem
1111 925 1330 979 nomine
1353 936 1479 980 sunt
1510 925 1736 996 dignati,
1770 925 2003 996 quandiu
2021 925 2128 980 sci-

555 1013 683 1071 licet
707 1015 822 1085 ipse
847 1031 967 1071 eam
1003 1017 1264 1071 duntaxat
1291 1017 1360 1071 ob
1390 1032 1610 1072 causam
1663 1015 1804 1071 ﬁlius
1851 1030 1972 1071 esse
2014 1015 2126 1077 exi-

558 1107 895 1164 stimabitur.
933 1108 1143 1162 Etenim
1175 1109 1372 1174 Adam,
1396 1110 1485 1177 qui
1518 1108 1748 1178 gratiam
1782 1108 1939 1162 initio
1976 1121 2126 1161 acce-

558 1208 732 1268 perat,
761 1200 1030 1268 slmulque
1062 1215 1124 1255 ac
1157 1210 1316 1255 natus
1343 1213 1428 1256 est
1463 1202 1514 1254 in
1543 1201 1794 1271 paradiso
1843 1200 1943 1253 fuit
1970 1199 2109 1253 collo

556 1300 734 1355 catus,
767 1290 902 1344 nihil
925 1289 1212 1346 diderebat
1255 1293 1321 1346 ab
1346 1291 1550 1354 Enoch,
1591 1292 1681 1360 qui
1710 1291 1922 1345 nonnisi
1953 1290 2135 1358 aliquo

554 1391 841 1451 postquam
874 1394 1035 1438 natus
1063 1395 1148 1440 est
1195 1393 1460 1453 tempore,
1502 1399 1621 1438 cum
1657 1385 1764 1439 Deo
1797 1382 2133 1452 placuisset,

556 1474 848 1531 translatus
871 1476 991 1542 fuit,
1021 1493 1198 1546 neque
1247 1479 1376 1532 item
1416 1478 1484 1533 ab
1506 1478 1765 1548 Apostolo
1795 1477 1883 1545 qui
1922 1485 1976 1529 et
2012 1475 2128 1543 ipse

555 1577 677 1635 post
710 1578 858 1624 recte
886 1569 1026 1624 facta
1061 1571 1112 1623 iu
1150 1570 1456 1639 paradisum
1505 1580 1589 1626 est
1630 1577 1849 1638 raptus;
1881 1569 1988 1620 imo
2026 1579 2124 1618 nec

2235 716 2419 806 δόξαν·
2450 738 2562 792 ἀλλ’
2591 738 2742 791 οὐδὲν
2773 737 2958 790 διοίσει
2992 736 3098 787 τῶν
3125 732 3262 804 μετὰ
3306 731 3404 795 τὰς
3429 732 3663 800 πράξεις
3683 716 3810 801 λαμ.-

2237 833 2506 886 δανόντων
2545 829 2607 882 τὺ
2651 830 2852 899 ὄνομα,
2892 827 2996 890 ἕως
3034 826 3174 878 οὕτω
3217 809 3504 886 καὶάύτὺς
3537 822 3654 885 υἱὸς
3682 818 3810 875 εἶναι

2237 921 2674 996 μεμαρτύρηται.
2723 919 2834 973 Kal
2877 917 2986 987 γὰρ
3040 916 3227 986 Ἀδὰμ,
3273 915 3678 986 προλαμϐάνων
3718 915 3810 985 τὴν

2235 1017 2414 1087 χάριν,
2463 1014 2557 1066 καὶ
2603 1013 2720 1082 ἃμα
2761 1010 2838 1080 τῷ
2877 1009 3126 1079 γενέσθαι
3183 1006 3363 1070 τεθεὶς
3405 1006 3470 1058 ὲν·
3511 1004 3592 1076 τῷ
3641 1022 3810 1075 παρα-

2233 1106 2414 1174 δείσῳ,
2441 1103 2591 1156 οὐδὲν
2613 1103 2896 1173 διήνεγκεν
2958 1099 3082 1154 οὔτε
3139 1097 3232 1151 τοῦ
3310 1100 3524 1166 Ἑνὼχ,
3591 1097 3652 1160 ὃς
3687 1098 3814 1166 μετά

2235 1193 2424 1265 χρόνον
2452 1193 2552 1262 τῆς
2586 1190 2854 1259 γενέσεως
2882 1188 3252 1260 εύαρεστήσας
3297 1185 3497 1266 μετέβη
3521 1225 3535 1243 .
3579 1183 3704 1257 οὔτε
3727 1183 3815 1236 τοῦ

2248 1285 2569 1338 Ἀποστόλου
2607 1284 2698 1336 καὶ
2728 1281 2892 1335 αὑτοῦ
2931 1281 3066 1350 μετά
3096 1281 3194 1343 τὰς
3221 1278 3452 1352 πράξεις
3482 1275 3818 1346 ἁρπαγέντος

2237 1379 2318 1440 εἰς
2340 1376 2432 1430 τδν
2464 1374 2810 1446 παράδεισον,
2843 1372 3092 1426 ἀλλὀύδὲ
3124 1371 3215 1424 τοῦ
3244 1388 3375 1424 ποτε
3399 1368 3626 1441 λῃστοῦ,
3654 1369 3710 1432 ὃς
3738 1367 3818 1420 διά

2233 1469 2332 1538 τὴν
2351 1465 2636 1538 ὁμολογίαν
2673 1459 3003 1534 ἐπαγγελίαν
3027 1463 3217 1524 ἐλαῦεν
3247 1462 3409 1523 εὐθὺς
3446 1463 3532 1525 εἰς
3575 1461 3673 1512 τὸν
3717 1474 3815 1510 πα-

2235 1557 2477 1629 ράδεισον
2502 1544 2750 1609 ξσεσθαι.

553 1662 716 1717 etiam
745 1663 814 1718 ab
846 1664 935 1719 illo
966 1665 1195 1730 latrone,
1225 1665 1311 1721 cui
1335 1667 1404 1720 ob
1449 1665 1848 1722 confessionem
1899 1661 2228 1732 promissum
2259 1662 2340 1707 est
2381 1654 2551 1720 ipsum
2588 1652 2844 1703 continuo
2875 1649 2924 1702 in
2955 1647 3206 1716 paradiso
3237 1644 3502 1701 futurum.

627 1755 682 1808 7.
714 1751 917 1807 Verum
949 1753 1035 1808 his
1059 1753 1132 1807 illi
1165 1755 1516 1809 vehementer
1565 1755 1763 1823 pressi,
1806 1731 1946 1808 idem
1993 1750 2131 1804 forte

2305 1745 2356 1796 7.
2407 1742 2545 1794 Ἀλλ’
2588 1744 2644 1794 ἐν
2697 1740 2910 1802 τούτοις
2960 1737 3281 1816 διωκόμενοι
3335 1736 3590 1800 λέξουσιν
3639 1734 3764 1795 ἴσως
3793 1731 3820 1784 δ

556 1844 876 1914 responsuri
926 1853 1073 1908 sunt,
1105 1845 1246 1913 quod
1279 1859 1422 1913 sape
1474 1843 1864 1899 erubescentes
1909 1841 2130 1896 dictita-

557 1947 720 1996 runt:
754 1957 772 1990 ι
805 1937 881 1991 ita
916 1938 1269 2007 intelligimus
1301 1937 1498 1991 Filium
1540 1939 1704 1991 rebus
1732 1937 1944 1990 caeteris
1975 1944 2131 1990 ante--

555 2029 774 2092 cellere,
801 2038 858 2083 et
892 2030 1015 2083 ideo
1049 2028 1391 2099 Unigeni‘tum
1425 2029 1551 2094 dici,
1598 2030 1740 2094 quod
1776 2029 1892 2096 ipse
1924 2027 2071 2081 solus
2101 2045 2128 2080 ιι

554 2119 671 2175 solo
698 2117 808 2174 Deo
837 2118 1012 2174 factus
1056 2120 1150 2184 sit,
1193 2127 1388 2173 caztera
1445 2133 1572 2173 vero
1624 2120 1804 2172 omnia
1831 2133 1862 2170 a
1899 2118 2006 2172 Deo
2037 2132 2134 2186 per

553 2209 754 2265 Filium
795 2209 905 2264 sint
926 2218 1133 2265 creata.
1159 2228 1177 2262 s
1215 2208 1370 2275 Quis,
1407 2223 1613 2279 quaeso,
1658 2209 1876 2264 stultam
1910 2209 2050 2262 hanc
2079 2215 2134 2261 et

555 2315 747 2354 novam
788 2300 1175 2370 cogitationem
1210 2300 1363 2354 vobis
1392 2300 1697 2370 suggessit,
1747 2310 1809 2352 ut
1853 2298 2132 2353 afﬁrmetis

560 2394 734 2448 solum
767 2393 962 2447 Filium
990 2394 1058 2447 ab
1091 2393 1207 2463 ipso
1229 2393 1346 2446 soio
1388 2392 1550 2446 Patre
1577 2393 1776 2445 factum
1803 2391 1991 2459 fuisSe,
2027 2406 2132 2445 oat—

561 2489 676 2534 tera
706 2496 832 2535 vero
857 2482 1038 2536 omnia
1070 2497 1166 2552 per
1195 2481 1390 2536 Filium
1455 2491 1716 2550 tanquam
1759 2497 1856 2550 per
1895 2481 2132 2535 admini-

555 2580 728 2624 strum
770 2572 936 2627 fuisse
961 2573 1218 2642 producta
1237 2573 1266 2626 ἲ
1287 2572 1344 2627 Si
1379 2572 1526 2627 enim
1558 2587 1668 2642 pra:
1697 2572 2015 2627 lassitudine
2037 2587 2129 2627 so-

556 2660 667 2715 lum
702 2662 896 2717 Filium
921 2663 1158 2733 potuisse
1185 2679 1214 2717 a
1246 2663 1358 2720 Deo
1400 2665 1625 2733 produci
1657 2664 1830 2718 velitis
1857 2682 1870 2718 :
1905 2665 2020 2719 haec
2067 2665 2131 2719 de

556 2752 668 2806 Β.εο
726 2754 970 2823 cogitare
1017 2755 1238 2827 impiuut
1290 2772 1419 2811 sane
1479 2757 1670 2823 fuerit,
1721 2757 1956 2812 maxime
2007 2772 2127 2810 cum

2235 1833 2496 1896 πολλάκις
2530 1832 2780 1900 λέγοντες
2817 1828 3164 1902 ᾐσχύνθησαν
3186 1844 3201 1856 ·
3265 1845 3284 1877 s
3317 1825 3486 1879 Οῦτω.
3529 1822 3818 1894 νομίζομεν

2231 1919 2323 1978 τὸν
2360 1926 2484 1977 Υίὸν
2541 1923 2701 1978 πλέον
2741 1923 2886 1993 ἔχειν
2933 1920 3082 1993 παρὰ
3125 1920 3192 1972 τὰ
3230 1918 3385 1982 ἄλλα,
3427 1919 3526 1971 καὶ
3558 1917 3648 1969 διά
3672 1915 3820 1968 τοῦτο

2233 2020 2513 2090 Μονογενῆ
2543 2016 2818 2087 λέγεσθαι,
2868 2017 2958 2084 ὃτι,
2989 2015 3147 2084 μόνος
3181 2012 3280 2083 μὲν
3312 2011 3478 2083 αὐτὸς
3515 2011 3624 2064 ὑπὸ
3667 2009 3818 2080 μόνου

2232 2112 2325 2181 τοῦ
2367 2112 2501 2175 Θεοῦ
2553 2110 2764 2178 γέγονε,
2805 2106 2872 2159 τά
2915 2107 2956 2158 δ’
2990 2105 3122 2159 ἄλλα
3157 2106 3332 2159 πάντα
3363 2103 3520 2174 παρὰ
3562 2101 3658 2155 τοῦ
3692 2103 3816 2156 Θεοῦ

2231 2206 2321 2259 διά
2364 2205 2458 2258 τοῦ
2488 2202 2620 2257 Υίοῦ
2660 2200 2945 2271 ἐκτίσθη.»
2992 2198 3088 2262 Τίς
3138 2198 3246 2268 ἄρα
3297 2195 3506 2266 ταύτην
3551 2196 3683 2266 ὑμῖν
3727 2196 3816 2266 τὴν

2236 2296 2424 2368 μωρὰν
2468 2295 2563 2348 καί⁹
2608 2294 2798 2364 καινὴν
2835 2291 3078 2345 ἐπίνοιαν
3121 2288 3412 2353 ύπέὸσιλεν,
3462 2287 3556 2342 ἵνα
3600 2289 3815 2357 εἴπητε

2233 2390 2336 2442 Τὸν
2371 2389 2468 2459 μὲν
2494 2389 2622 2440 Υἱὸν
2658 2388 2829 2459 μόνοι
2867 2385 3024 2455 μόνος
3055 2385 3085 2436 ὁ
3110 2381 3307 2453 Πατὴρ
3333 2380 3684 2452 αύτούργησε
3708 2421 3722 2445 ,
3756 2380 3832 2446 τᾶχ

2230 2480 2275 2533 δ’
2300 2480 2436 2534 ἄλλα
2457 2480 2634 2533 πάντα
2665 2477 2754 2532 διὰ
2766 2469 2877 2542 ,οῦ
2907 2475 3033 2528 Υίοῦ
3063 2475 3285 2542 γέγονεν
3318 2473 3394 2536 ὡς
3425 2472 3493 2525 δι’
3513 2469 3816 2542 ύπουργοῦ;

2233 2403 2336 2442 "Iov
2371 2403 2468 2459 μεν
2504 2403 2525 2440 1
2547 2403 2622 2440 ιον
2658 2403 2786 2457 μονο
2867 2403 3024 2455 μονος
3055 2403 3085 2436 ο
3113 2403 3307 2453 ιιατηρ-
3333 2403 3684 2452 αυτουργησε
3708 2421 3722 2445 ,
3756 2403 3832 2446 τπχ

2232 2480 2275 2533 δ’
2300 2480 2436 2534 ἄλλα
2457 2480 2634 2533 πάντα
2665 2477 2754 2532 διὰ
2817 2477 2877 2528 οῦ
2907 2475 3033 2528 Υίοῦ
3063 2475 3285 2542 γέγονεν
3318 2473 3394 2536 ὡς
3425 2472 3493 2525 δι’
3513 2469 3816 2542 ύπουργοῦ;

2232 2573 2295 2626 Εἰ
2331 2571 2430 2642 μὲν
2462 2572 2570 2642 γὰρ
2609 2569 2699 2623 διὰ
2731 2587 2760 2621 τ
2828 2569 3057 2637 κάμνειν
3099 2564 3343 2637 ἠρκέσθη
3388 2563 3552 2634 μόνον
3601 2561 3854 2631 αύτουρ-’

2236 2663 2405 2718 γῆσαι
2438 2664 2528 2716 τὸν
2556 2662 2681 2714 Υίὸν
2735 2663 2764 2714 δ
2850 2659 2957 2718 εδς,
3001 2659 3067 2711 τά
3106 2657 3150 2710 δ’
3181 2657 3318 2711 ἀλλα
3364 2655 3591 2708 οὐκέτιο
3635 2653 3816 2714 ἀσεδὲς

2236 2663 2405 2734 γῆσαι
2438 2664 2528 2716 τὸν
2556 2662 2681 2714 Υίὸν
2735 2653 2957 2722 obses,
3001 2659 3067 2711 τά
3106 2657 3150 2710 δ’
3181 2657 3318 2711 ἀλλα
3364 2655 3591 2708 οὐκέτιο
3635 2653 3816 2714 ἀσεσὲς

2231 2755 2458 2819 τοιαῦτα
2513 2756 2640 2826 περὶ
2691 2753 2787 2806 τοῦ
2837 2751 2973 2805 Θεοῦ
3023 2749 3356 2818 λογίζεσθαι,
3425 2746 3663 2818 μάλιστα
3702 2747 3816 2806 τοὺς

556 2842 750 2896 Isaiam
769 2843 1032 2898 dicentem
1056 2845 1423 2900 audierimus:
1447 2845 1584 2900 Deus
1605 2835 1968 2915 sempiternus.
1993 2846 2131 2902 Deus

2235 2848 2568 2911 ἀκούσαντας
2602 2847 2822 2900 Ἡσαΐου
2857 2843 3107 2911 λέγοντος
3123 2858 3139 2873 ο
3168 2841 3309 2906 Θεὸς
3333 2839 3597 2904 αἰώνιος,
3622 2837 3761 2902 Θεὸς
3787 2840 3815 2889 ό

553 2934 644 3000 qui
664 2935 956 2987 conslruaril
991 2936 1238 2989 terminos
1284 2945 1461 2999 terrm,
1499 2953 1600 2989 non
1630 2937 1824 2990 eam-iet
1856 2953 2016 3007 neque
2045 2937 2128 2989 ls-

555 3025 780 3093 borabil,
803 3042 896 3080 nec
920 3037 996 3080 est
1019 3028 1356 3098 inrestigatio
1393 3029 1672 3096 sapientia:
1695 3029 1810 3098 ejus
1845 3029 1912 3081 ".
1946 3018 2143 3097 Siqui?

554 3119 677 3172 dem
706 3117 823 3187 ipse
852 3119 1029 3186 potius
1062 3120 1228 3173 robur
1258 3119 1498 3188 impertit
1529 3119 1919 3184 esurientibus,
1953 3127 2007 3172 et
2033 3134 2129 3186 per

554 3223 710 3264 suum
747 3207 982 3264 Verbum
1019 3210 1334 3265 laborantes
1372 3219 1604 3267 recreat.
1655 3208 1750 3264 Sin
1801 3225 1930 3266 vero
1986 3208 2126 3265 iudi-

499 3293 506 3299 “
555 3315 718 3368 gnum
747 3300 933 3370 seipso
960 3302 1343 3370 esseputavi‘t,
1376 3316 1439 3356 ea
1492 3317 1551 3356 se
1579 3301 1794 3357 edicere
1839 3318 1958 3371 quae
2014 3314 2134 3372 post

554 3393 751 3449 Filium
807 3402 934 3448 sunt
970 3395 1231 3463 producta
1258 3432 1273 3456 ,
1326 3393 1379 3449 id
1413 3394 1575 3448 etiam
1613 3396 1818 3464 absque
1856 3397 2133 3465 impietate

555 3483 661 3537 dici
690 3497 795 3537 non
825 3491 1023 3552 patest.
1049 3483 1158 3539 Nec
1186 3485 1328 3539 enim
1358 3494 1446 3540 est
1475 3485 1529 3539 in
1570 3485 1681 3540 Deo
1706 3477 1982 3555 superbia,
2039 3491 2131 3559 qui

554 3583 612 3629 et
640 3575 754 3644 ipse
791 3590 913 3630 cum
943 3573 1114 3630 Jacob
1153 3575 1208 3630 in
1247 3574 1539 3646 Egyptum
1588 3576 1862 3642 profectus
1913 3589 2016 3644 est,
2081 3587 2137 3634 et

555 3675 776 3735 propter
805 3665 1078 3722 Abraham
1103 3667 1254 3723 Sara:
1284 3684 1448 3724 causa
1481 3667 1796 3724 Abimelech
1825 3671 2134 3741 castigavit.

554 3759 648 3827 qui
685 3759 826 3814 idem
859 3773 981 3814 cum
1019 3758 1224 3830 Moyse,
1260 3760 1476 3816 tametsi
1508 3761 1749 3824 homine,
1784 3777 1846 3818 os
1875 3767 1942 3817 ad
1966 3778 2028 3818 os
2051 3765 2134 3817 lo-

555 3849 846 3918 quebatur,
877 3859 933 3904 et
960 3851 1015 3904 in
1044 3860 1283 3904 montem
1309 3851 1437 3905 Sina
1474 3852 1780 3906 descendit:
1814 3867 1877 3908 ac
1903 3855 2136 3926 denique

554 3939 774 3995 occulta
806 3941 981 4009 gratia
1028 3955 1131 4010 qua
1193 3942 1448 4011 populum
1485 3944 1714 4012 adjuvit,
1754 3944 1954 4000 devicit
1981 3947 2140 4002 Atua-

554 4030 658 4086 lec.
696 4030 898 4085 Verum
932 4031 1065 4087 falsa
1094 4033 1207 4088 haec
1235 4044 1360 4088 sunt
1392 4051 1511 4104 quae
1533 4037 1890 4105 propugnatis
1928 4060 1940 4093 :
1967 4040 2136 4110 siqui-

557 4121 680 4177 dem
713 4123 824 4189 ipse
849 4121 972 4191 fecit
1009 4140 1102 4178 nos
1125 4134 1172 4176 et
1197 4141 1304 4178 non
1331 4127 1432 4194 ipsi
1457 4142 1551 4180 nos
1570 4128 1637 4179 ³⁵.
1666 4126 1782 4195 Ipse
1804 4139 1886 4184 est
1917 4133 2006 4199 qui
2041 4145 2138 4198 per

556 4232 715 4271 suum
750 4217 986 4274 Verbum
1015 4219 1194 4273 omnia
1230 4229 1284 4274 et
1310 4236 1475 4289 parva
1513 4230 1567 4274 et
1594 4237 1786 4290 magna
1819 4222 1986 4278 fecit:
2036 4239 2136 4279 nec

554 4324 645 4365 res
665 4318 880 4366 creatas
918 4309 1002 4366 fas
1033 4323 1117 4366 est
1143 4311 1390 4367 dividere
1421 4313 1496 4367 ita
1527 4323 1587 4367 ut
1617 4314 1864 4380 dicatur,
1895 4317 1999 4370 hoc
2033 4315 2136 4370 Pa-

2231 2937 2695 3004 κατασκευάσας
2715 2939 2785 2991 τὰ
2808 2936 2959 3004 ἄκρα
2982 2934 3092 3002 τῆς
3113 2933 3242 3003 γῆς,
3263 2935 3336 2988 οὺ
3359 2930 3664 2997 πεινάσει,
3687 2929 3816 2984 οὐδὲ

2233 3032 2661 3102 κοπιᾶσει”(51),
2676 3029 2816 3084 οὐδέ
2834 3029 3006 3083 ἐστιν
3016 3028 3324 3096 ἐξεύρεσις
3341 3024 3454 3092 τῆς
3473 3022 3815 3094 φρονήσεως

2234 3107 2442 3180 αὐτοῦ.
2473 3124 2583 3177 Kal
2623 3123 2732 3193 γὰρ
2774 3120 2978 3192 μᾶλλον
3010 3120 3171 3182 αὐτὸς
3197 3121 3310 3181 τοῖς
3348 3116 3582 3170 πεινῶσι
3613 3115 3813 3168 δίδωσιν

2239 3215 2413 3285 ἰσχὺν,
2445 3213 2540 3268 καὶ
2567 3212 2656 3266 διὰ
2689 3211 2780 3264 τοῦ
2806 3211 2980 3278 Λόγου
3011 3208 3174 3262 αὑτοῦ
3203 3207 3314 3277 (52)
3357 3209 3487 3270 τοὺς
3520 3205 3814 3276 κάμνοντας

2235 3305 2524 3360 ἀναπαύει.
2589 3306 2652 3358 Εἰ
2692 3303 2751 3356 δὲ
2798 3303 2873 3366 ὡς
2923 3301 3176 3356 ταπεινὸν
3205 3299 3523 3372 ἀπηξίωσεν
3553 3299 3712 3362 αὐτὸς
3751 3295 3812 3348 τὰ

2239 3397 2379 3470 μετά
2411 3397 2503 3450 τὸν
2533 3397 2662 3450 Υἱὸν
2692 3395 3096 3466 αὐτουργῆσαι,
3133 3393 3225 3446 καὶ
3261 3392 3424 3446 τοῦτο
3465 3391 3565 3462 μὲν
3606 3389 3810 3450 ἀσεϐές.

2235 3491 2349 3544 Οὐκ
2376 3489 2491 3542 ἔστι
2516 3488 2623 3561 γὰρ
2656 3488 2824 3558 τῦφος
2852 3488 2910 3542 ἐν
2935 3486 3013 3560 τῷ
3039 3486 3162 3560 ,Θεῷ
3187 3525 3201 3549 ,
3235 3486 3295 3549 ὃς
3328 3501 3392 3554 γε
3425 3483 3567 3554 μετά
3593 3483 3687 3536 τοῦ
3722 3483 3814 3535 Ἰα-

2236 3581 2349 3635 κὼὸ
2373 3583 2452 3644 είς
2470 3580 2746 3648 Αἴγυπτον
2771 3579 3099 3649 κατέρχεται
3119 3577 3212 3630 καὶ
3233 3577 3322 3630 διὰ
3345 3577 3447 3647 μὲν
3466 3573 3812 3647 τδνἈϐραάμ

2233 3673 2541 3745 διορθοῦται
2589 3673 2681 3726 τὸν
2727 3670 3016 3741 Ἀὅιμέλεχ
3068 3669 3230 3740 χάριν
3256 3668 3356 3738 τῆς
3393 3667 3634 3738 Σάρῤας,
3665 3665 3736 3736 τῷ
3759 3663 3810 3716 δὲ

2237 3767 2442 3836 Μωῦσῇ
2480 3763 2750 3836 ἀνθρώπῳ
2783 3762 2895 3815 δντι
2936 3762 3111 3832 στόμα
3144 3759 3285 3814 κατὰ
3313 3759 3492 3830 στόμα
3525 3758 3691 3820 λαλεῖ,
3725 3755 3812 3809 καὶ

2235 3860 2314 3922 εἰς
2337 3858 2434 3928 μὲν
2464 3857 2524 3909 τὺ
2540 3858 2670 3910 Σινᾶ
2687 3856 2812 3926 ὅρος
2841 3854 3183 3926 κατέρχεται,
3215 3852 3292 3923 τῷ
3311 3853 3368 3905 δὲ
3393 3851 3508 3923 λαῷ
3541 3848 3814 3904 συνεπολέ-

2239 3967 2328 4020 μει
2361 3950 2605 4021 κρυφαία
2636 3949 2818 4020 χάριτι
2851 3948 2942 4000 τὸν
2979 3947 3246 4019 Ἀμαλήκ.
3275 3945 3556 3999 Ψεύδεσθε
3589 3946 3646 3998 δὲ
3672 3946 3811 4014 ὅμως

2237 4043 2330 4096 καὶ
2357 4041 2517 4096 τοῦτο
2544 4041 2796 4110 λέγοντες
2819 4058 2837 4073 ⁸
2861 4041 3055 4107 Αὐτὸς
3081 4043 3189 4110 γὰρ
3213 4041 3510 4109 ἐποίησεν
3528 4037 3701 4110 ἡμᾶς,
3717 4035 3807 4090 καὶ

2235 4137 2350 4204 οὐχ
2401 4134 2602 4203 ἡμεῖς·
2641 4133 2804 4196 αὐτὸς
2842 4133 2907 4186 τέ’
2946 4133 3092 4186 ἐστιν
3123 4134 3153 4186 ὁ
3193 4131 3281 4186 διὰ
3308 4133 3405 4186 τοῦ
3443 4127 3809 4204 ’Λόγουιῖνιοῦ

2235 4138 2350 4204 οὐχ
2401 4138 2602 4203 ἡμεῖς·
2641 4138 2804 4196 αὐτὸς
2842 4138 2907 4186 τέ’
2946 4138 3092 4186 ὲστιν
3123 4138 3153 4186 ὁ
3193 4138 3281 4186 διὰ
3308 4138 3405 4186 τοῦ
3443 4138 3809 4284 Adfers

2234 4225 2304 4279 τὰ
2332 4226 2509 4280 πάντα
2542 4226 2610 4279 τά
2652 4243 2711 4278 τε
2751 4224 2925 4296 μικρά
2953 4224 3048 4278 καὶ
3079 4224 3148 4277 τὰ
3185 4223 3396 4294 μεγάλα
3431 4224 3556 4294 ποιή
3679 4237 3692 4250 ο
3722 4220 3810 4272 καὶ

2234 4317 2335 4370 οὐκ
2385 4316 2500 4370 ἔστι
2549 4315 2742 4369 διελεῖν
2783 4315 2883 4386 τὴν
2923 4315 3122 4377 κτίσιν,
3164 4313 3304 4366 ὥστε
3339 4315 3514 4366 εἰπεῖν
3540 4312 3690 4366 τοῦτο
3715 4310 3808 4380 μὲν

555 4399 674 4466 tris,
706 4400 834 4456 illud
861 4401 982 4457 Filii
1015 4418 1136 4458 esse
1162 4421 1178 4458 :
1208 4419 1393 4460 verum
1420 4407 1598 4460 omnia
1629 4413 1758 4460 sunt
1783 4407 1941 4460 unius
1977 4407 2131 4480 169

2238 4407 2331 4461 τοῦ
2361 4407 2596 4479 Πατρδς,
2639 4406 2797 4459 τοῦτο
2829 4405 2886 4458 δὲ
2922 4405 3016 4458 τοῦ
3045 4403 3173 4457 Υίοῦ
3201 4419 3214 4432 °
3249 4402 3366 4456 ἀλλ’
3396 4405 3516 4468 ἑνός
3543 4406 3653 4456 ἐστι
3679 4397 3806 4454 Θεοῦ

555 4492 678 4559 Dei,
709 4494 800 4564 qui
831 4495 1050 4564 proprio
1086 4494 1270 4550 Verbo
1311 4506 1571 4566 tanquam
1609 4513 1769 4552 manu
1803 4499 1996 4563 utitur,
2048 4510 2131 4553 at-

2235 4499 2310 4561 ὡς
2363 4499 2509 4569 χειρὶ
2559 4496 2844 4571 χρωμένου
2895 4495 2973 4566 τῷ
3029 4495 3142 4565 ἰδίῳ
3168 4494 3348 4565 Λόγῳ,
3406 4495 3502 4547 καὶ
3559 4496 3615 4547 ἐν
3666 4488 3807 4557 αύτῷ

553 4600 659 4657 que
681 4587 866 4640 omnia
899 4588 956 4642 in
1004 4602 1070 4642 eo
1101 4587 1256 4652 facit,
1283 4599 1345 4643 ut
1382 4591 1500 4658 ipse
1526 4589 1668 4644 Deus
1711 4589 1797 4644 his
1827 4591 2008 4645 verbis
2036 4592 2131 4646 do-

2237 4588 2515 4652 ποιοῦντος
2563 4575 2632 4641 τά
2675 4589 2874 4642 πάντα.
2924 4587 3033 4640 Καὶ
3070 4585 3215 4639 τοῦτ’
3248 4585 3414 4648 αὐτὸς
3471 4586 3568 4656 μὲν
3612 4585 3638 4635 ὁ
3679 4582 3806 4640 Θεὸς

552 4683 681 4732 cet:
717 4675 912 4731 Manus
944 4695 1060 4732 mea
1107 4679 1231 4748 fecit
1277 4681 1388 4734 hac
1434 4683 1613 4734 omnia
1668 4681 1735 4735 ".
1767 4679 1913 4736 Idem
1965 4682 2128 4735 etiam

2235 4678 2446 4740 δεικνὺς
2471 4677 2656 4746 ἔλεγεν
2676 4695 2691 4711 ο
2717 4678 2786 4732 Ἡ
2813 4677 2942 4746 χείρ
2963 4693 3082 4745 μου
3101 4676 3357 4744 ἐποίησε
3384 4676 3571 4730 ταῦτα
3591 4675 3801 4727 πάντα*

553 4766 746 4822 didicit
769 4778 823 4822 et
843 4769 1029 4824 docuit
1051 4768 1255 4825 Paulus
1288 4790 1303 4824 :
1345 4769 1517 4837 Unus,
1540 4771 1740 4840 inquit,
1774 4769 1915 4826 Deus
1941 4788 2007 4825 ea:
2026 4787 2127 4840 quo

2235 4769 2264 4822 ὁ
2291 4770 2347 4822 δὲ
2394 4769 2606 4833 Παῦλος
2645 4769 2805 4822 τοῦτο
2835 4767 3023 4840 μαθὼν
3061 4769 3373 4822 ἑδιδασκεν·
3403 4766 3508 4837 Εἲς
3548 4766 3708 4832 Θεὸς,
3734 4762 3802 4825 ἐξ

555 4856 757 4919 omnia,
811 4866 861 4910 et
911 4875 1050 4912 unus
1100 4859 1356 4914 Dominus
1385 4859 1542 4915 Jesus
1581 4859 1829 4916 Christus
1856 4879 1950 4933 per
1979 4879 2129 4932 quem

2239 4856 2310 4916 οὗ
2343 4860 2414 4914 τὰ
2445 4860 2661 4925 πάντα,
2689 4860 2788 4914 καὶ
2817 4855 2905 4925 εἷς
2935 4859 3151 4927 Κύριος
3182 4859 3415 4927 Ἰησοῦς
3446 4855 3704 4927 Χριστὸς,
3727 4853 3800 4906 δι’

556 4947 739 5001 omnia
759 4947 826 5001 ".
846 4947 964 5018 ipse
993 4949 1160 5020 igitur
1179 4958 1234 5005 et
1255 4964 1472 5020 semper
1497 4961 1553 5008 et
1579 4968 1727 5008 nunc
1754 4955 1984 5025 imperat
2005 4953 2131 5019 soli,

2241 4949 2312 5008 οὗ
2345 4952 2418 5006 τὰ
2449 4951 2666 5006 πάντα.
2694 4952 2866 5015 Αὐτὸς
2897 4951 3148 5020 γοῦνεάεὶ
3181 4951 3273 5004 καὶ
3305 4949 3402 5004 νῦν
3434 4949 3577 5017 λέγει
3605 4944 3676 5016 τῷ
3706 4943 3802 5013 μὲν

554 5045 613 5090 et
653 5038 938 5094 exoritur:
976 5041 1209 5097 nubibus
1254 5043 1526 5112 praecipit,
1559 5052 1617 5099 et
1664 5044 1718 5098 in
1769 5060 1937 5099 unam
1974 5052 2131 5100 terra:

2235 5043 2394 5115 ἡλίῳ,
2426 5045 2521 5096 καὶ
2549 5043 2846 5105 ἀνατέλλει,
2877 5045 2998 5105 ταῖς
3018 5042 3075 5094 δὲ
3096 5041 3348 5111 νεφέλαις
3377 5041 3687 5099 ἐντέλλεται,
3709 5036 3801 5088 καὶ

552 5136 767 5198 partem
797 5129 1150 5187 eﬂunduntur
1178 5151 1193 5187 :
1221 5147 1340 5203 quae
1361 5143 1542 5191 autem
1575 5150 1678 5190 non
1704 5135 1980 5205 irrigatur,
2029 5137 2136 5192 sic-

554 5228 733 5275 catur.
786 5219 945 5278 Jubet
985 5223 1238 5278 similiter
1305 5234 1506 5278 terram
1544 5225 1752 5281 fructus
1814 5228 2017 5295 edere,
2079 5237 2135 5282 et

551 5307 845 5367 Ieremiam
881 5314 933 5366 in
965 5323 1121 5369 utero
1156 5313 1378 5368 format.
1413 5315 1470 5370 Si
1517 5331 1680 5383 porro
1703 5318 1818 5371 haec
1845 5333 1989 5373 nunc
2020 5319 2134 5387 ipse

553 5401 739 5468 edicit,
762 5403 979 5458 dubium
1003 5415 1150 5460 certe
1175 5421 1280 5461 non
1311 5414 1393 5460 est
1412 5407 1540 5474 quin
1570 5407 1682 5476 ipse
1714 5408 1876 5460 etiam
1918 5408 1986 5462 ab
2029 5407 2133 5461 ini-

556 5491 632 5548 tio
667 5495 944 5564 indignum
1000 5511 1059 5552 se
1103 5512 1210 5551 non
1250 5499 1522 5566 putaverit
1559 5499 1738 5552 omnia
1771 5514 1865 5568 per
1895 5499 2130 5554 Verbum

626 5649 672 5680 ’δ
698 5649 800 5705 lsa.
838 5667 928 5716 xc,
962 5652 1054 5706 28.
1131 5654 1176 5684 ’⁵
1206 5651 1348 5711 Psal.
1382 5670 1529 5720 xcux,
1569 5657 1625 5711 5.

632 5832 746 5902 (51)
775 5833 910 5885 Οὐδὲ
937 5835 1194 5911 κοπιάσει
1226 5837 1453 5911 abesta
1513 5838 1754 5911 Felcluu.
1787 5841 2015 5911 septimo
2050 5855 2141 5896 co-

564 5905 687 5960 dice
719 5916 1012 5971 anonymo,
1050 5905 1194 5956 etab
1226 5905 1356 5958 edit.
1383 5908 1645 5964 Commel.

1702 5658 1749 5690 “
1778 5659 1878 5713 lsa.
1910 5674 2054 5723 uvr,
2094 5659 2152 5711 2.

2238 5134 2420 5205 βρέχει
2462 5136 2555 5188 ἐπὶ
2603 5135 2730 5204 μίαν
2787 5133 3009 5204 μερίδαο
3059 5134 3143 5200 ἐφ’
3169 5134 3235 5202 ἦν
3273 5131 3331 5185 δὲ
3371 5131 3433 5188 ού
3471 5131 3675 5201 βρέχει,
3706 5125 3802 5193 ξη-

2236 5226 2497 5296 ραίνεται.
2556 5227 2667 5278 Καὶ
2704 5226 2802 5294 τὴν
2851 5225 2947 5294 μὲν
3001 5223 3106 5292 γῆν
3153 5223 3365 5276 κελεύει
3410 5224 3534 5286 τοὺς
3569 5217 3806 5291 καρποὺς

2240 5317 2567 5382 ἀποδιδόναι,
2596 5317 2688 5370 τὸν
2732 5316 2787 5368 δὲ
2821 5314 3089 5386 Ἰερεμίαν
3134 5315 3193 5368 ὲν
3231 5318 3296 5386 τῇ
3347 5315 3522 5386 κοιλία
3566 5311 3798 5364 πλάττει.

2240 5410 2304 5461 El
2335 5409 2392 5461 δὲ
2421 5407 2594 5463 ταῦτα
2617 5407 2715 5462 νῦν
2752 5408 2911 5471 αὐτὸς
2943 5408 3122 5472 ποιεῖ,
3161 5407 3262 5460 οὐκ
3307 5405 3452 5459 ἐστιν
3495 5397 3796 5474 ἀμφίσολονν

2237 5499 2320 5551 ὅτι
2371 5501 2466 5552 καὶ
2511 5499 2654 5554 κα.τά
2693 5499 2790 5570 τὴν
2833 5497 3005 5569 ἀρχὴν
3053 5497 3159 5554 οὐκ,
3194 5496 3505 5568 ἀπηξίωσεν
3552 5490 3694 5552 αὐτὸς
3723 5488 3800 5540 τὰ

2229 5655 2274 5687 ’⁷
2305 5655 2325 5711 1
2352 5657 2477 5711 Cor.
2507 5672 2624 5720 vm,
2683 5657 2738 5710 6.

2323 5838 2439 5907 (52)
2467 5839 2600 5909 Reg.
2657 5840 2742 5892 διὰ
2771 5837 2864 5891 τοῦ
2897 5838 3070 5905 Λόγου
3104 5839 3322 5906 ἑαυτοῦ,
3355 5849 3412 5894 ιιι
3438 5848 3489 5893 et
3515 5833 3639 5891 infra
3665 5838 3795 5882 ante

2251 5907 2318 5958 τὰ
2350 5910 2526 5962 πάντα
2555 5907 2620 5962 τά
2657 5927 2714 5962 τε
2754 5909 2944 5979 μικρά,
2976 5918 3080 5962 etc.
