3978 6512
242 475 323 535 457

1262 468 1352 525 DE
1395 468 1741 523 DECRETIS
1781 467 2081 529 stemus
2127 469 2413 527 SYNODL
2829 462 2858 483 ‘

3367 476 3475 531 ‘58

244 587 384 639 πάντα
421 580 504 637 διὰ
539 581 647 635 τοῦ.
664 580 839 651 Λόγου
875 582 1133 654 ποιῆσαι·
1176 583 1314 655 μέρη
1355 583 1467 655 γὰρ
1507 584 1615 636 τῶν
1645 584 1780 637 ὅλων
1810 644 1817 655 Α

1903 583 2067 640 'aeere
2114 588 2352 657 :quippe
2406 600 2528 640 cum
2564 586 2665 641 ista
2711 601 2894 642 rerum
2932 576 3322 644 'universarum
3370 590 3479 644 sint

241 678 343 732 ἔστι.
356 674 527 731 ταῦτα.

295 773 339 828 8.
375 773 429 824 Εἰ
471 771 525 824 δὲ
566 772 648 825 ὅτι
696 772 769 844 μὴ
804 772 1027 827 ἐδύνατο
1062 773 1131 827 τὰ
1171 774 1335 827 λοιπὰ
1363 776 1639 846 κτίσματα
1683 775 1783 843 τῆς

238 859 435 936 ὰῖιράτου
457 864 631 934 χειρὸς
649 863 741 917 τοῦ
765 866 1061 937 ἀγεννήτου
1087 868 1195 938 (55)
1234 869 1333 939 τὴν
1364 868 1626 937 ἐργασίαν
1651 867 1783 937 βασ-

238 956 383 1020 τάξαι,
411 956 608 1026 μόνοςὸ
642 956 769 1019 Υίδς
806 958 912 1011 ὑπὸ
960 959 1121 1029 μόνου
1172 960 1263 1012 τοῦ
1294 959 1426 1012 Θεοῦ
1468 959 1679 1027 γέγονε,
1714 957 1784 1010 τὰ

236 1047 396 1100 δ’ἄλλα
422 1045 492 1109 ὡς
529 1046 594 1100 δι’
631 1048 906 1119 ὑπουργοῦ
935 1052 1029 1103 καὶ
1060 1050 1251 1119 βοηθοῦ
1279 1050 1373 1103 τοῦ
1403 1050 1534 1103 Υίοῦ
1562 1050 1779 1118 γέγονε·

239 1140 467 1193 καὶτοῦτο
484 1140 589 1211 γὰρ
607 1141 881 1212 Ἀστέριος
905 1143 934 1194 6
959 1142 1127 1207 θύσας
1148 1144 1402 1215 ἔγραψεν·
1436 1146 1463 1196 6
1486 1144 1542 1197 δὲ
1568 1146 1783 1215 ’Ἄρειος

239 1231 557 1301 μεταγράψας
597 1232 796 1285 δέδωκε
829 1234 941 1304 (54)
972 1238 1082 1297 τοῖς
1116 1235 1265 1298 ίδίοις
1291 1253 1304 1265 ·
1341 1236 1433 1288 καὶ
1478 1235 1660 1288 λοιπὸν
1709 1236 1784 1298 ὡς

236 1322 429 1392 καλάμῳ
461 1320 843 1393 τεθραυσμένῳ
887 1324 1126 1396 χρῶνται
1163 1324 1241 1395 τῷ
1289 1325 1542 1396 ρηματίῳ
1586 1324 1781 1395 τούτῳ,

233 1411 515 1479 ἀγνοοῦντες
558 1412 618 1464 τὸ
660 1414 718 1465 ὲν
759 1414 909 1483 αὐτῷ
957 1414 1157 1486 σαθρὸν
1208 1417 1255 1468 οἱ
1304 1417 1671 1487 παράφρονες.
1722 1416 1783 1468 Ei

233 1502 319 1570 γὰρ
342 1500 593 1557 ἀδύνατον
625 1498 692 1571 ἦν
722 1502 788 1556 τὰ
823 1505 1026 1575 γενητὰ
1069 1505 1335 1575 βαστάξαι
1369 1508 1465 1577 τὴν
1503 1509 1657 1577 χεῖρα
1691 1507 1783 1559 τοῦ

231 1592 339 1645 Θεοῦ
365 1610 376 1621 ·
410 1593 519 1645 ἔστι
567 1594 625 1647 δὲ
673 1594 791 1648 καθ’
830 1597 973 1666 ὑμᾶς
1010 1598 1038 1649 6
1080 1597 1205 1661 Υἱὸς
1236 1593 1315 1661 εἷς
1363 1598 1782 1667 τῶννγενητῶν·

232 1684 325 1747 πῶς
348 1685 499 1747 αὐτὸς
528 1685 769 1758 ἠδυνήθη
802 1688 1054 1755 γενέσθαι
1091 1689 1239 1758 παρὰ
1283 1691 1444 1760 μόνου
1482 1690 1575 1743 τοῦ
1609 1691 1742 1743 Θεοῦ
1769 1708 1782 1755 ;

230 1778 316 1831 Καὶ
340 1779 383 1830 εί
416 1779 497 1831 ἵνα
527 1778 598 1831 τὰ
625 1780 828 1851 γενητὰ
851 1781 1097 1853 γένηται,
1134 1784 1354 1851 μεσίτου
1383 1784 1572 1853 γέγονε
1604 1785 1782 1855 χρεία,

228 1869 417 1938 γενητὸς
451 1870 505 1922 δὲ
540 1870 661 1923 καθ’
699 1872 841 1942 ὑμᾶς
867 1874 1012 1925 ἐστιν
1040 1876 1067 1926 6
1092 1874 1222 1937 Υἱός
1247 1892 1258 1904 ⁸
1295 1874 1403 1927 ἔδει
1440 1876 1533 1928 καὶ
1562 1875 1668 1947 πρὸ
1692 1877 1787 1928 αῦ-

230 1960 305 2014 τοῦ
331 1962 485 2035 μέσον
509 1962 635 2015 τινὰ
670 1958 829 2029 εἶναι,
861 1965 947 2017 ἵνα
971 1964 1163 2035 κτισθῇ
1188 1982 1199 1994 ⁸
1230 1964 1323 2018 τοῦ
1350 1965 1406 2018 δὲ
1442 1967 1663 2035 μεσίτου
1684 1967 1787 2021 πά·-

229 2052 294 2107 λιν
329 2048 412 2107 καὶ
460 2042 628 2107 αὑτοῦ
676 2055 972 2125 κτίσματος
1022 2057 1395 2125 τυγχάνοντος,
1442 2058 1669 2130 ἄραρεν,
1706 2060 1787 2111 ὅτι

228 2145 443 2209 κάκεῖνος
467 2145 648 2199 ἐδέετο
673 2122 893 2217 μεσίτου
916 2148 1101 2218 ἐτέρου
1125 2122 1261 2219 πρὸς
1286 2149 1384 2218 τὴν
1416 2122 1567 2202 ἰδίαν·
1591 2122 1791 2203 σῦήστα-
1824 2122 1866 2178 Β

226 2253 311 2293 σιν.
344 2236 452 2290 Κᾶν
474 2253 561 2299 τις
596 2237 753 2293 ἄλλον
789 2237 1072 2310 ἐπινοήσῃ,
1116 2242 1500 2311 προεπινοήσει
1529 2241 1617 2293 τὸν
1644 2243 1790 2294 ὲκεί-

225 2343 299 2377 νου
333 2318 572 2397 μεσίτην,
602 2327 743 2381 ὥστε
774 2330 870 2381 καὶ
890 2331 967 2393 είς
995 2331 1220 2402 ἄπειρον
1246 2334 1515 2385 ἐκπεσεῖν.
1549 2332 1706 2385 Οῦτω
1734 2333 1790 2386 δὲ

317 2418 401 2471 τοῦ
434 2420 656 2489 μεσίτου
692 2419 1024 2490 ζητουμένου
1050 2461 1062 2481 ,
1097 2420 1215 2474 οὐδὲ
1260 2422 1291 2491 ἡ
1329 2421 1503 2483 κτίσις
1534 2422 1792 2493 συστῆναι

223 2506 483 2579 δυνήσεται
520 2510 613 2564 διὰ
662 2512 723 2563 τὸ
771 2511 1154 2581 μὴδύνασθαι,
1202 2513 1278 2575 ὼς
1320 2512 1540 2580 λέγετε,
1590 2513 1793 2585 μηδένα

222 2595 312 2647 τῶν
336 2598 579 2668 γενητῶν
609 2598 873 2667 βαστάξαι
901 2604 1000 2671 τὴν
1034 2601 1269 2672 ἄκρατον
1292 2604 1449 2673 χεῖρα
1478 2600 1572 2654 τοῦ
1592 2603 1791 2673 ἀγενή-

219 2705 296 2740 του
330 2689 455 2760 (55).
504 2692 572 2745 ΕΞ
611 2691 701 2754 δὲ,
733 2692 793 2743 τὸ
845 2692 1045 2745 ἄτοπον
1093 2692 1250 2745 τοῦτο
1302 2692 1656 2763 συνορῶντες,
1696 2694 1793 2765 ἄρ-

220 2780 357 2847 χεσθε
390 2782 593 2851 λέγειν,
629 2784 711 2835 ὅτι
741 2785 768 2835 ὁ
800 2783 945 2846 Υἱὸς,
974 2785 1181 2854 κτίσμα
1218 2782 1314 2847 ὢν,
1354 2784 1536 2846 ἱκανὸς
1570 2784 1791 2851 γέγονεν

217 2870 338 2924 ὥστε
373 2873 475 2927 ὑπὸ
513 2873 629 2927 τοῦ,
662 2874 941 2945 ἁγενῄτου
967 2874 1079 2946 (56)
1134 2875 1384 2942 γενέσθαι
1408 2892 1422 2906 ο
1456 2875 1515 2939 ἐξ
1547 2876 1793 2946 ἀνάγκης

218 2960 296 3013 καὶ
324 2961 385 3014 τὰ
430 2963 571 3017 ἄλλα
606 2964 783 3017 πάντα
807 3004 821 3028 ,
860 2966 1062 3035 γενητὰ
1105 2966 1256 3028 ὄντα,
1290 2966 1490 3025 δυνατὰ
1536 2962 1602 3036 ἦν
1642 2968 1793 3038 παρὰ

216 3051 293 3110 τοῦ
322 3053 587 3133 ἀγενήτου
620 3057 1062 3128 αὑτουργηθῆναι
1107 3058 1217 3125 (57)
1244 3075 1255 3086 ο
1302 3059 1506 3128 κτίσμα
1534 3060 1642 3130 γὰρ
1671 3060 1790 3112 καθ’

216 3142 340 3213 ὑμᾶς
375 3149 663 3211 κάκεῖνος,
702 3148 891 3219 ὥσπερ
921 3145 1012 3203 οῦν
1056 3150 1150 3202 καὶ
1181 3150 1348 3202 ταῦτα
1381 3151 1558 3203 πάντα
1578 3191 1591 3211 ,
1638 3150 1787 3203 ἐστι’

216 3236 294 3289 καὶ
323 3241 555 3311 περιττὴ
595 3239 782 3294 λοιπὸν
822 3240 917 3294 τοῦ
950 3242 1124 3309 Λόγου
1171 3243 1203 3311 ἡ
1250 3242 1461 3310 γένεσις
1511 3242 1652 3294 κατὰ
1694 3243 1792 3313 τὴν
1844 3306 1855 3321 ’

212 3322 361 3395 ἀσεϐῆ
404 3329 496 3381 καὶ
560 3328 750 3399 μωρὰν
794 3330 947 3400 ὑμῶν
996 3331 1257 3395 ἐπίνοιαν,
1297 3332 1604 3402 αὐτάρκους
1645 3332 1795 3395 ὄντος

214 3417 295 3477 τοῦ
325 3418 453 3473 Θεοῦ
491 3422 566 3475 τὰ
600 3422 781 3474 πάντα
829 3421 1171 3491 αὐτουργεῖν,
1214 3423 1430 3475 πάντων
1464 3439 1522 3475 τε
1554 3422 1659 3474 τῶν
1700 3440 1792 3490 γεο

1891 688 2092 747 partes.

1962 778 2016 831 8.
2061 777 2155 832 Sin
2188 788 2369 833 autem
2407 777 2532 847 quia
2565 792 2652 832 res
2692 777 2810 832 alia;
2844 787 3041 833 creatae
3096 779 3368 834 actionem
3397 778 3481 831 in-

1888 867 2040 921 victa:
2071 882 2175 921 non
2201 867 2323 922 facti
2358 882 2549 923 manus
2584 870 2728 924 ferre
2774 885 2879 924 non
2910 870 3176 935 valerent,
3209 869 3357 923 solus
3381 867 3477 922 Fi-

1887 958 1992 1012 lius
2018 972 2046 1011 a
2076 959 2190 1013 solo
2222 958 2330 1013 Deo
2354 970 2437 1013 est
2477 960 2675 1023 factus,
2714 975 2801 1014 res
2838 974 2966 1013 vero
3002 960 3123 1014 alias
3154 975 3249 1030 per
3277 958 3475 1012 Filium

1888 1055 2143 1116 tanquam
2201 1048 2504 1101 ministrum
2565 1056 2616 1101 et
2678 1047 2975 1115 adjutorem
3035 1048 3191 1103 factm
3237 1058 3383 1107 sunt,
3416 1056 3478 1101 ut

1888 1139 2109 1208 scripsit
2146 1139 2395 1193 Asterius
2435 1138 2523 1207 qui
2572 1138 2732 1194 idolis
2777 1140 3109 1206 immolavit,
3136 1142 3279 1209 quod
3332 1137 3473 1192 idem

1888 1231 2269 1299 transcriptum
2304 1231 2462 1285 Arius
2497 1233 2606 1286 suis
2648 1234 2889 1296 tradidit,
2922 1248 3029 1300 quo
3080 1233 3266 1301 utique
3312 1244 3478 1284 voca-

1887 1323 2014 1377 bulo
2043 1332 2301 1391 tanquam
2348 1324 2558 1376 calamo
2593 1334 2846 1393 quassato
2885 1334 3145 1389 utuntur,
3179 1339 3283 1379 nec
3323 1323 3473 1378 stulti

1887 1408 2006 1476 ejus
2037 1420 2334 1477 agnoscunt
2364 1409 2697 1464 lutilitalem.
2738 1412 2794 1466 Si
2844 1414 2988 1467 enim
3028 1429 3113 1467 res
3152 1412 3308 1467 factae
3354 1427 3474 1465 ma-

1889 1514 2017 1552 num
2053 1498 2143 1553 Dei
2180 1498 2325 1554 ferre
2359 1514 2465 1554 non
2502 1508 2773 1568 poterant,
2818 1502 2931 1570 ipse
2962 1512 3139 1556 autem
3169 1503 3338 1557 Filius
3370 1518 3475 1555 una

1890 1598 1994 1652 est,
2045 1599 2103 1641 ut
2155 1590 2390 1655 sentitis,
2421 1607 2487 1647 ex
2542 1593 2701 1647 rebus
2728 1592 2884 1647 factis
2916 1609 2930 1657 ;
2966 1594 3237 1661 quomodo
3282 1593 3395 1661 ipse
3445 1608 3475 1644 a

1888 1682 2003 1734 solo
2042 1679 2151 1735 Deo
2182 1682 2297 1738 ﬁeri
2333 1685 2554 1754 potuit?
2578 1683 2635 1739 Si
2686 1685 2811 1739 item
2844 1694 2901 1739 ut
2949 1699 3040 1739 res
3082 1684 3235 1739 facta:
3262 1685 3476 1745 ﬁerent,

1890 1769 2215 1825 intermedio
2240 1773 2485 1842 adjutore
2524 1788 2658 1843 opus
2689 1772 2813 1837 fuit,
2845 1781 2900 1827 et
2943 1772 3130 1837 Filius,
3160 1780 3217 1824 ut
3253 1770 3477 1839 putatis,

1892 1858 2065 1912 factus
2097 1873 2310 1929 quoque
2352 1862 2465 1931 ipse
2491 1872 2575 1917 est
2602 1880 2616 1915 :
2647 1861 2889 1931 profecto
2932 1875 3155 1915 necesse
3181 1860 3344 1913 etiam
3378 1857 3479 1911 fuit

1891 1949 2268 2005 intermedium
2300 1951 2534 2023 aliquem
2567 1963 2692 2007 ante
2723 1968 2845 2006 eum
2866 1952 3059 2015 fuisse,
3094 1961 3152 2005 ut
3174 1959 3473 2013 crearetur,

1890 2043 1980 2112 qui
2019 2043 2133 2108 ipse
2167 2043 2542 2109 intermedius,
2571 2059 2693 2100 cum
2724 2058 2811 2099 res
2844 2051 3027 2097 creata
3063 2056 3279 2112 quoque
3306 2050 3474 2103 esset,

1894 2135 1999 2189 alio
2030 2135 2158 2189 item
2191 2136 2514 2191 intermedio
2541 2137 2605 2189 ad
2630 2136 2710 2190 sui
2746 2134 3177 2205 procreationem
3211 2148 3346 2202 opus
3373 2132 3473 2185 ha-

1894 2226 2078 2281 buisse
2108 2242 2213 2282 non
2248 2229 2517 2282 immerito
2548 2227 2839 2283 videbitur.
2861 2226 2917 2280 Si
2946 2226 3068 2293 quis
3102 2234 3280 2277 autem
3310 2222 3474 2276 alium

1894 2319 2284 2389 excogitaverit
2316 2319 2721 2384 intermedium,
2748 2317 2887 2371 alias
2914 2333 3101 2371 rursus
3125 2315 3479 2370 intermedius

1894 2418 2112 2477 propter
2146 2408 2292 2461 illum
2328 2408 2492 2461 alium
2532 2407 2633 2461 erit
2661 2407 2959 2476 ﬁngendus,
2986 2416 3149 2475 atque
3172 2407 3244 2459 ita
3269 2405 3321 2459 in
3356 2404 3478 2457 inli-

1896 2499 2067 2552 nitum
2094 2498 2431 2553 delabemnr.
2482 2496 2674 2562 Porro,
2712 2500 2837 2552 dum
2890 2499 2963 2551 ita
2992 2497 3346 2550 intermedius
3380 2496 3478 2547 ali-

1892 2591 2015 2660 quis
2046 2605 2262 2660 semper
2301 2591 2629 2659 reqniretur,
2653 2600 2800 2645 certe
2849 2606 2935 2644 res
2983 2598 3181 2643 creata:
3222 2589 3475 2642 constitui

1894 2698 2000 2738 non
2041 2692 2315 2753 poterunt,
2374 2683 2837 2753 quandoquidem,
2871 2692 2925 2736 nt
2970 2681 3183 2744 dicitis,
3219 2679 3360 2733 nulla
3397 2696 3480 2732 res

1895 2774 2034 2829 facta
2076 2775 2219 2830 ferre
2256 2775 2399 2830 valet
2444 2776 2699 2830 invictam
2737 2791 2843 2829 non
2872 2774 2998 2828 facti
3050 2787 3292 2826 manum.
3326 2770 3481 2836 Quod

1896 2866 1939 2920 si
1978 2866 2028 2920 id
2062 2868 2355 2921 absurdum
2385 2882 2506 2922 esse
2556 2869 2950 2938 intelligentes,
2989 2866 3365 2933 respondeatis
3394 2864 3483 2918 Fi-

1896 2957 2026 3010 lium
2057 2957 2185 3012 licet
2232 2969 2471 3012 creatum
2515 2960 2755 3027 potuisse
2792 2976 2820 3013 a
2872 2975 2975 3013 non
3002 2958 3168 3019 ,facto
3210 2957 3346 3019 ﬁeri,
3391 2972 3484 3009 ne-

1892 3062 2046 3103 cesse
2078 3059 2161 3103 est
2200 3050 2362 3102 etiam
2403 3051 2713 3103 concedatis
2739 3050 2872 3104 alias
2906 3065 2992 3104 res
3034 3063 3223 3103 omnes
3248 3062 3367 3116 qua:
3401 3045 3486 3099 fa-

1894 3148 1995 3192 ctae
2053 3147 2195 3204 sunt,
2236 3139 2474 3207 potuisse
2523 3154 2553 3192 a
2594 3154 2698 3193 non
2736 3139 2877 3193 facto
2926 3137 3228 3207 procreari,
3284 3137 3484 3206 quippe

1895 3242 2017 3282 cum
2048 3230 2162 3298 ipse
2184 3228 2350 3283 Filius
2381 3231 2677 3284 secundum
2707 3244 2803 3282 vos
2825 3229 2893 3282 sit
2923 3244 3136 3298 quoque
3166 3243 3253 3282 res
3271 3238 3479 3291 creata,

1897 3330 1954 3374 ut
1988 3330 2040 3376 et
2072 3338 2159 3375 res
2189 3336 2381 3376 omnes
2416 3329 2645 3377 canem.
2679 3321 2946 3375 Prmterea
2985 3337 3052 3375 ex
3090 3320 3252 3389 impio
3274 3328 3330 3372 et
3356 3318 3484 3373 stul-

1903 3422 1955 3467 to
1998 3413 2303 3482 hujusmodi
2356 3426 2543 3469 vestro
2590 3426 2899 3470 commento
2946 3416 3191 3484 sequitur
3238 3414 3481 3468 inutilem

217 3507 374 3576 νητῶν
416 3511 740 3582 δυναμένων
784 3510 879 3581 τὴν
914 3488 1151 3582 ἄκρατον
1203 3514 1358 3582 χεῖρα
1404 3511 1663 3581 βαστάξαι
1702 3488 1795 3564 τοῦ

1903 3517 2021 3556 esse
2054 3504 2207 3557 Verbi
2246 3504 2649 3571 generationem
2676 3546 2689 3569 ,
2731 3520 2851 3558 cum
2890 3515 2941 3558 et
2980 3506 3123 3560 Deus
3170 3505 3349 3559 omnia
3390 3518 3487 3572 per

216 3600 356 3653 θεοῦ,
410 3605 673 3675 ⁴Α.νοήτου
718 3604 781 3676 δὴ
826 3602 995 3675 οὔσης
1027 3603 1205 3657 αὐτῶν
1241 3604 1340 3672 τῆς
1375 3605 1629 3673 τοιαύτης
1672 3622 1800 3674 Ψρε“

217 3692 550 3759 ν96λα6είας,
605 3695 808 3766 ἴδωμεν
850 3698 899 3747 εἰ
940 3694 1015 3765 μὴ
1067 3696 1165 3749 καὶ
1206 3696 1268 3748 τὸ
1308 3696 1596 3766 λεγόμενον
1647 3695 1801 3748 τοῦτο

214 3784 308 3837 τῶν
339 3787 556 3840 ἀσεϐῶν
610 3788 968 3869 τὸνίσόφισμα
1020 3788 1197 3840 πλέον
1232 3787 1339 3841 τῶν
1392 3787 1565 3841 ἄλλων
1623 3787 1800 3843 αὐτῶν

214 3876 539 3951 ἀλογώτερον
576 3864 903 3948 ἀναῖῥᾶνείη.
959 3878 1129 3949 Ἀδάμ
1171 3878 1330 3949 μόνος
1373 3880 1478 3932 ὑπὸ
1518 3880 1677 3950 μόνου
1707 3879 1800 3932 τοῦ

212 3968 334 4024 Θεοῦ
382 3973 474 4026 διὰ
524 3973 626 4026 τοῦ
658 3972 831 4042 Λόγου
861 3972 1112 4041 γέγονεν’
1160 3973 1275 4025 ἀλλ’
1305 3974 1403 4025 οὐκ
1454 3975 1509 4025 ὲν
1539 3972 1616 4043 τῷ
1643 3973 1801 4026 πάλιν

212 4061 292 4119 τὸν
329 4064 503 4137 Ἀδὰμ
559 4065 726 4123 πλέον
764 4082 816 4117 τι
860 4064 966 4118 τῶν
1017 4065 1240 4118 πάντων
1283 4064 1585 4135 ἀνθρώπων
1635 4064 1799 4133 ἔχειν,

212 4149 240 4219 ἢ
274 4152 715 4224 διαφέρεινςτῶν
754 4155 871 4224 μετ’
903 4153 1065 4206 αὐτὸν
1099 4153 1163 4207 ἄν
1205 4171 1286 4216 τις
1335 4156 1579 4225 φήσειεν,
1624 4156 1672 4206 εί
1710 4154 1802 4223 μό-

210 4257 289 4304 νος
326 4244 422 4312 μὲν
463 4245 637 4308 αὐτὸς
681 4244 785 4297 ὑπὸ
835 4244 997 4313 μόνου
1042 4244 1134 4296 τοῦ
1178 4243 1313 4299 Θεοῦ
1362 4245 1657 4315 πεποίηται
1698 4246 1797 4298 καὶ

210 4333 534 4401 πέπλασται,
582 4338 749 4407 ἡμεῖς
786 4336 845 4389 δὲ
891 4336 1091 4399 πάντες
1150 4339 1214 4389 ὲκ
1248 4336 1341 4388 τοῦ
1388 4336 1556 4407 Ἀδάμ
1599 4336 1801 4405 γεννώ-

212 4426 360 4490 μεθα,
407 4428 505 4480 κα)⁴
562 4428 708 4481 κατὰ
751 4426 998 4497 διαδοχὴν
1045 4426 1138 4479 τοῦ
1188 4426 1376 4495 γένους
1415 4427 1799 4497 συνιστάμεθα,

208 4515 304 4580 ἔρως
345 4520 511 4588 μόνον
554 4519 654 4573 καὶ
694 4520 857 4582 αὐτὸς
905 4520 969 4572 ὲκ
1008 4519 1113 4588 γῆς
1152 4519 1416 4591 ἐπλάσθη,
1468 4520 1560 4573 καὶ
1606 4520 1679 4590 μὴ
1727 4518 1802 4572 ὢν

216 4608 497 4680 πρότερον,
527 4610 759 4680 ὕστερον
782 4609 1027 4678 γέγονενι

267 4790 319 4843 9.
353 4793 415 4844 Et
457 4793 519 4846 δὲ
557 4793 663 4846 καὶ
694 4792 856 4845 πλέον
886 4810 968 4857 τις
999 4794 1075 4863 τῷ
1122 4796 1537 4865 πρωτοπλάστῳ
1568 4794 1681 4861 δοίη
1715 4794 1799 4846 διὰ
1837 4828 1877 4880 D

205 4878 260 4931 τὸ
290 4882 675 4953 κατηξιῶσθαι
705 4884 803 4953 τῆς
836 4883 928 4936 τοῦ
965 4884 1099 4937 Θεοῦ
1137 4886 1318 4955 χειρὸς
1365 4885 1562 4938 αὐτόν’
1610 4883 1720 4935 ἀλλ’
1747 4885 1802 4933 ἐν

205 4976 328 5042 τιμῇ
356 4976 453 5028 καὶ
490 4974 572 5045 μὴ
601 4977 667 5043 τῇ
705 4974 862 5042 φύσει
904 4975 963 5027 τὸ
996 4976 1155 5029 πλέον
1190 4978 1271 5039 εὶς
1301 4977 1465 5030 αὑτὸν
1499 4978 1527 5027 ὁ
1565 4973 1803 5034 τοιοῦτος

205 5060 526 5132 λογιζέσθω.
586 5067 683 5119 Ἐκ
717 5069 820 5135 γῆς
854 5066 961 5137 γὰρ
993 5068 1213 5135 γέγονεν
1235 5108 1248 5133 ,
1286 5066 1476 5138 ὥσπερ
1524 5067 1618 5119 καὶ
1662 5065 1799 5117 πάν-

203 5168 289 5217 τες
313 5173 326 5185 ·
363 5159 464 5210 καὶ
507 5158 544 5229 ἡ
595 5157 717 5226 χεὶρ
754 5157 810 5209 δὲ
840 5160 871 5227 ἡ
909 5158 1159 5212 πλάσασα
1181 5159 1303 5211 τότε
1342 5160 1433 5211 τὸν
1484 5157 1673 5226 Ἀδὰμ,
1710 5158 1804 5208 καὶ

206 5243 311 5314 (58)
346 5244 494 5316 αῦτη
549 5246 649 5297 καὶ
694 5244 788 5297 νῦν
827 5246 920 5298 καὶ
953 5246 1038 5299 ἀεὶ
1066 5248 1192 5309 τοὺς
1236 5248 1352 5316 μετ’
1390 5247 1594 5297 ἐκεῖνον
1644 5244 1802 5298 πάλιν

274 5417 389 5491 {53)
432 5419 531 5473 Sic
557 5432 748 5491 omnes
773 5432 901 5470 ηυδε.
926 5427 983 5491 et-
1022 5420 1199 5491 etlittg
1245 5422 1336 5473 sed
1384 5420 1663 5491 legentium
1716 5435 1797 5477 est

206 5487 515 5568 ἀγενήτῳ),-
566 5497 626 5539 ιιι
661 5487 909 5568 deinceps
958 5489 1119 5568 habet
1175 5490 1373 5568 Reg-ius
1429 5487 1617 5547 éodex.
1670 5495 1801 5547 Vide

206 5573 320 5633 quae
354 5556 409 5610 iu
445 5556 827 5633 adt‘nonitione
861 5562 968 5633 hac
986 5557 1050 5611 de
1097 5573 1155 5614 re
1194 5561 1449 5627 diximus,
1489 5573 1541 5616 et
1570 5579 1688 5633 quae
1722 5564 1804 5617 in-

207 5624 282 5680 ira
320 5634 597 5681 notantur
624 5626 689 5679 ad
725 5640 872 5677 num.
903 5624 990 5679 28.

276 5697 393 5767 (54)
437 5695 611 5761 Reg.,
644 5693 1002 5767 μεταδέδῳκε.
1022 5694 1193 5767 Porro
1210 5698 1457 5754 Asterius
1483 5700 1548 5754 de
1579 5714 1684 5767 quo
1715 5700 1801 5755 hic

209 5766 387 5844 agitur
410 5804 424 5825 .
465 5778 537 5818 ex
569 5765 818 5844 sophista.
851 5764 1209 5844 Christianus
1231 5768 1423 5833 factus,
1476 5764 1806 5844 persecutio-

210 5833 289 5888 nis
321 5845 584 5906 tempore
620 5833 775 5906 idolis
807 5834 1120 5906 immolarit,
1160 5838 1407 5906 idemque
1456 5833 1638 5904 postea
1674 5840 1807 5889 mul—

213 5912 289 5958 tos
315 5905 490 5959 libros
523 5917 627 5973 pro
645 5904 1011 5958 conﬁrmanda
1032 5903 1227 5959 Ariana
1258 5903 1804 5977 luet'csi’composuit.

1900 3593 2134 3662 sripsutn
2168 3596 2404 3661 potuerit
2449 3594 2682 3659 elﬁcct‘e,
2718 3606 2769 3648 et
2818 3614 2903 3649 res
2931 3611 3119 3651 omnes
3159 3596 3314 3649 facta:
3343 3595 3483 3647 invi-

1900 3698 2043 3739 etam
2071 3686 2407 3740 Deiananum
2430 3686 2573 3741 ferre
2590 3689 2888 3757 potuerint.
2914 3688 3118 3758 Itaque,
3146 3703 3267 3741 cum
3299 3686 3481 3755 inepta

1902 3792 1965 3831 ac
2026 3776 2192 3831 futilis
2238 3778 2309 3832 sit
2365 3779 2478 3833 ltzec
2525 3779 2735 3833 illorum
2776 3782 2933 3847 ratio,
2967 3782 3339 3849 expendamus
3386 3794 3484 3833 an-

1904 3887 2007 3924 non
2037 3870 2182 3925 aliud
2211 3872 2498 3941 impiorum
2523 3873 2801 3943 s0pltisma
2820 3874 2984 3927 etiam
3010 3872 3179 3942 magis
3204 3886 3365 3941 quam
3385 3886 3489 3925 ca:-

1905 3972 2031 4017 terre
2079 3963 2318 4032 ipsorum
2365 3964 2592 4032 argutiae
2634 3963 2926 4017 absurdum
2981 3961 3270 4017 videbitur.
3312 3961 3483 4015 Adam

1902 4054 2048 4109 solus
2079 4069 2108 4107 a
2150 4055 2266 4108 solo
2325 4054 2433 4107 Deo
2479 4070 2575 4123 per
2624 4055 2858 4109 Verbum
2916 4053 3092 4109 factus
3145 4063 3269 4108 est:
3300 4068 3487 4106 verum

1904 4163 2062 4201 nemo
2083 4146 2283 4201 idcirco
2320 4146 2516 4201 dixerit
2538 4146 2804 4199 Adamunt
2848 4144 3052 4214 aliquid
3083 4142 3313 4211 amplius
3336 4154 3495 4196 caete-

1904 4239 1979 4294 ris
2015 4238 2321 4294 hominibus
2366 4240 2586 4303 habere,
2630 4236 2714 4291 vel
2748 4250 2784 4289 τι
2818 4236 3051 4305 posteris
3085 4233 3322 4298 diﬁ'erre,
3350 4233 3493 4300 quod

1904 4330 2019 4400 ipse
2051 4331 2269 4399 quidem
2299 4330 2445 4385 solus
2469 4345 2497 4382 a
2526 4328 2642 4382 solo
2669 4329 2778 4382 Deo
2811 4327 2992 4381 factus
3015 4335 3069 4380 et
3094 4324 3359 4378 formatus
3400 4322 3491 4385 sit,

1904 4433 2013 4474 nos
2036 4428 2217 4473 autem
2247 4433 2438 4474 omnes
2464 4433 2529 4473 ex
2562 4418 2769 4472 Adamo
2790 4458 2805 4482 ,
2838 4428 3097 4485 perpetua
3130 4413 3351 4483 generis
3365 4426 3494 4465 con-

1907 4512 2228 4576 tinuatione,
2261 4526 2548 4566 nascamur
2590 4519 2644 4566 et
2678 4523 3032 4579 procreemur
3063 4522 3077 4559 :
3114 4504 3349 4575 quandiu
3384 4505 3495 4559 sci-

1906 4601 2033 4657 licet
2057 4610 2269 4656 certum
2306 4602 2411 4655 erit
2452 4602 2627 4671 ipsum
2660 4601 2825 4655 etiam
2874 4614 2940 4653 ex
3000 4605 3144 4651 terra
3201 4596 3496 4651 formatum

1903 4709 2046 4757 esse,
2076 4702 2127 4747 et
2151 4694 2240 4761 qui
2267 4703 2423 4745 antea
2460 4707 2567 4746 non
2611 4700 2777 4755 esset,
2808 4699 2992 4758 postea
3022 4688 3207 4743 fuisse.

1984 4785 2037 4839 9.
2070 4784 2223 4850 Quod
2258 4783 2301 4837 si
2333 4782 2511 4851 primo
2538 4780 2751 4849 parenti
2787 4780 2989 4849 aliquid
3026 4778 3239 4833 caeteris
3266 4776 3500 4847 amplius

1912 4880 2152 4933 tribuere
2179 4876 2363 4939 libeat,
2395 4874 2485 4942 qui
2520 4887 2716 4941 nempe
2758 4871 2829 4925 ita
2862 4870 2990 4925 felix
3031 4869 3131 4925 l'uit
3170 4878 3225 4923 ut
3256 4868 3349 4923 Dei
3385 4882 3500 4922 ma-

1912 4988 1982 5025 nu
2007 4970 2332 5026 lormaretur
2358 4983 2372 5019 :
2402 4980 2588 5020 verum
2614 4965 2755 5020 istud
2783 4964 3015 5033 amplius
3058 4962 3113 5017 in
3146 4963 3355 5017 honore
3391 4976 3497 5015 non

1913 5063 1966 5117 in
2010 5071 2197 5116 natura
2226 5059 2523 5115 consistere
2564 5058 2966 5129 intelligendum
3006 5067 3111 5112 est.
3158 5056 3403 5124 Namque
3431 5069 3499 5107 ex

1914 5168 2056 5209 terra
2087 5153 2260 5206 factus
2298 5162 2400 5217 est,
2435 5161 2495 5206 ut
2527 5153 2613 5205 alii
2646 5166 2835 5207 omnes
2866 5171 2878 5206 :
2906 5161 2959 5206 et
2997 5166 3186 5206 manus
3224 5164 3343 5218 qua:
3373 5157 3498 5200 tttuc

1914 5247 2175 5301 Adamuut
2211 5244 2483 5309 formavit,
2509 5244 2622 5312 ipsa
2650 5252 2704 5298 et
2759 5260 2901 5300 nunc
2950 5255 3004 5298 et
3052 5256 3267 5310 semper
3308 5253 3498 5293 omnes

1913 5420 2043 5477 Vide
2071 5421 2282 5475 Sucrat.
2340 5420 2546 5475 (liuor.
2577 5418 2757 5474 coclea.
2834 5418 2927 5472 lib.
2973 5432 3009 5478 ι,
3034 5432 3081 5468 c.
3112 5415 3179 5467 56
3228 5422 3281 5467 ει
3310 5411 3495 5466 Philo-

1912 5502 2085 5559 storg.
2111 5492 2201 5545 lilt.
2237 5506 2298 5553 tt,
2330 5508 2477 5543 num.
2506 5489 2592 5541 15.

1988 5552 2100 5628 (55)
2131 5562 2285 5629 "03.,
2314 5561 2601 5629 ἁγενήτου.
2636 5556 2826 5610 Caneri
2850 5554 3070 5617 etcditi,
3105 5552 3423 5677 dysvvffou.

1988 5631 2093 5677 mm
2134 5630 2263 5677 Rea-
2300 5642 2351 5677 et
2388 5628 2569 5677 Basil..
2604 5627 2887 5677 ἀγενήτου.
2918 5622 3056 5677 Editi
3091 5632 3142 5676 et
3171 5621 3292 5676 Felc
3316 5638 3407 5676 'tll.

2134 5621 2569 5699 Re‘gaet'Basilq
2604 5627 2887 5695 ἁγενήτου.
2918 5622 3056 5677 Editi
3091 5632 3142 5676 et
3171 5621 3407 5677 Felcknt.
3443 5621 3496 5686 7,

1909 5701 2230 5753 διγεννήτου.

1949 5718 2295 5839 γῗῖἷζξτᾶἒξζη
2329 5766 2612 5839 ἀγενήτου,
2654 5772 2735 5824 et,
2776 5762 3205 5839 ἠφυργιηθῆναι.
3247 5761 3385 5816 ΕιΙὶιί
3442 5766 3495 5815 ct

1916 5833 2025 5899 alti,
2060 5839 2372 5903 ἁγεννήτου,
2399 5833 2948 5904 ει,αὑτουργηθῆναι

1990 5908 2102 5979 (58)
2145 5906 2249 5957 Καί
2288 5905 2438 5958 abest
2469 5920 2497 5957 a
2531 5903 2718 5972 Regio.
