3978 6510
192 478 274 543 441

194 598 323 663 λεων,

194 686 377 750 ἕζονται
403 690 496 743 ἐπὶ
511 691 715 748 δώδεκα
731 695 969 766 θρόνους.
993 702 1269 772 κρίνοντες
1285 706 1385 770 τὰς
1406 686 1611 764 δώδεκα
1629 731 1731 780 φυ-

1218 497 1307 555 DE
1348 500 1686 564 DECRETIS
1724 508 2026 570 NICAZME
2070 516 2343 576 SYNODI.

366 600 393 652 6
432 600 492 707 δε
520 601 614 707 ἐπὶ
642 604 799 660 πέντε
832 608 1180 667 καθίσταται⁶
1233 618 1325 672 καὶ
1350 608 1415 670 οἱ
1469 620 1569 690 μὲν
1602 624 1715 677 καθι

1835 642 2147 699 comparant
2182 652 2195 686 :
2240 645 2403 705 atque
2447 634 2583 691 alius
2623 637 2837 707 quidem
2871 642 3053 699 decem
3095 644 3404 702 civitatibus

3300 536 3411 599 4ίῆ

1834 721 2145 789 praeﬁcitur,
2174 724 2309 781 alius
2340 728 2576 797 quinque
2598 731 2681 797 ³⁶;
2716 731 2804 785 alii
2840 735 3024 789 sodcul
3050 752 3212 804 super
3247 738 3407 793 sedes

194 780 272 887 λας
294 779 378 832 τοῦ
412 782 659 855 Ἰσραήλ·
694 789 740 839 οἰ
772 788 827 841 δὲ
860 789 1114 847 ἀκούουσι
1134 813 1147 825 ο
1176 797 1373 859 Δεῦτε,
1408 804 1460 854 οἱ
1484 804 1715 875 εὐλογῇ

1836 779 1849 789 ,
2132 779 2143 789 ,
2291 779 2304 781 -
2349 779 2574 797 τμη---
2668 779 2681 797 ,
2718 779 2804 785 τ-..
2840 779 3024 789 νη...
3050 779 3199 804 νην-.
3247 779 3400 793 μυ-..

1834 812 2140 880 duodecim,
2170 817 2475 885 judicantes
2501 820 2782 876 duodecim
2825 822 2995 877 tribus
3022 824 3180 878 Israel
3198 826 3274 890 ³⁷;
3310 825 3400 879 alii

188 871 338 962 perat
365 873 467 926 τοῦ
504 879 736 945 Πατρός
764 898 913 948 Itov'
950 886 1060 949 καὶ,
1084 883 1193 952 Εὖ,
1219 888 1402 944 δοῦλε
1422 893 1604 962 ἀγαθὲ
1631 871 1730 950 πάι

188 958 357 1011 πιστέ.
400 962 637 1027 Τοιαῦτα
689 968 788 1037 μὲν
840 967 930 1023 οῦν
963 975 1158 1027 ἐκεῖνοι
1192 980 1532 1048 φρονοῦντες,
1583 985 1729 1038 εἰκό-

184 1068 269 1115 τως
296 1053 648 1119 φαντάζονται
674 1060 911 1114 τοιούτου
943 1065 1071 1117 Υίοῦ
1094 1067 1181 1119 ἀεὶ
1215 1068 1287 1139 μὴ
1311 1066 1449 1124 εἶναι
1477 1074 1568 1126 τὸν
1598 1075 1729 1128 Θεὸν

184 1143 390 1243 Ιίατὲρα,
440 1146 578 1215 μηδὲ.
619 1150 709 1201 τὸν
743 1153 981 1207 τοιοῦτον
1008 1156 1132 1210 Υἰὸν
1181 1161 1266 1213 ἀεὶ
1312 1158 1471 1223 εἶναι,
1510 1166 1728 1243 άλλήγεξ

176 1232 705 1311 ρννεωνψξετίῳα
740 1244 1100 1311 γεγενῆσθαι,
1145 1248 1237 1303 καὶ
1292 1250 1365 1321 μὴ
1411 1248 1547 1305 εἶναι

180 1325 380 1396 γεννηθῇ
404 1343 417 1356 ⁸
450 1326 609 1392 ἄλλος
641 1332 748 1403 γάρ
790 1336 937 1388 ἐστιν
973 1332 1126 1402 οὗτος
1169 1342 1319 1410 παρᾶ
1352 1344 1441 1396 τὸν
1476 1325 1725 1415 ἀληθινὸν

178 1416 252 1469 τοῦ
281 1419 407 1481 Θεοῦ
441 1421 587 1475 Υἱόν.
637 1425 849 1498 Ἐπειδὴ
881 1428 937 1493 δὲ
980 1431 1149 1495 ταῦτα
1180 1434 1355 1502 λέγειν
1394 1438 1471 1490 ἔτι
1503 1439 1725 1505 τούτους

177 1508 255 1560 οὐκ
276 1508 415 1563 ἐστιν
454 1514 651 1581 εὐαγὲς
673 1534 684 1545 ·
726 1519 926 1586 μᾶλλον
970 1523 1079 1592 γὰρ
1111 1526 1481 1581 Σαδδουκαίων
1510 1534 1604 1585 καὶ
1629 1534 1722 1587 τοῦ

174 1597 638 1689 Σαμοσαῑὲωςέστὶ
665 1605 820 1659 τοῦτο
844 1610 902 1662 τὸ
932 1614 1184 1683 φρόνημα
1202 1633 1213 1644 ο
1247 1615 1420 1668 λείπει
1448 1619 1554 1689 ἄρα
1583 1622 1723 1674 κατά

174 1688 249 1785 τὴν
290 1690 479 1762 ἑτέραν
523 1694 792 1763 διάνοιαν,
838 1700 958 1753 καθ’
1010 1704 1076 1773 ἣν
1121 1705 1441 1773 Ἰσαάκ-,τοῦ
1478 1710 1723 1785 Ἀϐραάμ

173 1780 292 1833 ἐστιν
328 1784 461 1846 υἱὸς,
514 1785 693 1853 λέγειν
732 1786 867 1843 εἶναι
910 1794 1004 1845 καὶ
1044 1795 1135 1849 τὸν
1168 1797 1263 1849 τοῦ
1294 1780 1617 1866 ΘεοῦῙέόνλ
1661 1780 1721 1864 τὸ

172 1868 255 1937 γὰρ
276 1868 332 1932 ἔκ
358 1874 694 1949 τινοςιιρῦσει
718 1878 1091 1967 γεννώμενον,
1132 1887 1224 1937 καὶ
1372 1878 1718 1952 ἔξωθενηὲπιφ
1796 1894 1799 1897 ’

172 1958 435 2029 κτώμενον,
468 1967 583 2017 υίὸν
606 1962 743 2021 οἶδεν
765 1972 795 2039 ἡ
826 1971 1006 2040 φύσις,
1023 1952 1137 2028 ἒκαὶ
1161 1950 1284 2029 τοῦτ,ἶ

169 2048 1159 2147 ἑστι-τὸ-σημαινόμενονΪὟΑρλρῦν-
1195 2048 1631 2145 ἀνθρωποπαθὴς
1678 2079 1710 2147 ἡ

169 2141 238 2193 τεῦ
271 2144 394 2197 Υίοῦ
446 2148 738 2219 γέννησις;
790 2152 966 2222 (τοῦτο
1004 2156 1113 2227 γὰρ
1156 2158 1281 2224 ἴσως
1320 2162 1439 2215 κατ’
1476 2164 1717 2230 ἐκείνους

279 2237 429 2289 αὐτοὶ
479 2238 797 2312 θελήσουσιν
845 2246 1136 2302 ἀντιθεῖναι
1181 2252 1254 2323 μὴ
1296 2255 1711 2328 γινώσκοντες.)

448 2331 522 2381 Οὐ
548 2332 657 2401 γὰρ
683 2334 757 2397 ὡς
786 2335 1068 2408 ἅνθρωπος
1102 2344 1129 2393 ό
1154 2342 1313 2405 Θεός’
1350 2345 1471 2399 ἐπεὶ
1495 2348 1631 2417 μηδὲ
1664 2322 1712 2401 oi

162 2414 404 2509 ἅνθρωποι
432 2422 544 2493 (64)
584 2424 660 2486 ὡς
692 2428 719 2477 6
748 2426 913 2491 Θεός·
958 2432 1007 2483 ol
1054 2433 1151 2502 μὲν
1191 2434 1300 2505 γὰρ
1340 2436 1400 2502 ἐξ
1447 2414 1580 2509 ὕλης
1619 2440 1713 2494 καὶ

163 2507 331 2578 ταύτης
370 2511 540 2583 οὔσης
585 2515 888 2594 παθητικῆς
925 2522 1251 2594 ἐκτίσθησαν
1267 2542 1282 2563 ἰ
1330 2529 1357 2581 6
1383 2528 1439 2582 δὲ
1465 2507 1596 2592 Θεὸς
1622 2530 1715 2593 ἇῦψ

160 2608 228 2660 to;
267 2602 353 2653 καὶ
396 2603 711 2675 ἀσώματος.
760 2609 820 2661 Εἰ
862 2610 917 2663 δὲ
948 2613 1002 2665 αἱ
1037 2616 1197 2669 αὑταὶ
1241 2617 1414 2681 λέξεις
1450 2620 1542 2673 ἐπὶ
1576 2620 1711 2674 Θεοῦ

159 2691 231 2743 καὶ
259 2691 560 2763 ἀνθρώπων
595 2698 652 2747 ἐν
686 2701 803 2761 ταῖς
838 2699 1008 2763 θείαις
1047 2706 1176 2758 ποτὲ
1212 2710 1416 2761 κεῖνται
1446 2710 1709 2780 Γραφαῖς,

156 2781 247 2833 ἀλλ’
291 2786 597 2857 ἀνθρώπων
657 2791 772 2844 ἐστὶ
814 2792 1169 2863 διορατικῶν,
1229 2801 1303 2863 ὡς
1342 2803 1712 2872 παρήγγειλεν

154 2874 174 2923 ὁ
200 2875 413 2940 Παῦλος,
452 2880 741 2951 προσέχειν
773 2886 837 2953 τῇ
870 2885 1191 2955 ἀναγνώσει.
1218 2892 1311 2942 καὶ
1336 2892 1711 2964 οὖτωηδιακρίά

86 2992 89 2993 ν
152 2972 387 3045 νεινμκαὶ
419 2972 559 3024 κατὰ
591 2973 689 3042 τὴν
717 2975 945 3038 ἑκάστου
976 2979 1083 3031 τῶν
1109 2984 1521 3053 σημαινομένων
1550 2986 1711 3053 φύσιν

129 3054 204 3107 Iri
227 3061 587 3130 γεγραμμένα
628 3062 1026 3133 διαγινώσκειν,
1072 3071 1163 3122 καὶ
1204 3070 1278 3141 μὴ
1322 3074 1568 3144 συγχέειν
1613 3076 1710 3145 τὴν

152 3146 379 3231 διάνοιαν,
422 3154 565 3207 ὥστε
608 3156 679 3210 τα
718 3158 813 3210 τοῦ
853 3160 985 3213 Θεοῦ
1029 3163 1103 3234 μὴ
1156 3161 1507 3236 ἀνθρωπίνως
1546 3171 1708 3232 νοεῖν,

1831 905 2055 960 audiunt
2087 925 2099 960 :
2143 907 2343 971 Venite.
2362 912 2611 967 benedicti
2654 913 2830 969 Patris
2862 917 2960 969 mei
2983 916 3029 948 ³⁸
3055 934 3070 983 ;
3100 928 3153 971 et
3187 936 3197 971 :
3230 921 3397 988 Euge,

1830 1013 1975 1051 serve
2021 999 2149 1052 bone
2177 1011 2224 1055 et
2264 1002 2434 1069 ﬁdelis
2452 1003 2516 1056 ³⁸.
2550 1003 2681 1057 Cum
2729 1005 2842 1060 inec
2886 1007 3046 1077 igitur
3080 1007 3289 1062 illorum
3332 1009 3402 1062 sit

1830 1089 2119 1152 sententia,
2162 1089 2306 1157 jure‘
2332 1092 2522 1145 merito
2572 1094 2883 1149 existimant
2930 1097 3232 1165 hujusmodi
3281 1098 3401 1151 Filii

1832 1178 1994 1233 Deum
2022 1195 2125 1232 non
2159 1196 2373 1249 semper
2412 1184 2576 1238 fuisse
2628 1185 2872 1250 Patrem,
2906 1203 3076 1256 neque
3116 1188 3277 1243 talem
3310 1189 3398 1243 Fi-

1831 1267 1957 1321 lium
1997 1282 2209 1338 semper
2234 1268 2420 1338 fuisse,
2466 1274 2557 1327 sed
2599 1288 2665 1329 ex
2713 1276 2881 1329 nihilo
2917 1292 3037 1331 esse
3080 1286 3319 1332 creatum
3346 1289 3398 1331 et

1830 1357 2047 1422 factum,
2088 1374 2186 1412 nec
2217 1359 2380 1414 fuisse
2426 1370 2712 1431 antequam
2746 1366 2957 1433 genitus
2995 1376 3133 1421 esset
3167 1406 3181 1430 ,
3224 1368 3399 1437 siqui-

1826 1450 1945 1503 dem
1979 1449 2067 1503 ille
2095 1450 2230 1504 alius
2260 1452 2480 1506 omnino
2505 1462 2588 1507 est
2621 1469 2651 1507 a
2695 1469 2823 1511 vero
2868 1457 2960 1511 Dei
3003 1458 3161 1513 Filio.
3195 1458 3393 1513 Verum

1825 1556 1947 1596 cum
1982 1543 2093 1595 ha‘c
2128 1542 2244 1596 illos
2290 1544 2469 1598 dicere
2500 1543 2583 1600 fas
2626 1546 2736 1614 jam
2782 1563 2884 1600 non
2917 1550 3007 1612 sit,
3041 1559 3222 1618 utpote
3270 1567 3392 1605 cum

1826 1632 1924 1687 ista
1957 1631 2372 1688 Sadducaeorum
2401 1638 2576 1704 potius
2603 1646 2655 1691 et
2678 1639 3076 1695 Samosatensis
3124 1641 3231 1695 sint
3260 1658 3388 1710 pro-

1823 1723 1961 1788 pria,
1983 1732 2151 1777 restat
2180 1732 2235 1777 ut
2264 1725 2371 1779 alio
2388 1740 2692 1796 sensu,quo
2724 1729 2974 1782 nimirum
2994 1729 3139 1785 Isaac
3163 1732 3393 1786 Abrahae

1820 1824 1899 1868 est
1931 1814 2089 1878 lilius,
2120 1815 2209 1867 Dei
2245 1814 2435 1870 Filium
2475 1832 2595 1872 esse
2642 1821 2955 1875 concedant.
2994 1821 3124 1876 Nam
3161 1824 3300 1892 quod
3326 1840 3394 1880 ex

1822 1909 2000 1977 aliquo
2046 1912 2283 1979 gignitur
2338 1926 2437 1966 nec
2483 1914 2823 1969 extrinsecus
2860 1917 3182 1981 advehitur,
3226 1918 3393 1972 lilium

1288 1962 1439 2033 δ’τῶ
1457 1980 1715 2053 ὀνόματός

1912 1962 1925 1977 ,
2046 1962 2145 1979 νην
2204 1962 2207 1963 ν
2338 1962 2434 1966 ν--
2489 1962 2821 1969 “mn---”
2861 1962 3136 1971 _...-....“.
3168 1962 3182 1981 ,

1818 2015 1936 2054 (sse
1968 2003 2212 2066 agnoscit
2264 2012 2475 2071 natura,
2511 2018 2681 2072 eaque
2712 2015 2795 2058 est
2843 2008 3057 2075 propria
3091 2006 3249 2076 hujus
3298 2025 3391 2061 tio-

1817 2092 1979 2145 minis
2007 2092 2347 2161 signilicatio.
2382 2094 2514 2147 Num
2544 2110 2673 2163 ergo
2703 2096 2819 2149 Filii
2850 2098 3123 2166 generatio
3153 2100 3391 2153 humano

1818 2197 1966 2237 more
1993 2194 2070 2237 est
2102 2184 2488 2253 intelligenda?
2523 2185 2704 2256 (Forte
2731 2189 2872 2241 enim
2904 2190 2954 2242 id
2989 2190 3106 2257 ipsi,
3137 2200 3192 2245 ut
3226 2201 3279 2245 et
3314 2192 3387 2245 illi

1814 2272 1963 2338 olim,
1989 2274 2157 2342 ignari
2206 2278 2507 2343 reportent.)
2535 2275 2902 2345 Nequaquam.
2938 2278 3047 2334 Nec
3078 2281 3220 2334 enim
3249 2282 3388 2336 Deus

1815 2364 2046 2417 hominis
2080 2365 2271 2417 similis
2300 2376 2402 2428 est,
2440 2367 2512 2420 uti
2542 2382 2639 2420 nec
2672 2368 2938 2435 homines,
2969 2371 3083 2427 Dei.
3130 2371 3205 2425 Illi
3245 2373 3385 2426 enim

1814 2469 1877 2508 ex
1904 2457 2125 2510 materia
2148 2472 2320 2526 eaque
2350 2459 2552 2527 patihiIi
2581 2461 2736 2530 171
2771 2472 2896 2515 sunt
2920 2462 3089 2516 creati
3118 2479 3131 2515 :
3164 2472 3215 2515 at
3251 2464 3389 2517 Deus

1813 2560 2007 2615 expers
2043 2557 2124 2602 est
2155 2550 2394 2604 materia:
2423 2561 2476 2605 et
2514 2554 2777 2621 corporis.
2812 2551 2963 2619 Quod
3004 2554 3049 2607 si
3076 2554 3276 2607 ctedem
3306 2554 3391 2607 diu

1812 2639 2021 2694 ctiones
2044 2639 2151 2695 Deo
2185 2648 2240 2695 et
2276 2642 2582 2697 hominibus
2624 2644 2675 2697 in
2720 2645 2918 2699 divinis
2963 2643 3258 2712 Scripturis
3307 2646 3390 2699 iu-

1814 2730 2022 2783 terdum
2068 2732 2465 2794 attribuuntur,
2516 2734 2794 2791 hominum
2844 2746 2926 2789 est
2968 2736 3385 2806 perspicacium,

1812 2830 1871 2871 ut
1888 2820 2139 2879 admonet
2160 2820 2433 2887 Paulus“,
2460 2826 2739 2879 attendere
2762 2826 2827 2879 ad
2847 2826 3147 2889 lectionem,
3167 2841 3392 2894 remque

1811 2905 2178 2973 perpendere,
2230 2920 2292 2959 ac
2344 2921 2438 2975 pro
2491 2916 2681 2960 natura
2723 2923 2901 2961 rerum
2958 2910 3387 2975 signiﬁtatarum

1812 3008 1928 3063 qua:
1950 2996 2151 3063 scripta
2185 3006 2309 3049 sunt
2348 2997 2668 3065 dijudicare,
2704 3011 2803 3051 nec
2835 3013 3052 3052 sensum
3090 2999 3384 3054 confunde-

1812 3100 1891 3148 re,
1922 3085 1992 3138 ita
2024 3095 2081 3138 ut
2109 3101 2227 3154 quae
2258 3087 2322 3138 ad
2358 3087 2523 3140 Deum
2545 3095 2811 3156 spectant.
2836 3088 3069 3141 humano
3095 3089 3252 3142 modo
3278 3104 3384 3143 non

1812 3174 2207 3246 intelligantur,
2254 3191 2354 3231 nec
2384 3176 2618 3231 vicissim
2654 3191 2773 3246 quae
2810 3178 2874 3231 ad
2921 3177 3170 3231 homines
3212 3179 3383 3247 perti-

152 3241 263 3309 μηδὲ
292 3246 358 3297 τὰ
393 3247 503 3298 τῶν
544 3247 849 3317 ἀνθρώπων
884 3251 957 3315 ὡς
997 3256 1123 3323 περὶ
1150 3256 1284 3309 Θεοῦ
1334 3274 1461 3312 ποτε
1496 3258 1706 3326 λογίζε-

1816 3273 1964 3329 nenl,
1988 3228 2299 3332 cogitentur
2340 3273 2595 3334 tanquam
2625 3228 2716 3321 Dei
2751 3267 2989 3335 pr0pria.
3028 3264 3084 3320 ld
3121 3228 3263 3320 ettiin
3298 3276 3383 3323 est

152 3331 270 3389 σθαι.
311 3338 483 3390 Τοῦτο
523 3338 632 3409 γάρ
661 3341 777 3393 ὲστι
809 3343 902 3395 τὸν
925 3340 1064 3399 οἶνον
1095 3346 1246 3400 ὕδατι
1271 3349 1443 3418 μῖξαι,
1474 3350 1567 3402 καὶ
1593 3351 1704 3421 πῦρ

148 3423 398 3526 ἀλλότριον
443 3430 755 3485 ἐπιϐάλλειν
810 3434 903 3487 ἐπὶ
937 3436 997 3489 τὸ
1036 3438 1417 3523 θυσιαστήριον
1456 3442 1530 3513 τῷ
1579 3443 1707 3526 θείιρ

151 3517 277 3587 πυρί.
1314 3522 1317 3523 ν

203 3608 280 3659 ll.
308 3612 416 3663 Καὶ
451 3610 561 3682 γὰρ
609 3615 701 3666 καὶ
730 3616 758 3666 6
784 3615 914 3679 Θεὸς
948 3618 1138 3684 κτίζει,
1168 3622 1260 3674 καὶ
1295 3622 1385 3674 ἐπὶ
1406 3623 1711 3694 ἀνθρώπων

148 3694 187 3747 δὲ
212 3700 263 3752 τὸ
303 3704 509 3768 κτίζειν
547 3705 763 3777 εἴρηται
786 3724 801 3739 ⁸
834 3711 927 3762 καὶ
966 3713 994 3766 6
1035 3713 1135 3781 μὲν
1168 3714 1300 3775 Θεὸς
1330 3714 1404 3768 ὧν
1438 3718 1585 3789 ὲστιζ
1621 3718 1708 3772 λέ-

146 3806 302 3855 γονται
334 3796 391 3849 δὲ
426 3800 521 3850 καὶ
564 3800 615 3851 οἱ
638 3800 915 3869 ἄνθρωποι
941 3800 1097 3867 εἶναι,
1127 3807 1275 3878 παρὰ
1303 3808 1435 3861 Θεοῦ
1467 3812 1560 3863 καὶ
1585 3812 1708 3866 τοῦ-

146 3897 190 3933 το
216 3883 465 3953 λαϐόντες
518 3890 682 3961 ἔχειν.
713 3887 839 3962 ’Ἆρ’
866 3890 957 3947 οῦν
986 3896 1158 3960 οὕτως
1200 3901 1228 3951 6
1268 3901 1400 3963 Θεὸς
1434 3901 1604 3965 κτίζει
1632 3904 1707 3967 ὡς

142 3972 390 4047 ἄνθρωποι
416 3998 431 4045 ;
461 3982 534 4034 ’Ἡ
561 3982 735 4046 οὕτως
759 3984 833 4043 ὧν
865 3986 1010 4040 ἐστιν
1039 3990 1114 4053 ὡς
1145 3989 1429 4061 ἄνθρωπος
1453 4011 1466 4057 ;
1498 3994 1587 4066 Μὴ
1613 3996 1706 4063 γέ-

142 4068 288 4119 Vetto!
344 4070 527 4134 ἄλλως
554 4072 649 4123 ἐπὶ
679 4072 813 4125 Θεοῦ
847 4074 945 4138 τὰς
1000 4076 1172 4144 λέξεις
1217 4079 1581 4151 λαμϐάνομεν,
1614 4085 1707 4137 καὶ

137 4152 311 4246 ἑτέρως
326 4161 421 4214 ἐπὶ
443 4161 551 4215 τῶν
574 4163 875 4235 ἀνθρώπων
904 4169 1103 4233 ταύτας
1126 4171 1499 4242 διανοούμεθα.
1519 4174 1576 4228 Ὀ
1606 4175 1705 4246 μὲν

138 4244 228 4316 νὰρ
257 4248 390 4315 Θεὸς
414 4252 613 4318 κτίζει,
644 4256 822 4309 καλῶν
845 4258 912 4312 τὰ
940 4260 1012 4336 μὴ
1042 4263 1172 4329 ὄντα
1187 4265 1264 4329 είς
1283 4265 1343 4317 τὸ
1366 4263 1505 4318 εἶναι
1528 4306 1542 4331 ,
1566 4244 1705 4323 ωδ-

138 4336 238 4429 ινδὸς
271 4342 655 4413 ὲπιδεόμενοςο
704 4349 753 4400 oi
800 4348 856 4401 δὲ
895 4346 1166 4423 ἀνθρωποι
1212 4356 1309 4427 τὴν
1340 4338 1704 4429 ὑποκειμένῆν

137 4427 247 4497 ὓλην
287 4435 640 4507 ἐργάζονται,
677 4440 962 4511 εὐξάμενοι
1003 4447 1286 4520 πρότερον,
1324 4449 1419 4503 καὶ
1448 4427 1548 4520 τὴν
1585 4427 1706 4504 ἐπι-

1808 3355 1988 3408 vinum
2016 3370 2135 3408 cum
2170 3370 2308 3423 aqua
2365 3357 2673 3421 miscere“,
2725 3359 3069 3427 alienumque
3106 3358 3282 3427 ignem
3314 3358 3382 3412 ad

1805 3445 2043 3500 divinum
2069 3448 2242 3516 ignem
2270 3446 2321 3501 in
2349 3447 2502 3500 altari
2531 3448 2836 3502 admovere.

1877 3631 1963 3686 ll.
1992 3630 2207 3686 Scilicet
2244 3640 2298 3685 et
2338 3630 2475 3685 Deus
2502 3640 2671 3695 creat,
2714 3639 2767 3685 et
2796 3632 2860 3687 de
2904 3631 3210 3685 hominibus
3241 3631 3383 3685 idem

1805 3735 2018 3791 quoque
2048 3722 2248 3774 dicitur
2280 3738 2294 3774 :
2332 3722 2471 3776 Deus
2498 3722 2624 3776 item
2661 3722 2706 3775 is
2730 3731 2811 3776 est
2839 3722 2929 3791 qui
2974 3730 3056 3776 est
3086 3739 3099 3775 :
3137 3721 3381 3775 homines

1804 3812 2055 3866 similiter
2097 3812 2349 3867 dicuntur
2376 3827 2516 3876 esse,
2549 3814 2691 3881 quod
2729 3814 2902 3883 ipsum
2933 3813 3148 3882 quidem
3191 3827 3219 3865 a
3270 3812 3387 3865 Deo

1805 3914 2148 3974 acceperunt.
2175 3905 2257 3960 An
2290 3920 2420 3975 ergo
2461 3906 2535 3959 ita
2579 3905 2719 3960 Deus
2749 3916 2918 3972 creat,
2956 3915 3015 3958 ut
3049 3905 3209 3958 homo
3242 3904 3265 3957 ?
3295 3903 3381 3957 An

1804 3998 1990 4053 eodem
2027 3997 2185 4053 modo
2207 4007 2433 4066 est,quo
2450 3998 2657 4053 homo?
2696 3997 2912 4052 Minime
2946 4005 3094 4051 certe
3124 4011 3137 4047 :
3165 3996 3259 4051 sed
3282 3995 3381 4049 ali-

1808 4097 1889 4145 ter
1917 4089 2015 4144 has
2040 4103 2201 4143 voces
2227 4089 2292 4144 de
2330 4088 2438 4144 Deo
2481 4089 2852 4158 intelligimus,
2893 4089 3052 4143 aliter
3095 4089 3161 4143 de
3200 4088 3381 4143 homi-

1805 4180 1982 4235 nibus.
2016 4179 2149 4236 Nam
2188 4180 2326 4235 Deus
2372 4181 2587 4250 quidem
2627 4189 2795 4244 creat,
2828 4194 2889 4234 ea
2914 4194 3032 4250 quae
3079 4194 3185 4234 non
3220 4187 3379 4235 erant

1805 4286 2003 4335 vocans
2027 4272 2213 4326 utSint
2230 4271 2295 4335 ι’,
2313 4271 2569 4340 nullaque
2600 4286 2656 4324 re
2680 4273 2743 4323 ad
2769 4271 3060 4326 creandum
3094 4270 3379 4336 indigens;

1796 4350 2053 4417 hemines
2080 4377 2211 4417 vero
2253 4376 2356 4416 non
2403 4362 2503 4416 nisi
2554 4362 2793 4428 subjecta
2848 4368 3074 4414 utuntur
3125 4358 3378 4421 materia,

1807 4463 2089 4523 postquam
2122 4470 2149 4506 a
2189 4455 2298 4509 Deo
2331 4454 2420 4522 qui
2469 4454 2650 4507 omnia
2684 4468 2780 4520 per
2818 4452 3092 4520 proprium
3123 4448 3376 4518 ,Verhum

135 4524 323 4615 σῖήμην
357 4528 455 4582 τοῦ
489 4533 667 4583 ποιεῖν
685 4532 937 4599 λαϐόντες
957 4538 1109 4606 παρά
1133 4539 1228 4593 τοῦ
1251 4541 1431 4596 πάντα
1443 4542 1705 4615 δημιουρ·

1816 4547 2030 4610 creavit,
2048 4546 2331 4601 scientiam
2357 4555 2600 4601 artemve
2621 4544 2812 4614 agendi
2844 4542 3097 4612 precibus
3125 4540 3377 4595 obtinue-

133 4614 377 4683 γήσαντος
407 4620 547 4673 Θεοῦ
582 4621 670 4675 διὰ
708 4624 801 4676 τοῦ
835 4626 962 4679 ίδῐου
992 4630 1186 4699 Λόγου.
1219 4631 1389 4686 Πάλιν
1430 4651 1488 4686 τε
1518 4635 1568 4685 οἱ
1596 4614 1695 4704 μὲν

1816 4638 1929 4693 'int.
1957 4636 2221 4691 Praeterea
2251 4635 2520 4698 homines,
2542 4635 2633 4703 qui
2666 4648 2760 4702 per
2781 4647 2839 4687 se
2867 4631 3113 4702 ipsi’esse
3135 4645 3237 4684 non
3264 4643 3381 4698 pose

132 4704 406 4795 ὄνθρωποι,
463 4713 527 4765 οὐ
585 4714 871 4785 δυνάμενοι
905 4719 1023 4779 καθ’
1049 4723 1274 4785 ἑαυτοὺς
1306 4723 1414 4795 (65)
1452 4720 1610 4789 εἶναι,
1641 4728 1699 4779 ὲν

1816 4737 1951 4791 sunt,
2010 4727 2133 4782 loco
2178 4725 2726 4790 circumscribuntur,
2781 4734 2942 4793 atque
2972 4722 3025 4775 in
3068 4721 3158 4777 Dei
3200 4718 3381 4774 Verbo

131 4794 257 4886 ῖόπῳ
285 4803 652 4871 τυγχάνοντες
682 4807 786 4859 εἰσι
815 4812 1208 4882 περιεχόμενοι,
1246 4814 1336 4867 καὶ
1368 4794 1700 4879 συνεστῶτες

1816 4817 2104 4874 :onsistunt
2135 4833 2149 4869 :
2181 4827 2237 4871 at
2268 4816 2410 4871 Deus
2440 4816 2528 4886 qui
2566 4829 2663 4885 per
2694 4830 2753 4869 se
2778 4827 2906 4869 vere
2922 4820 3023 4877 est,
3045 4812 3221 4866 omnia
3248 4824 3381 4865 con-.

130 4882 177 4935 ἐν
198 4887 271 4959 τῷ
300 4892 396 4943 τοῦ
430 4893 571 4947 Θεοῦ
599 4895 757 4966 Λόγῳ
776 4914 788 4927 ’
816 4901 844 4950 6
865 4899 919 4952 δὲ
941 4901 1071 4967 Θεὸς
1094 4903 1169 4958 ὧν
1197 4905 1314 4958 ἐστι
1344 4907 1465 4960 καθ’
1487 4909 1695 4971 ἑαυτὸν,

1816 4910 1958 4976 ,inel,|
1989 4919 2044 4964 et
2070 4923 2097 4962 a
2128 4907 2272 4962 nulla
2301 4922 2359 4961 re
2394 4908 2509 4977 ipse
2532 4906 2841 4961 continetur
2876 4923 2889 4960 :
2917 4904 2969 4959 in
3007 4904 3262 4958 omnibus
3296 4910 3380 4958 est

131 4981 382 5052 περιέχων
430 4982 503 5038 τὰ
533 4986 733 5051 πάντα,
784 4991 876 5042 καὶ
918 4992 1008 5045 ὑπ’
1029 4995 1243 5059 οὐδενὸς
1276 4999 1660 5069 περιεχόμενος
1680 5018 1695 5039 ε

1816 5015 1900 5055 sua
1932 5001 2173 5055 bonitate
2198 5009 2253 5055 et
2276 4999 2549 5070 potentia;
2575 5007 2630 5053 at
2654 5008 2806 5055 extra
2835 4997 3017 5053 omnia
3048 5006 3132 5052 est
3163 4995 3379 5067 propria

128 5070 209 5160 ttat
235 5074 291 5125 ὲν
313 5077 451 5128 πᾶσι
477 5078 579 5147 μὲν
607 5078 723 5131 ἔστι
752 5081 891 5135 κατὰ
919 5084 1016 5156 τὴν
1043 5087 1241 5141 ἑαυτοῦ
1262 5089 1573 5160 ἀγαθότητα
1604 5093 1699 5146 καὶ

125 5158 358 5253 ξέναμιν,
395 5167 502 5234 ἔξω
532 5169 590 5222 δὲ
648 5170 755 5223 τῶν
812 5173 1026 5229 πάντων
1080 5180 1242 5234 πάλιν
1278 5158 1402 5235 ἐστὶ
1430 5158 1569 5235 κατά
1599 5182 1697 5253 τὴν

129 5247 247 5306 ἰδίαν
274 5256 461 5323 φύσιν.
498 5260 710 5331 ’Ὠσπερ
742 5258 836 5317 οὖν
871 5265 932 5317 οὐ
978 5268 1071 5321 τὸν
1103 5271 1266 5323 αὑτὸν
1292 5273 1494 5343 τρόπον
1524 5275 1573 5325 οἱ
1600 5273 1693 5327 ἄν·

122 5338 314 5409 θρωποι
356 5349 636 5414 κτίζουσιν
677 5354 844 5426 ὅνπερ
885 5358 1082 5429 τρόπον
1108 5364 1135 5413 6
1163 5361 1296 5424 Θεὸς
1328 5338 1525 5428 κτίζει,
1583 5366 1692 5419 οὐδ’

120 5430 276 5499 οὕτως
309 5441 449 5495 εἰσὶν
483 5444 532 5495 οἱ
568 5443 840 5514 ἄνθρωποι
872 5446 1058 5522 ὥσπερ
1092 5452 1239 5504 ἐστὶν
1264 5454 1292 5504 6
1319 5454 1484 5519 Θεός’
1522 5455 1693 5520 οὕτως

120 5523 278 5593 ἄλλως
310 5534 462 5586 ἐστὶν
510 5536 544 5605 ἡ
601 5534 706 5587 τῶν
752 5537 1051 5607 ἀνθρώπων
1113 5542 1345 5609 γένεσις,
1393 5546 1487 5599 καὶ
1519 5546 1691 5611 ἄλλως

1805 5102 2015 5148 natura.
2084 5093 2545 5161 Quemadmodum
2609 5106 2739 5164 ergo
2806 5106 2911 5146 non
2967 5090 3155 5147 eodem
3219 5088 3380 5144 modo

1801 5193 1989 5240 creant
2014 5184 2288 5249 homines,
2313 5200 2420 5255 quo
2447 5185 2587 5240 Deus
2615 5192 2789 5249 creat,
2833 5198 2933 5238 nec
2985 5182 3173 5238 eodem
3218 5178 3380 5233 modo

1802 5285 1926 5331 sunt
1952 5292 2059 5345 quo
2113 5276 2248 5330 ille:
2283 5277 2357 5331 ita
2402 5276 2561 5332 aliter
2608 5283 2969 5346 procreantur
3011 5271 3277 5335 homines,
3319 5278 3375 5333 et

1800 5368 1959 5422 aliter
1980 5368 2150 5423 Filius
2181 5382 2247 5423 ex
2300 5370 2457 5424 Patre
2514 5369 2777 5424 nascitur.
2812 5365 2978 5420 Fetus
3016 5363 3160 5419 enim
3209 5358 3375 5415 homi-

1801 5472 1951 5522 num,
1981 5469 2161 5526 partes
2191 5460 2590 5525 quodammodo
2618 5468 2748 5514 sunt
2774 5454 3142 5527 gignentium',
3175 5449 3374 5519 quich

1800 5561 1920 5602 cum
1953 5565 2051 5605 nec
2089 5550 2201 5620 ipsa
2224 5566 2508 5621 corporum
2534 5557 2722 5604 natura
2750 5546 2975 5615 simplex
3003 5543 3095 5607 sit,
3129 5540 3221 5595 sed
3269 5538 3373 5591 llu-

174 5680 214 5771 f‘
240 5683 395 5771 (Luc;
433 5703 550 5751 xu,
597 5687 825 5771 i7,-_l9.
901 5691 943 5722 ³⁷
977 5691 1162 5747 Matth.
1198 5710 1306 5756 xix,
1350 5697 1441 5752 28.
1522 5698 1566 5735 ³⁸
1597 5698 1715 5755 Matt

1816 5720 1946 5771 xxv,
1996 5704 2085 5759 54.
2162 5704 2208 5737 ³³
2244 5704 2373 5759 iliid.
2408 5704 2499 5758 25.
2582 5700 2626 5731 ⁸ο
2657 5698 2676 5752 1
2707 5696 2833 5752 Cor.
2865 5712 2929 5761 tt,
2958 5696 3045 5750 l5.
3125 5694 3166 5725 δ’
3196 5691 3366 5766 lsa._t.

118 5745 198 5803 ἓξ.
240 5746 243 5751 “
276 5754 322 5784 ⁸³
358 5745 642 5823 ιιυωζπγ,
674 5745 762 5811 l7.

182 5881 288 5954 (et)
333 5886 425 5943 Sic
453 5887 586 5961 Reg.
623 5892 723 5955 Alii
755 5908 879 5953 vero
910 5904 960 5950 cl
990 5896 1137 5961 editi,
1156 5897 1235 5973 μὴ
1262 5900 1354 5951 καὶ
1387 5901 1434 5953 οἱ
1467 5899 1764 5972 ἄνθρωποι.

1862 5902 1973 5974 (65)
2017 5903 2173 5972 Reg”
2201 5902 2320 5956 καθ’
2351 5899 2569 5969 αὐτούς,
2599 5910 2654 5958 et
2684 5900 2840 5974 paulo
2869 5910 3008 5973 post,
3044 5899 3164 5955 καθ’
3190 5894 3367 5957 αὐτόν.
