3978 6498
554 487 659 543 ΗΞ

1124 481 1186 538 5.
1232 481 1616 540 ΔΤΗΑΝΑδΙΙ
1652 482 1812 542 οιιιν.
1856 480 2039 537 PARS
2075 481 2120 536 ι.

2264 480 2635 537 ιιιδτοιιιιιΑ
2672 480 2760 535 ET
2799 479 3219 538 DOCMATICA.

3729 484 3823 539 ιιι

554 621 620 659 xa
666 612 915 681 atqueex
959 601 1215 671 partibus.
1234 602 1558 670 composita.
1598 600 1729 655 Nam
1774 600 2020 656 homines
2057 600 2124 670 gi-

2242 599 2391 652 ἐστὶν
2415 601 2445 651 6
2486 599 2614 662 Υἱὸς
2640 599 2703 652 ἐκ
2734 599 2826 653 τοῦ
2863 600 3092 672 Πατρός.
3115 600 3239 653 Τῶν
3267 599 3367 669 μὲν
3381 597 3513 668 ’γὰρ-
3527 598 3825 670 ἀνθρώπων

552 695 765 763 gnendo
816 694 1071 747 emittunt
1100 708 1163 748 ex
1211 708 1270 749 se
1300 693 1521 762 aliquid,
1557 694 1913 762 quaedamque
1943 708 2131 748 rursus

550 800 619 839 cx
644 785 795 850 cibis,
815 801 947 854 quos
980 786 1266 856 accipiunt,
1283 787 1335 839 in
1368 800 1460 840 eos
1488 785 1756 849 deﬂuunt;
1782 801 1902 857 qua:
1919 786 2130 856 quidem

547 892 714 933 causa
738 888 821 933 est
849 894 952 933 cur
986 879 1276 933 multorum
1311 878 1603 931 liberorum
1641 893 1738 947 pro
1775 886 2017 947 tempore
2041 892 2133 946 pa-

550 979 741 1030 rentes
776 970 925 1025 ﬁant.
955 970 1098 1026 Deus
1123 980 1301 1024 autent
1330 970 1632 1024 individuus
1664 982 1777 1033 est,
1810 987 1873 1025 ac
1906 969 2131 1039 proinde

540 1045 757 1130 ‘tthsque
788 1060 1055 1115 divisione
1082 1060 1321 1129 nihilque
1350 1061 1606 1128 patiendo
1660 1060 1779 1115 Filii
1812 1070 1895 1116 est
1941 1060 2127 1115 Pater.

552 1148 697 1205 Nihil
730 1151 873 1205 enim
896 1166 973 1209 ex,
1005 1166 1063 1206 re
1085 1152 1400 1220 incorporea
1424 1151 1660 1212 ollluere,
1684 1153 1880 1207 nihilve
1909 1154 1961 1206 in
1988 1168 2131 1217 eam,

550 1242 628 1297 uti
657 1243 963 1298 hominibus
985 1244 1203 1309 accidit,
1232 1253 1407 1313 potest
1436 1244 1677 1298 inlinere.
1704 1246 1986 1311 Quocirca,
2008 1260 2129 1298 cum

552 1331 694 1387 Deus
721 1332 792 1386 sit
818 1343 1009 1387 natura
1042 1333 1294 1402 simplex,
1316 1334 1473 1387 unius
1505 1350 1717 1403 quoque
1746 1350 1809 1389 ac
1842 1336 2011 1389 solius
2039 1334 2130 1388 Fi-

551 1423 607 1479 lii
630 1432 712 1479 est
735 1423 920 1478 Pater.
951 1424 1157 1482 [dcimo
1173 1426 1316 1481 enim
1346 1436 1400 1480 et
1428 1427 1733 1497 unigenitns
1760 1435 1864 1488 est,
1899 1436 1951 1480 et
1977 1428 2124 1483 solus

548 1515 707 1569 estin
750 1516 872 1569 sinu
926 1515 1123 1579 Patris,
1170 1531 1412 1585 eumque
1460 1518 1633 1571 solum
1686 1533 1749 1570 ex
1807 1518 1982 1584 seipso
2010 1533 2131 1572 esse

549 1615 738 1674 aperte
785 1605 946 1660 Pater
992 1608 1234 1663 declarat
1278 1608 1365 1663 his
1421 1609 1597 1663 verbis
1638 1625 1665 1660 ιη
1692 1607 1793 1661 llic
1830 1619 1904 1662 est
1950 1607 2123 1663 Filius

550 1711 694 1749 meus
724 1696 980 1761 dilectus,
1009 1700 1064 1752 in
1105 1716 1206 1769 quo
1262 1700 1390 1754 milii
1428 1701 1720 1768 complacui
1753 1701 1819 1754 “.
1872 1700 1993 1771 Ipse
2044 1711 2129 1757 est

553 1786 788 1840 Verbum
820 1786 1027 1853 Patris,
1067 1804 1223 1858 quem
1281 1790 1505 1857 proinde
1531 1799 1590 1845 ut
1614 1789 1827 1846 Patrem
1858 1807 1959 1848 nec
1996 1794 2124 1863 quid

550 1878 659 1946 pati
687 1894 788 1933 nec
816 1878 983 1934 dividi
1008 1895 1167 1949 posse
1200 1880 1606 1951 intelligendum
1632 1892 1750 1949 est;
1776 1884 1971 1955 quippe
2004 1900 2124 1939 cum

2236 687 2307 740 τὰ
2334 684 2664 758 γεννήματα,
2697 689 2834 760 μέρη
2866 705 2981 752 πως
3012 689 3118 742 τῶν
3146 688 3463 758 γεννώντων
3520 693 3681 755 εἰσὶν,
3713 694 3825 745 ἐπεὶ

2238 782 2335 847 καὶ
2368 780 2506 853 αὐτὴ
2555 781 2665 853 (66)
2698 782 2804 836 τῶν
2836 787 3103 853 σωμάτων
3158 786 3201 855 ἡ
3230 782 3392 853 φύσις
3425 784 3526 854 οὐχ
3560 785 3709 855 ἁπλῆ
3750 787 3825 848 τίς

2240 873 2411 936 ἐστιν,
2442 872 2579 927 ἀλλὰ
2606 873 2825 945 ρευστὴ,
2859 876 2953 929 καὶ
2975 875 3038 927 ὲκ
3066 875 3246 945 μερῶν
3280 876 3393 945 ἔχει
3416 877 3518 946 τὴν
3548 876 3822 929 σύνθεσιν·

2239 965 2570 1036 ἀπορρέουσι
2601 983 2660 1018 τε
2691 966 2967 1037 ἄνθρωποι
3012 967 3328 1033 γεννῶντες,
3358 970 3453 1021 καὶ
3484 968 3651 1021 πάλιν
3683 969 3829 1037 amp-

2240 1056 2326 1124 ῥεῖ
2356 1054 2515 1107 τὰνὲκ
2550 1053 2658 1107 τῶν
2692 1054 2910 1125 τροφῶν
2947 1058 3027 1117 εἰς
3050 1057 3247 1119 αὐτοὺς
3272 1056 3641 1127 εἰσαγόμενα·
3668 1056 3734 1108 δι’
3771 1057 3826 1127 ἦν

2240 1144 2546 1198 αἰτίανκαὶ
2579 1144 2789 1197 πολλῶν
2829 1145 2971 1198 κατὰ
3004 1147 3192 1217 καιρὸν
3215 1147 3421 1199 τέκνων
3452 1148 3699 1215 γίνονται
3732 1166 3829 1200 tra—

2236 1235 2395 1307 τέρες
2427 1237 2475 1288 οἱ
2515 1234 2823 1306 ἄνθρωποι.
2887 1236 2917 1287 6
2971 1234 3028 1286 δὲ
3076 1235 3231 1299 Θεὸς,
3264 1236 3478 1306 ἀμερὴς
3510 1237 3610 1301 ὣν,
3644 1238 3830 1308 ἀμερέέ

2240 1344 2381 1390 στως
2414 1327 2529 1379 ἐστὶ
2570 1327 2662 1379 καὶ
2705 1325 2921 1397 ἀπαθὴς
2970 1326 3064 1379 τοῦ
3107 1325 3251 1385 ΥἱοῖιΔ
3281 1329 3493 1398 Πατήρ.
3543 1327 3684 1381 Οὔτε
3728 1329 3829 1400 γὰρ

2237 1420 2481 1491 ἀπορροὴ
2528 1418 2949 1489 τοῦμὰσωμάτου
2982 1419 3150 1483 ἐστὶν,
3200 1418 3312 1472 οὔτ’
3346 1421 3585 1491 ὲπιρῤοή
3629 1438 3715 1484 τις
3754 1424 3831 1485 εἰς

2236 1512 2398 1564 αὐτὸν
2429 1512 2658 1578 γίνεται,
2691 1511 2765 1573 ὼς
2793 1511 2881 1563 ἐπ’
2915 1510 3235 1581 ἀνθρώπων.
3274 1511 3509 1582 Ἀπλοῦς
3543 1512 3603 1565 δὲ
3634 1512 3709 1565 ὣν
3736 1512 3829 1583 τὴν

2238 1602 2419 1673 φύσει,
2448 1602 2567 1665 ἑνὸς
2598 1603 2701 1654 mi;
2726 1602 2889 1672 μόνου
2914 1602 3004 1657 τοῦ
3033 1603 3160 1655 Υἱοῦ
3186 1604 3378 1674 Πατήρ
3406 1607 3525 1657 ἐστι
3550 1621 3564 1634 ⁸
3595 1604 3684 1658 διὰ
3712 1606 3836 1659 τοῦ)

2234 1712 2294 1747 το
2319 1695 2427 1765 γὰρ
2451 1698 2551 1749 καὶ
2574 1699 2874 1769 μονογενής
2903 1700 3037 1763 ἐστι,
3069 1700 3162 1750 καὶ
3182 1700 3345 1771 μόνος
3376 1701 3434 1752 ἐν
3456 1704 3576 1764 τοῖς
3610 1701 3831 1764 κόλποις

2233 1785 2327 1839 τοῦ
2349 1788 2560 1859 Πατρός
2588 1791 2725 1851 ἐστι,
2755 1790 2915 1859 μόνον
2950 1808 3010 1843 τε
3042 1792 3203 1845 αὐτὸν
3240 1791 3300 1857 ἐξ
3323 1793 3522 1845 ἑαυτοῦ
3555 1793 3831 1847 δείκνυσιν

2234 1879 2262 1929 6
2290 1877 2479 1949 Πατὴρ
2498 1878 2671 1947 λέγων
2694 1896 2707 1909 ’
2754 1875 2941 1945 Οὗτός
2962 1880 3134 1935 ἐστιν
3162 1885 3195 1935 ὁ
3224 1884 3359 1947 Υἱός
3380 1900 3503 1951 μου
3526 1886 3562 1935 ό
3600 1884 3829 1951 ἀγαπη-

550 1966 650 2034 ipsi
682 1966 844 2023 etiam
879 1969 1127 2027 homines
1156 1970 1432 2039 proprium
1468 1971 1692 2027 verbum
1737 1973 1877 2027 citra
1908 1974 2124 2028 divisio-

2232 1969 2353 2035 τὸς,
2388 1970 2457 2023 ἐν
2481 1963 2530 2035 ᾧ
2568 1970 2899 2039 ηὐδόκησα.
2938 1972 3109 2042 Λόγος
3138 1974 3193 2026 δέ
3224 1975 3373 2026 ἐστιν
3401 1970 3562 2037 οὗτος
3585 1974 3682 2027 τοῦ
3717 1976 3827 2028 [Ia—

549 2070 672 2111 nem
704 2072 768 2111 ac
794 2057 928 2112 mhil
958 2059 1211 2128 patiendo
1232 2060 1537 2128 producant
1566 2078 1579 2114 :
1613 2060 1783 2115 multo
1826 2062 1986 2132 igitur
2008 2080 2124 2118 ma-

547 2146 630 2216 gis
664 2146 802 2203 Deus
827 2163 983 2203 suum
1019 2148 1261 2215 Verbum
1284 2151 1455 2221 gignit
1481 2152 1688 2220 absque
1720 2152 1828 2207 ulla
1866 2153 2133 2209 divisione

548 2239 792 2311 nihilque
823 2242 1045 2297 omnino
1074 2244 1354 2312 patiendo.
1404 2243 1542 2299 llinc
1574 2260 1706 2301 sane
1738 2245 1856 2316 ipse
1908 2256 1967 2300 nt
2000 2246 2133 2302 Ver-

547 2329 672 2383 bum
704 2330 770 2384 ad
814 2331 1059 2386 dextram
1114 2334 1291 2389 Patris
1320 2335 1507 2403 sedet;
1541 2352 1666 2390 nam
1698 2337 1789 2392 ubi
1821 2347 1905 2393 est
1947 2338 2129 2402 Pater,

550 2422 661 2479 illic
690 2433 744 2478 et
771 2426 889 2494 ejus
927 2425 1163 2482 Verbum
1207 2438 1291 2482 est
1330 2448 1343 2483 :
1374 2445 1471 2483 nos
1500 2441 1705 2498 autem,
1754 2442 2009 2502 tanquam
2046 2448 2131 2488 res

552 2514 732 2584 factae,
778 2533 957 2572 coram
997 2534 1063 2574 eo
1117 2530 1324 2575 stamus
1376 2521 1673 2588 iudicandi.
1713 2523 1805 2577 Ille
1851 2526 2129 2589 adoralur,

549 2609 674 2676 quia
702 2610 959 2665 adorandi
986 2611 1160 2665 Patris
1189 2621 1270 2665 est
1292 2612 1461 2667 [ﬁlius
1481 2629 1616 2669 :-nos
1656 2630 1781 2669 vero
1818 2616 2128 2680 adoramus,

554 2695 836 2752 Dominum
880 2712 1003 2753 eum
1050 2711 1106 2754 et
1154 2700 1318 2754 Dcutn
1374 2703 1712 2769 conﬁtentes,
1751 2705 1871 2773 quin
1925 2704 2141 2759 scilicet.

551 2789 748 2858 creati,
768 2790 1076 2863 diversique
1118 2794 1185 2849 ab
1226 2794 1318 2849 illo
1352 2809 1557 2850 sumus.

621 3066 709 3121 12.
743 3066 874 3134 Quae
913 3083 1035 3123 cum
1067 3070 1139 3124 ita
1190 3071 1322 3140 sint,
1377 3073 1639 3139 sttendat,
1682 3089 1884 3145 qumso,
1908 3075 1998 3145 qui
2030 3092 2122 3131 vo-

548 3159 711 3215 luerit
749 3161 891 3215 inter
920 3160 1063 3227 illos,
1092 3163 1431 3233 essistatque
1459 3165 1653 3235 aliquis
1684 3168 1774 3237 qui
1813 3177 1872 3221 ut
1897 3183 1989 3223 eos
2028 3184 2126 3237 pu-

549 3246 679 3321 dore
712 3250 931 3318 alliciat,
958 3255 1025 3309 ab
1049 3255 1241 3309 iisdem
1264 3257 1609 3332 ‘sciscitetur,
1640 3268 1816 3313 utrum
1843 3258 1921 3314 l'as
1948 3260 2017 3314 sit
2050 3260 2122 3325 id,

547 3332 693 3409 quod
717 3358 780 3395 ex
814 3343 921 3398 Deo
949 3353 1053 3410 est,
1076 3353 1129 3400 et
1156 3347 1406 3415 proprius
1429 3346 1548 3416 ejus
1574 3359 1655 3402 est
1688 3348 1849 3412 fetus,
1868 3363 1935 3403 ex
1961 3351 2127 3405 nihilo

549 3446 671 3487 esse
707 3432 887 3488 dicere
910 3435 933 3488 ?
955 3436 1037 3489 An
1072 3436 1200 3490 item
1253 3437 1428 3505 possit
1479 3437 1561 3492 vel
1588 3438 1761 3494 solum
1795 3439 1847 3492 in
1894 3451 2126 3495 mentem

547 3520 707 3577 alicui
737 3521 943 3588 venire,
976 3525 1029 3579 id
1057 3525 1200 3594 quod
1232 3542 1299 3581 ex
1333 3526 1443 3581 Deo
1487 3535 1592 3594 est,
1627 3528 1801 3583 eidem
1842 3530 2127 3599 accidisse,

549 3613 624 3666 ita
676 3621 735 3668 ut
788 3615 972 3671 dicere
1029 3617 1251 3681 audeat,
1285 3616 1482 3672 Filium
1534 3632 1640 3672 non
1687 3632 1901 3689 semper
1958 3623 2128 3675 esse?

549 3704 753 3777 Nempe
780 3707 868 3762 hic
902 3722 1095 3763 rursus
1129 3708 1406 3763 hominum
1434 3708 1797 3776 cogitationes
1819 3720 2036 3780 superat
2074 3720 2129 3766 et

551 3798 887 3852 transcendit
922 3798 1043 3851 Filii
1080 3799 1385 3867 generatio.
1426 3798 1534 3854 Nos
1582 3801 1729 3857 enim
1784 3802 2124 3871 propriorum

551 3886 785 3939 liiioruut
828 3898 981 3941 certo
1026 3896 1233 3941 tantum
1301 3898 1544 3959 tempore
1602 3900 1781 3959 patres
1821 3890 2122 3958 el'licimnr,

547 3976 749 4044 quippe
787 3977 878 4046 qui
928 3993 1050 4031 cum
1092 3987 1251 4032 antea
1291 3996 1395 4034 non
1454 3996 1721 4047 essemus,
1757 3993 1943 4051 postea
1995 3984 2122 4039 facti

550 4062 809 4118 fuerimus
832 4082 846 4118 :
866 4076 922 4120 at
956 4065 1122 4133 Deus,
1150 4082 1272 4122 cum
1304 4084 1519 4137 semper
1547 4071 1638 4134 sit,
1668 4086 1883 4141 semper
1913 4087 2127 4143 quoque

546 4163 629 4207 est
668 4150 790 4213 Filii
836 4155 1015 4211 Pater.
1065 4157 1207 4213 Sane
1246 4173 1425 4213 rerum
1499 4170 1803 4216 creatarum
1850 4165 2125 4228 generatio

551 4243 711 4314 172
739 4260 802 4299 ex
835 4246 1189 4303 similitudine
1214 4252 1561 4317 cognoscitur
1601 4270 1616 4307 :
1643 4255 1768 4322 quia
1802 4268 1930 4308 vero
1956 4254 2123 4310 Nemo

547 4336 687 4389 norit
716 4333 913 4390 Filium
944 4338 1044 4391 nisi
1070 4336 1247 4402 Pater,
1276 4356 1437 4410 neque
1465 4338 1681 4396 Putrem
1715 4347 1835 4412 quis
1854 4346 1990 4399 novit
2022 4347 2124 4400 nisi

545 4423 743 4491 Filius,
781 4437 830 4483 et
876 4431 963 4483 cui
1016 4429 1191 4485 Filius
1243 4434 1539 4487 revelat-erit
1566 4435 1612 4467 ιδ
1646 4454 1659 4490 :
1695 4436 1901 4491 idcirco
1948 4439 2120 4492 sancti

542 4520 738 4586 quibus
770 4522 819 4576 id
852 4522 1017 4579 Filius
1066 4525 1338 4588 revelavit,
1390 4528 1678 4594 imaginem
1720 4532 2012 4596 quamdam
2057 4545 2120 4583 ex

544 4610 706 4667 rebus
752 4615 1174 4683 aspectabilibus
1230 4618 1385 4673 nobis
1430 4620 1735 4687 huiusmodi
1778 4621 1957 4675 verbis
2006 4622 2123 4675 reli-

541 4713 773 4770 quernnt
804 4723 817 4758 :
848 4705 952 4770 Qui
974 4722 1092 4759 cum
1117 4710 1185 4761 sit
1218 4708 1464 4776 splendor
1485 4710 1688 4777 glorier,
1724 4722 1771 4765 et
1802 4712 1974 4781 ﬁgura
1996 4714 2121 4766 sub-

2148 4672 2198 4731 D

2230 2061 2376 2132 τρὸς,
2415 2063 2471 2114 ἐν
2502 2055 2545 2130 ᾧ
2583 2063 2649 2115 τὰ
2673 2062 2881 2126 ἀπαθὲς
2914 2065 3021 2117 καὶ
3057 2064 3261 2134 ἀμερὲς
3293 2064 3387 2117 τοῦ
3430 2066 3660 2136 Πατρὸς
3690 2070 3827 2120 νοεῖν

2230 2153 2452 2207 δυνατόν
2474 2193 2487 2205 .
2519 2155 2689 2223 Λόγος
2717 2155 2826 2225 γὰρ
2852 2157 2975 2209 οὐδὲ
3006 2158 3034 2209 6
3060 2157 3167 2212 τῶν
3197 2157 3508 2230 ἀνθρώπων
3539 2160 3686 2212 κατὰ
3723 2161 3827 2214 πά-

2231 2244 2321 2307 θος
2346 2246 2440 2298 καὶ
2471 2246 2634 2316 μέρος
2657 2249 2946 2314 γεννᾶται·
2983 2250 3111 2319 μήτι
3136 2266 3198 2317 γε
3220 2251 3248 2302 6
3280 2251 3374 2304 τοῦ
3403 2251 3567 2305 Θεοῦ.
3614 2253 3707 2305 Διὸ
3736 2255 3825 2307 καὶ

2230 2335 2530 2401 καθέζεται
2552 2338 2649 2409 μὲν
2700 2340 2859 2403 αὐτὸς
2891 2343 2949 2394 ὲν
2971 2340 3121 2413 δεξιᾷ
3151 2342 3243 2396 τοῦ
3269 2345 3486 2415 Πατρός
3512 2345 3593 2408 ὼς
3616 2346 3787 2413 Λόγος
3808 2364 3820 2376 ⁸

2229 2427 2356 2481 ἔνθα
2412 2430 2520 2500 γάρ
2565 2433 2711 2483 ἐστιν
2760 2434 2787 2484 6
2814 2433 3024 2505 Πατὴρ,
3070 2416 3187 2488 ἐκεῖ
3224 2436 3323 2487 καὶ
3369 2438 3397 2487 ό
3425 2437 3621 2489 τούτου
3660 2438 3839 2505 Λόγος

2233 2520 2380 2571 ἐστίν
2401 2536 2413 2549 ·
2445 2521 2604 2590 ἡμεῖς
2632 2521 2688 2573 δὲ
2730 2524 3003 2593 στήκομεν
3035 2525 3345 2595 κρινόμενοι
3378 2526 3510 2596 παρ’
3542 2526 3718 2595 αὐτῷ,
3752 2527 3824 2589 ὡς

2233 2606 2514 2676 ποιήματα
2537 2624 2550 2636 ο
2598 2608 2693 2661 κα)⁵
2725 2613 3111 2679 προσκυνεῖται
3144 2613 3242 2681 μὲν
3276 2613 3440 2677 αὐτὸς
3475 2613 3567 2668 διὰ
3602 2616 3665 2668 τὸ
3686 2611 3837 2669 εἶναι

2229 2697 2392 2750 αὐτὸν
2422 2698 2548 2750 Υἱὸν
2577 2698 2671 2751 τοῦ
2694 2702 3069 2773 προσκυνητοῦ
3093 2703 3304 2774 Πατρός
3325 2720 3338 2734 ο
3376 2706 3544 2775 ἡμεῖς
3572 2706 3629 2758 δὲ
3661 2722 3823 2776 προσ-

2230 2789 2517 2859 κυνοῦμεν,
2553 2789 2755 2861 Κύριον
2795 2792 2889 2845 καὶ
2917 2792 3047 2846 Θεὸν
3068 2794 3229 2847 αὐτὸν
3255 2794 3366 2865 (67)
3405 2795 3819 2866 ὁμολογοῦντες.

2228 2880 2315 2934 διὰ
2363 2881 2425 2933 τὸ
2455 2875 2593 2933 εἶναι
2630 2882 2780 2952 ἡμᾶς
2812 2882 3107 2953 κτίσματα,
3135 2886 3229 2937 καὶ
3276 2884 3474 2949 ἄλλους
3512 2888 3645 2958 παρ’
3680 2888 3818 2968 ὲκεῖς

2230 2991 2338 3028 νον.

2305 3068 2386 3124 ιε.
2428 3067 2643 3122 Τούτων
2687 3068 2744 3121 δὲ
2791 3068 2963 3133 οὕτως
3000 3070 3187 3134 ὄντων,
3234 3074 3511 3125 σκοπείτω
3560 3074 3745 3126 λοιπὸν
3792 3075 3827 3124 6'

2231 3159 2551 3231 βουλόμενος
2590 3159 2787 3225 αὐτῶν,
2842 3161 2940 3215 καὶ
2984 3162 3224 3230 γενέσθω
3265 3181 3349 3227 τις
3398 3165 3604 3228 αὐτοὺς
3636 3166 3816 3236 ὲντρέδ

2229 3268 2344 3303 πων
2363 3268 2376 3281 ο
2415 3254 2462 3304 εἰ
2490 3252 2550 3304 τὸ
2590 3254 2653 3304 ἐκ
2678 3251 2773 3304 τοῦ
2803 3252 2939 3306 Θεοῦ
2974 3254 3067 3307 κα).
3095 3254 3227 3308 ἴδιον
3260 3255 3424 3308 αὑτοῦ
3454 3257 3701 3327 γέννημα
3734 3256 3819 3309 θέλ

2232 3359 2321 3413 μις
2343 3345 2514 3397 εἰπεῖν
2539 3344 2598 3409 ἐξ
2624 3344 2733 3397 013x—
2744 3344 2931 3408 ὄντων,
2963 3345 2996 3415 ἢ
3026 3344 3183 3413 λόγον
3213 3346 3326 3417 ἔχει
3353 3346 3456 3400 κᾶν
3483 3350 3565 3411 εἰς
3592 3348 3818 3417 ἐνθυμη-

2231 3431 2313 3485 σέν
2343 3449 2485 3495 τινος
2517 3432 2653 3496 ὅλως
2685 3434 2881 3498 ἐλθεῖν,
2910 3435 2992 3487 ὅτι
3032 3434 3095 3487 τὸ
3126 3436 3191 3487 ὲκ
3228 3436 3322 3489 τοῦ
3351 3435 3488 3489 Θεοῦ
3518 3437 3816 3508 ὲπισυμβέέ

2228 3522 2395 3594 σηκεν
2426 3524 2593 3594 αὐτῷ,
2629 3525 2715 3576 ἵνα
2772 3526 2867 3579 καὶ
2913 3525 3189 3596 τολμήσας
3243 3526 3396 3598 εἴπῃ,
3426 3528 3511 3580 ὅτι
3540 3529 3643 3580 οὐκ
3672 3529 3813 3580 ἐστιν

2228 3615 2317 3667 ἀεὶ
2361 3617 2389 3666 6
2420 3614 2578 3678 Υἱός;
2612 3616 2707 3668 καὶ¹
2740 3616 2848 3686 γὰρ
2877 3617 2934 3668 ὲν
2990 3615 3166 3686 τούτῳ
3193 3617 3353 3671 πάλιν
3381 3617 3482 3681 τὰς
3516 3618 3814 3689 ἀνθρώπων

2227 3705 2433 3769 ἑννοίας
2460 3704 2791 3777 ὑπερεξῆλθε
2821 3707 2915 3760 καὶ
2944 3707 3423 3777 ὑπεμναὸέϐηκεν
3471 3711 3513 3778 ἡ
3552 3708 3647 3762 τοῦ
3682 3708 3823 3760 Υἱοῦ“

2226 3798 2497 3869 γέννησις.
2542 3798 2731 3869 Ἡμεῖς
2761 3797 2994 3869 μὲνγὰρ
3026 3797 3134 3851 τῶν
3156 3798 3301 3852 ἰδίων
3323 3799 3533 3853 τέκνων
3556 3801 3613 3852 ὲν
3641 3799 3825 3869 χρόνῳ

2225 3889 2490 3959 γινόμεθα
2524 3889 2779 3961 πατέρες,
2812 3889 2934 3942 ἐπεὶ
2970 3890 3062 3943 καὶ
3088 3890 3261 3954 αὐτοὶ,
3296 3891 3398 3943 οὐκ
3431 3890 3584 3956 ὄντες
3620 3891 3809 3960 πρότε-

2229 4001 2341 4055 ρον,
2373 3982 2597 4053 ὕστερον
2644 3983 2948 4052 γεγόναμεν
2968 3999 2980 4012 ·
3017 3985 3045 4035 6
3076 3983 3131 4035 δὲ
3160 3982 3313 4045 Θεὸς,
3350 3983 3440 4035 ἀεὶ
3472 3982 3571 4044 ὣν,
3601 3984 3685 4035 ἀεὶ
3710 3981 3804 4034 τοῦ

2227 4073 2357 4127 Υἱοῦ
2402 4076 2592 4144 Πατήρ
2644 4075 2777 4126 ἐστι.
2816 4074 2925 4127 Καὶ
2977 4074 3084 4127 τῶν
3134 4073 3235 4143 μὲν
3272 4074 3570 4149 ἡγένεσις,
3606 4078 3667 4128 ὲκ
3697 4074 3803 4126 τῶν

2226 4165 2426 4236 ὁμοίως
2452 4165 2618 4217 ὄντων
2654 4163 2767 4233 ἔχει
2796 4164 2893 4235 τὴν
2919 4165 3101 4218 πίστιν
3126 4166 3358 4235 σ-ὲπειδὴ
3392 4166 3449 4219 δὲ
3482 4166 3691 4231 Οὐδεὶς
3721 4166 3807 4218 οἶ-

2224 4255 2292 4309 δε
2322 4256 2430 4309 τὸν
2467 4254 2600 4308 Υιὸν
2627 4258 2679 4308 εὶ
2698 4254 2783 4324 μὴ
2819 4259 2851 4309 ό
2888 4256 3109 4325 Πατὴρ,
3150 4256 3293 4310 οὐδὲ
3324 4256 3435 4309 τὸν·
3468 4258 3692 4325 Πατέρα
3718 4274 3807 4321 τις

2223 4347 2599 4415 ἐπιγινώσκει
2645 4349 2700 4400 εὶ
2747 4347 2834 4416 μὴ
2870 4351 2901 4400 ό
2943 4347 3093 4412 Υἱὸς,
3143 4348 3244 4400 καὶ
3278 4340 3328 4412 ᾧ
3354 4347 3432 4400 ἂν
3472 4349 3584 4418 (68)
3618 4352 3649 4401 ό
3673 4347 3799 4411 Υἱὸς

2223 4440 2591 4507 ἀποκαλύψῃ
2616 4454 2633 4468 ·
2678 4438 2766 4492 διὰ
2794 4438 2951 4492 τοῦτο
3008 4440 3057 4489 ol
3089 4437 3235 4505 ἅγιοι
3291 4433 3374 4500 οἷς
3406 4438 3748 4505 ἀπεκάλυψεν
3775 4440 3805 4488 6

2226 4528 2373 4590 Υἱὸς,
2404 4529 2586 4581 εἰκόνα
2612 4527 2735 4581 τινὰ
2772 4528 3065 4581 δεδώκασιν
3097 4529 3228 4598 ἡμῖν
3264 4531 3327 4581 ἐκ
3351 4528 3460 4581 τῶν
3493 4528 3799 4599 ὁρωμένων,

2224 4612 2472 4681 λέγοντες
2491 4632 2503 4644 ·
2540 4618 2635 4680 Ὃς
2657 4613 2740 4667 ὢν
2757 4616 3120 4684 ἀπαύγασμα
3152 4614 3263 4683 τῆς
3278 4616 3467 4683 δόξης
3500 4617 3595 4669 καὶ
3622 4633 3800 4685 χαρα-

2224 4706 2371 4773 κτὴρ
2397 4706 2507 4772 τῆς
2532 4705 2925 4772 ὑποστάσεως
2948 4706 3132 4761 αὑτοῦ
3154 4723 3167 4737 ⁸
3199 4710 3297 4760 καὶ
3316 4708 3478 4761 πάλιν
3498 4725 3511 4739 ’
3546 4710 3666 4761 Ὅτι
3692 4724 3802 4759 πα-

541 4794 750 4846 stantiaz
778 4795 889 4863 ejus
919 4796 1005 4862 ⁸¹;
1031 4805 1086 4850 et
1109 4799 1301 4853 iterum
1331 4818 1343 4853 :
1376 4799 1638 4865 Quoniam
1662 4804 1801 4868 apud
1829 4812 1878 4855 te
1898 4811 1974 4855 est
1998 4804 2117 4872 fons

2231 4796 2295 4860 ρὰ
2315 4798 2413 4850 σοὶ
2440 4797 2599 4867 πηγὴ
2628 4796 2795 4865 ζωῆς,
2824 4800 2893 4851 ἐν
2922 4798 3001 4863 τῷ
3024 4800 3183 4866 φωτί
3209 4815 3326 4853 σου
3351 4801 3613 4869 ὀψόμεθα
3637 4797 3763 4867 φῶς
3782 4817 3796 4827 ·

542 4883 683 4947 vitae,
716 4886 772 4937 in
825 4886 1021 4942 lumine
1072 4902 1161 4943 tuo
1204 4892 1487 4946 videbimus
1538 4895 1710 4947 lumen
1763 4895 1824 4946 ⁸⁸.
1885 4894 2114 4949 Verbum

543 4972 672 5027 item
722 4972 971 5032 lsraelem
1013 4981 1324 5050 obiurgans,
1378 4987 1491 5037 ait:
1530 4984 1864 5052 Dereliquisti
1920 4986 2113 5053 fontem

540 5066 813 5132 sapientia:
840 5067 883 5099 δ’
914 5086 927 5133 ;
955 5070 1068 5139 ipse
1094 5086 1255 5140 porro
1288 5085 1369 5129 est
1392 5075 1509 5129 fons
1531 5076 1619 5143 qui
1650 5075 1781 5129 dicit
1807 5094 1819 5128 :
1849 5074 1933 5127 Me
1967 5078 2115 5128 dere‘

541 5156 804 5225 liquerunt
832 5160 1026 5229 fontem
1054 5179 1204 5233 aqua:
1230 5165 1355 5218 vim
1373 5166 1438 5219 ⁴⁵⁸.
1485 5166 1606 5221 Haec
1650 5175 1828 5221 autem
1869 5166 2111 5234 exempla

542 5243 668 5300 licet
706 5246 840 5303 levia
877 5250 987 5305 sint
1013 5253 1300 5307 admodum
1324 5262 1378 5308 et
1403 5254 1632 5309 obscura
1662 5256 1727 5309 ad
1761 5256 1808 5309 id
1840 5257 1982 5324 quod
2016 5273 2114 5309 cu-

540 5335 720 5403 pimus
758 5342 1159 5409 esprimendum
1194 5361 1219 5395 :7
1248 5358 1313 5398 ex
1341 5345 1425 5399 his
1479 5354 1656 5399 tamen
1690 5346 1913 5416 intelligi
1938 5356 2114 5415 potest

542 5427 744 5497 aliquid
774 5432 915 5499 quod
945 5431 1017 5485 sit
1056 5447 1216 5503 supra
1259 5433 1532 5487 hominum
1565 5444 1832 5498 naturam,
1864 5451 1962 5490 nec
1996 5435 2112 5490 Filii

2222 4888 2309 4941 ὅτε
2353 4891 2447 4941 καὶ
2480 4890 2823 4960 μεμφόμενος
2877 4890 2967 4942 τὸν
3024 4890 3241 4960 Ἰσραὴλ
3294 4893 3322 4941 ὀ
3375 4890 3547 4958 Λόγος
3596 4886 3796 4958 φησίν·

2235 4978 2643 5048 Ἐγκατέλιπες
2693 4980 2798 5050 (69)
2835 4980 2947 5048 τὴν
2977 4981 3180 5050 πηγὴν
3221 4980 3330 5046 τῆς
3383 4983 3627 5049 σοφίας·
3652 4977 3797 5049 αὕτη

2218 5070 2275 5123 δέ
2309 5072 2455 5123 ἐστιν
2485 5072 2632 5142 πηγὴ
2664 5073 2696 5141 ή
2719 5071 2948 5139 λέγουσα
2969 5090 2983 5102 ·
3027 5071 3155 5140 Ἐμὲ
3176 5073 3569 5142 ἐγκατέλιπον
3596 5070 3801 5139 πηγήν

2220 5159 2437 5226 ὕδατος
2459 5160 2688 5227 ζῶντος.
2721 5163 2830 5215 Καὶ
2866 5163 3058 5233 μικρὸν
3091 5162 3190 5232 μὲν
3218 5164 3332 5215 ἔστι
3361 5164 3423 5215 τὸ
3456 5163 3799 5234 παράδειγμα

2223 5254 2316 5307 καί
2367 5254 2488 5306 λίαν
2522 5253 2759 5325 ἀμυδρὸν
2815 5254 2951 5324 πρὸς
2978 5254 3039 5307 τὸ
3075 5253 3441 5325 ποθούμενον·
3480 5252 3687 5308 δυνατὸν
3739 5254 3800 5305 δὲ

2221 5346 2370 5415 ὅμως
2408 5345 2468 5407 ἐξ
2509 5344 2670 5398 αὑτοῦ
2698 5346 2857 5399 πλέον
2903 5348 3000 5417 τῆς
3035 5344 3321 5417 ἀνθρώπου
3372 5346 3580 5415 φύσεως
3616 5360 3805 5396 κατα-

2221 5434 2381 5493 νοεῖν,
2408 5432 2497 5484 καί
2551 5433 2623 5503 μὴ
2658 5433 2894 5503 νομίζειν
2929 5433 3048 5503 ἴσην
3073 5431 3169 5502 τὴν
3212 5434 3369 5505 ἡμῶν
3419 5430 3553 5486 εἶναι
3585 5432 3666 5484 καὶ
3688 5431 3801 5498 τὴν

630 5583 650 5614 ³
671 5584 860 5644 Matth.
887 5605 967 5655 ιιι,
998 5592 1081 5644 l7.
1157 5590 1401 5645 “Matth.
1436 5606 1517 5655 ιιι,
1551 5591 1640 5646 27.
1705 5592 1763 5661 ⁸⁵-
1779 5592 1940 5648 Hebr.
1974 5611 2011 5657 ι,
2038 5596 2089 5649 5.
2117 5656 2124 5665 ι

2231 5596 2354 5651 r’s.tl.
2394 5612 2553 5662 xxxv,
2583 5598 2665 5650 10.
2744 5597 2785 5628 ⁵⁷
2816 5597 3042 5652 Bal-nch.
3071 5612 3152 5661 lll,
3194 5599 3279 5651 19..
3350 5598 3596 5651 “Jerem.
3619 5610 3673 5647 ll.
3700 5594 3796 5646 15.

620 5726 730 5798 (66)
772 5730 900 5798 Reg.
913 5770 925 5789 ,
956 5731 1151 5784 αὐτῶν.

621 5796 732 5857 (67)
770 5796 1015 5863 ειυίιρκ.
1046 5802 1145 5852 Alii
1181 5814 1308 5853 vero
1337 5810 1391 5852 et
1420 5800 1545 5853 editi
1587 5800 1749 5852 αὐτόν
1788 5801 2059 5858 omittunt.

619 5864 733 5932 (68)
777 5866 933 5935 Reg"
977 5867 1021 5937 ᾧ
1068 5872 1179 5924 ἐὰν.
1229 5869 1348 5923 Mox
1389 5868 1485 5930 id,
1520 5871 1677 5945 i,piv,
1728 5879 1853 5927 utet
1878 5874 2122 5942 legerunt

2230 5740 2574 5820 interpretes.
2597 5741 2784 5795 Caneri
2816 5748 2869 5820 et
2896 5740 3048 5820 editi,
3080 5740 3232 5820 ὑμῖν,
3254 5811 3284 5820 __
3320 5811 3329 5820 .
3392 5812 3403 5820 _
3578 5807 3621 5820 η

2328 5813 2394 5866 69
2459 5812 2547 5865 Sic
2579 5826 2706 5865 mss.
2750 5821 2800 5863 et
2838 5811 3132 5878 Scriptura.
3191 5811 3352 5875 Editi,
3389 5811 3799 5877 ἐγκατελίπετε.
