3978 6508
186 537 267 596 με
1222 527 1310 584 DE
1349 524 1687 584 DECRETIS
1726 521 2033 581 NICENIE
2075 505 2343 578 SYNOD'.

3298 502 3406 571 us

179 649 255 701 τοῦ
284 645 408 701 Tim?
438 646 711 717 γέννησιν.
766 644 862 710 Τίς
889 644 996 717 γὰρ
1024 644 1246 699 δύναται
1288 647 1388 699 κᾶν
1419 642 1735 713 λογίσασθαι

1848 639 2237 709 generationem
2263 644 2463 689 nostra
2497 644 2619 688 esse
2662 620 3084 697 similemgouis
3128 618 3270 685 enim
3321 633 3406 688 vel

183 741 245 811 μὴ
265 735 399 793 εἶναί
434 755 565 791 ποτε
590 738 651 791 τὸ
682 737 1041 807 ἀπαύγασμα,
1080 737 1166 790 ἵνα
1196 738 1291 791 καὶ
1314 736 1587 806 τολμήσας
1611 731 1738 803 εἴπῃ

183 833 243 904 μὴ
272 829 407 885 εἶναι
435 832 527 884 ἀεὶ
552 832 647 884 τὸν
680 830 828 893 Υἰὸν,
862 830 895 899 ἢ
925 831 1005 882 ὅτι
1034 830 1133 882 οὐκ
1151 824 1220 898 ἦν
1241 830 1269 881 6
1300 827 1428 890 Υἱὸς
1453 827 1582 897 πρὶν
1614 841 1740 893 γεν-

179 921 293 993 νηθῇ
318 938 333 987 ;
361 922 434 974 Ἦ
466 921 553 986 τίς
575 921 757 984 ἰκανὸς
779 920 969 974 διελεῖν
993 920 1100 974 ἀπὸ
1120 920 1213 974 τοῦ
1238 920 1389 991 ἡλίου
1412 917 1473 970 τὸ
1497 917 1740 984 ἀπαύγα-

178 1030 292 1084 σμα,
327 1011 359 1082 ἢ
386 1012 485 1082 τὴν
524 1013 707 1083 πηγὴν
737 1011 1019 1082 ἐπινοῆσαί
1061 1028 1187 1065 me
1217 1014 1317 1081 τῆς
1345 1009 1488 1079 ζωῆς
1512 1008 1736 1077 ἔρημον,

180 1106 248 1157 ἵνα
275 1105 368 1158 καὶ
399 1106 590 1174 μανεὶς
615 1103 766 1177 εἴπῃ,
799 1104 859 1168 ἐξ
894 1104 993 1156 ούκ
1017 1104 1185 1156 ὄντων
1214 1100 1359 1155 ἐστὶν
1391 1104 1419 1154 6
1448 1100 1575 1162 Υἰδς
1602 1103 1629 1152 ὁ
1660 1099 1741 1151 λέ-

128 1198 135 1271 )
178 1215 289 1266 των,
332 1195 475 1267 Ἐ’Τώ
495 1200 614 1267 ειμι
643 1199 681 1265 ἠ
712 1197 845 1265 ζωὴ,
884 1198 917 1269 ἢ
950 1198 1231 1269 ἀλλότριος
1259 1200 1359 1267 τῆς
1398 1195 1492 1248 τοῦ
1526 1193 1739 1264 Πατρὸς

178 1285 364 1349 οὐσίας,
398 1288 428 1338 6
457 1285 654 1353 λέγων,
690 1286 741 1338 '0
779 1287 883 1355 ἐμὲ
928 1286 1199 1354 ἑωρακὼς
1237 1285 1457 1353 ἑώρακε
1489 1285 1594 1337 τὸν
1621 1286 1738 1335 Πα-

132 1366 138 1431 ξ
179 1377 332 1445 τέρας
358 1374 515 1429 Οὕτω
547 1377 658 1447 γὰρ
689 1378 834 1446 ἡμᾶς
856 1378 904 1429 οἰ
931 1377 1073 1445 ἅγιοι
1109 1375 1417 1447 βουλόμενοι
1439 1376 1598 1437 νοεῖν,
1630 1391 1739 1426 τοι·

178 1468 299 1522 αὗται
330 1470 425 1521 καὶ
457 1468 877 1539 παραδείγματα
902 1467 1162 1521 δεδώκασι
1181 1484 1194 1498 °
1227 1468 1320 1520 καὶ
1364 1467 1508 1520 ἔστιν
1540 1465 1737 1520 ἂταπον

180 1560 405 1643 καὶ-λίαν
442 1558 660 1623 ἀσεϐὲς,
706 1558 961 1621 τοιαύτας
994 1558 1224 1629 ἐχούσης
1262 1558 1363 1627 τῆς
1393 1556 1617 1627 Γραφῆς
1638 1555 1737 1618 τὰς

178 1640 393 1731 εἰκόνξξ,
428 1648 495 1711 ἐξ
519 1648 695 1703 ἄλλων
727 1650 873 1719 ἡμᾶς
909 1648 1034 1717 περί
1056 1646 1149 1699 τοῦ
1178 1647 1383 1718 Κυρίου
1410 1645 1737 1699 διανοεῖσθαι

170 1730 438 1810 “eorum
472 1740 892 1810 γεγραμμένων,
942 1741 1080 1811 μήτε
1116 1738 1236 1794 τινὰ
1271 1739 1507 1795 διάνοιαν
1539 1741 1618 1801 εἰς
1649 1740 1738 1792 εύη

179 1829 373 1884 σέϐειαν
400 1830 656 1899 ἑχόντων.

1840 730 2170 795 cogitatione
2196 728 2362 797 lingat
2392 739 2497 779 non
2540 738 2664 781 esse
2704 723 2998 794 aliquando
3044 724 3405 793 splendorem,

1838 828 1898 874 ut
1925 820 2120 873 audeat
2157 817 2508 883 contendere,
2552 831 2659 872 non
2712 830 2932 885 semper
2983 816 3151 871 fuisse
3186 813 3405 885 Filium,

1838 912 1922 967 vel
1951 927 2055 966 non
2091 910 2257 966 fuisse
2275 911 2592 980 priusquam
2626 917 2769 963 esset
2799 908 3055 977 genitus?
3085 908 3191 962 Aut
3223 909 3346 978 quis
3374 923 3407 963 a

1841 1003 1958 1058 sole
1989 1002 2325 1071 splendorem
2352 1001 2651 1069 separabit,
2677 1009 2773 1053 aut
2802 998 3004 1052 fontem
3038 998 3148 1052 vita
3171 998 3411 1066 aliquan-

1838 1093 1908 1145 do
1937 1090 2253 1144 destitutum
2282 1087 2557 1155 cogitabit,
2583 1098 2640 1141 ut
2674 1088 2949 1141 insaniens
2972 1086 3116 1140 dicat
3149 1100 3213 1140 ex
3243 1086 3411 1139 nihilo

1836 1195 1960 1236 esse
1999 1179 2225 1244 Filium,
2252 1178 2343 1245 qui
2375 1178 2487 1246 ipse
2511 1178 2609 1241 ait,
2651 1176 2761 1245 Ego
2795 1192 2911 1230 sum
2938 1177 3041 1228 vita
3064 1178 3134 1240 δ’,
3173 1174 3255 1229 vel
3286 1188 3410 1227 eum

1836 1288 1865 1326 a
1891 1269 2193 1328 substantia
2221 1267 2395 1323 Patris
2422 1282 2544 1322 esse
2585 1269 2876 1327 diversum.
2913 1266 3003 1336 qui
3056 1266 3197 1322 idem
3241 1264 3410 1318 dicit:

1839 1366 1941 1431 Qui
1969 1380 2049 1418 me
2075 1362 2376 1425 aidel,videt
2408 1370 2455 1413 et
2483 1357 2694 1415 Patrem
2722 1358 2811 1410 "‘3
2841 1357 3104 1413 Nimirum
3143 1371 3265 1410 cum
3297 1368 3415 1408 sau-

1837 1457 1908 1513 cti
1944 1456 2060 1511 haec
2103 1469 2202 1509 nos
2228 1453 2304 1507 ita
2336 1451 2635 1521 intelligere
2660 1449 2879 1516 vellent,
2905 1450 3061 1505 nobis
3107 1445 3410 1515 huiusmodi

1836 1542 2079 1615 exempla
2109 1543 2394 1598 tradidere.
2448 1540 2645 1597 Annon
2680 1540 2844 1610 igitur
2872 1539 3164 1594 absurdum
3189 1537 3414 1607 proinde

1836 1635 2101 1704 valdeque
2140 1633 2363 1702 impium
2392 1629 2573 1693 fuerit,
2593 1645 2716 1684 cum
2748 1630 2846 1683 has
2878 1627 3139 1696 imagines
3158 1637 3213 1681 et
3232 1638 3416 1679 exem-

1837 1725 1923 1796 pla
1972 1723 2257 1792 Scriptura
2314 1718 2617 1783 contineat,
2643 1734 2744 1774 nos
2783 1733 2850 1773 ex
2901 1716 3046 1779 aliis,
3084 1728 3207 1783 quae
3238 1727 3415 1781 neque

1837 1817 2039 1885 scripta
2095 1823 2247 1877 sunt,
2295 1825 2473 1881 neque
2524 1810 2591 1864 ad
2643 1810 2900 1879 pietatem
2948 1806 3054 1862 ullo
3103 1805 3261 1859 modo
3290 1819 3416 1872 spe-

1838 1916 2011 1969 ctant,
2052 1903 2264 1958 Domini
2292 1901 2539 1956 notitiam
2564 1899 2839 1967 inquirere
2865 1898 2889 1951 τ

236 1988 315 2042 l3.
346 1988 559 2043 Οὐκοῦν
593 1988 776 2043 λοιπὸν
799 1990 1122 2059 λεγέτωσαν,
1148 1991 1311 2044 πόθεν
1337 1992 1445 2063 ἄρα
1477 1992 1569 2044 καὶ
1595 1985 1737 2049 οὗτοι

1912 2000 1996 2053 l5.
2026 1996 2143 2051 1am
2178 1996 2360 2062 itaque
2399 1994 2763 2062 respondeant
2792 1989 3062 2044 undenam
3106 1989 3307 2056 edocti,
3334 1989 3422 2043 vel

180 2079 446 2151 μαθόντες,
482 2080 515 2150 ἢ
550 2080 694 2143 τίνος
722 2082 903 2146 αὐτοῖς
922 2081 1363 2153 παραδεδωκότος
1396 2081 1527 2151 (70),
1556 2081 1736 2136 τοιαῦ-

176 2187 231 2226 τα
258 2172 381 2242 περί
411 2170 507 2224 τοῦ
546 2172 797 2243 Σωτῆρος
816 2174 1061 2227 ὑπονοεῖν
1087 2172 1347 2245 ἧρξαντο;
1382 2173 1739 2244 ’Ᾱνέγνωμεν,

177 2262 442 2331 φήσουσιν,
477 2263 537 2316 ὲν
584 2265 703 2327 ταῖς
756 2264 1118 2334 Παροιμίαις·
1172 2265 1388 2330 Κύριος
1430 2261 1634 2316 ἔκτισέ
1665 2277 1741 2330 με

175 2350 354 2420 ἀρχὴν
380 2351 539 2407 ὁδῶν
563 2352 750 2408 αὑτοῦ
778 2356 867 2419 εἰς
885 2355 1026 2423 ἔργα
1052 2354 1258 2408 αὑτοῦ.
1294 2354 1403 2409 Καὶ
1435 2353 1542 2424 γὰρ
1573 2355 1668 2407 καὶ
1691 2355 1740 2408 οἰ

176 2444 288 2513 περὶ
318 2444 581 2497 Εὐσέϐιον
614 2443 769 2497 τοῦτο
807 2444 985 2512 λέγειν
1034 2445 1271 2506 ἐδόκουν,
1310 2446 1403 2498 καὶ
1440 2445 1502 2497 σὺ
1529 2446 1586 2501 δὲ
1610 2446 1743 2513 γρά-

176 2551 274 2601 φων
299 2535 596 2606 ἐδήλωσας,
636 2538 717 2590 ὅτι
751 2537 837 2590 διὰ
876 2538 1084 2595 πολλῶν
1114 2539 1212 2608 μὲν
1250 2538 1575 2605 ἀποδείξεων
1609 2540 1743 2595 ἀνα-

173 2626 484 2698 τρεπόμενοι
508 2627 602 2681 καὶ
630 2621 777 2681 οὗτοι
809 2629 1293 2697 κατεγινώσκοντο,
1335 2630 1491 2683 τοῦτο
1519 2631 1575 2684 δὲ
1594 2633 1743 2702 ὅμως

174 2720 307 2773 αὐτοὶ
330 2722 391 2773 τὸ
427 2722 591 2792 ῥητὸν
631 2720 744 2773 ἄνω
787 2721 881 2775 καὶ
918 2722 1068 2777 κάτω
1105 2722 1512 2792 περιφέροντες,
1548 2722 1604 2775 ἒν
1635 2723 1746 2781 τῶν

174 2813 464 2883 κτισμάτων
485 2812 576 2865 τὸν
598 2814 725 2866 Υἰὸν
746 2808 885 2867 εἶναι
908 2812 1114 2881 ἔλεγον,
1134 2814 1226 2865 καὶ
1238 2816 1351 2876 τοῖς
1375 2817 1622 2884 γενητοῖς
1651 2814 1744 2868 αύ-

172 2904 250 2959 τδν
300 2905 687 2976 συνηρίθμων.
735 2904 896 2957 Ἀλλὰ
928 2906 1018 2957 καὶ
1074 2904 1232 2957 τοῦτο
1283 2904 1498 2958 δοκοῦσί
1541 2922 1630 2976 μοι
1668 2906 1746 2976 μὴ

172 2997 465 3066 νενοηκέναι
489 2996 671 3063 καλῶς
690 3014 703 3027 ’
741 2997 852 3067 ἔχει
880 2995 987 3068 γὰρ
1016 2996 1115 3067 τὴν
1157 2996 1392 3050 διάνοιαν
1421 2998 1617 3065 εὐσεϐῆ
1652 2998 1745 3050 καὶ

171 3087 277 3142 λίαν
304 3089 490 3161 ὀρθὴν,
519 3092 587 3161 ἢν
615 3092 663 3143 εἰ
708 3092 802 3147 καὶ
834 3091 989 3147 αὐτοὶ
1030 3092 1399 3163 νενοήκεισαν,
1427 3091 1525 3143 οὐκ
1557 3089 1623 3143 ἂν
1655 3090 1745 3143 τὸν

172 3180 358 3251 Κύριον
386 3183 485 3253 τῆς
512 3182 671 3252 δόξης
693 3181 1141 3254 ἐϐλασφήμησαν.
1178 3181 1260 3235 Τὰ
1288 3181 1399 3253 γὰρ
1419 3182 1746 3254 προειρημέ-

1838 2106 1947 2162 quo
1983 2089 2200 2144 tandem
2234 2087 2344 2141 illis
2386 2084 2633 2139 tradente
2664 2082 2768 2137 ista
2800 2082 2867 2137 de
2920 2080 3206 2136 Salvatore
3244 2081 3420 2149 suspi-

1839 2182 1957 2241 cari
1985 2186 2269 2250 ceperunt
2303 2178 2327 2230 τ
2358 2175 2634 2244 Legimus,
2679 2173 2946 2241 inquient,
2984 2171 3039 2225 in
3070 2170 3376 2225 Proverbiis
3399 2186 3420 2223 :

1841 2274 2099 2329 Dominus
2134 2269 2324 2324 creavit
2350 2284 2432 2321 me
2453 2266 2662 2321 initium
2684 2267 2887 2319 viarum
2921 2279 3139 2317 suarum
3172 2264 3227 2316 in
3261 2278 3422 2328 opera

1840 2379 1937 2418 sua
1964 2362 2031 2416 ".
2067 2358 2288 2414 Scilicet
2320 2357 2373 2412 id
2394 2356 2560 2411 etiam
2592 2353 2915 2410 videbantur
2939 2350 3211 2418 objectare
3247 2350 3421 2405 Euse-

1842 2453 2013 2517 biani,
2049 2450 2350 2519 tuqueipse
2388 2448 2495 2502 tuis
2518 2446 2721 2502 litteris
2750 2444 2881 2499 mibi
2919 2442 3237 2513 signiﬁcasti
3287 2441 3423 2496 istos

1842 2559 2054 2616 quoque
2083 2542 2269 2597 multis
2294 2541 2419 2595 licet
2463 2538 2795 2610 argumentis
2826 2546 3129 2605 prostratos
3154 2543 3209 2590 et
3236 2534 3425 2589 conri-

1841 2648 1981 2702 etos,
2012 2637 2078 2690 ad
2110 2636 2197 2691 illa
2235 2633 2528 2703 Scriptura!
2551 2631 2713 2687 verba
2749 2628 3076 2699 profugisse,
3104 2640 3275 2696 eaque
3304 2641 3425 2679 sur-

1843 2742 1961 2783 sum
2013 2727 2333 2780 deorsumve
2386 2722 2830 2778 circumferentes
2874 2732 3188 2774 asseverare
3229 2714 3428 2769 Filium

1844 2835 2008 2874 unam
2047 2833 2079 2873 e
2110 2820 2274 2874 rebus
2294 2818 2498 2873 creatis
2525 2832 2666 2880 esse,
2696 2828 2931 2883 eumque
2971 2813 3112 2868 inter
3142 2827 3228 2865 res
3254 2810 3426 2864 factas

1845 2924 2221 2967 annumerare.
2262 2910 2459 2963 Verum
2499 2909 2645 2963 hunc
2679 2907 2971 2975 Scriptura:
2996 2905 3172 2959 locum
3201 2917 3307 2957 non
3340 2916 3429 2955 re-

1844 3012 1931 3059 cte
1986 3002 2117 3058 mihi
2164 3003 2419 3056 videntur
2470 2998 2850 3054 intellexisse:
2896 2994 3161 3065 siquidem
3194 2994 3339 3063 piunt
3369 3001 3426 3045 et

1845 3096 2002 3149 valde
2055 3102 2260 3149 rectum
2289 3091 2531 3147 continet
2564 3103 2807 3153 sensum,
2853 3100 3012 3155 quem
3043 3085 3088 3139 si
3133 3084 3231 3152 ipsi
3269 3080 3431 3137 intel-

1847 3186 2127 3250 lexissent,
2146 3182 2429 3238 Dominum
2459 3180 2643 3250 gloriae
2664 3176 3011 3247 blasphemiis
3045 3188 3150 3229 non
3169 3172 3430 3228 otl’endis-

173 3289 228 3324 να
279 3275 413 3345 πρὸς
470 3274 532 3327 τὸ
591 3274 754 3344 ῥητὸν
798 3273 953 3326 τοῦτο
988 3273 1442 3343 συμϐαλλέτωσαν
1472 3272 1606 3341 (7i),
1650 3271 1743 3325 καὶ

1848 3284 1989 3330 scut.
2026 3273 2158 3328 Nam
2188 3285 2307 3341 qua
2338 3286 2499 3340 supra
2529 3277 2655 3325 sunt
2688 3269 2832 3323 dicta
2868 3281 2998 3322 cum
3026 3265 3128 3320 bac
3155 3264 3427 3319 sententia

171 3362 374 3430 ἅψονται
402 3364 602 3435 πολλὴν
655 3366 713 3416 ὲν
769 3364 949 3428 αὐτοῖς
992 3361 1156 3421 οὖσαν
1192 3365 1289 3434 τὴν
1331 3364 1613 3435 διαφοράν.
1644 3364 1741 3426 Τις

173 3454 271 3525 γὰρ
295 3457 351 3508 ού
387 3458 589 3527 συνορᾷ
620 3456 858 3508 διάνοιαν
895 3456 1033 3526 ἔχων
1062 3456 1247 3527 ὀρθὴν,
1282 3457 1364 3513 ὅτι
1392 3455 1458 3508 τὰ
1495 3455 1593 3525 μὲν
1621 3472 1739 3512 κτι-

174 3544 362 3617 ζόμενα
393 3549 491 3602 καὶ
546 3547 845 3617 ποιούμενα
878 3546 1075 3611 ἔξωθεν
1113 3547 1207 3599 τοῦ
1255 3547 1556 3611 ποιοῦντος,
1612 3548 1642 3599 6
1684 3546 1747 3605 δὲ.

175 3634 310 3699 Υἱὸς,
330 3637 403 3703 ὡς
426 3637 485 3689 ὲν
512 3638 626 3698 τοῖς
666 3636 973 3706 ἔμπροσθεν
1007 3636 1205 3701 ἔδειξεν
1228 3639 1256 3689 6
1280 3637 1457 3706 λόγος,
1481 3637 1582 3691 οὐκ
1609 3636 1743 3702 ἔξωη

176 3730 277 3794 θεν,
306 3730 415 3784 ἀλλ’
444 3732 509 3783 ὲκ
538 3730 633 3783 τοῦ
657 3730 953 3798 γεννῶντος
975 3731 1179 3801 πατρὸς
1206 3730 1604 3802 ὑπάρχει(72);
1634 3731 1744 3784 Καὶ

176 3822 275 3895 γὰρ
299 3822 586 3893 ἄνθρωπος
618 3822 793 3886 κτίζει
828 3822 925 3892 μὲν
959 3822 1157 3885 οἰκίαν,
1199 3824 1366 3893 γεννᾷ
1393 3823 1450 3875 δὲ
1479 3823 1613 3885 υἰδν,
1651 3822 1745 3877 καὶ

175 3913 265 3965 οὐκ
292 3915 353 3969 ἂν
377 3931 462 3980 τις
495 3913 853 3983 ἀναστρέφων
887 3914 1029 3968 εἴποι
1066 3914 1165 3985 τὴν
1195 3914 1293 3984 μὲν
1326 3914 1501 3969 οἰκίαν
1530 3915 1623 3967 καὶ
1645 3913 1750 3985 τὴν

174 4004 297 4057 ναῦν
341 4005 637 4074 γεννᾶσθαι
676 4005 827 4076 παρὰ
856 4005 948 4059 τοῦ
1001 4006 1522 4070 κατασκευάζοντος,
1555 4005 1644 4058 τὸν
1689 4005 1746 4062 δὲ

176 4096 279 4147 υἱὸν
325 4096 610 4161 κτίζεσθαι
646 4096 740 4149 καὶ
772 4095 1017 4150 πτοεῖσθαι
1064 4096 1215 4166 παρὰ
1245 4096 1338 4149 τοῦ
1392 4096 1556 4149 αὐτοῦ
1576 4113 1588 4126 ο
1622 4096 1746 4150 οὐδὲ

177 4186 323 4240 πάλιν
376 4188 477 4261 τὴν
540 4190 640 4258 μὲν
703 4188 881 4241 οἰκίαν
934 4188 1119 4240 εἰκόνα
1169 4188 1261 4240 τοῦ
1305 4187 1611 4253 κτίζοντος,
1653 4188 1746 4241 τὸν

176 4274 229 4328 δὲ
253 4278 359 4331 υἰὸν
384 4278 496 4349 (7⁸5)
520 4279 773 4348 ἀνόμοιον
794 4276 889 4331 τοῦ
916 4277 1215 4345 γεννῶντος
1238 4294 1250 4307 ⁸
1284 4277 1418 4330 ἀλλὰ
1440 4277 1636 4347 μᾶλλον
1658 4278 1748 4332 τὸν

176 4363 279 4435 (74)
307 4368 401 4437 μὲν
435 4368 552 4421 υἰὸν
590 4368 775 4425 εἰκόνα
807 4368 901 4421 τοῦ
933 4367 1139 4439 πατρὸς
1171 4368 1515 4440 ὁμολογήσει,
1557 4368 1655 4439 τὴν
1691 4370 1748 4423 δὲ

180 4454 343 4509 οἰκίαν
377 4456 578 4527 τέχνης
607 4453 744 4509 εἶναι
770 4457 1176 4527 δημιούργημα,
1209 4459 1257 4509 εἰ
1296 4458 1368 4528 μή
1398 4475 1483 4520 τις
1514 4458 1624 4528 ἄρα
1650 4457 1749 4529 τὴν

178 4541 398 4601 διάνοιαν
424 4546 613 4616 νοσοίη
634 4546 730 4600 καὶ
757 4545 855 4610 τὰς
884 4546 1082 4616 φρένας
1103 4545 1524 4617 παρεξεστηκὼς
1547 4547 1750 4616 τυγχά-

1844 3365 2148 3430 conferant,
2178 3369 2612 3431 cognoscentque
2652 3358 2878 3413 multum
2926 3359 2979 3412 in
3011 3356 3118 3411 illis
3149 3369 3271 3409 esse
3310 3353 3431 3408 dis-

1842 3455 2109 3512 criminis.
2151 3455 2284 3521 Quis
2318 3454 2461 3508 enim
2492 3466 2639 3507 same
2683 3450 2881 3506 mentis
2906 3463 3012 3503 non
3060 3446 3310 3513 intelligit
3336 3459 3432 3499 res

1844 3557 2056 3602 creatas
2077 3556 2127 3601 et
2152 3544 2325 3600 factas
2347 3552 2499 3597 extra
2527 3539 2838 3598 ell‘ectorem
2857 3552 3002 3604 esse,
3024 3537 3192 3591 lilium
3220 3544 3424 3596 autem,

1843 3645 1904 3693 ut
1953 3651 2115 3707 supra
2150 3633 2506 3698 ostendimus,
2544 3648 2655 3689 non
2703 3639 2878 3697 extra,
2912 3629 3008 3684 sed
3058 3643 3125 3683 ex
3173 3628 3435 3698 gignente

1846 3736 2000 3798 patre
2031 3723 2341 3782 exsistere?
2368 3722 2571 3793 Nempe
2597 3722 2759 3777 homo
2786 3721 3007 3774 domum
3033 3717 3251 3786 quidem
3297 3728 3433 3770 con-

1845 3818 1947 3881 dit,
1978 3817 2072 3872 sed
2124 3816 2291 3871 ﬁlium
2334 3814 2540 3886 gignit,
2576 3812 2652 3868 ita
2688 3822 2749 3867 ut
2795 3808 3199 3866 nemo‘inverso
3237 3805 3433 3861 ordine

1850 3905 1994 3961 ausit
2030 3904 2213 3960 dicere
2236 3904 2457 3959 domum
2484 3912 2541 3959 et
2568 3916 2759 3958 narem
2788 3899 2858 3955 ab
2885 3900 3217 3956 aediﬁcatore
3250 3898 3424 3969 gigni,

1847 3996 2013 4051 lilium
2047 4004 2227 4052 autem
2256 3996 2326 4051 ab
2355 3996 2542 4074 eodem
2579 3994 2737 4049 condi
2778 4002 2833 4049 et
2862 3993 2978 4048 ﬁeri
3002 4009 3019 4057 ;
3047 4005 3148 4048 nec
3177 3992 3305 4048 item
3332 3990 3435 4045 do-

1847 4102 2018 4152 mum,
2043 4085 2388 4142 aediﬁcatoris
2440 4068 2731 4155 insiginens
2780 4098 2923 4149 esse,
2955 4082 3124 4138 ﬁlium
3152 4096 3285 4136 vero
3304 4094 3433 4136 esse-

1848 4176 2109 4246 genitoris
2134 4174 2492 4232 dissimilem:
2529 4172 2625 4228 sed
2648 4174 2841 4241 .potius
2888 4171 3061 4225 ﬁlium
3098 4184 3219 4225 esse
3255 4168 3433 4237 patris

1850 4267 2161 4337 imaginem,
2194 4274 2251 4322 et
2275 4266 2493 4320 domum
2521 4264 2657 4318 artis
2678 4276 2813 4331 opus
2840 4260 3120 4324 fatebitur,
3150 4260 3249 4313 nisi
3290 4259 3426 4313 forte

1848 4356 1971 4426 quis
2015 4365 2195 4411 mente
2240 4356 2311 4410 sit
2353 4364 2545 4425 captus
2590 4367 2656 4408 ac
2701 4353 2917 4408 deliret.
2946 4340 3196 4407 Proiecto
3242 4349 3431 4406 divina

1852 4446 2157 4514 Scriptura,
2196 4459 2316 4514 qua:
2340 4458 2520 4499 rerum
2548 4441 2787 4496 omnium
2827 4449 3074 4496 naturam
3113 4439 3269 4507 longe
3305 4452 3425 4491 me-

1858 4535 1964 4590 lius
1986 4534 2237 4590 omnibus
2258 4534 2555 4602 cognoscit,
2578 4533 2648 4588 de
2670 4534 2831 4588 rebus
2851 4530 3049 4586 creatis
3076 4544 3171 4599 per
3186 4528 3424 4597 Moysem

181 4649 254 4684 νοι
274 4632 402 4703 (75).
450 4632 668 4704 ’Δμέλει
692 4634 905 4687 πάντων
936 4634 1132 4704 μᾶλλον
1165 4637 1198 4704 ἡ
1221 4634 1345 4691 θεία
1368 4634 1556 4707 Γραφὴ
1588 4634 1743 4703 γινώ-

1851 4629 1964 4682 haec
2002 4626 2077 4679 ait
2104 4637 2119 4677 :
2150 4624 2216 4680 In
2247 4626 2502 4693 principio
2522 4623 2644 4693 fecit
2672 4623 2815 4677 Deus
2842 4620 3030 4675 calum
3058 4629 3105 4673 et
3140 4629 3336 4673 terram
3353 4618 3423 4667 ἰ.

182 4736 371 4777 σκουσα
402 4725 503 4794 τὴν
554 4724 786 4778 ἑκάστου
827 4724 1007 4793 φύσιν,
1048 4726 1174 4795 περὶ
1219 4726 1316 4795 μὲν
1352 4725 1460 4778 τῶν
1494 4726 1749 4796 κτιζομέ-

181 4826 279 4862 νων
324 4814 408 4867 διὰ
443 4814 723 4878 Μωῡσέως
785 4815 983 4885 φησιν⁸
1038 4816 1133 4867 Ἐν
1182 4814 1338 4883 ἀρχῇ
1381 4816 1670 4882 ἐποίησεν
1717 4819 1750 4870 ό

184 4899 317 4965 Θεὸς
341 4903 445 4955 τὸν
483 4904 746 4973 οὐραγὸν
785 4906 881 4958 καὶ
919 4904 1033 4971 τὴν
1061 4903 1205 4973 γῆν·
1249 4906 1377 4976 περὶ
1407 4906 1463 4959 δὲ
1500 4904 1593 4958 τοῦ
1621 4904 1751 4959 Υἰοῦ

184 4991 275 5058 οὐχ
298 4992 501 5063 ἕτερον,
531 4994 646 5046 ἀλλ’
676 4994 835 5047 αὐτὸν
856 4995 946 5047 τὸν
969 4996 1188 5064 Πατέρα
1214 4996 1465 5065 σημαίνει
1492 4995 1720 5063 λέγοντα
1736 5013 1749 5025 ⁸

193 5081 281 5139 ἐκ
301 5086 555 5152 γαστρὸς
588 5085 699 5152 πρὸ
720 5086 1027 5153 ἐωσφόρου
1051 5085 1353 5154 ἐγέννησά
1381 5104 1456 5141 σε
1475 5104 1487 5117 ·
1522 5085 1615 5139 καὶ
1651 5084 1754 5137 πά-

184 5170 285 5224 λ;ν·
324 5176 451 5242 Υἱός
470 5193 592 5244 μου
625 5172 685 5229 εἴ
706 5175 808 5239 σὺ,
852 5175 967 5243 ἐγὼ
994 5175 1260 5245 σήμερον
1286 5175 1617 5247 γεγέννηκὰ
1645 5188 1719 5228 σε
1737 5196 1751 5208 ·

182 5262 331 5329 αὐτός
368 5284 428 5319 τε
468 5267 600 5336 περί
624 5265 823 5319 ἑαυτοῦ.
843 5269 873 5319 ό
906 5266 1106 5337 Κύριος
1128 5269 1185 5319 ὲν
1209 5269 1535 5340 Παροιμίαις
1569 5266 1716 5335 λέγει
1739 5276 1751 5289 ⁹

252 5402 295 5436 ⁸⁸
317 5402 469 5461 Joan;
506 5418 619 5463 τιν,
650 5403 704 5459 6.
817 5405 864 5436 '°
896 5404 1024 5457 ibid.
1058 5405 1110 5459 9.
1217 5405 1260 5436 ⁵¹
1292 5402 1455 5458 Prov.
1506 5418 1625 5469 vnt,
1654 5402 1747 5458 22.

185 5468 233 5499 "
256 5470 403 5528 Prov.
441 5489 562 5535 vm.
593 5473 687 5531 25.
765 5472 813 5505 "
866 5472 1023 5528 Joan.
1063 5489 1104 5537 ι,
1132 5474 1187 5529 3.

235 5589 357 5674 f7?)
394 5590 481 5645 Sic
511 5591 643 5674 Reg.
673 5590 860 5674 codex.
880 5592 990 5674 Alii
1021 5601 1079 5674 et
1104 5591 1510 5674 editiomittunt
1536 5589 1583 5674 ἢ“
1600 5589 1746 5674 τίνος

188 5659 356 5737 agitet;
377 5659 836 5737 παραδεδωκότος.
878 5660 997 5715 Mox
1031 5660 1170 5717 idem
1208 5660 1339 5731 Reg.
1364 5659 1631 5723 ὑπονοεῖν,
1656 5663 1745 5715 ubi

189 5727 275 5779 alii
300 5741 349 5782 et
379 5727 501 5784 editi
530 5732 689 5783 νοεῖν.

258 5798 358 5868 (7i)
401 5799 489 5853 Sic
515 5798 765 5868 Reg.Alii
790 5814 916 5853 vero
945 5808 999 5853 et
1032 5799 1183 5863 editi,
1209 5800 1289 5861 εἰς
1315 5798 1376 5850 τὺ
1403 5798 1563 5868 ῥητὸν
1594 5797 1749 5852 τοῦτο

196 5866 617 5933 συμϐαλέτωσανζ

264 5936 368 6007 (7η
407 5940 494 5993 Sic
530 5942 660 6007 Reg.
686 5938 753 5991 At
781 5938 868 5992 alii
900 5948 952 5993 et
976 5938 1125 6001 editi,
1159 5937 1363 6005 πατρός
1396 5938 1532 5993 ἐστι.

1853 4718 1930 4773 De
1949 4716 2085 4771 Filio
2110 4726 2289 4770 autem
2322 4730 2430 4770 non
2461 4715 2625 4769 alium
2657 4728 2818 4783 quam
2864 4712 3039 4780 ipsum
3086 4708 3300 4764 Patrem
3328 4710 3425 4761 de-

1855 4810 2024 4866 clarat
2052 4807 2234 4863 dicere
2265 4825 2279 4861 :
2308 4808 2393 4861 Ea:
2439 4814 2588 4860 utero
2613 4814 2734 4858 ante
2782 4802 3061 4871 luciferum
3098 4799 3253 4868 genui
3285 4806 3333 4850 te
3358 4796 3425 4849 ”.

1857 4902 1924 4958 Et
1951 4917 2137 4957 rursus
2160 4919 2175 4955 :
2206 4899 2386 4955 Filius
2419 4915 2564 4954 metu
2588 4914 2641 4954 es
2671 4908 2728 4951 tu
2753 4913 2773 4951 :
2800 4895 2913 4967 Ego
2937 4893 3089 4947 hodie
3114 4892 3269 4962 genui
3292 4903 3341 4944 te
3357 4890 3425 4943 “.

1858 4994 1977 5065 lpse
2012 5009 2227 5064 quoque
2269 4990 2529 5048 Dominus
2553 4992 2620 5046 de
2665 4990 2845 5059 seipse
2875 4988 2926 5042 in
2954 4984 3261 5039 Proverbiis
3301 4982 3377 5035 ait
3410 4998 3425 5035 :

1860 5086 1990 5140 Ante
2033 5101 2210 5140 omnes
2250 5084 2409 5140 colles
2442 5090 2654 5153 generat
2696 5097 2779 5135 nte
2806 5081 2875 5135 ”.
2914 5076 3150 5133 Joannes
3196 5074 3323 5128 item
3364 5072 3433 5125 de

1862 5178 2020 5233 iactis
2048 5187 2102 5231 et
2129 5178 2327 5233 creatis
2349 5178 2508 5232 rebus
2531 5176 2613 5232 sic
2643 5175 2913 5246 loquitur:
2935 5170 3125 5225 Omnia
3147 5182 3234 5234 per
3259 5166 3429 5231 ipsum

1864 5270 2006 5337 facta
2051 5278 2173 5322 sunt
2198 5269 2275 5333 “;
2311 5268 2378 5324 de
2421 5267 2648 5323 Domino
2692 5277 2870 5322 autem
2922 5262 3053 5318 dicit
3081 5278 3094 5313 :
3122 5255 3431 5323 Unigem'tus

1860 5405 2125 5461 "Genes.
2172 5422 2210 5472 ι,
2256 5407 2306 5461 l.
2422 5405 2471 5437 “
2502 5403 2645 5461 Psal.
2702 5417 2810 5465 cxx,
2856 5401 2908 5454 5.
2999 5397 3046 5428 ⁸*
3087 5391 3228 5447 Psal.
3267 5405 3324 5452 II.
3373 5387 3426 5441 7-

1918 5588 2038 5670 375)
2080 5588 2440 5670 “.“IP-Wﬁ'
2487 5582 2762 5670 κτέξεσθ.αι
2802 5580 2902 5670 3”,“
2956 5568 3429 5670 πῗίεέσθαέ.ππῗέῗ

1853 5637 1948 5714 τού
1976 5637 2483 5722 ἆὸτὸξζὸύεὲῑιὲάλὶν
2512 5637 2617 5723 τὴν
2653 5653 2750 5722 μὲν
2769 5648 2954 5723 οἰκίαν
2975 5644 3154 5698 εἰκόνα
3189 5637 3283 5691 τοῦ
3316 5637 3431 5690 κτε-

1856 5729 2058 5793 ξοντος,
2086 5715 2177 5779 τὸν
2198 5727 2254 5780 δὲ
2283 5725 2417 5785 υἰόν,
2451 5715 2800 5793 οιυίέεείευηι
2830 5719 2885 5771 in
2917 5715 3051 5793 Reg.

1954 5782 2057 5864 7ιῖ
2082 5797 2172 5848 Sic
2207 5796 2337 5861 Reg.
2365 5782 2557 5844 caeteri
2585 5800 2760 5845 autem
2789 5798 2839 5843 et
2870 5785 2997 5841 editi
3018 5782 3123 5835 τόν
3154 5784 3428 5834 omtttttnt.

1927 5799 2041 5934 €75)
2082 5864 2236 5933 Reg.,
2277 5860 2549 5930 τυγχάνει.

1952 5860 2041 5935 75)
2082 5864 2236 5933 Reg.,
2277 5860 2549 5930 τυγχάνει.
