3978 6502
162 343 245 397 n9
1191 336 1281 395 DE
1318 296 1659 401 vacamus
1691 336 1994 402 meam
2035 340 2308 404 SYNODI.
3285 339 3410 409 tso'

160 455 244 507 τῶν
283 448 599 519 Ἀρειανῶν.
633 448 741 501 Καὶ
790 446 919 520 γὰρ,
954 441 1030 511 ὡς
1074 449 1103 501 ὀ
1127 447 1330 519 Κύριος
1360 449 1612 517 δέδωκεν,
1664 453 1725 518 ἐξ

1838 472 1952 512 nam
2013 459 2260 516 haeresim
2310 460 2770 530 'proscribendam
2809 478 2823 516 :
2857 463 3126 534 siquidem
3171 429 3409 523 illorum!

160 542 218 601 ὧν
250 542 428 610 ελεγον
474 540 630 594 αὐτοὶ
654 539 1047 611 διηλέγχθησαν
1087 540 1429 605 ἀσεϐοῦντες.
1465 543 1601 614 Φέρε
1652 544 1716 616 δὴ

1836 549 2159 618 impietatem
2191 566 2259 607 ex
2294 552 2533 623 ipsorum
2574 553 2777 617 verbis,
2812 564 2974 623 prout
3007 555 3163 612 nobis
3194 538 3407 628 sauppe-3

160 638 233 691 καὶ
257 636 414 705 ἡμεῖς
436 634 832 715 προτείνωμεν,
857 632 949 685 καὶ
976 632 1371 705 ἀπαιτήσωμεν
1398 633 1491 687 καὶ
1519 634 1716 698 αὐτοὺς

1836 640 2016 695 ditavit
2036 641 2318 709 Dominus,
2347 643 2633 699 manifeste
2659 645 3013 701 ostendimus.
3038 643 3239 703 Verum
3265 628 3407 716 age.i

158 725 528 796 ἀποκρίνασθαι
552 741 567 755 ’
602 723 793 795 καιρὸς
836 724 944 795 γάρ
987 727 1153 793 ἐστιν,
1204 726 1585 797 ἀπορήσαντας
1619 728 1717 780 αὐ-

1835 746 1927 790 tam
1951 747 2051 787 nos
2071 749 2286 804 quoque
2314 749 2706 805 proponamus,
2739 751 2805 792 ac
2834 750 3148 805 responsum
3188 738 3256 795 ab
3283 738 3393 797 illis

157 819 257 880 τοὺς
278 819 331 869 ὲν
364 818 480 878 τοῖς
505 814 675 877 ἰδίοις,
706 815 1006 885 ἐρωτᾶσθαι
1031 814 1215 868 λοιπὸν
1246 817 1373 887 παρ’
1396 816 1552 888 ἡμῶν
1574 833 1586 847 ο
1618 816 1716 870 τά-

1822 823 2059 879 vicissim
2105 825 2405 897 exigamus.
2433 825 2567 881 Cum
2609 828 2758 883 enim
2791 828 2894 898 ipsi
2938 828 2992 883 in
3022 829 3255 899 propriis
3283 830 3391 886 lue-

158 926 211 980 χα
236 908 327 961 κᾶν
361 906 540 970 οὕτως
576 906 935 977 ἐντραπέντες
980 906 1353 976 ἀναϐλέψωσιν
1390 908 1512 962 ὅθεν
1553 910 1716 963 κατέ-

1822 924 1977 971 reant
2006 916 2357 986 argumentis,
2384 931 2515 974 sane
2549 927 2760 990 tempus
2784 929 2866 975 est
2902 929 3013 974 uta
3040 921 3198 976 nobis
3222 902 3393 976 inter-

159 1014 297 1051 πεσαν
320 998 370 1049 oi
402 996 761 1067 κακόφρονες.
792 995 897 1049 Τὸν
928 995 1052 1049 Υίὸν
1077 994 1169 1048 τοῦ
1211 996 1346 1049 θεοῦ
1387 996 1713 1068 μεμαθήκα-

1821 1006 2286 1076 ιιοκεοιοτεΐοιοιο
2325 1022 2518 1077 nempe
2560 1009 2662 1064 hoe
2711 1018 2870 1079 pacto
2918 1008 3161 1067 futurum
3198 1021 3282 1065 est
3331 1020 3392 1067 ut

157 1108 233 1162 μεν
256 1091 317 1142 ἐκ
342 1088 454 1141 τῶν
496 1087 658 1141 θείων
688 1087 940 1159 Γραφῶν,
968 1087 1041 1150 ὼς
1081 1087 1415 1158 προείπομεν
1442 1090 1579 1161 (78),
1615 1089 1714 1144 αὺ-

1836 1099 2143 1153 erubescant
2186 1114 2250 1154 ac
2298 1100 2629 1169 perspiciant
2657 1101 2799 1155 unde
2834 1099 2983 1157 stulti
3016 1101 3128 1156 siut
3153 1094 3407 1170 delapsi.'

154 1180 221 1232 τόν
240 1174 369 1231 εἶναι
402 1178 497 1230 τὸν
527 1178 697 1245 Λόγον
748 1178 843 1231 καὶ
867 1180 965 1246 τὴν
996 1178 1186 1246 σοφίαν
1236 1178 1330 1230 τοῦ
1379 1179 1613 1251 Πατρός.
1654 1181 1711 1234 ὐ

1820 1188 2011 1243 Filium
2044 1187 2161 1251 Dei,
2199 1197 2258 1242 ut
2297 1192 2551 1259 superius
2595 1190 2851 1255 diximus,
2894 1206 2963 1244 ex
3009 1191 3209 1246 divinis
3238 1192 3391 1247 Βατί-

156 1272 232 1340 μὲν
264 1270 369 1341 γὰρ
405 1268 731 1331 Ἀπόστολός
765 1284 896 1338 amat
915 1285 927 1298 '
978 1268 1232 1337 Χριστὸς
1258 1270 1403 1323 Θεοῦ
1434 1269 1707 1340 δύναμις,

1819 1281 1992 1349 pturis
2013 1280 2300 1335 didicimus
2333 1280 2505 1350 ipsum
2540 1296 2662 1338 esse
2694 1281 2929 1336 Verbum
2966 1291 3021 1336 et
3060 1283 3388 1352 sapientiam

151 1364 226 1417 καί
254 1362 397 1416 Θεοῦ
426 1363 619 1431 σοφία
636 1378 648 1391 ·
676 1362 704 1414 ό
722 1360 780 1413 δὲ
811 1359 1084 1431 Ἰωάννης,
1104 1358 1360 1431 εἰρηκώς
1391 1359 1504 1415 Καὶ
1541 1363 1574 1414 ὀ
1600 1361 1711 1415 Λό-

1820 1375 2186 1431 Patris:nsm
2242 1374 2358 1429 haec
2414 1383 2541 1428 sunt
2598 1374 2817 1444 quidem
2883 1376 3125 1444 Apostoli
3175 1375 3386 1434 verba:

151 1476 232 1525 τος
248 1456 401 1525 σὰρξ
426 1454 690 1525 ἐγένετο,
727 1454 1001 1525 ἐπήγαγεν
1030 1452 1192 1516 εὐθύς
1214 1469 1228 1482 ·
1254 1453 1362 1507 Καὶ
1395 1451 1709 1523 ἐθεασάμε-

1818 1466 2065 1521 Christus
2099 1466 2193 1520 Dei
2224 1468 2386 1520 uirtus
2408 1477 2456 1519 et
2487 1464 2581 1520 Dei
2609 1466 2866 1532 sapientia
2887 1466 2955 1518 “.
2985 1466 3219 1521 Joannes
3259 1481 3389 1522 vero

151 1552 206 1603 θα
236 1549 345 1618 τὴν
365 1548 559 1613 δόξαν
586 1545 791 1611 αὑτοῦ,
812 1545 1002 1610 δόξαν
1026 1545 1108 1611 ὡς
1144 1544 1526 1614 Moverer-06¢
1549 1544 1710 1613 παρὰ

1814 1569 2097 1630 postquam
2146 1558 2415 1614 dixisset:
2445 1556 2514 1611 Et
2567 1555 2788 1611 Verbum
2832 1572 2957 1610 caro
2998 1559 3198 1623 [actum
3228 1559 3385 1623 est“,

151 1642 368 1709 Πατρός,
421 1640 664 1709 πλήρης
709 1638 950 1707 χάριτος
988 1636 1086 1691 καὶ
1135 1639 1452 1705 ἀληθείας·
1487 1637 1582 1702 ὼς,
1611 1635 1707 1690 τοῦ

1817 1666 1937 1705 mox
1997 1650 2236 1704 subdidit
2268 1667 2283 1703 :
2314 1646 2381 1702 Et
2437 1649 2662 1703 vidimus
2716 1647 2939 1717 gloriam
2978 1647 3117 1719 ejus,
3165 1648 3388 1717 gloriam

150 1736 293 1804 Λόγου
331 1735 488 1797 όντος
526 1733 848 1805 μονογενοῦς
874 1731 1026 1797 Υίοῦ,
1074 1732 1130 1785 ἐν
1155 1747 1215 1784 τε
1245 1730 1418 1800 τούτῳ
1447 1728 1523 1799 τῷ
1549 1729 1706 1799 Λόγῳ

1815 1741 1963 1805 quasi
1993 1737 2261 1808 Unigeniti
2283 1757 2313 1791 a
2342 1738 2520 1801 Patre,
2536 1739 2746 1806 plenum
2774 1740 2960 1808 gratia
2990 1748 3039 1794 et
3068 1740 3302 1794 ueritatis
3319 1740 3386 1799 ".

149 1828 221 1879 καὶ
246 1830 312 1898 τῇ
340 1826 511 1897 Σοφίᾳ
536 1823 865 1894 γεγενῆσθαι
896 1824 987 1877 τόν
1010 1840 1069 1876 τε
1096 1821 1320 1893 οὐρανὸν
1352 1821 1447 1875 καὶ
1479 1821 1578 1891 τὴν
1608 1820 1712 1889 γῆν

1816 1832 2039 1886 Scilicet
2083 1846 2203 1885 cum
2233 1829 2469 1885 Verbum
2501 1831 2572 1885 sit
2609 1832 2919 1900 unigenitus
2962 1832 3153 1897 Filius,
3192 1833 3244 1886 in
3277 1835 3385 1889 hoc

149 1920 221 1972 καὶ
251 1920 426 1972 πάντα
450 1920 520 1971 τὰ
549 1920 607 1971 ὲν
641 1919 843 1981 αὐτοῖς.
881 1917 990 1969 Καὶ
1020 1914 1225 1986 ταύτης
1254 1914 1353 1985 τῆς
1381 1914 1572 1981 σοφίας
1604 1929 1708 1983 πη-

1815 1923 1987 1977 Verbo
2021 1932 2075 1977 et
2099 1922 2375 1992 Sapientia
2409 1921 2535 1976 facti
2562 1930 2690 1976 sunt
2712 1921 2832 1977 cteli
2858 1931 2914 1976 et
2942 1932 3087 1977 terra
3116 1938 3179 1976 ac
3207 1923 3386 1978 omnia

148 2012 225 2082 γὴν
250 2007 385 2064 εἶναι
410 2010 503 2064 τὸν
536 2010 671 2064 Θεὶν
699 2011 754 2064 ἑν
787 2009 865 2080 τῷ
896 2010 1109 2081 Βαροὺχ
1152 2005 1570 2078 μεμαθήκαμεν,
1614 2006 1706 2057 αἱ-

1813 2029 1929 2081 quae
1956 2012 2008 2066 in
2034 2012 2114 2066 eis
2142 2019 2289 2067 sunt.
2314 2010 2483 2078 llujus
2513 2024 2678 2079 porro
2718 2011 3002 2079 sapientia:
3028 2011 3234 2066 fontem
3261 2028 3384 2067 esse

148 2102 390 2165 ταθέντος
415 2101 511 2154 τοῦ
544 2101 782 2172 Ἰσραὴλ,
811 2101 893 2153 ότι
918 2097 1240 2167 ἐγκατέλιπε
1268 2096 1366 2167 τὴν
1399 2095 1579 2167 πηγὴν
1610 2095 1710 2165 τῆς

1815 2108 1976 2160 Deum
2010 2121 2107 2161 nos
2136 2107 2294 2159 docet
2325 2102 2560 2168 Baruclt,
2592 2103 2681 2158 ubi
2726 2101 2985 2159 videlicet
3038 2104 3386 2171 redarguitur

148 2198 329 2263 σοφίας.
372 2196 434 2247 Ei
459 2194 559 2265 μὲν
602 2189 694 2246 οὖν
722 2191 1008 2265 ἀρνοῦνται
1038 2190 1105 2243 τὰ
1136 2188 1519 2260 γεγραμμένα,
1553 2188 1712 2241 αὑτό-

1814 2198 1972 2251 lsrael
2003 2196 2205 2250 fontem
2239 2194 2518 2264 sapientia:
2540 2192 2894 2263 dereliquisse
2912 2194 2978 2248 “.
3006 2192 3063 2248 Si
3096 2193 3259 2264 174,
3287 2194 3385 2262 ἰιςίο

144 2287 215 2341 θεν
236 2288 499 2358 ἀλλότριοι
528 2285 623 2339 καὶ
645 2283 737 2337 τοῦ
761 2284 1019 2354 ὀνόματος
1062 2281 1212 2343 ὀντες
1230 2319 1244 2342 ,
1279 2280 1495 2343 οἰκείως
1522 2278 1587 2363 ἂν
1614 2297 1711 2333 κα-

1815 2299 1898 2343 tur
1931 2304 1995 2343 ea
2030 2303 2152 2357 quae
2180 2287 2379 2355 scripta
2415 2294 2542 2341 sunt
2578 2299 2781 2352 negare
2808 2285 3076 2340 voluerint
3102 2327 3117 2351 ,
3143 2286 3386 2355 profecto

145 2385 289 2433 λοῖντο
318 2382 409 2433 καὶ
437 2379 593 2451 παρά
625 2380 841 2432 πάντων
878 2368 1032 2432 ἄθεοι
1060 2376 1156 2428 καὶ
1193 2371 1585 2445 χριστομάχοιξ
1614 2373 1709 2426 οῦο

1811 2380 2045 2435 nominis
2081 2394 2189 2448 quo
2234 2377 2623 2447 insigniuntur,
2655 2376 2864 2447 indigni
2926 2385 2982 2431 et
3023 2377 3183 2430 alieni
3227 2376 3382 2440 ﬁttnt,

144 2491 203 2526 τω
226 2474 329 2545 γὰρ
368 2473 599 2535 ἑαυτοὺς
639 2458 997 2540 ἑταονόμέσαν
1049 2468 1143 2521 καὶ
1180 2467 1364 2520 αὑτοίο
1398 2468 1444 2519 εί
1481 2465 1538 2519 δὲ
1586 2458 1709 2519 συν⁶

1816 2472 2132 2542 proprieque
2160 2471 2227 2524 ab
2252 2470 2505 2524 omnibus
2544 2469 2772 2524 vocandi
2813 2478 2940 2523 sunt
2970 2469 3118 2538 impii
3146 2478 3199 2523 et
3230 2469 3387 2524 Citri-

149 2564 480 2634 ομολογοῦσιν
513 2565 645 2633 ἡμῖν
665 2557 801 2615 εἶναι
831 2561 1161 2615 θεόπνευστα
1185 2558 1251 2612 τά
1268 2560 1365 2628 τῆς
1381 2559 1420 2610 Γ
1426 2558 1603 2629 ραφῆς
1618 2558 1711 2629 ρή-

1811 2564 1877 2617 sti
1917 2565 2120 2625 hostes,
2159 2561 2357 2630 quippe
2379 2560 2469 2629 qui
2504 2560 2577 2614 ita
2620 2574 2680 2614 se
2708 2559 2806 2629 ipsi
2834 2559 3259 2613 nominaverint.
3286 2558 3382 2613 Sin

146 2673 289 2723 ματα,
322 2654 752 2725 τολμησάτωσαν
773 2650 1018 2723 φανερῶς
1041 2651 1214 2703 εἰπεῖν
1241 2646 1276 2701 ἃ
1307 2647 1709 2718 κεκρυμμένως

1815 2665 1989 2708 autem
2022 2653 2185 2706 verba
2224 2651 2519 2718 Scriptura:
2553 2646 2736 2702 aﬂlatu
2778 2648 2966 2703 divino
3007 2649 3212 2717 scripta
3261 2663 3386 2703 esse

143 2746 401 2816 φρονοῦσιν
421 2785 435 2809 ,
473 2746 555 2798 ὅτι
590 2744 781 2811 ἄλογος
806 2742 901 2796 καὶ
932 2741 1131 2810 ἄσοφος
1163 2739 1272 2809 (79)
1305 2735 1372 2809 ἦν
1395 2742 1423 2791 ό
1444 2738 1576 2800 θεός
1608 2754 1707 2789 πο-

1815 2742 2088 2797 nobiscum
2144 2742 2512 2803 consentiunt,
2562 2737 2740 2807 palam
2791 2737 3055 2791 audacter
3108 2735 3386 2806 proferant

140 2853 185 2888 τε
205 2877 216 2900 ,
239 2838 329 2890 καὶ
360 2836 626 2907 μανέντες
650 2835 878 2887 εἴπωσιν
904 2850 917 2863 ’
948 2830 1053 2886 τΗν
1081 2833 1170 2885 ὅτε
1194 2832 1294 2884 οὐκ
1323 2826 1390 2901 ἦν
1415 2847 1428 2859 ·
1462 2830 1558 2882 καὶ
1580 2830 1707 2899 πρὶν

1815 2832 1948 2900 quod
1998 2829 2177 2883 abdite
2210 2829 2470 2891 sentiunt,
2515 2840 2709 2896 nempe
2760 2826 2930 2880 Deum
2967 2827 3259 2895 aliquando
3302 2842 3386 2880 ra-

141 2928 459 2998 γεννηθῆναι,
495 2927 596 2980 οὑκ
648 2922 715 2997 ἦν
762 2927 792 2977 ὀ
818 2924 1081 2996 Χριστός⁸
1121 2923 1281 2977 πάλιν
1320 2939 1381 2991 τε
1422 2920 1707 2990 ἀποφηνά-

1815 2924 1972 2979 lionis
2008 2932 2064 2977 et
2093 2921 2372 2991 sapientiae
2400 2919 2569 2974 fuisse
2594 2927 2894 2987 expertem,
2923 2917 3276 2988 furentesquc
3303 2919 3386 2971 die

142 3017 329 3071 σθωσαν
348 3019 445 3088 τὴν
476 3018 660 3088 πηγὴν
679 3017 755 3087 μὴ
786 3016 845 3080 ἐξ
869 3016 1065 3086 ἑαυτῆς
1091 3014 1477 3084 γεγεννηκέναι
1495 3014 1593 3083 τῆν
1621 3030 1708 3066 σο-

1815 3027 1937 3069 cant
1963 3031 1974 3068 :
2011 3013 2133 3067 Fuit
2154 3012 2444 3079 aliquando
2472 3026 2595 3066 cunt
2628 3026 2733 3065 non
2763 3019 2931 3075 esset,
2962 3026 3062 3066 nec
3103 3011 3204 3064 fuit
3231 3010 3386 3064 Clit-i-

140 3110 267 3176 τίαν,
298 3111 410 3163 ἀλλ’
439 3110 641 3174 ἔξωθεν
670 3110 867 3179 ἑαυτῆς
902 3108 1197 3177 κεκτῆσθαι
1235 3106 1457 3177 ταύτην,
1491 3106 1578 3159 ἵνα
1609 3106 1704 3159 καὶ

1811 3118 1923 3162 stus
1957 3107 2264 3175 priusquam
2289 3114 2369 3158 est
2402 3104 2635 3173 genitus.
2674 3103 2974 3156 Praedicent
3000 3103 3131 3156 item
3178 3100 3382 3154 fontem

138 3171 454 3276 τολμήσωσιν
483 3171 665 3257 *εἰπεῖν
683 3221 695 3234 ·
745 3171 834 3267 Ἐξ
873 3204 973 3256 οὐκ
1003 3171 1171 3255 ὄντων
1215 3171 1438 3269 γέγονεν
1477 3200 1506 3250 ὀ
1534 3198 1661 3262 Υἱός
1684 3214 1699 3229 ο

1811 3215 1913 3254 non
1941 3214 2007 3252 ex
2040 3198 2218 3267 seipso
2246 3197 2578 3265 sapientiam
2609 3196 2883 3264 genuisse,
2919 3195 3013 3248 sed
3039 3193 3382 3247 extrinsecus

138 3295 272 3348 τοῦτο
298 3297 401 3368 γὰρ
427 3299 527 3350 οὐκ
552 3294 633 3349 ἔτι
656 3296 837 3367 πηγὴν
869 3294 1070 3365 ταύτην
1101 3292 1388 3355 δείκνυσιν,
1423 3290 1560 3344 ἀλὶὰ
1581 3305 1702 3341 τινα

1809 3305 1922 3345 eam
1951 3289 2225 3354 habuisse,
2257 3299 2317 3342 ut
2350 3296 2406 3342 et
2441 3287 2623 3341 dicere
2670 3286 2904 3340 audeant
2935 3302 2951 3339 :
2982 3284 3059 3338 Ex
3093 3282 3265 3337 nihilo
3295 3281 3380 3334 fa-

140 3382 314 3439 λὰκκον
342 3385 495 3439 ὥσπε
506 3403 536 3457 ρ
568 3384 766 3450 ἔξωθεν
800 3384 941 3456 ὕδωρ
977 3384 1231 3448 λαϐόντα,
1257 3379 1595 3452 κεχρημένον
1625 3377 1703 3448 τῷ

1812 3392 1922 3434 ctus
1946 3390 2031 3433 est
2073 3377 2259 3432 Filius.
2288 3376 2402 3431 lloc
2432 3377 2576 3430 enim
2610 3392 2716 3429 non
2740 3374 2940 3429 fontem
2985 3388 3106 3429 eum
3135 3387 3255 3427 esse
3290 3374 3383 3427 dc-

137 3476 336 3543 ὀνόματι
364 3478 465 3549 τῆς
491 3477 700 3547 πηγῆς.

1808 3479 2089 3537 monstrat,
2132 3470 2227 3525 sed
2275 3468 2563 3537 quemdam
2590 3467 2771 3537 potius
2806 3466 3007 3531 lacum,
3048 3478 3243 3532 aquam
3268 3463 3379 3517 vel-

1803 3567 1878 3617 uti
1919 3564 2262 3618 extrinsecus
2281 3562 2660 3633 excipientem,
2687 3558 2959 3629 fontisque
2987 3572 3181 3613 nomen
3218 3571 3382 3612 usur-

1803 3664 2040 3723 pantetn.

200 3754 273 3808 16.
307 3755 477 3826 Ὅσης
515 3754 616 3825 μὲν
661 3748 754 3807 οῦν
793 3753 1039 3816 ἀσεϐείας
1092 3753 1207 3805 ἐστὶ
1260 3750 1419 3805 τοῦτο
1481 3749 1698 3820 μεστὸν,

1876 3746 1964 3801 16.
2013 3746 2207 3800 Verum
2246 3760 2410 3815 quam
2456 3745 2792 3801 exsecranda
2834 3744 2953 3799 haec
2996 3743 3069 3798 sit
3124 3741 3381 3811 impietas

138 3845 299 3900 οὐδένα
328 3847 435 3900 τῶν
469 3846 576 3899 κᾶν
605 3845 863 3915 βραχεῖαν
896 3844 1146 3914 αἴσθησιν
1172 3843 1403 3913 ἐχόντων
1424 3840 1700 3912 ἀμφιϐάλ-

1808 3843 2078 3912 ambigere
2117 3840 2353 3895 arbitror
2383 3841 2674 3906 neminem,
2710 3838 2802 3908 qui
2838 3837 2923 3893 vel
2972 3836 3183 3892 tantillo
3216 3847 3379 3889 sensu

139 3935 233 3991 λειν
257 3938 493 4009 ἠγοῦμαι
515 3954 530 3967 ·
568 3936 755 4006 ἐπειδὴ
780 3935 837 3988 δὲ
878 3934 1289 4006 τονθορύζοντες
1314 3934 1562 4001 λέγουσιν
1583 3931 1700 3986 ὀνό-

1804 3936 2002 4005 vigeat.
2044 3933 2179 4000 Quia
2225 3942 2407 3987 tamen
2450 3931 2688 3987 Verbum
2736 3940 2792 3986 et
2836 3930 3174 4001 Sapientiam
3227 3946 3374 3983 mera

140 4046 260 4093 pata
288 4031 442 4100 μόνον
500 4024 640 4081 εἶναι
672 4026 764 4080 τοῦ
817 4027 946 4079 Υἰοῦ
985 4026 1155 4095 Λόγος
1179 4027 1271 4079 καὶ
1309 4024 1500 4093 Σοφία,
1527 4025 1699 4092 ἀναγ-

1806 4042 1921 4082 esse
1974 4025 2097 4081 Filii
2153 4024 2374 4078 nomina
2429 4024 2706 4088 dictitant,
2738 4023 2854 4077 haec
2907 4023 2976 4077 ad
3028 4021 3151 4076 illos
3193 4022 3377 4075 dicere

138 4123 266 4173 καῖον
321 4122 601 4192 ἐρωτῆσαι
644 4119 906 4182 τούτους’
947 4120 1013 4171 Ei
1066 4118 1307 4188 ὀνόματα
1364 4117 1524 4187 μόνον
1584 4116 1701 4168 ἐστὶ

1805 4120 1945 4173 haud
1994 4119 2062 4173 ab
2098 4133 2158 4172 re
2186 4117 2351 4172 fuerit
2381 4135 2396 4173 :
2428 4115 2486 4171 Si
2520 4117 2621 4171 ista
2650 4124 2777 4170 sunt
2810 4113 2933 4169 Filii
2975 4114 3241 4166 duntaxat
3278 4126 3375 4164 no-

136 4213 283 4265 ταῦτι
309 4214 401 4266 τοῦ
430 4214 589 4278 Υίοῦ,
618 4210 775 4274 ἄλλος
797 4211 863 4263 ἂν
893 4210 1054 4272 αὐτὸς
1080 4211 1164 4279 εῐη
1193 4208 1346 4279 παρά
1366 4207 1558 4261 ταῦτα.
1590 4208 1700 4261 Καὶ

1801 4214 1968 4277 mina,
2013 4210 2151 4266 alius
2184 4220 2339 4267 certe
2390 4210 2479 4263 ille
2519 4217 2719 4276 praeter
2774 4220 2836 4262 ea
2887 4204 3074 4260 fuerit.
3122 4202 3284 4270 Atqui
3327 4199 3372 4255 si

134 4304 175 4354 εἰ
201 4306 283 4373 μὲν
315 4306 539 4375 βελτίων
574 4304 691 4356 ἐστὶ
719 4302 826 4356 τῶν
863 4304 1162 4374 ὀνομάτων,
1192 4304 1292 4373 οὐχ
1320 4304 1466 4356 ὅσιον
1502 4304 1565 4355 ὲκ
1590 4301 1697 4354 τῶν

1801 4306 1903 4358 illis
1928 4304 2237 4359 nominibus
2260 4303 2328 4358 sit
2355 4301 2724 4371 praestantior,
2756 4298 2836 4352 ias
2868 4313 2974 4351 non
3004 4305 3088 4351 est
3112 4309 3256 4353 eum,
3281 4293 3372 4361 qui

134 4396 405 4451 ἐλαττόνων
433 4398 527 4450 τὴν
564 4395 807 4465 βελτίονα
853 4394 1248 4466 σημαίνεσθαι·
1290 4396 1336 4447 εί
1368 4393 1425 4445 δὲ
1463 4392 1698 4446 ἐλάττων

1803 4395 2145 4464 prtestautior
2187 4396 2280 4458 sit,
2321 4409 2387 4447 ex
2439 4391 2793 4445 inferioribus
2848 4383 3175 4456 signiﬁcari.
3222 4381 3374 4449 Quod

135 4489 234 4541 ἐστὶ
254 4490 353 4541 τῶν
377 4488 685 4559 ὀνομάτων,
724 4487 939 4549 πάντως
972 4486 1084 4555 ἔχει
1117 4485 1211 4537 καὶ
1248 4484 1346 4553 τὴν
1383 4481 1562 4535 αἰτίαν
1593 4480 1693 4551 τῆς

1802 4487 1840 4540 si
1876 4484 2185 4538 nominibus
2228 4481 2450 4536 inferior
2498 4481 2728 4541 dicatur,
2785 4475 3030 4543 profecto
3089 4488 3197 4526 non
3254 4473 3373 4523 sine

134 4582 214 4631 ἐπὶ
237 4584 289 4635 τὸ
312 4583 534 4636 κάλλιον
566 4578 960 4651 προσηγορίας.
990 4576 1161 4630 Τοῦτο
1200 4576 1258 4630 δὲ
1292 4574 1455 4629 πάλιν
1492 4589 1692 4645 προκοι-

1805 4590 1965 4632 causa
2012 4572 2357 4645 praestantius
2403 4586 2598 4626 nomen
2649 4566 2907 4630 obtinuit,
2958 4560 3376 4632 idquersignum

134 4671 227 4740 ττὴν
258 4674 413 4727 αὐτοῦ
440 4672 698 4743 σημαίνει
734 4672 828 4723 καὶ
854 4671 915 4722 οὐ
958 4669 1106 4740 μεῖόν
1138 4671 1255 4721 ἐστι
1280 4667 1388 4720 τῶν
1414 4665 1694 4737 προτέρων

1803 4668 1959 4722 l‘ncrit
1992 4668 2109 4737 ejus
2141 4660 2732 4735 progressionis.Atqui
2767 4661 2882 4713 haec
2912 4658 3163 4727 impietas
3192 4654 3374 4725 priore

135 4764 215 4811 καὶ
262 4765 411 4819 τοῦτο
440 4765 504 4818 τὸ
531 4763 805 4833 ἀσέϐημα.
856 4762 957 4813 Τὸν
990 4759 1097 4830 γὰρ
1122 4762 1179 4813 ὲν
1230 4757 1306 4828 τῷ
1340 4756 1517 4827 Πατρὶ
1543 4755 1694 4821 ὄντα,

1885 4774 1902 4811 ι
1932 4768 2016 4811 cst
2064 4755 2241 4810 minor
2275 4772 2289 4809 :
2315 4753 2581 4822 siquidem
2609 4752 2656 4807 is
2689 4749 2783 4819 qui
2811 4749 2961 4804 illum
2989 4747 3079 4817 qni
3110 4749 3163 4801 in
3216 4744 3379 4800 Patre
3447 4772 3456 4777 -

136 4848 245 4917 ὲνῷ
290 4860 399 4908 καὶί
437 4860 466 4910 ὁ
522 4857 714 4926 Πατήρ
756 4857 892 4917 ἐστι,
940 4853 1029 4905 τὸν
1075 4852 1339 4919 λέγοντα·
1400 4849 1541 4919 Ἐγὼ
1596 4846 1693 4901 καὶ

1800 4857 1900 4911 est,
1934 4847 1985 4899 in
2012 4860 2118 4915 quo
2157 4845 2284 4898 item
2330 4854 2411 4897 est
2440 4840 2619 4907 Pater,
2648 4841 2738 4910 qui
2779 4848 2833 4894 et
2872 4837 3012 4892 idem
3037 4837 3213 4891 dicit:
3257 4833 3371 4905 Ego

133 4947 161 4994 ὁ
194 4946 374 5013 Πατὴρ
415 4946 485 4999 ἓν
512 4925 723 5012 ἑσμεόι,
774 4946 831 4997 ὃν
860 4947 953 4997 καὶ
1002 4946 1030 4997 ὀ
1064 4940 1324 5014 ἑωρακὼς
1352 4942 1564 5013 ἑώρακε
1599 4939 1691 4992 τὸν

1799 4948 1843 4989 et
1870 4934 2031 4988 Pater
2064 4950 2225 4986 unum
2250 4948 2429 4986 sumus
2455 4929 2523 4996 “,
2549 4944 2710 5000 quem
2743 4930 2869 4984 item
2900 4926 2995 4998 qui
3026 4927 3196 4990 videt,
3223 4925 3370 4979 videt

134 5036 348 5109 Πατέρα,
398 5035 689 5107 ὀνομάζειν
720 5036 829 5106 (80)
890 5038 992 5089 ὑπό
1040 5051 1183 5097 τινος
1215 5031 1415 5096 ἔξωθεν
1450 5027 1690 5102 βελτιοῦ-

1796 5042 1839 5081 ct
1875 5026 2089 5080 Patrem
2108 5025 2189 5091 ⁶³;
2218 5024 2330 5093 qui,
2364 5023 2607 5093 inquam,
2652 5020 2799 5076 illum
2837 5033 2896 5074 re
2930 5017 3107 5087 aliqua
3141 5026 3367 5072 externa

133 5124 257 5190 σθαι,
288 5130 462 5182 πᾶσαν
493 5125 820 5198 ὑπερϐάλλει
855 5127 1066 5194 μανίαν.
1116 5122 1277 5176 Ἀλλά
1304 5123 1505 5177 τούτων
1534 5118 1688 5173 ἐκπί-

1802 5118 2073 5173 mcliorcm
2105 5117 2276 5181 reddi,
2317 5116 2466 5169 hisce
2503 5112 2812 5168 nominibus
2844 5110 3140 5184 significari
3196 5118 3373 5178 putat,

132 5231 349 5283 πτοντες,
383 5219 481 5273 καί
526 5216 669 5271 κατά
700 5218 825 5279 τοὺς
881 5216 1007 5286 περὶ
1040 5214 1298 5267 Εὑσέϐιον
1355 5214 1460 5266 ὑπὸ
1486 5210 1687 5280 πολλῆς

1798 5228 1874 5265 na:
1905 5211 1994 5265 ille
2023 5209 2261 5263 omnium
2302 5206 2683 5262 insanissimus
2721 5206 2916 5260 merito
2966 5202 3249 5258 habendus
3281 5200 3369 5253 sit.

129 5312 449 5382 συνεχόμενοι
476 5312 577 5383 τῆς
609 5308 863 5382 ἀπορίαῖ,
894 5310 1068 5360 ἐκεῖνο
1091 5305 1275 5359 λοιπὸν
1310 5305 1523 5375 ἔχουσιν
1552 5303 1686 5356 ὑπο-

1797 5300 1992 5354 Vcrnm
2033 5300 2107 5353 illi
2154 5299 2279 5353 hinc
2321 5312 2535 5367 quoque
2567 5295 2786 5367 dejecti,
2820 5303 2983 5363 atque
3026 5293 3079 5346 in
3104 5305 3368 5346 summas.

129 5400 440 5473 λειπόμενον,
472 5405 501 5457 ὃ
545 5403 642 5456 καὶ
675 5402 732 5454 ὲν
790 5399 1077 5471 ᾁσματίοις
1108 5400 1327 5468 ’Ἄρειος
1378 5397 1471 5451 καὶ
1510 5397 1567 5448 ὲν
1619 5394 1684 5462 τῇ

1801 5403 1852 5448 ut
1891 5391 2200 5458 Eusebiaui,
2233 5388 2455 5446 adducti
2491 5388 2795 5459 angustias,
2828 5387 2891 5439 ad
2924 5383 3053 5437 illud
3098 5389 3372 5452 postremo

196 5569 233 5598 “
266 5570 423 5628 lCor.
451 5587 492 5637 ι,
522 5570 663 5625 24.“
696 5568 852 5624 Joan.
874 5582 912 5633 t,
946 5565 1033 5618 14.
1110 5565 1156 5596 ⁶²
1194 5562 1323 5619 ibid.
1352 5564 1441 5621 l5.
1519 5559 1564 5591 ⁸³
1593 5559 1764 5613 Baruc

1532 5559 1564 5591 ⁵³
1593 5556 1821 5613 Barttclt.
1862 5571 1946 5620 ttt,
1982 5553 2071 5608 12.
2148 5554 2195 5585 ⁸⁸
2216 5553 2372 5627 Joan.
2405 5568 2461 5616 χ,
2486 5549 2575 5605 50.
2654 5548 2697 5578 ⁵⁸
2723 5545 2876 5597 Joan.
2910 5556 3020 5598 τιν,
3054 5538 3103 5590 9.

198 5701 292 5778 (ξε)
328 5707 478 5771 ηοω,
516 5707 881 5778 προείπαμεν.
1291 5771 1313 5778 _
1610 5769 1641 5778 ,ν

1610 5769 1622 5778 _
1802 5705 2140 5778 lunl‘lglq't‘tant
2175 5689 2699 5778 tittttctlitilerlvrctic.s
2726 5681 2987 5747 legerant.

198 5758 293 5845 (το)
320 5758 582 5848 εξῖιιὶεςῖ
601 5758 670 5833 si
699 5758 834 5837 edin
854 5758 907 5834 ét
939 5774 1030 5833 alii
1061 5786 1248 5832 vocem
1284 5771 1489 5844 αποφος
1517 5769 1680 5828 omit-

939 5774 1030 5833 aiii
1061 5786 1248 5832 vocem
1284 5771 1489 5844 ἄτυφος
1517 5769 1680 5828 omit-
1863 5764 1976 5836 (80)
2007 5761 2163 5831 Reg.,
2191 5758 2491 5831 ὀνομάζων.
