3978 6500
189 345 276 401 455
1223 343 1312 400 DE
1348 343 1478 402 DEC
1488 343 1622 402 RE'T
1631 341 1693 400 IS
1733 346 1739 399 1

1843 341 2034 402 ηιΕΝίΕ
2075 338 2352 402 SYNObl.
3303 349 3419 406 45η

189 486 274 522 των
307 459 404 520 οὐκ
431 467 627 532 ἔξωθεν
668 461 850 539 ἡμεῖς,
883 469 997 524 ἀλλ’
1027 471 1096 522 ἐκ
1125 468 1234 522 τῶν
1267 468 1499 541 Γραφῶν
1538 469 1734 539 ἔχομεν

1843 467 2042 535 pientia
2091 467 2315 524 fundata
2369 476 2517 531 sunt,
2564 467 2692 523 haec
2744 469 2923 524 omnia
2974 463 3035 525 in
3088 483 3251 525 manu
3293 481 3420 526 sunt

291 559 498 611 πίστιν·
547 561 576 611 ὁ
599 561 694 630 μὲν
724 559 832 630 γὰρ
868 559 998 624 Θεὸς
1031 561 1189 624 αὐτὸς
1237 560 1322 613 διὰ
1377 561 1600 612 Ἡσαΐου
1651 559 1739 612 τοῦ

1851 557 2094 622 facta,ac
2126 574 2220 628 per
2238 557 2434 612 Filium
2475 560 2688 614 condita
2722 569 2866 615 sunt.
2899 561 3010 616 Nec
3037 576 3188 628 vero,
3218 571 3276 617 ut
3303 563 3422 618 haec

191 650 440 720 προφήτου
470 648 645 718 λέγει⁸
681 652 741 704 Ἠ
766 651 896 719 χείρ
919 669 1039 720 μου
1073 651 1428 720 ἐθεμελίωσε
1467 652 1580 718 τὴν
1608 650 1739 721 γῆν,

1848 649 2160 715 probemus,
2185 656 2505 718 argumenta
2531 649 2871 705 extrinsecus
2890 654 3120 706 mutuari
3151 667 3287 721 opus
3303 654 3420 707 iue-

189 743 266 794 καί
291 739 325 808 ή
351 741 522 805 δεξιά
546 760 664 811 μου
690 742 1020 811 ἐστερέωσε
1042 742 1150 797 τὸν
1184 744 1446 811 οὐρανόν
1465 759 1479 773 ⁸
1511 744 1615 795 ’καὶ
1645 743 1739 797 πά-

1849 739 1940 801 rit,
1970 740 2063 793 sed
2097 739 2148 793 id
2183 755 2249 794 ex
2274 740 2574 808 Scripturis
2603 739 2809 796 clarum
2845 753 2949 797 est.
2980 741 3262 812 Siquidem
3297 743 3416 812 ipse

188 835 279 884 λιν·
307 834 415 897 Καὶ
440 834 553 887 ὑπὸ
574 834 688 902 τὴν
711 835 892 888 σκιὰν
916 834 1023 903 τῆς
1062 836 1265 904 χειρός
1300 854 1419 904 μου
1458 833 1739 889 σκεπάσας

1845 827 1988 882 Deus
2041 843 2137 896 per
2186 831 2374 883 Isaiam
2433 831 2748 900 prophetam
2812 831 2948 885 dixit
3000 849 3016 886 :
3059 831 3253 886 Manus
3301 849 3417 886 mea

189 940 263 984 σε,
282 926 347 976 ἐν
369 920 407 995 ᾗ
430 926 667 994 ἔστησα
695 926 800 980 τὸν
826 927 1087 994 οὐρανὸν
1117 927 1213 979 καὶ
1242 927 1603 994 ἐθεμελίωσα
1636 923 1739 992 τὴν

1848 919 2084 983 [undavit
2119 929 2314 972 terram
2341 931 2388 973 et
2417 923 2632 974 dextera
2662 938 2775 975 mea
2802 922 3030 991 ﬁrmavit
3063 923 3224 976 caelos
3251 923 3317 976 “-.
3355 923 3421 976 Et

185 1017 294 1088 γῆν.
341 1018 400 1070 '0
425 1017 486 1070 δὲ
520 1018 704 1082 Δαόὶδ,
735 1017 892 1071 τοῦτο
921 1018 1125 1089 μαθὼν,
1162 1019 1256 1072 καὶ
1284 1016 1439 1080 εἰδὼς
1461 1017 1558 1088 τὴν
1586 1020 1746 1088 χεῖρα

185 1107 328 1176 αὑτὴν
361 1102 528 1160 οὖσαν
557 1109 655 1178 τὴν
693 1108 906 1178 σοφίαν,
948 1108 1144 1178 ἔψαλλε
1166 1127 1178 1140 ·
1211 1108 1414 1162 Πάντα
1453 1109 1523 1161 ἐν
1559 1109 1745 1177 σοφίῃ

180 1200 485 1265 ’ἐποίησας-
516 1200 828 1267 ἐπληρώοη
865 1203 896 1268 ἡ
932 1199 1007 1268 γῆ
1038 1199 1147 1268 τῆς
1184 1198 1434 1265 κτίσεώς
1458 1216 1588 1253 -σου
1613 1217 1626 1229 ·
1670 1201 1746 1263 ὡς

185 1292 258 1341 καὶ
285 1287 536 1357 Σολομὼν
569 1289 718 1360 παρὰ
745 1289 879 1342 Θεοῦ
913 1289 1091 1342 λαϐὼν
1129 1290 1314 1358 ἔλεγεν
1335 1306 1347 1318 ·
1395 1290 1450 1341 Ὀ
1479 1290 1634 1354 -Θεός
1669 1287 1744 1357 τῇ

171 1381 343 1449 ’σοφίᾳ
370 1381 728 1448 ἑθεμελίωσε
746 1379 862 1449 τὴν
897 1379 1012 1449 γῆν
1031 1397 1044 1410 °
1089 1381 1343 1452 Ἰωάννης
1373 1397 1433 1433 τε
1461 1379 1744 1448 γινώσκων

181 1474 258 1543 τὴν
281 1475 440 1544 χεῖρα
484 1475 578 1527 καὶ
609 1472 706 1545 τὴν
740 1474 930 1543 σοφίαν
960 1469 1099 1527 εἶναι
1139 1473 1229 1527 τὺν
1282 1473 1479 1541 Λόγον,
1514 1475 1744 1545 εὐηγγε-

177 1565 362 1628 λίζετο·
413 1566 510 1618 Ἐν
553 1563 712 1634 ἀρχῇ
751 1561 830 1634 ἦν
874 1567 906 1618 ό
949 1565 1158 1633 Λόγος,
1209 1563 1306 1616 καί
1346 1567 1382 1616 ό
1426 1564 1615 1632 Λόγος
1665 1559 1745 1632 ἦν

171 1654 306 1721 ⁴πρὸς
346 1653 440 1706 τὸν
490 1654 660 1720 Θεὸν,
691 1656 788 1708 καὶ
825 1654 968 1720 Θεὸς
1008 1650 1088 1724 ἦν
1117 1657 1149 1708 ό
1184 1655 1375 1723 Λόγος
1399 1672 1412 1684 ·
1453 1651 1632 1721 οὗτος
1662 1654 1744 1722 ἦν

171 1746 234 1797 γὲν
252 1745 407 1815 ἀρχῇ
434 1746 586 1814 πρὸς
611 1746 718 1800 τὸν
745 1748 911 1802 Θεόν.
942 1745 1146 1800 Πάντα
1169 1745 1242 1798 δι’
1268 1747 1454 1801 αὐτοῦ
1479 1747 1736 1817 ἐγένετο,

1849 1023 2036 1062 rursus
2064 1026 2078 1061 :
2109 1009 2176 1061 Et
2210 1010 2304 1062 sub
2339 1011 2522 1062 umbra
2576 1028 2764 1066 manus
2802 1030 2933 1067 mea?
2973 1025 3241 1082 protegam
3269 1013 3419 1078 te,s'n

1844 1116 1946 1168 qua
1981 1098 2134 1152 cretus
2173 1103 2440 1165 constitui,
2463 1114 2511 1156 et
2548 1113 2741 1159 terram
2783 1104 3004 1174 fundavi
3027 1105 3093 1158 ".
3127 1105 3292 1161 David
3317 1122 3417 1161 au-

1847 1199 1976 1252 tem,
2013 1190 2104 1259 qui
2153 1192 2342 1244 eadem
2383 1194 2626 1258 edoctus,
2677 1211 2890 1250 nimium
2938 1195 3108 1265 ipsam
3156 1211 3276 1252 esse
3325 1212 3417 1252 sae

1846 1281 2102 1348 pientiam
2157 1291 2415 1345 noverat,
2465 1285 2964 1340 canebat:0mnia
3025 1288 3082 1341 in
3148 1288 3410 1356 sapientia

1841 1370 2017 1439 fecisti
2042 1387 2062 1426 :
2085 1372 2300 1440 impleta
2324 1385 2395 1426 est
2423 1383 2569 1427 terra
2595 1378 2856 1431 creatione
2895 1389 2987 1430 tua
3009 1378 3075 1432 ".
3112 1377 3419 1434 Salomonis

1843 1478 2076 1532 quoque,
2101 1465 2192 1532 qui
2227 1465 2365 1520 idem
2392 1482 2421 1518 a
2448 1465 2555 1520 Deo
2588 1479 2890 1538 acceperat,
2917 1471 3030 1524 haec
3059 1480 3182 1525 sunt
3209 1471 3372 1526 verba
3399 1485 3414 1522 :

1847 1552 1984 1607 Deus
2009 1556 2274 1623 sapientia
2305 1557 2546 1624 [undavit
2575 1567 2770 1612 terram
2787 1561 2854 1615 ".
2889 1560 3127 1618 Joannes
3155 1563 3284 1619 item
3309 1580 3417 1620 non

1844 1642 2100 1710 ignorans
2124 1643 2360 1699 Verbum
2389 1661 2609 1700 manum
2639 1657 2694 1701 et
2725 1648 3049 1717 sapientiam
3072 1663 3213 1717 esse,
3243 1650 3421 1704 Evan-

1845 1734 2041 1804 gelintn
2093 1736 2163 1789 ita
2201 1735 2414 1790 orditur
2447 1754 2462 1791 :
2496 1737 2562 1792 In
2604 1739 2864 1809 principio
2918 1749 3030 1793 erat
3097 1740 3344 1808 Verbum,
3367 1752 3418 1796 et

179 1837 256 1890 καί
289 1839 469 1906 χωρὶς
517 1838 704 1892 αὑτοῦ
751 1839 986 1909 ἐγένετο
1021 1839 1221 1895 οὐδέν.
1270 1841 1328 1894 '0
1370 1839 1427 1893 δὲ
1481 1816 1739 1892 ’Λπόστο-

1857 1825 2079 1882 Verbum
2120 1838 2233 1882 erat
2285 1830 2426 1895 apud
2482 1829 2669 1893 Deum,
2705 1841 2752 1884 et
2807 1831 2944 1886 Deus
2993 1845 3106 1886 erat
3147 1833 3370 1889 Verbum
3399 1852 3420 1890 :

171 1931 265 1993 ing,
297 1929 514 2000 βλέπων
537 1930 638 2000 τὴν
657 1927 846 2001 ,κε’ῖρα.
885 1931 982 2002 τὴν
1016 1934 1229 2001 σοφίαν,
1263 1931 1355 1985 τὸν
1378 1933 1549 2000 Λόγον
1577 1932 1742 1986 αὑτὸν

167 2022 282 2073 ’ὄντα
309 2023 402 2074 τὸν
436 2022 586 2086 Υἱὸν,
620 2020 752 2093 φησί
773 2039 786 2052 ·
821 2023 1181 2092 Πολιομερῶς
1222 2024 1318 2076 καὶ
1352 2025 1742 2090 πολυτρόπως

174 2113 342 2164 πάλαι
396 2115 428 2165 ό
474 2112 621 2177 Θεὸς
655 2109 939 2178 λαλήσας
974 2112 1098 2178 τοῖς
1141 2111 1440 2178 πατράσιν
1489 2113 1560 2165 ἐν
1618 2111 1742 2178 τοῖς

176 2202 509 2272 προςήταις,
662 2203 925 2270 ἐσχάτου
950 2202 1068 2256 τῶν
1087 2203 1326 2272 ἡμερῶν
1360 2204 1588 2256 τούτων
1605 2203 1744 2257 ἐλαι

174 2298 348 2359 ,Ιησεν
377 2295 525 2364 ἡμῖν
551 2297 622 2348 ἐν
661 2294 790 2360 Υίῷ,
815 2296 888 2350 ὃν
918 2296 1138 2362 ἔθηκεν
1183 2298 1565 2365 κληρονόμον
1594 2295 1742 2348 πάν-

173 2394 307 2452 ῒιων,
341 2387 415 2440 δι’
453 2384 526 2443 οὗ
563 2388 662 2441 καί
686 2388 936 2454 ἐποίησε
963 2387 1106 2454 τοὺς
1143 2387 1399 2454 αἰῶνας·
1435 2388 1527 2441 καὶ
1557 2386 1736 2440 πάλιν

173 2473 258 2542 Εἷς
301 2480 519 2546 Κύριος
573 2479 806 2544 Ἰησοῦς
859 2479 1132 2547 Χριστὸς,
1180 2478 1254 2531 δι’
1295 2475 1366 2534 οὗ
1401 2477 1473 2530 τὰ
1523 2477 1738 2540 πάντα,

169 2570 252 2621 καί
277 2570 452 2639 ’ἡμεῖς
486 2569 560 2622 δι’
595 2571 803 2624 αὑτοῦ.
837 2571 1004 2634 Εἰδὼς
1033 2571 1088 2624 δὲ
1119 2572 1280 2624 πάλιν
1309 2571 1398 2624 τὸν
1426 2572 1616 2640 Λόγον,
1645 2570 1740 2642 τὴν

171 2661 373 2731 Σοφίαν,
409 2663 502 2716 τὸν
526 2664 673 2726 Υἰὸν,
700 2663 861 2716 αὐτὸν
883 2663 1011 2716 ὅντα
1039 2663 1140 2733 τὴν
1169 2662 1352 2716 εἰκόνα
1381 2662 1475 2715 τοῦ
1498 2661 1738 2733 Πατρός,

171 2756 318 2824 φησὶν
362 2757 422 2808 ὲν
473 2758 540 2826 τῇ
601 2756 736 2826 πρὸς
793 2755 1126 2817 Κολασσαεῖς
1178 2753 1497 2824 Ἐπιστολῇο
1548 2755 1742 2820 Εὐχα-

161 2847 502 2913 ριστοῦντες
554 2846 636 2912 τῷ
691 2845 812 2912 Θεῷ
860 2846 958 2899 καὶ
1013 2846 1196 2914 Πατρί
1247 2843 1328 2910 τῷ
1378 2843 1741 2898 ἱκανώσαντι

169 2938 309 3006 ἡμᾶς
337 2944 425 3007 εἰς
465 2940 584 3008 τὴν
622 2939 836 3010 μερίδα
879 2939 984 2993 τοῦ
1021 2939 1252 3006 κλήρου
1295 2937 1415 2991 τῶν
1457 2937 1642 3007 ἁγίων
1671 2937 1740 2989 ἐν

167 3029 234 3093 τῷ
256 3031 427 3099 φωτὶ,
458 3030 528 3097 ὃς
557 3032 852 3099 ἐρρύσατο
882 3029 1040 3099 ἡμᾶς
1063 3031 1133 3083 ἐκ
1162 3027 1272 3097 τῆς
1303 3028 1589 3092 ἐξουσίας
1626 3025 1735 3079 τοῦ

159 3126 434 3188 σκότους,
472 3124 571 3176 καὶ
607 3123 982 3192 μετέστησεν
1006 3125 1093 3186 εἰς
1127 3120 1242 3187 τὴν
1277 3119 1384 3188 (87)
1414 3116 1741 3182 ,ϐασιλείαν
1767 3154 1808 3192 η

167 3217 256 3269 τοῦ
295 3218 430 3271 Υἰοῦ
460 3215 574 3284 τῆς
607 3215 841 3284 ἀγάπης
875 3215 1097 3268 αὐτοῦ’
1154 3215 1225 3266 ἐν
1273 3229 1320 3278 ῳ
1360 3213 1577 3282 ἔχομεν
1626 3208 1738 3278 τὴν

167 3304 608 3376 ἀπολύτρωσιν,
664 3306 779 3373 τὴν
831 3305 1054 3372 ἄφεσιν
1124 3303 1243 3357 τῶν
1291 3301 1616 3373 ἁμαρτιῶν·
1671 3301 1739 3367 ὅς

167 3396 319 3448 ἐστιν
347 3397 527 3450 εἰκὼν
562 3395 675 3450 τοῦ
697 3396 844 3449 Θεοῦ
889 3395 992 3448 τοῦ
1028 3395 1316 3462 ἀοράτου,
1365 3393 1738 3461 πρωτότοκος

167 3487 352 3555 πάσης
379 3490 666 3555 κτίσεως·
699 3488 786 3540 ὅτι
818 3488 886 3540 ἐν
922 3485 1082 3551 αὐτῷ
1110 3486 1356 3551 ἐκτίσθη
1405 3485 1475 3538 τὰ
1518 3482 1736 3546 πάντα,

166 3580 226 3632 rei
248 3598 310 3635 τε
343 3582 414 3635 ἐν
442 3581 573 3647 τοῖς
597 3579 876 3649 οὐρανοῖς
925 3579 1021 3632 καί
1067 3578 1138 3631 τὰ
1181 3577 1279 3630 ἐστὶ
1328 3575 1438 3644 τῆς
1484 3574 1618 3644 γῆς,
1665 3573 1738 3628 τὰ

165 3673 330 3738 ἐρατὰ
363 3673 464 3727 καί
507 3671 579 3726 τὰ
619 3672 862 3740 ἀόρατα,
896 3670 1014 3722 εἴτε
1054 3669 1274 3737 θρόνοι,
1317 3667 1437 3719 εἴτε
1476 3667 1740 3733 κυριότη-

164 3778 268 3830 τες,
300 3766 420 3819 εἴτε
442 3765 648 3834 ἀρχαὶ,
687 3764 806 3817 εἶτε
842 3761 1136 3826 ἐξουσίαι,
1177 3759 1247 3814 τὰ
1295 3758 1493 3811 πάντα
1531 3756 1604 3808 δι’
1633 3759 1738 3810 αὐ-

165 3855 276 3920 τοῦ,
307 3857 404 3910 καί
427 3859 519 3921 εὶς
540 3857 728 3910 αὑτὸν
759 3855 1027 3908 ἔκτισται
1047 3869 1059 3883 ο
1101 3853 1199 3905 καὶ
1246 3851 1425 3916 αὑτός
1461 3848 1594 3902 ἐστι
1623 3847 1736 3915 πρὸ

165 3946 409 4011 πάντων,
442 3948 544 4001 καὶ
583 3946 654 4000 τὰ
682 3945 880 3999 πάντα
908 3945 977 3998 ἐν
1002 3941 1164 4009 αὐτῷ
1193 3941 1597 4008 συνέστηκεν.
1651 3939 1738 4000 Ὠς

165 4039 260 4112 γὰρ
289 4041 374 4095 διὰ
401 4039 498 4094 τοῦ
528 4040 729 4108 Λόγου,
769 4038 944 4100 οὕτως
1001 4036 1211 4099 εἰκόνος
1254 4032 1419 4089 αὐτοῦ
1460 4033 1634 4095 όντος,
1680 4033 1737 4085 ὲν

163 4132 300 4202 αὑτῷ
348 4131 579 4202 ἐκτίσθη
630 4131 698 4183 τὰ
755 4131 952 4184 πάντα.
1031 4128 1189 4183 υῦτω
1229 4126 1286 4180 δέ
1325 4143 1409 4190 τις
1472 4125 1598 4196 περί
1644 4121 1736 4176 τοῦ

164 4224 349 4297 Κυρίου
405 4223 811 4294 διανοούμενος,
883 4223 944 4275 οὐ
1008 4219 1307 4293 προσκόψει
1351 4217 1430 4287 τῷ
1457 4217 1590 4288 λίθῳ
1642 4214 1736 4268 τοῦ

165 4317 599 4388 προσκόμματος,
650 4314 784 4368 ἀλλὰ
835 4314 1035 4382 μᾶλλον
1091 4312 1421 4385 πορεύσεται
1460 4309 1596 4380 πρὸς
1639 4306 1737 4379 τὴν

163 4404 349 4476 λάμψιν
373 4407 664 4461 κατέναντι
686 4404 779 4457 τοῦ
801 4404 976 4473 φωτὸς
998 4403 1099 4474 τῆς
1119 4402 1377 4474 ἀληθείας
1395 4417 1408 4430 ·
1442 4399 1603 4452 τοῦτο
1628 4395 1736 4468 γὰρ

1843 1920 1940 1972 lioc
1979 1919 2093 1972 era‘
2121 1920 2175 1972 in
2205 1921 2462 1986 principio
2506 1923 2649 1988 apud
2678 1919 2867 1976 Deum.
2897 1921 3092 1977 Omnia
3113 1940 3208 1992 per
3238 1925 3416 1995 ipsum

1843 2010 1984 2078 facta
2006 2024 2124 2064 sunt
2164 2019 2214 2064 et
2241 2013 2351 2065 sine
2388 2014 2502 2078 ipso
2529 2012 2732 2081 factum
2757 2025 2831 2066 est
2863 2014 2998 2067 nihil
3022 2015 3090 2070 "°.
3118 2015 3420 2086 Apostolus

1844 2098 2098 2168 denique,
2133 2099 2223 2154 cui
2259 2114 2602 2171 ρει-εριιςιιιιη
2640 2117 2855 2172 quinque
2897 2114 3017 2158 erat
3061 2122 3305 2174 manum,
3330 2124 3422 2165 sa-

1845 2188 2101 2256 pientiam
2140 2197 2196 2242 et
2234 2187 2462 2242 Verbum
2500 2191 2670 2258 ipsum
2711 2207 2831 2246 esse
2869 2191 3089 2259 Filium,
3118 2197 3198 2250 sic
3235 2197 3416 2266 loqui-

1845 2289 1932 2332 tur
1956 2296 1970 2331 :
2003 2277 2358 2347 Mnltifariam
2388 2281 2664 2351 multisque
2688 2285 2856 2338 modis
2886 2285 3012 2340 olim
3041 2285 3178 2340 Deus
3205 2286 3416 2343 loeutus

1840 2370 2074 2439 patribus
2092 2371 2144 2422 in
2165 2371 2426 2437 prophetis
2449 2389 2467 2428 :
2493 2373 2546 2426 in
2567 2385 2792 2428 extrento
2817 2374 3021 2429 dierum
3042 2375 3258 2430 istorum
3277 2378 3421 2432 locu-

1843 2472 1924 2515 tus
1954 2474 2028 2516 est
2055 2463 2215 2517 .nobis
2245 2464 2298 2518 in
2346 2461 2488 2516 Filio
2517 2482 2668 2534 quem
2691 2468 2961 2522 constituit
2999 2469 3258 2524 hatredem
3291 2472 3416 2524 uni-

1843 2567 2129 2615 versorum,
2183 2569 2274 2620 per
2329 2569 2480 2622 quem
2511 2555 2671 2607 etiam
2724 2555 2842 2623 fecit
2890 2557 3178 2613 satcula“.
3209 2557 3276 2613 Et
3314 2559 3417 2616 itc-

1845 2660 1958 2698 rum
1987 2663 2000 2698 :
2033 2643 2182 2699 Unus
2211 2645 2466 2700 Dominus
2511 2643 2668 2701 Iesus
2710 2647 2975 2713 Christus,
3008 2665 3103 2718 per
3125 2667 3277 2719 quem
3309 2667 3420 2705 ont-

1843 2739 1952 2804 nia,
1976 2751 2022 2793 et
2049 2757 2140 2794 nos
2166 2757 2258 2808 per
2282 2741 2453 2804 ipsum
2475 2741 2544 2796 ⁷¹.
2579 2741 2714 2796 Cum
2747 2752 2928 2797 autem
2959 2744 3099 2798 idem
3129 2745 3420 2814 Apostolus

1843 2844 1947 2882 non
1979 2829 2256 2896 ignoraret
2284 2829 2538 2895 Verbum,
2577 2829 2912 2900 Sapientiam
2939 2845 2994 2888 et
3015 2834 3213 2888 Filium
3245 2836 3414 2906 ipsam

1841 2933 1960 2973 esse
2010 2919 2186 2974 Patris
2237 2921 2546 2989 imaginem,
2588 2922 2702 2976 haec
2735 2923 2898 2978 habet
2950 2924 3188 2993 Epistola
3217 2927 3283 2980 ad
3317 2925 3423 2984 Ce-

1841 3009 2112 3067 lossenses
2145 3029 2159 3066 :
2191 3009 2404 3066 Gratias
2437 3023 2648 3082 agentes
2685 3014 2792 3069 Deo
2833 3023 2882 3068 et
2916 3015 3072 3069 Patri
3105 3018 3198 3086 qui
3226 3020 3416 3087 dignos

1844 3119 1937 3156 nos
1978 3105 2100 3170 fecit
2153 3107 2490 3158 annumerari
2538 3106 2593 3158 in
2622 3115 2774 3174 parte
2819 3107 2977 3159 sortis
3030 3117 3336 3162 sanctorum
3365 3113 3418 3162 in

1841 3194 1978 3256 lure,
1995 3196 2085 3264 qui
2105 3197 2295 3261 eripuit
2320 3213 2412 3249 nos
2442 3197 2505 3248 de
2526 3206 2774 3261 potestate
2798 3198 3152 3262 tenebrarum,
3172 3209 3218 3251 et
3239 3207 3417 3252 trans—

1840 3287 1961 3340 tulit
2000 3289 2054 3342 in
2101 3304 2311 3358 regnum
2361 3287 2487 3340 Filii
2519 3288 2812 3344 dilectionis
2850 3305 2981 3351 suae,
3013 3291 3066 3342 in
3119 3306 3224 3352 qua
3261 3291 3418 3343 halte-

1841 3395 1954 3432 nms
1979 3382 2408 3450 redemptionem,
2445 3380 2806 3434 remissionem
2829 3390 3184 3449 peccatorum,
3213 3384 3316 3452 'qni
3339 3391 3417 3436 et:

1839 3476 2010 3542 imago
2042 3471 2136 3526 Dei
2159 3472 2457 3536 invisibilis,
2501 3473 2882 3542 primogenitae
2913 3475 3084 3528 omnis
3113 3486 3376 3528 creatura:
3391 3487 3417 3527 .'

1837 3565 2086 3635 quoniam
2129 3566 2184 3616 in
2217 3565 2328 3630 ipso
2361 3563 2572 3616 condita
2605 3573 2725 3616 sunt
2753 3565 2998 3617 universa
3019 3580 3136 3634 qua:
3175 3565 3232 3618 in
3277 3563 3417 3618 caelis

1838 3669 1884 3710 et
1913 3658 1969 3710 in
1999 3668 2138 3710 terra
2179 3667 2321 3721 sunt,
2350 3656 2579 3711 visibilia
2621 3668 2667 3709 et
2692 3656 3032 3721 invisibilia,
3081 3657 3186 3710 sive
3213 3658 3413 3718 throni,

1837 3750 1942 3802 sive
1993 3749 2394 3816 dominationes,
2428 3749 2531 3802 sive
2567 3748 2915 3816 principatus,
2949 3750 3051 3802 sive
3089 3757 3366 3817 potestates
3390 3761 3412 3801 :

1839 3840 2012 3891 omnia
2029 3854 2119 3907 per
2132 3839 2360 3907 ipsumet
2384 3838 2439 3891 in
2469 3839 2578 3906 ipso
2597 3849 2777 3892 creata
2797 3848 2956 3903 sunt;
2981 3840 3162 3906 et‘ipse
3191 3847 3266 3892 est
3294 3847 3417 3891 ante

1839 3931 2035 3991 omnia.
2078 3941 2126 3984 et
2172 3933 2345 3984 omnia
2379 3930 2433 3984 in
2475 3930 2588 3996 ipso
2610 3937 2853 3983 constant
2877 3928 2943 3981 ⁷³.
2964 3927 3035 3984 Ut
3057 3929 3200 3985 enim
3232 3926 3418 3982 omnia

1840 4035 1934 4090 per
1965 4017 2198 4074 Verbum
2224 4029 2404 4074 creata
2455 4027 2598 4084 sunt,
2632 4020 2728 4086 ita,
2770 4034 2892 4072 cum
2920 4019 3061 4073 idem
3103 4018 3172 4072 sit
3214 4017 3416 4088 imago,

1841 4111 1892 4166 in
1926 4112 2044 4181 ipso
2090 4126 2304 4181 quoque
2351 4121 2479 4166 sunt
2518 4121 2718 4165 creata.
2757 4110 2856 4176 Qui
2896 4110 3056 4180 igitur
3101 4109 3172 4162 ita
3205 4109 3271 4162 de
3314 4105 3421 4162 Do-

1841 4203 1988 4257 tnino
2033 4205 2286 4268 senserit,
2334 4219 2440 4258 non
2495 4203 2731 4258 offendet
2772 4205 2824 4257 in
2885 4202 3112 4269 lapidem
3162 4197 3415 4254 oﬂensio-

1839 4297 1922 4350 nis
1943 4295 2012 4362 ⁷⁸,
2037 4297 2130 4351 sed
2163 4296 2341 4366 p0tius
2375 4295 2442 4349 ad
2473 4296 2810 4364 splendorem
2859 4295 2910 4347 in
2941 4299 3231 4360 conspectu
3277 4291 3412 4344 lucis

1840 4386 2011 4457 ipsius
2033 4387 2275 4442 veritatis
2313 4387 2554 4442 accedet.
2587 4385 2708 4440 llaec
2735 4395 2818 4439 est
2849 4385 2993 4438 enim
3030 4381 3274 4436 veritatis
3317 4384 3419 4435 doa

163 4473 316 4561 aveo;
361 4498 483 4550 ἐστὶ
545 4495 646 4562 τῆς
709 4494 964 4564 ἀληθείας
1013 4493 1127 4564 (88)
1187 4473 1248 4546 τὸ
1310 4490 1584 4562 φρόνημα,
1633 4488 1737 4542 κᾶν

1843 4478 2044 4544 ctrina,
2074 4481 2482 4549 disrmnpnntur
2525 4479 2650 4532 licet
2700 4477 2773 4530 illi
2822 4477 3148 4545 pertinaces,
3191 4473 3285 4543 qui
3318 4487 3420 4528 nec
3470 4557 3473 4561 η

161 4585 516 4660 διαρραγῶσιν
568 4582 713 4641 οὗτοι
761 4586 1226 4654 φιλονεικοῦντες,
1284 4585 1420 4655 μήτε
1463 4582 1554 4634 τὸν
1603 4579 1736 4634 Θεὸν

165 4675 451 4746 σεῦὀμενοι,
502 4678 640 4746 μήτε
682 4676 804 4738 τοὺς
841 4676 904 4727 ἐκ
946 4674 1053 4728 τῶν
1106 4671 1438 4737 ἀποδείξεων
1482 4671 1739 4742 ἐλέγχους

164 4769 556 4841 ἐντρεπόμενοι.

230 4852 308 4907 18-
345 4863 409 4907 υἱ
459 4861 558 4924 μὲν
605 4853 699 4912 οὗν
747 4857 872 4926 περὶ
920 4854 1201 4920 Εὐσέϐιον,
1261 4853 1434 4919 οὕτως
1487 4851 1740 4918 ἐξεταζό-

166 4959 304 5011 μενοι
351 4945 474 4997 τότε
525 4941 616 4995 δια
655 4946 892 5012 πολλῶν,
935 4947 1029 5000 καὶ
1079 4946 1445 5013 καταγνόντες
1502 4943 1734 5010 ἑαυτῶν,

161 5032 295 5086 καθὰ
330 5036 615 5105 προεῖπον,
658 5030 1004 5100 ὑπέγραψαν,
1053 5036 1146 5084 καὶ
1197 5033 1577 5102 μεταγνόντες,
1608 5033 1737 5104 ἠρέ-

164 5141 333 5196 μησαν
370 5126 468 5179 καὶ
493 5121 870 5194 ἀνεχώρησαν.
923 5122 1141 5192 Ἐπειδὴ
1179 5123 1236 5175 δὲ
1282 5119 1428 5177 οὗτοι
1466 5124 1736 5178 νεανιευό-

165 5231 306 5282 μενοι
361 5218 484 5278 ταῖς
518 5213 798 5276 ἀσεϐείαις
856 5213 948 5265 καὶ
991 5213 1424 5276 σκοτοδινιῶντες
1467 5214 1594 5285 περὶ
1637 5215 1736 5282 τὴν

159 5307 422 5380 ἀλήθειαν,
479 5310 634 5363 οὐδὲν
691 5309 874 5378 ἕτερον
922 5307 954 5377 ἢ
1001 5311 1324 5379 κατηγορεῖν
1378 5308 1476 5378 τὴν
1520 5307 1733 5360 σύνοδον

1841 4572 2009 4626 Deum
2047 4583 2381 4635 reverentur,
2437 4585 2535 4625 nec
2590 4580 3029 4640 argumentorum
3078 4569 3126 4622 vi
3153 4577 3206 4622 et
3236 4573 3422 4620 aucto-

1843 4667 2005 4720 ritate
2045 4664 2170 4720 victi
2203 4665 2546 4720 erubescunt.

1921 4845 2008 4901 i8.
2055 4845 2144 4899 Sic
2171 4845 2332 4915 igitur
2380 4841 2670 4898 Ensebiani
2709 4841 2890 4897 multis
2923 4853 3050 4897 tunc
3085 4839 3258 4897 modis
3284 4855 3414 4896 exa-

1849 4939 2063 5003 minati,
2101 4953 2164 4992 eo
2194 4947 2525 5005 postremum
2569 4936 2772 4990 redacti
2812 4944 2938 4990 sunt
2967 4945 3024 4990 ut
3057 4934 3263 5004 seipsos
3294 4947 3422 4988 con-

1843 5028 2190 5090 demnarent,
2225 5028 2548 5095 tandemque
2568 5009 2964 5095 subscripsere,
2992 5024 3067 5078 uti
3085 5037 3250 5093 supra
3279 5021 3418 5077 disi-

1845 5133 1985 5181 mus,
2019 5126 2180 5186 atque
2227 5117 2362 5169 adeo
2406 5125 2608 5170 mutata
2646 5116 2913 5171 sententia
2943 5114 3210 5170 siluerunt
3238 5127 3301 5168 ac
3328 5127 3417 5166 rc-

1843 5216 2144 5264 cesserunt.
2189 5207 2322 5261 Cum
2350 5211 2546 5278 jantem
2586 5209 2672 5263 isti
2717 5209 2991 5278 impietate
3039 5206 3272 5269 feroces,
3295 5212 3353 5257 et
3387 5219 3416 5257 a

1811 5373 1816 5378 _
1845 5303 2095 5364 veritate,
2117 5310 2370 5370 tanquam
2402 5301 2667 5371 vertigine
2695 5302 2860 5371 capti,
2891 5299 3224 5360 aberrantes,
3253 5308 3418 5350 omne

231 5492 270 5523 “
303 5493 403 5547 lsa.
442 5507 632 5553 xu'ttt,
666 5488 753 5541 13.
829 5487 871 5519 ⁸⁷
899 5485 1002 5541 lsa.
1035 5503 1110 5546 1.1.
1149 5487 1231 5541 lli.
1313 5486 1358 5518 ⁸⁸
1394 5485 1535 5538 Psal.
1568 5499 1684 5547 cm,
1711 5484 1739 5537 9

1883 5485 1927 5518 ⁸⁸
1952 5483 2110 5539 Prov.
2141 5499 2222 5547 Ill,
2254 5485 2344 5537 19.
2424 5483 2470 5516 ⁷ο
2501 5481 2659 5537 Joan.
2707 5498 2746 5546 ι,
2784 5482 2900 5536 1-5.
2977 5481 3019 5512 τί
3050 5479 3214 5534 Hebr.
3267 5489 3310 5539 ι,
3364 5471 3421 5530 ι.

159 5558 205 5590 ⁷¹
231 5560 247 5614 l
271 5565 389 5617 Cor.
420 5578 540 5625 vttt,
578 5563 630 5613 6.

232 5696 336 5768 (87)
361 5698 452 5752 Sic
489 5696 648 5766 Reg.,
674 5705 747 5768 .ut
774 5703 824 5746 ot
847 5693 1011 5749 liabet
1051 5693 1351 5764 Scriptum
1395 5703 1592 5749 textus.
1621 5690 1676 5747 In

159 5767 280 5824 aliis
307 5777 360 5825 et
389 5768 550 5825 editis
578 5768 674 5845 τήν
700 5767 869 5821 deest.
1681 5805 1684 5808 ~

707 5557 753 5588 ""
785 5556 960 5612 Colos.
992 5573 1028 5621 t,
1064 5557 1246 5611 12-16.
1324 5558 1372 5587 ⁷³
1403 5555 1559 5609 Rom.
1588 5569 1666 5617 ιι,
1697 5553 1787 5610 52.

1860 5688 1970 5778 (88)
2018 5686 2178 5765 Reg.,
2217 5685 2524 5745 εὐσεσείας.
2547 5746 2549 5748 η
