  <div class='ocr_page' id='page_1' title='image "/cluster/home/n/w/nwhite01/storage/ocr_20150623/25/hvd.32044004972428/527.png"; bbox 0 0 3978 6508; ppageno 0'>
   <div class='ocr_carea' id='block_1_1' title="bbox 556 382 793 479">
    <p class='ocr_par' dir='ltr' id='par_1_1' title="bbox 556 382 793 479">
     <span class='ocr_line' id='line_1_1' title="bbox 556 382 793 479; baseline -0.008 -40"><span class='ocrx_word' id='word_1_1' title='bbox 556 382 793 479; x_wconf 40' lang='grc' dir='ltr'><strong>431Χ</strong></span> 
     </span>
    </p>
   </div>
   <div class='ocr_carea' id='block_1_2' title="bbox 1118 362 3184 437">
    <p class='ocr_par' dir='ltr' id='par_1_2' title="bbox 1118 362 3184 437">
     <span class='ocr_line' id='line_1_2' title="bbox 1118 362 3184 437; baseline 0 -2"><span class='ocrx_word' id='word_1_2' title='bbox 1118 382 1173 437; x_wconf 90' lang='lat' dir='ltr'><strong>S.</strong></span> <span class='ocrx_word' id='word_1_3' title='bbox 1217 379 1587 437; x_wconf 65' lang='lat' dir='ltr'><strong>ATllANASll</strong></span> <span class='ocrx_word' id='word_1_4' title='bbox 1628 381 1777 437; x_wconf 89' lang='lat' dir='ltr'><strong>OPP.</strong></span> <span class='ocrx_word' id='word_1_5' title='bbox 1820 382 2001 437; x_wconf 72' lang='lat' dir='ltr'><strong>PARS</strong></span> <span class='ocrx_word' id='word_1_6' title='bbox 2040 383 2080 437; x_wconf 89' lang='lat' dir='ltr'><strong>l.</strong></span> <span class='ocrx_word' id='word_1_7' title='bbox 2124 413 2189 421; x_wconf 93' lang='lat'><strong>—</strong></span> <span class='ocrx_word' id='word_1_8' title='bbox 2230 381 2595 437; x_wconf 80' lang='lat' dir='ltr'><strong>HISTORICA</strong></span> <span class='ocrx_word' id='word_1_9' title='bbox 2634 382 2721 436; x_wconf 83' lang='lat' dir='ltr'><strong>ET</strong></span> <span class='ocrx_word' id='word_1_10' title='bbox 2760 362 3184 437; x_wconf 70' lang='lat' dir='ltr'><strong>DOGMATICA.</strong></span> 
     </span>
    </p>
   </div>
   <div class='ocr_carea' id='block_1_3' title="bbox 3680 378 3785 434">
    <p class='ocr_par' dir='ltr' id='par_1_3' title="bbox 3680 378 3785 434">
     <span class='ocr_line' id='line_1_3' title="bbox 3680 378 3785 434; baseline 0.01 -2"><span class='ocrx_word' id='word_1_11' title='bbox 3680 378 3785 434; x_wconf 61' lang='lat'><strong>£53</strong></span> 
     </span>
    </p>
   </div>
   <div class='ocr_carea' id='block_1_4' title="bbox 556 493 2107 567">
    <p class='ocr_par' dir='ltr' id='par_1_4' title="bbox 556 495 2107 567">
     <span class='ocr_line' id='line_1_4' title="bbox 556 495 2107 567; baseline -0.003 -13"><span class='ocrx_word' id='word_1_12' title='bbox 556 495 692 556; x_wconf 81' lang='lat' dir='ltr'><strong>deri.</strong></span> <span class='ocrx_word' id='word_1_13' title='bbox 720 496 763 551; x_wconf 90' lang='lat' dir='ltr'><strong>si</strong></span> <span class='ocrx_word' id='word_1_14' title='bbox 792 496 904 550; x_wconf 63' lang='lat' dir='ltr'><strong>haec</strong></span> <span class='ocrx_word' id='word_1_15' title='bbox 933 511 1029 551; x_wconf 89' lang='lat' dir='ltr'><strong>nos</strong></span> <span class='ocrx_word' id='word_1_16' title='bbox 1052 498 1489 567; x_wconf 85' lang='lat' dir='ltr'><strong>approbaremus.</strong></span> <span class='ocrx_word' id='word_1_17' title='bbox 1516 495 1648 549; x_wconf 78' lang='lat' dir='ltr'><strong>Nam</strong></span> <span class='ocrx_word' id='word_1_18' title='bbox 1673 499 1811 566; x_wconf 89' lang='lat' dir='ltr'><strong>quod</strong></span> <span class='ocrx_word' id='word_1_19' title='bbox 1839 498 1903 549; x_wconf 86' lang='lat' dir='ltr'><strong>ad</strong></span> <span class='ocrx_word' id='word_1_20' title='bbox 1930 513 2107 552; x_wconf 88' lang='lat' dir='ltr'><strong>vocem</strong></span> 
     </span>
    </p>
   </div>
   <div class='ocr_carea' id='block_1_5' title="bbox 2210 493 3787 567">
    <p class='ocr_par' dir='ltr' id='par_1_5' title="bbox 2220 493 3787 567">
     <span class='ocr_line' id='line_1_5' title="bbox 2220 493 3787 567; baseline -0.003 -19"><span class='ocrx_word' id='word_1_21' title='bbox 2220 498 2539 550; x_wconf 69' lang='grc' dir='ltr'><em>συνθέσθαι*</em></span> <span class='ocrx_word' id='word_1_22' title='bbox 2596 499 2655 549; x_wconf 76' lang='grc' dir='ltr'><em>τὸ</em></span> <span class='ocrx_word' id='word_1_23' title='bbox 2706 498 2799 567; x_wconf 82' lang='grc' dir='ltr'><strong>μὲν</strong></span> <span class='ocrx_word' id='word_1_24' title='bbox 2849 496 3080 564; x_wconf 79' lang='grc' dir='ltr'><em>ὅμοιον,</em></span> <span class='ocrx_word' id='word_1_25' title='bbox 3138 496 3219 546; x_wconf 79' lang='grc' dir='ltr'><em>ὅτι</em></span> <span class='ocrx_word' id='word_1_26' title='bbox 3280 494 3375 547; x_wconf 69' lang='grc' dir='ltr'><em>καὶ</em></span> <span class='ocrx_word' id='word_1_27' title='bbox 3439 493 3566 561; x_wconf 71' lang='grc' dir='ltr'><em>περὶ</em></span> <span class='ocrx_word' id='word_1_28' title='bbox 3630 493 3787 562; x_wconf 76' lang='grc' dir='ltr'><em>ἡμῶν</em></span> 
     </span>
    </p>
   </div>
   <div class='ocr_carea' id='block_1_6' title="bbox 553 589 2109 660">
    <p class='ocr_par' dir='ltr' id='par_1_6' title="bbox 553 589 2109 660">
     <span class='ocr_line' id='line_1_6' title="bbox 553 589 2109 660; baseline -0.001 -16"><span class='ocrx_word' id='word_1_29' title='bbox 553 589 737 644; x_wconf 70' lang='lat' dir='ltr'><strong>similis</strong></span> <span class='ocrx_word' id='word_1_30' title='bbox 769 597 992 658; x_wconf 89' lang='lat' dir='ltr'><strong>spectat,</strong></span> <span class='ocrx_word' id='word_1_31' title='bbox 1023 604 1107 656; x_wconf 90' lang='lat' dir='ltr'><strong>ea,</strong></span> <span class='ocrx_word' id='word_1_32' title='bbox 1141 589 1476 660; x_wconf 86' lang='lat' dir='ltr'><strong>iuquiebant,</strong></span> <span class='ocrx_word' id='word_1_33' title='bbox 1509 591 1661 644; x_wconf 86' lang='lat' dir='ltr'><strong>nobis</strong></span> <span class='ocrx_word' id='word_1_34' title='bbox 1698 606 1913 660; x_wconf 86' lang='lat' dir='ltr'><strong>quoque</strong></span> <span class='ocrx_word' id='word_1_35' title='bbox 1952 592 2109 644; x_wconf 91' lang='lat' dir='ltr'><strong>attri-</strong></span> 
     </span>
    </p>
   </div>
   <div class='ocr_carea' id='block_1_7' title="bbox 554 680 2113 751">
    <p class='ocr_par' dir='ltr' id='par_1_7' title="bbox 554 680 2113 751">
     <span class='ocr_line' id='line_1_7' title="bbox 554 680 2113 751; baseline 0 -16"><span class='ocrx_word' id='word_1_36' title='bbox 554 680 753 747; x_wconf 87' lang='lat' dir='ltr'><strong>buitur,</strong></span> <span class='ocrx_word' id='word_1_37' title='bbox 795 680 992 749; x_wconf 85' lang='lat' dir='ltr'><strong>quippe</strong></span> <span class='ocrx_word' id='word_1_38' title='bbox 1033 695 1154 735; x_wconf 92' lang='lat' dir='ltr'><strong>cum</strong></span> <span class='ocrx_word' id='word_1_39' title='bbox 1201 680 1457 749; x_wconf 88' lang='lat' dir='ltr'><strong>scriptum</strong></span> <span class='ocrx_word' id='word_1_40' title='bbox 1498 682 1567 734; x_wconf 85' lang='lat' dir='ltr'><strong>sit</strong></span> <span class='ocrx_word' id='word_1_41' title='bbox 1602 700 1613 733; x_wconf 90' lang='lat'>:</span> <span class='ocrx_word' id='word_1_42' title='bbox 1660 680 1829 735; x_wconf 82' lang='lat' dir='ltr'><strong>Homo</strong></span> <span class='ocrx_word' id='word_1_43' title='bbox 1859 683 2031 751; x_wconf 80' lang='lat' dir='ltr'><strong><em>imago</em></strong></span> <span class='ocrx_word' id='word_1_44' title='bbox 2064 692 2113 737; x_wconf 83' lang='lat' dir='ltr'><strong>et</strong></span> 
     </span>
    </p>
   </div>
   <div class='ocr_carea' id='block_1_8' title="bbox 550 771 2109 841">
    <p class='ocr_par' dir='ltr' id='par_1_8' title="bbox 550 771 2109 841">
     <span class='ocr_line' id='line_1_8' title="bbox 550 771 2109 841; baseline 0 -17"><span class='ocrx_word' id='word_1_45' title='bbox 550 771 719 841; x_wconf 80' lang='lat' dir='ltr'><strong>gloria</strong></span> <span class='ocrx_word' id='word_1_46' title='bbox 758 771 854 826; x_wconf 82' lang='lat' dir='ltr'><strong>Dei</strong></span> <span class='ocrx_word' id='word_1_47' title='bbox 900 783 973 825; x_wconf 76' lang='lat' dir='ltr'><strong>est</strong></span> <span class='ocrx_word' id='word_1_48' title='bbox 1001 771 1066 825; x_wconf 79' lang='grc'><strong>⁷³.</strong></span> <span class='ocrx_word' id='word_1_49' title='bbox 1108 771 1220 825; x_wconf 73' lang='lat' dir='ltr'><strong>Vox</strong></span> <span class='ocrx_word' id='word_1_50' title='bbox 1261 774 1633 839; x_wconf 73' lang='lat' dir='ltr'><strong>senipernobis</strong></span> <span class='ocrx_word' id='word_1_51' title='bbox 1660 773 1787 827; x_wconf 87' lang='lat' dir='ltr'><strong>item</strong></span> <span class='ocrx_word' id='word_1_52' title='bbox 1826 773 2109 838; x_wconf 90' lang='lat' dir='ltr'><strong>convenit;</strong></span> 
     </span>
    </p>
   </div>
   <div class='ocr_carea' id='block_1_9' title="bbox 552 862 2109 933">
    <p class='ocr_par' dir='ltr' id='par_1_9' title="bbox 552 862 2109 933">
     <span class='ocr_line' id='line_1_9' title="bbox 552 862 2109 933; baseline -0.001 -14"><span class='ocrx_word' id='word_1_53' title='bbox 552 880 675 919; x_wconf 85' lang='lat' dir='ltr'><strong>nam</strong></span> <span class='ocrx_word' id='word_1_54' title='bbox 722 864 979 933; x_wconf 89' lang='lat' dir='ltr'><strong>scriptum</strong></span> <span class='ocrx_word' id='word_1_55' title='bbox 1024 872 1106 917; x_wconf 83' lang='lat' dir='ltr'><strong>est</strong></span> <span class='ocrx_word' id='word_1_56' title='bbox 1148 882 1161 917; x_wconf 86' lang='lat'><strong>:</strong></span> <span class='ocrx_word' id='word_1_57' title='bbox 1212 862 1423 931; x_wconf 80' lang='lat' dir='ltr'><strong>Semper</strong></span> <span class='ocrx_word' id='word_1_58' title='bbox 1471 866 1604 916; x_wconf 83' lang='lat' dir='ltr'><strong>enim</strong></span> <span class='ocrx_word' id='word_1_59' title='bbox 1656 881 1745 917; x_wconf 73' lang='lat' dir='ltr'><strong>nos</strong></span> <span class='ocrx_word' id='word_1_60' title='bbox 1783 866 2003 918; x_wconf 73' lang='lat' dir='ltr'><strong>viventes</strong></span> <span class='ocrx_word' id='word_1_61' title='bbox 2042 864 2109 917; x_wconf 71' lang='grc' dir='ltr'><strong>⁸ο.</strong></span> 
     </span>
    </p>
   </div>
   <div class='ocr_carea' id='block_1_10' title="bbox 549 952 2111 1020">
    <p class='ocr_par' dir='ltr' id='par_1_10' title="bbox 549 952 2111 1020">
     <span class='ocr_line' id='line_1_10' title="bbox 549 952 2111 1020; baseline -0.002 -12"><span class='ocrx_word' id='word_1_62' title='bbox 549 952 660 1010; x_wconf 79' lang='lat' dir='ltr'><strong>Nec</strong></span> <span class='ocrx_word' id='word_1_63' title='bbox 696 955 811 1010; x_wconf 71' lang='grc' dir='ltr'><strong>ι]ωο</strong></span> <span class='ocrx_word' id='word_1_64' title='bbox 851 956 1011 1009; x_wconf 89' lang='lat' dir='ltr'><strong>verba</strong></span> <span class='ocrx_word' id='word_1_65' title='bbox 1035 994 1050 1017; x_wconf 94' lang='lat'><strong>,</strong></span> <span class='ocrx_word' id='word_1_66' title='bbox 1092 955 1146 1005; x_wconf 86' lang='lat' dir='ltr'><strong>in</strong></span> <span class='ocrx_word' id='word_1_67' title='bbox 1178 954 1309 1020; x_wconf 82' lang='lat' dir='ltr'><strong>ipso,</strong></span> <span class='ocrx_word' id='word_1_68' title='bbox 1343 969 1371 1005; x_wconf 91' lang='lat' dir='ltr'><strong>a</strong></span> <span class='ocrx_word' id='word_1_69' title='bbox 1410 955 1564 1007; x_wconf 88' lang='lat' dir='ltr'><strong>nobis</strong></span> <span class='ocrx_word' id='word_1_70' title='bbox 1595 964 1723 1008; x_wconf 90' lang='lat' dir='ltr'><strong>sunt</strong></span> <span class='ocrx_word' id='word_1_71' title='bbox 1760 954 1955 1017; x_wconf 90' lang='lat' dir='ltr'><strong>aliena,</strong></span> <span class='ocrx_word' id='word_1_72' title='bbox 1988 954 2111 1020; x_wconf 83' lang='lat' dir='ltr'><strong>quia</strong></span> 
     </span>
    </p>
   </div>
   <div class='ocr_carea' id='block_1_11' title="bbox 550 1043 2112 1113">
    <p class='ocr_par' dir='ltr' id='par_1_11' title="bbox 550 1043 2112 1113">
     <span class='ocr_line' id='line_1_11' title="bbox 550 1043 2112 1113; baseline -0.001 -16"><span class='ocrx_word' id='word_1_73' title='bbox 550 1045 605 1099; x_wconf 86' lang='lat' dir='ltr'><strong>in</strong></span> <span class='ocrx_word' id='word_1_74' title='bbox 632 1046 742 1113; x_wconf 77' lang='lat' dir='ltr'><strong>ipso</strong></span> <span class='ocrx_word' id='word_1_75' title='bbox 769 1045 985 1099; x_wconf 79' lang='lat' dir='ltr'><strong>vivimus</strong></span> <span class='ocrx_word' id='word_1_76' title='bbox 1007 1052 1056 1099; x_wconf 85' lang='lat' dir='ltr'><strong>et</strong></span> <span class='ocrx_word' id='word_1_77' title='bbox 1086 1060 1349 1097; x_wconf 81' lang='lat' dir='ltr'><strong>movemur</strong></span> <span class='ocrx_word' id='word_1_78' title='bbox 1373 1057 1419 1096; x_wconf 83' lang='lat' dir='ltr'><strong>et</strong></span> <span class='ocrx_word' id='word_1_79' title='bbox 1451 1060 1628 1097; x_wconf 78' lang='lat' dir='ltr'><strong>sumus</strong></span> <span class='ocrx_word' id='word_1_80' title='bbox 1649 1044 1714 1099; x_wconf 82' lang='lat'><strong>’“.</strong></span> <span class='ocrx_word' id='word_1_81' title='bbox 1750 1043 2112 1096; x_wconf 74' lang='lat' dir='ltr'><strong>Immutabiles</strong></span> 
     </span>
    </p>
   </div>
   <div class='ocr_carea' id='block_1_12' title="bbox 550 1116 2115 1207">
    <p class='ocr_par' dir='ltr' id='par_1_12' title="bbox 550 1116 2115 1207">
     <span class='ocr_line' id='line_1_12' title="bbox 550 1116 2115 1207; baseline -0.005 -14"><span class='ocrx_word' id='word_1_82' title='bbox 550 1152 760 1207; x_wconf 90' lang='lat' dir='ltr'><strong>quoque</strong></span> <span class='ocrx_word' id='word_1_83' title='bbox 782 1137 1028 1199; x_wconf 86' lang='lat' dir='ltr'><strong>dicimur,</strong></span> <span class='ocrx_word' id='word_1_84' title='bbox 1056 1136 1143 1189; x_wconf 91' lang='lat' dir='ltr'><strong>ubi</strong></span> <span class='ocrx_word' id='word_1_85' title='bbox 1172 1136 1429 1203; x_wconf 88' lang='lat' dir='ltr'><strong>scriptum</strong></span> <span class='ocrx_word' id='word_1_86' title='bbox 1460 1144 1543 1189; x_wconf 90' lang='lat' dir='ltr'><strong>est</strong></span> <span class='ocrx_word' id='word_1_87' title='bbox 1569 1154 1580 1187; x_wconf 86' lang='lat'>:</span> <span class='ocrx_word' id='word_1_88' title='bbox 1612 1134 1761 1187; x_wconf 75' lang='lat' dir='ltr'><strong>Nihil</strong></span> <span class='ocrx_word' id='word_1_89' title='bbox 1790 1152 1881 1187; x_wconf 79' lang='lat' dir='ltr'><strong>nos</strong></span> <span class='ocrx_word' id='word_1_90' title='bbox 1904 1116 2115 1203; x_wconf 47' lang='lat' dir='ltr'><strong>sepera-</strong></span> 
     </span>
    </p>
   </div>
   <div class='ocr_carea' id='block_1_13' title="bbox 551 1225 2113 1294">
    <p class='ocr_par' dir='ltr' id='par_1_13' title="bbox 551 1225 2113 1294">
     <span class='ocr_line' id='line_1_13' title="bbox 551 1225 2113 1294; baseline 0.001 -15"><span class='ocrx_word' id='word_1_91' title='bbox 551 1229 622 1280; x_wconf 86' lang='lat' dir='ltr'><strong>bit</strong></span> <span class='ocrx_word' id='word_1_92' title='bbox 655 1246 686 1281; x_wconf 88' lang='lat' dir='ltr'><strong>a</strong></span> <span class='ocrx_word' id='word_1_93' title='bbox 721 1227 974 1281; x_wconf 82' lang='lat' dir='ltr'><strong>cltaritate</strong></span> <span class='ocrx_word' id='word_1_94' title='bbox 1000 1225 1099 1279; x_wconf 88' lang='lat' dir='ltr'><strong>Dei</strong></span> <span class='ocrx_word' id='word_1_95' title='bbox 1126 1227 1193 1279; x_wconf 74' lang='grc' dir='ltr'><strong>δ’.</strong></span> <span class='ocrx_word' id='word_1_96' title='bbox 1238 1226 1482 1294; x_wconf 88' lang='lat' dir='ltr'><strong>Denique</strong></span> <span class='ocrx_word' id='word_1_97' title='bbox 1511 1241 1706 1280; x_wconf 83' lang='lat' dir='ltr'><strong>nomen</strong></span> <span class='ocrx_word' id='word_1_98' title='bbox 1739 1227 1945 1280; x_wconf 76' lang='lat' dir='ltr'><strong>virtutis</strong></span> <span class='ocrx_word' id='word_1_99' title='bbox 1993 1227 2113 1280; x_wconf 88' lang='lat' dir='ltr'><strong>aliis</strong></span> 
     </span>
    </p>
   </div>
   <div class='ocr_carea' id='block_1_14' title="bbox 548 1316 2112 1373">
    <p class='ocr_par' dir='ltr' id='par_1_14' title="bbox 548 1316 2112 1373">
     <span class='ocr_line' id='line_1_14' title="bbox 548 1316 2112 1373; baseline 0.001 -2"><span class='ocrx_word' id='word_1_100' title='bbox 548 1319 706 1373; x_wconf 87' lang='lat' dir='ltr'><strong>etiam</strong></span> <span class='ocrx_word' id='word_1_101' title='bbox 739 1320 899 1371; x_wconf 83' lang='lat' dir='ltr'><strong>rebus</strong></span> <span class='ocrx_word' id='word_1_102' title='bbox 935 1316 1208 1371; x_wconf 88' lang='lat' dir='ltr'><strong>tribuitur.</strong></span> <span class='ocrx_word' id='word_1_103' title='bbox 1241 1316 1373 1371; x_wconf 85' lang='lat' dir='ltr'><strong>Nam</strong></span> <span class='ocrx_word' id='word_1_104' title='bbox 1400 1332 1559 1371; x_wconf 91' lang='lat' dir='ltr'><strong>eruca</strong></span> <span class='ocrx_word' id='word_1_105' title='bbox 1590 1327 1644 1371; x_wconf 91' lang='lat' dir='ltr'><strong>et</strong></span> <span class='ocrx_word' id='word_1_106' title='bbox 1674 1318 1909 1371; x_wconf 76' lang='lat' dir='ltr'><strong>bruchus</strong></span> <span class='ocrx_word' id='word_1_107' title='bbox 1944 1318 2112 1372; x_wconf 89' lang='lat' dir='ltr'><strong>virtus</strong></span> 
     </span>
    </p>
   </div>
   <div class='ocr_carea' id='block_1_15' title="bbox 547 1407 2111 1477">
    <p class='ocr_par' dir='ltr' id='par_1_15' title="bbox 547 1407 2111 1477">
     <span class='ocr_line' id='line_1_15' title="bbox 547 1407 2111 1477; baseline -0.002 -15"><span class='ocrx_word' id='word_1_108' title='bbox 547 1409 850 1477; x_wconf 87' lang='lat' dir='ltr'><strong>etquidem</strong></span> <span class='ocrx_word' id='word_1_109' title='bbox 898 1408 1071 1462; x_wconf 91' lang='lat' dir='ltr'><strong>virtus</strong></span> <span class='ocrx_word' id='word_1_110' title='bbox 1118 1423 1309 1477; x_wconf 82' lang='lat' dir='ltr'><strong>magna</strong></span> <span class='ocrx_word' id='word_1_111' title='bbox 1362 1408 1615 1460; x_wconf 86' lang='lat' dir='ltr'><strong>dicuntur</strong></span> <span class='ocrx_word' id='word_1_112' title='bbox 1655 1408 1719 1461; x_wconf 83' lang='grc'><strong>⁸³.</strong></span> <span class='ocrx_word' id='word_1_113' title='bbox 1764 1407 1905 1461; x_wconf 82' lang='lat' dir='ltr'><strong>Idem</strong></span> <span class='ocrx_word' id='word_1_114' title='bbox 1948 1408 2111 1461; x_wconf 87' lang='lat' dir='ltr'><strong>etiam</strong></span> 
     </span>
    </p>
   </div>
   <div class='ocr_carea' id='block_1_16' title="bbox 546 1499 2113 1569">
    <p class='ocr_par' dir='ltr' id='par_1_16' title="bbox 546 1499 2113 1569">
     <span class='ocr_line' id='line_1_16' title="bbox 546 1499 2113 1569; baseline -0.001 -16"><span class='ocrx_word' id='word_1_115' title='bbox 546 1514 686 1568; x_wconf 57' lang='lat' dir='ltr'><strong>sape</strong></span> <span class='ocrx_word' id='word_1_116' title='bbox 710 1500 774 1553; x_wconf 90' lang='lat' dir='ltr'><strong>de</strong></span> <span class='ocrx_word' id='word_1_117' title='bbox 808 1499 1004 1568; x_wconf 90' lang='lat' dir='ltr'><strong>populo</strong></span> <span class='ocrx_word' id='word_1_118' title='bbox 1030 1500 1285 1568; x_wconf 88' lang='lat' dir='ltr'><strong>scriptum</strong></span> <span class='ocrx_word' id='word_1_119' title='bbox 1313 1508 1417 1565; x_wconf 91' lang='lat' dir='ltr'><strong>est,</strong></span> <span class='ocrx_word' id='word_1_120' title='bbox 1443 1509 1501 1553; x_wconf 93' lang='lat' dir='ltr'><strong>ut</strong></span> <span class='ocrx_word' id='word_1_121' title='bbox 1527 1516 1541 1551; x_wconf 90' lang='lat'>:</span> <span class='ocrx_word' id='word_1_122' title='bbox 1582 1499 1808 1569; x_wconf 77' lang='lat' dir='ltr'><strong>Egressa</strong></span> <span class='ocrx_word' id='word_1_123' title='bbox 1845 1507 1919 1552; x_wconf 76' lang='lat' dir='ltr'><strong>est</strong></span> <span class='ocrx_word' id='word_1_124' title='bbox 1945 1500 2113 1551; x_wconf 75' lang='lat' dir='ltr'><strong>omnis</strong></span> 
     </span>
    </p>
   </div>
   <div class='ocr_carea' id='block_1_17' title="bbox 544 1588 2111 1659">
    <p class='ocr_par' dir='ltr' id='par_1_17' title="bbox 544 1588 2111 1659">
     <span class='ocr_line' id='line_1_17' title="bbox 544 1588 2111 1659; baseline 0.001 -16"><span class='ocrx_word' id='word_1_125' title='bbox 544 1592 713 1644; x_wconf 72' lang='lat' dir='ltr'><strong>virtus</strong></span> <span class='ocrx_word' id='word_1_126' title='bbox 752 1589 963 1643; x_wconf 80' lang='lat' dir='ltr'><strong>Domini</strong></span> <span class='ocrx_word' id='word_1_127' title='bbox 1010 1606 1075 1644; x_wconf 77' lang='lat' dir='ltr'><strong>ex</strong></span> <span class='ocrx_word' id='word_1_128' title='bbox 1112 1600 1249 1643; x_wconf 87' lang='lat' dir='ltr'><strong>terra</strong></span> <span class='ocrx_word' id='word_1_129' title='bbox 1293 1588 1597 1659; x_wconf 58' lang='lat' dir='ltr'><strong>.Egypti“.</strong></span> <span class='ocrx_word' id='word_1_130' title='bbox 1647 1591 1778 1645; x_wconf 78' lang='lat' dir='ltr'><strong>Alia:</strong></span> <span class='ocrx_word' id='word_1_131' title='bbox 1822 1592 1948 1644; x_wconf 89' lang='lat' dir='ltr'><strong>item</strong></span> <span class='ocrx_word' id='word_1_132' title='bbox 1996 1604 2111 1645; x_wconf 75' lang='lat' dir='ltr'><strong>cde-</strong></span> 
     </span>
    </p>
   </div>
   <div class='ocr_carea' id='block_1_18' title="bbox 547 1682 2115 1751">
    <p class='ocr_par' dir='ltr' id='par_1_18' title="bbox 547 1682 2115 1751">
     <span class='ocr_line' id='line_1_18' title="bbox 547 1682 2115 1751; baseline 0.001 -16"><span class='ocrx_word' id='word_1_133' title='bbox 547 1683 708 1737; x_wconf 83' lang='lat' dir='ltr'><strong>lestes</strong></span> <span class='ocrx_word' id='word_1_134' title='bbox 731 1690 855 1736; x_wconf 91' lang='lat' dir='ltr'><strong>sunt</strong></span> <span class='ocrx_word' id='word_1_135' title='bbox 884 1683 1109 1737; x_wconf 82' lang='lat' dir='ltr'><strong>virtutes</strong></span> <span class='ocrx_word' id='word_1_136' title='bbox 1147 1702 1159 1737; x_wconf 95' lang='lat'>:</span> <span class='ocrx_word' id='word_1_137' title='bbox 1192 1698 1335 1749; x_wconf 86' lang='lat' dir='ltr'><strong>nam,</strong></span> <span class='ocrx_word' id='word_1_138' title='bbox 1362 1683 1551 1751; x_wconf 87' lang='lat' dir='ltr'><strong>inquit,</strong></span> <span class='ocrx_word' id='word_1_139' title='bbox 1587 1682 1837 1736; x_wconf 74' lang='lat' dir='ltr'><strong>Dominus</strong></span> <span class='ocrx_word' id='word_1_140' title='bbox 1864 1684 2115 1736; x_wconf 81' lang='lat' dir='ltr'><strong>virtutum</strong></span> 
     </span>
    </p>
   </div>
   <div class='ocr_carea' id='block_1_19' title="bbox 547 1767 2112 1836">
    <p class='ocr_par' dir='ltr' id='par_1_19' title="bbox 547 1767 2112 1836">
     <span class='ocr_line' id='line_1_19' title="bbox 547 1767 2112 1836; baseline -0.002 -12"><span class='ocrx_word' id='word_1_141' title='bbox 547 1769 835 1835; x_wconf 73' lang='lat' dir='ltr'><strong>nobiscum,</strong></span> <span class='ocrx_word' id='word_1_142' title='bbox 876 1782 1141 1836; x_wconf 77' lang='lat' dir='ltr'><strong>susceptor</strong></span> <span class='ocrx_word' id='word_1_143' title='bbox 1186 1781 1359 1823; x_wconf 79' lang='lat' dir='ltr'><strong>noster</strong></span> <span class='ocrx_word' id='word_1_144' title='bbox 1407 1769 1543 1823; x_wconf 81' lang='lat' dir='ltr'><strong>Deus</strong></span> <span class='ocrx_word' id='word_1_145' title='bbox 1575 1767 1739 1823; x_wconf 87' lang='lat' dir='ltr'><strong>Jacob</strong></span> <span class='ocrx_word' id='word_1_146' title='bbox 1786 1770 1851 1824; x_wconf 75' lang='grc'><strong>⁸³.</strong></span> <span class='ocrx_word' id='word_1_147' title='bbox 1904 1769 2112 1823; x_wconf 85' lang='lat' dir='ltr'><strong>Similia</strong></span> 
     </span>
    </p>
   </div>
   <div class='ocr_carea' id='block_1_20' title="bbox 546 1860 2114 1929">
    <p class='ocr_par' dir='ltr' id='par_1_20' title="bbox 546 1860 2114 1929">
     <span class='ocr_line' id='line_1_20' title="bbox 546 1860 2114 1929; baseline 0.001 -15"><span class='ocrx_word' id='word_1_148' title='bbox 546 1862 692 1915; x_wconf 90' lang='lat' dir='ltr'><strong>enim</strong></span> <span class='ocrx_word' id='word_1_149' title='bbox 719 1862 880 1915; x_wconf 89' lang='lat' dir='ltr'><strong>etiam</strong></span> <span class='ocrx_word' id='word_1_150' title='bbox 919 1860 1163 1915; x_wconf 73' lang='lat' dir='ltr'><strong>Asterius</strong></span> <span class='ocrx_word' id='word_1_151' title='bbox 1203 1860 1456 1929; x_wconf 83' lang='lat' dir='ltr'><strong>Sophista</strong></span> <span class='ocrx_word' id='word_1_152' title='bbox 1506 1860 1680 1914; x_wconf 89' lang='lat' dir='ltr'><strong>dictus</strong></span> <span class='ocrx_word' id='word_1_153' title='bbox 1728 1861 1963 1929; x_wconf 81' lang='lat' dir='ltr'><strong>scripsit,</strong></span> <span class='ocrx_word' id='word_1_154' title='bbox 1994 1875 2114 1929; x_wconf 75' lang='lat' dir='ltr'><strong>qua:</strong></span> 
     </span>
    </p>
   </div>
   <div class='ocr_carea' id='block_1_21' title="bbox 548 1951 2115 2023">
    <p class='ocr_par' dir='ltr' id='par_1_21' title="bbox 548 1951 2115 2023">
     <span class='ocr_line' id='line_1_21' title="bbox 548 1951 2115 2023; baseline 0.002 -17"><span class='ocrx_word' id='word_1_155' title='bbox 548 1966 739 2021; x_wconf 86' lang='lat' dir='ltr'><strong>nempe</strong></span> <span class='ocrx_word' id='word_1_156' title='bbox 774 1951 842 2004; x_wconf 90' lang='lat' dir='ltr'><strong>ab</strong></span> <span class='ocrx_word' id='word_1_157' title='bbox 876 1951 954 2004; x_wconf 90' lang='lat' dir='ltr'><strong>eis</strong></span> <span class='ocrx_word' id='word_1_158' title='bbox 988 1951 1272 2015; x_wconf 88' lang='lat' dir='ltr'><strong>didicerat,</strong></span> <span class='ocrx_word' id='word_1_159' title='bbox 1308 1964 1467 2020; x_wconf 89' lang='lat' dir='ltr'><strong>atque</strong></span> <span class='ocrx_word' id='word_1_160' title='bbox 1498 1962 1622 2005; x_wconf 83' lang='lat' dir='ltr'><strong>ante</strong></span> <span class='ocrx_word' id='word_1_161' title='bbox 1652 1967 1773 2006; x_wconf 91' lang='lat' dir='ltr'><strong>eum</strong></span> <span class='ocrx_word' id='word_1_162' title='bbox 1799 1954 1961 2007; x_wconf 85' lang='lat' dir='ltr'><strong>Arius</strong></span> <span class='ocrx_word' id='word_1_163' title='bbox 2003 1953 2115 2023; x_wconf 89' lang='lat' dir='ltr'><strong>ipse</strong></span> 
     </span>
    </p>
   </div>
   <div class='ocr_carea' id='block_1_22' title="bbox 547 2034 2112 2115">
    <p class='ocr_par' dir='ltr' id='par_1_22' title="bbox 547 2034 2112 2115">
     <span class='ocr_line' id='line_1_22' title="bbox 547 2034 2112 2115; baseline 0.003 -18"><span class='ocrx_word' id='word_1_164' title='bbox 547 2056 785 2112; x_wconf 89' lang='lat' dir='ltr'><strong>quoque,</strong></span> <span class='ocrx_word' id='word_1_165' title='bbox 825 2043 1275 2112; x_wconf 84' lang='lat' dir='ltr'><strong>quemadmodum</strong></span> <span class='ocrx_word' id='word_1_166' title='bbox 1322 2059 1481 2115; x_wconf 84' lang='lat' dir='ltr'><strong>supra</strong></span> <span class='ocrx_word' id='word_1_167' title='bbox 1524 2045 1726 2098; x_wconf 92' lang='lat' dir='ltr'><strong>dictum</strong></span> <span class='ocrx_word' id='word_1_168' title='bbox 1760 2056 1863 2100; x_wconf 91' lang='lat' dir='ltr'><strong>est.</strong></span> <span class='ocrx_word' id='word_1_169' title='bbox 1918 2034 2112 2102; x_wconf 79' lang='lat' dir='ltr'><strong>Verum</strong></span> 
     </span>
    </p>
   </div>
   <div class='ocr_carea' id='block_1_23' title="bbox 546 2135 2109 2205">
    <p class='ocr_par' dir='ltr' id='par_1_23' title="bbox 546 2135 2109 2205">
     <span class='ocr_line' id='line_1_23' title="bbox 546 2135 2109 2205; baseline 0.003 -16"><span class='ocrx_word' id='word_1_170' title='bbox 546 2135 633 2189; x_wconf 89' lang='lat' dir='ltr'><strong>ubi</strong></span> <span class='ocrx_word' id='word_1_171' title='bbox 673 2136 910 2205; x_wconf 89' lang='lat' dir='ltr'><strong>episcopi</strong></span> <span class='ocrx_word' id='word_1_172' title='bbox 943 2136 1152 2189; x_wconf 89' lang='lat' dir='ltr'><strong>illorum</strong></span> <span class='ocrx_word' id='word_1_173' title='bbox 1181 2135 1582 2191; x_wconf 85' lang='lat' dir='ltr'><strong>simulationem</strong></span> <span class='ocrx_word' id='word_1_174' title='bbox 1610 2138 1711 2194; x_wconf 88' lang='lat' dir='ltr'><strong>bac</strong></span> <span class='ocrx_word' id='word_1_175' title='bbox 1758 2140 1809 2193; x_wconf 92' lang='lat' dir='ltr'><strong>in</strong></span> <span class='ocrx_word' id='word_1_176' title='bbox 1845 2155 1904 2195; x_wconf 91' lang='lat' dir='ltr'><strong>re</strong></span> <span class='ocrx_word' id='word_1_177' title='bbox 1938 2141 2109 2195; x_wconf 87' lang='lat' dir='ltr'><strong>anim-</strong></span> 
     </span>
    </p>
   </div>
   <div class='ocr_carea' id='block_1_24' title="bbox 546 2226 2111 2299">
    <p class='ocr_par' dir='ltr' id='par_1_24' title="bbox 546 2226 2111 2299">
     <span class='ocr_line' id='line_1_24' title="bbox 546 2226 2111 2299; baseline 0.003 -21"><span class='ocrx_word' id='word_1_178' title='bbox 546 2226 916 2290; x_wconf 82' lang='lat' dir='ltr'><strong>adverterunt,</strong></span> <span class='ocrx_word' id='word_1_179' title='bbox 948 2226 1233 2294; x_wconf 87' lang='lat' dir='ltr'><strong>dolumque</strong></span> <span class='ocrx_word' id='word_1_180' title='bbox 1274 2241 1394 2280; x_wconf 87' lang='lat' dir='ltr'><strong>esse</strong></span> <span class='ocrx_word' id='word_1_181' title='bbox 1448 2227 1498 2280; x_wconf 92' lang='lat' dir='ltr'><strong>in</strong></span> <span class='ocrx_word' id='word_1_182' title='bbox 1551 2229 1802 2283; x_wconf 83' lang='lat' dir='ltr'><strong>cordibus</strong></span> <span class='ocrx_word' id='word_1_183' title='bbox 1828 2229 2111 2299; x_wconf 90' lang='lat' dir='ltr'><strong>impiorum</strong></span> 
     </span>
    </p>
   </div>
   <div class='ocr_carea' id='block_1_25' title="bbox 546 2315 2109 2387">
    <p class='ocr_par' dir='ltr' id='par_1_25' title="bbox 546 2315 2109 2387">
     <span class='ocr_line' id='line_1_25' title="bbox 546 2315 2109 2387; baseline 0.001 -17"><span class='ocrx_word' id='word_1_184' title='bbox 546 2317 684 2370; x_wconf 86' lang='lat' dir='ltr'><strong>mala</strong></span> <span class='ocrx_word' id='word_1_185' title='bbox 720 2316 1095 2387; x_wconf 78' lang='lat' dir='ltr'><strong>cogitantium,</strong></span> <span class='ocrx_word' id='word_1_186' title='bbox 1128 2324 1185 2368; x_wconf 93' lang='lat' dir='ltr'><strong>ut</strong></span> <span class='ocrx_word' id='word_1_187' title='bbox 1219 2316 1293 2369; x_wconf 90' lang='lat' dir='ltr'><strong>ait</strong></span> <span class='ocrx_word' id='word_1_188' title='bbox 1333 2315 1613 2385; x_wconf 86' lang='lat' dir='ltr'><strong>Scriptura</strong></span> <span class='ocrx_word' id='word_1_189' title='bbox 1644 2317 1690 2348; x_wconf 82' lang='grc'><strong>⁸⁸</strong></span> <span class='ocrx_word' id='word_1_190' title='bbox 1728 2335 1741 2371; x_wconf 90' lang='lat'><strong>:</strong></span> <span class='ocrx_word' id='word_1_191' title='bbox 1785 2320 2109 2372; x_wconf 88' lang='lat' dir='ltr'><strong>sententiam</strong></span> 
     </span>
    </p>
   </div>
   <div class='ocr_carea' id='block_1_26' title="bbox 548 2406 2111 2478">
    <p class='ocr_par' dir='ltr' id='par_1_26' title="bbox 548 2406 2111 2478">
     <span class='ocr_line' id='line_1_26' title="bbox 548 2406 2111 2478; baseline 0.002 -17"><span class='ocrx_word' id='word_1_192' title='bbox 548 2422 735 2461; x_wconf 88' lang='lat' dir='ltr'><strong>rursus</strong></span> <span class='ocrx_word' id='word_1_193' title='bbox 768 2407 870 2473; x_wconf 88' lang='lat' dir='ltr'><strong>ipsi</strong></span> <span class='ocrx_word' id='word_1_194' title='bbox 904 2421 969 2460; x_wconf 82' lang='lat' dir='ltr'><strong>ex</strong></span> <span class='ocrx_word' id='word_1_195' title='bbox 1018 2406 1316 2477; x_wconf 79' lang='lat' dir='ltr'><strong>Scripturis</strong></span> <span class='ocrx_word' id='word_1_196' title='bbox 1351 2408 1603 2478; x_wconf 85' lang='lat' dir='ltr'><strong>colligere</strong></span> <span class='ocrx_word' id='word_1_197' title='bbox 1642 2418 1768 2464; x_wconf 90' lang='lat' dir='ltr'><strong>sunt</strong></span> <span class='ocrx_word' id='word_1_198' title='bbox 1807 2410 2016 2475; x_wconf 89' lang='lat' dir='ltr'><strong>coacti,</strong></span> <span class='ocrx_word' id='word_1_199' title='bbox 2056 2420 2111 2465; x_wconf 88' lang='lat' dir='ltr'><strong>et</strong></span> 
     </span>
    </p>
   </div>
   <div class='ocr_carea' id='block_1_27' title="bbox 544 2496 2109 2566">
    <p class='ocr_par' dir='ltr' id='par_1_27' title="bbox 544 2496 2109 2566">
     <span class='ocr_line' id='line_1_27' title="bbox 544 2496 2109 2566; baseline 0.003 -16"><span class='ocrx_word' id='word_1_200' title='bbox 544 2512 663 2566; x_wconf 70' lang='lat' dir='ltr'><strong>quze</strong></span> <span class='ocrx_word' id='word_1_201' title='bbox 702 2505 863 2549; x_wconf 86' lang='lat' dir='ltr'><strong>antea</strong></span> <span class='ocrx_word' id='word_1_202' title='bbox 913 2496 1187 2561; x_wconf 79' lang='lat' dir='ltr'><strong>dixerant,</strong></span> <span class='ocrx_word' id='word_1_203' title='bbox 1237 2498 1423 2551; x_wconf 82' lang='lat' dir='ltr'><strong>eadem</strong></span> <span class='ocrx_word' id='word_1_204' title='bbox 1461 2499 1786 2553; x_wconf 90' lang='lat' dir='ltr'><strong>clarioribus</strong></span> <span class='ocrx_word' id='word_1_205' title='bbox 1814 2500 1994 2555; x_wconf 81' lang='lat' dir='ltr'><strong>verbis</strong></span> <span class='ocrx_word' id='word_1_206' title='bbox 2038 2501 2109 2555; x_wconf 85' lang='lat' dir='ltr'><strong>si-</strong></span> 
     </span>
    </p>
   </div>
   <div class='ocr_carea' id='block_1_28' title="bbox 544 2587 2110 2657">
    <p class='ocr_par' dir='ltr' id='par_1_28' title="bbox 544 2587 2110 2657">
     <span class='ocr_line' id='line_1_28' title="bbox 544 2587 2110 2657; baseline 0.004 -17"><span class='ocrx_word' id='word_1_207' title='bbox 544 2587 842 2657; x_wconf 83' lang='lat' dir='ltr'><strong>gniﬁcare,</strong></span> <span class='ocrx_word' id='word_1_208' title='bbox 874 2602 937 2640; x_wconf 89' lang='lat' dir='ltr'><strong>ac</strong></span> <span class='ocrx_word' id='word_1_209' title='bbox 982 2587 1213 2657; x_wconf 86' lang='lat' dir='ltr'><strong>denique</strong></span> <span class='ocrx_word' id='word_1_210' title='bbox 1265 2588 1502 2641; x_wconf 89' lang='lat' dir='ltr'><strong>scribere</strong></span> <span class='ocrx_word' id='word_1_211' title='bbox 1556 2587 1747 2642; x_wconf 87' lang='lat' dir='ltr'><strong>Filium</strong></span> <span class='ocrx_word' id='word_1_212' title='bbox 1798 2588 1944 2643; x_wconf 91' lang='lat' dir='ltr'><strong>Patri</strong></span> <span class='ocrx_word' id='word_1_213' title='bbox 1990 2607 2110 2646; x_wconf 83' lang='lat' dir='ltr'><strong>esse</strong></span> 
     </span>
    </p>
   </div>
   <div class='ocr_carea' id='block_1_29' title="bbox 545 2678 2108 2750">
    <p class='ocr_par' dir='ltr' id='par_1_29' title="bbox 545 2678 2108 2750">
     <span class='ocr_line' id='line_1_29' title="bbox 545 2678 2108 2750; baseline 0.002 -18"><span class='ocrx_word' id='word_1_214' title='bbox 545 2678 1087 2740; x_wconf 83' lang='lat' dir='ltr'><strong>consubstantialem,</strong></span> <span class='ocrx_word' id='word_1_215' title='bbox 1135 2689 1194 2732; x_wconf 90' lang='lat' dir='ltr'><strong>ut</strong></span> <span class='ocrx_word' id='word_1_216' title='bbox 1241 2679 1450 2733; x_wconf 75' lang='lat' dir='ltr'><strong>scilicet</strong></span> <span class='ocrx_word' id='word_1_217' title='bbox 1498 2680 1866 2750; x_wconf 74' lang='lat' dir='ltr'><strong>significarent</strong></span> <span class='ocrx_word' id='word_1_218' title='bbox 1915 2682 2108 2735; x_wconf 86' lang='lat' dir='ltr'><strong>Filium</strong></span> 
     </span>
    </p>
   </div>
   <div class='ocr_carea' id='block_1_30' title="bbox 545 2771 2109 2838">
    <p class='ocr_par' dir='ltr' id='par_1_30' title="bbox 545 2771 2109 2838">
     <span class='ocr_line' id='line_1_30' title="bbox 545 2771 2109 2838; baseline 0.003 -13"><span class='ocrx_word' id='word_1_219' title='bbox 545 2786 651 2825; x_wconf 91' lang='lat' dir='ltr'><strong>non</strong></span> <span class='ocrx_word' id='word_1_220' title='bbox 684 2780 885 2824; x_wconf 87' lang='lat' dir='ltr'><strong>tantum</strong></span> <span class='ocrx_word' id='word_1_221' title='bbox 918 2771 1170 2838; x_wconf 89' lang='lat' dir='ltr'><strong>similem,</strong></span> <span class='ocrx_word' id='word_1_222' title='bbox 1200 2772 1290 2826; x_wconf 91' lang='lat' dir='ltr'><strong>sed</strong></span> <span class='ocrx_word' id='word_1_223' title='bbox 1328 2771 1572 2826; x_wconf 85' lang='lat' dir='ltr'><strong>eamdem</strong></span> <span class='ocrx_word' id='word_1_224' title='bbox 1608 2788 1719 2825; x_wconf 90' lang='lat' dir='ltr'><strong>rem</strong></span> <span class='ocrx_word' id='word_1_225' title='bbox 1754 2772 2109 2830; x_wconf 84' lang='lat' dir='ltr'><strong>similitudine</strong></span> 
     </span>
    </p>
   </div>
   <div class='ocr_carea' id='block_1_31' title="bbox 545 2862 2108 2934">
    <p class='ocr_par' dir='ltr' id='par_1_31' title="bbox 545 2862 2108 2934">
     <span class='ocr_line' id='line_1_31' title="bbox 545 2862 2108 2934; baseline 0.001 -17"><span class='ocrx_word' id='word_1_226' title='bbox 545 2878 664 2917; x_wconf 88' lang='lat' dir='ltr'><strong>esse</strong></span> <span class='ocrx_word' id='word_1_227' title='bbox 697 2878 762 2917; x_wconf 81' lang='lat' dir='ltr'><strong>ex</strong></span> <span class='ocrx_word' id='word_1_228' title='bbox 800 2862 996 2928; x_wconf 89' lang='lat' dir='ltr'><strong>Patre,</strong></span> <span class='ocrx_word' id='word_1_229' title='bbox 1035 2874 1198 2934; x_wconf 91' lang='lat' dir='ltr'><strong>atque</strong></span> <span class='ocrx_word' id='word_1_230' title='bbox 1234 2873 1287 2918; x_wconf 89' lang='lat' dir='ltr'><strong>ut</strong></span> <span class='ocrx_word' id='word_1_231' title='bbox 1323 2864 1731 2919; x_wconf 89' lang='lat' dir='ltr'><strong>similitudinem</strong></span> <span class='ocrx_word' id='word_1_232' title='bbox 1767 2877 1822 2919; x_wconf 88' lang='lat' dir='ltr'><strong>et</strong></span> <span class='ocrx_word' id='word_1_233' title='bbox 1856 2866 2108 2919; x_wconf 85' lang='lat' dir='ltr'><strong>immuta—</strong></span> 
     </span>
    </p>
   </div>
   <div class='ocr_carea' id='block_1_32' title="bbox 544 2954 2107 3010">
    <p class='ocr_par' dir='ltr' id='par_1_32' title="bbox 544 2954 2107 3010">
     <span class='ocr_line' id='line_1_32' title="bbox 544 2954 2107 3010; baseline 0.001 -2"><span class='ocrx_word' id='word_1_234' title='bbox 544 2955 807 3009; x_wconf 89' lang='lat' dir='ltr'><strong>bilitatem</strong></span> <span class='ocrx_word' id='word_1_235' title='bbox 840 2954 959 3009; x_wconf 84' lang='lat' dir='ltr'><strong>Filii</strong></span> <span class='ocrx_word' id='word_1_236' title='bbox 992 2954 1152 3007; x_wconf 90' lang='lat' dir='ltr'><strong>aliam</strong></span> <span class='ocrx_word' id='word_1_237' title='bbox 1180 2955 1400 3008; x_wconf 91' lang='lat' dir='ltr'><strong>omnino</strong></span> <span class='ocrx_word' id='word_1_238' title='bbox 1431 2969 1551 3009; x_wconf 90' lang='lat' dir='ltr'><strong>esse</strong></span> <span class='ocrx_word' id='word_1_239' title='bbox 1577 2957 1925 3010; x_wconf 83' lang='lat' dir='ltr'><strong>ostenderent</strong></span> <span class='ocrx_word' id='word_1_240' title='bbox 1950 2956 2017 3009; x_wconf 89' lang='lat' dir='ltr'><strong>ab</strong></span> <span class='ocrx_word' id='word_1_241' title='bbox 2044 2971 2107 3010; x_wconf 87' lang='lat' dir='ltr'><strong>ea</strong></span> 
     </span>
    </p>
   </div>
   <div class='ocr_carea' id='block_1_33' title="bbox 542 3047 2107 3117">
    <p class='ocr_par' dir='ltr' id='par_1_33' title="bbox 542 3047 2107 3117">
     <span class='ocr_line' id='line_1_33' title="bbox 542 3047 2107 3117; baseline 0 -15"><span class='ocrx_word' id='word_1_242' title='bbox 542 3047 865 3113; x_wconf 85' lang='lat' dir='ltr'><strong>imitatione,</strong></span> <span class='ocrx_word' id='word_1_243' title='bbox 895 3062 1012 3117; x_wconf 74' lang='lat' dir='ltr'><strong>qua:</strong></span> <span class='ocrx_word' id='word_1_244' title='bbox 1040 3048 1093 3101; x_wconf 93' lang='lat' dir='ltr'><strong>in</strong></span> <span class='ocrx_word' id='word_1_245' title='bbox 1121 3047 1277 3101; x_wconf 91' lang='lat' dir='ltr'><strong>nobis</strong></span> <span class='ocrx_word' id='word_1_246' title='bbox 1305 3061 1425 3103; x_wconf 81' lang='lat' dir='ltr'><strong>esse</strong></span> <span class='ocrx_word' id='word_1_247' title='bbox 1458 3047 1677 3111; x_wconf 89' lang='lat' dir='ltr'><strong>dicitur,</strong></span> <span class='ocrx_word' id='word_1_248' title='bbox 1702 3062 1866 3117; x_wconf 83' lang='lat' dir='ltr'><strong>quam</strong></span> <span class='ocrx_word' id='word_1_249' title='bbox 1892 3048 2107 3117; x_wconf 88' lang='lat' dir='ltr'><strong>quidem</strong></span> 
     </span>
    </p>
   </div>
   <div class='ocr_carea' id='block_1_34' title="bbox 542 3139 2109 3210">
    <p class='ocr_par' dir='ltr' id='par_1_34' title="bbox 542 3139 2109 3210">
     <span class='ocr_line' id='line_1_34' title="bbox 542 3139 2109 3210; baseline -0.002 -13"><span class='ocrx_word' id='word_1_250' title='bbox 542 3157 642 3197; x_wconf 87' lang='lat' dir='ltr'><strong>nos</strong></span> <span class='ocrx_word' id='word_1_251' title='bbox 670 3152 891 3210; x_wconf 83' lang='lat' dir='ltr'><strong>pmpter</strong></span> <span class='ocrx_word' id='word_1_252' title='bbox 926 3140 1304 3195; x_wconf 87' lang='lat' dir='ltr'><strong>mandatorum</strong></span> <span class='ocrx_word' id='word_1_253' title='bbox 1340 3141 1775 3195; x_wconf 84' lang='lat' dir='ltr'><strong>observationem</strong></span> <span class='ocrx_word' id='word_1_254' title='bbox 1807 3154 1874 3194; x_wconf 80' lang='lat' dir='ltr'><strong>ex</strong></span> <span class='ocrx_word' id='word_1_255' title='bbox 1912 3139 2109 3194; x_wconf 87' lang='lat' dir='ltr'><strong>virtute</strong></span> 
     </span>
    </p>
   </div>
   <div class='ocr_carea' id='block_1_35' title="bbox 541 3229 2109 3304">
    <p class='ocr_par' dir='ltr' id='par_1_35' title="bbox 541 3229 2109 3304">
     <span class='ocr_line' id='line_1_35' title="bbox 541 3229 2109 3304; baseline -0.003 -14"><span class='ocrx_word' id='word_1_256' title='bbox 541 3236 944 3304; x_wconf 88' lang='lat' dir='ltr'><strong>consequimur.</strong></span> <span class='ocrx_word' id='word_1_257' title='bbox 967 3232 1209 3301; x_wconf 81' lang='lat' dir='ltr'><strong>Namque</strong></span> <span class='ocrx_word' id='word_1_258' title='bbox 1237 3233 1377 3300; x_wconf 88' lang='lat' dir='ltr'><strong>quod</strong></span> <span class='ocrx_word' id='word_1_259' title='bbox 1405 3241 1614 3301; x_wconf 87' lang='lat' dir='ltr'><strong>spectat</strong></span> <span class='ocrx_word' id='word_1_260' title='bbox 1644 3229 1712 3285; x_wconf 90' lang='lat' dir='ltr'><strong>ad</strong></span> <span class='ocrx_word' id='word_1_261' title='bbox 1742 3245 1967 3299; x_wconf 91' lang='lat' dir='ltr'><strong>corpora</strong></span> <span class='ocrx_word' id='word_1_262' title='bbox 1990 3246 2109 3299; x_wconf 72' lang='lat' dir='ltr'><strong>qua:</strong></span> 
     </span>
    </p>
   </div>
   <div class='ocr_carea' id='block_1_36' title="bbox 541 3322 2110 3391">
    <p class='ocr_par' dir='ltr' id='par_1_36' title="bbox 541 3322 2110 3391">
     <span class='ocr_line' id='line_1_36' title="bbox 541 3322 2110 3391; baseline -0.003 -10"><span class='ocrx_word' id='word_1_263' title='bbox 541 3328 681 3382; x_wconf 87' lang='lat' dir='ltr'><strong>inter</strong></span> <span class='ocrx_word' id='word_1_264' title='bbox 710 3340 768 3381; x_wconf 89' lang='lat' dir='ltr'><strong>se</strong></span> <span class='ocrx_word' id='word_1_265' title='bbox 805 3336 932 3381; x_wconf 90' lang='lat' dir='ltr'><strong>sunt</strong></span> <span class='ocrx_word' id='word_1_266' title='bbox 967 3325 1189 3389; x_wconf 89' lang='lat' dir='ltr'><strong>similia,</strong></span> <span class='ocrx_word' id='word_1_267' title='bbox 1227 3323 1313 3379; x_wconf 82' lang='lat' dir='ltr'><strong>illa</strong></span> <span class='ocrx_word' id='word_1_268' title='bbox 1356 3332 1502 3377; x_wconf 87' lang='lat' dir='ltr'><strong>certe</strong></span> <span class='ocrx_word' id='word_1_269' title='bbox 1539 3323 1745 3377; x_wconf 87' lang='lat' dir='ltr'><strong>distare</strong></span> <span class='ocrx_word' id='word_1_270' title='bbox 1774 3332 1828 3377; x_wconf 89' lang='lat' dir='ltr'><strong>et</strong></span> <span class='ocrx_word' id='word_1_271' title='bbox 1864 3322 2048 3391; x_wconf 91' lang='lat' dir='ltr'><strong>procul</strong></span> <span class='ocrx_word' id='word_1_272' title='bbox 2080 3337 2110 3376; x_wconf 86' lang='lat' dir='ltr'><strong>a</strong></span> 
     </span>
    </p>
   </div>
   <div class='ocr_carea' id='block_1_37' title="bbox 538 3410 2108 3482">
    <p class='ocr_par' dir='ltr' id='par_1_37' title="bbox 538 3410 2108 3482">
     <span class='ocr_line' id='line_1_37' title="bbox 538 3410 2108 3482; baseline -0.002 -15"><span class='ocrx_word' id='word_1_273' title='bbox 538 3428 598 3469; x_wconf 84' lang='lat' dir='ltr'><strong>se</strong></span> <span class='ocrx_word' id='word_1_274' title='bbox 627 3412 856 3468; x_wconf 87' lang='lat' dir='ltr'><strong>invicem</strong></span> <span class='ocrx_word' id='word_1_275' title='bbox 886 3422 1107 3482; x_wconf 89' lang='lat' dir='ltr'><strong>possunt</strong></span> <span class='ocrx_word' id='word_1_276' title='bbox 1152 3412 1341 3466; x_wconf 88' lang='lat' dir='ltr'><strong>abesse</strong></span> <span class='ocrx_word' id='word_1_277' title='bbox 1362 3452 1376 3473; x_wconf 90' lang='lat'><strong>,</strong></span> <span class='ocrx_word' id='word_1_278' title='bbox 1410 3421 1469 3464; x_wconf 89' lang='lat' dir='ltr'><strong>ut</strong></span> <span class='ocrx_word' id='word_1_279' title='bbox 1500 3412 1697 3465; x_wconf 89' lang='lat' dir='ltr'><strong>accidit</strong></span> <span class='ocrx_word' id='word_1_280' title='bbox 1730 3412 2006 3464; x_wconf 88' lang='lat' dir='ltr'><strong>hominum</strong></span> <span class='ocrx_word' id='word_1_281' title='bbox 2043 3410 2108 3464; x_wconf 87' lang='lat' dir='ltr'><strong>li-</strong></span> 
     </span>
    </p>
   </div>
   <div class='ocr_carea' id='block_1_38' title="bbox 537 3503 2110 3574">
    <p class='ocr_par' dir='ltr' id='par_1_38' title="bbox 537 3503 2110 3574">
     <span class='ocr_line' id='line_1_38' title="bbox 537 3503 2110 3574; baseline -0.001 -16"><span class='ocrx_word' id='word_1_282' title='bbox 537 3505 683 3559; x_wconf 85' lang='lat' dir='ltr'><strong>beris</strong></span> <span class='ocrx_word' id='word_1_283' title='bbox 734 3518 862 3574; x_wconf 83' lang='lat' dir='ltr'><strong>erga</strong></span> <span class='ocrx_word' id='word_1_284' title='bbox 914 3506 1165 3573; x_wconf 90' lang='lat' dir='ltr'><strong>proprios</strong></span> <span class='ocrx_word' id='word_1_285' title='bbox 1216 3514 1489 3572; x_wconf 88' lang='lat' dir='ltr'><strong>parentes,</strong></span> <span class='ocrx_word' id='word_1_286' title='bbox 1543 3503 1996 3572; x_wconf 83' lang='lat' dir='ltr'><strong>quemadmodum</strong></span> <span class='ocrx_word' id='word_1_287' title='bbox 2044 3505 2110 3557; x_wconf 91' lang='lat' dir='ltr'><strong>de</strong></span> 
     </span>
    </p>
   </div>
   <div class='ocr_carea' id='block_1_39' title="bbox 536 3595 2105 3665">
    <p class='ocr_par' dir='ltr' id='par_1_39' title="bbox 536 3595 2105 3665">
     <span class='ocr_line' id='line_1_39' title="bbox 536 3595 2105 3665; baseline -0.001 -14"><span class='ocrx_word' id='word_1_288' title='bbox 536 3596 710 3651; x_wconf 77' lang='lat' dir='ltr'><strong>Adam</strong></span> <span class='ocrx_word' id='word_1_289' title='bbox 754 3606 808 3651; x_wconf 90' lang='lat' dir='ltr'><strong>et</strong></span> <span class='ocrx_word' id='word_1_290' title='bbox 851 3597 983 3652; x_wconf 89' lang='lat' dir='ltr'><strong>Se&#39;th</strong></span> <span class='ocrx_word' id='word_1_291' title='bbox 1024 3612 1181 3665; x_wconf 87' lang='lat' dir='ltr'><strong>quem</strong></span> <span class='ocrx_word' id='word_1_292' title='bbox 1214 3595 1300 3648; x_wconf 87' lang='lat' dir='ltr'><strong>ille</strong></span> <span class='ocrx_word' id='word_1_293' title='bbox 1335 3596 1549 3664; x_wconf 84' lang='lat' dir='ltr'><strong>genuit,</strong></span> <span class='ocrx_word' id='word_1_294' title='bbox 1592 3595 1853 3663; x_wconf 86' lang='lat' dir='ltr'><strong>scriptum</strong></span> <span class='ocrx_word' id='word_1_295' title='bbox 1907 3606 1993 3651; x_wconf 88' lang='lat' dir='ltr'><strong>est</strong></span> <span class='ocrx_word' id='word_1_296' title='bbox 2040 3596 2105 3661; x_wconf 84' lang='grc'><strong>⁸⁷,</strong></span> 
     </span>
    </p>
   </div>
   <div class='ocr_carea' id='block_1_40' title="bbox 536 3686 2105 3761">
    <p class='ocr_par' dir='ltr' id='par_1_40' title="bbox 536 3686 2105 3761">
     <span class='ocr_line' id='line_1_40' title="bbox 536 3686 2105 3761; baseline -0.003 -18"><span class='ocrx_word' id='word_1_297' title='bbox 536 3704 731 3761; x_wconf 88' lang='lat' dir='ltr'><strong>nempe</strong></span> <span class='ocrx_word' id='word_1_298' title='bbox 759 3690 989 3745; x_wconf 87' lang='lat' dir='ltr'><strong>similem</strong></span> <span class='ocrx_word' id='word_1_299' title='bbox 1034 3688 1195 3759; x_wconf 78' lang='lat'><strong>178</strong></span> <span class='ocrx_word' id='word_1_300' title='bbox 1235 3687 1307 3741; x_wconf 89' lang='lat' dir='ltr'><strong>illi</strong></span> <span class='ocrx_word' id='word_1_301' title='bbox 1355 3688 1518 3742; x_wconf 83' lang='lat' dir='ltr'><strong>fuisse</strong></span> <span class='ocrx_word' id='word_1_302' title='bbox 1551 3688 1844 3742; x_wconf 88' lang='lat' dir='ltr'><strong>secundum</strong></span> <span class='ocrx_word' id='word_1_303' title='bbox 1874 3686 2105 3754; x_wconf 88' lang='lat' dir='ltr'><strong>speciem</strong></span> 
     </span>
    </p>
   </div>
   <div class='ocr_carea' id='block_1_41' title="bbox 535 3779 2107 3850">
    <p class='ocr_par' dir='ltr' id='par_1_41' title="bbox 535 3779 2107 3850">
     <span class='ocr_line' id='line_1_41' title="bbox 535 3779 2107 3850; baseline -0.002 -15"><span class='ocrx_word' id='word_1_304' title='bbox 535 3795 712 3837; x_wconf 83' lang='lat' dir='ltr'><strong>suam.</strong></span> <span class='ocrx_word' id='word_1_305' title='bbox 732 3783 932 3837; x_wconf 81' lang='lat' dir='ltr'><strong>Verum</strong></span> <span class='ocrx_word' id='word_1_306' title='bbox 956 3797 1078 3835; x_wconf 86' lang='lat' dir='ltr'><strong>cum</strong></span> <span class='ocrx_word' id='word_1_307' title='bbox 1103 3781 1222 3834; x_wconf 84' lang='lat' dir='ltr'><strong>Filii</strong></span> <span class='ocrx_word' id='word_1_308' title='bbox 1250 3796 1315 3834; x_wconf 81' lang='lat' dir='ltr'><strong>ex</strong></span> <span class='ocrx_word' id='word_1_309' title='bbox 1348 3779 1506 3835; x_wconf 85' lang='lat' dir='ltr'><strong>Patre</strong></span> <span class='ocrx_word' id='word_1_310' title='bbox 1528 3779 1803 3850; x_wconf 79' lang='lat' dir='ltr'><strong>generatio</strong></span> <span class='ocrx_word' id='word_1_311' title='bbox 1824 3779 1926 3833; x_wconf 89' lang='lat' dir='ltr'><strong>alia</strong></span> <span class='ocrx_word' id='word_1_312' title='bbox 1950 3779 2107 3848; x_wconf 88' lang='lat' dir='ltr'><strong>plane</strong></span> 
     </span>
    </p>
   </div>
   <div class='ocr_carea' id='block_1_42' title="bbox 535 3870 2103 3937">
    <p class='ocr_par' dir='ltr' id='par_1_42' title="bbox 535 3870 2103 3937">
     <span class='ocr_line' id='line_1_42' title="bbox 535 3870 2103 3937; baseline -0.001 -10"><span class='ocrx_word' id='word_1_313' title='bbox 535 3873 656 3928; x_wconf 87' lang='lat' dir='ltr'><strong>sita</strong></span> <span class='ocrx_word' id='word_1_314' title='bbox 684 3882 877 3928; x_wconf 89' lang='lat' dir='ltr'><strong>natura</strong></span> <span class='ocrx_word' id='word_1_315' title='bbox 906 3874 1208 3937; x_wconf 90' lang='lat' dir='ltr'><strong>hominum,</strong></span> <span class='ocrx_word' id='word_1_316' title='bbox 1234 3887 1333 3927; x_wconf 90' lang='lat' dir='ltr'><strong>nec</strong></span> <span class='ocrx_word' id='word_1_317' title='bbox 1353 3871 1522 3926; x_wconf 92' lang='lat' dir='ltr'><strong>solum</strong></span> <span class='ocrx_word' id='word_1_318' title='bbox 1548 3872 1738 3926; x_wconf 90' lang='lat' dir='ltr'><strong>similis</strong></span> <span class='ocrx_word' id='word_1_319' title='bbox 1762 3872 1851 3925; x_wconf 92' lang='lat' dir='ltr'><strong>ille</strong></span> <span class='ocrx_word' id='word_1_320' title='bbox 1875 3872 1945 3925; x_wconf 91' lang='lat' dir='ltr'><strong>sit</strong></span> <span class='ocrx_word' id='word_1_321' title='bbox 1974 3870 2103 3925; x_wconf 84' lang='lat' dir='ltr'><strong>sub—</strong></span> 
     </span>
    </p>
   </div>
   <div class='ocr_carea' id='block_1_43' title="bbox 534 3963 2103 4030">
    <p class='ocr_par' dir='ltr' id='par_1_43' title="bbox 534 3963 2103 4030">
     <span class='ocr_line' id='line_1_43' title="bbox 534 3963 2103 4030; baseline -0.002 -11"><span class='ocrx_word' id='word_1_322' title='bbox 534 3965 746 4019; x_wconf 57' lang='lat' dir='ltr'><strong>stantia!</strong></span> <span class='ocrx_word' id='word_1_323' title='bbox 761 3963 962 4029; x_wconf 89' lang='lat' dir='ltr'><strong>Patris,</strong></span> <span class='ocrx_word' id='word_1_324' title='bbox 986 3964 1076 4019; x_wconf 89' lang='lat' dir='ltr'><strong>sed</strong></span> <span class='ocrx_word' id='word_1_325' title='bbox 1104 3964 1270 4019; x_wconf 85' lang='lat' dir='ltr'><strong>dividi</strong></span> <span class='ocrx_word' id='word_1_326' title='bbox 1299 3963 1365 4017; x_wconf 88' lang='lat' dir='ltr'><strong>ab</strong></span> <span class='ocrx_word' id='word_1_327' title='bbox 1396 3978 1457 4017; x_wconf 91' lang='lat' dir='ltr'><strong>ea</strong></span> <span class='ocrx_word' id='word_1_328' title='bbox 1489 3978 1592 4016; x_wconf 92' lang='lat' dir='ltr'><strong>non</strong></span> <span class='ocrx_word' id='word_1_329' title='bbox 1620 3971 1798 4030; x_wconf 89' lang='lat' dir='ltr'><strong>queat,</strong></span> <span class='ocrx_word' id='word_1_330' title='bbox 1827 3978 1946 4015; x_wconf 89' lang='lat' dir='ltr'><strong>cum</strong></span> <span class='ocrx_word' id='word_1_331' title='bbox 1977 3964 2103 4017; x_wconf 90' lang='lat' dir='ltr'><strong>item</strong></span> 
     </span>
    </p>
   </div>
   <div class='ocr_carea' id='block_1_44' title="bbox 534 4053 2105 4126">
    <p class='ocr_par' dir='ltr' id='par_1_44' title="bbox 534 4053 2105 4126">
     <span class='ocr_line' id='line_1_44' title="bbox 534 4053 2105 4126; baseline -0.001 -18"><span class='ocrx_word' id='word_1_332' title='bbox 534 4070 701 4110; x_wconf 83' lang='lat' dir='ltr'><strong>unum</strong></span> <span class='ocrx_word' id='word_1_333' title='bbox 728 4056 842 4126; x_wconf 87' lang='lat' dir='ltr'><strong>ipse</strong></span> <span class='ocrx_word' id='word_1_334' title='bbox 872 4066 925 4110; x_wconf 92' lang='lat' dir='ltr'><strong>et</strong></span> <span class='ocrx_word' id='word_1_335' title='bbox 955 4056 1116 4112; x_wconf 90' lang='lat' dir='ltr'><strong>Pater</strong></span> <span class='ocrx_word' id='word_1_336' title='bbox 1143 4056 1274 4122; x_wconf 86' lang='lat' dir='ltr'><strong>sint,</strong></span> <span class='ocrx_word' id='word_1_337' title='bbox 1314 4062 1371 4108; x_wconf 87' lang='lat' dir='ltr'><strong>ut</strong></span> <span class='ocrx_word' id='word_1_338' title='bbox 1409 4053 1547 4109; x_wconf 90' lang='lat' dir='ltr'><strong>idem</strong></span> <span class='ocrx_word' id='word_1_339' title='bbox 1576 4053 1733 4119; x_wconf 79' lang='lat' dir='ltr'><strong>dixit,</strong></span> <span class='ocrx_word' id='word_1_340' title='bbox 1782 4067 2105 4123; x_wconf 88' lang='lat' dir='ltr'><strong>semperque</strong></span> 
     </span>
    </p>
   </div>
   <div class='ocr_carea' id='block_1_45' title="bbox 535 4139 2104 4208">
    <p class='ocr_par' dir='ltr' id='par_1_45' title="bbox 535 4139 2104 4208">
     <span class='ocr_line' id='line_1_45' title="bbox 535 4139 2104 4208; baseline 0.001 -12"><span class='ocrx_word' id='word_1_341' title='bbox 535 4142 772 4199; x_wconf 71' lang='lat' dir='ltr'><strong>Verbum</strong></span> <span class='ocrx_word' id='word_1_342' title='bbox 803 4145 875 4200; x_wconf 90' lang='lat' dir='ltr'><strong>sit</strong></span> <span class='ocrx_word' id='word_1_343' title='bbox 910 4146 963 4200; x_wconf 92' lang='lat' dir='ltr'><strong>in</strong></span> <span class='ocrx_word' id='word_1_344' title='bbox 991 4143 1170 4208; x_wconf 87' lang='lat' dir='ltr'><strong>Patre,</strong></span> <span class='ocrx_word' id='word_1_345' title='bbox 1205 4153 1259 4198; x_wconf 90' lang='lat' dir='ltr'><strong>et</strong></span> <span class='ocrx_word' id='word_1_346' title='bbox 1274 4139 1439 4198; x_wconf 86' lang='lat' dir='ltr'><strong>Pater</strong></span> <span class='ocrx_word' id='word_1_347' title='bbox 1469 4142 1520 4197; x_wconf 94' lang='lat' dir='ltr'><strong>in</strong></span> <span class='ocrx_word' id='word_1_348' title='bbox 1546 4141 1723 4197; x_wconf 81' lang='lat' dir='ltr'><strong>Verbo</strong></span> <span class='ocrx_word' id='word_1_349' title='bbox 1747 4143 1815 4206; x_wconf 84' lang='grc'><strong>⁸³,</strong></span> <span class='ocrx_word' id='word_1_350' title='bbox 1846 4157 1911 4197; x_wconf 91' lang='lat' dir='ltr'><strong>eo</strong></span> <span class='ocrx_word' id='word_1_351' title='bbox 1944 4143 2104 4198; x_wconf 89' lang='lat' dir='ltr'><strong>modo</strong></span> 
     </span>
    </p>
   </div>
   <div class='ocr_carea' id='block_1_46' title="bbox 535 4232 2105 4307">
    <p class='ocr_par' dir='ltr' id='par_1_46' title="bbox 535 4232 2105 4307">
     <span class='ocr_line' id='line_1_46' title="bbox 535 4232 2105 4307; baseline -0.001 -18"><span class='ocrx_word' id='word_1_352' title='bbox 535 4251 643 4305; x_wconf 90' lang='lat' dir='ltr'><strong>quo</strong></span> <span class='ocrx_word' id='word_1_353' title='bbox 688 4235 943 4307; x_wconf 89' lang='lat' dir='ltr'><strong>splendor</strong></span> <span class='ocrx_word' id='word_1_354' title='bbox 990 4250 1047 4290; x_wconf 90' lang='lat' dir='ltr'><strong>se</strong></span> <span class='ocrx_word' id='word_1_355' title='bbox 1088 4234 1250 4290; x_wconf 88' lang='lat' dir='ltr'><strong>habet</strong></span> <span class='ocrx_word' id='word_1_356' title='bbox 1298 4236 1365 4288; x_wconf 88' lang='lat' dir='ltr'><strong>ad</strong></span> <span class='ocrx_word' id='word_1_357' title='bbox 1405 4233 1617 4299; x_wconf 88' lang='lat' dir='ltr'><strong>lucem;</strong></span> <span class='ocrx_word' id='word_1_358' title='bbox 1665 4232 1718 4287; x_wconf 90' lang='lat' dir='ltr'><strong>id</strong></span> <span class='ocrx_word' id='word_1_359' title='bbox 1760 4234 1901 4287; x_wconf 89' lang='lat' dir='ltr'><strong>enim</strong></span> <span class='ocrx_word' id='word_1_360' title='bbox 1941 4234 2105 4289; x_wconf 91' lang='lat' dir='ltr'><strong>dictio</strong></span> 
     </span>
    </p>
   </div>
   <div class='ocr_carea' id='block_1_47' title="bbox 535 4327 2101 4400">
    <p class='ocr_par' dir='ltr' id='par_1_47' title="bbox 535 4327 2101 4400">
     <span class='ocr_line' id='line_1_47' title="bbox 535 4327 2101 4400; baseline 0 -19"><span class='ocrx_word' id='word_1_361' title='bbox 535 4329 649 4399; x_wconf 86' lang='lat' dir='ltr'><strong>ipsa</strong></span> <span class='ocrx_word' id='word_1_362' title='bbox 686 4328 955 4400; x_wconf 81' lang='lat' dir='ltr'><strong>signiﬁcat</strong></span> <span class='ocrx_word' id='word_1_363' title='bbox 985 4345 998 4382; x_wconf 91' lang='lat'>:</span> <span class='ocrx_word' id='word_1_364' title='bbox 1030 4327 1234 4383; x_wconf 90' lang='lat' dir='ltr'><strong>idcirco</strong></span> <span class='ocrx_word' id='word_1_365' title='bbox 1277 4327 1540 4398; x_wconf 82' lang='lat' dir='ltr'><strong>synodus,</strong></span> <span class='ocrx_word' id='word_1_366' title='bbox 1586 4342 1648 4381; x_wconf 92' lang='lat' dir='ltr'><strong>ea</strong></span> <span class='ocrx_word' id='word_1_367' title='bbox 1697 4343 1755 4382; x_wconf 89' lang='lat' dir='ltr'><strong>re</strong></span> <span class='ocrx_word' id='word_1_368' title='bbox 1796 4338 2101 4396; x_wconf 91' lang='lat' dir='ltr'><strong>perspecta,</strong></span> 
     </span>
    </p>
   </div>
   <div class='ocr_carea' id='block_1_48' title="bbox 531 4417 2100 4488">
    <p class='ocr_par' dir='ltr' id='par_1_48' title="bbox 531 4417 2100 4488">
     <span class='ocr_line' id='line_1_48' title="bbox 531 4417 2100 4488; baseline -0.001 -15"><span class='ocrx_word' id='word_1_369' title='bbox 531 4432 656 4474; x_wconf 87' lang='lat' dir='ltr'><strong>eum</strong></span> <span class='ocrx_word' id='word_1_370' title='bbox 684 4434 803 4476; x_wconf 86' lang='lat' dir='ltr'><strong>esse</strong></span> <span class='ocrx_word' id='word_1_371' title='bbox 826 4417 1342 4475; x_wconf 88' lang='lat' dir='ltr'><strong>consubstantialem</strong></span> <span class='ocrx_word' id='word_1_372' title='bbox 1375 4426 1522 4473; x_wconf 89' lang='lat' dir='ltr'><strong>recte</strong></span> <span class='ocrx_word' id='word_1_373' title='bbox 1553 4419 1793 4488; x_wconf 82' lang='lat' dir='ltr'><strong>scripsit,</strong></span> <span class='ocrx_word' id='word_1_374' title='bbox 1823 4427 1881 4471; x_wconf 90' lang='lat' dir='ltr'><strong>ut</strong></span> <span class='ocrx_word' id='word_1_375' title='bbox 1912 4429 1965 4473; x_wconf 92' lang='lat' dir='ltr'><strong>et</strong></span> <span class='ocrx_word' id='word_1_376' title='bbox 1988 4418 2100 4472; x_wconf 85' lang='lat' dir='ltr'><strong>hae-</strong></span> 
     </span>
    </p>
   </div>
   <div class='ocr_carea' id='block_1_49' title="bbox 533 4601 2104 4673">
    <p class='ocr_par' dir='ltr' id='par_1_49' title="bbox 533 4601 2104 4673">
     <span class='ocr_line' id='line_1_49' title="bbox 533 4601 2104 4673; baseline -0.001 -15"><span class='ocrx_word' id='word_1_377' title='bbox 533 4619 564 4659; x_wconf 82' lang='lat' dir='ltr'><strong>a</strong></span> <span class='ocrx_word' id='word_1_378' title='bbox 596 4605 754 4661; x_wconf 83' lang='lat' dir='ltr'><strong>factis</strong></span> <span class='ocrx_word' id='word_1_379' title='bbox 784 4606 945 4661; x_wconf 83' lang='lat' dir='ltr'><strong>rebus</strong></span> <span class='ocrx_word' id='word_1_380' title='bbox 964 4620 1082 4659; x_wconf 89' lang='lat' dir='ltr'><strong>esse</strong></span> <span class='ocrx_word' id='word_1_381' title='bbox 1111 4604 1441 4659; x_wconf 83' lang='lat' dir='ltr'><strong>ostenderet.</strong></span> <span class='ocrx_word' id='word_1_382' title='bbox 1470 4602 1606 4656; x_wconf 90' lang='lat' dir='ltr'><strong>llinc</strong></span> <span class='ocrx_word' id='word_1_383' title='bbox 1629 4601 1722 4656; x_wconf 89' lang='lat' dir='ltr'><strong>illa</strong></span> <span class='ocrx_word' id='word_1_384' title='bbox 1745 4616 1877 4658; x_wconf 89' lang='lat' dir='ltr'><strong>voce</strong></span> <span class='ocrx_word' id='word_1_385' title='bbox 1905 4603 2104 4673; x_wconf 81' lang='lat' dir='ltr'><strong>scripta</strong></span> 
     </span>
    </p>
   </div>
   <div class='ocr_carea' id='block_1_50' title="bbox 532 4693 2105 4766">
    <p class='ocr_par' dir='ltr' id='par_1_50' title="bbox 532 4693 2105 4766">
     <span class='ocr_line' id='line_1_50' title="bbox 532 4693 2105 4766; baseline -0.002 -16"><span class='ocrx_word' id='word_1_386' title='bbox 532 4696 715 4750; x_wconf 86' lang='lat' dir='ltr'><strong>statim</strong></span> <span class='ocrx_word' id='word_1_387' title='bbox 747 4696 938 4751; x_wconf 88' lang='lat' dir='ltr'><strong>Patres</strong></span> <span class='ocrx_word' id='word_1_388' title='bbox 981 4694 1309 4766; x_wconf 72' lang='lat' dir='ltr'><strong>subiungunt</strong></span> <span class='ocrx_word' id='word_1_389' title='bbox 1351 4710 1367 4747; x_wconf 93' lang='lat'><strong>:</strong></span> <span class='ocrx_word' id='word_1_390' title='bbox 1414 4713 1432 4746; x_wconf 87' lang='grc'><strong>‹</strong></span> <span class='ocrx_word' id='word_1_391' title='bbox 1474 4693 1567 4748; x_wconf 89' lang='lat' dir='ltr'><strong>llis</strong></span> <span class='ocrx_word' id='word_1_392' title='bbox 1610 4708 1740 4749; x_wconf 91' lang='lat' dir='ltr'><strong>vero</strong></span> <span class='ocrx_word' id='word_1_393' title='bbox 1779 4694 1872 4762; x_wconf 90' lang='lat' dir='ltr'><strong>qui</strong></span> <span class='ocrx_word' id='word_1_394' title='bbox 1917 4694 2105 4749; x_wconf 91' lang='lat' dir='ltr'><strong>dicunt</strong></span> 
     </span>
    </p>
   </div>
   <div class='ocr_carea' id='block_1_51' title="bbox 536 4785 2102 4851">
    <p class='ocr_par' dir='ltr' id='par_1_51' title="bbox 536 4785 2102 4851">
     <span class='ocr_line' id='line_1_51' title="bbox 536 4785 2102 4851; baseline 0 -12"><span class='ocrx_word' id='word_1_395' title='bbox 536 4786 732 4841; x_wconf 88' lang='lat' dir='ltr'><strong>Filium</strong></span> <span class='ocrx_word' id='word_1_396' title='bbox 764 4785 858 4839; x_wconf 88' lang='lat' dir='ltr'><strong>Dei</strong></span> <span class='ocrx_word' id='word_1_397' title='bbox 885 4801 952 4840; x_wconf 71' lang='lat' dir='ltr'><strong>es</strong></span> <span class='ocrx_word' id='word_1_398' title='bbox 980 4786 1149 4840; x_wconf 86' lang='lat' dir='ltr'><strong>nihilo</strong></span> <span class='ocrx_word' id='word_1_399' title='bbox 1171 4786 1283 4851; x_wconf 83' lang='lat' dir='ltr'><strong>sive</strong></span> <span class='ocrx_word' id='word_1_400' title='bbox 1323 4800 1389 4839; x_wconf 79' lang='lat' dir='ltr'><strong>ex</strong></span> <span class='ocrx_word' id='word_1_401' title='bbox 1419 4800 1522 4839; x_wconf 91' lang='lat' dir='ltr'><strong>non</strong></span> <span class='ocrx_word' id='word_1_402' title='bbox 1548 4785 1934 4840; x_wconf 81' lang='lat' dir='ltr'><strong>exsistentibus</strong></span> <span class='ocrx_word' id='word_1_403' title='bbox 1960 4800 2102 4850; x_wconf 90' lang='lat' dir='ltr'><strong>esse,</strong></span> 
     </span>
    </p>
   </div>
   <div class='ocr_carea' id='block_1_52' title="bbox 537 4875 2103 4941">
    <p class='ocr_par' dir='ltr' id='par_1_52' title="bbox 537 4875 2103 4941">
     <span class='ocr_line' id='line_1_52' title="bbox 537 4875 2103 4941; baseline 0 -11"><span class='ocrx_word' id='word_1_404' title='bbox 537 4878 623 4931; x_wconf 89' lang='lat' dir='ltr'><strong>vel</strong></span> <span class='ocrx_word' id='word_1_405' title='bbox 654 4886 922 4941; x_wconf 84' lang='lat' dir='ltr'><strong>creatum,</strong></span> <span class='ocrx_word' id='word_1_406' title='bbox 948 4876 1031 4929; x_wconf 90' lang='lat' dir='ltr'><strong>vel</strong></span> <span class='ocrx_word' id='word_1_407' title='bbox 1056 4876 1386 4939; x_wconf 89' lang='lat' dir='ltr'><strong>mutabilem,</strong></span> <span class='ocrx_word' id='word_1_408' title='bbox 1413 4876 1497 4930; x_wconf 86' lang='lat' dir='ltr'><strong>vel</strong></span> <span class='ocrx_word' id='word_1_409' title='bbox 1532 4875 1757 4940; x_wconf 73' lang='lat' dir='ltr'><strong>factum,</strong></span> <span class='ocrx_word' id='word_1_410' title='bbox 1789 4876 1871 4930; x_wconf 86' lang='lat' dir='ltr'><strong>vel</strong></span> <span class='ocrx_word' id='word_1_411' title='bbox 1903 4891 1969 4930; x_wconf 82' lang='lat' dir='ltr'><strong>ex</strong></span> <span class='ocrx_word' id='word_1_412' title='bbox 2000 4877 2103 4930; x_wconf 90' lang='lat' dir='ltr'><strong>alia</strong></span> 
     </span>
    </p>
   </div>
   <div class='ocr_carea' id='block_1_53' title="bbox 535 4966 2100 5031">
    <p class='ocr_par' dir='ltr' id='par_1_53' title="bbox 535 4966 2100 5031">
     <span class='ocr_line' id='line_1_53' title="bbox 535 4966 2100 5031; baseline 0.001 -10"><span class='ocrx_word' id='word_1_413' title='bbox 535 4968 857 5031; x_wconf 88' lang='lat' dir='ltr'><strong>substantia,</strong></span> <span class='ocrx_word' id='word_1_414' title='bbox 895 4967 1179 5021; x_wconf 86' lang='lat' dir='ltr'><strong>anathema</strong></span> <span class='ocrx_word' id='word_1_415' title='bbox 1215 4968 1347 5022; x_wconf 91' lang='lat' dir='ltr'><strong>dicit</strong></span> <span class='ocrx_word' id='word_1_416' title='bbox 1380 4977 1566 5021; x_wconf 89' lang='lat' dir='ltr'><strong>sancta</strong></span> <span class='ocrx_word' id='word_1_417' title='bbox 1610 4976 1666 5021; x_wconf 92' lang='lat' dir='ltr'><strong>et</strong></span> <span class='ocrx_word' id='word_1_418' title='bbox 1701 4966 1962 5021; x_wconf 84' lang='lat' dir='ltr'><strong>catholica</strong></span> <span class='ocrx_word' id='word_1_419' title='bbox 1998 4966 2100 5022; x_wconf 86' lang='lat' dir='ltr'><strong>Ec-</strong></span> 
     </span>
    </p>
   </div>
   <div class='ocr_carea' id='block_1_54' title="bbox 533 5056 2100 5126">
    <p class='ocr_par' dir='ltr' id='par_1_54' title="bbox 533 5056 2100 5126">
     <span class='ocr_line' id='line_1_54' title="bbox 533 5056 2100 5126; baseline -0.001 -13"><span class='ocrx_word' id='word_1_420' title='bbox 533 5057 721 5113; x_wconf 88' lang='lat' dir='ltr'><strong>clesia.</strong></span> <span class='ocrx_word' id='word_1_421' title='bbox 756 5077 775 5109; x_wconf 72' lang='grc' dir='ltr'><strong>ι</strong></span> <span class='ocrx_word' id='word_1_422' title='bbox 815 5058 1020 5124; x_wconf 83' lang='lat' dir='ltr'><strong>Quibus</strong></span> <span class='ocrx_word' id='word_1_423' title='bbox 1050 5058 1234 5126; x_wconf 89' lang='lat' dir='ltr'><strong>utique</strong></span> <span class='ocrx_word' id='word_1_424' title='bbox 1266 5056 1427 5111; x_wconf 88' lang='lat' dir='ltr'><strong>dictis</strong></span> <span class='ocrx_word' id='word_1_425' title='bbox 1457 5066 1642 5125; x_wconf 89' lang='lat' dir='ltr'><strong>aperte</strong></span> <span class='ocrx_word' id='word_1_426' title='bbox 1676 5056 1989 5110; x_wconf 82' lang='lat' dir='ltr'><strong>declaratur</strong></span> <span class='ocrx_word' id='word_1_427' title='bbox 2017 5058 2100 5112; x_wconf 87' lang='lat' dir='ltr'><strong>bis</strong></span> 
     </span>
    </p>
   </div>
   <div class='ocr_carea' id='block_1_55' title="bbox 533 5147 2100 5215">
    <p class='ocr_par' dir='ltr' id='par_1_55' title="bbox 533 5147 2100 5215">
     <span class='ocr_line' id='line_1_55' title="bbox 533 5147 2100 5215; baseline -0.001 -13"><span class='ocrx_word' id='word_1_428' title='bbox 533 5148 809 5205; x_wconf 83' lang='lat' dir='ltr'><strong>vocabulis</strong></span> <span class='ocrx_word' id='word_1_429' title='bbox 831 5164 893 5203; x_wconf 81' lang='lat' dir='ltr'><strong>ea:</strong></span> <span class='ocrx_word' id='word_1_430' title='bbox 913 5148 1230 5215; x_wconf 70' lang='lat' dir='ltr'><strong>substantia,</strong></span> <span class='ocrx_word' id='word_1_431' title='bbox 1248 5157 1300 5202; x_wconf 93' lang='lat' dir='ltr'><strong>et</strong></span> <span class='ocrx_word' id='word_1_432' title='bbox 1323 5147 1785 5200; x_wconf 71' lang='lat' dir='ltr'><strong>consubstantialis</strong></span> <span class='ocrx_word' id='word_1_433' title='bbox 1809 5148 1972 5201; x_wconf 86' lang='lat' dir='ltr'><strong>deleri</strong></span> <span class='ocrx_word' id='word_1_434' title='bbox 2001 5148 2100 5201; x_wconf 89' lang='lat' dir='ltr'><strong>im-</strong></span> 
     </span>
    </p>
   </div>
   <div class='ocr_carea' id='block_1_56' title="bbox 513 5226 2099 5311">
    <p class='ocr_par' dir='ltr' id='par_1_56' title="bbox 513 5226 2099 5311">
     <span class='ocr_line' id='line_1_56' title="bbox 513 5226 2099 5311; baseline -0.001 -18"><span class='ocrx_word' id='word_1_435' title='bbox 513 5226 747 5311; x_wconf 80' lang='lat' dir='ltr'><strong>&#39;pietatis</strong></span> <span class='ocrx_word' id='word_1_436' title='bbox 774 5240 1007 5307; x_wconf 87' lang='lat' dir='ltr'><strong>voculas,</strong></span> <span class='ocrx_word' id='word_1_437' title='bbox 1027 5240 1221 5311; x_wconf 90' lang='lat' dir='ltr'><strong>quibus</strong></span> <span class='ocrx_word' id='word_1_438' title='bbox 1252 5239 1402 5292; x_wconf 90' lang='lat' dir='ltr'><strong>aiunt</strong></span> <span class='ocrx_word' id='word_1_439' title='bbox 1430 5236 1625 5291; x_wconf 87' lang='lat' dir='ltr'><strong>Filium</strong></span> <span class='ocrx_word' id='word_1_440' title='bbox 1659 5251 1777 5292; x_wconf 87' lang='lat' dir='ltr'><strong>esse</strong></span> <span class='ocrx_word' id='word_1_441' title='bbox 1806 5251 1917 5290; x_wconf 90' lang='lat' dir='ltr'><strong>rem</strong></span> <span class='ocrx_word' id='word_1_442' title='bbox 1945 5253 2099 5292; x_wconf 88' lang='lat' dir='ltr'><strong>crea-</strong></span> 
     </span>
    </p>
   </div>
   <div class='ocr_carea' id='block_1_57' title="bbox 533 5329 2099 5399">
    <p class='ocr_par' dir='ltr' id='par_1_57' title="bbox 533 5329 2099 5399">
     <span class='ocr_line' id='line_1_57' title="bbox 533 5329 2099 5399; baseline -0.002 -13"><span class='ocrx_word' id='word_1_443' title='bbox 533 5340 664 5399; x_wconf 84' lang='lat' dir='ltr'><strong>tam,</strong></span> <span class='ocrx_word' id='word_1_444' title='bbox 699 5332 1003 5399; x_wconf 87' lang='lat' dir='ltr'><strong>conditam,</strong></span> <span class='ocrx_word' id='word_1_445' title='bbox 1057 5332 1253 5386; x_wconf 77' lang='lat' dir='ltr'><strong>factam</strong></span> <span class='ocrx_word' id='word_1_446' title='bbox 1292 5339 1346 5383; x_wconf 91' lang='lat' dir='ltr'><strong>et</strong></span> <span class='ocrx_word' id='word_1_447' title='bbox 1396 5329 1743 5393; x_wconf 81' lang='lat' dir='ltr'><strong>mutabilem,</strong></span> <span class='ocrx_word' id='word_1_448' title='bbox 1797 5344 1895 5384; x_wconf 90' lang='lat' dir='ltr'><strong>nec</strong></span> <span class='ocrx_word' id='word_1_449' title='bbox 1948 5331 2099 5399; x_wconf 86' lang='lat' dir='ltr'><strong>prius</strong></span> 
     </span>
    </p>
   </div>
   <div class='ocr_carea' id='block_1_58' title="bbox 532 5420 2098 5493">
    <p class='ocr_par' dir='ltr' id='par_1_58' title="bbox 532 5420 2098 5493">
     <span class='ocr_line' id='line_1_58' title="bbox 532 5420 2098 5493; baseline 0.001 -18"><span class='ocrx_word' id='word_1_450' title='bbox 532 5422 702 5477; x_wconf 74' lang='lat' dir='ltr'><strong>fuisse</strong></span> <span class='ocrx_word' id='word_1_451' title='bbox 730 5438 888 5493; x_wconf 85' lang='lat' dir='ltr'><strong>quam</strong></span> <span class='ocrx_word' id='word_1_452' title='bbox 910 5424 1123 5493; x_wconf 81' lang='lat' dir='ltr'><strong>genitus</strong></span> <span class='ocrx_word' id='word_1_453' title='bbox 1149 5431 1251 5476; x_wconf 88' lang='lat' dir='ltr'><strong>est.</strong></span> <span class='ocrx_word' id='word_1_454' title='bbox 1284 5421 1418 5474; x_wconf 85' lang='lat' dir='ltr'><strong>Nam</strong></span> <span class='ocrx_word' id='word_1_455' title='bbox 1452 5420 1542 5489; x_wconf 87' lang='lat' dir='ltr'><strong>qui</strong></span> <span class='ocrx_word' id='word_1_456' title='bbox 1576 5421 1645 5473; x_wconf 92' lang='lat' dir='ltr'><strong>ita</strong></span> <span class='ocrx_word' id='word_1_457' title='bbox 1677 5421 1862 5483; x_wconf 88' lang='lat' dir='ltr'><strong>sentit,</strong></span> <span class='ocrx_word' id='word_1_458' title='bbox 1892 5423 2098 5492; x_wconf 87' lang='lat' dir='ltr'><strong>synodo</strong></span> 
     </span>
    </p>
   </div>
   <div class='ocr_carea' id='block_1_59' title="bbox 2148 1832 2189 1887">
    <p class='ocr_par' dir='ltr' id='par_1_59' title="bbox 2148 1832 2189 1887">
     <span class='ocr_line' id='line_1_59' title="bbox 2148 1832 2189 1887; baseline 0 0"><span class='ocrx_word' id='word_1_459' title='bbox 2148 1832 2189 1887; x_wconf 87' lang='grc' dir='ltr'><strong><em>Β</em></strong></span> 
     </span>
    </p>
   </div>
   <div class='ocr_carea' id='block_1_60' title="bbox 2135 3177 2181 3239">
    <p class='ocr_par' dir='ltr' id='par_1_60' title="bbox 2135 3177 2181 3239">
     <span class='ocr_line' id='line_1_60' title="bbox 2135 3177 2181 3239; baseline 0 0"><span class='ocrx_word' id='word_1_460' title='bbox 2135 3177 2181 3239; x_wconf 86' lang='lat' dir='ltr'><strong>C</strong></span> 
     </span>
    </p>
   </div>
   <div class='ocr_carea' id='block_1_61' title="bbox 2216 586 3786 661">
    <p class='ocr_par' dir='ltr' id='par_1_61' title="bbox 2216 586 3786 661">
     <span class='ocr_line' id='line_1_61' title="bbox 2216 586 3786 661; baseline -0.001 -19"><span class='ocrx_word' id='word_1_461' title='bbox 2216 591 2427 661; x_wconf 59' lang='lat' dir='ltr'><strong>éypa&#39;t&#39;m</strong></span> <span class='ocrx_word' id='word_1_462' title='bbox 2448 608 2460 620; x_wconf 78' lang='grc'><em>’</em></span> <span class='ocrx_word' id='word_1_463' title='bbox 2498 591 2687 643; x_wconf 76' lang='grc' dir='ltr'><em>Εὶκώγ</em></span> <span class='ocrx_word' id='word_1_464' title='bbox 2717 592 2885 643; x_wconf 78' lang='grc' dir='ltr'><em>ἐστιν</em></span> <span class='ocrx_word' id='word_1_465' title='bbox 2922 593 2953 643; x_wconf 84' lang='grc' dir='ltr'><strong>ό</strong></span> <span class='ocrx_word' id='word_1_466' title='bbox 2984 591 3288 656; x_wconf 79' lang='grc' dir='ltr'><em>ἄνθρωπος</em></span> <span class='ocrx_word' id='word_1_467' title='bbox 3323 589 3417 641; x_wconf 76' lang='grc' dir='ltr'><strong>καὶ</strong></span> <span class='ocrx_word' id='word_1_468' title='bbox 3448 588 3598 651; x_wconf 79' lang='grc' dir='ltr'><em>δόξα</em></span> <span class='ocrx_word' id='word_1_469' title='bbox 3641 586 3786 641; x_wconf 83' lang='grc' dir='ltr'><strong>Θεοῦ</strong></span> 
     </span>
    </p>
   </div>
   <div class='ocr_carea' id='block_1_62' title="bbox 2212 676 3789 749">
    <p class='ocr_par' dir='ltr' id='par_1_62' title="bbox 2212 676 3789 749">
     <span class='ocr_line' id='line_1_62' title="bbox 2212 676 3789 749; baseline -0.003 -15"><span class='ocrx_word' id='word_1_470' title='bbox 2212 682 2463 749; x_wconf 75' lang='grc' dir='ltr'><strong>ὑπάρχει</strong></span> <span class='ocrx_word' id='word_1_471' title='bbox 2484 698 2495 710; x_wconf 73' lang='grc'><em>³</em></span> <span class='ocrx_word' id='word_1_472' title='bbox 2528 682 2585 733; x_wconf 75' lang='grc' dir='ltr'><em>τὸ</em></span> <span class='ocrx_word' id='word_1_473' title='bbox 2614 682 2669 733; x_wconf 81' lang='grc' dir='ltr'><em>δὲ</em></span> <span class='ocrx_word' id='word_1_474' title='bbox 2698 681 2810 743; x_wconf 78' lang='grc' dir='ltr'><em>ἀεὶ,</em></span> <span class='ocrx_word' id='word_1_475' title='bbox 2841 682 2921 733; x_wconf 75' lang='grc' dir='ltr'><em>ὅτι</em></span> <span class='ocrx_word' id='word_1_476' title='bbox 2954 681 3283 749; x_wconf 77' lang='grc' dir='ltr'><em>γέγραπταιο</em></span> <span class='ocrx_word' id='word_1_477' title='bbox 3335 680 3439 732; x_wconf 77' lang='grc' dir='ltr'><strong>Ἀεὶ</strong></span> <span class='ocrx_word' id='word_1_478' title='bbox 3468 678 3579 747; x_wconf 76' lang='grc' dir='ltr'><em>γὰρ</em></span> <span class='ocrx_word' id='word_1_479' title='bbox 3617 676 3789 745; x_wconf 79' lang='grc' dir='ltr'><em>ἡμεῖς</em></span> 
     </span>
    </p>
   </div>
   <div class='ocr_carea' id='block_1_63' title="bbox 2212 767 3787 837">
    <p class='ocr_par' dir='ltr' id='par_1_63' title="bbox 2212 767 3787 837">
     <span class='ocr_line' id='line_1_63' title="bbox 2212 767 3787 837; baseline -0.004 -11"><span class='ocrx_word' id='word_1_480' title='bbox 2212 776 2266 826; x_wconf 80' lang='grc' dir='ltr'><em>οἱ</em></span> <span class='ocrx_word' id='word_1_481' title='bbox 2290 772 2519 837; x_wconf 74' lang='grc' dir='ltr'><em>ζῶντεςο</em></span> <span class='ocrx_word' id='word_1_482' title='bbox 2555 772 2613 823; x_wconf 82' lang='grc' dir='ltr'><em>τὸ</em></span> <span class='ocrx_word' id='word_1_483' title='bbox 2640 771 2695 823; x_wconf 81' lang='grc' dir='ltr'><em>δὲ</em></span> <span class='ocrx_word' id='word_1_484' title='bbox 2721 772 2789 823; x_wconf 86' lang='grc' dir='ltr'><strong>ἐν</strong></span> <span class='ocrx_word' id='word_1_485' title='bbox 2814 770 2991 837; x_wconf 75' lang='grc' dir='ltr'><em>αὐτῷ,</em></span> <span class='ocrx_word' id='word_1_486' title='bbox 3024 772 3104 823; x_wconf 81' lang='grc' dir='ltr'><em>ὅτι</em></span> <span class='ocrx_word' id='word_1_487' title='bbox 3134 772 3237 823; x_wconf 84' lang='grc' dir='ltr'><em>Ἐν</em></span> <span class='ocrx_word' id='word_1_488' title='bbox 3264 768 3424 832; x_wconf 83' lang='grc' dir='ltr'><em>αὐτῷ</em></span> <span class='ocrx_word' id='word_1_489' title='bbox 3462 767 3669 835; x_wconf 67' lang='grc' dir='ltr'><em>(ἴομεν,</em></span> <span class='ocrx_word' id='word_1_490' title='bbox 3691 769 3787 821; x_wconf 74' lang='grc' dir='ltr'><em>καὶ</em></span> 
     </span>
    </p>
   </div>
   <div class='ocr_carea' id='block_1_64' title="bbox 2212 860 3797 933">
    <p class='ocr_par' dir='ltr' id='par_1_64' title="bbox 2212 860 3797 933">
     <span class='ocr_line' id='line_1_64' title="bbox 2212 860 3797 933; baseline -0.003 -16"><span class='ocrx_word' id='word_1_491' title='bbox 2212 865 2551 933; x_wconf 76' lang='grc' dir='ltr'><strong>κινούμεθα,</strong></span> <span class='ocrx_word' id='word_1_492' title='bbox 2584 866 2682 917; x_wconf 85' lang='grc' dir='ltr'><strong>καί</strong></span> <span class='ocrx_word' id='word_1_493' title='bbox 2714 864 2918 931; x_wconf 76' lang='grc' dir='ltr'><em>ἐσμεν·</em></span> <span class='ocrx_word' id='word_1_494' title='bbox 2960 865 3053 915; x_wconf 69' lang='grc' dir='ltr'><em>καὶ</em></span> <span class='ocrx_word' id='word_1_495' title='bbox 3078 862 3137 915; x_wconf 75' lang='grc' dir='ltr'><em>τὸ</em></span> <span class='ocrx_word' id='word_1_496' title='bbox 3164 863 3456 930; x_wconf 79' lang='grc' dir='ltr'><strong>ἄτρεπτον</strong></span> <span class='ocrx_word' id='word_1_497' title='bbox 3483 860 3563 926; x_wconf 83' lang='grc' dir='ltr'><em>δὲ,</em></span> <span class='ocrx_word' id='word_1_498' title='bbox 3595 862 3681 913; x_wconf 76' lang='grc' dir='ltr'><em>ὅτι</em></span> <span class='ocrx_word' id='word_1_499' title='bbox 3703 860 3797 927; x_wconf 81' lang='grc' dir='ltr'><em>γέ-</em></span> 
     </span>
    </p>
   </div>
   <div class='ocr_carea' id='block_1_65' title="bbox 2211 950 3794 1029">
    <p class='ocr_par' dir='ltr' id='par_1_65' title="bbox 2211 950 3794 1029">
     <span class='ocr_line' id='line_1_65' title="bbox 2211 950 3794 1029; baseline -0.007 -17"><span class='ocrx_word' id='word_1_500' title='bbox 2211 974 2484 1029; x_wconf 85' lang='grc' dir='ltr'><em>γραπται·</em></span> <span class='ocrx_word' id='word_1_501' title='bbox 2517 956 2705 1011; x_wconf 75' lang='grc' dir='ltr'><em>Οὐδὲν</em></span> <span class='ocrx_word' id='word_1_502' title='bbox 2749 954 2904 1022; x_wconf 76' lang='grc' dir='ltr'><em>ἡμᾶς</em></span> <span class='ocrx_word' id='word_1_503' title='bbox 2951 956 3187 1022; x_wconf 82' lang='grc' dir='ltr'><strong>χωρίσει</strong></span> <span class='ocrx_word' id='word_1_504' title='bbox 3235 953 3350 1007; x_wconf 82' lang='grc' dir='ltr'><strong>ἀπὸ</strong></span> <span class='ocrx_word' id='word_1_505' title='bbox 3402 951 3514 1019; x_wconf 82' lang='grc' dir='ltr'><em>τῆς</em></span> <span class='ocrx_word' id='word_1_506' title='bbox 3552 950 3794 1020; x_wconf 76' lang='grc' dir='ltr'><em>ἀγάπης</em></span> 
     </span>
    </p>
   </div>
   <div class='ocr_carea' id='block_1_66' title="bbox 2211 1043 3795 1119">
    <p class='ocr_par' dir='ltr' id='par_1_66' title="bbox 2211 1043 3795 1119">
     <span class='ocr_line' id='line_1_66' title="bbox 2211 1043 3795 1119; baseline -0.006 -15"><span class='ocrx_word' id='word_1_507' title='bbox 2211 1051 2315 1104; x_wconf 83' lang='grc' dir='ltr'><strong>τοῦ</strong></span> <span class='ocrx_word' id='word_1_508' title='bbox 2362 1048 2637 1119; x_wconf 82' lang='grc' dir='ltr'><strong>Χριστοῦ·</strong></span> <span class='ocrx_word' id='word_1_509' title='bbox 2682 1048 2807 1118; x_wconf 73' lang='grc' dir='ltr'><em>περὶ</em></span> <span class='ocrx_word' id='word_1_510' title='bbox 2854 1047 2911 1099; x_wconf 79' lang='grc' dir='ltr'><em>δὲ</em></span> <span class='ocrx_word' id='word_1_511' title='bbox 2958 1046 3066 1114; x_wconf 82' lang='grc' dir='ltr'><em>τῆς</em></span> <span class='ocrx_word' id='word_1_512' title='bbox 3115 1046 3440 1112; x_wconf 80' lang='grc' dir='ltr'><em>δυνάμεως,</em></span> <span class='ocrx_word' id='word_1_513' title='bbox 3487 1044 3568 1095; x_wconf 82' lang='grc' dir='ltr'><em>ὅτι</em></span> <span class='ocrx_word' id='word_1_514' title='bbox 3625 1043 3722 1095; x_wconf 75' lang='grc' dir='ltr'><em>καὶ</em></span> <span class='ocrx_word' id='word_1_515' title='bbox 3758 1044 3795 1113; x_wconf 70' lang='grc' dir='ltr'><strong>ἡ</strong></span> 
     </span>
    </p>
   </div>
   <div class='ocr_carea' id='block_1_67' title="bbox 2212 1131 3797 1211">
    <p class='ocr_par' dir='ltr' id='par_1_67' title="bbox 2212 1131 3797 1211">
     <span class='ocr_line' id='line_1_67' title="bbox 2212 1131 3797 1211; baseline -0.006 -19"><span class='ocrx_word' id='word_1_516' title='bbox 2212 1142 2407 1211; x_wconf 81' lang='grc' dir='ltr'><em>κάμπη</em></span> <span class='ocrx_word' id='word_1_517' title='bbox 2429 1141 2520 1193; x_wconf 69' lang='grc' dir='ltr'><em>καὶ</em></span> <span class='ocrx_word' id='word_1_518' title='bbox 2548 1142 2575 1191; x_wconf 84' lang='grc' dir='ltr'>ὁ</span> <span class='ocrx_word' id='word_1_519' title='bbox 2610 1139 2835 1209; x_wconf 78' lang='grc' dir='ltr'><em>βροῦχος</em></span> <span class='ocrx_word' id='word_1_520' title='bbox 2854 1138 2949 1207; x_wconf 82' lang='grc' dir='ltr'><strong>μὲν</strong></span> <span class='ocrx_word' id='word_1_521' title='bbox 2977 1136 3222 1203; x_wconf 82' lang='grc' dir='ltr'><em>λέγονται</em></span> <span class='ocrx_word' id='word_1_522' title='bbox 3244 1134 3495 1202; x_wconf 77' lang='grc' dir='ltr'><em>δύναμις.</em></span> <span class='ocrx_word' id='word_1_523' title='bbox 3523 1131 3797 1184; x_wconf 76' lang='grc' dir='ltr'><em>καὶδύνα-</em></span> 
     </span>
    </p>
   </div>
   <div class='ocr_carea' id='block_1_68' title="bbox 2216 1221 3798 1298">
    <p class='ocr_par' dir='ltr' id='par_1_68' title="bbox 2216 1221 3798 1298">
     <span class='ocr_line' id='line_1_68' title="bbox 2216 1221 3798 1298; baseline -0.005 -18"><span class='ocrx_word' id='word_1_524' title='bbox 2216 1246 2307 1297; x_wconf 86' lang='grc' dir='ltr'><em>μις</em></span> <span class='ocrx_word' id='word_1_525' title='bbox 2351 1228 2563 1298; x_wconf 86' lang='grc' dir='ltr'><em>μεγάλη</em></span> <span class='ocrx_word' id='word_1_526' title='bbox 2588 1243 2600 1255; x_wconf 95' lang='grc'><strong>·</strong></span> <span class='ocrx_word' id='word_1_527' title='bbox 2636 1226 2895 1288; x_wconf 74' lang='grc' dir='ltr'><strong>πολλάκις</strong></span> <span class='ocrx_word' id='word_1_528' title='bbox 2926 1226 2982 1279; x_wconf 81' lang='grc' dir='ltr'><em>δὲ</em></span> <span class='ocrx_word' id='word_1_529' title='bbox 3007 1224 3250 1295; x_wconf 73' lang='grc' dir='ltr'><em>περὶτοῦ</em></span> <span class='ocrx_word' id='word_1_530' title='bbox 3294 1222 3424 1275; x_wconf 79' lang='grc' dir='ltr'><em>λαοῦ</em></span> <span class='ocrx_word' id='word_1_531' title='bbox 3457 1221 3798 1291; x_wconf 81' lang='grc' dir='ltr'><em>γέγραπται,</em></span> 
     </span>
    </p>
   </div>
   <div class='ocr_carea' id='block_1_69' title="bbox 2210 1312 3800 1391">
    <p class='ocr_par' dir='ltr' id='par_1_69' title="bbox 2210 1312 3800 1391">
     <span class='ocr_line' id='line_1_69' title="bbox 2210 1312 3800 1391; baseline -0.005 -17"><span class='ocrx_word' id='word_1_532' title='bbox 2210 1320 2424 1391; x_wconf 83' lang='grc' dir='ltr'><em>ῶσπερ·</em></span> <span class='ocrx_word' id='word_1_533' title='bbox 2466 1318 2708 1388; x_wconf 69' lang='grc' dir='ltr'><em>Ἐξῆλθε</em></span> <span class='ocrx_word' id='word_1_534' title='bbox 2754 1318 2922 1372; x_wconf 84' lang='grc' dir='ltr'><em>πᾶσα</em></span> <span class='ocrx_word' id='word_1_535' title='bbox 2962 1316 3283 1384; x_wconf 71' lang='grc' dir='ltr'><em>τἰ,δύναμις</em></span> <span class='ocrx_word' id='word_1_536' title='bbox 3315 1314 3537 1381; x_wconf 83' lang='grc' dir='ltr'><strong>Κυρίου</strong></span> <span class='ocrx_word' id='word_1_537' title='bbox 3569 1314 3641 1366; x_wconf 78' lang='grc' dir='ltr'><em>ἐκ</em></span> <span class='ocrx_word' id='word_1_538' title='bbox 3686 1312 3800 1381; x_wconf 79' lang='grc' dir='ltr'><strong>τῆς</strong></span> 
     </span>
    </p>
   </div>
   <div class='ocr_carea' id='block_1_70' title="bbox 2212 1404 3796 1479">
    <p class='ocr_par' dir='ltr' id='par_1_70' title="bbox 2212 1404 3796 1479">
     <span class='ocr_line' id='line_1_70' title="bbox 2212 1404 3796 1479; baseline -0.006 -16"><span class='ocrx_word' id='word_1_539' title='bbox 2212 1412 2544 1479; x_wconf 75' lang='grc' dir='ltr'><strong>Αἰγύπτου·</strong></span> <span class='ocrx_word' id='word_1_540' title='bbox 2593 1410 2687 1461; x_wconf 76' lang='grc' dir='ltr'><em>καὶ</em></span> <span class='ocrx_word' id='word_1_541' title='bbox 2740 1409 2894 1462; x_wconf 79' lang='grc' dir='ltr'><em>ἄλλαι</em></span> <span class='ocrx_word' id='word_1_542' title='bbox 2938 1407 2992 1459; x_wconf 87' lang='grc' dir='ltr'><em>δὲ</em></span> <span class='ocrx_word' id='word_1_543' title='bbox 3035 1406 3280 1475; x_wconf 75' lang='grc' dir='ltr'><em>οὐράνιαι</em></span> <span class='ocrx_word' id='word_1_544' title='bbox 3330 1404 3593 1473; x_wconf 83' lang='grc' dir='ltr'><em>δυνάμεις</em></span> <span class='ocrx_word' id='word_1_545' title='bbox 3654 1404 3796 1455; x_wconf 74' lang='grc' dir='ltr'><em>εἰσίο</em></span> 
     </span>
    </p>
   </div>
   <div class='ocr_carea' id='block_1_71' title="bbox 2212 1496 3802 1572">
    <p class='ocr_par' dir='ltr' id='par_1_71' title="bbox 2212 1496 3802 1572">
     <span class='ocr_line' id='line_1_71' title="bbox 2212 1496 3802 1572; baseline -0.003 -19"><span class='ocrx_word' id='word_1_546' title='bbox 2212 1503 2424 1569; x_wconf 80' lang='grc' dir='ltr'><em>Κύριος</em></span> <span class='ocrx_word' id='word_1_547' title='bbox 2450 1501 2579 1572; x_wconf 82' lang='grc' dir='ltr'><em>γὰρ,</em></span> <span class='ocrx_word' id='word_1_548' title='bbox 2611 1502 2762 1571; x_wconf 79' lang='grc' dir='ltr'><em>φησὶ,</em></span> <span class='ocrx_word' id='word_1_549' title='bbox 2795 1498 2911 1552; x_wconf 80' lang='grc' dir='ltr'><strong>τῶν</strong></span> <span class='ocrx_word' id='word_1_550' title='bbox 2937 1498 3245 1567; x_wconf 78' lang='grc' dir='ltr'><em>δυνάμεων</em></span> <span class='ocrx_word' id='word_1_551' title='bbox 3272 1496 3401 1565; x_wconf 75' lang='grc' dir='ltr'><em>μεθ’</em></span> <span class='ocrx_word' id='word_1_552' title='bbox 3442 1496 3618 1565; x_wconf 74' lang='grc' dir='ltr'><em>ἡμῶν</em></span> <span class='ocrx_word' id='word_1_553' title='bbox 3648 1513 3659 1526; x_wconf 70' lang='grc' dir='ltr'><strong>ι</strong></span> <span class='ocrx_word' id='word_1_554' title='bbox 3692 1496 3802 1549; x_wconf 81' lang='grc' dir='ltr'><strong>ἀν-</strong></span> 
     </span>
    </p>
   </div>
   <div class='ocr_carea' id='block_1_72' title="bbox 2212 1587 3807 1661">
    <p class='ocr_par' dir='ltr' id='par_1_72' title="bbox 2212 1587 3807 1661">
     <span class='ocr_line' id='line_1_72' title="bbox 2212 1587 3807 1661; baseline -0.003 -18"><span class='ocrx_word' id='word_1_555' title='bbox 2212 1592 2509 1660; x_wconf 72' lang='grc' dir='ltr'><em>τιλήπτωρ</em></span> <span class='ocrx_word' id='word_1_556' title='bbox 2536 1590 2704 1661; x_wconf 80' lang='grc' dir='ltr'><em>ήμῶν</em></span> <span class='ocrx_word' id='word_1_557' title='bbox 2740 1594 2773 1644; x_wconf 83' lang='grc' dir='ltr'><strong>ό</strong></span> <span class='ocrx_word' id='word_1_558' title='bbox 2800 1590 2941 1657; x_wconf 83' lang='grc' dir='ltr'><em>Θεὸς</em></span> <span class='ocrx_word' id='word_1_559' title='bbox 2990 1588 3199 1645; x_wconf 80' lang='grc' dir='ltr'><em>Ἰακώϐ.</em></span> <span class='ocrx_word' id='word_1_560' title='bbox 3250 1587 3491 1641; x_wconf 75' lang='grc' dir='ltr'><em>Τοιαῦτα</em></span> <span class='ocrx_word' id='word_1_561' title='bbox 3542 1587 3655 1658; x_wconf 80' lang='grc' dir='ltr'><em>γὰρ</em></span> <span class='ocrx_word' id='word_1_562' title='bbox 3706 1587 3807 1639; x_wconf 69' lang='grc' dir='ltr'><em>καὶ</em></span> 
     </span>
    </p>
   </div>
   <div class='ocr_carea' id='block_1_73' title="bbox 2227 1680 3803 1754">
    <p class='ocr_par' dir='ltr' id='par_1_73' title="bbox 2227 1680 3803 1754">
     <span class='ocr_line' id='line_1_73' title="bbox 2227 1680 3803 1754; baseline -0.001 -19"><span class='ocrx_word' id='word_1_563' title='bbox 2227 1685 2496 1753; x_wconf 81' lang='grc' dir='ltr'><em>Ἀστέριος</em></span> <span class='ocrx_word' id='word_1_564' title='bbox 2528 1686 2556 1736; x_wconf 82' lang='grc' dir='ltr'><strong>ό</strong></span> <span class='ocrx_word' id='word_1_565' title='bbox 2584 1684 2871 1754; x_wconf 79' lang='grc' dir='ltr'><em>λεγόμενος</em></span> <span class='ocrx_word' id='word_1_566' title='bbox 2904 1682 3163 1753; x_wconf 69' lang='grc' dir='ltr'><em>Σοφιστὴς</em></span> <span class='ocrx_word' id='word_1_567' title='bbox 3206 1681 3340 1752; x_wconf 79' lang='grc' dir='ltr'><em>παρ’</em></span> <span class='ocrx_word' id='word_1_568' title='bbox 3380 1681 3564 1735; x_wconf 75' lang='grc' dir='ltr'><em>αὐτῶν</em></span> <span class='ocrx_word' id='word_1_569' title='bbox 3608 1680 3803 1751; x_wconf 84' lang='grc' dir='ltr'><em>μαθὼν</em></span> 
     </span>
    </p>
   </div>
   <div class='ocr_carea' id='block_1_74' title="bbox 2216 1770 3804 1845">
    <p class='ocr_par' dir='ltr' id='par_1_74' title="bbox 2216 1770 3804 1845">
     <span class='ocr_line' id='line_1_74' title="bbox 2216 1770 3804 1845; baseline -0.002 -20"><span class='ocrx_word' id='word_1_570' title='bbox 2216 1774 2438 1844; x_wconf 64' lang='grc' dir='ltr'><em>ἔγραψε,</em></span> <span class='ocrx_word' id='word_1_571' title='bbox 2472 1775 2564 1827; x_wconf 76' lang='grc' dir='ltr'><em>καὶ</em></span> <span class='ocrx_word' id='word_1_572' title='bbox 2596 1775 2703 1845; x_wconf 82' lang='grc' dir='ltr'><em>πρὸ</em></span> <span class='ocrx_word' id='word_1_573' title='bbox 2727 1773 2889 1827; x_wconf 74' lang='grc' dir='ltr'><em>αὐτοῦ</em></span> <span class='ocrx_word' id='word_1_574' title='bbox 2912 1775 2967 1826; x_wconf 79' lang='grc' dir='ltr'><em>δὲ</em></span> <span class='ocrx_word' id='word_1_575' title='bbox 3001 1775 3214 1842; x_wconf 75' lang='grc' dir='ltr'><em>’Ἄρειος</em></span> <span class='ocrx_word' id='word_1_576' title='bbox 3240 1772 3447 1843; x_wconf 83' lang='grc' dir='ltr'><em>μαθὼν,</em></span> <span class='ocrx_word' id='word_1_577' title='bbox 3482 1770 3678 1841; x_wconf 85' lang='grc' dir='ltr'><em>ὥσπερ</em></span> <span class='ocrx_word' id='word_1_578' title='bbox 3721 1771 3804 1823; x_wconf 76' lang='grc' dir='ltr'><em>εί·-</em></span> 
     </span>
    </p>
   </div>
   <div class='ocr_carea' id='block_1_75' title="bbox 2222 1861 3803 1937">
    <p class='ocr_par' dir='ltr' id='par_1_75' title="bbox 2222 1861 3803 1937">
     <span class='ocr_line' id='line_1_75' title="bbox 2222 1861 3803 1937; baseline -0.004 -19"><span class='ocrx_word' id='word_1_579' title='bbox 2222 1884 2397 1937; x_wconf 72' lang='grc' dir='ltr'><em>ρηται.</em></span> <span class='ocrx_word' id='word_1_580' title='bbox 2438 1866 2573 1917; x_wconf 86' lang='grc' dir='ltr'><em>Ἀλλ’</em></span> <span class='ocrx_word' id='word_1_581' title='bbox 2603 1868 2650 1917; x_wconf 89' lang='grc' dir='ltr'><em>οἱ</em></span> <span class='ocrx_word' id='word_1_582' title='bbox 2685 1865 2989 1925; x_wconf 75' lang='grc' dir='ltr'><em>ἐπίσκοποι,</em></span> <span class='ocrx_word' id='word_1_583' title='bbox 3030 1863 3124 1915; x_wconf 72' lang='grc' dir='ltr'><em>καὶ</em></span> <span class='ocrx_word' id='word_1_584' title='bbox 3170 1865 3229 1914; x_wconf 82' lang='grc' dir='ltr'><em>ὲν</em></span> <span class='ocrx_word' id='word_1_585' title='bbox 3268 1862 3443 1932; x_wconf 81' lang='grc' dir='ltr'><em>τούτῳ</em></span> <span class='ocrx_word' id='word_1_586' title='bbox 3481 1861 3803 1931; x_wconf 73' lang='grc' dir='ltr'><strong>θεωρήσαν⁶</strong></span> 
     </span>
    </p>
   </div>
   <div class='ocr_carea' id='block_1_76' title="bbox 2216 1952 3805 2029">
    <p class='ocr_par' dir='ltr' id='par_1_76' title="bbox 2216 1952 3805 2029">
     <span class='ocr_line' id='line_1_76' title="bbox 2216 1952 3805 2029; baseline 0.011 -25"><span class='ocrx_word' id='word_1_587' title='bbox 2216 1976 2303 2022; x_wconf 83' lang='grc' dir='ltr'><strong>τες</strong></span> <span class='ocrx_word' id='word_1_588' title='bbox 2330 1959 2425 2029; x_wconf 73' lang='grc' dir='ltr'><em>τὴν</em></span> <span class='ocrx_word' id='word_1_589' title='bbox 2457 1952 3012 2027; x_wconf 59' lang='grc' dir='ltr'><em>ὑπόκρισιίίὲκείνων,</em></span> <span class='ocrx_word' id='word_1_590' title='bbox 3049 1955 3141 2007; x_wconf 60' lang='grc' dir='ltr'>καὶ</span> <span class='ocrx_word' id='word_1_591' title='bbox 3169 1956 3274 2018; x_wconf 67' lang='grc' dir='ltr'><strong>ὅτι,</strong></span> <span class='ocrx_word' id='word_1_592' title='bbox 3298 1952 3441 2007; x_wconf 58' lang='grc' dir='ltr'>κατὰ</span> <span class='ocrx_word' id='word_1_593' title='bbox 3465 1953 3528 2005; x_wconf 74' lang='grc' dir='ltr'><strong>τὸ</strong></span> <span class='ocrx_word' id='word_1_594' title='bbox 3554 1968 3805 2022; x_wconf 72' lang='grc' dir='ltr'><em>γεγραμ-</em></span> 
     </span>
    </p>
   </div>
   <div class='ocr_carea' id='block_1_77' title="bbox 2219 2034 3800 2119">
    <p class='ocr_par' dir='ltr' id='par_1_77' title="bbox 2219 2034 3800 2119">
     <span class='ocr_line' id='line_1_77' title="bbox 2219 2034 3800 2119; baseline -0.004 -19"><span class='ocrx_word' id='word_1_595' title='bbox 2219 2050 2393 2119; x_wconf 84' lang='grc' dir='ltr'><em>μένον,</em></span> <span class='ocrx_word' id='word_1_596' title='bbox 2422 2047 2484 2099; x_wconf 85' lang='grc' dir='ltr'><em>ὲκ</em></span> <span class='ocrx_word' id='word_1_597' title='bbox 2516 2042 2884 2119; x_wconf 78' lang='grc' dir='ltr'><em>καρδίαιςτῶν</em></span> <span class='ocrx_word' id='word_1_598' title='bbox 2908 2034 3130 2097; x_wconf 68' lang='grc' dir='ltr'><em>ἀσεϐῶν</em></span> <span class='ocrx_word' id='word_1_599' title='bbox 3166 2044 3318 2107; x_wconf 82' lang='grc' dir='ltr'><strong>δόλος</strong></span> <span class='ocrx_word' id='word_1_600' title='bbox 3356 2043 3473 2096; x_wconf 77' lang='grc' dir='ltr'><em>ἐστὶ</em></span> <span class='ocrx_word' id='word_1_601' title='bbox 3511 2060 3800 2095; x_wconf 85' lang='grc' dir='ltr'><em>τεκταινο-</em></span> 
     </span>
    </p>
   </div>
   <div class='ocr_carea' id='block_1_78' title="bbox 2217 2130 3806 2209">
    <p class='ocr_par' dir='ltr' id='par_1_78' title="bbox 2217 2130 3806 2209">
     <span class='ocr_line' id='line_1_78' title="bbox 2217 2130 3806 2209; baseline -0.003 -18"><span class='ocrx_word' id='word_1_602' title='bbox 2217 2139 2389 2209; x_wconf 81' lang='grc' dir='ltr'><em>μὲνων</em></span> <span class='ocrx_word' id='word_1_603' title='bbox 2427 2137 2592 2201; x_wconf 75' lang='grc' dir='ltr'><em>κακὰ,</em></span> <span class='ocrx_word' id='word_1_604' title='bbox 2624 2136 3044 2207; x_wconf 74' lang='grc' dir='ltr'><em>ἡναγκάσθησαν</em></span> <span class='ocrx_word' id='word_1_605' title='bbox 3071 2136 3163 2189; x_wconf 71' lang='grc' dir='ltr'><em>καὶ</em></span> <span class='ocrx_word' id='word_1_606' title='bbox 3184 2135 3340 2188; x_wconf 73' lang='grc' dir='ltr'><em>αὐτοὶ</em></span> <span class='ocrx_word' id='word_1_607' title='bbox 3373 2130 3530 2198; x_wconf 77' lang='grc' dir='ltr'><em>αὖθις</em></span> <span class='ocrx_word' id='word_1_608' title='bbox 3558 2152 3806 2202; x_wconf 73' lang='grc' dir='ltr'><em>συναγαο</em></span> 
     </span>
    </p>
   </div>
   <div class='ocr_carea' id='block_1_79' title="bbox 2212 2224 3802 2299">
    <p class='ocr_par' dir='ltr' id='par_1_79' title="bbox 2212 2224 3802 2299">
     <span class='ocr_line' id='line_1_79' title="bbox 2212 2224 3802 2299; baseline -0.004 -17"><span class='ocrx_word' id='word_1_609' title='bbox 2212 2233 2328 2299; x_wconf 88' lang='grc' dir='ltr'><em>γεῖν</em></span> <span class='ocrx_word' id='word_1_610' title='bbox 2351 2231 2414 2281; x_wconf 84' lang='grc' dir='ltr'><em>ὲκ</em></span> <span class='ocrx_word' id='word_1_611' title='bbox 2443 2228 2548 2281; x_wconf 91' lang='grc' dir='ltr'><strong>τῶν</strong></span> <span class='ocrx_word' id='word_1_612' title='bbox 2586 2227 2817 2299; x_wconf 77' lang='grc' dir='ltr'><em>Γραφῶν</em></span> <span class='ocrx_word' id='word_1_613' title='bbox 2848 2227 2945 2297; x_wconf 77' lang='grc' dir='ltr'><em>τὴν</em></span> <span class='ocrx_word' id='word_1_614' title='bbox 2978 2226 3237 2286; x_wconf 87' lang='grc' dir='ltr'><em>διάνοιαν,</em></span> <span class='ocrx_word' id='word_1_615' title='bbox 3272 2226 3367 2277; x_wconf 68' lang='grc' dir='ltr'><em>καὶ</em></span> <span class='ocrx_word' id='word_1_616' title='bbox 3409 2224 3559 2295; x_wconf 77' lang='grc' dir='ltr'><em>ἅπερ</em></span> <span class='ocrx_word' id='word_1_617' title='bbox 3596 2227 3802 2296; x_wconf 81' lang='grc' dir='ltr'><em>πρότε-</em></span> 
     </span>
    </p>
   </div>
   <div class='ocr_carea' id='block_1_80' title="bbox 2215 2316 3802 2393">
    <p class='ocr_par' dir='ltr' id='par_1_80' title="bbox 2215 2316 3802 2393">
     <span class='ocr_line' id='line_1_80' title="bbox 2215 2316 3802 2393; baseline -0.004 -20"><span class='ocrx_word' id='word_1_618' title='bbox 2215 2338 2305 2393; x_wconf 82' lang='grc' dir='ltr'><strong>ρον</strong></span> <span class='ocrx_word' id='word_1_619' title='bbox 2354 2320 2567 2389; x_wconf 76' lang='grc' dir='ltr'><em>ἔλεγον,</em></span> <span class='ocrx_word' id='word_1_620' title='bbox 2626 2319 2796 2371; x_wconf 78' lang='grc' dir='ltr'><em>ταῦτα</em></span> <span class='ocrx_word' id='word_1_621' title='bbox 2858 2318 3017 2371; x_wconf 83' lang='grc' dir='ltr'><em>πάλιν</em></span> <span class='ocrx_word' id='word_1_622' title='bbox 3069 2318 3389 2387; x_wconf 80' lang='grc' dir='ltr'><em>λευκότερον</em></span> <span class='ocrx_word' id='word_1_623' title='bbox 3432 2319 3642 2383; x_wconf 69' lang='grc' dir='ltr'><em>εἰπεῖν,</em></span> <span class='ocrx_word' id='word_1_624' title='bbox 3705 2316 3802 2368; x_wconf 73' lang='grc' dir='ltr'><em>καὶ</em></span> 
     </span>
    </p>
   </div>
   <div class='ocr_carea' id='block_1_81' title="bbox 2211 2404 3792 2483">
    <p class='ocr_par' dir='ltr' id='par_1_81' title="bbox 2211 2404 3792 2483">
     <span class='ocr_line' id='line_1_81' title="bbox 2211 2404 3792 2483; baseline -0.003 -19"><span class='ocrx_word' id='word_1_625' title='bbox 2211 2411 2435 2483; x_wconf 72' lang='grc' dir='ltr'><em>γράψαι,</em></span> <span class='ocrx_word' id='word_1_626' title='bbox 2470 2411 2748 2482; x_wconf 77' lang='grc' dir='ltr'><em>όμοούσιον</em></span> <span class='ocrx_word' id='word_1_627' title='bbox 2776 2404 2911 2475; x_wconf 78' lang='grc' dir='ltr'><em>εἶναι</em></span> <span class='ocrx_word' id='word_1_628' title='bbox 2944 2409 3021 2478; x_wconf 75' lang='grc' dir='ltr'><em>τῷ</em></span> <span class='ocrx_word' id='word_1_629' title='bbox 3048 2408 3224 2481; x_wconf 75' lang='grc' dir='ltr'><em>Πατρὶ</em></span> <span class='ocrx_word' id='word_1_630' title='bbox 3252 2409 3345 2460; x_wconf 84' lang='grc' dir='ltr'><em>τὸν</em></span> <span class='ocrx_word' id='word_1_631' title='bbox 3376 2408 3537 2461; x_wconf 83' lang='grc' dir='ltr'><em>Υίόν’</em></span> <span class='ocrx_word' id='word_1_632' title='bbox 3579 2408 3670 2460; x_wconf 81' lang='grc' dir='ltr'><em>ἵνα</em></span> <span class='ocrx_word' id='word_1_633' title='bbox 3714 2407 3792 2477; x_wconf 76' lang='grc' dir='ltr'><strong>μὴ</strong></span> 
     </span>
    </p>
   </div>
   <div class='ocr_carea' id='block_1_82' title="bbox 2214 2484 3799 2573">
    <p class='ocr_par' dir='ltr' id='par_1_82' title="bbox 2214 2498 3799 2573">
     <span class='ocr_line' id='line_1_82' title="bbox 2214 2498 3799 2573; baseline -0.003 -18"><span class='ocrx_word' id='word_1_634' title='bbox 2214 2505 2370 2573; x_wconf 79' lang='grc' dir='ltr'><em>μόνον</em></span> <span class='ocrx_word' id='word_1_635' title='bbox 2389 2504 2567 2573; x_wconf 78' lang='grc' dir='ltr'><em>ὅμοιον</em></span> <span class='ocrx_word' id='word_1_636' title='bbox 2600 2504 2689 2554; x_wconf 74' lang='grc' dir='ltr'><em>τὸν</em></span> <span class='ocrx_word' id='word_1_637' title='bbox 2724 2502 2869 2563; x_wconf 84' lang='grc' dir='ltr'><em>Υἱὸν,</em></span> <span class='ocrx_word' id='word_1_638' title='bbox 2908 2500 3043 2554; x_wconf 75' lang='grc' dir='ltr'><em>ἀλλὰ</em></span> <span class='ocrx_word' id='word_1_639' title='bbox 3080 2500 3271 2553; x_wconf 72' lang='grc' dir='ltr'><em>ταύτὸν</em></span> <span class='ocrx_word' id='word_1_640' title='bbox 3320 2503 3383 2571; x_wconf 79' lang='grc' dir='ltr'><em>τῇ</em></span> <span class='ocrx_word' id='word_1_641' title='bbox 3435 2498 3701 2569; x_wconf 82' lang='grc' dir='ltr'><em>ὁμοιώσει</em></span> <span class='ocrx_word' id='word_1_642' title='bbox 3732 2500 3799 2550; x_wconf 81' lang='grc' dir='ltr'><em>ἐκ</em></span> 
     </span>
    </p>
   </div>
   <div class='ocr_carea' id='block_1_83' title="bbox 2210 2587 3795 2667">
    <p class='ocr_par' dir='ltr' id='par_1_83' title="bbox 2210 2587 3795 2667">
     <span class='ocr_line' id='line_1_83' title="bbox 2210 2587 3795 2667; baseline -0.004 -20"><span class='ocrx_word' id='word_1_643' title='bbox 2210 2595 2300 2647; x_wconf 75' lang='grc' dir='ltr'><em>τοῦ</em></span> <span class='ocrx_word' id='word_1_644' title='bbox 2333 2596 2540 2665; x_wconf 58' lang='lat' dir='ltr'><strong>[Ia-.99.;</strong></span> <span class='ocrx_word' id='word_1_645' title='bbox 2575 2590 2709 2667; x_wconf 69' lang='grc' dir='ltr'><em>εἶναι</em></span> <span class='ocrx_word' id='word_1_646' title='bbox 2750 2592 3073 2663; x_wconf 79' lang='grc' dir='ltr'><em>σημαίνωσι.</em></span> <span class='ocrx_word' id='word_1_647' title='bbox 3109 2592 3203 2645; x_wconf 67' lang='grc' dir='ltr'><em>καὶ</em></span> <span class='ocrx_word' id='word_1_648' title='bbox 3246 2592 3411 2663; x_wconf 76' lang='grc' dir='ltr'><em>ἄλλην</em></span> <span class='ocrx_word' id='word_1_649' title='bbox 3467 2587 3641 2644; x_wconf 78' lang='grc' dir='ltr'><em>οὖσαν</em></span> <span class='ocrx_word' id='word_1_650' title='bbox 3694 2592 3795 2660; x_wconf 79' lang='grc' dir='ltr'><em>τὴν</em></span> 
     </span>
    </p>
   </div>
   <div class='ocr_carea' id='block_1_84' title="bbox 2208 2664 3796 2771">
    <p class='ocr_par' dir='ltr' id='par_1_84' title="bbox 2208 2682 3796 2771">
     <span class='ocr_line' id='line_1_84' title="bbox 2208 2682 3796 2771; baseline -0.004 -32"><span class='ocrx_word' id='word_1_651' title='bbox 2208 2686 2299 2740; x_wconf 74' lang='grc' dir='ltr'><em>τοῦ</em></span> <span class='ocrx_word' id='word_1_652' title='bbox 2331 2687 2456 2739; x_wconf 75' lang='grc' dir='ltr'><strong>Υίοῦ</strong></span> <span class='ocrx_word' id='word_1_653' title='bbox 2474 2686 2855 2771; x_wconf 30' lang='grc' dir='ltr'><em>εὸμοίωριν-Ακαὶ</em></span> <span class='ocrx_word' id='word_1_654' title='bbox 2883 2684 3140 2763; x_wconf 57' lang='grc' dir='ltr'><em>ἀτρεψίαν</em></span> <span class='ocrx_word' id='word_1_655' title='bbox 3165 2683 3378 2748; x_wconf 77' lang='grc' dir='ltr'><em>δείξωσι</em></span> <span class='ocrx_word' id='word_1_656' title='bbox 3420 2682 3577 2754; x_wconf 79' lang='grc' dir='ltr'><em>παρὰ</em></span> <span class='ocrx_word' id='word_1_657' title='bbox 3608 2682 3710 2751; x_wconf 76' lang='grc' dir='ltr'><em>τὴν</em></span> <span class='ocrx_word' id='word_1_658' title='bbox 3737 2684 3796 2733; x_wconf 83' lang='grc' dir='ltr'><em>ὲν</em></span> 
     </span>
    </p>
   </div>
   <div class='ocr_carea' id='block_1_85' title="bbox 2208 2760 3792 2865">
    <p class='ocr_par' dir='ltr' id='par_1_85' title="bbox 2208 2760 3792 2865">
     <span class='ocr_line' id='line_1_85' title="bbox 2208 2760 3792 2865; baseline -0.004 -35"><span class='ocrx_word' id='word_1_659' title='bbox 2208 2780 2338 2849; x_wconf 78' lang='grc' dir='ltr'><strong>ἡμῖν</strong></span> <span class='ocrx_word' id='word_1_660' title='bbox 2364 2760 2665 2865; x_wconf 58' lang='grc' dir='ltr'><em>λεγομένηκξ</em></span> <span class='ocrx_word' id='word_1_661' title='bbox 2685 2760 2937 2861; x_wconf 60' lang='grc' dir='ltr'><em>μίμησιν,</em></span> <span class='ocrx_word' id='word_1_662' title='bbox 2964 2777 3029 2845; x_wconf 78' lang='grc' dir='ltr'><em>ἣν</em></span> <span class='ocrx_word' id='word_1_663' title='bbox 3166 2762 3365 2843; x_wconf 81' lang='grc' dir='ltr'><em>ἀρετῆς</em></span> <span class='ocrx_word' id='word_1_664' title='bbox 3406 2773 3496 2825; x_wconf 71' lang='grc' dir='ltr'><em>διὰ</em></span> <span class='ocrx_word' id='word_1_665' title='bbox 3531 2775 3635 2843; x_wconf 80' lang='grc' dir='ltr'><em>τὴν</em></span> <span class='ocrx_word' id='word_1_666' title='bbox 3679 2772 3792 2824; x_wconf 77' lang='grc' dir='ltr'><strong>τῶν</strong></span> 
     </span>
    </p>
   </div>
   <div class='ocr_carea' id='block_1_86' title="bbox 2210 2858 3796 2939">
    <p class='ocr_par' dir='ltr' id='par_1_86' title="bbox 2210 2858 3796 2939">
     <span class='ocr_line' id='line_1_86' title="bbox 2210 2858 3796 2939; baseline -0.005 -18"><span class='ocrx_word' id='word_1_667' title='bbox 2210 2869 2433 2924; x_wconf 78' lang='grc' dir='ltr'><em>ἐντολῶν</em></span> <span class='ocrx_word' id='word_1_668' title='bbox 2456 2858 2680 2939; x_wconf 79' lang='grc' dir='ltr'><em>τήρησιν</em></span> <span class='ocrx_word' id='word_1_669' title='bbox 2708 2858 2873 2938; x_wconf 41' lang='grc' dir='ltr'><strong>’ἡμεῖς</strong></span> <span class='ocrx_word' id='word_1_670' title='bbox 2903 2864 3415 2935; x_wconf 74' lang='grc' dir='ltr'><em>προσλαμϐάνομεν·</em></span> <span class='ocrx_word' id='word_1_671' title='bbox 3457 2864 3526 2917; x_wconf 79' lang='grc' dir='ltr'><em>τὰ</em></span> <span class='ocrx_word' id='word_1_672' title='bbox 3559 2864 3659 2934; x_wconf 81' lang='grc' dir='ltr'><strong>μὲν</strong></span> <span class='ocrx_word' id='word_1_673' title='bbox 3686 2864 3796 2932; x_wconf 79' lang='grc' dir='ltr'><strong>γάρ</strong></span> 
     </span>
    </p>
   </div>
   <div class='ocr_carea' id='block_1_87' title="bbox 2208 2954 3796 3029">
    <p class='ocr_par' dir='ltr' id='par_1_87' title="bbox 2208 2954 3796 3029">
     <span class='ocr_line' id='line_1_87' title="bbox 2208 2954 3796 3029; baseline -0.004 -17"><span class='ocrx_word' id='word_1_674' title='bbox 2208 2958 2314 3011; x_wconf 90' lang='grc' dir='ltr'><strong>τῶν</strong></span> <span class='ocrx_word' id='word_1_675' title='bbox 2341 2960 2601 3029; x_wconf 83' lang='grc' dir='ltr'><em>σωμάτων</em></span> <span class='ocrx_word' id='word_1_676' title='bbox 2631 2958 2789 3028; x_wconf 83' lang='grc' dir='ltr'><em>ὃμοια</em></span> <span class='ocrx_word' id='word_1_677' title='bbox 2819 2957 2952 3028; x_wconf 77' lang='grc' dir='ltr'><em>πρὸς</em></span> <span class='ocrx_word' id='word_1_678' title='bbox 2989 2954 3155 3008; x_wconf 78' lang='grc' dir='ltr'><em>ἑαυτὰ</em></span> <span class='ocrx_word' id='word_1_679' title='bbox 3191 2955 3531 3023; x_wconf 80' lang='grc' dir='ltr'><em>τυγχάνοντα</em></span> <span class='ocrx_word' id='word_1_680' title='bbox 3566 2954 3796 3007; x_wconf 84' lang='grc' dir='ltr'><em>δυνατόν</em></span> 
     </span>
    </p>
   </div>
   <div class='ocr_carea' id='block_1_88' title="bbox 2210 3044 3796 3115">
    <p class='ocr_par' dir='ltr' id='par_1_88' title="bbox 2210 3044 3796 3115">
     <span class='ocr_line' id='line_1_88' title="bbox 2210 3044 3796 3115; baseline -0.001 -18"><span class='ocrx_word' id='word_1_681' title='bbox 2210 3063 2325 3108; x_wconf 82' lang='grc' dir='ltr'><em>πως</em></span> <span class='ocrx_word' id='word_1_682' title='bbox 2354 3044 2653 3098; x_wconf 81' lang='grc' dir='ltr'><em>διίστασθαι</em></span> <span class='ocrx_word' id='word_1_683' title='bbox 2698 3046 2791 3098; x_wconf 75' lang='grc' dir='ltr'><em>καὶ</em></span> <span class='ocrx_word' id='word_1_684' title='bbox 2838 3044 3051 3115; x_wconf 78' lang='grc' dir='ltr'><em>μακρὰν</em></span> <span class='ocrx_word' id='word_1_685' title='bbox 3103 3045 3200 3096; x_wconf 81' lang='grc' dir='ltr'><strong>ἀπ’</strong></span> <span class='ocrx_word' id='word_1_686' title='bbox 3241 3044 3487 3113; x_wconf 74' lang='grc' dir='ltr'><em>ἀλλήλων</em></span> <span class='ocrx_word' id='word_1_687' title='bbox 3521 3044 3796 3111; x_wconf 82' lang='grc' dir='ltr'><em>γίνεσθαι,</em></span> 
     </span>
    </p>
   </div>
   <div class='ocr_carea' id='block_1_89' title="bbox 2209 3132 3799 3209">
    <p class='ocr_par' dir='ltr' id='par_1_89' title="bbox 2209 3132 3799 3209">
     <span class='ocr_line' id='line_1_89' title="bbox 2209 3132 3799 3209; baseline -0.002 -19"><span class='ocrx_word' id='word_1_688' title='bbox 2209 3132 2309 3190; x_wconf 71' lang='grc' dir='ltr'><em>οἶοί</em></span> <span class='ocrx_word' id='word_1_689' title='bbox 2337 3139 2472 3190; x_wconf 75' lang='grc' dir='ltr'><em>εἰσιν</em></span> <span class='ocrx_word' id='word_1_690' title='bbox 2490 3139 2537 3189; x_wconf 74' lang='grc' dir='ltr'><em>οἱ</em></span> <span class='ocrx_word' id='word_1_691' title='bbox 2569 3136 2674 3189; x_wconf 89' lang='grc' dir='ltr'><strong>τῶν</strong></span> <span class='ocrx_word' id='word_1_692' title='bbox 2697 3135 2995 3209; x_wconf 83' lang='grc' dir='ltr'><em>ἀνθρώπων</em></span> <span class='ocrx_word' id='word_1_693' title='bbox 3037 3136 3139 3190; x_wconf 75' lang='grc' dir='ltr'><em>υἱοὶ</em></span> <span class='ocrx_word' id='word_1_694' title='bbox 3164 3136 3301 3207; x_wconf 81' lang='grc' dir='ltr'><em>πρὸς</em></span> <span class='ocrx_word' id='word_1_695' title='bbox 3338 3137 3466 3198; x_wconf 73' lang='grc' dir='ltr'><em>τοὺς</em></span> <span class='ocrx_word' id='word_1_696' title='bbox 3498 3136 3799 3205; x_wconf 81' lang='grc' dir='ltr'><em>γεννήσαν-</em></span> 
     </span>
    </p>
   </div>
   <div class='ocr_carea' id='block_1_90' title="bbox 2209 3228 3796 3301">
    <p class='ocr_par' dir='ltr' id='par_1_90' title="bbox 2209 3228 3796 3301">
     <span class='ocr_line' id='line_1_90' title="bbox 2209 3228 3796 3301; baseline -0.011 -7"><span class='ocrx_word' id='word_1_697' title='bbox 2209 3247 2327 3293; x_wconf 80' lang='grc' dir='ltr'><em>τας,</em></span> <span class='ocrx_word' id='word_1_698' title='bbox 2361 3229 2437 3293; x_wconf 77' lang='grc' dir='ltr'><em>ὡς</em></span> <span class='ocrx_word' id='word_1_699' title='bbox 2462 3230 2766 3300; x_wconf 77' lang='grc' dir='ltr'><em>γέγραπται</em></span> <span class='ocrx_word' id='word_1_700' title='bbox 2800 3229 3046 3301; x_wconf 74' lang='grc' dir='ltr'><em>περὶτοῦ</em></span> <span class='ocrx_word' id='word_1_701' title='bbox 3091 3229 3262 3299; x_wconf 70' lang='grc' dir='ltr'><strong>Ἀδὰμ</strong></span> <span class='ocrx_word' id='word_1_702' title='bbox 3299 3229 3395 3281; x_wconf 68' lang='grc' dir='ltr'><em>καὶ</em></span> <span class='ocrx_word' id='word_1_703' title='bbox 3427 3228 3523 3281; x_wconf 83' lang='grc' dir='ltr'><em>τοῦ</em></span> <span class='ocrx_word' id='word_1_704' title='bbox 3579 3229 3639 3295; x_wconf 79' lang='grc' dir='ltr'><strong>ἐξ</strong></span> <span class='ocrx_word' id='word_1_705' title='bbox 3690 3228 3796 3280; x_wconf 75' lang='grc' dir='ltr'><strong>αὐ-</strong></span> 
     </span>
    </p>
   </div>
   <div class='ocr_carea' id='block_1_91' title="bbox 2207 3319 3797 3396">
    <p class='ocr_par' dir='ltr' id='par_1_91' title="bbox 2207 3319 3797 3396">
     <span class='ocr_line' id='line_1_91' title="bbox 2207 3319 3797 3396; baseline -0.004 -19"><span class='ocrx_word' id='word_1_706' title='bbox 2207 3324 2299 3376; x_wconf 79' lang='grc' dir='ltr'><em>τοῦ</em></span> <span class='ocrx_word' id='word_1_707' title='bbox 2332 3323 2682 3396; x_wconf 79' lang='grc' dir='ltr'><em>γεννηθέντος</em></span> <span class='ocrx_word' id='word_1_708' title='bbox 2716 3323 2842 3394; x_wconf 81' lang='grc' dir='ltr'><em>Σὴθ,</em></span> <span class='ocrx_word' id='word_1_709' title='bbox 2884 3324 2959 3386; x_wconf 84' lang='grc' dir='ltr'><em>ὡς</em></span> <span class='ocrx_word' id='word_1_710' title='bbox 2992 3319 3059 3394; x_wconf 76' lang='grc' dir='ltr'><em>ἦν</em></span> <span class='ocrx_word' id='word_1_711' title='bbox 3086 3323 3268 3392; x_wconf 74' lang='grc' dir='ltr'><em>ὅμοιος</em></span> <span class='ocrx_word' id='word_1_712' title='bbox 3303 3322 3457 3391; x_wconf 73' lang='grc' dir='ltr'><em>αὐτῷ</em></span> <span class='ocrx_word' id='word_1_713' title='bbox 3508 3321 3655 3376; x_wconf 74' lang='grc' dir='ltr'><em>κατὰ</em></span> <span class='ocrx_word' id='word_1_714' title='bbox 3693 3323 3797 3391; x_wconf 70' lang='grc' dir='ltr'><em>τὴν</em></span> 
     </span>
    </p>
   </div>
   <div class='ocr_carea' id='block_1_92' title="bbox 2211 3412 3799 3485">
    <p class='ocr_par' dir='ltr' id='par_1_92' title="bbox 2211 3412 3799 3485">
     <span class='ocr_line' id='line_1_92' title="bbox 2211 3412 3799 3485; baseline -0.003 -18"><span class='ocrx_word' id='word_1_715' title='bbox 2211 3415 2351 3467; x_wconf 85' lang='grc' dir='ltr'><em>ίδέαν</em></span> <span class='ocrx_word' id='word_1_716' title='bbox 2385 3414 2569 3469; x_wconf 77' lang='grc' dir='ltr'><em>αὑτοῦ.</em></span> <span class='ocrx_word' id='word_1_717' title='bbox 2612 3414 2827 3485; x_wconf 86' lang='grc' dir='ltr'><strong>Ἐπειδὴ</strong></span> <span class='ocrx_word' id='word_1_718' title='bbox 2852 3414 2959 3484; x_wconf 84' lang='grc' dir='ltr'><em>δὲὴ</em></span> <span class='ocrx_word' id='word_1_719' title='bbox 2993 3416 3056 3466; x_wconf 84' lang='grc' dir='ltr'><em>ὲκ</em></span> <span class='ocrx_word' id='word_1_720' title='bbox 3074 3413 3288 3482; x_wconf 85' lang='grc' dir='ltr'><em>Πατρὸς</em></span> <span class='ocrx_word' id='word_1_721' title='bbox 3311 3413 3403 3465; x_wconf 76' lang='grc' dir='ltr'><em>τοῦ</em></span> <span class='ocrx_word' id='word_1_722' title='bbox 3436 3413 3575 3464; x_wconf 81' lang='grc' dir='ltr'>Υίοῦ</span> <span class='ocrx_word' id='word_1_723' title='bbox 3602 3412 3799 3481; x_wconf 76' lang='grc' dir='ltr'><em>γέννη-</em></span> 
     </span>
    </p>
   </div>
   <div class='ocr_carea' id='block_1_93' title="bbox 2210 3502 3792 3576">
    <p class='ocr_par' dir='ltr' id='par_1_93' title="bbox 2210 3502 3792 3576">
     <span class='ocr_line' id='line_1_93' title="bbox 2210 3502 3792 3576; baseline -0.001 -19"><span class='ocrx_word' id='word_1_724' title='bbox 2210 3523 2291 3569; x_wconf 90' lang='grc' dir='ltr'><strong>σις</strong></span> <span class='ocrx_word' id='word_1_725' title='bbox 2319 3506 2451 3576; x_wconf 86' lang='grc' dir='ltr'><em>ἄλλη</em></span> <span class='ocrx_word' id='word_1_726' title='bbox 2482 3506 2632 3576; x_wconf 80' lang='grc' dir='ltr'><em>παρὰ</em></span> <span class='ocrx_word' id='word_1_727' title='bbox 2660 3505 2755 3576; x_wconf 80' lang='grc' dir='ltr'><em>τὴν</em></span> <span class='ocrx_word' id='word_1_728' title='bbox 2784 3504 3083 3575; x_wconf 84' lang='grc' dir='ltr'><em>ἀνθρώπων</em></span> <span class='ocrx_word' id='word_1_729' title='bbox 3123 3503 3285 3573; x_wconf 78' lang='grc' dir='ltr'><em>φύσιν</em></span> <span class='ocrx_word' id='word_1_730' title='bbox 3307 3505 3444 3567; x_wconf 77' lang='grc' dir='ltr'><em>ἐστὶ,</em></span> <span class='ocrx_word' id='word_1_731' title='bbox 3474 3504 3571 3557; x_wconf 75' lang='grc' dir='ltr'><em>καὶ</em></span> <span class='ocrx_word' id='word_1_732' title='bbox 3602 3504 3665 3555; x_wconf 74' lang='grc' dir='ltr'><em>οὐ</em></span> <span class='ocrx_word' id='word_1_733' title='bbox 3695 3502 3792 3572; x_wconf 82' lang='grc' dir='ltr'><strong>μό-</strong></span> 
     </span>
    </p>
   </div>
   <div class='ocr_carea' id='block_1_94' title="bbox 2205 3580 3796 3669">
    <p class='ocr_par' dir='ltr' id='par_1_94' title="bbox 2205 3580 3796 3669">
     <span class='ocr_line' id='line_1_94' title="bbox 2205 3580 3796 3669; baseline -0.003 -18"><span class='ocrx_word' id='word_1_734' title='bbox 2205 3615 2293 3651; x_wconf 88' lang='grc' dir='ltr'><strong>νον</strong></span> <span class='ocrx_word' id='word_1_735' title='bbox 2330 3599 2530 3669; x_wconf 85' lang='grc' dir='ltr'><em>ὃμοιος,</em></span> <span class='ocrx_word' id='word_1_736' title='bbox 2559 3596 2694 3652; x_wconf 85' lang='grc' dir='ltr'><em>ἀλλὰ</em></span> <span class='ocrx_word' id='word_1_737' title='bbox 2731 3598 2822 3651; x_wconf 77' lang='grc' dir='ltr'><em>καὶ</em></span> <span class='ocrx_word' id='word_1_738' title='bbox 2844 3580 3143 3669; x_wconf 81' lang='grc' dir='ltr'><em>άδιαίρετός</em></span> <span class='ocrx_word' id='word_1_739' title='bbox 3172 3598 3288 3648; x_wconf 80' lang='grc' dir='ltr'><em>ἐστι</em></span> <span class='ocrx_word' id='word_1_740' title='bbox 3319 3595 3418 3664; x_wconf 77' lang='grc' dir='ltr'><em>τῆς</em></span> <span class='ocrx_word' id='word_1_741' title='bbox 3453 3595 3551 3648; x_wconf 75' lang='grc' dir='ltr'><em>τοῦ</em></span> <span class='ocrx_word' id='word_1_742' title='bbox 3578 3596 3796 3665; x_wconf 68' lang='grc' dir='ltr'><em>[ἰατρὸς</em></span> 
     </span>
    </p>
   </div>
   <div class='ocr_carea' id='block_1_95' title="bbox 2205 3686 3794 3760">
    <p class='ocr_par' dir='ltr' id='par_1_95' title="bbox 2205 3686 3794 3760">
     <span class='ocr_line' id='line_1_95' title="bbox 2205 3686 3794 3760; baseline -0.002 -18"><span class='ocrx_word' id='word_1_743' title='bbox 2205 3690 2407 3753; x_wconf 79' lang='grc' dir='ltr'><em>οὐσίας,</em></span> <span class='ocrx_word' id='word_1_744' title='bbox 2439 3692 2531 3742; x_wconf 76' lang='grc' dir='ltr'><em>καὶ</em></span> <span class='ocrx_word' id='word_1_745' title='bbox 2560 3689 2616 3742; x_wconf 81' lang='grc' dir='ltr'><em>ἓν</em></span> <span class='ocrx_word' id='word_1_746' title='bbox 2648 3690 2744 3760; x_wconf 86' lang='grc' dir='ltr'><em>μέν</em></span> <span class='ocrx_word' id='word_1_747' title='bbox 2776 3691 2909 3742; x_wconf 80' lang='grc' dir='ltr'><em>εἰσιν</em></span> <span class='ocrx_word' id='word_1_748' title='bbox 2946 3689 3104 3751; x_wconf 79' lang='grc' dir='ltr'><em>αὐτὸς</em></span> <span class='ocrx_word' id='word_1_749' title='bbox 3142 3687 3237 3740; x_wconf 77' lang='grc' dir='ltr'><em>καὶ</em></span> <span class='ocrx_word' id='word_1_750' title='bbox 3273 3690 3301 3740; x_wconf 85' lang='grc' dir='ltr'>ὁ</span> <span class='ocrx_word' id='word_1_751' title='bbox 3330 3686 3545 3758; x_wconf 71' lang='grc' dir='ltr'><em>Πατὴρ,</em></span> <span class='ocrx_word' id='word_1_752' title='bbox 3583 3688 3660 3750; x_wconf 84' lang='grc' dir='ltr'><em>ὡς</em></span> <span class='ocrx_word' id='word_1_753' title='bbox 3692 3688 3794 3739; x_wconf 74' lang='grc' dir='ltr'><strong>αὺ-</strong></span> 
     </span>
    </p>
   </div>
   <div class='ocr_carea' id='block_1_96' title="bbox 2208 3779 3793 3853">
    <p class='ocr_par' dir='ltr' id='par_1_96' title="bbox 2208 3779 3793 3853">
     <span class='ocr_line' id='line_1_96' title="bbox 2208 3779 3793 3853; baseline -0.003 -19"><span class='ocrx_word' id='word_1_754' title='bbox 2208 3782 2298 3843; x_wconf 78' lang='grc' dir='ltr'><em>τὸς</em></span> <span class='ocrx_word' id='word_1_755' title='bbox 2319 3781 2557 3853; x_wconf 79' lang='grc' dir='ltr'><em>εἴρηκεν,</em></span> <span class='ocrx_word' id='word_1_756' title='bbox 2594 3783 2681 3836; x_wconf 77' lang='grc' dir='ltr'><strong>ἀεὶ</strong></span> <span class='ocrx_word' id='word_1_757' title='bbox 2712 3782 2770 3834; x_wconf 77' lang='grc' dir='ltr'><em>δὲ</em></span> <span class='ocrx_word' id='word_1_758' title='bbox 2800 3783 2856 3835; x_wconf 84' lang='grc' dir='ltr'><em>ἐν</em></span> <span class='ocrx_word' id='word_1_759' title='bbox 2888 3780 2966 3851; x_wconf 79' lang='grc' dir='ltr'><em>τῷ</em></span> <span class='ocrx_word' id='word_1_760' title='bbox 2995 3779 3167 3850; x_wconf 85' lang='grc' dir='ltr'><em>Πατρί</em></span> <span class='ocrx_word' id='word_1_761' title='bbox 3200 3781 3346 3832; x_wconf 78' lang='grc' dir='ltr'><em>ἐστιν</em></span> <span class='ocrx_word' id='word_1_762' title='bbox 3377 3782 3404 3832; x_wconf 80' lang='grc' dir='ltr'>ὁ</span> <span class='ocrx_word' id='word_1_763' title='bbox 3428 3780 3627 3847; x_wconf 85' lang='grc' dir='ltr'><em>Λόγος,</em></span> <span class='ocrx_word' id='word_1_764' title='bbox 3653 3779 3793 3831; x_wconf 74' lang='grc' dir='ltr'><em>καὶό</em></span> 
     </span>
    </p>
   </div>
   <div class='ocr_carea' id='block_1_97' title="bbox 2207 3866 3794 3944">
    <p class='ocr_par' dir='ltr' id='par_1_97' title="bbox 2207 3866 3794 3944">
     <span class='ocr_line' id='line_1_97' title="bbox 2207 3866 3794 3944; baseline -0.004 -19"><span class='ocrx_word' id='word_1_765' title='bbox 2207 3874 2395 3944; x_wconf 79' lang='grc' dir='ltr'><em>Πατὴρ</em></span> <span class='ocrx_word' id='word_1_766' title='bbox 2428 3874 2485 3927; x_wconf 82' lang='grc' dir='ltr'><em>ἐν</em></span> <span class='ocrx_word' id='word_1_767' title='bbox 2510 3873 2584 3944; x_wconf 83' lang='grc' dir='ltr'><em>τῷ</em></span> <span class='ocrx_word' id='word_1_768' title='bbox 2618 3874 2798 3944; x_wconf 77' lang='grc' dir='ltr'><em>Λόγῳ,</em></span> <span class='ocrx_word' id='word_1_769' title='bbox 2828 3873 2903 3936; x_wconf 87' lang='grc' dir='ltr'><em>ὡς</em></span> <span class='ocrx_word' id='word_1_770' title='bbox 2926 3871 3040 3924; x_wconf 78' lang='grc' dir='ltr'><em>ἔστι</em></span> <span class='ocrx_word' id='word_1_771' title='bbox 3072 3870 3132 3923; x_wconf 78' lang='grc' dir='ltr'><em>τὸ</em></span> <span class='ocrx_word' id='word_1_772' title='bbox 3162 3870 3507 3940; x_wconf 78' lang='grc' dir='ltr'><em>ἀπαύγασμα</em></span> <span class='ocrx_word' id='word_1_773' title='bbox 3548 3869 3687 3940; x_wconf 72' lang='grc' dir='ltr'><em>πρὸς</em></span> <span class='ocrx_word' id='word_1_774' title='bbox 3730 3866 3794 3919; x_wconf 76' lang='grc' dir='ltr'><em>τὸ</em></span> 
     </span>
    </p>
   </div>
   <div class='ocr_carea' id='block_1_98' title="bbox 2207 3958 3795 4035">
    <p class='ocr_par' dir='ltr' id='par_1_98' title="bbox 2207 3958 3795 4035">
     <span class='ocr_line' id='line_1_98' title="bbox 2207 3958 3795 4035; baseline -0.005 -18"><span class='ocrx_word' id='word_1_775' title='bbox 2207 3966 2339 4035; x_wconf 73' lang='grc' dir='ltr'><em>φῶςσ</em></span> <span class='ocrx_word' id='word_1_776' title='bbox 2362 3966 2517 4019; x_wconf 74' lang='grc' dir='ltr'><em>τοῦτο</em></span> <span class='ocrx_word' id='word_1_777' title='bbox 2545 3965 2651 4035; x_wconf 82' lang='grc' dir='ltr'><em>γὰρ</em></span> <span class='ocrx_word' id='word_1_778' title='bbox 2669 3966 2761 4017; x_wconf 79' lang='grc' dir='ltr'><em>καὶ</em></span> <span class='ocrx_word' id='word_1_779' title='bbox 2779 3966 2811 4035; x_wconf 81' lang='grc' dir='ltr'>ἡ</span> <span class='ocrx_word' id='word_1_780' title='bbox 2828 3964 2969 4029; x_wconf 82' lang='grc' dir='ltr'><em>λέξις</em></span> <span class='ocrx_word' id='word_1_781' title='bbox 2987 3962 3261 4032; x_wconf 80' lang='grc' dir='ltr'><em>σημαίνει’</em></span> <span class='ocrx_word' id='word_1_782' title='bbox 3303 3960 3392 4014; x_wconf 85' lang='grc' dir='ltr'><em>διὰ</em></span> <span class='ocrx_word' id='word_1_783' title='bbox 3413 3960 3576 4012; x_wconf 79' lang='grc' dir='ltr'><em>τοῦτο</em></span> <span class='ocrx_word' id='word_1_784' title='bbox 3604 3962 3639 4029; x_wconf 77' lang='grc' dir='ltr'><strong>ἡ</strong></span> <span class='ocrx_word' id='word_1_785' title='bbox 3672 3958 3795 4010; x_wconf 83' lang='grc' dir='ltr'><em>σύν·</em></span> 
     </span>
    </p>
   </div>
   <div class='ocr_carea' id='block_1_99' title="bbox 2205 4051 3791 4125">
    <p class='ocr_par' dir='ltr' id='par_1_99' title="bbox 2205 4051 3791 4125">
     <span class='ocr_line' id='line_1_99' title="bbox 2205 4051 3791 4125; baseline -0.009 -13"><span class='ocrx_word' id='word_1_786' title='bbox 2205 4059 2341 4123; x_wconf 88' lang='grc' dir='ltr'><em>οδος,</em></span> <span class='ocrx_word' id='word_1_787' title='bbox 2355 4057 2510 4110; x_wconf 69' lang='grc' dir='ltr'><em>τοῦτο</em></span> <span class='ocrx_word' id='word_1_788' title='bbox 2524 4055 2922 4119; x_wconf 78' lang='grc' dir='ltr'><em>νοοῦσα,καλῶς</em></span> <span class='ocrx_word' id='word_1_789' title='bbox 2934 4054 3216 4125; x_wconf 72' lang='grc' dir='ltr'><em>ὁμοοῠσιον</em></span> <span class='ocrx_word' id='word_1_790' title='bbox 3232 4052 3490 4122; x_wconf 60' lang='grc' dir='ltr'><em>ἔγραψεν,</em></span> <span class='ocrx_word' id='word_1_791' title='bbox 3508 4052 3598 4105; x_wconf 81' lang='grc' dir='ltr'><em>ἵνα</em></span> <span class='ocrx_word' id='word_1_792' title='bbox 3613 4051 3709 4119; x_wconf 74' lang='grc' dir='ltr'><em>τήν</em></span> <span class='ocrx_word' id='word_1_793' title='bbox 3731 4065 3791 4099; x_wconf 77' lang='grc' dir='ltr'><strong>τε</strong></span> 
     </span>
    </p>
   </div>
   <div class='ocr_carea' id='block_1_100' title="bbox 2204 4142 3791 4220">
    <p class='ocr_par' dir='ltr' id='par_1_100' title="bbox 2204 4142 3791 4220">
     <span class='ocr_line' id='line_1_100' title="bbox 2204 4142 3791 4220; baseline -0.008 -18"><span class='ocrx_word' id='word_1_794' title='bbox 2204 4149 2313 4202; x_wconf 87' lang='grc' dir='ltr'><strong>τῶν</strong></span> <span class='ocrx_word' id='word_1_795' title='bbox 2340 4148 2624 4220; x_wconf 85' lang='grc' dir='ltr'><em>αἱρετικῶν</em></span> <span class='ocrx_word' id='word_1_796' title='bbox 2657 4145 2982 4217; x_wconf 83' lang='grc' dir='ltr'><em>κακοήθειαν</em></span> <span class='ocrx_word' id='word_1_797' title='bbox 3012 4146 3379 4215; x_wconf 66' lang='grc' dir='ltr'><em>ἀνατρέψωσι,</em></span> <span class='ocrx_word' id='word_1_798' title='bbox 3412 4143 3509 4195; x_wconf 69' lang='grc' dir='ltr'><em>καὶ</em></span> <span class='ocrx_word' id='word_1_799' title='bbox 3541 4142 3791 4205; x_wconf 78' lang='grc' dir='ltr'><em>δείξωσιν</em></span> 
     </span>
    </p>
   </div>
   <div class='ocr_carea' id='block_1_101' title="bbox 2205 4231 3792 4309">
    <p class='ocr_par' dir='ltr' id='par_1_101' title="bbox 2205 4231 3792 4309">
     <span class='ocr_line' id='line_1_101' title="bbox 2205 4231 3792 4309; baseline -0.005 -17"><span class='ocrx_word' id='word_1_800' title='bbox 2205 4240 2359 4293; x_wconf 79' lang='grc' dir='ltr'><em>ἄλλον</em></span> <span class='ocrx_word' id='word_1_801' title='bbox 2380 4236 2517 4294; x_wconf 79' lang='grc' dir='ltr'><em>εἶναι</em></span> <span class='ocrx_word' id='word_1_802' title='bbox 2555 4239 2662 4292; x_wconf 86' lang='grc' dir='ltr'><strong>τῶν</strong></span> <span class='ocrx_word' id='word_1_803' title='bbox 2688 4237 2929 4309; x_wconf 77' lang='grc' dir='ltr'><em>γενητῶν</em></span> <span class='ocrx_word' id='word_1_804' title='bbox 2956 4238 3047 4290; x_wconf 74' lang='grc' dir='ltr'><em>τὸν</em></span> <span class='ocrx_word' id='word_1_805' title='bbox 3089 4238 3282 4305; x_wconf 84' lang='grc' dir='ltr'><em>Λόγον.</em></span> <span class='ocrx_word' id='word_1_806' title='bbox 3324 4237 3435 4289; x_wconf 83' lang='grc' dir='ltr'><strong>Καὶ</strong></span> <span class='ocrx_word' id='word_1_807' title='bbox 3474 4235 3586 4305; x_wconf 72' lang='grc' dir='ltr'><em>γὰρ</em></span> <span class='ocrx_word' id='word_1_808' title='bbox 3633 4231 3792 4285; x_wconf 79' lang='grc' dir='ltr'><em>τοῦτο</em></span> 
     </span>
    </p>
   </div>
   <div class='ocr_carea' id='block_1_102' title="bbox 2203 4320 3788 4407">
    <p class='ocr_par' dir='ltr' id='par_1_102' title="bbox 2203 4320 3788 4407">
     <span class='ocr_line' id='line_1_102' title="bbox 2203 4320 3788 4407; baseline -0.01 -20"><span class='ocrx_word' id='word_1_809' title='bbox 2203 4334 2530 4407; x_wconf 73' lang='grc' dir='ltr'><em>γράψαντες,</em></span> <span class='ocrx_word' id='word_1_810' title='bbox 2565 4332 2725 4394; x_wconf 80' lang='grc' dir='ltr'><em>εὐθὺς</em></span> <span class='ocrx_word' id='word_1_811' title='bbox 2769 4332 3071 4401; x_wconf 77' lang='grc' dir='ltr'><em>ἐπήγαγον·</em></span> <span class='ocrx_word' id='word_1_812' title='bbox 3105 4346 3121 4378; x_wconf 74' lang='grc' dir='ltr'><strong>ι</strong></span> <span class='ocrx_word' id='word_1_813' title='bbox 3162 4328 3302 4390; x_wconf 76' lang='grc' dir='ltr'><em>Τοὺς</em></span> <span class='ocrx_word' id='word_1_814' title='bbox 3337 4327 3393 4379; x_wconf 77' lang='grc' dir='ltr'><em>δὲ</em></span> <span class='ocrx_word' id='word_1_815' title='bbox 3426 4327 3686 4394; x_wconf 84' lang='grc' dir='ltr'><em>λέγοντας</em></span> <span class='ocrx_word' id='word_1_816' title='bbox 3728 4320 3788 4381; x_wconf 78' lang='grc' dir='ltr'><strong>ἐξ</strong></span> 
     </span>
    </p>
   </div>
   <div class='ocr_carea' id='block_1_103' title="bbox 2203 4410 3783 4489">
    <p class='ocr_par' dir='ltr' id='par_1_103' title="bbox 2203 4410 3783 4489">
     <span class='ocr_line' id='line_1_103' title="bbox 2203 4410 3783 4489; baseline -0.011 -10"><span class='ocrx_word' id='word_1_817' title='bbox 2203 4427 2302 4479; x_wconf 76' lang='grc' dir='ltr'><em>οὐκ</em></span> <span class='ocrx_word' id='word_1_818' title='bbox 2328 4426 2494 4480; x_wconf 74' lang='grc' dir='ltr'><em>ὄντων</em></span> <span class='ocrx_word' id='word_1_819' title='bbox 2520 4425 2611 4477; x_wconf 77' lang='grc' dir='ltr'><em>τὸν</em></span> <span class='ocrx_word' id='word_1_820' title='bbox 2656 4424 2783 4475; x_wconf 82' lang='grc' dir='ltr'><strong>Υἱὸν</strong></span> <span class='ocrx_word' id='word_1_821' title='bbox 2816 4422 2907 4475; x_wconf 81' lang='grc' dir='ltr'><em>τοῦ</em></span> <span class='ocrx_word' id='word_1_822' title='bbox 2931 4419 3086 4484; x_wconf 78' lang='grc' dir='ltr'><em>Θεοῦ,</em></span> <span class='ocrx_word' id='word_1_823' title='bbox 3118 4420 3151 4489; x_wconf 84' lang='grc' dir='ltr'>ἢ</span> <span class='ocrx_word' id='word_1_824' title='bbox 3190 4418 3427 4481; x_wconf 78' lang='grc' dir='ltr'><em>κτιστὸν,</em></span> <span class='ocrx_word' id='word_1_825' title='bbox 3459 4419 3492 4487; x_wconf 82' lang='grc' dir='ltr'>ἢ</span> <span class='ocrx_word' id='word_1_826' title='bbox 3533 4410 3783 4485; x_wconf 81' lang='grc' dir='ltr'><em>τρεπτδν,</em></span> 
     </span>
    </p>
   </div>
   <div class='ocr_carea' id='block_1_104' title="bbox 274 4502 2107 4589">
    <p class='ocr_par' dir='ltr' id='par_1_104' title="bbox 274 4509 2107 4589">
     <span class='ocr_line' id='line_1_104' title="bbox 274 4509 2107 4589; baseline -0.003 -18"><span class='ocrx_word' id='word_1_827' title='bbox 274 4560 283 4571; x_wconf 92' lang='grc'>.</span> <span class='ocrx_word' id='word_1_828' title='bbox 367 4521 384 4589; x_wconf 68' lang='lat'><strong>_‘</strong></span> <span class='ocrx_word' id='word_1_829' title='bbox 454 4560 457 4563; x_wconf 85' lang='lat'><strong>.</strong></span> <span class='ocrx_word' id='word_1_830' title='bbox 534 4512 823 4568; x_wconf 77' lang='lat' dir='ltr'><strong>reticorum</strong></span> <span class='ocrx_word' id='word_1_831' title='bbox 852 4511 1272 4582; x_wconf 83' lang='lat' dir='ltr'><strong>perversitatem</strong></span> <span class='ocrx_word' id='word_1_832' title='bbox 1302 4518 1596 4576; x_wconf 86' lang='lat' dir='ltr'><strong>everteret,</strong></span> <span class='ocrx_word' id='word_1_833' title='bbox 1625 4509 2107 4575; x_wconf 78' lang='lat' dir='ltr'><strong>etVerbumaIiud</strong></span> 
     </span>
    </p>
   </div>
   <div class='ocr_carea' id='block_1_105' title="bbox 2210 4502 3785 4589">
    <p class='ocr_par' dir='ltr' id='par_1_105' title="bbox 2212 4502 3785 4589">
     <span class='ocr_line' id='line_1_105' title="bbox 2212 4502 3785 4589; baseline -0.012 -17"><span class='ocrx_word' id='word_1_834' title='bbox 2212 4519 2244 4589; x_wconf 79' lang='grc' dir='ltr'><strong>ἢ</strong></span> <span class='ocrx_word' id='word_1_835' title='bbox 2282 4517 2509 4587; x_wconf 83' lang='grc' dir='ltr'><em>ποίημα,</em></span> <span class='ocrx_word' id='word_1_836' title='bbox 2542 4516 2575 4586; x_wconf 86' lang='grc' dir='ltr'>ἢ</span> <span class='ocrx_word' id='word_1_837' title='bbox 2603 4516 2660 4579; x_wconf 79' lang='grc' dir='ltr'>ἐξ</span> <span class='ocrx_word' id='word_1_838' title='bbox 2694 4514 2883 4585; x_wconf 77' lang='grc' dir='ltr'><em>ἑτέρας</em></span> <span class='ocrx_word' id='word_1_839' title='bbox 2910 4512 3113 4574; x_wconf 75' lang='grc' dir='ltr'><em>οὐσίας,</em></span> <span class='ocrx_word' id='word_1_840' title='bbox 3137 4508 3361 4572; x_wconf 76' lang='grc' dir='ltr'><em>τούτους</em></span> <span class='ocrx_word' id='word_1_841' title='bbox 3399 4502 3785 4575; x_wconf 80' lang='grc' dir='ltr'><em>ἀναθεματίζει</em></span> 
     </span>
    </p>
   </div>
   <div class='ocr_carea' id='block_1_106' title="bbox 2207 4596 3787 4680">
    <p class='ocr_par' dir='ltr' id='par_1_106' title="bbox 2207 4596 3787 4680">
     <span class='ocr_line' id='line_1_106' title="bbox 2207 4596 3787 4680; baseline -0.009 -19"><span class='ocrx_word' id='word_1_842' title='bbox 2207 4612 2241 4680; x_wconf 78' lang='grc' dir='ltr'>ἡ</span> <span class='ocrx_word' id='word_1_843' title='bbox 2276 4608 2405 4677; x_wconf 75' lang='grc' dir='ltr'><em>ἁγία</em></span> <span class='ocrx_word' id='word_1_844' title='bbox 2431 4609 2524 4661; x_wconf 73' lang='grc' dir='ltr'><em>καὶ</em></span> <span class='ocrx_word' id='word_1_845' title='bbox 2570 4605 2830 4673; x_wconf 79' lang='grc' dir='ltr'><em>καθολικὴ</em></span> <span class='ocrx_word' id='word_1_846' title='bbox 2882 4601 3193 4672; x_wconf 84' lang='grc' dir='ltr'><strong>Ἐκκλησία.</strong></span> <span class='ocrx_word' id='word_1_847' title='bbox 3244 4621 3261 4652; x_wconf 76' lang='grc' dir='ltr'><strong>ι</strong></span> <span class='ocrx_word' id='word_1_848' title='bbox 3306 4599 3493 4653; x_wconf 78' lang='grc' dir='ltr'><em>Ταῦτα</em></span> <span class='ocrx_word' id='word_1_849' title='bbox 3533 4597 3589 4649; x_wconf 79' lang='grc' dir='ltr'><em>δὲ</em></span> <span class='ocrx_word' id='word_1_850' title='bbox 3635 4596 3787 4664; x_wconf 71' lang='grc' dir='ltr'><em>εἰρη-</em></span> 
     </span>
    </p>
   </div>
   <div class='ocr_carea' id='block_1_107' title="bbox 2208 4680 3782 4772">
    <p class='ocr_par' dir='ltr' id='par_1_107' title="bbox 2208 4680 3782 4772">
     <span class='ocr_line' id='line_1_107' title="bbox 2208 4680 3782 4772; baseline -0.015 -16"><span class='ocrx_word' id='word_1_851' title='bbox 2208 4704 2380 4766; x_wconf 88' lang='grc' dir='ltr'><em>κότες,</em></span> <span class='ocrx_word' id='word_1_852' title='bbox 2410 4701 2678 4772; x_wconf 77' lang='grc' dir='ltr'><em>ἐδήλωσαν</em></span> <span class='ocrx_word' id='word_1_853' title='bbox 2710 4694 2977 4768; x_wconf 81' lang='grc' dir='ltr'><em>φανερῶς,</em></span> <span class='ocrx_word' id='word_1_854' title='bbox 3004 4697 3084 4748; x_wconf 85' lang='grc' dir='ltr'><em>ὅτι</em></span> <span class='ocrx_word' id='word_1_855' title='bbox 3115 4694 3175 4745; x_wconf 82' lang='grc' dir='ltr'><em>τὸ</em></span> <span class='ocrx_word' id='word_1_856' title='bbox 3203 4694 3272 4745; x_wconf 70' lang='grc' dir='ltr'><em>ἐκ</em></span> <span class='ocrx_word' id='word_1_857' title='bbox 3311 4690 3421 4757; x_wconf 81' lang='grc' dir='ltr'><em>τῆς</em></span> <span class='ocrx_word' id='word_1_858' title='bbox 3450 4689 3666 4745; x_wconf 73' lang='grc' dir='ltr'><em>οὐσίης</em></span> <span class='ocrx_word' id='word_1_859' title='bbox 3689 4680 3782 4772; x_wconf 75' lang='grc' dir='ltr'><em>καὶ</em></span> 
     </span>
    </p>
   </div>
   <div class='ocr_carea' id='block_1_108' title="bbox 2206 4771 3823 4864">
    <p class='ocr_par' dir='ltr' id='par_1_108' title="bbox 2206 4771 3823 4864">
     <span class='ocr_line' id='line_1_108' title="bbox 2206 4771 3823 4864; baseline -0.012 -15"><span class='ocrx_word' id='word_1_860' title='bbox 2206 4796 2267 4848; x_wconf 82' lang='grc' dir='ltr'><em>τὸ</em></span> <span class='ocrx_word' id='word_1_861' title='bbox 2299 4771 2621 4864; x_wconf 77' lang='grc' dir='ltr'><em>όμοούσιον</em></span> <span class='ocrx_word' id='word_1_862' title='bbox 2648 4790 2967 4861; x_wconf 82' lang='grc' dir='ltr'><em>ἀναιρετικὰ</em></span> <span class='ocrx_word' id='word_1_863' title='bbox 2990 4787 3098 4860; x_wconf 78' lang='grc' dir='ltr'><strong>τῶν</strong></span> <span class='ocrx_word' id='word_1_864' title='bbox 3120 4785 3217 4855; x_wconf 78' lang='grc' dir='ltr'><em>τῆς</em></span> <span class='ocrx_word' id='word_1_865' title='bbox 3238 4784 3494 4836; x_wconf 66' lang='grc' dir='ltr'><em>ἀσεϐείαις</em></span> <span class='ocrx_word' id='word_1_866' title='bbox 3514 4771 3783 4864; x_wconf 71' lang='grc' dir='ltr'><em>λογαρίῳν</em></span> <span class='ocrx_word' id='word_1_867' title='bbox 3816 4848 3823 4861; x_wconf 39' lang='grc' dir='ltr'><strong>Ι</strong></span> 
     </span>
    </p>
   </div>
   <div class='ocr_carea' id='block_1_109' title="bbox 2208 4862 3830 4956">
    <p class='ocr_par' dir='ltr' id='par_1_109' title="bbox 2208 4862 3830 4956">
     <span class='ocr_line' id='line_1_109' title="bbox 2208 4862 3830 4956; baseline -0.007 -18"><span class='ocrx_word' id='word_1_868' title='bbox 2208 4862 2364 4947; x_wconf 64' lang='grc' dir='ltr'><em>εἰσιν,</em></span> <span class='ocrx_word' id='word_1_869' title='bbox 2401 4885 2541 4956; x_wconf 80' lang='grc' dir='ltr'><em>άπερ</em></span> <span class='ocrx_word' id='word_1_870' title='bbox 2574 4882 2713 4945; x_wconf 70' lang='grc' dir='ltr'><em>ἐστὶ,</em></span> <span class='ocrx_word' id='word_1_871' title='bbox 2754 4882 2978 4951; x_wconf 84' lang='grc' dir='ltr'><em>κτίσμα.</em></span> <span class='ocrx_word' id='word_1_872' title='bbox 3010 4875 3100 4931; x_wconf 65' lang='grc' dir='ltr'><strong>κδ’⁸</strong></span> <span class='ocrx_word' id='word_1_873' title='bbox 3138 4871 3373 4935; x_wconf 75' lang='grc' dir='ltr'><em>ποίημα,</em></span> <span class='ocrx_word' id='word_1_874' title='bbox 3403 4865 3501 4956; x_wconf 40' lang='grc' dir='ltr'><strong>καὶ</strong></span> <span class='ocrx_word' id='word_1_875' title='bbox 3535 4862 3780 4956; x_wconf 55' lang='grc' dir='ltr'><em>γενητρν.</em></span> <span class='ocrx_word' id='word_1_876' title='bbox 3820 4920 3830 4956; x_wconf 47' lang='grc' dir='ltr'><strong><em>τ</em></strong></span> 
     </span>
    </p>
   </div>
   <div class='ocr_carea' id='block_1_110' title="bbox 2207 4946 3833 5047">
    <p class='ocr_par' dir='ltr' id='par_1_110' title="bbox 2207 4946 3833 5047">
     <span class='ocr_line' id='line_1_110' title="bbox 2207 4946 3833 5047; baseline -0.002 -20"><span class='ocrx_word' id='word_1_877' title='bbox 2207 4976 2299 5027; x_wconf 77' lang='grc' dir='ltr'><em>καὶ</em></span> <span class='ocrx_word' id='word_1_878' title='bbox 2328 4946 2589 5047; x_wconf 56' lang='grc' dir='ltr'><em>τρεπτδν,</em></span> <span class='ocrx_word' id='word_1_879' title='bbox 2646 4973 2740 5024; x_wconf 71' lang='grc' dir='ltr'><em>καὶ</em></span> <span class='ocrx_word' id='word_1_880' title='bbox 2795 4946 2895 5017; x_wconf 66' lang='grc' dir='ltr'><strong>οωέ</strong></span> <span class='ocrx_word' id='word_1_881' title='bbox 2941 4956 3008 5031; x_wconf 80' lang='grc' dir='ltr'><em>ἦν</em></span> <span class='ocrx_word' id='word_1_882' title='bbox 3065 4958 3196 5028; x_wconf 61' lang='grc' dir='ltr'><strong>πρὶν</strong></span> <span class='ocrx_word' id='word_1_883' title='bbox 3248 4954 3507 5027; x_wconf 77' lang='grc' dir='ltr'><em>γεννηθῇ·</em></span> <span class='ocrx_word' id='word_1_884' title='bbox 3570 4956 3627 5007; x_wconf 74' lang='grc' dir='ltr'>ὐ</span> <span class='ocrx_word' id='word_1_885' title='bbox 3673 4946 3833 5036; x_wconf 62' lang='grc' dir='ltr'><strong>τάρξ</strong></span> 
     </span>
    </p>
   </div>
   <div class='ocr_carea' id='block_1_111' title="bbox 2204 5047 3783 5135">
    <p class='ocr_par' dir='ltr' id='par_1_111' title="bbox 2204 5047 3783 5135">
     <span class='ocr_line' id='line_1_111' title="bbox 2204 5047 3783 5135; baseline -0.014 -17"><span class='ocrx_word' id='word_1_886' title='bbox 2204 5067 2376 5120; x_wconf 73' lang='grc' dir='ltr'><em>ταῦτα</em></span> <span class='ocrx_word' id='word_1_887' title='bbox 2401 5066 2609 5135; x_wconf 50' lang='lat' dir='ltr'><strong>capva»:</strong></span> <span class='ocrx_word' id='word_1_888' title='bbox 2640 5057 2906 5124; x_wconf 79' lang='grc' dir='ltr'><em>ἀντιλέγει</em></span> <span class='ocrx_word' id='word_1_889' title='bbox 2944 5055 3009 5122; x_wconf 78' lang='grc' dir='ltr'><em>τῇ</em></span> <span class='ocrx_word' id='word_1_890' title='bbox 3046 5049 3265 5119; x_wconf 87' lang='grc' dir='ltr'><em>συνόδῳ·</em></span> <span class='ocrx_word' id='word_1_891' title='bbox 3303 5050 3331 5101; x_wconf 82' lang='grc' dir='ltr'>ὁ</span> <span class='ocrx_word' id='word_1_892' title='bbox 3360 5048 3419 5101; x_wconf 82' lang='grc' dir='ltr'><em>δὲ</em></span> <span class='ocrx_word' id='word_1_893' title='bbox 3461 5047 3533 5100; x_wconf 82' lang='grc' dir='ltr'><em>τὰ</em></span> <span class='ocrx_word' id='word_1_894' title='bbox 3577 5047 3783 5117; x_wconf 80' lang='grc' dir='ltr'><em>Ἀρείου</em></span> 
     </span>
    </p>
   </div>
   <div class='ocr_carea' id='block_1_112' title="bbox 2209 5137 3784 5227">
    <p class='ocr_par' dir='ltr' id='par_1_112' title="bbox 2209 5137 3784 5227">
     <span class='ocr_line' id='line_1_112' title="bbox 2209 5137 3784 5227; baseline -0.016 -16"><span class='ocrx_word' id='word_1_895' title='bbox 2209 5154 2285 5227; x_wconf 81' lang='grc' dir='ltr'><strong>μὴ</strong></span> <span class='ocrx_word' id='word_1_896' title='bbox 2315 5137 2524 5226; x_wconf 46' lang='lat' dir='ltr'><strong>capo-96v</strong></span> <span class='ocrx_word' id='word_1_897' title='bbox 2553 5152 2608 5217; x_wconf 78' lang='grc' dir='ltr'>ἐξ</span> <span class='ocrx_word' id='word_1_898' title='bbox 2636 5150 2876 5215; x_wconf 79' lang='grc' dir='ltr'><em>ἀνάγκης</em></span> <span class='ocrx_word' id='word_1_899' title='bbox 2905 5141 2973 5193; x_wconf 80' lang='grc' dir='ltr'><em>τὰ</em></span> <span class='ocrx_word' id='word_1_900' title='bbox 2998 5137 3094 5208; x_wconf 81' lang='grc' dir='ltr'><em>τῆς</em></span> <span class='ocrx_word' id='word_1_901' title='bbox 3137 5137 3357 5192; x_wconf 85' lang='grc' dir='ltr'><em>συνόδου</em></span> <span class='ocrx_word' id='word_1_902' title='bbox 3397 5137 3581 5227; x_wconf 82' lang='grc' dir='ltr'><em>ταῦτα</em></span> <span class='ocrx_word' id='word_1_903' title='bbox 3605 5137 3784 5227; x_wconf 55' lang='grc' dir='ltr'><em>φρονεᾼί</em></span> 
     </span>
    </p>
   </div>
   <div class='ocr_carea' id='block_1_113' title="bbox 2207 5224 3784 5304">
    <p class='ocr_par' dir='ltr' id='par_1_113' title="bbox 2207 5224 3784 5304">
     <span class='ocr_line' id='line_1_113' title="bbox 2207 5224 3784 5304; baseline -0.018 -1"><span class='ocrx_word' id='word_1_904' title='bbox 2207 5224 2300 5302; x_wconf 62' lang='grc' dir='ltr'><em>καλ.</em></span> <span class='ocrx_word' id='word_1_905' title='bbox 2345 5224 2650 5304; x_wconf 82' lang='grc' dir='ltr'><em>διανοεῖται,</em></span> <span class='ocrx_word' id='word_1_906' title='bbox 2693 5236 2870 5297; x_wconf 79' lang='grc' dir='ltr'><em>καλῶς</em></span> <span class='ocrx_word' id='word_1_907' title='bbox 2922 5230 3058 5285; x_wconf 75' lang='grc' dir='ltr'><em>αὐτὰ</em></span> <span class='ocrx_word' id='word_1_908' title='bbox 3101 5228 3316 5298; x_wconf 79' lang='grc' dir='ltr'><em>βλέπων</em></span> <span class='ocrx_word' id='word_1_909' title='bbox 3374 5228 3524 5291; x_wconf 87' lang='grc' dir='ltr'><em>ὅπως</em></span> <span class='ocrx_word' id='word_1_910' title='bbox 3570 5226 3679 5279; x_wconf 71' lang='grc' dir='ltr'><em>ἐστὶ</em></span> <span class='ocrx_word' id='word_1_911' title='bbox 3718 5224 3784 5276; x_wconf 80' lang='grc' dir='ltr'><em>τὺ</em></span> 
     </span>
    </p>
   </div>
   <div class='ocr_carea' id='block_1_114' title="bbox 2206 5310 3786 5400">
    <p class='ocr_par' dir='ltr' id='par_1_114' title="bbox 2206 5310 3786 5400">
     <span class='ocr_line' id='line_1_114' title="bbox 2206 5310 3786 5400; baseline -0.014 -12"><span class='ocrx_word' id='word_1_912' title='bbox 2206 5334 2543 5400; x_wconf 77' lang='grc' dir='ltr'><em>ἀπαύγασμα</em></span> <span class='ocrx_word' id='word_1_913' title='bbox 2584 5310 2721 5398; x_wconf 76' lang='grc' dir='ltr'><em>πρὸς</em></span> <span class='ocrx_word' id='word_1_914' title='bbox 2759 5324 2819 5376; x_wconf 80' lang='grc' dir='ltr'><em>τὸ</em></span> <span class='ocrx_word' id='word_1_915' title='bbox 2848 5321 2981 5389; x_wconf 72' lang='grc' dir='ltr'><em>φῶς,</em></span> <span class='ocrx_word' id='word_1_916' title='bbox 3024 5319 3115 5372; x_wconf 77' lang='grc' dir='ltr'><em>καὶ</em></span> <span class='ocrx_word' id='word_1_917' title='bbox 3160 5318 3219 5384; x_wconf 79' lang='grc' dir='ltr'>ἐξ</span> <span class='ocrx_word' id='word_1_918' title='bbox 3263 5317 3426 5370; x_wconf 69' lang='grc' dir='ltr'><em>αὑτοῦ</em></span> <span class='ocrx_word' id='word_1_919' title='bbox 3470 5318 3572 5389; x_wconf 76' lang='grc' dir='ltr'><em>τὴν</em></span> <span class='ocrx_word' id='word_1_920' title='bbox 3604 5311 3786 5369; x_wconf 76' lang='grc' dir='ltr'><em>εἰκόνα.</em></span> 
     </span>
    </p>
   </div>
   <div class='ocr_carea' id='block_1_115' title="bbox 2204 5416 2935 5497">
    <p class='ocr_par' dir='ltr' id='par_1_115' title="bbox 2204 5416 2935 5497">
     <span class='ocr_line' id='line_1_115' title="bbox 2204 5416 2935 5497; baseline -0.021 -19"><span class='ocrx_word' id='word_1_921' title='bbox 2204 5427 2301 5497; x_wconf 81' lang='grc' dir='ltr'><em>τῆς</em></span> <span class='ocrx_word' id='word_1_922' title='bbox 2341 5421 2594 5492; x_wconf 78' lang='grc' dir='ltr'><em>ἀληθείας</em></span> <span class='ocrx_word' id='word_1_923' title='bbox 2625 5418 2692 5469; x_wconf 89' lang='grc' dir='ltr'><strong>λα</strong></span> <span class='ocrx_word' id='word_1_924' title='bbox 2701 5416 2935 5486; x_wconf 79' lang='grc' dir='ltr'><em>μὸάνων.</em></span> 
     </span>
    </p>
   </div>
   <div class='ocr_carea' id='block_1_116' title="bbox 531 5496 3782 5583">
    <p class='ocr_par' dir='ltr' id='par_1_116' title="bbox 531 5496 3782 5583">
     <span class='ocr_line' id='line_1_116' title="bbox 531 5496 3782 5583; baseline -0.006 -16"><span class='ocrx_word' id='word_1_925' title='bbox 531 5511 853 5583; x_wconf 79' lang='lat' dir='ltr'><strong>refragatur.</strong></span> <span class='ocrx_word' id='word_1_926' title='bbox 881 5515 982 5582; x_wconf 85' lang='lat' dir='ltr'><strong>Qui</strong></span> <span class='ocrx_word' id='word_1_927' title='bbox 1007 5529 1137 5570; x_wconf 87' lang='lat' dir='ltr'><strong>vero</strong></span> <span class='ocrx_word' id='word_1_928' title='bbox 1168 5528 1275 5568; x_wconf 90' lang='lat' dir='ltr'><strong>non</strong></span> <span class='ocrx_word' id='word_1_929' title='bbox 1307 5514 1447 5569; x_wconf 89' lang='lat' dir='ltr'><strong>idem</strong></span> <span class='ocrx_word' id='word_1_930' title='bbox 1480 5528 1554 5583; x_wconf 82' lang='lat' dir='ltr'><strong>ac</strong></span> <span class='ocrx_word' id='word_1_931' title='bbox 1573 5512 1734 5569; x_wconf 81' lang='lat' dir='ltr'><strong>Arius</strong></span> <span class='ocrx_word' id='word_1_932' title='bbox 1775 5517 1961 5581; x_wconf 89' lang='lat' dir='ltr'><strong>sentit,</strong></span> <span class='ocrx_word' id='word_1_933' title='bbox 2000 5533 2221 5576; x_wconf 85' lang='lat' dir='ltr'><strong>necesse</strong></span> <span class='ocrx_word' id='word_1_934' title='bbox 2247 5529 2333 5573; x_wconf 88' lang='lat' dir='ltr'><strong>est</strong></span> <span class='ocrx_word' id='word_1_935' title='bbox 2360 5531 2483 5571; x_wconf 88' lang='lat' dir='ltr'><strong>eum</strong></span> <span class='ocrx_word' id='word_1_936' title='bbox 2519 5516 2704 5567; x_wconf 86' lang='lat' dir='ltr'><strong>eadem</strong></span> <span class='ocrx_word' id='word_1_937' title='bbox 2736 5524 2890 5581; x_wconf 35' lang='lat' dir='ltr'><strong>‘qua:</strong></span> <span class='ocrx_word' id='word_1_938' title='bbox 2948 5515 3183 5575; x_wconf 85' lang='lat' dir='ltr'><strong>synouus</strong></span> <span class='ocrx_word' id='word_1_939' title='bbox 3245 5497 3453 5555; x_wconf 87' lang='lat' dir='ltr'><strong>sentire</strong></span> <span class='ocrx_word' id='word_1_940' title='bbox 3509 5510 3560 5555; x_wconf 88' lang='lat' dir='ltr'><strong>et</strong></span> <span class='ocrx_word' id='word_1_941' title='bbox 3589 5496 3782 5554; x_wconf 78' lang='grc' dir='ltr'><em>ἰιιιειιίο</em></span> 
     </span>
    </p>
   </div>
   <div class='ocr_carea' id='block_1_117' title="bbox 600 5698 3789 5781">
    <p class='ocr_par' dir='ltr' id='par_1_117' title="bbox 600 5698 3789 5781">
     <span class='ocr_line' id='line_1_117' title="bbox 600 5698 3789 5781; baseline -0.003 -13"><span class='ocrx_word' id='word_1_942' title='bbox 600 5714 646 5745; x_wconf 83' lang='lat'><strong>&quot;&#39;</strong></span> <span class='ocrx_word' id='word_1_943' title='bbox 676 5713 693 5768; x_wconf 91' lang='lat' dir='ltr'><strong>l</strong></span> <span class='ocrx_word' id='word_1_944' title='bbox 727 5714 851 5769; x_wconf 85' lang='lat' dir='ltr'><strong>Cor.</strong></span> <span class='ocrx_word' id='word_1_945' title='bbox 886 5732 966 5780; x_wconf 70' lang='grc' dir='ltr'><em>ιι,</em></span> <span class='ocrx_word' id='word_1_946' title='bbox 995 5717 1045 5769; x_wconf 86' lang='grc'><strong>7.</strong></span> <span class='ocrx_word' id='word_1_947' title='bbox 1122 5717 1167 5748; x_wconf 81' lang='grc'><strong>⁸⁸</strong></span> <span class='ocrx_word' id='word_1_948' title='bbox 1203 5718 1244 5771; x_wconf 87' lang='grc' dir='ltr'><strong>ιι</strong></span> <span class='ocrx_word' id='word_1_949' title='bbox 1270 5719 1395 5772; x_wconf 88' lang='lat' dir='ltr'><strong>Cor.</strong></span> <span class='ocrx_word' id='word_1_950' title='bbox 1431 5735 1501 5776; x_wconf 81' lang='lat' dir='ltr'><strong>iv,</strong></span> <span class='ocrx_word' id='word_1_951' title='bbox 1538 5719 1621 5773; x_wconf 79' lang='lat' dir='ltr'><strong>tl.</strong></span> <span class='ocrx_word' id='word_1_952' title='bbox 1697 5719 1736 5749; x_wconf 73' lang='grc' dir='ltr'><strong>θ’</strong></span> <span class='ocrx_word' id='word_1_953' title='bbox 1768 5722 1881 5772; x_wconf 83' lang='lat' dir='ltr'><strong>Act.</strong></span> <span class='ocrx_word' id='word_1_954' title='bbox 1920 5737 2053 5781; x_wconf 79' lang='lat' dir='ltr'><strong>xvu,</strong></span> <span class='ocrx_word' id='word_1_955' title='bbox 2079 5721 2170 5776; x_wconf 76' lang='lat'><strong>9.9.</strong></span> <span class='ocrx_word' id='word_1_956' title='bbox 2247 5720 2291 5750; x_wconf 81' lang='lat'><strong>&quot;</strong></span> <span class='ocrx_word' id='word_1_957' title='bbox 2318 5718 2473 5771; x_wconf 80' lang='lat' dir='ltr'><strong>Rom.</strong></span> <span class='ocrx_word' id='word_1_958' title='bbox 2500 5729 2619 5777; x_wconf 86' lang='lat' dir='ltr'><strong>vm,</strong></span> <span class='ocrx_word' id='word_1_959' title='bbox 2644 5711 2730 5766; x_wconf 76' lang='lat'><strong>35.</strong></span> <span class='ocrx_word' id='word_1_960' title='bbox 2810 5710 2854 5743; x_wconf 80' lang='grc'><strong>⁸³</strong></span> <span class='ocrx_word' id='word_1_961' title='bbox 2879 5707 2991 5763; x_wconf 79' lang='lat' dir='ltr'><strong>Joel</strong></span> <span class='ocrx_word' id='word_1_962' title='bbox 3014 5722 3079 5773; x_wconf 72' lang='grc' dir='ltr'><strong>ιι,</strong></span> <span class='ocrx_word' id='word_1_963' title='bbox 3114 5702 3205 5761; x_wconf 74' lang='lat'><strong>25.</strong></span> <span class='ocrx_word' id='word_1_964' title='bbox 3280 5703 3327 5734; x_wconf 80' lang='lat'><strong>“</strong></span> <span class='ocrx_word' id='word_1_965' title='bbox 3358 5701 3535 5757; x_wconf 82' lang='lat' dir='ltr'><strong>Exod.</strong></span> <span class='ocrx_word' id='word_1_966' title='bbox 3574 5698 3789 5764; x_wconf 65' lang='lat'><strong>111,“.</strong></span> 
     </span>
    </p>
   </div>
   <div class='ocr_carea' id='block_1_118' title="bbox 528 5780 2611 5863">
    <p class='ocr_par' dir='ltr' id='par_1_118' title="bbox 528 5780 2611 5863">
     <span class='ocr_line' id='line_1_118' title="bbox 528 5780 2611 5863; baseline 0.004 -28"><span class='ocrx_word' id='word_1_967' title='bbox 528 5780 578 5849; x_wconf 47' lang='lat'><strong>3&#39;</strong></span> <span class='ocrx_word' id='word_1_968' title='bbox 615 5782 756 5838; x_wconf 83' lang='lat' dir='ltr'><strong>Psal.</strong></span> <span class='ocrx_word' id='word_1_969' title='bbox 789 5801 910 5853; x_wconf 63' lang='lat' dir='ltr'><strong>xcv,</strong></span> <span class='ocrx_word' id='word_1_970' title='bbox 944 5785 997 5843; x_wconf 87' lang='lat'><strong>8.</strong></span> <span class='ocrx_word' id='word_1_971' title='bbox 1052 5786 1116 5863; x_wconf 10' lang='lat'><strong>77”</strong></span> <span class='ocrx_word' id='word_1_972' title='bbox 1160 5786 1324 5843; x_wconf 76' lang='lat' dir='ltr'><strong>Prov.</strong></span> <span class='ocrx_word' id='word_1_973' title='bbox 1350 5804 1445 5854; x_wconf 80' lang='lat' dir='ltr'><strong>xu,</strong></span> <span class='ocrx_word' id='word_1_974' title='bbox 1477 5789 1565 5843; x_wconf 76' lang='lat'><strong>‘20.</strong></span> <span class='ocrx_word' id='word_1_975' title='bbox 1642 5788 1684 5818; x_wconf 85' lang='grc'><strong>⁸⁷</strong></span> <span class='ocrx_word' id='word_1_976' title='bbox 1708 5789 1899 5845; x_wconf 60' lang='lat' dir='ltr'><strong>(leues.</strong></span> <span class='ocrx_word' id='word_1_977' title='bbox 1942 5807 1992 5857; x_wconf 89' lang='lat' dir='ltr'><strong>v,</strong></span> <span class='ocrx_word' id='word_1_978' title='bbox 2024 5780 2075 5846; x_wconf 82' lang='lat'><strong>5.</strong></span> <span class='ocrx_word' id='word_1_979' title='bbox 2132 5790 2197 5863; x_wconf 74' lang='lat'><strong>_”</strong></span> <span class='ocrx_word' id='word_1_980' title='bbox 2238 5788 2393 5843; x_wconf 87' lang='lat' dir='ltr'><strong>Joan.</strong></span> <span class='ocrx_word' id='word_1_981' title='bbox 2429 5800 2481 5863; x_wconf 54' lang='lat' dir='ltr'><strong>ig,</strong></span> <span class='ocrx_word' id='word_1_982' title='bbox 2525 5785 2611 5838; x_wconf 75' lang='grc' dir='ltr'><strong>δυ.</strong></span> 
     </span>
    </p>
   </div>
  </div>
