3978 6512
155 424 244 482 455

1179 425 1265 479 DE
1305 425 1641 482 DECRETIS
1679 424 1986 482 ΝΙΟᾹΞΝᾸΞ
2030 426 2303 483 SYNODI.

3267 437 3372 492 ιδι

157 553 292 608 gere,
324 535 394 590 ita
419 545 480 590 ut
509 544 656 590 recte
694 537 954 608 percipiat
994 539 1108 592 haec
1135 555 1198 593 eo
1242 539 1357 594 fere
1388 541 1546 593 modo
1576 555 1695 592 esse
1735 553 1841 605 quo
1879 541 2129 609 splendor
2157 560 2282 612 erga
2324 543 2494 598 lucem
2556 557 2611 598 se
2671 545 2854 612 habet,
2880 547 3108 620 indeque
3131 552 3375 606 veritatis

155 630 410 698 imaginem
441 631 691 699 accipiat.

209 725 287 780 21.
309 723 511 776 Οὐκοῦν
546 725 595 774 εἰ
628 723 696 776 τὰ
737 726 954 796 ῥήματα
993 725 1086 777 καὶ
1126 719 1270 777 οὗτοι
1298 725 1372 788 ὡς
1401 724 1526 790 ξένα
1563 741 1688 794 προ-

1869 721 1958 773 2i.
2000 719 2182 789 itaque
2219 721 2264 774 si
2309 719 2380 774 illi
2426 721 2588 776 verba
2620 722 2718 777 ista
2776 724 2923 778 velut
2964 741 3099 780 nova
3133 743 3194 782 ac
3237 746 3364 799 per-

159 814 466 884 ;aci;ov':at,
495 815 862 884 φρονείτωσαν
890 815 985 884 τὴν
1007 815 1264 878 διάνοιαν,
1292 816 1408 868 καθ’
1434 815 1497 884 ἣν
1527 816 1558 885 ἠ
1583 815 1707 867 σύν-

154 906 247 968 ηδος
261 903 422 966 οὕτως
441 903 701 976 ἔγραψεν,
721 904 1207 976 ἁναθεματίζοντες
1233 907 1374 978 ἅπερ
1390 905 1710 976 ἀνεθεμάτι-

147 997 260 1065 cavi,
280 993 508 1058 σύνοδος,
529 996 838 1060 καὶλοιπδν,
853 996 1179 1063 εἱδύνανται,
1201 997 1595 1068 μεμφέσθωσαν
1611 999 1709 1062 τὰς

142 1073 311 1153 iussam.
350 1082 423 1139 Εὖ
452 1087 508 1139 δὲ
538 1083 678 1150 οἶδα,
710 1089 812 1154 ὅτι,
844 1091 1209 1160 φρονήσαντες
1235 1091 1332 1160 τὴν
1355 1090 1592 1143 διάνοιαν
1610 1091 1708 1160 τῆς

152 1178 357 1235 συνόδου.
410 1178 597 1230 καὶτὰ
624 1182 840 1249 ῥήματα
877 1181 975 1251 τῆς
1011 1180 1246 1244 διανοίας
1274 1181 1488 1245 πάντως
1517 1181 1710 1234 ἀποδέ-

149 1269 314 1334 ξονται.
345 1269 442 1320 “Av
473 1269 531 1321 δὲ
567 1270 663 1322 καὶ
685 1271 888 1342 ταύτην
927 1271 1204 1324 αἰτιᾶσθαι
1238 1271 1525 1342 θελήσωσι,
1559 1271 1707 1341 δῆλοι

148 1362 283 1415 πᾶσιν
326 1363 430 1414 εἰσι
487 1363 668 1434 μάτην
709 1364 802 1416 καὶ
856 1366 984 1436 περὶ
1027 1365 1254 1417 ἐκείνων
1310 1363 1576 1432 λέγοντες,
1614 1364 1707 1418 καὶ

149 1455 276 1522 μόνον
302 1454 557 1524 ἀερορμᾶς
589 1457 796 1519 ἑαυτοῖς
831 1458 910 1519 εἰς
945 1455 1199 1509 ἀσέϐειαν
1232 1455 1592 1520 ἐπινοοῦντες.
1639 1454 1704 1508 Ἦ

149 1547 225 1614 μὲν
249 1541 332 1598 οὖν
367 1548 647 1618 πρόφασις
680 1548 784 1600 τῶν
813 1548 1070 1601 τοιούτων
1119 1546 1320 1612 λέξεων
1378 1547 1546 1620 αὖτη’
1583 1551 1631 1602 εἰ
1659 1547 1704 1602 δ’

145 1638 206 1689 im
225 1639 304 1690 καί
327 1640 399 1708 μὴ
428 1638 702 1710 ἕγγραιροῐ
735 1643 861 1703 εἰσι,
888 1641 1050 1694 πάλιν
1075 1640 1454 1710 γογγύζουσιν,
1481 1640 1704 1694 αὐτόθεν

148 1731 224 1799 μὲν
247 1731 387 1782 αὐτοὶ
415 1731 872 1785 ἐκδαλλέσθωσαν
917 1732 994 1796 ὡς
1041 1732 1454 1802 κενολογοῦντες
1483 1735 1576 1786 καὶ
1613 1734 1703 1787 τὸν

145 1822 346 1894 νούνούχ
376 1824 749 1892 ὑγιαίνοντεςο
780 1826 1004 1890 ἑαυτοὺς
1031 1825 1105 1896 (Ι)
1145 1825 1200 1879 δὲ
1250 1827 1342 1879 καὶ
1387 1827 1444 1880 ὲν
1492 1825 1702 1888 τούτοις

144 1914 492 1978 αἰτιάσθωσαν,
527 1916 634 1978 ὅτι,
669 1915 872 1987 πρῶτοι
908 1917 1281 1988 παρασχόντες
1315 1917 1411 1988 τὴν
1447 1918 1699 1988 τοιαύτην

143 2005 394 2076 πρόφασιν,
434 2007 495 2074 ἐξ
526 2008 793 2079 ἀγράφων
824 2008 1112 2080 θεομαχεῖν
1137 2007 1388 2081 ἤρξαντο.
1425 2009 1694 2062 Γινωσκέ-

1811 812 1993 882 egrina
2019 811 2302 866 admittere
2333 824 2605 878 recusant,
2629 817 2950 870 sententiam
2983 819 3150 887 ipsam
3182 822 3375 876 admit-

1811 915 1925 956 tant
1959 919 2118 974 quam
2157 905 2392 974 synodus
2421 907 2506 961 his
2550 907 2790 962 iudicare
2831 909 2999 964 voluit
3031 929 3042 964 :
3075 921 3130 966 et
3180 915 3374 981 quibus

1809 996 1897 1050 illa
1929 998 2215 1050 anathema
2249 1000 2405 1062 dixit,
2435 1000 2534 1069 ipsi
2568 1001 2819 1056 similiter
2842 1002 3026 1056 dicant
3063 1006 3371 1072 anathema,

1807 1103 1870 1143 ac
1909 1089 1976 1143 de
2003 1100 2199 1142 caetero
2219 1128 2232 1151 ,
2262 1090 2306 1143 si
2335 1091 2565 1158 possint,
2596 1108 2754 1148 voces
2781 1093 2926 1164 ipsas
2957 1098 3372 1164 reprehendant.

1807 1180 1918 1250 Ego
1951 1196 2077 1234 vero
2122 1181 2298 1236 nullus
2337 1183 2524 1239 dubito
2571 1185 2697 1255 quin
2744 1188 3010 1241 sententia
3050 1189 3240 1260 synodi
3282 1203 3373 1242 re-

1805 1281 1981 1342 cepta,
2013 1274 2175 1327 verba
2201 1289 2412 1344 quoque
2436 1275 2550 1343 ipsa
2580 1276 2898 1345 approbent.
2928 1277 3022 1330 Sin
3047 1287 3226 1332 autem
3249 1293 3371 1332 sen-

1807 1357 2026 1418 tentiam
2071 1365 2240 1434 ipsam
2281 1366 2449 1420 velint
2478 1368 2840 1439 redarguere,
2885 1370 3136 1426 omnibus
3167 1371 3371 1440 patebit

1802 1456 2005 1511 frustra
2037 1457 2156 1512 illos
2190 1457 2446 1528 nullaque
2471 1459 2536 1513 de
2567 1473 2730 1513 causa
2756 1460 2918 1515 verba
2949 1462 3370 1532 reprehendere,

1801 1551 1898 1605 sed
1935 1550 2110 1605 solum
2150 1552 2466 1606 occasiones
2502 1551 2796 1620 impietatis
2831 1554 3221 1608 conﬁrmanda:
3266 1554 3371 1608 sibi

1800 1643 1932 1712 ipsis
1963 1643 2187 1714 lingere.
2235 1643 2362 1700 Haec
2394 1644 2555 1716 igitur
2583 1659 2750 1698 causa
2787 1643 2887 1741 fujt
2916 1661 3016 1700 cur
3061 1645 3369 1715 hujusmodi

1798 1750 1960 1790 voces
1988 1733 2189 1790 fuerint
2214 1737 2497 1794 institutaa.
2525 1736 2676 1804 Quod
2703 1737 2750 1790 si
2788 1733 2975 1790 rursus
3009 1745 3368 1800 murmurent,

1797 1827 1938 1894 quod
1973 1825 2076 1880 illa:
2104 1827 2155 1880 in
2191 1825 2488 1896 Seripturis
2524 1843 2628 1880 non
2667 1835 2902 1890 exstent,
2939 1827 3042 1880 hoc
3082 1825 3222 1894 ipso,
3253 1835 3372 1880 tan-

1796 1932 1958 1986 quam
2009 1917 2194 1973 futiles
2233 1929 2288 1973 et
2331 1927 2511 1973 mente
2555 1934 2660 1972 non
2703 1919 2854 1984 sani,
2894 1928 3020 1972 sunt
3067 1919 3366 1986 rejiciendi.

1798 2008 2019 2078 Seipsos
2048 2025 2209 2079 porro
2239 2009 2329 2064 hic
2357 2011 2519 2064 etiam
2550 2010 2889 2080 potissimum
2919 2018 3196 2075 accusent,
3224 2009 3366 2079 quod

142 2099 446 2170 τωιὲὃμως,
480 2102 537 2153 εἴ
565 2100 648 2164 τίς
690 2103 802 2154 ἐστι
847 2103 1167 2174 φιλομαθὴς,
1220 2105 1322 2167 ὅτι,
1377 2106 1424 2156 εξ
1487 2103 1580 2156 καὶ
1624 2101 1688 2173 μὴ

1791 2103 1955 2173 primi
1995 2103 2118 2158 huic
2150 2103 2227 2156 rei
2255 2102 2428 2156 locum
2475 2102 2746 2166 dederint,
2772 2101 2861 2171 qui
2912 2101 3012 2171 ipsi
3043 2102 3366 2170 excogitatis

142 2188 282 2254 οὕτως
307 2192 363 2244 ὲν
395 2194 521 2256 ταῖς
548 2192 794 2263 Γραφαῖς
826 2195 963 2246 εἰσιν
1029 2195 1082 2246 αἱ
1119 2192 1314 2258 λέξεις,
1361 2193 1516 2258 ἀλλὰ,
1560 2191 1695 2245 καθ-

141 2284 252 2354 άπερ
273 2287 483 2356 εῐρηται
521 2287 808 2356 πρότερον,
840 2286 937 2357 τὴν
966 2288 1030 2340 ὲκ
1063 2286 1172 2340 τῶν
1213 2287 1442 2358 Γραφῶν
1464 2287 1697 2340 διάνοιαν

142 2373 308 2444 ἔχουσι,
349 2378 440 2429 καὶ
483 2376 696 2448 ταύτην
754 2377 1162 2448 ἑκφωνούμεναι
1215 2379 1535 2450 σημαίνουσι
1577 2385 1692 2447 τοῖς

140 2465 316 2534 ἔχουσιν
352 2470 432 2531 εἰς
465 2468 759 2521 εὐσέϐειαν
787 2469 885 2540 τὴν
921 2469 1088 2541 ἀκοὴν
1121 2469 1429 2542 ὀλόκληρον.
1466 2473 1694 2528 Σκοπεῖν

145 2556 186 2609 δὲ
212 2557 352 2612 τοῦτό
382 2576 440 2611 σε
473 2560 581 2630 μὲν
609 2558 836 2626 ἔξεστιν,
868 2561 1108 2625 ἐκείνους
1133 2561 1189 2614 δὲ
1225 2563 1542 2618 κατακούειν
1569 2567 1692 2630 τοὺς

138 2647 474 2715 ἀπαιδεύτους.
514 2651 796 2706 Δέδεικται
829 2653 888 2705 ὲν
915 2657 1026 2718 τοῖς
1057 2654 1384 2726 ἔμπροσθεν,
1423 2658 1516 2710 καὶ
1549 2655 1692 2711 τοῦτ’

140 2740 256 2795 εστιν
293 2743 496 2815 ἀληθὲς
549 2744 849 2813 πιστεύειν,
887 2748 979 2801 τὸν
1032 2748 1206 2816 Λόγον
1249 2750 1314 2801 ἐκ
1352 2749 1445 2802 τοῦ
1480 2750 1692 2821 Πατρὸς

138 2827 266 2898 εἶναι,
291 2836 380 2888 καὶ
408 2837 579 2907 μόνον
615 2837 746 2891 ῐδιον
773 2840 941 2895 αὐτοῦ
968 2843 1062 2896 καὶ
1105 2841 1264 2911 φύσει
1293 2841 1556 2914 γέννημα.
1590 2843 1692 2897 Πό-

138 2921 206 2975 θεν
227 2927 321 2999 γὰρ
352 2928 584 2982 ἄλλοθεν
645 2931 856 3001 νοήσειέ
916 2950 998 2996 τις
1052 2934 1154 2987 τὸν
1191 2934 1338 2998 Υἱὸν,
1376 2935 1435 2998 ὃς
1467 2937 1616 2988 ἐστιν
1647 2938 1680 3006 ἠ

137 3014 263 3080 σοςία
295 3017 384 3069 καὶ
409 3019 438 3070 ό
466 3018 671 3086 Λόγος,
701 3021 758 3072 ὲν
787 3015 830 3088 ᾦ
853 3021 921 3075 τὰ
951 3023 1124 3076 πάντα
1157 3024 1399 3092 γέγονεν,
1430 3025 1462 3096 ἢ
1502 3025 1561 3090 ἐξ
1593 3027 1688 3079 αύ-

135 3100 204 3153 τοῦ
223 3103 304 3157 τοῦ
327 3106 504 3172 Θεοῦ;
541 3109 732 3179 Ὅμως
785 3110 841 3163 δὲ
891 3112 1045 3166 τοῦτο
1085 3114 1176 3166 καὶ
1214 3114 1364 3186 παρὰ
1405 3113 1513 3169 τῶν
1547 3117 1686 3188 Γρα-

134 3193 223 3260 φῶν
249 3199 676 3270 μεμαθήκαμεν,
717 3201 812 3254 τοῦ
860 3203 958 3274 μὲν
1014 3205 1228 3276 Πατρδς
1252 3203 1362 3260 ’διὰ
1393 3206 1487 3260 τοῦ
1520 3209 1684 3262 Δαϐὶδ

133 3282 369 3353 λέγοντος·
402 3291 806 3359 Ἑξτιρεύξατο
844 3297 882 3364 ή
923 3296 1134 3364 καρδία
1164 3315 1284 3366 μου
1317 3299 1508 3368 Λόγον
1537 3301 1682 3372 ἀγα-

131 3380 228 3430 θόν’
263 3384 370 3448 καὶ,
423 3385 536 3438 Ἐκ
571 3385 832 3453 γαστρὸς
871 3387 984 3456 πρὸ
1033 3389 1347 3458 ἐωσρόρου
1379 3391 1680 3461 ἐγέννησά

129 3473 313 3525 arma?
343 3474 398 3527 δὲ
434 3473 579 3528 Υἱοῦ
620 3479 747 3547 περὶ
789 3478 980 3532 ἑαυτοῦ
1037 3481 1344 3546 δεικνύντος
1390 3487 1505 3547 τοῖς
1548 3485 1679 3538 Ἰου-

129 3559 290 3628 δαίοιςο
322 3571 390 3621 El
423 3571 456 3623 ό
490 3567 642 3633 Θεὸς
680 3570 879 3638 Πατὴρ
932 3573 1117 3642 ὑμῶν·
1142 3570 1240 3644 ἦν,
1279 3575 1546 3644 ἠγαπᾶτε
1600 3575 1677 3631 ἂν

129 3651 230 3718 ἐμὲ
265 3657 374 3726 ἐγὼ
402 3661 526 3729 γὰρ
553 3660 622 3713 ἐκ
651 3661 756 3714 τοῦ
789 3664 1018 3730 Πατρὸς
1055 3664 1338 3734 ἐξῆλθον·
1371 3668 1464 3720 καὶ
1493 3669 1674 3721 τιτᾱιλιν⁸

129 3740 226 3814 οὐχ
250 3747 332 3803 ὅτι
369 3752 480 3805 τὸν
520 3752 599 3822 (2)
637 3753 866 3822 Πατέρα
893 3773 981 3822 τις
1006 3757 1284 3826 ἑώρακεν,
1328 3761 1380 3812 εὶ
1412 3760 1498 3830 μὴ
1533 3763 1565 3813 ό
1594 3759 1679 3814 ὢν

129 3836 253 3903 παρὰ
275 3841 376 3895 τοῦ
427 3841 612 3906 Θεοῦ,
653 3839 829 3910 οὗτος
869 3846 1087 3914 ἑώρακε
1126 3848 1234 3902 τὸν
1277 3850 1508 3918 Πατέρα
1570 3853 1679 3906 Καὶ

129 3925 211 3995 μὴν
232 3931 316 3982 καὶ
335 3931 425 3984 τόσ
469 3932 624 4000 Ἐγὼ
647 3933 743 3985 καὶ
768 3936 800 3987 ό
824 3937 1024 4006 Πατὴρ
1057 3938 1128 3991 ἐν
1147 3939 1352 4009 ἐσμεν,
1387 3944 1500 4005 καὶ,
1539 3941 1679 4012 Ἐγὼ

211 4019 279 4084 τῷ
313 4023 530 4116 (ζατρὶ,
570 4024 671 4077 καὶ
707 4029 741 4079 ό
778 4027 979 4096 Πατὴρ
1009 4031 1079 4084 ἐν
1112 4031 1261 4100 ἐμοὶ,
1311 4033 1422 4086 ἴσον
1461 4035 1576 4086 ἐστὶ
1601 4033 1679 4105 τῷ

126 4112 298 4204 λέγειν·
324 4112 472 4204 λἘγὼ
510 4113 574 4166 ὲκ
601 4113 696 4167 τοῦ
724 4116 932 4188 Πατρός
962 4121 1098 4190 εἰμι,
1128 4124 1219 4174 καὶ
1247 4123 1547 4204 ἀδιαίρετος
1578 4125 1678 4177 αὑ-

125 4196 212 4248 τοῦ.
243 4200 345 4255 Καὶ
381 4206 410 4256 ό
458 4203 721 4277 Ἰωάννης
751 4206 807 4259 δὲ
836 4207 1005 4276 λέγων
1023 4227 1035 4242 ·
1083 4212 1138 4264 Ὁ
1157 4196 1494 4283 μονογενῆς
1523 4213 1674 4282 Υἱὸς,

127 4287 151 4333 ὁ
183 4289 256 4343 ὢν
303 4297 388 4362 εις
433 4296 556 4351 τὸν
599 4300 830 4352 κόλπον
868 4301 972 4354 τοῦ
998 4303 1248 4370 Πατρός,
1302 4305 1531 4373 ἐκεῖνος
1575 4306 1675 4370 ἐξ-

125 4377 376 4469 urticam,
403 4387 602 4459 μαθὼν
619 4390 792 4444 ταῦτα
817 4394 966 4465 παρὰ
984 4397 1078 4450 τοῦ
1104 4397 1357 4468 Σωτῆρος
1373 4398 1674 4469 (5)εῖρηκε.

125 4465 174 4518 Τί
195 4471 290 4546 γὰρ
324 4477 452 4534 ἄλλο
501 4481 564 4534 τὸ
588 4481 658 4535 ἐν
688 4484 937 4551 κόλποις
967 4465 1292 4560 annali/agi)
1314 4488 1412 4561 τὴν
1430 4465 1677 4560 ’γνησίαν

123 4560 170 4612 ἔκ
190 4569 271 4622 τοῦ
298 4572 518 4645 Πατρός
548 4575 643 4628 τοῦ
672 4576 800 4629 Υἱοῦ
827 4580 1109 4651 γέννησινς

174 4653 249 4708 ἓξ.
293 4661 354 4715 Εἰ
391 4666 500 4735 μὲν
538 4661 631 4719 οὖν
659 4666 749 4719 τὸν
781 4667 912 4721 Θεὸν
954 4670 1168 4740 ἡγεῖταί
1192 4689 1276 4736 τις
1304 4666 1440 4726 εἶναι
1484 4673 1671 4726 σύνθε-

122 4757 206 4809 τον,
233 4747 304 4813 ὠς
331 4758 386 4804 ὲν
433 4760 506 4826 τῇ
549 4758 711 4829 οὐσία
745 4759 803 4812 τὸ
833 4761 1203 4832 ωμὸεὸηκὸς,
1240 4763 1274 4834 ἢ
1322 4763 1518 4828 ἔξωθέν
1548 4782 1669 4819 τινα

1797 2195 2019 2249 vocibus
2069 2208 2188 2264 qua:
2222 2193 2275 2248 in
2324 2191 2626 2262 Seripturis
2673 2206 2777 2246 non
2826 2193 3122 2258 habentur,
3163 2191 3360 2246 bellum

1796 2285 1906 2340 Deo
1946 2286 2214 2354 coeperint
2249 2284 2450 2340 inferre
2493 2284 2592 2356 (5).
2625 2283 2845 2338 Noverit
2884 2293 3065 2338 tamen
3114 2265 3363 2353 quisquis

1795 2377 2069 2431 studiosus
2100 2375 2286 2440 fuerit,
2321 2374 2536 2429 etiamsi
2570 2373 2699 2443 ipsa
2740 2386 2902 2427 voces
2937 2371 3007 2423 ita
3035 2371 3086 2424 in
3115 2369 3362 2439 Scriptu-

1795 2468 1870 2522 ris
1896 2482 2001 2522 non
2028 2476 2263 2532 exstent,
2289 2465 2614 2522 sententiam
2639 2473 2840 2525 tamen,
2871 2477 3031 2531 quam
3059 2460 3360 2520 continent,

1791 2574 1920 2613 vere
1973 2574 2038 2614 ex
2085 2557 2381 2627 Seripturis
2424 2555 2652 2619 haberi,
2691 2551 3147 2623 quemadmodum
3196 2565 3360 2619 supra

1791 2653 1994 2707 dictum
2034 2660 2136 2715 est,
2173 2665 2336 2719 quam
2369 2648 2590 2719 quidem
2618 2646 2978 2712 sententiam,
3017 2660 3142 2700 cum
3175 2642 3362 2713 profe-

1791 2754 2004 2808 runtur,
2037 2744 2123 2798 his
2157 2743 2396 2798 indicant
2426 2742 2622 2812 quibus
2651 2754 2812 2794 aures
2850 2754 2996 2793 sanae
3039 2746 3094 2793 et
3141 2737 3362 2808 integra:

1789 2845 1916 2891 sunt
1947 2836 2000 2889 in
2032 2836 2252 2904 pietate.
2291 2833 2346 2888 ld
2392 2847 2524 2888 sane
2557 2841 2612 2886 et
2644 2831 2738 2886 tibi
2775 2830 3061 2899 inspicere,
3099 2838 3152 2883 et
3186 2829 3358 2897 impe-

1789 2927 1910 2984 ritis
1937 2925 2040 2980 illis
2074 2925 2200 2979 licet
2232 2925 2442 2978 audire.
2473 2921 2740 2976 Nimirum
2772 2935 2935 2990 supra
2967 2929 3242 2974 ostensum
3271 2931 3361 2973 est.

1788 3035 2020 3090 vereque
2054 3016 2297 3074 creditur
2340 3012 2577 3069 Verbum
2622 3027 2740 3067 esse
2786 3027 2853 3067 ex
2897 3011 3085 3076 Patre,
3119 3010 3359 3078 illudque

1784 3111 1959 3168 solum
1992 3109 2269 3180 proprium
2301 3109 2421 3178 ejus
2461 3117 2515 3161 et
2544 3116 2735 3159 natura
2773 3103 2940 3158 fetum
2972 3117 3114 3157 esse.
3142 3101 3221 3156 Ex
3249 3117 3359 3171 quo

1785 3206 1928 3260 enim
1962 3204 2067 3258 alio
2093 3202 2312 3264 Filium,
2339 3201 2431 3270 qui
2453 3207 2507 3253 et
2532 3185 2792 3268 sapientia
2821 3205 2904 3253 est
2931 3206 2987 3252 et
3020 3196 3273 3261 Verbum,
3303 3195 3356 3251 in

1783 3313 1889 3368 quo
1907 3295 2085 3351 omnia
2113 3303 2241 3349 sunt
2276 3291 2442 3356 facta,
2473 3307 2632 3361 quam
2669 3306 2734 3343 ex
2769 3291 2886 3359 ipso
2916 3289 3022 3343 Deo
3056 3287 3326 3343 esseintel

1783 3389 1871 3460 ligi
1903 3387 2103 3458 queat?
2128 3386 2324 3442 Verum
2359 3385 2488 3439 illud
2517 3397 2730 3454 quoque
2757 3397 2824 3436 ex
2851 3381 3145 3452 Seripturis
3166 3379 3358 3434 didici-

1788 3498 1928 3539 mus.
1967 3481 2127 3536 Pater
2152 3479 2295 3535 enim
2327 3493 2424 3548 per
2463 3462 2721 3532 Davidem
2750 3474 2882 3530 dicit
2916 3493 2930 3528 :
2963 3471 3231 3528 Eructavit
3266 3487 3358 3526 cor

1785 3591 1956 3628 meum
1991 3572 2214 3628 Verbum
2239 3571 2428 3626 bonum
2453 3569 2498 3602 ⁸⁹
2519 3585 2532 3634 ;
2555 3582 2630 3636 et,
2661 3568 2742 3622 Ea:
2771 3579 2916 3623 utero
2933 3579 3053 3622 ante
3075 3567 3353 3636 luciferum

1780 3668 1933 3736 genui
1951 3674 2000 3719 te
2014 3665 2080 3719 ’⁸.
2109 3663 2148 3717 F
2155 3664 2276 3718 ilius
2298 3664 2424 3718 item
2449 3661 2513 3716 de
2542 3662 2720 3730 seipso
2750 3660 2823 3714 ita
2853 3657 2917 3713 ad
2933 3657 3144 3713 Judzeos
3173 3656 3349 3729 loqui-

1781 3767 1868 3811 tur
1901 3777 1914 3813 :
1949 3756 2012 3812 Si
2053 3756 2194 3810 Deus
2233 3753 2396 3808 Pater
2429 3764 2592 3808 vester
2632 3760 2798 3818 esset,
2841 3752 3129 3823 diligentis
3175 3754 3354 3822 utique

1780 3865 1880 3902 me.
1909 3847 2022 3919 Ego
2048 3849 2184 3902 enim
2209 3862 2274 3900 ea:
2304 3845 2464 3899 Patre
2483 3847 2617 3900 exivi
2639 3845 2716 3911 ἰς
2742 3853 2796 3898 et
2817 3843 3010 3898 iterum
3039 3861 3052 3897 :
3079 3842 3202 3896 Non
3228 3843 3354 3910 quia

1781 3937 2001 3994 Patrem
2024 3940 2153 3994 vidit
2179 3939 2478 4009 quisquam,
2516 3938 2616 3990 nisi
2643 3937 2732 4007 qui
2762 3945 2838 3990 est
2869 3952 2900 3988 a
2943 3934 3074 4002 Deo,
3108 3935 3194 3987 hic
3223 3932 3353 3988 vidit

1781 4029 1999 4086 Patrem
2028 4032 2095 4086 ⁹².
2127 4034 2259 4086 Item
2289 4031 2415 4085 illud
2443 4046 2456 4082 :
2487 4027 2598 4099 Ego
2621 4039 2669 4082 et
2697 4028 2856 4082 Pater
2883 4043 3044 4081 unum
3070 4042 3253 4081 sumus
3284 4026 3355 4091 ”,

1781 4135 1856 4192 et,
1883 4125 1994 4196 Ego
2020 4125 2075 4178 in
2099 4123 2263 4178 Patre
2292 4137 2336 4177 et
2367 4121 2527 4177 Pater
2551 4125 2604 4176 in
2632 4137 2712 4175 me
2735 4119 2804 4186 ",
2833 4119 2972 4174 idem
3005 4127 3089 4174 est
3113 4133 3177 4173 ac
3201 4118 3245 4172 si
3277 4118 3357 4172 di-

1780 4228 1953 4282 ceret,
1991 4217 2102 4286 Ego
2133 4232 2199 4270 ex
2234 4215 2398 4268 Patre
2427 4231 2570 4280 sum,
2601 4227 2701 4268 nec
2725 4213 2792 4266 ab
2817 4227 2881 4267 eo
2915 4226 3132 4281 possum
3162 4211 3350 4264 dividi.

1780 4306 2015 4363 Joannes
2045 4323 2262 4376 quoque
2287 4308 2418 4361 dicit
2457 4323 2471 4359 :
2507 4304 2814 4374 Unigenitus
2842 4303 3038 4370 Filius,
3069 4303 3158 4373 qui
3190 4314 3264 4357 est
3299 4303 3352 4358 in

1779 4399 1899 4453 sinu
1947 4396 2150 4463 Patris,
2179 4401 2285 4467 ipse
2331 4399 2598 4451 enarravit
2629 4396 2698 4450 ".
2756 4395 2974 4450 Scilicet
3026 4395 3142 4449 haec
3177 4395 3288 4462 ipse
3320 4409 3352 4448 a

1780 4489 2063 4544 Salvatore
2099 4489 2382 4544 didicerat.
2417 4486 2552 4541 Nam
2584 4487 2712 4557 quid
2739 4487 2881 4540 aliud
2917 4485 3081 4549 illud,
3112 4486 3168 4538 in
3208 4486 3350 4546 sinu,

1782 4581 2075 4650 significat,
2099 4597 2261 4651 quam
2288 4598 2473 4638 veram
2492 4579 2613 4636 Filii
2636 4594 2703 4634 ex
2723 4576 2885 4631 Patre
2905 4573 3352 4646 generationem?

1854 4673 2016 4743 179
2052 4672 2144 4728 22.
2178 4673 2235 4729 Si
2277 4675 2398 4744 quis
2428 4685 2560 4741 ergo
2607 4670 2772 4724 Deum
2821 4665 3176 4735 compositum
3231 4679 3351 4720 esse

1777 4766 2078 4832 existimat,
2119 4776 2178 4820 ut
2219 4767 2272 4821 in
2315 4762 2611 4820 substantia
2641 4759 2912 4823 accidens,
2935 4757 3021 4811 vel
3053 4756 3127 4812 ita
3153 4765 3212 4809 ut
3249 4755 3350 4814 ali-

128 4839 381 4913 ιτεριὸολὴν
414 4843 563 4914 ἔχειν
596 4852 686 4900 καὶ
722 4852 1114 4916 καλύπτεσθαι,
1145 4854 1178 4924 ἢ
1213 4849 1353 4914 εἶναί
1393 4873 1515 4910 τινα
1539 4857 1669 4928 περὶ

1790 4873 1939 4928 luem
1969 4859 2312 4914 extrinsecus
2347 4856 2604 4910 amictum
2633 4853 2830 4908 habeat
2875 4866 2981 4921 quo
3009 4859 3350 4920 contegatur,

125 4929 252 4984 ιύτὸν
290 4936 359 4990 τὰ
415 4937 847 5008 συμπληροῦντα
896 4947 990 5013 τὴν
1043 4949 1234 5002 οὐσίαν
1278 4948 1442 5002 αὑτοῦ
1472 4990 1486 5013 ,
1525 4950 1667 5003 ὥστε

133 5019 341 5112 έγοντας
369 5030 524 5098 ἡμᾶς
577 5028 745 5091 Θεὸν,
787 5031 820 5101 ἢ
872 5033 1234 5104 ὀνομάζοντας
1288 5040 1541 5110 Πατέρα,
1595 5041 1670 5112 μὴ

125 5110 256 5183 ιῦτὴν
301 5119 401 5188 τὴν
450 5119 686 5190 ἀόρατον
730 5122 891 5176 αὑτοῦ
941 5128 1034 5180 καὶ
1066 5130 1448 5202 ἀκατάληπτον
1478 5133 1667 5184 οὐσίαν

125 5204 394 5272 τημαίνειν,
417 5207 558 5263 ἀλλά
585 5225 637 5262 τι
661 5210 768 5264 τῶν
791 5215 916 5283 περὶ
936 5217 1104 5288 αὑτήν
1119 5219 1192 5289 (4)
1211 5239 1224 5251 ·
1259 5221 1664 5292 μεμφέσθωσαν

231 5391 367 5448 Psal.
401 5408 552 5468 x_r._iv,
577 5394 634 5451 2.
713 5395 759 5427 ’°
787 5395 928 5452 Psal.
960 5412 1068 5464 crx,
1092 5397 1146 5451 5.
1225 5400 1269 5431 ἰ
1300 5396 1454 5454 Joan.
1486 5415 1601 5468 vni,
1630 5400 1721 5456 42.

117 5455 147 5485 "
165 5457 311 5518 Joan.
349 5480 391 5529 ι,
426 5465 516 5518 18.

165 5575 231 5648 (ᾖ)
253 5577 388 5648 Reg.
423 5579 660 5642 ἑαυτοῖς.

167 5643 237 5715 (Ξ)
259 5643 511 5721 Sicﬂeg.
536 5658 595 5702 ut
624 5659 678 5704 et
707 5647 900 5721 legitur
928 5649 1084 5707 Joan.
1113 5667 1189 5717 vi,
1211 5652 1301 5708 46.
1329 5655 1433 5712 Alii
1455 5667 1508 5713 et
1528 5656 1659 5713 editi

118 5713 186 5765 τόν
205 5713 491 5771 omittunt:

165 5785 240 5922 E3)
263 5787 355 5841 Sic
381 5788 517 5871 Reg.
548 5789 686 5844 Edili
711 5804 838 5848 vero
859 5800 914 5848 et
940 5792 1054 5859 alii,
1088 5793 1322 5866 Πατρός.

189 5853 236 5922 ι)
270 5855 408 5922 Reg.
437 5859 618 5913 αυτόν.

189 5853 236 5924 ι)
270 5855 408 5929 Reg.
437 5853 618 5913 αὐτόν.

1774 4959 1868 5006 aut
1895 4951 2140 5021 quaedam
2166 4950 2374 5005 circum
2407 4963 2528 5009 euut
2551 4949 2662 5003 sint
2694 4960 2814 5016 quae
2834 4944 2952 5016 ejus
2990 4944 3348 5000 substantiam

1773 5043 2102 5112 compleant,
2133 5043 2268 5097 adeo
2303 5050 2362 5096 ut
2391 5057 2512 5097 cum
2550 5039 2716 5094 Deum
2748 5037 2979 5093 dicimus
3005 5035 3093 5091 vel
3134 5036 3347 5092 Patrem

1773 5135 2142 5200 nominamus,
2169 5149 2274 5191 non
2305 5133 2422 5203 ejus
2464 5132 2822 5188 substantiam
2870 5143 2989 5199 quae
3042 5143 3143 5184 nec
3176 5127 3345 5182 videri

1771 5239 1872 5280 nec
1915 5225 2300 5294 comprehendi
2357 5232 2555 5295 potest,
2607 5223 2702 5278 sed
2756 5221 2956 5292 aliquid
2990 5233 3179 5276 eorum
3228 5229 3342 5286 qut

1791 5404 1834 5437 ⁹¹
1859 5403 2017 5460 Joan.
2064 5423 2140 5474 vi,
2173 5408 2262 5464 46.
2337 5410 2384 5444 ⁸⁸
2415 5412 2575 5469 Joan.
2606 5428 2663 5478 x,
2693 5413 2779 5467 30.
2856 5408 3077 5464 “Joan.
3106 5421 3219 5472 xiv,
3251 5404 3318 5460 10

1845 5582 1923 5656 (5)
1944 5581 2097 5638 Licet
2142 5597 2303 5656 Voces
2325 5599 2389 5656 ea
2421 5584 2718 5656 substantia
2767 5589 2822 5635 et
2862 5578 3330 5656 consubstantialis

1770 5649 1878 5708 non
1905 5649 2132 5707 exstent
2159 5653 2210 5705 in
2265 5653 2585 5721 Seripturis,
2639 5651 2908 5721 sententia
2967 5661 3144 5721 tamen
3195 5649 3310 5718 ipsa

1769 5737 1931 5792 quam
1958 5723 2288 5792 significant,
2312 5717 2710 5792 exiScripturis
2741 5721 2993 5792 habet-ur.
3027 5717 3161 5776 Vide
3206 5721 3327 5780 iterr

1769 5789 2038 5849 Theodori
2065 5791 2265 5846 Hister.
2300 5791 2508 5860 cedem,
2530 5791 2622 5845 lib.
2649 5805 2692 5856 t,
2719 5805 2767 5846 c.
2807 5789 2860 5844 8.
