  <div class='ocr_page' id='page_1' title='image "/cluster/home/n/w/nwhite01/storage/ocr_20150623/25/hvd.32044004972428/529.png"; bbox 0 0 3978 6506; ppageno 0'>
   <div class='ocr_carea' id='block_1_1' title="bbox 551 376 655 431">
    <p class='ocr_par' dir='ltr' id='par_1_1' title="bbox 551 376 655 431">
     <span class='ocr_line' id='line_1_1' title="bbox 551 376 655 431; baseline 0 0"><span class='ocrx_word' id='word_1_1' title='bbox 551 376 655 431; x_wconf 58' lang='lat'><strong>£55</strong></span> 
     </span>
    </p>
   </div>
   <div class='ocr_carea' id='block_1_2' title="bbox 1079 362 3117 425">
    <p class='ocr_par' dir='ltr' id='par_1_2' title="bbox 1079 362 3117 425">
     <span class='ocr_line' id='line_1_2' title="bbox 1079 362 3117 425; baseline -0.001 -2"><span class='ocrx_word' id='word_1_2' title='bbox 1079 370 1136 424; x_wconf 81' lang='lat' dir='ltr'><strong>S.</strong></span> <span class='ocrx_word' id='word_1_3' title='bbox 1178 367 1547 425; x_wconf 78' lang='lat' dir='ltr'><strong>ATHANASH</strong></span> <span class='ocrx_word' id='word_1_4' title='bbox 1580 366 1732 425; x_wconf 86' lang='lat' dir='ltr'><strong>OPP.</strong></span> <span class='ocrx_word' id='word_1_5' title='bbox 1772 365 1950 421; x_wconf 79' lang='lat' dir='ltr'><strong>PARS</strong></span> <span class='ocrx_word' id='word_1_6' title='bbox 1989 366 2028 419; x_wconf 92' lang='lat' dir='ltr'><strong>l.</strong></span> <span class='ocrx_word' id='word_1_7' title='bbox 2067 397 2135 408; x_wconf 71' lang='grc' dir='ltr'><strong>-ι-</strong></span> <span class='ocrx_word' id='word_1_8' title='bbox 2172 364 2538 420; x_wconf 78' lang='lat' dir='ltr'><strong>illSTORiCA</strong></span> <span class='ocrx_word' id='word_1_9' title='bbox 2577 364 2663 418; x_wconf 83' lang='grc' dir='ltr'><strong>ΕΤ</strong></span> <span class='ocrx_word' id='word_1_10' title='bbox 2699 362 3117 421; x_wconf 75' lang='lat' dir='ltr'><strong>DOGMATICA.</strong></span> 
     </span>
    </p>
   </div>
   <div class='ocr_carea' id='block_1_3' title="bbox 3671 364 3780 424">
    <p class='ocr_par' dir='ltr' id='par_1_3' title="bbox 3671 364 3780 424">
     <span class='ocr_line' id='line_1_3' title="bbox 3671 364 3780 424; baseline 0 0"><span class='ocrx_word' id='word_1_11' title='bbox 3671 364 3780 424; x_wconf 73' lang='grc' dir='ltr'>ιεϐ</span> 
     </span>
    </p>
   </div>
   <div class='ocr_carea' id='block_1_4' title="bbox 550 476 2120 560">
    <p class='ocr_par' dir='ltr' id='par_1_4' title="bbox 550 484 2111 560">
     <span class='ocr_line' id='line_1_4' title="bbox 550 484 2111 560; baseline -0.007 -13"><span class='ocrx_word' id='word_1_12' title='bbox 550 494 751 550; x_wconf 85' lang='lat' dir='ltr'><strong>circum</strong></span> <span class='ocrx_word' id='word_1_13' title='bbox 784 493 953 560; x_wconf 85' lang='lat' dir='ltr'><strong>ipsam</strong></span> <span class='ocrx_word' id='word_1_14' title='bbox 995 495 1141 551; x_wconf 83' lang='lat' dir='ltr'><strong>sunt,</strong></span> <span class='ocrx_word' id='word_1_15' title='bbox 1178 486 1576 556; x_wconf 84' lang='lat' dir='ltr'><strong>signiticemus;</strong></span> <span class='ocrx_word' id='word_1_16' title='bbox 1612 484 1869 556; x_wconf 84' lang='lat' dir='ltr'><strong>synodum</strong></span> <span class='ocrx_word' id='word_1_17' title='bbox 1897 497 1993 552; x_wconf 87' lang='lat' dir='ltr'><strong>per</strong></span> <span class='ocrx_word' id='word_1_18' title='bbox 2026 496 2111 536; x_wconf 88' lang='lat' dir='ltr'><strong>me</strong></span> 
     </span>
    </p>
   </div>
   <div class='ocr_carea' id='block_1_5' title="bbox 2224 476 3780 560">
    <p class='ocr_par' dir='ltr' id='par_1_5' title="bbox 2224 476 3780 552">
     <span class='ocr_line' id='line_1_5' title="bbox 2224 476 3780 552; baseline 0.002 -18"><span class='ocrx_word' id='word_1_19' title='bbox 2224 482 2311 552; x_wconf 83' lang='grc' dir='ltr'><strong>μὲν</strong></span> <span class='ocrx_word' id='word_1_20' title='bbox 2349 482 2447 552; x_wconf 78' lang='grc' dir='ltr'><strong>τὴν</strong></span> <span class='ocrx_word' id='word_1_21' title='bbox 2487 479 2699 535; x_wconf 80' lang='grc' dir='ltr'><strong>σύνοδον</strong></span> <span class='ocrx_word' id='word_1_22' title='bbox 2728 481 3015 551; x_wconf 71' lang='grc' dir='ltr'>γράψασαν</span> <span class='ocrx_word' id='word_1_23' title='bbox 3058 483 3120 534; x_wconf 80' lang='grc' dir='ltr'><strong>ὲκ</strong></span> <span class='ocrx_word' id='word_1_24' title='bbox 3152 480 3251 551; x_wconf 80' lang='grc' dir='ltr'>τῆς</span> <span class='ocrx_word' id='word_1_25' title='bbox 3282 481 3470 545; x_wconf 70' lang='grc' dir='ltr'>οὐσίας</span> <span class='ocrx_word' id='word_1_26' title='bbox 3507 476 3647 536; x_wconf 70' lang='grc' dir='ltr'>εἶναι</span> <span class='ocrx_word' id='word_1_27' title='bbox 3685 482 3780 537; x_wconf 88' lang='grc' dir='ltr'><strong>τοῦ</strong></span> 
     </span>
    </p>
   </div>
   <div class='ocr_carea' id='block_1_6' title="bbox 551 573 2109 647">
    <p class='ocr_par' dir='ltr' id='par_1_6' title="bbox 551 573 2109 647">
     <span class='ocr_line' id='line_1_6' title="bbox 551 573 2109 647; baseline -0.007 -11"><span class='ocrx_word' id='word_1_28' title='bbox 551 584 675 637; x_wconf 89' lang='lat' dir='ltr'><strong>licet</strong></span> <span class='ocrx_word' id='word_1_29' title='bbox 705 580 972 643; x_wconf 71' lang='lat' dir='ltr'><strong>iucuseut’,</strong></span> <span class='ocrx_word' id='word_1_30' title='bbox 1017 592 1132 647; x_wconf 67' lang='lat' dir='ltr'><strong>quae</strong></span> <span class='ocrx_word' id='word_1_31' title='bbox 1161 575 1251 630; x_wconf 92' lang='lat' dir='ltr'><strong>Dei</strong></span> <span class='ocrx_word' id='word_1_32' title='bbox 1293 575 1491 630; x_wconf 80' lang='lat' dir='ltr'><strong>Filium</strong></span> <span class='ocrx_word' id='word_1_33' title='bbox 1542 590 1606 629; x_wconf 80' lang='lat' dir='ltr'><strong>ex</strong></span> <span class='ocrx_word' id='word_1_34' title='bbox 1641 575 1758 645; x_wconf 91' lang='lat' dir='ltr'><strong>ejus</strong></span> <span class='ocrx_word' id='word_1_35' title='bbox 1809 573 2109 628; x_wconf 86' lang='lat' dir='ltr'><strong>substantia</strong></span> 
     </span>
    </p>
   </div>
   <div class='ocr_carea' id='block_1_7' title="bbox 548 662 2110 738">
    <p class='ocr_par' dir='ltr' id='par_1_7' title="bbox 548 662 2110 738">
     <span class='ocr_line' id='line_1_7' title="bbox 548 662 2110 738; baseline -0.006 -12"><span class='ocrx_word' id='word_1_36' title='bbox 548 686 670 726; x_wconf 88' lang='lat' dir='ltr'><strong>esse</strong></span> <span class='ocrx_word' id='word_1_37' title='bbox 698 668 996 738; x_wconf 85' lang='lat' dir='ltr'><strong>scripserit.</strong></span> <span class='ocrx_word' id='word_1_38' title='bbox 1040 666 1339 736; x_wconf 88' lang='lat' dir='ltr'><strong>lntelligant</strong></span> <span class='ocrx_word' id='word_1_39' title='bbox 1392 676 1568 719; x_wconf 90' lang='lat' dir='ltr'><strong>tamen</strong></span> <span class='ocrx_word' id='word_1_40' title='bbox 1602 678 1659 719; x_wconf 90' lang='lat' dir='ltr'><strong>se</strong></span> <span class='ocrx_word' id='word_1_41' title='bbox 1702 663 1774 717; x_wconf 88' lang='lat' dir='ltr'><strong>ita</strong></span> <span class='ocrx_word' id='word_1_42' title='bbox 1808 662 2110 727; x_wconf 74' lang='lat' dir='ltr'><strong>sentiendo,</strong></span> 
     </span>
    </p>
   </div>
   <div class='ocr_carea' id='block_1_8' title="bbox 549 752 2110 828">
    <p class='ocr_par' dir='ltr' id='par_1_8' title="bbox 549 752 2110 828">
     <span class='ocr_line' id='line_1_8' title="bbox 549 752 2110 828; baseline -0.005 -15"><span class='ocrx_word' id='word_1_43' title='bbox 549 759 817 828; x_wconf 84' lang='lat' dir='ltr'><strong>duplicem</strong></span> <span class='ocrx_word' id='word_1_44' title='bbox 870 757 1198 827; x_wconf 83' lang='lat' dir='ltr'><strong>impietatem</strong></span> <span class='ocrx_word' id='word_1_45' title='bbox 1253 754 1606 809; x_wconf 87' lang='lat' dir='ltr'><strong>committere.</strong></span> <span class='ocrx_word' id='word_1_46' title='bbox 1661 752 1794 807; x_wconf 85' lang='lat' dir='ltr'><strong>Nam</strong></span> <span class='ocrx_word' id='word_1_47' title='bbox 1828 752 2110 821; x_wconf 84' lang='lat' dir='ltr'><strong>quemdam</strong></span> 
     </span>
    </p>
   </div>
   <div class='ocr_carea' id='block_1_9' title="bbox 554 841 2113 915">
    <p class='ocr_par' dir='ltr' id='par_1_9' title="bbox 554 841 2113 915">
     <span class='ocr_line' id='line_1_9' title="bbox 554 841 2113 915; baseline -0.004 -14"><span class='ocrx_word' id='word_1_48' title='bbox 554 847 717 901; x_wconf 87' lang='lat' dir='ltr'><strong>Deum</strong></span> <span class='ocrx_word' id='word_1_49' title='bbox 764 860 1077 915; x_wconf 87' lang='lat' dir='ltr'><strong>corporeum</strong></span> <span class='ocrx_word' id='word_1_50' title='bbox 1110 844 1387 906; x_wconf 88' lang='lat' dir='ltr'><strong>inducunt,</strong></span> <span class='ocrx_word' id='word_1_51' title='bbox 1440 848 1494 895; x_wconf 85' lang='lat' dir='ltr'><strong>et</strong></span> <span class='ocrx_word' id='word_1_52' title='bbox 1538 841 1841 907; x_wconf 87' lang='lat' dir='ltr'><strong>Dominum,</strong></span> <span class='ocrx_word' id='word_1_53' title='bbox 1889 857 1993 897; x_wconf 90' lang='lat' dir='ltr'><strong>non</strong></span> <span class='ocrx_word' id='word_1_54' title='bbox 2031 841 2113 896; x_wconf 89' lang='lat' dir='ltr'><strong>sui</strong></span> 
     </span>
    </p>
   </div>
   <div class='ocr_carea' id='block_1_10' title="bbox 552 930 2111 1003">
    <p class='ocr_par' dir='ltr' id='par_1_10' title="bbox 552 930 2111 1003">
     <span class='ocr_line' id='line_1_10' title="bbox 552 930 2111 1003; baseline -0.004 -13"><span class='ocrx_word' id='word_1_55' title='bbox 552 937 749 1003; x_wconf 89' lang='lat' dir='ltr'><strong>Patris,</strong></span> <span class='ocrx_word' id='word_1_56' title='bbox 786 938 879 991; x_wconf 90' lang='lat' dir='ltr'><strong>sed</strong></span> <span class='ocrx_word' id='word_1_57' title='bbox 929 948 1105 989; x_wconf 91' lang='lat' dir='ltr'><strong>rerum</strong></span> <span class='ocrx_word' id='word_1_58' title='bbox 1136 948 1255 1002; x_wconf 73' lang='lat' dir='ltr'><strong>qua:</strong></span> <span class='ocrx_word' id='word_1_59' title='bbox 1296 932 1495 985; x_wconf 88' lang='lat' dir='ltr'><strong>circum</strong></span> <span class='ocrx_word' id='word_1_60' title='bbox 1537 930 1709 1000; x_wconf 87' lang='lat' dir='ltr'><strong>ipsum</strong></span> <span class='ocrx_word' id='word_1_61' title='bbox 1758 941 1882 985; x_wconf 89' lang='lat' dir='ltr'><strong>sunt</strong></span> <span class='ocrx_word' id='word_1_62' title='bbox 1918 931 2111 985; x_wconf 87' lang='lat' dir='ltr'><strong>Filiqu</strong></span> 
     </span>
    </p>
   </div>
   <div class='ocr_carea' id='block_1_11' title="bbox 549 1022 2113 1092">
    <p class='ocr_par' dir='ltr' id='par_1_11' title="bbox 549 1022 2113 1092">
     <span class='ocr_line' id='line_1_11' title="bbox 549 1022 2113 1092; baseline -0.005 -9"><span class='ocrx_word' id='word_1_63' title='bbox 549 1046 668 1084; x_wconf 84' lang='lat' dir='ltr'><strong>esse</strong></span> <span class='ocrx_word' id='word_1_64' title='bbox 698 1027 1051 1083; x_wconf 91' lang='lat' dir='ltr'><strong>mentiuntur.</strong></span> <span class='ocrx_word' id='word_1_65' title='bbox 1088 1026 1191 1079; x_wconf 85' lang='lat' dir='ltr'><strong>Sed</strong></span> <span class='ocrx_word' id='word_1_66' title='bbox 1249 1024 1293 1077; x_wconf 89' lang='lat' dir='ltr'><strong>si</strong></span> <span class='ocrx_word' id='word_1_67' title='bbox 1330 1023 1469 1077; x_wconf 88' lang='lat' dir='ltr'><strong>Deus</strong></span> <span class='ocrx_word' id='word_1_68' title='bbox 1499 1022 1699 1091; x_wconf 90' lang='lat' dir='ltr'><strong>aliquid</strong></span> <span class='ocrx_word' id='word_1_69' title='bbox 1752 1022 1973 1092; x_wconf 77' lang='lat' dir='ltr'><strong>simplex</strong></span> <span class='ocrx_word' id='word_1_70' title='bbox 2009 1029 2113 1087; x_wconf 87' lang='lat' dir='ltr'><strong>est,</strong></span> 
     </span>
    </p>
   </div>
   <div class='ocr_carea' id='block_1_12' title="bbox 551 1114 2111 1187">
    <p class='ocr_par' dir='ltr' id='par_1_12' title="bbox 551 1114 2111 1187">
     <span class='ocr_line' id='line_1_12' title="bbox 551 1114 2111 1187; baseline -0.004 -13"><span class='ocrx_word' id='word_1_71' title='bbox 551 1123 623 1176; x_wconf 91' lang='lat' dir='ltr'><strong>uti</strong></span> <span class='ocrx_word' id='word_1_72' title='bbox 657 1137 841 1178; x_wconf 84' lang='lat' dir='ltr'><strong>revera</strong></span> <span class='ocrx_word' id='word_1_73' title='bbox 867 1129 969 1185; x_wconf 92' lang='lat' dir='ltr'><strong>est,</strong></span> <span class='ocrx_word' id='word_1_74' title='bbox 1010 1118 1179 1187; x_wconf 84' lang='lat' dir='ltr'><strong>liquet</strong></span> <span class='ocrx_word' id='word_1_75' title='bbox 1220 1116 1354 1171; x_wconf 80' lang='lat' dir='ltr'><strong>nihil</strong></span> <span class='ocrx_word' id='word_1_76' title='bbox 1390 1130 1486 1170; x_wconf 89' lang='lat' dir='ltr'><strong>nos</strong></span> <span class='ocrx_word' id='word_1_77' title='bbox 1530 1118 1671 1186; x_wconf 92' lang='lat' dir='ltr'><strong>quod</strong></span> <span class='ocrx_word' id='word_1_78' title='bbox 1710 1114 1873 1169; x_wconf 90' lang='lat' dir='ltr'><strong>veluti</strong></span> <span class='ocrx_word' id='word_1_79' title='bbox 1911 1116 2111 1168; x_wconf 88' lang='lat' dir='ltr'><strong>circum</strong></span> 
     </span>
    </p>
   </div>
   <div class='ocr_carea' id='block_1_13' title="bbox 551 1204 2113 1283">
    <p class='ocr_par' dir='ltr' id='par_1_13' title="bbox 551 1204 2113 1283">
     <span class='ocr_line' id='line_1_13' title="bbox 551 1204 2113 1283; baseline -0.006 -15"><span class='ocrx_word' id='word_1_80' title='bbox 551 1217 724 1283; x_wconf 91' lang='lat' dir='ltr'><strong>ipsum</strong></span> <span class='ocrx_word' id='word_1_81' title='bbox 756 1214 825 1268; x_wconf 89' lang='lat' dir='ltr'><strong>sit</strong></span> <span class='ocrx_word' id='word_1_82' title='bbox 848 1210 1144 1275; x_wconf 89' lang='lat' dir='ltr'><strong>nominare,</strong></span> <span class='ocrx_word' id='word_1_83' title='bbox 1190 1222 1310 1263; x_wconf 92' lang='lat' dir='ltr'><strong>cum</strong></span> <span class='ocrx_word' id='word_1_84' title='bbox 1349 1206 1512 1259; x_wconf 90' lang='lat' dir='ltr'><strong>Deum</strong></span> <span class='ocrx_word' id='word_1_85' title='bbox 1557 1206 1788 1262; x_wconf 90' lang='lat' dir='ltr'><strong>dicimus</strong></span> <span class='ocrx_word' id='word_1_86' title='bbox 1822 1215 1876 1261; x_wconf 93' lang='lat' dir='ltr'><strong>et</strong></span> <span class='ocrx_word' id='word_1_87' title='bbox 1901 1204 2113 1261; x_wconf 79' lang='lat' dir='ltr'><strong>Patrem</strong></span> 
     </span>
    </p>
   </div>
   <div class='ocr_carea' id='block_1_14' title="bbox 550 1300 2111 1371">
    <p class='ocr_par' dir='ltr' id='par_1_14' title="bbox 550 1300 2111 1371">
     <span class='ocr_line' id='line_1_14' title="bbox 550 1300 2111 1371; baseline -0.004 -10"><span class='ocrx_word' id='word_1_88' title='bbox 550 1306 908 1366; x_wconf 82' lang='lat' dir='ltr'><strong>nominamus,</strong></span> <span class='ocrx_word' id='word_1_89' title='bbox 938 1303 1029 1357; x_wconf 91' lang='lat' dir='ltr'><strong>sed</strong></span> <span class='ocrx_word' id='word_1_90' title='bbox 1058 1302 1229 1370; x_wconf 89' lang='lat' dir='ltr'><strong>ipsam</strong></span> <span class='ocrx_word' id='word_1_91' title='bbox 1256 1301 1373 1370; x_wconf 86' lang='lat' dir='ltr'><strong>ejus</strong></span> <span class='ocrx_word' id='word_1_92' title='bbox 1404 1301 1753 1354; x_wconf 85' lang='lat' dir='ltr'><strong>substantiam</strong></span> <span class='ocrx_word' id='word_1_93' title='bbox 1786 1300 2111 1371; x_wconf 85' lang='lat' dir='ltr'><strong>signiﬁcare.</strong></span> 
     </span>
    </p>
   </div>
   <div class='ocr_carea' id='block_1_15' title="bbox 546 1390 2112 1463">
    <p class='ocr_par' dir='ltr' id='par_1_15' title="bbox 546 1390 2112 1463">
     <span class='ocr_line' id='line_1_15' title="bbox 546 1390 2112 1463; baseline -0.005 -13"><span class='ocrx_word' id='word_1_94' title='bbox 546 1396 804 1463; x_wconf 79' lang='lat' dir='ltr'><strong>Quamvis</strong></span> <span class='ocrx_word' id='word_1_95' title='bbox 832 1394 975 1448; x_wconf 88' lang='lat' dir='ltr'><strong>enim</strong></span> <span class='ocrx_word' id='word_1_96' title='bbox 1004 1390 1386 1460; x_wconf 87' lang='lat' dir='ltr'><strong>comprehendi</strong></span> <span class='ocrx_word' id='word_1_97' title='bbox 1421 1404 1525 1445; x_wconf 91' lang='lat' dir='ltr'><strong>non</strong></span> <span class='ocrx_word' id='word_1_98' title='bbox 1547 1390 1717 1460; x_wconf 90' lang='lat' dir='ltr'><strong>possit</strong></span> <span class='ocrx_word' id='word_1_99' title='bbox 1745 1392 1871 1458; x_wconf 90' lang='lat' dir='ltr'><strong>quid</strong></span> <span class='ocrx_word' id='word_1_100' title='bbox 1899 1391 2112 1443; x_wconf 85' lang='lat' dir='ltr'><strong>tandem</strong></span> 
     </span>
    </p>
   </div>
   <div class='ocr_carea' id='block_1_16' title="bbox 546 1481 2116 1551">
    <p class='ocr_par' dir='ltr' id='par_1_16' title="bbox 546 1481 2116 1551">
     <span class='ocr_line' id='line_1_16' title="bbox 546 1481 2116 1551; baseline -0.005 -8"><span class='ocrx_word' id='word_1_101' title='bbox 546 1492 618 1543; x_wconf 81' lang='lat' dir='ltr'><strong>sit</strong></span> <span class='ocrx_word' id='word_1_102' title='bbox 652 1487 743 1542; x_wconf 85' lang='lat' dir='ltr'><strong>Dei</strong></span> <span class='ocrx_word' id='word_1_103' title='bbox 784 1484 1082 1542; x_wconf 89' lang='lat' dir='ltr'><strong>substantia</strong></span> <span class='ocrx_word' id='word_1_104' title='bbox 1144 1502 1157 1537; x_wconf 91' lang='lat'>:</span> <span class='ocrx_word' id='word_1_105' title='bbox 1213 1492 1451 1536; x_wconf 87' lang='lat' dir='ltr'><strong>attamen</strong></span> <span class='ocrx_word' id='word_1_106' title='bbox 1487 1482 1533 1535; x_wconf 89' lang='lat' dir='ltr'><strong>si</strong></span> <span class='ocrx_word' id='word_1_107' title='bbox 1558 1482 1728 1536; x_wconf 87' lang='lat' dir='ltr'><strong>solum</strong></span> <span class='ocrx_word' id='word_1_108' title='bbox 1758 1481 2116 1551; x_wconf 80' lang='lat' dir='ltr'><strong>intelligamus</strong></span> 
     </span>
    </p>
   </div>
   <div class='ocr_carea' id='block_1_17' title="bbox 550 1572 2115 1643">
    <p class='ocr_par' dir='ltr' id='par_1_17' title="bbox 550 1572 2115 1643">
     <span class='ocr_line' id='line_1_17' title="bbox 550 1572 2115 1643; baseline -0.005 -10"><span class='ocrx_word' id='word_1_109' title='bbox 550 1582 716 1634; x_wconf 87' lang='lat' dir='ltr'><strong>Deum</strong></span> <span class='ocrx_word' id='word_1_110' title='bbox 747 1591 886 1641; x_wconf 85' lang='lat' dir='ltr'><strong>esse,</strong></span> <span class='ocrx_word' id='word_1_111' title='bbox 934 1588 1162 1643; x_wconf 82' lang='lat' dir='ltr'><strong>cumque</strong></span> <span class='ocrx_word' id='word_1_112' title='bbox 1188 1572 1466 1642; x_wconf 88' lang='lat' dir='ltr'><strong>Scriptura</strong></span> <span class='ocrx_word' id='word_1_113' title='bbox 1506 1573 1656 1627; x_wconf 90' lang='lat' dir='ltr'><strong>illum</strong></span> <span class='ocrx_word' id='word_1_114' title='bbox 1685 1573 1988 1641; x_wconf 91' lang='lat' dir='ltr'><strong>hujusmodi</strong></span> <span class='ocrx_word' id='word_1_115' title='bbox 2015 1586 2115 1626; x_wconf 78' lang='lat' dir='ltr'><strong>vo-</strong></span> 
     </span>
    </p>
   </div>
   <div class='ocr_carea' id='block_1_18' title="bbox 550 1663 2112 1731">
    <p class='ocr_par' dir='ltr' id='par_1_18' title="bbox 550 1663 2112 1731">
     <span class='ocr_line' id='line_1_18' title="bbox 550 1663 2112 1731; baseline -0.006 -7"><span class='ocrx_word' id='word_1_116' title='bbox 550 1672 706 1725; x_wconf 81' lang='lat' dir='ltr'><strong>cibus</strong></span> <span class='ocrx_word' id='word_1_117' title='bbox 757 1668 988 1731; x_wconf 88' lang='lat' dir='ltr'><strong>indicet;</strong></span> <span class='ocrx_word' id='word_1_118' title='bbox 1039 1668 1117 1721; x_wconf 89' lang='lat' dir='ltr'><strong>sic</strong></span> <span class='ocrx_word' id='word_1_119' title='bbox 1150 1681 1247 1720; x_wconf 89' lang='lat' dir='ltr'><strong>nos</strong></span> <span class='ocrx_word' id='word_1_120' title='bbox 1276 1665 1437 1719; x_wconf 85' lang='lat' dir='ltr'><strong>etiam</strong></span> <span class='ocrx_word' id='word_1_121' title='bbox 1463 1679 1584 1718; x_wconf 91' lang='lat' dir='ltr'><strong>cum</strong></span> <span class='ocrx_word' id='word_1_122' title='bbox 1619 1664 1782 1717; x_wconf 90' lang='lat' dir='ltr'><strong>Deum</strong></span> <span class='ocrx_word' id='word_1_123' title='bbox 1808 1672 1864 1718; x_wconf 89' lang='lat' dir='ltr'><strong>et</strong></span> <span class='ocrx_word' id='word_1_124' title='bbox 1895 1663 2112 1717; x_wconf 78' lang='lat' dir='ltr'><strong>Patrem</strong></span> 
     </span>
    </p>
   </div>
   <div class='ocr_carea' id='block_1_19' title="bbox 547 1754 2112 1825">
    <p class='ocr_par' dir='ltr' id='par_1_19' title="bbox 547 1754 2112 1825">
     <span class='ocr_line' id='line_1_19' title="bbox 547 1754 2112 1825; baseline -0.006 -9"><span class='ocrx_word' id='word_1_125' title='bbox 547 1773 602 1817; x_wconf 87' lang='lat' dir='ltr'><strong>et</strong></span> <span class='ocrx_word' id='word_1_126' title='bbox 643 1761 927 1818; x_wconf 90' lang='lat' dir='ltr'><strong>Dominum</strong></span> <span class='ocrx_word' id='word_1_127' title='bbox 976 1759 1226 1821; x_wconf 89' lang='lat' dir='ltr'><strong>dicimus,</strong></span> <span class='ocrx_word' id='word_1_128' title='bbox 1270 1770 1372 1810; x_wconf 88' lang='lat' dir='ltr'><strong>non</strong></span> <span class='ocrx_word' id='word_1_129' title='bbox 1402 1756 1562 1810; x_wconf 91' lang='lat' dir='ltr'><strong>alium</strong></span> <span class='ocrx_word' id='word_1_130' title='bbox 1603 1756 1844 1825; x_wconf 78' lang='lat' dir='ltr'><strong>profecto</strong></span> <span class='ocrx_word' id='word_1_131' title='bbox 1882 1754 2112 1824; x_wconf 82' lang='lat' dir='ltr'><strong>aliquem</strong></span> 
     </span>
    </p>
   </div>
   <div class='ocr_carea' id='block_1_20' title="bbox 2214 564 3782 631">
    <p class='ocr_par' dir='ltr' id='par_1_20' title="bbox 2214 564 3782 631">
     <span class='ocr_line' id='line_1_20' title="bbox 2214 564 3782 631; baseline 0.003 -6"><span class='ocrx_word' id='word_1_132' title='bbox 2214 571 2348 626; x_wconf 93' lang='grc' dir='ltr'>Θεοῦ</span> <span class='ocrx_word' id='word_1_133' title='bbox 2391 572 2484 625; x_wconf 76' lang='grc' dir='ltr'>τὸν</span> <span class='ocrx_word' id='word_1_134' title='bbox 2538 572 2691 626; x_wconf 82' lang='grc' dir='ltr'>Υίόν·</span> <span class='ocrx_word' id='word_1_135' title='bbox 2744 575 3174 626; x_wconf 82' lang='grc' dir='ltr'>κατανοείτωσαν</span> <span class='ocrx_word' id='word_1_136' title='bbox 3221 573 3277 626; x_wconf 82' lang='grc' dir='ltr'>δὲ</span> <span class='ocrx_word' id='word_1_137' title='bbox 3322 564 3403 627; x_wconf 73' lang='grc' dir='ltr'>ὅτι</span> <span class='ocrx_word' id='word_1_138' title='bbox 3455 574 3548 627; x_wconf 92' lang='grc' dir='ltr'><strong>δύο</strong></span> <span class='ocrx_word' id='word_1_139' title='bbox 3609 575 3782 631; x_wconf 88' lang='grc' dir='ltr'>ταῦτα</span> 
     </span>
    </p>
   </div>
   <div class='ocr_carea' id='block_1_21' title="bbox 2215 662 3783 736">
    <p class='ocr_par' dir='ltr' id='par_1_21' title="bbox 2215 662 3783 736">
     <span class='ocr_line' id='line_1_21' title="bbox 2215 662 3783 736; baseline 0.002 -20"><span class='ocrx_word' id='word_1_140' title='bbox 2215 662 2643 735; x_wconf 73' lang='grc' dir='ltr'><strong>βλασφημοῦσιν,</strong></span> <span class='ocrx_word' id='word_1_141' title='bbox 2687 664 2827 717; x_wconf 85' lang='grc' dir='ltr'>οῦτω</span> <span class='ocrx_word' id='word_1_142' title='bbox 2856 664 3250 735; x_wconf 87' lang='grc' dir='ltr'>διανοούμενοι·</span> <span class='ocrx_word' id='word_1_143' title='bbox 3296 665 3386 717; x_wconf 90' lang='grc' dir='ltr'><strong>τόν</strong></span> <span class='ocrx_word' id='word_1_144' title='bbox 3414 681 3474 717; x_wconf 89' lang='grc' dir='ltr'><strong>τε</strong></span> <span class='ocrx_word' id='word_1_145' title='bbox 3509 666 3619 736; x_wconf 77' lang='grc' dir='ltr'><strong>γὰρ</strong></span> <span class='ocrx_word' id='word_1_146' title='bbox 3652 664 3783 720; x_wconf 83' lang='grc' dir='ltr'><strong>Θεὸν</strong></span> 
     </span>
    </p>
   </div>
   <div class='ocr_carea' id='block_1_22' title="bbox 2215 755 3781 827">
    <p class='ocr_par' dir='ltr' id='par_1_22' title="bbox 2215 755 3781 827">
     <span class='ocr_line' id='line_1_22' title="bbox 2215 755 3781 827; baseline 0.001 -19"><span class='ocrx_word' id='word_1_147' title='bbox 2215 755 2523 825; x_wconf 84' lang='grc' dir='ltr'>σωματικόν</span> <span class='ocrx_word' id='word_1_148' title='bbox 2545 772 2665 807; x_wconf 89' lang='grc' dir='ltr'>τινα</span> <span class='ocrx_word' id='word_1_149' title='bbox 2697 756 2989 823; x_wconf 86' lang='grc' dir='ltr'>είσόιγουσι,</span> <span class='ocrx_word' id='word_1_150' title='bbox 3013 757 3106 808; x_wconf 76' lang='grc' dir='ltr'><strong>καὶ</strong></span> <span class='ocrx_word' id='word_1_151' title='bbox 3146 755 3235 808; x_wconf 82' lang='grc' dir='ltr'><strong>τὸν</strong></span> <span class='ocrx_word' id='word_1_152' title='bbox 3255 755 3459 827; x_wconf 81' lang='grc' dir='ltr'>Κύριον</span> <span class='ocrx_word' id='word_1_153' title='bbox 3484 758 3586 809; x_wconf 79' lang='grc' dir='ltr'>οὐκ</span> <span class='ocrx_word' id='word_1_154' title='bbox 3619 755 3781 811; x_wconf 79' lang='grc' dir='ltr'>αὐτοῦ</span> 
     </span>
    </p>
   </div>
   <div class='ocr_carea' id='block_1_23' title="bbox 2212 840 3782 916">
    <p class='ocr_par' dir='ltr' id='par_1_23' title="bbox 2212 840 3782 916">
     <span class='ocr_line' id='line_1_23' title="bbox 2212 840 3782 916; baseline 0.002 -20"><span class='ocrx_word' id='word_1_155' title='bbox 2212 842 2305 897; x_wconf 90' lang='grc' dir='ltr'>τοῦ</span> <span class='ocrx_word' id='word_1_156' title='bbox 2343 843 2553 914; x_wconf 84' lang='grc' dir='ltr'>Πατρὸς</span> <span class='ocrx_word' id='word_1_157' title='bbox 2571 885 2585 908; x_wconf 91' lang='grc'>,</span> <span class='ocrx_word' id='word_1_158' title='bbox 2610 843 2745 897; x_wconf 86' lang='grc' dir='ltr'><strong>ἀλλὰ</strong></span> <span class='ocrx_word' id='word_1_159' title='bbox 2767 844 2875 898; x_wconf 85' lang='grc' dir='ltr'><strong>τῶν</strong></span> <span class='ocrx_word' id='word_1_160' title='bbox 2896 846 3023 916; x_wconf 74' lang='grc' dir='ltr'>περὶ</span> <span class='ocrx_word' id='word_1_161' title='bbox 3051 845 3210 897; x_wconf 82' lang='grc' dir='ltr'>αὐτὸν</span> <span class='ocrx_word' id='word_1_162' title='bbox 3253 840 3392 899; x_wconf 73' lang='grc' dir='ltr'>εἶναι</span> <span class='ocrx_word' id='word_1_163' title='bbox 3442 845 3573 899; x_wconf 81' lang='grc' dir='ltr'>Υἰὸν</span> <span class='ocrx_word' id='word_1_164' title='bbox 3616 863 3782 899; x_wconf 80' lang='grc' dir='ltr'>κατα-</span> 
     </span>
    </p>
   </div>
   <div class='ocr_carea' id='block_1_24' title="bbox 2212 932 3783 1006">
    <p class='ocr_par' dir='ltr' id='par_1_24' title="bbox 2212 932 3783 1006">
     <span class='ocr_line' id='line_1_24' title="bbox 2212 932 3783 1006; baseline 0 -19"><span class='ocrx_word' id='word_1_165' title='bbox 2212 934 2525 1004; x_wconf 63' lang='grc' dir='ltr'>ψεύδονταν</span> <span class='ocrx_word' id='word_1_166' title='bbox 2560 937 2607 987; x_wconf 79' lang='grc' dir='ltr'>εἰ</span> <span class='ocrx_word' id='word_1_167' title='bbox 2644 936 2699 989; x_wconf 85' lang='grc' dir='ltr'>δὲ</span> <span class='ocrx_word' id='word_1_168' title='bbox 2736 936 2937 989; x_wconf 85' lang='grc' dir='ltr'>ἁπλοῦν</span> <span class='ocrx_word' id='word_1_169' title='bbox 2960 936 3012 989; x_wconf 81' lang='grc' dir='ltr'><strong>τί</strong></span> <span class='ocrx_word' id='word_1_170' title='bbox 3052 938 3199 989; x_wconf 80' lang='grc' dir='ltr'>ἐστιν</span> <span class='ocrx_word' id='word_1_171' title='bbox 3223 937 3251 989; x_wconf 86' lang='grc' dir='ltr'><strong>ό</strong></span> <span class='ocrx_word' id='word_1_172' title='bbox 3292 937 3447 1000; x_wconf 73' lang='grc' dir='ltr'>Θεὸς,</span> <span class='ocrx_word' id='word_1_173' title='bbox 3472 935 3665 1006; x_wconf 85' lang='grc' dir='ltr'>ὥσπερ</span> <span class='ocrx_word' id='word_1_174' title='bbox 3694 932 3783 988; x_wconf 79' lang='grc' dir='ltr'><strong>οὖν</strong></span> 
     </span>
    </p>
   </div>
   <div class='ocr_carea' id='block_1_25' title="bbox 2213 1026 3785 1099">
    <p class='ocr_par' dir='ltr' id='par_1_25' title="bbox 2213 1026 3785 1099">
     <span class='ocr_line' id='line_1_25' title="bbox 2213 1026 3785 1099; baseline 0.001 -21"><span class='ocrx_word' id='word_1_175' title='bbox 2213 1026 2308 1079; x_wconf 71' lang='grc' dir='ltr'><strong>καὶ</strong></span> <span class='ocrx_word' id='word_1_176' title='bbox 2342 1026 2477 1089; x_wconf 83' lang='grc' dir='ltr'>ἔστι,</span> <span class='ocrx_word' id='word_1_177' title='bbox 2523 1026 2680 1097; x_wconf 83' lang='grc' dir='ltr'>δῆλον</span> <span class='ocrx_word' id='word_1_178' title='bbox 2722 1028 2803 1080; x_wconf 77' lang='grc' dir='ltr'>ὅτι</span> <span class='ocrx_word' id='word_1_179' title='bbox 2834 1027 3079 1095; x_wconf 88' lang='grc' dir='ltr'>λέγοντες</span> <span class='ocrx_word' id='word_1_180' title='bbox 3113 1028 3204 1080; x_wconf 81' lang='grc' dir='ltr'><strong>τὸν</strong></span> <span class='ocrx_word' id='word_1_181' title='bbox 3245 1026 3408 1091; x_wconf 83' lang='grc' dir='ltr'>Θεὸν,</span> <span class='ocrx_word' id='word_1_182' title='bbox 3454 1028 3549 1080; x_wconf 75' lang='grc' dir='ltr'><strong>καὶ</strong></span> <span class='ocrx_word' id='word_1_183' title='bbox 3588 1029 3785 1099; x_wconf 75' lang='grc' dir='ltr'><strong>ὀνομά-</strong></span> 
     </span>
    </p>
   </div>
   <div class='ocr_carea' id='block_1_26' title="bbox 2213 1117 3786 1190">
    <p class='ocr_par' dir='ltr' id='par_1_26' title="bbox 2213 1117 3786 1190">
     <span class='ocr_line' id='line_1_26' title="bbox 2213 1117 3786 1190; baseline 0.001 -20"><span class='ocrx_word' id='word_1_184' title='bbox 2213 1117 2395 1182; x_wconf 83' lang='grc' dir='ltr'>ζοντες</span> <span class='ocrx_word' id='word_1_185' title='bbox 2424 1119 2514 1172; x_wconf 85' lang='grc' dir='ltr'>τὸν</span> <span class='ocrx_word' id='word_1_186' title='bbox 2553 1119 2798 1189; x_wconf 78' lang='grc' dir='ltr'><strong>Πατέρα,</strong></span> <span class='ocrx_word' id='word_1_187' title='bbox 2837 1119 2986 1172; x_wconf 82' lang='grc' dir='ltr'>οὐδέν</span> <span class='ocrx_word' id='word_1_188' title='bbox 3016 1137 3066 1171; x_wconf 88' lang='grc' dir='ltr'><strong>τι</strong></span> <span class='ocrx_word' id='word_1_189' title='bbox 3108 1118 3181 1182; x_wconf 84' lang='grc' dir='ltr'>ὡς</span> <span class='ocrx_word' id='word_1_190' title='bbox 3212 1119 3344 1190; x_wconf 75' lang='grc' dir='ltr'>περὶ</span> <span class='ocrx_word' id='word_1_191' title='bbox 3382 1118 3545 1172; x_wconf 76' lang='grc' dir='ltr'>αὐτὸν</span> <span class='ocrx_word' id='word_1_192' title='bbox 3589 1120 3786 1189; x_wconf 82' lang='grc' dir='ltr'><strong>ὀνομά-</strong></span> 
     </span>
    </p>
   </div>
   <div class='ocr_carea' id='block_1_27' title="bbox 2215 1209 3782 1283">
    <p class='ocr_par' dir='ltr' id='par_1_27' title="bbox 2215 1209 3782 1283">
     <span class='ocr_line' id='line_1_27' title="bbox 2215 1209 3782 1283; baseline 0.003 -22"><span class='ocrx_word' id='word_1_193' title='bbox 2215 1209 2410 1280; x_wconf 79' lang='grc' dir='ltr'>ζομεν,</span> <span class='ocrx_word' id='word_1_194' title='bbox 2470 1211 2580 1264; x_wconf 80' lang='grc' dir='ltr'>ἀλλ’</span> <span class='ocrx_word' id='word_1_195' title='bbox 2611 1210 2779 1282; x_wconf 76' lang='grc' dir='ltr'>αὐτὴν</span> <span class='ocrx_word' id='word_1_196' title='bbox 2827 1211 2923 1281; x_wconf 76' lang='grc' dir='ltr'><strong>τὴν</strong></span> <span class='ocrx_word' id='word_1_197' title='bbox 2961 1212 3146 1264; x_wconf 77' lang='grc' dir='ltr'>οὐσίαν</span> <span class='ocrx_word' id='word_1_198' title='bbox 3197 1210 3365 1264; x_wconf 83' lang='grc' dir='ltr'>αὑτοῦ</span> <span class='ocrx_word' id='word_1_199' title='bbox 3421 1213 3782 1283; x_wconf 79' lang='grc' dir='ltr'><strong>σημαίνομεν.</strong></span> 
     </span>
    </p>
   </div>
   <div class='ocr_carea' id='block_1_28' title="bbox 2213 1300 3788 1372">
    <p class='ocr_par' dir='ltr' id='par_1_28' title="bbox 2213 1300 3788 1372">
     <span class='ocr_line' id='line_1_28' title="bbox 2213 1300 3788 1372; baseline 0.003 -19"><span class='ocrx_word' id='word_1_200' title='bbox 2213 1300 2328 1353; x_wconf 82' lang='grc' dir='ltr'>Κᾶν</span> <span class='ocrx_word' id='word_1_201' title='bbox 2358 1300 2465 1371; x_wconf 85' lang='grc' dir='ltr'><strong>γὰρ</strong></span> <span class='ocrx_word' id='word_1_202' title='bbox 2487 1300 2809 1354; x_wconf 80' lang='grc' dir='ltr'>καταλαϐεῖν</span> <span class='ocrx_word' id='word_1_203' title='bbox 2829 1301 2857 1352; x_wconf 79' lang='grc' dir='ltr'><strong>ὃ</strong></span> <span class='ocrx_word' id='word_1_204' title='bbox 2879 1319 2930 1352; x_wconf 85' lang='grc' dir='ltr'><strong>τι</strong></span> <span class='ocrx_word' id='word_1_205' title='bbox 2960 1302 3085 1353; x_wconf 82' lang='grc' dir='ltr'><strong>ποτὲ</strong></span> <span class='ocrx_word' id='word_1_206' title='bbox 3118 1302 3315 1372; x_wconf 79' lang='grc' dir='ltr'>ἐστινὴ</span> <span class='ocrx_word' id='word_1_207' title='bbox 3348 1300 3441 1354; x_wconf 89' lang='grc' dir='ltr'><strong>τοῦ</strong></span> <span class='ocrx_word' id='word_1_208' title='bbox 3468 1301 3607 1353; x_wconf 90' lang='grc' dir='ltr'>Θεοῦ</span> <span class='ocrx_word' id='word_1_209' title='bbox 3632 1301 3788 1358; x_wconf 81' lang='grc' dir='ltr'>ούσία</span> 
     </span>
    </p>
   </div>
   <div class='ocr_carea' id='block_1_29' title="bbox 2216 1387 3785 1466">
    <p class='ocr_par' dir='ltr' id='par_1_29' title="bbox 2216 1387 3785 1466">
     <span class='ocr_line' id='line_1_29' title="bbox 2216 1387 3785 1466; baseline 0.002 -22"><span class='ocrx_word' id='word_1_210' title='bbox 2397 1393 2617 1445; x_wconf 90' lang='grc' dir='ltr'>δυνατόν</span> <span class='ocrx_word' id='word_1_211' title='bbox 2638 1409 2651 1422; x_wconf 90' lang='grc'><strong>·</strong></span> <span class='ocrx_word' id='word_1_212' title='bbox 2692 1392 2826 1445; x_wconf 79' lang='grc' dir='ltr'>ἀλλὰ</span> <span class='ocrx_word' id='word_1_213' title='bbox 2857 1392 3011 1462; x_wconf 88' lang='grc' dir='ltr'>μόνον</span> <span class='ocrx_word' id='word_1_214' title='bbox 3047 1391 3293 1456; x_wconf 76' lang='grc' dir='ltr'><strong>νοοῦντες</strong></span> <span class='ocrx_word' id='word_1_215' title='bbox 3317 1389 3457 1444; x_wconf 82' lang='grc' dir='ltr'>εἶναι</span> <span class='ocrx_word' id='word_1_216' title='bbox 3499 1392 3592 1443; x_wconf 75' lang='grc' dir='ltr'><strong>τὸν</strong></span> <span class='ocrx_word' id='word_1_217' title='bbox 3633 1392 3785 1459; x_wconf 75' lang='grc' dir='ltr'>Θεὸν,</span> 
     </span>
    </p>
   </div>
   <div class='ocr_carea' id='block_1_30' title="bbox 2214 1481 3790 1554">
    <p class='ocr_par' dir='ltr' id='par_1_30' title="bbox 2214 1481 3790 1554">
     <span class='ocr_line' id='line_1_30' title="bbox 2214 1481 3790 1554; baseline 0.003 -21"><span class='ocrx_word' id='word_1_218' title='bbox 2214 1482 2305 1534; x_wconf 75' lang='grc' dir='ltr'><strong>καὶ</strong></span> <span class='ocrx_word' id='word_1_219' title='bbox 2334 1481 2433 1550; x_wconf 79' lang='grc' dir='ltr'>τῆς</span> <span class='ocrx_word' id='word_1_220' title='bbox 2467 1482 2685 1553; x_wconf 78' lang='grc' dir='ltr'>Γραφῆς</span> <span class='ocrx_word' id='word_1_221' title='bbox 2714 1484 2770 1535; x_wconf 82' lang='grc' dir='ltr'>έν</span> <span class='ocrx_word' id='word_1_222' title='bbox 2812 1482 3017 1545; x_wconf 77' lang='grc' dir='ltr'>τούτοις</span> <span class='ocrx_word' id='word_1_223' title='bbox 3050 1483 3212 1536; x_wconf 81' lang='grc' dir='ltr'>αὑτὸν</span> <span class='ocrx_word' id='word_1_224' title='bbox 3259 1482 3659 1554; x_wconf 81' lang='grc' dir='ltr'>σημαινούσης,</span> <span class='ocrx_word' id='word_1_225' title='bbox 3692 1484 3790 1538; x_wconf 72' lang='grc' dir='ltr'>οὐκ</span> 
     </span>
    </p>
   </div>
   <div class='ocr_carea' id='block_1_31' title="bbox 2212 1571 3785 1644">
    <p class='ocr_par' dir='ltr' id='par_1_31' title="bbox 2212 1571 3785 1644">
     <span class='ocr_line' id='line_1_31' title="bbox 2212 1571 3785 1644; baseline 0.003 -21"><span class='ocrx_word' id='word_1_226' title='bbox 2212 1571 2368 1625; x_wconf 81' lang='grc' dir='ltr'>ἄλλον</span> <span class='ocrx_word' id='word_1_227' title='bbox 2408 1574 2529 1628; x_wconf 79' lang='grc' dir='ltr'>τινὰ</span> <span class='ocrx_word' id='word_1_228' title='bbox 2573 1574 2668 1626; x_wconf 78' lang='grc' dir='ltr'><strong>καὶ</strong></span> <span class='ocrx_word' id='word_1_229' title='bbox 2714 1575 2873 1644; x_wconf 87' lang='grc' dir='ltr'>ἡμεῖς</span> <span class='ocrx_word' id='word_1_230' title='bbox 2930 1574 2962 1643; x_wconf 82' lang='grc' dir='ltr'>ἢ</span> <span class='ocrx_word' id='word_1_231' title='bbox 3022 1575 3180 1627; x_wconf 79' lang='grc' dir='ltr'>αὐτὸν</span> <span class='ocrx_word' id='word_1_232' title='bbox 3229 1575 3471 1644; x_wconf 74' lang='grc' dir='ltr'>σημᾶναι</span> <span class='ocrx_word' id='word_1_233' title='bbox 3516 1573 3785 1639; x_wconf 86' lang='grc' dir='ltr'>θέλοντες,</span> 
     </span>
    </p>
   </div>
   <div class='ocr_carea' id='block_1_32' title="bbox 2212 1662 3789 1738">
    <p class='ocr_par' dir='ltr' id='par_1_32' title="bbox 2212 1662 3789 1738">
     <span class='ocr_line' id='line_1_32' title="bbox 2212 1662 3789 1738; baseline 0.003 -22"><span class='ocrx_word' id='word_1_234' title='bbox 2212 1662 2440 1735; x_wconf 85' lang='grc' dir='ltr'>λέγομεν</span> <span class='ocrx_word' id='word_1_235' title='bbox 2490 1665 2620 1718; x_wconf 85' lang='grc' dir='ltr'>Θεὸν</span> <span class='ocrx_word' id='word_1_236' title='bbox 2670 1667 2762 1719; x_wconf 76' lang='grc' dir='ltr'><strong>καὶ</strong></span> <span class='ocrx_word' id='word_1_237' title='bbox 2791 1666 3005 1737; x_wconf 85' lang='grc' dir='ltr'>Πατέρα</span> <span class='ocrx_word' id='word_1_238' title='bbox 3047 1667 3140 1719; x_wconf 74' lang='grc' dir='ltr'><strong>καὶ</strong></span> <span class='ocrx_word' id='word_1_239' title='bbox 3187 1666 3413 1738; x_wconf 80' lang='grc' dir='ltr'>Κύριον.</span> <span class='ocrx_word' id='word_1_240' title='bbox 3444 1668 3617 1721; x_wconf 85' lang='grc' dir='ltr'>Ὅταν</span> <span class='ocrx_word' id='word_1_241' title='bbox 3662 1666 3789 1735; x_wconf 86' lang='grc' dir='ltr'>γοῦν</span> 
     </span>
    </p>
   </div>
   <div class='ocr_carea' id='block_1_33' title="bbox 2213 1755 3790 1829">
    <p class='ocr_par' dir='ltr' id='par_1_33' title="bbox 2213 1755 3790 1829">
     <span class='ocr_line' id='line_1_33' title="bbox 2213 1755 3790 1829; baseline 0.002 -21"><span class='ocrx_word' id='word_1_242' title='bbox 2213 1755 2375 1828; x_wconf 79' lang='grc' dir='ltr'>λέγῃ’</span> <span class='ocrx_word' id='word_1_243' title='bbox 2412 1757 2550 1828; x_wconf 76' lang='grc' dir='ltr'><em>Ἑγὼ</em></span> <span class='ocrx_word' id='word_1_244' title='bbox 2581 1761 2699 1829; x_wconf 77' lang='grc' dir='ltr'>ειμι</span> <span class='ocrx_word' id='word_1_245' title='bbox 2730 1762 2762 1812; x_wconf 87' lang='grc' dir='ltr'><strong>ό</strong></span> <span class='ocrx_word' id='word_1_246' title='bbox 2794 1758 2909 1812; x_wconf 78' lang='grc' dir='ltr'><strong>ὤν’</strong></span> <span class='ocrx_word' id='word_1_247' title='bbox 2964 1760 3057 1811; x_wconf 72' lang='grc' dir='ltr'><strong>καὶ</strong></span> <span class='ocrx_word' id='word_1_248' title='bbox 3095 1758 3154 1811; x_wconf 87' lang='grc' dir='ltr'>τὸ</span> <span class='ocrx_word' id='word_1_249' title='bbox 3177 1797 3191 1821; x_wconf 94' lang='grc'>,</span> <span class='ocrx_word' id='word_1_250' title='bbox 3240 1757 3389 1828; x_wconf 73' lang='grc' dir='ltr'><strong>Ἐγώ</strong></span> <span class='ocrx_word' id='word_1_251' title='bbox 3417 1760 3536 1827; x_wconf 68' lang='grc' dir='ltr'>εἰμι</span> <span class='ocrx_word' id='word_1_252' title='bbox 3574 1760 3790 1827; x_wconf 69' lang='grc' dir='ltr'>Κύριος</span> 
     </span>
    </p>
   </div>
   <div class='ocr_carea' id='block_1_34' title="bbox 546 1845 2120 1926">
    <p class='ocr_par' dir='ltr' id='par_1_34' title="bbox 546 1850 2115 1926">
     <span class='ocr_line' id='line_1_34' title="bbox 546 1850 2115 1926; baseline -0.003 -18"><span class='ocrx_word' id='word_1_253' title='bbox 546 1873 708 1926; x_wconf 88' lang='lat' dir='ltr'><strong>quam</strong></span> <span class='ocrx_word' id='word_1_254' title='bbox 755 1856 930 1926; x_wconf 92' lang='lat' dir='ltr'><strong>ipsum</strong></span> <span class='ocrx_word' id='word_1_255' title='bbox 962 1854 1133 1910; x_wconf 93' lang='lat' dir='ltr'><strong>solum</strong></span> <span class='ocrx_word' id='word_1_256' title='bbox 1159 1853 1401 1907; x_wconf 88' lang='lat' dir='ltr'><strong>volumus</strong></span> <span class='ocrx_word' id='word_1_257' title='bbox 1430 1850 1749 1922; x_wconf 81' lang='lat' dir='ltr'><strong>signiﬁcari.</strong></span> <span class='ocrx_word' id='word_1_258' title='bbox 1798 1851 1928 1906; x_wconf 90' lang='lat' dir='ltr'><strong>Cum</strong></span> <span class='ocrx_word' id='word_1_259' title='bbox 1954 1852 2115 1920; x_wconf 86' lang='lat' dir='ltr'><strong>igitur</strong></span> 
     </span>
    </p>
   </div>
   <div class='ocr_carea' id='block_1_35' title="bbox 2224 1845 3785 1926">
    <p class='ocr_par' dir='ltr' id='par_1_35' title="bbox 2224 1850 3785 1922">
     <span class='ocr_line' id='line_1_35' title="bbox 2224 1850 3785 1922; baseline -0.001 -18"><span class='ocrx_word' id='word_1_260' title='bbox 2224 1852 2245 1904; x_wconf 80' lang='grc' dir='ltr'><strong>ό</strong></span> <span class='ocrx_word' id='word_1_261' title='bbox 2280 1852 2453 1916; x_wconf 85' lang='grc' dir='ltr'>Θεός·</span> <span class='ocrx_word' id='word_1_262' title='bbox 2532 1854 2626 1905; x_wconf 73' lang='grc' dir='ltr'>καὶ</span> <span class='ocrx_word' id='word_1_263' title='bbox 2665 1853 2796 1905; x_wconf 85' lang='grc' dir='ltr'>ὃπου</span> <span class='ocrx_word' id='word_1_264' title='bbox 2851 1852 2979 1904; x_wconf 83' lang='grc' dir='ltr'>ποτὲ</span> <span class='ocrx_word' id='word_1_265' title='bbox 3024 1850 3231 1922; x_wconf 83' lang='grc' dir='ltr'>λέγειὴ</span> <span class='ocrx_word' id='word_1_266' title='bbox 3265 1850 3495 1921; x_wconf 74' lang='grc' dir='ltr'>Γραφὴ,</span> <span class='ocrx_word' id='word_1_267' title='bbox 3554 1854 3587 1903; x_wconf 75' lang='grc' dir='ltr'><em>ὁ</em></span> <span class='ocrx_word' id='word_1_268' title='bbox 3624 1853 3785 1914; x_wconf 84' lang='grc' dir='ltr'>Θεὸς,</span> 
     </span>
    </p>
   </div>
   <div class='ocr_carea' id='block_1_36' title="bbox 546 1942 2115 2018">
    <p class='ocr_par' dir='ltr' id='par_1_36' title="bbox 546 1942 2115 2018">
     <span class='ocr_line' id='line_1_36' title="bbox 546 1942 2115 2018; baseline -0.002 -17"><span class='ocrx_word' id='word_1_269' title='bbox 546 1949 716 2003; x_wconf 90' lang='lat' dir='ltr'><strong>dicit:</strong></span> <span class='ocrx_word' id='word_1_270' title='bbox 751 1949 860 2018; x_wconf 71' lang='lat' dir='ltr'><strong>Ego</strong></span> <span class='ocrx_word' id='word_1_271' title='bbox 885 1963 999 2001; x_wconf 80' lang='lat' dir='ltr'><strong>sum</strong></span> <span class='ocrx_word' id='word_1_272' title='bbox 1038 1950 1127 2015; x_wconf 83' lang='lat' dir='ltr'><strong>qui</strong></span> <span class='ocrx_word' id='word_1_273' title='bbox 1152 1962 1265 2000; x_wconf 82' lang='lat' dir='ltr'><strong>sum</strong></span> <span class='ocrx_word' id='word_1_274' title='bbox 1292 1945 1338 1976; x_wconf 69' lang='grc'><strong>⁸⁸</strong></span> <span class='ocrx_word' id='word_1_275' title='bbox 1370 1962 1383 2009; x_wconf 88' lang='grc'><strong>;</strong></span> <span class='ocrx_word' id='word_1_276' title='bbox 1433 1952 1507 2011; x_wconf 76' lang='lat' dir='ltr'><strong>et,</strong></span> <span class='ocrx_word' id='word_1_277' title='bbox 1537 1942 1649 2014; x_wconf 84' lang='lat' dir='ltr'><strong>Ego</strong></span> <span class='ocrx_word' id='word_1_278' title='bbox 1691 1960 1806 1997; x_wconf 74' lang='lat' dir='ltr'><strong>sum</strong></span> <span class='ocrx_word' id='word_1_279' title='bbox 1861 1943 2115 1998; x_wconf 79' lang='lat' dir='ltr'><strong>Dominus</strong></span> 
     </span>
    </p>
   </div>
   <div class='ocr_carea' id='block_1_37' title="bbox 549 2034 2115 2104">
    <p class='ocr_par' dir='ltr' id='par_1_37' title="bbox 549 2034 2115 2104">
     <span class='ocr_line' id='line_1_37' title="bbox 549 2034 2115 2104; baseline -0.003 -13"><span class='ocrx_word' id='word_1_280' title='bbox 549 2039 689 2093; x_wconf 74' lang='lat' dir='ltr'><strong>Deus</strong></span> <span class='ocrx_word' id='word_1_281' title='bbox 714 2039 783 2102; x_wconf 83' lang='lat'><strong>&quot;,</strong></span> <span class='ocrx_word' id='word_1_282' title='bbox 830 2053 895 2093; x_wconf 89' lang='lat' dir='ltr'><strong>ac</strong></span> <span class='ocrx_word' id='word_1_283' title='bbox 927 2036 1232 2104; x_wconf 85' lang='lat' dir='ltr'><strong>ubicunque</strong></span> <span class='ocrx_word' id='word_1_284' title='bbox 1270 2034 1547 2102; x_wconf 89' lang='lat' dir='ltr'><strong>Scriptura</strong></span> <span class='ocrx_word' id='word_1_285' title='bbox 1588 2034 1754 2096; x_wconf 82' lang='lat' dir='ltr'><strong>dicit,</strong></span> <span class='ocrx_word' id='word_1_286' title='bbox 1788 2034 1959 2097; x_wconf 81' lang='lat' dir='ltr'><strong>Deus;</strong></span> <span class='ocrx_word' id='word_1_287' title='bbox 1993 2049 2115 2087; x_wconf 91' lang='lat' dir='ltr'><strong>cum</strong></span> 
     </span>
    </p>
   </div>
   <div class='ocr_carea' id='block_1_38' title="bbox 550 2122 2118 2196">
    <p class='ocr_par' dir='ltr' id='par_1_38' title="bbox 550 2122 2118 2196">
     <span class='ocr_line' id='line_1_38' title="bbox 550 2122 2118 2196; baseline -0.003 -15"><span class='ocrx_word' id='word_1_288' title='bbox 550 2142 645 2181; x_wconf 90' lang='lat' dir='ltr'><strong>nos</strong></span> <span class='ocrx_word' id='word_1_289' title='bbox 672 2128 772 2181; x_wconf 87' lang='lat' dir='ltr'><strong>ista</strong></span> <span class='ocrx_word' id='word_1_290' title='bbox 813 2126 1062 2196; x_wconf 86' lang='lat' dir='ltr'><strong>legimus,</strong></span> <span class='ocrx_word' id='word_1_291' title='bbox 1110 2124 1242 2178; x_wconf 85' lang='lat' dir='ltr'><strong>nihil</strong></span> <span class='ocrx_word' id='word_1_292' title='bbox 1276 2123 1419 2176; x_wconf 89' lang='lat' dir='ltr'><strong>aliud</strong></span> <span class='ocrx_word' id='word_1_293' title='bbox 1456 2122 1801 2192; x_wconf 85' lang='lat' dir='ltr'><strong>intelligimus</strong></span> <span class='ocrx_word' id='word_1_294' title='bbox 1823 2123 2118 2190; x_wconf 79' lang='lat' dir='ltr'><strong>signiﬁcari</strong></span> 
     </span>
    </p>
   </div>
   <div class='ocr_carea' id='block_1_39' title="bbox 545 2214 2116 2290">
    <p class='ocr_par' dir='ltr' id='par_1_39' title="bbox 545 2214 2116 2290">
     <span class='ocr_line' id='line_1_39' title="bbox 545 2214 2116 2290; baseline -0.003 -16"><span class='ocrx_word' id='word_1_295' title='bbox 545 2236 706 2290; x_wconf 88' lang='lat' dir='ltr'><strong>quam</strong></span> <span class='ocrx_word' id='word_1_296' title='bbox 760 2219 930 2289; x_wconf 88' lang='lat' dir='ltr'><strong>ipsam</strong></span> <span class='ocrx_word' id='word_1_297' title='bbox 993 2216 1108 2286; x_wconf 87' lang='lat' dir='ltr'><strong>ejus</strong></span> <span class='ocrx_word' id='word_1_298' title='bbox 1172 2217 1675 2285; x_wconf 89' lang='lat' dir='ltr'><strong>incomprehensam</strong></span> <span class='ocrx_word' id='word_1_299' title='bbox 1736 2214 2116 2280; x_wconf 87' lang='lat' dir='ltr'><strong>substantiam,</strong></span> 
     </span>
    </p>
   </div>
   <div class='ocr_carea' id='block_1_40' title="bbox 547 2304 2120 2382">
    <p class='ocr_par' dir='ltr' id='par_1_40' title="bbox 547 2304 2120 2382">
     <span class='ocr_line' id='line_1_40' title="bbox 547 2304 2120 2382; baseline -0.004 -15"><span class='ocrx_word' id='word_1_300' title='bbox 547 2311 763 2382; x_wconf 85' lang='lat' dir='ltr'><strong>etquod</strong></span> <span class='ocrx_word' id='word_1_301' title='bbox 798 2311 890 2365; x_wconf 91' lang='lat' dir='ltr'><strong>ille</strong></span> <span class='ocrx_word' id='word_1_302' title='bbox 934 2310 1001 2365; x_wconf 90' lang='lat' dir='ltr'><strong>sit</strong></span> <span class='ocrx_word' id='word_1_303' title='bbox 1031 2324 1190 2379; x_wconf 83' lang='lat' dir='ltr'><strong>quem</strong></span> <span class='ocrx_word' id='word_1_304' title='bbox 1225 2322 1345 2362; x_wconf 78' lang='lat' dir='ltr'><strong>esse</strong></span> <span class='ocrx_word' id='word_1_305' title='bbox 1406 2317 1690 2362; x_wconf 88' lang='lat' dir='ltr'><strong>testantur.</strong></span> <span class='ocrx_word' id='word_1_306' title='bbox 1734 2304 1900 2360; x_wconf 76' lang='lat' dir='ltr'><strong>Nemo</strong></span> <span class='ocrx_word' id='word_1_307' title='bbox 1960 2306 2120 2377; x_wconf 89' lang='lat' dir='ltr'><strong>igitur</strong></span> 
     </span>
    </p>
   </div>
   <div class='ocr_carea' id='block_1_41' title="bbox 550 2398 2118 2474">
    <p class='ocr_par' dir='ltr' id='par_1_41' title="bbox 550 2398 2118 2474">
     <span class='ocr_line' id='line_1_41' title="bbox 550 2398 2118 2474; baseline -0.003 -17"><span class='ocrx_word' id='word_1_308' title='bbox 550 2406 893 2474; x_wconf 78' lang='lat' dir='ltr'><strong>obstUpescat</strong></span> <span class='ocrx_word' id='word_1_309' title='bbox 917 2418 1038 2458; x_wconf 91' lang='lat' dir='ltr'><strong>cum</strong></span> <span class='ocrx_word' id='word_1_310' title='bbox 1069 2401 1219 2456; x_wconf 90' lang='lat' dir='ltr'><strong>audit</strong></span> <span class='ocrx_word' id='word_1_311' title='bbox 1248 2399 1443 2454; x_wconf 85' lang='lat' dir='ltr'><strong>Filium</strong></span> <span class='ocrx_word' id='word_1_312' title='bbox 1484 2400 1577 2453; x_wconf 89' lang='lat' dir='ltr'><strong>Dei</strong></span> <span class='ocrx_word' id='word_1_313' title='bbox 1607 2414 1671 2453; x_wconf 78' lang='lat' dir='ltr'><strong>ex</strong></span> <span class='ocrx_word' id='word_1_314' title='bbox 1704 2398 1999 2453; x_wconf 80' lang='lat' dir='ltr'><strong>substantia</strong></span> <span class='ocrx_word' id='word_1_315' title='bbox 2026 2398 2118 2452; x_wconf 90' lang='lat' dir='ltr'><strong>Dei</strong></span> 
     </span>
    </p>
   </div>
   <div class='ocr_carea' id='block_1_42' title="bbox 550 2487 2122 2563">
    <p class='ocr_par' dir='ltr' id='par_1_42' title="bbox 550 2487 2122 2563">
     <span class='ocr_line' id='line_1_42' title="bbox 550 2487 2122 2563; baseline -0.005 -14"><span class='ocrx_word' id='word_1_316' title='bbox 550 2512 694 2562; x_wconf 79' lang='lat' dir='ltr'><strong>esse,</strong></span> <span class='ocrx_word' id='word_1_317' title='bbox 732 2496 823 2550; x_wconf 93' lang='lat' dir='ltr'><strong>sed</strong></span> <span class='ocrx_word' id='word_1_318' title='bbox 854 2494 1108 2549; x_wconf 87' lang='lat' dir='ltr'><strong>Patribus</strong></span> <span class='ocrx_word' id='word_1_319' title='bbox 1170 2493 1349 2563; x_wconf 90' lang='lat' dir='ltr'><strong>potius</strong></span> <span class='ocrx_word' id='word_1_320' title='bbox 1381 2490 1707 2546; x_wconf 90' lang='lat' dir='ltr'><strong>assentiatur</strong></span> <span class='ocrx_word' id='word_1_321' title='bbox 1757 2488 1847 2558; x_wconf 90' lang='lat' dir='ltr'><strong>qui</strong></span> <span class='ocrx_word' id='word_1_322' title='bbox 1876 2487 2122 2542; x_wconf 78' lang='lat' dir='ltr'><strong>videlicet</strong></span> 
     </span>
    </p>
   </div>
   <div class='ocr_carea' id='block_1_43' title="bbox 550 2573 2121 2658">
    <p class='ocr_par' dir='ltr' id='par_1_43' title="bbox 550 2573 2121 2658">
     <span class='ocr_line' id='line_1_43' title="bbox 550 2573 2121 2658; baseline -0.007 -15"><span class='ocrx_word' id='word_1_323' title='bbox 550 2600 608 2643; x_wconf 92' lang='lat' dir='ltr'><strong>ut</strong></span> <span class='ocrx_word' id='word_1_324' title='bbox 644 2589 813 2658; x_wconf 90' lang='lat' dir='ltr'><strong>ipsam</strong></span> <span class='ocrx_word' id='word_1_325' title='bbox 858 2586 936 2643; x_wconf 90' lang='lat' dir='ltr'><strong>rei</strong></span> <span class='ocrx_word' id='word_1_326' title='bbox 982 2586 1254 2640; x_wconf 90' lang='lat' dir='ltr'><strong>notionem</strong></span> <span class='ocrx_word' id='word_1_327' title='bbox 1283 2573 1691 2654; x_wconf 63' lang='lat' dir='ltr'><strong>pe‘rpurgarent,</strong></span> <span class='ocrx_word' id='word_1_328' title='bbox 1740 2580 1961 2647; x_wconf 84' lang='lat' dir='ltr'><strong>majoris</strong></span> <span class='ocrx_word' id='word_1_329' title='bbox 1994 2594 2121 2648; x_wconf 78' lang='lat' dir='ltr'><strong>per—</strong></span> 
     </span>
    </p>
   </div>
   <div class='ocr_carea' id='block_1_44' title="bbox 548 2669 2122 2749">
    <p class='ocr_par' dir='ltr' id='par_1_44' title="bbox 548 2669 2122 2749">
     <span class='ocr_line' id='line_1_44' title="bbox 548 2669 2122 2749; baseline -0.006 -16"><span class='ocrx_word' id='word_1_330' title='bbox 548 2679 855 2749; x_wconf 89' lang='lat' dir='ltr'><strong>spicuitatis</strong></span> <span class='ocrx_word' id='word_1_331' title='bbox 913 2676 1087 2747; x_wconf 89' lang='lat' dir='ltr'><strong>gratia</strong></span> <span class='ocrx_word' id='word_1_332' title='bbox 1121 2676 1408 2743; x_wconf 86' lang='lat' dir='ltr'><strong>verbisque</strong></span> <span class='ocrx_word' id='word_1_333' title='bbox 1452 2673 1616 2726; x_wconf 91' lang='lat' dir='ltr'><strong>veluti</strong></span> <span class='ocrx_word' id='word_1_334' title='bbox 1673 2670 1985 2741; x_wconf 83' lang='lat' dir='ltr'><strong>synonymis</strong></span> <span class='ocrx_word' id='word_1_335' title='bbox 2026 2669 2122 2724; x_wconf 90' lang='lat' dir='ltr'><strong>has</strong></span> 
     </span>
    </p>
   </div>
   <div class='ocr_carea' id='block_1_45' title="bbox 550 2761 2119 2833">
    <p class='ocr_par' dir='ltr' id='par_1_45' title="bbox 550 2761 2119 2833">
     <span class='ocr_line' id='line_1_45' title="bbox 550 2761 2119 2833; baseline -0.006 -12"><span class='ocrx_word' id='word_1_336' title='bbox 550 2785 730 2833; x_wconf 84' lang='lat' dir='ltr'><strong>voces,</strong></span> <span class='ocrx_word' id='word_1_337' title='bbox 762 2784 826 2823; x_wconf 70' lang='lat' dir='ltr'><strong>ea:</strong></span> <span class='ocrx_word' id='word_1_338' title='bbox 863 2769 990 2831; x_wconf 86' lang='lat' dir='ltr'><strong>Deo,</strong></span> <span class='ocrx_word' id='word_1_339' title='bbox 1024 2766 1162 2831; x_wconf 86' lang='lat' dir='ltr'><strong>istis,</strong></span> <span class='ocrx_word' id='word_1_340' title='bbox 1195 2781 1260 2819; x_wconf 76' lang='lat' dir='ltr'><strong>ex</strong></span> <span class='ocrx_word' id='word_1_341' title='bbox 1290 2764 1383 2818; x_wconf 84' lang='lat' dir='ltr'><strong>Dei</strong></span> <span class='ocrx_word' id='word_1_342' title='bbox 1418 2763 1736 2823; x_wconf 78' lang='lat' dir='ltr'><strong>substantia,</strong></span> <span class='ocrx_word' id='word_1_343' title='bbox 1766 2761 2119 2829; x_wconf 83' lang='lat' dir='ltr'><strong>explicavere.</strong></span> 
     </span>
    </p>
   </div>
   <div class='ocr_carea' id='block_1_46' title="bbox 549 2850 2124 2918">
    <p class='ocr_par' dir='ltr' id='par_1_46' title="bbox 549 2850 2124 2918">
     <span class='ocr_line' id='line_1_46' title="bbox 549 2850 2124 2918; baseline -0.01 0"><span class='ocrx_word' id='word_1_344' title='bbox 549 2863 692 2918; x_wconf 88' lang='lat' dir='ltr'><strong>Idem</strong></span> <span class='ocrx_word' id='word_1_345' title='bbox 745 2862 885 2915; x_wconf 87' lang='lat' dir='ltr'><strong>enim</strong></span> <span class='ocrx_word' id='word_1_346' title='bbox 945 2873 1065 2915; x_wconf 90' lang='lat' dir='ltr'><strong>esse</strong></span> <span class='ocrx_word' id='word_1_347' title='bbox 1119 2856 1365 2911; x_wconf 90' lang='lat' dir='ltr'><strong>arbitrati</strong></span> <span class='ocrx_word' id='word_1_348' title='bbox 1408 2864 1533 2910; x_wconf 88' lang='lat' dir='ltr'><strong>sunt</strong></span> <span class='ocrx_word' id='word_1_349' title='bbox 1576 2856 1753 2909; x_wconf 89' lang='lat' dir='ltr'><strong>dicere</strong></span> <span class='ocrx_word' id='word_1_350' title='bbox 1792 2850 2027 2906; x_wconf 81' lang='lat' dir='ltr'><strong>Verbum</strong></span> <span class='ocrx_word' id='word_1_351' title='bbox 2060 2866 2124 2904; x_wconf 74' lang='lat' dir='ltr'><strong>ex</strong></span> 
     </span>
    </p>
   </div>
   <div class='ocr_carea' id='block_1_47' title="bbox 550 2940 2121 3015">
    <p class='ocr_par' dir='ltr' id='par_1_47' title="bbox 550 2940 2121 3015">
     <span class='ocr_line' id='line_1_47' title="bbox 550 2940 2121 3015; baseline -0.01 -9"><span class='ocrx_word' id='word_1_352' title='bbox 550 2953 658 3005; x_wconf 85' lang='lat' dir='ltr'><strong>Deo</strong></span> <span class='ocrx_word' id='word_1_353' title='bbox 693 2964 835 3015; x_wconf 88' lang='lat' dir='ltr'><strong>esse,</strong></span> <span class='ocrx_word' id='word_1_354' title='bbox 875 2964 939 3003; x_wconf 92' lang='lat' dir='ltr'><strong>ac</strong></span> <span class='ocrx_word' id='word_1_355' title='bbox 972 2948 1152 3003; x_wconf 90' lang='lat' dir='ltr'><strong>dicere</strong></span> <span class='ocrx_word' id='word_1_356' title='bbox 1186 2947 1359 3015; x_wconf 90' lang='lat' dir='ltr'><strong>ipsum</strong></span> <span class='ocrx_word' id='word_1_357' title='bbox 1410 2960 1529 2999; x_wconf 91' lang='lat' dir='ltr'><strong>esse</strong></span> <span class='ocrx_word' id='word_1_358' title='bbox 1560 2960 1625 2997; x_wconf 80' lang='lat' dir='ltr'><strong>ea:</strong></span> <span class='ocrx_word' id='word_1_359' title='bbox 1666 2942 1759 2996; x_wconf 83' lang='lat' dir='ltr'><strong>Dei</strong></span> <span class='ocrx_word' id='word_1_360' title='bbox 1804 2940 2121 3006; x_wconf 69' lang='lat' dir='ltr'><strong>substantia,</strong></span> 
     </span>
    </p>
   </div>
   <div class='ocr_carea' id='block_1_48' title="bbox 548 3030 2124 3115">
    <p class='ocr_par' dir='ltr' id='par_1_48' title="bbox 548 3030 2124 3115">
     <span class='ocr_line' id='line_1_48' title="bbox 548 3030 2124 3115; baseline -0.01 -16"><span class='ocrx_word' id='word_1_361' title='bbox 548 3042 984 3115; x_wconf 87' lang='lat' dir='ltr'><strong>quandoquidem</strong></span> <span class='ocrx_word' id='word_1_362' title='bbox 1032 3041 1132 3095; x_wconf 88' lang='lat' dir='ltr'><strong>ista</strong></span> <span class='ocrx_word' id='word_1_363' title='bbox 1165 3052 1287 3103; x_wconf 80' lang='lat' dir='ltr'><strong>vox,</strong></span> <span class='ocrx_word' id='word_1_364' title='bbox 1332 3037 1495 3102; x_wconf 79' lang='lat' dir='ltr'><strong>Deus,</strong></span> <span class='ocrx_word' id='word_1_365' title='bbox 1539 3044 1597 3091; x_wconf 91' lang='lat' dir='ltr'><strong>ut</strong></span> <span class='ocrx_word' id='word_1_366' title='bbox 1639 3034 1772 3099; x_wconf 80' lang='lat' dir='ltr'><strong>dixi,</strong></span> <span class='ocrx_word' id='word_1_367' title='bbox 1807 3032 1940 3087; x_wconf 90' lang='lat' dir='ltr'><strong>nihil</strong></span> <span class='ocrx_word' id='word_1_368' title='bbox 1981 3030 2124 3084; x_wconf 85' lang='lat' dir='ltr'><strong>aliud</strong></span> 
     </span>
    </p>
   </div>
   <div class='ocr_carea' id='block_1_49' title="bbox 547 3121 2125 3205">
    <p class='ocr_par' dir='ltr' id='par_1_49' title="bbox 547 3121 2125 3205">
     <span class='ocr_line' id='line_1_49' title="bbox 547 3121 2125 3205; baseline -0.01 -16"><span class='ocrx_word' id='word_1_369' title='bbox 547 3134 816 3205; x_wconf 86' lang='lat' dir='ltr'><strong>signiﬁcat</strong></span> <span class='ocrx_word' id='word_1_370' title='bbox 849 3147 1008 3202; x_wconf 90' lang='lat' dir='ltr'><strong>quam</strong></span> <span class='ocrx_word' id='word_1_371' title='bbox 1040 3129 1395 3186; x_wconf 86' lang='lat' dir='ltr'><strong>substantiam</strong></span> <span class='ocrx_word' id='word_1_372' title='bbox 1429 3126 1547 3196; x_wconf 86' lang='lat' dir='ltr'><strong>ejus</strong></span> <span class='ocrx_word' id='word_1_373' title='bbox 1598 3126 1689 3195; x_wconf 91' lang='lat' dir='ltr'><strong>qui</strong></span> <span class='ocrx_word' id='word_1_374' title='bbox 1721 3133 1825 3179; x_wconf 91' lang='lat' dir='ltr'><strong>est.</strong></span> <span class='ocrx_word' id='word_1_375' title='bbox 1856 3123 1913 3177; x_wconf 90' lang='lat' dir='ltr'><strong>Si</strong></span> <span class='ocrx_word' id='word_1_376' title='bbox 1960 3121 2125 3191; x_wconf 84' lang='lat' dir='ltr'><strong>igitur</strong></span> 
     </span>
    </p>
   </div>
   <div class='ocr_carea' id='block_1_50' title="bbox 552 3216 2125 3285">
    <p class='ocr_par' dir='ltr' id='par_1_50' title="bbox 552 3216 2125 3285">
     <span class='ocr_line' id='line_1_50' title="bbox 552 3216 2125 3285; baseline -0.011 -1"><span class='ocrx_word' id='word_1_377' title='bbox 552 3227 789 3283; x_wconf 82' lang='lat' dir='ltr'><strong>Verbum</strong></span> <span class='ocrx_word' id='word_1_378' title='bbox 818 3239 921 3279; x_wconf 93' lang='lat' dir='ltr'><strong>non</strong></span> <span class='ocrx_word' id='word_1_379' title='bbox 948 3224 1025 3279; x_wconf 89' lang='lat' dir='ltr'><strong>ita</strong></span> <span class='ocrx_word' id='word_1_380' title='bbox 1044 3233 1127 3279; x_wconf 91' lang='lat' dir='ltr'><strong>est</strong></span> <span class='ocrx_word' id='word_1_381' title='bbox 1158 3238 1223 3279; x_wconf 80' lang='lat' dir='ltr'><strong>ex</strong></span> <span class='ocrx_word' id='word_1_382' title='bbox 1248 3222 1375 3285; x_wconf 85' lang='lat' dir='ltr'><strong>Deo,</strong></span> <span class='ocrx_word' id='word_1_383' title='bbox 1408 3226 1467 3275; x_wconf 88' lang='lat' dir='ltr'><strong>ut</strong></span> <span class='ocrx_word' id='word_1_384' title='bbox 1499 3232 1659 3273; x_wconf 85' lang='lat' dir='ltr'><strong>verus</strong></span> <span class='ocrx_word' id='word_1_385' title='bbox 1686 3232 1753 3272; x_wconf 81' lang='lat' dir='ltr'><strong>ex</strong></span> <span class='ocrx_word' id='word_1_386' title='bbox 1779 3216 1936 3270; x_wconf 88' lang='lat' dir='ltr'><strong>Patre</strong></span> <span class='ocrx_word' id='word_1_387' title='bbox 1974 3223 2125 3268; x_wconf 74' lang='lat' dir='ltr'><strong>natu-</strong></span> 
     </span>
    </p>
   </div>
   <div class='ocr_carea' id='block_1_51' title="bbox 546 3307 2123 3388">
    <p class='ocr_par' dir='ltr' id='par_1_51' title="bbox 546 3307 2123 3388">
     <span class='ocr_line' id='line_1_51' title="bbox 546 3307 2123 3388; baseline -0.01 -15"><span class='ocrx_word' id='word_1_388' title='bbox 546 3318 728 3388; x_wconf 85' lang='lat' dir='ltr'><strong>ra_sit</strong></span> <span class='ocrx_word' id='word_1_389' title='bbox 754 3314 955 3381; x_wconf 84' lang='lat' dir='ltr'><strong>Filius;</strong></span> <span class='ocrx_word' id='word_1_390' title='bbox 1002 3315 1095 3371; x_wconf 82' lang='lat' dir='ltr'><strong>sed</strong></span> <span class='ocrx_word' id='word_1_391' title='bbox 1125 3316 1170 3371; x_wconf 87' lang='lat' dir='ltr'><strong>si</strong></span> <span class='ocrx_word' id='word_1_392' title='bbox 1205 3330 1268 3370; x_wconf 92' lang='lat' dir='ltr'><strong>eo</strong></span> <span class='ocrx_word' id='word_1_393' title='bbox 1315 3323 1520 3368; x_wconf 89' lang='lat' dir='ltr'><strong>tantum</strong></span> <span class='ocrx_word' id='word_1_394' title='bbox 1558 3310 1717 3363; x_wconf 91' lang='lat' dir='ltr'><strong>modo</strong></span> <span class='ocrx_word' id='word_1_395' title='bbox 1755 3324 1819 3363; x_wconf 79' lang='lat' dir='ltr'><strong>ex</strong></span> <span class='ocrx_word' id='word_1_396' title='bbox 1864 3307 1972 3361; x_wconf 92' lang='lat' dir='ltr'><strong>Deo</strong></span> <span class='ocrx_word' id='word_1_397' title='bbox 2002 3318 2123 3360; x_wconf 90' lang='lat' dir='ltr'><strong>esse</strong></span> 
     </span>
    </p>
   </div>
   <div class='ocr_carea' id='block_1_52' title="bbox 546 3397 2124 3475">
    <p class='ocr_par' dir='ltr' id='par_1_52' title="bbox 546 3397 2124 3475">
     <span class='ocr_line' id='line_1_52' title="bbox 546 3397 2124 3475; baseline -0.008 -13"><span class='ocrx_word' id='word_1_398' title='bbox 546 3408 767 3474; x_wconf 86' lang='lat' dir='ltr'><strong>dicitur,</strong></span> <span class='ocrx_word' id='word_1_399' title='bbox 805 3421 911 3475; x_wconf 88' lang='lat' dir='ltr'><strong>quo</strong></span> <span class='ocrx_word' id='word_1_400' title='bbox 943 3421 1031 3461; x_wconf 89' lang='lat' dir='ltr'><strong>res</strong></span> <span class='ocrx_word' id='word_1_401' title='bbox 1077 3420 1268 3461; x_wconf 88' lang='lat' dir='ltr'><strong>omnes</strong></span> <span class='ocrx_word' id='word_1_402' title='bbox 1303 3412 1521 3469; x_wconf 62' lang='lat' dir='ltr'><strong>creata),</strong></span> <span class='ocrx_word' id='word_1_403' title='bbox 1556 3400 1679 3470; x_wconf 92' lang='lat' dir='ltr'><strong>quia</strong></span> <span class='ocrx_word' id='word_1_404' title='bbox 1729 3413 1919 3466; x_wconf 88' lang='lat' dir='ltr'><strong>nempe</strong></span> <span class='ocrx_word' id='word_1_405' title='bbox 1958 3413 1987 3451; x_wconf 92' lang='lat' dir='ltr'><strong>a</strong></span> <span class='ocrx_word' id='word_1_406' title='bbox 2016 3397 2124 3451; x_wconf 90' lang='lat' dir='ltr'><strong>Deo</strong></span> 
     </span>
    </p>
   </div>
   <div class='ocr_carea' id='block_1_53' title="bbox 548 3490 2121 3567">
    <p class='ocr_par' dir='ltr' id='par_1_53' title="bbox 548 3490 2121 3567">
     <span class='ocr_line' id='line_1_53' title="bbox 548 3490 2121 3567; baseline -0.004 -17"><span class='ocrx_word' id='word_1_407' title='bbox 548 3500 706 3553; x_wconf 79' lang='lat' dir='ltr'><strong>facta:</strong></span> <span class='ocrx_word' id='word_1_408' title='bbox 741 3508 868 3553; x_wconf 91' lang='lat' dir='ltr'><strong>sunt</strong></span> <span class='ocrx_word' id='word_1_409' title='bbox 921 3521 936 3552; x_wconf 72' lang='grc' dir='ltr'><strong>ι</strong></span> <span class='ocrx_word' id='word_1_410' title='bbox 980 3512 1112 3553; x_wconf 90' lang='lat' dir='ltr'><strong>sane</strong></span> <span class='ocrx_word' id='word_1_411' title='bbox 1138 3510 1310 3567; x_wconf 89' lang='lat' dir='ltr'><strong>neque</strong></span> <span class='ocrx_word' id='word_1_412' title='bbox 1333 3512 1398 3549; x_wconf 79' lang='lat' dir='ltr'><strong>ex</strong></span> <span class='ocrx_word' id='word_1_413' title='bbox 1432 3493 1730 3550; x_wconf 89' lang='lat' dir='ltr'><strong>substantia</strong></span> <span class='ocrx_word' id='word_1_414' title='bbox 1771 3490 1949 3547; x_wconf 88' lang='lat' dir='ltr'><strong>Patris</strong></span> <span class='ocrx_word' id='word_1_415' title='bbox 1996 3499 2121 3555; x_wconf 90' lang='lat' dir='ltr'><strong>est,</strong></span> 
     </span>
    </p>
   </div>
   <div class='ocr_carea' id='block_1_54' title="bbox 547 3584 2122 3662">
    <p class='ocr_par' dir='ltr' id='par_1_54' title="bbox 547 3584 2122 3662">
     <span class='ocr_line' id='line_1_54' title="bbox 547 3584 2122 3662; baseline -0.003 -18"><span class='ocrx_word' id='word_1_416' title='bbox 547 3605 721 3662; x_wconf 86' lang='lat' dir='ltr'><strong>neque</strong></span> <span class='ocrx_word' id='word_1_417' title='bbox 743 3589 857 3660; x_wconf 76' lang='lat' dir='ltr'><strong>ipse</strong></span> <span class='ocrx_word' id='word_1_418' title='bbox 893 3589 1081 3655; x_wconf 82' lang='lat' dir='ltr'><strong>Filius,</strong></span> <span class='ocrx_word' id='word_1_419' title='bbox 1122 3589 1423 3643; x_wconf 85' lang='lat' dir='ltr'><strong>substantia</strong></span> <span class='ocrx_word' id='word_1_420' title='bbox 1467 3597 1548 3642; x_wconf 86' lang='lat' dir='ltr'><strong>est</strong></span> <span class='ocrx_word' id='word_1_421' title='bbox 1603 3585 1790 3651; x_wconf 83' lang='lat' dir='ltr'><strong>Filius,</strong></span> <span class='ocrx_word' id='word_1_422' title='bbox 1826 3585 1919 3639; x_wconf 88' lang='lat' dir='ltr'><strong>sed</strong></span> <span class='ocrx_word' id='word_1_423' title='bbox 1950 3584 2122 3640; x_wconf 88' lang='lat' dir='ltr'><strong>solum</strong></span> 
     </span>
    </p>
   </div>
   <div class='ocr_carea' id='block_1_55' title="bbox 545 3680 2120 3750">
    <p class='ocr_par' dir='ltr' id='par_1_55' title="bbox 545 3680 2120 3750">
     <span class='ocr_line' id='line_1_55' title="bbox 545 3680 2120 3750; baseline -0.001 -16"><span class='ocrx_word' id='word_1_424' title='bbox 545 3698 611 3736; x_wconf 77' lang='lat' dir='ltr'><strong>ex</strong></span> <span class='ocrx_word' id='word_1_425' title='bbox 630 3683 849 3747; x_wconf 84' lang='lat' dir='ltr'><strong>virtute,</strong></span> <span class='ocrx_word' id='word_1_426' title='bbox 878 3697 985 3736; x_wconf 91' lang='lat' dir='ltr'><strong>non</strong></span> <span class='ocrx_word' id='word_1_427' title='bbox 1012 3681 1171 3735; x_wconf 84' lang='lat' dir='ltr'><strong>aliter</strong></span> <span class='ocrx_word' id='word_1_428' title='bbox 1191 3696 1253 3734; x_wconf 91' lang='lat' dir='ltr'><strong>ac</strong></span> <span class='ocrx_word' id='word_1_429' title='bbox 1276 3696 1391 3745; x_wconf 88' lang='lat' dir='ltr'><strong>nos,</strong></span> <span class='ocrx_word' id='word_1_430' title='bbox 1416 3680 1507 3749; x_wconf 90' lang='lat' dir='ltr'><strong>qui</strong></span> <span class='ocrx_word' id='word_1_431' title='bbox 1532 3680 1705 3750; x_wconf 86' lang='lat' dir='ltr'><strong>gratia</strong></span> <span class='ocrx_word' id='word_1_432' title='bbox 1728 3680 1820 3733; x_wconf 84' lang='lat' dir='ltr'><strong>lilii</strong></span> <span class='ocrx_word' id='word_1_433' title='bbox 1845 3695 2120 3735; x_wconf 90' lang='lat' dir='ltr'><strong>vocamur.</strong></span> 
     </span>
    </p>
   </div>
   <div class='ocr_carea' id='block_1_56' title="bbox 2214 1942 3788 2015">
    <p class='ocr_par' dir='ltr' id='par_1_56' title="bbox 2214 1942 3788 2015">
     <span class='ocr_line' id='line_1_56' title="bbox 2214 1942 3788 2015; baseline 0 -20"><span class='ocrx_word' id='word_1_434' title='bbox 2214 1944 2373 2014; x_wconf 89' lang='grc' dir='ltr'>ἡμεῖς</span> <span class='ocrx_word' id='word_1_435' title='bbox 2422 1943 2879 2013; x_wconf 84' lang='grc' dir='ltr'>ἀναγινώσκοντες</span> <span class='ocrx_word' id='word_1_436' title='bbox 2906 1983 2921 2009; x_wconf 93' lang='grc'>,</span> <span class='ocrx_word' id='word_1_437' title='bbox 2967 1944 3118 1997; x_wconf 69' lang='grc' dir='ltr'>οὐδὲν</span> <span class='ocrx_word' id='word_1_438' title='bbox 3172 1944 3358 2015; x_wconf 72' lang='grc' dir='ltr'>ἕτερον</span> <span class='ocrx_word' id='word_1_439' title='bbox 3406 1943 3439 2013; x_wconf 82' lang='grc' dir='ltr'>ἢ</span> <span class='ocrx_word' id='word_1_440' title='bbox 3476 1942 3651 2014; x_wconf 75' lang='grc' dir='ltr'>αὐτὴν</span> <span class='ocrx_word' id='word_1_441' title='bbox 3694 1945 3788 2013; x_wconf 78' lang='grc' dir='ltr'>τὴν</span> 
     </span>
    </p>
   </div>
   <div class='ocr_carea' id='block_1_57' title="bbox 2214 2035 3786 2109">
    <p class='ocr_par' dir='ltr' id='par_1_57' title="bbox 2214 2035 3786 2109">
     <span class='ocr_line' id='line_1_57' title="bbox 2214 2035 3786 2109; baseline -0.004 -18"><span class='ocrx_word' id='word_1_442' title='bbox 2214 2037 2592 2109; x_wconf 79' lang='grc' dir='ltr'>ἀκατάληπτον</span> <span class='ocrx_word' id='word_1_443' title='bbox 2644 2038 2807 2092; x_wconf 80' lang='grc' dir='ltr'>αὑτοῦ</span> <span class='ocrx_word' id='word_1_444' title='bbox 2850 2038 3035 2091; x_wconf 79' lang='grc' dir='ltr'>οὐσίαν</span> <span class='ocrx_word' id='word_1_445' title='bbox 3083 2035 3489 2107; x_wconf 78' lang='grc' dir='ltr'>σημαινομένην</span> <span class='ocrx_word' id='word_1_446' title='bbox 3524 2035 3786 2105; x_wconf 78' lang='grc' dir='ltr'>νοοῦμεν,</span> 
     </span>
    </p>
   </div>
   <div class='ocr_carea' id='block_1_58' title="bbox 2216 2124 3789 2199">
    <p class='ocr_par' dir='ltr' id='par_1_58' title="bbox 2216 2124 3789 2199">
     <span class='ocr_line' id='line_1_58' title="bbox 2216 2124 3789 2199; baseline -0.003 -18"><span class='ocrx_word' id='word_1_447' title='bbox 2216 2128 2309 2181; x_wconf 68' lang='grc' dir='ltr'><strong>καὶ</strong></span> <span class='ocrx_word' id='word_1_448' title='bbox 2337 2128 2417 2181; x_wconf 87' lang='grc' dir='ltr'>ὃτι</span> <span class='ocrx_word' id='word_1_449' title='bbox 2463 2128 2608 2181; x_wconf 79' lang='grc' dir='ltr'>ἐστιν</span> <span class='ocrx_word' id='word_1_450' title='bbox 2641 2129 2808 2199; x_wconf 83' lang='grc' dir='ltr'>ὅνπερ</span> <span class='ocrx_word' id='word_1_451' title='bbox 2837 2128 3103 2196; x_wconf 83' lang='grc' dir='ltr'>λέγουσιν.</span> <span class='ocrx_word' id='word_1_452' title='bbox 3142 2125 3351 2179; x_wconf 80' lang='grc' dir='ltr'>Οὐκοῦν</span> <span class='ocrx_word' id='word_1_453' title='bbox 3383 2125 3461 2196; x_wconf 81' lang='grc' dir='ltr'>μὴ</span> <span class='ocrx_word' id='word_1_454' title='bbox 3499 2124 3789 2190; x_wconf 73' lang='grc' dir='ltr'>ξενιζέσθω</span> 
     </span>
    </p>
   </div>
   <div class='ocr_carea' id='block_1_59' title="bbox 2214 2214 3791 2291">
    <p class='ocr_par' dir='ltr' id='par_1_59' title="bbox 2214 2214 3791 2291">
     <span class='ocr_line' id='line_1_59' title="bbox 2214 2214 3791 2291; baseline -0.004 -16"><span class='ocrx_word' id='word_1_455' title='bbox 2214 2240 2300 2285; x_wconf 84' lang='grc' dir='ltr'><strong>τις</strong></span> <span class='ocrx_word' id='word_1_456' title='bbox 2330 2221 2540 2275; x_wconf 80' lang='grc' dir='ltr'>ἀκούων</span> <span class='ocrx_word' id='word_1_457' title='bbox 2581 2223 2645 2274; x_wconf 85' lang='grc' dir='ltr'>ὲκ</span> <span class='ocrx_word' id='word_1_458' title='bbox 2676 2221 2774 2291; x_wconf 85' lang='grc' dir='ltr'>τῆς</span> <span class='ocrx_word' id='word_1_459' title='bbox 2810 2220 2998 2283; x_wconf 82' lang='grc' dir='ltr'>οὐσίας</span> <span class='ocrx_word' id='word_1_460' title='bbox 3040 2216 3133 2271; x_wconf 78' lang='grc' dir='ltr'>τοῦ</span> <span class='ocrx_word' id='word_1_461' title='bbox 3178 2217 3313 2271; x_wconf 88' lang='grc' dir='ltr'>Θεοῦ</span> <span class='ocrx_word' id='word_1_462' title='bbox 3349 2216 3488 2271; x_wconf 74' lang='grc' dir='ltr'>εἶναι</span> <span class='ocrx_word' id='word_1_463' title='bbox 3526 2218 3621 2270; x_wconf 76' lang='grc' dir='ltr'><strong>τὸν</strong></span> <span class='ocrx_word' id='word_1_464' title='bbox 3666 2214 3791 2269; x_wconf 75' lang='grc' dir='ltr'>Υίδν</span> 
     </span>
    </p>
   </div>
   <div class='ocr_carea' id='block_1_60' title="bbox 2216 2309 3795 2384">
    <p class='ocr_par' dir='ltr' id='par_1_60' title="bbox 2216 2309 3795 2384">
     <span class='ocr_line' id='line_1_60' title="bbox 2216 2309 3795 2384; baseline -0.003 -18"><span class='ocrx_word' id='word_1_465' title='bbox 2216 2313 2308 2367; x_wconf 90' lang='grc' dir='ltr'>τοῦ</span> <span class='ocrx_word' id='word_1_466' title='bbox 2329 2313 2463 2366; x_wconf 89' lang='grc' dir='ltr'>Θεοῦ</span> <span class='ocrx_word' id='word_1_467' title='bbox 2484 2332 2497 2345; x_wconf 88' lang='grc'><strong>·</strong></span> <span class='ocrx_word' id='word_1_468' title='bbox 2529 2313 2662 2366; x_wconf 82' lang='grc' dir='ltr'>ἀλλὰ</span> <span class='ocrx_word' id='word_1_469' title='bbox 2690 2314 2783 2366; x_wconf 75' lang='grc' dir='ltr'>καὶ</span> <span class='ocrx_word' id='word_1_470' title='bbox 2812 2311 3006 2384; x_wconf 79' lang='grc' dir='ltr'>μᾶλλον</span> <span class='ocrx_word' id='word_1_471' title='bbox 3029 2309 3375 2380; x_wconf 81' lang='grc' dir='ltr'>ἀποδεχέσθω</span> <span class='ocrx_word' id='word_1_472' title='bbox 3397 2311 3531 2371; x_wconf 78' lang='grc' dir='ltr'>τοὺς</span> <span class='ocrx_word' id='word_1_473' title='bbox 3548 2310 3795 2381; x_wconf 81' lang='grc' dir='ltr'>Πατέρας</span> 
     </span>
    </p>
   </div>
   <div class='ocr_carea' id='block_1_61' title="bbox 2216 2401 3798 2478">
    <p class='ocr_par' dir='ltr' id='par_1_61' title="bbox 2216 2401 3798 2478">
     <span class='ocr_line' id='line_1_61' title="bbox 2216 2401 3798 2478; baseline -0.004 -19"><span class='ocrx_word' id='word_1_474' title='bbox 2216 2405 2643 2478; x_wconf 83' lang='grc' dir='ltr'>διακαθάραντας</span> <span class='ocrx_word' id='word_1_475' title='bbox 2669 2406 2758 2458; x_wconf 86' lang='grc' dir='ltr'>τὸν</span> <span class='ocrx_word' id='word_1_476' title='bbox 2800 2404 2944 2468; x_wconf 92' lang='grc' dir='ltr'>νοῦν,</span> <span class='ocrx_word' id='word_1_477' title='bbox 2964 2404 3283 2473; x_wconf 80' lang='grc' dir='ltr'>λευκότερον</span> <span class='ocrx_word' id='word_1_478' title='bbox 3318 2401 3413 2455; x_wconf 80' lang='grc' dir='ltr'><strong>καὶ</strong></span> <span class='ocrx_word' id='word_1_479' title='bbox 3456 2401 3534 2464; x_wconf 86' lang='grc' dir='ltr'>ὡς</span> <span class='ocrx_word' id='word_1_480' title='bbox 3564 2404 3629 2454; x_wconf 77' lang='grc' dir='ltr'><strong>ἐκ</strong></span> <span class='ocrx_word' id='word_1_481' title='bbox 3660 2418 3798 2471; x_wconf 85' lang='grc' dir='ltr'>παρ-</span> 
     </span>
    </p>
   </div>
   <div class='ocr_carea' id='block_1_62' title="bbox 2219 2491 3798 2566">
    <p class='ocr_par' dir='ltr' id='par_1_62' title="bbox 2219 2491 3798 2566">
     <span class='ocr_line' id='line_1_62' title="bbox 2219 2491 3798 2566; baseline 0.004 -15"><span class='ocrx_word' id='word_1_482' title='bbox 2219 2498 2469 2566; x_wconf 73' lang='grc' dir='ltr'>ασλλήλου,</span> <span class='ocrx_word' id='word_1_483' title='bbox 2503 2498 2563 2551; x_wconf 83' lang='grc' dir='ltr'><strong>τδ</strong></span> <span class='ocrx_word' id='word_1_484' title='bbox 2607 2498 2675 2549; x_wconf 85' lang='grc' dir='ltr'><em>ἐκ</em></span> <span class='ocrx_word' id='word_1_485' title='bbox 2698 2497 2803 2551; x_wconf 87' lang='grc' dir='ltr'>τοῦ</span> <span class='ocrx_word' id='word_1_486' title='bbox 2845 2496 2993 2551; x_wconf 83' lang='grc' dir='ltr'>Θεοῦ</span> <span class='ocrx_word' id='word_1_487' title='bbox 3048 2496 3398 2565; x_wconf 58' lang='grc' dir='ltr'>γράψαντας,</span> <span class='ocrx_word' id='word_1_488' title='bbox 3441 2492 3504 2545; x_wconf 83' lang='grc' dir='ltr'>τὸ</span> <span class='ocrx_word' id='word_1_489' title='bbox 3566 2493 3637 2545; x_wconf 82' lang='grc' dir='ltr'><strong>ἐκ</strong></span> <span class='ocrx_word' id='word_1_490' title='bbox 3694 2491 3798 2557; x_wconf 76' lang='grc' dir='ltr'><strong>τῆς</strong></span> 
     </span>
    </p>
   </div>
   <div class='ocr_carea' id='block_1_63' title="bbox 2219 2583 3796 2660">
    <p class='ocr_par' dir='ltr' id='par_1_63' title="bbox 2219 2583 3796 2660">
     <span class='ocr_line' id='line_1_63' title="bbox 2219 2583 3796 2660; baseline -0.006 -16"><span class='ocrx_word' id='word_1_491' title='bbox 2219 2592 2455 2657; x_wconf 84' lang='grc' dir='ltr'>οὐσίας.</span> <span class='ocrx_word' id='word_1_492' title='bbox 2498 2589 2702 2644; x_wconf 78' lang='grc' dir='ltr'>Ταύτδν</span> <span class='ocrx_word' id='word_1_493' title='bbox 2728 2588 2835 2660; x_wconf 82' lang='grc' dir='ltr'>γὰρ</span> <span class='ocrx_word' id='word_1_494' title='bbox 2859 2589 3132 2659; x_wconf 76' lang='grc' dir='ltr'>ἡγήσαντο</span> <span class='ocrx_word' id='word_1_495' title='bbox 3160 2586 3338 2654; x_wconf 88' lang='grc' dir='ltr'>λέγειν</span> <span class='ocrx_word' id='word_1_496' title='bbox 3377 2585 3446 2637; x_wconf 80' lang='grc' dir='ltr'><strong>ἐκ</strong></span> <span class='ocrx_word' id='word_1_497' title='bbox 3484 2584 3592 2637; x_wconf 84' lang='grc' dir='ltr'><strong>τοῦ</strong></span> <span class='ocrx_word' id='word_1_498' title='bbox 3628 2583 3796 2646; x_wconf 79' lang='grc' dir='ltr'>Θεοῦ,</span> 
     </span>
    </p>
   </div>
   <div class='ocr_carea' id='block_1_64' title="bbox 2220 2670 3797 2749">
    <p class='ocr_par' dir='ltr' id='par_1_64' title="bbox 2220 2670 3797 2749">
     <span class='ocr_line' id='line_1_64' title="bbox 2220 2670 3797 2749; baseline -0.007 -15"><span class='ocrx_word' id='word_1_499' title='bbox 2220 2682 2313 2734; x_wconf 71' lang='grc' dir='ltr'><strong>καὶ</strong></span> <span class='ocrx_word' id='word_1_500' title='bbox 2336 2682 2397 2733; x_wconf 82' lang='grc' dir='ltr'><strong>τὺ</strong></span> <span class='ocrx_word' id='word_1_501' title='bbox 2440 2680 2639 2749; x_wconf 88' lang='grc' dir='ltr'>λέγειν,</span> <span class='ocrx_word' id='word_1_502' title='bbox 2692 2680 2760 2732; x_wconf 83' lang='grc' dir='ltr'><strong>ἐκ</strong></span> <span class='ocrx_word' id='word_1_503' title='bbox 2799 2677 2909 2745; x_wconf 83' lang='grc' dir='ltr'>τῆς</span> <span class='ocrx_word' id='word_1_504' title='bbox 2936 2677 3151 2740; x_wconf 81' lang='grc' dir='ltr'>οὐσίας</span> <span class='ocrx_word' id='word_1_505' title='bbox 3174 2675 3282 2729; x_wconf 85' lang='grc' dir='ltr'><strong>τοῦ</strong></span> <span class='ocrx_word' id='word_1_506' title='bbox 3318 2675 3470 2728; x_wconf 85' lang='grc' dir='ltr'>Θεοῦ</span> <span class='ocrx_word' id='word_1_507' title='bbox 3537 2670 3677 2727; x_wconf 75' lang='grc' dir='ltr'>εἶναι</span> <span class='ocrx_word' id='word_1_508' title='bbox 3710 2673 3797 2725; x_wconf 80' lang='grc' dir='ltr'><strong>τὸν</strong></span> 
     </span>
    </p>
   </div>
   <div class='ocr_carea' id='block_1_65' title="bbox 2220 2766 3796 2840">
    <p class='ocr_par' dir='ltr' id='par_1_65' title="bbox 2220 2766 3796 2840">
     <span class='ocr_line' id='line_1_65' title="bbox 2220 2766 3796 2840; baseline -0.006 -14"><span class='ocrx_word' id='word_1_509' title='bbox 2220 2773 2423 2840; x_wconf 87' lang='grc' dir='ltr'>Λόγον·</span> <span class='ocrx_word' id='word_1_510' title='bbox 2485 2774 2606 2825; x_wconf 72' lang='grc' dir='ltr'><strong>ἐπεὶ</strong></span> <span class='ocrx_word' id='word_1_511' title='bbox 2650 2771 2857 2835; x_wconf 78' lang='grc' dir='ltr'>καὶτὸ,</span> <span class='ocrx_word' id='word_1_512' title='bbox 2920 2772 3097 2834; x_wconf 85' lang='grc' dir='ltr'>Θεὸς,</span> <span class='ocrx_word' id='word_1_513' title='bbox 3136 2768 3280 2820; x_wconf 83' lang='grc' dir='ltr'>καθὰ</span> <span class='ocrx_word' id='word_1_514' title='bbox 3321 2772 3610 2840; x_wconf 78' lang='grc' dir='ltr'>προεῖπον,</span> <span class='ocrx_word' id='word_1_515' title='bbox 3649 2766 3796 2820; x_wconf 66' lang='grc' dir='ltr'>οὐδὲν</span> 
     </span>
    </p>
   </div>
   <div class='ocr_carea' id='block_1_66' title="bbox 2220 2858 3797 2933">
    <p class='ocr_par' dir='ltr' id='par_1_66' title="bbox 2220 2858 3797 2933">
     <span class='ocr_line' id='line_1_66' title="bbox 2220 2858 3797 2933; baseline -0.004 -17"><span class='ocrx_word' id='word_1_516' title='bbox 2220 2864 2405 2933; x_wconf 66' lang='grc' dir='ltr'><strong>1ἕτερον</strong></span> <span class='ocrx_word' id='word_1_517' title='bbox 2446 2862 2604 2933; x_wconf 78' lang='grc' dir='ltr'><strong>ἢτὴν</strong></span> <span class='ocrx_word' id='word_1_518' title='bbox 2646 2862 2832 2913; x_wconf 81' lang='grc' dir='ltr'>οὐσίαν</span> <span class='ocrx_word' id='word_1_519' title='bbox 2867 2860 3031 2913; x_wconf 77' lang='grc' dir='ltr'>αὑτοῦ</span> <span class='ocrx_word' id='word_1_520' title='bbox 3066 2860 3158 2913; x_wconf 92' lang='grc' dir='ltr'>τοῦ</span> <span class='ocrx_word' id='word_1_521' title='bbox 3209 2860 3361 2923; x_wconf 76' lang='grc' dir='ltr'>ὄντος</span> <span class='ocrx_word' id='word_1_522' title='bbox 3403 2860 3686 2930; x_wconf 76' lang='grc' dir='ltr'>σημαίνει.</span> <span class='ocrx_word' id='word_1_523' title='bbox 3735 2858 3797 2911; x_wconf 68' lang='lat' dir='ltr'><strong>Ei</strong></span> 
     </span>
    </p>
   </div>
   <div class='ocr_carea' id='block_1_67' title="bbox 2224 2948 3796 3025">
    <p class='ocr_par' dir='ltr' id='par_1_67' title="bbox 2224 2948 3796 3025">
     <span class='ocr_line' id='line_1_67' title="bbox 2224 2948 3796 3025; baseline -0.003 -20"><span class='ocrx_word' id='word_1_524' title='bbox 2224 2953 2324 3025; x_wconf 79' lang='grc' dir='ltr'><strong>μὲν</strong></span> <span class='ocrx_word' id='word_1_525' title='bbox 2355 2950 2448 3007; x_wconf 79' lang='grc' dir='ltr'>οὖν</span> <span class='ocrx_word' id='word_1_526' title='bbox 2479 2954 2551 3024; x_wconf 84' lang='grc' dir='ltr'>μὴ</span> <span class='ocrx_word' id='word_1_527' title='bbox 2595 2955 2657 3005; x_wconf 79' lang='grc' dir='ltr'><strong>ὲκ</strong></span> <span class='ocrx_word' id='word_1_528' title='bbox 2690 2952 2784 3005; x_wconf 90' lang='grc' dir='ltr'>τοῦ</span> <span class='ocrx_word' id='word_1_529' title='bbox 2822 2951 2955 3005; x_wconf 88' lang='grc' dir='ltr'>Θεοῦ</span> <span class='ocrx_word' id='word_1_530' title='bbox 2992 2953 3137 3004; x_wconf 85' lang='grc' dir='ltr'>ὲστιν</span> <span class='ocrx_word' id='word_1_531' title='bbox 3166 2953 3194 3004; x_wconf 87' lang='grc' dir='ltr'>ὁ</span> <span class='ocrx_word' id='word_1_532' title='bbox 3234 2952 3426 3019; x_wconf 87' lang='grc' dir='ltr'>Λόγος,</span> <span class='ocrx_word' id='word_1_533' title='bbox 3462 2951 3539 3014; x_wconf 85' lang='grc' dir='ltr'>ὡς</span> <span class='ocrx_word' id='word_1_534' title='bbox 3576 2950 3643 3003; x_wconf 85' lang='grc' dir='ltr'><strong>ἂν</strong></span> <span class='ocrx_word' id='word_1_535' title='bbox 3674 2948 3796 3011; x_wconf 76' lang='grc' dir='ltr'>Υἱὸς</span> 
     </span>
    </p>
   </div>
   <div class='ocr_carea' id='block_1_68' title="bbox 2223 3040 3797 3116">
    <p class='ocr_par' dir='ltr' id='par_1_68' title="bbox 2223 3040 3797 3116">
     <span class='ocr_line' id='line_1_68' title="bbox 2223 3040 3797 3116; baseline -0.003 -18"><span class='ocrx_word' id='word_1_536' title='bbox 2223 3046 2307 3116; x_wconf 74' lang='grc' dir='ltr'>εἴη</span> <span class='ocrx_word' id='word_1_537' title='bbox 2328 3046 2487 3114; x_wconf 74' lang='grc' dir='ltr'>φύσει</span> <span class='ocrx_word' id='word_1_538' title='bbox 2504 3046 2723 3116; x_wconf 80' lang='grc' dir='ltr'>γνήσιος</span> <span class='ocrx_word' id='word_1_539' title='bbox 2755 3046 2818 3097; x_wconf 86' lang='grc' dir='ltr'><strong>ὲκ</strong></span> <span class='ocrx_word' id='word_1_540' title='bbox 2834 3043 3067 3115; x_wconf 86' lang='grc' dir='ltr'>Πατρὸς,</span> <span class='ocrx_word' id='word_1_541' title='bbox 3100 3043 3213 3097; x_wconf 81' lang='grc' dir='ltr'>ἀλλ’</span> <span class='ocrx_word' id='word_1_542' title='bbox 3240 3044 3314 3107; x_wconf 83' lang='grc' dir='ltr'>ὼς</span> <span class='ocrx_word' id='word_1_543' title='bbox 3330 3043 3399 3096; x_wconf 80' lang='grc' dir='ltr'>τὰ</span> <span class='ocrx_word' id='word_1_544' title='bbox 3420 3042 3697 3112; x_wconf 84' lang='grc' dir='ltr'>κτίσματα</span> <span class='ocrx_word' id='word_1_545' title='bbox 3712 3040 3797 3094; x_wconf 77' lang='grc' dir='ltr'><strong>διὰ</strong></span> 
     </span>
    </p>
   </div>
   <div class='ocr_carea' id='block_1_69' title="bbox 2222 3132 3796 3207">
    <p class='ocr_par' dir='ltr' id='par_1_69' title="bbox 2222 3132 3796 3207">
     <span class='ocr_line' id='line_1_69' title="bbox 2222 3132 3796 3207; baseline -0.002 -19"><span class='ocrx_word' id='word_1_546' title='bbox 2222 3136 2283 3189; x_wconf 82' lang='grc' dir='ltr'>τὸ</span> <span class='ocrx_word' id='word_1_547' title='bbox 2310 3135 2799 3207; x_wconf 81' lang='grc' dir='ltr'>δεδημιουργῆσθαι</span> <span class='ocrx_word' id='word_1_548' title='bbox 2820 3176 2833 3198; x_wconf 92' lang='grc'>,</span> <span class='ocrx_word' id='word_1_549' title='bbox 2862 3134 3079 3201; x_wconf 86' lang='grc' dir='ltr'>λέγεται</span> <span class='ocrx_word' id='word_1_550' title='bbox 3102 3134 3198 3187; x_wconf 75' lang='grc' dir='ltr'><strong>καὶ</strong></span> <span class='ocrx_word' id='word_1_551' title='bbox 3224 3134 3384 3197; x_wconf 79' lang='grc' dir='ltr'>αὐτὸς</span> <span class='ocrx_word' id='word_1_552' title='bbox 3403 3133 3481 3196; x_wconf 82' lang='grc' dir='ltr'>ὡς</span> <span class='ocrx_word' id='word_1_553' title='bbox 3510 3133 3582 3184; x_wconf 73' lang='grc' dir='ltr'>τὰ</span> <span class='ocrx_word' id='word_1_554' title='bbox 3618 3132 3796 3185; x_wconf 78' lang='grc' dir='ltr'>πάντα</span> 
     </span>
    </p>
   </div>
   <div class='ocr_carea' id='block_1_70' title="bbox 2228 3222 3825 3298">
    <p class='ocr_par' dir='ltr' id='par_1_70' title="bbox 2228 3222 3825 3298">
     <span class='ocr_line' id='line_1_70' title="bbox 2228 3222 3825 3298; baseline -0.002 -18"><span class='ocrx_word' id='word_1_555' title='bbox 2228 3230 2293 3281; x_wconf 83' lang='grc' dir='ltr'><strong>ὲκ</strong></span> <span class='ocrx_word' id='word_1_556' title='bbox 2336 3227 2428 3280; x_wconf 91' lang='grc' dir='ltr'><strong>τοῦ</strong></span> <span class='ocrx_word' id='word_1_557' title='bbox 2472 3226 2636 3280; x_wconf 89' lang='grc' dir='ltr'>Θεοῦ·</span> <span class='ocrx_word' id='word_1_558' title='bbox 2679 3227 2799 3280; x_wconf 72' lang='grc' dir='ltr'>οὔτε</span> <span class='ocrx_word' id='word_1_559' title='bbox 2835 3228 2898 3279; x_wconf 79' lang='grc' dir='ltr'><strong>ἐκ</strong></span> <span class='ocrx_word' id='word_1_560' title='bbox 2928 3226 3026 3298; x_wconf 79' lang='grc' dir='ltr'>τῆς</span> <span class='ocrx_word' id='word_1_561' title='bbox 3060 3226 3247 3289; x_wconf 83' lang='grc' dir='ltr'>οὐσίας</span> <span class='ocrx_word' id='word_1_562' title='bbox 3287 3224 3408 3277; x_wconf 74' lang='grc' dir='ltr'>ἐστὶ</span> <span class='ocrx_word' id='word_1_563' title='bbox 3434 3224 3531 3277; x_wconf 87' lang='grc' dir='ltr'>τοῦ</span> <span class='ocrx_word' id='word_1_564' title='bbox 3563 3222 3795 3294; x_wconf 81' lang='grc' dir='ltr'>Πατρὸς,</span> <span class='ocrx_word' id='word_1_565' title='bbox 3824 3282 3825 3295; x_wconf 18' lang='grc' dir='ltr'><strong>γ</strong></span> 
     </span>
    </p>
   </div>
   <div class='ocr_carea' id='block_1_71' title="bbox 2224 3314 3825 3383">
    <p class='ocr_par' dir='ltr' id='par_1_71' title="bbox 2224 3314 3825 3383">
     <span class='ocr_line' id='line_1_71' title="bbox 2224 3314 3825 3383; baseline -0.004 -11"><span class='ocrx_word' id='word_1_566' title='bbox 2224 3318 2346 3372; x_wconf 80' lang='grc' dir='ltr'>οῦτε</span> <span class='ocrx_word' id='word_1_567' title='bbox 2377 3320 2538 3383; x_wconf 79' lang='grc' dir='ltr'>αὐτὸς</span> <span class='ocrx_word' id='word_1_568' title='bbox 2575 3322 2602 3373; x_wconf 88' lang='grc' dir='ltr'>ὁ</span> <span class='ocrx_word' id='word_1_569' title='bbox 2635 3319 2782 3382; x_wconf 80' lang='grc' dir='ltr'>Υἱὸς,</span> <span class='ocrx_word' id='word_1_570' title='bbox 2824 3320 2939 3372; x_wconf 85' lang='grc' dir='ltr'><strong>κατ’</strong></span> <span class='ocrx_word' id='word_1_571' title='bbox 2970 3317 3159 3371; x_wconf 83' lang='grc' dir='ltr'>οὐσίαν</span> <span class='ocrx_word' id='word_1_572' title='bbox 3202 3317 3351 3369; x_wconf 75' lang='grc' dir='ltr'>ἐστὶν</span> <span class='ocrx_word' id='word_1_573' title='bbox 3384 3316 3512 3379; x_wconf 83' lang='grc' dir='ltr'>Υἱὸς</span> <span class='ocrx_word' id='word_1_574' title='bbox 3535 3358 3549 3376; x_wconf 86' lang='grc'>,</span> <span class='ocrx_word' id='word_1_575' title='bbox 3584 3315 3698 3368; x_wconf 76' lang='grc' dir='ltr'>ἀλλ’</span> <span class='ocrx_word' id='word_1_576' title='bbox 3740 3314 3825 3379; x_wconf 67' lang='grc' dir='ltr'><strong>ἐξ</strong></span> 
     </span>
    </p>
   </div>
   <div class='ocr_carea' id='block_1_72' title="bbox 2223 3394 3799 3487">
    <p class='ocr_par' dir='ltr' id='par_1_72' title="bbox 2223 3394 3799 3487">
     <span class='ocr_line' id='line_1_72' title="bbox 2223 3394 3799 3487; baseline -0.003 -24"><span class='ocrx_word' id='word_1_577' title='bbox 2223 3410 2444 3487; x_wconf 77' lang='grc' dir='ltr'>ᾁρετῆς,</span> <span class='ocrx_word' id='word_1_578' title='bbox 2472 3410 2547 3471; x_wconf 83' lang='grc' dir='ltr'>ὡς</span> <span class='ocrx_word' id='word_1_579' title='bbox 2579 3412 2740 3480; x_wconf 83' lang='grc' dir='ltr'>ἡμεῖς</span> <span class='ocrx_word' id='word_1_580' title='bbox 2764 3412 2811 3483; x_wconf 77' lang='grc' dir='ltr'>οἱ</span> <span class='ocrx_word' id='word_1_581' title='bbox 2854 3409 2996 3462; x_wconf 77' lang='grc' dir='ltr'>κατὰ</span> <span class='ocrx_word' id='word_1_582' title='bbox 3034 3406 3199 3479; x_wconf 58' lang='grc' dir='ltr'>χάριν</span> <span class='ocrx_word' id='word_1_583' title='bbox 3220 3407 3547 3477; x_wconf 87' lang='grc' dir='ltr'>καλούμενοι</span> <span class='ocrx_word' id='word_1_584' title='bbox 3577 3394 3711 3477; x_wconf 48' lang='lat' dir='ltr'><strong>etot:</strong></span> <span class='ocrx_word' id='word_1_585' title='bbox 3734 3407 3799 3459; x_wconf 74' lang='lat' dir='ltr'><strong>Et</strong></span> 
     </span>
    </p>
   </div>
   <div class='ocr_carea' id='block_1_73' title="bbox 2223 3488 3800 3571">
    <p class='ocr_par' dir='ltr' id='par_1_73' title="bbox 2223 3488 3800 3571">
     <span class='ocr_line' id='line_1_73' title="bbox 2223 3488 3800 3571; baseline -0.003 -17"><span class='ocrx_word' id='word_1_586' title='bbox 2223 3501 2280 3553; x_wconf 87' lang='grc' dir='ltr'>δὲ</span> <span class='ocrx_word' id='word_1_587' title='bbox 2304 3504 2367 3554; x_wconf 85' lang='grc' dir='ltr'>ὲκ</span> <span class='ocrx_word' id='word_1_588' title='bbox 2390 3500 2481 3554; x_wconf 90' lang='grc' dir='ltr'>τοῦ</span> <span class='ocrx_word' id='word_1_589' title='bbox 2502 3500 2635 3554; x_wconf 91' lang='grc' dir='ltr'>Θεοῦ</span> <span class='ocrx_word' id='word_1_590' title='bbox 2660 3502 2776 3553; x_wconf 79' lang='grc' dir='ltr'>ἐστι</span> <span class='ocrx_word' id='word_1_591' title='bbox 2801 3488 2977 3571; x_wconf 80' lang='grc' dir='ltr'>μόνος,</span> <span class='ocrx_word' id='word_1_592' title='bbox 3006 3490 3080 3564; x_wconf 83' lang='grc' dir='ltr'>ὡς</span> <span class='ocrx_word' id='word_1_593' title='bbox 3107 3499 3235 3562; x_wconf 76' lang='grc' dir='ltr'>Υίὸς</span> <span class='ocrx_word' id='word_1_594' title='bbox 3256 3499 3476 3569; x_wconf 85' lang='grc' dir='ltr'>γνήσιος</span> <span class='ocrx_word' id='word_1_595' title='bbox 3490 3498 3590 3568; x_wconf 84' lang='grc'><strong>(6),</strong></span> <span class='ocrx_word' id='word_1_596' title='bbox 3612 3498 3800 3568; x_wconf 77' lang='grc' dir='ltr'>ὥσπερ</span> 
     </span>
    </p>
   </div>
   <div class='ocr_carea' id='block_1_74' title="bbox 2224 3587 3799 3662">
    <p class='ocr_par' dir='ltr' id='par_1_74' title="bbox 2224 3587 3799 3662">
     <span class='ocr_line' id='line_1_74' title="bbox 2224 3587 3799 3662; baseline -0.002 -18"><span class='ocrx_word' id='word_1_597' title='bbox 2224 3587 2317 3645; x_wconf 85' lang='grc' dir='ltr'>οῦν</span> <span class='ocrx_word' id='word_1_598' title='bbox 2348 3592 2443 3646; x_wconf 73' lang='grc' dir='ltr'><strong>καὶ</strong></span> <span class='ocrx_word' id='word_1_599' title='bbox 2484 3592 2619 3653; x_wconf 80' lang='grc' dir='ltr'>ἔστι,</span> <span class='ocrx_word' id='word_1_600' title='bbox 2650 3592 2866 3662; x_wconf 83' lang='grc' dir='ltr'>λεχθείη</span> <span class='ocrx_word' id='word_1_601' title='bbox 2902 3591 2968 3644; x_wconf 85' lang='grc' dir='ltr'><strong>ἂν</strong></span> <span class='ocrx_word' id='word_1_602' title='bbox 3001 3590 3224 3653; x_wconf 74' lang='grc' dir='ltr'>εἰκότως</span> <span class='ocrx_word' id='word_1_603' title='bbox 3253 3589 3349 3644; x_wconf 72' lang='grc' dir='ltr'><strong>καὶ</strong></span> <span class='ocrx_word' id='word_1_604' title='bbox 3379 3591 3444 3642; x_wconf 79' lang='grc' dir='ltr'><strong>ἐκ</strong></span> <span class='ocrx_word' id='word_1_605' title='bbox 3486 3590 3583 3659; x_wconf 83' lang='grc' dir='ltr'>τῆς</span> <span class='ocrx_word' id='word_1_606' title='bbox 3612 3588 3799 3650; x_wconf 79' lang='grc' dir='ltr'>οὐσίας</span> 
     </span>
    </p>
   </div>
   <div class='ocr_carea' id='block_1_75' title="bbox 2223 3682 2711 3747">
    <p class='ocr_par' dir='ltr' id='par_1_75' title="bbox 2223 3682 2711 3747">
     <span class='ocr_line' id='line_1_75' title="bbox 2223 3682 2711 3747; baseline 0 -12"><span class='ocrx_word' id='word_1_607' title='bbox 2223 3682 2318 3736; x_wconf 90' lang='grc' dir='ltr'>τοῦ</span> <span class='ocrx_word' id='word_1_608' title='bbox 2348 3682 2483 3736; x_wconf 88' lang='grc' dir='ltr'>Θεοῦ</span> <span class='ocrx_word' id='word_1_609' title='bbox 2510 3686 2538 3737; x_wconf 89' lang='grc' dir='ltr'><strong>ό</strong></span> <span class='ocrx_word' id='word_1_610' title='bbox 2566 3684 2711 3747; x_wconf 78' lang='grc' dir='ltr'>Υἱός.</span> 
     </span>
    </p>
   </div>
   <div class='ocr_carea' id='block_1_76' title="bbox 548 3769 3801 3849">
    <p class='ocr_par' dir='ltr' id='par_1_76' title="bbox 548 3769 3801 3849">
     <span class='ocr_line' id='line_1_76' title="bbox 548 3769 3801 3849; baseline -0.002 -17"><span class='ocrx_word' id='word_1_611' title='bbox 548 3778 644 3834; x_wconf 87' lang='lat' dir='ltr'><strong>Sin</strong></span> <span class='ocrx_word' id='word_1_612' title='bbox 672 3787 849 3832; x_wconf 83' lang='lat' dir='ltr'><strong>autem</strong></span> <span class='ocrx_word' id='word_1_613' title='bbox 876 3776 1020 3831; x_wconf 87' lang='lat' dir='ltr'><strong>solus</strong></span> <span class='ocrx_word' id='word_1_614' title='bbox 1047 3791 1113 3830; x_wconf 79' lang='lat' dir='ltr'><strong>ex</strong></span> <span class='ocrx_word' id='word_1_615' title='bbox 1153 3776 1261 3831; x_wconf 91' lang='lat' dir='ltr'><strong>Deo</strong></span> <span class='ocrx_word' id='word_1_616' title='bbox 1303 3785 1407 3841; x_wconf 91' lang='lat' dir='ltr'><strong>est,</strong></span> <span class='ocrx_word' id='word_1_617' title='bbox 1477 3784 1730 3845; x_wconf 87' lang='lat' dir='ltr'><strong>tanquam</strong></span> <span class='ocrx_word' id='word_1_618' title='bbox 1800 3789 1961 3830; x_wconf 90' lang='lat' dir='ltr'><strong>verus</strong></span> <span class='ocrx_word' id='word_1_619' title='bbox 2003 3774 2190 3844; x_wconf 88' lang='lat' dir='ltr'><strong>Filius,</strong></span> <span class='ocrx_word' id='word_1_620' title='bbox 2229 3779 2308 3835; x_wconf 92' lang='lat' dir='ltr'><strong>uti</strong></span> <span class='ocrx_word' id='word_1_621' title='bbox 2346 3794 2535 3835; x_wconf 87' lang='lat' dir='ltr'><strong>revera</strong></span> <span class='ocrx_word' id='word_1_622' title='bbox 2584 3789 2666 3835; x_wconf 91' lang='lat' dir='ltr'><strong>est</strong></span> <span class='ocrx_word' id='word_1_623' title='bbox 2690 3792 2706 3833; x_wconf 92' lang='lat'><strong>:</strong></span> <span class='ocrx_word' id='word_1_624' title='bbox 2734 3779 2857 3849; x_wconf 86' lang='lat' dir='ltr'><strong>jure</strong></span> <span class='ocrx_word' id='word_1_625' title='bbox 2906 3790 2970 3831; x_wconf 83' lang='lat' dir='ltr'><strong>ac</strong></span> <span class='ocrx_word' id='word_1_626' title='bbox 3021 3776 3215 3831; x_wconf 89' lang='lat' dir='ltr'><strong>merito</strong></span> <span class='ocrx_word' id='word_1_627' title='bbox 3244 3789 3312 3831; x_wconf 80' lang='lat' dir='ltr'><strong>ex</strong></span> <span class='ocrx_word' id='word_1_628' title='bbox 3357 3773 3667 3831; x_wconf 80' lang='lat' dir='ltr'><strong>substantia</strong></span> <span class='ocrx_word' id='word_1_629' title='bbox 3705 3769 3801 3826; x_wconf 76' lang='lat' dir='ltr'><strong>Dei</strong></span> 
     </span>
    </p>
   </div>
   <div class='ocr_carea' id='block_1_77' title="bbox 547 3872 1131 3927">
    <p class='ocr_par' dir='ltr' id='par_1_77' title="bbox 547 3872 1131 3927">
     <span class='ocr_line' id='line_1_77' title="bbox 547 3872 1131 3927; baseline -0.005 0"><span class='ocrx_word' id='word_1_630' title='bbox 547 3872 719 3927; x_wconf 89' lang='lat' dir='ltr'><strong>Filius</strong></span> <span class='ocrx_word' id='word_1_631' title='bbox 741 3872 999 3926; x_wconf 87' lang='lat' dir='ltr'><strong>dicendus</strong></span> <span class='ocrx_word' id='word_1_632' title='bbox 1028 3881 1131 3925; x_wconf 92' lang='lat' dir='ltr'><strong>est.</strong></span> 
     </span>
    </p>
   </div>
   <div class='ocr_carea' id='block_1_78' title="bbox 617 3963 2120 4034">
    <p class='ocr_par' dir='ltr' id='par_1_78' title="bbox 617 3963 2120 4034">
     <span class='ocr_line' id='line_1_78' title="bbox 617 3963 2120 4034; baseline -0.002 -12"><span class='ocrx_word' id='word_1_633' title='bbox 617 3966 710 4022; x_wconf 72' lang='lat'><strong>25.</strong></span> <span class='ocrx_word' id='word_1_634' title='bbox 741 3965 903 4020; x_wconf 87' lang='lat' dir='ltr'><strong>Certe</strong></span> <span class='ocrx_word' id='word_1_635' title='bbox 934 3980 1045 4019; x_wconf 89' lang='lat' dir='ltr'><strong>rem</strong></span> <span class='ocrx_word' id='word_1_636' title='bbox 1097 3966 1170 4019; x_wconf 90' lang='lat' dir='ltr'><strong>ita</strong></span> <span class='ocrx_word' id='word_1_637' title='bbox 1227 3980 1287 4021; x_wconf 90' lang='lat' dir='ltr'><strong>se</strong></span> <span class='ocrx_word' id='word_1_638' title='bbox 1343 3963 1542 4020; x_wconf 88' lang='lat' dir='ltr'><strong>habere</strong></span> <span class='ocrx_word' id='word_1_639' title='bbox 1594 3972 1741 4034; x_wconf 86' lang='lat' dir='ltr'><strong>patet</strong></span> <span class='ocrx_word' id='word_1_640' title='bbox 1780 3978 1846 4018; x_wconf 83' lang='lat' dir='ltr'><strong>ex</strong></span> <span class='ocrx_word' id='word_1_641' title='bbox 1876 3965 2120 4034; x_wconf 79' lang='lat' dir='ltr'><strong>exemplo</strong></span> 
     </span>
    </p>
   </div>
   <div class='ocr_carea' id='block_1_79' title="bbox 551 4054 2121 4127">
    <p class='ocr_par' dir='ltr' id='par_1_79' title="bbox 551 4054 2121 4127">
     <span class='ocr_line' id='line_1_79' title="bbox 551 4054 2121 4127; baseline -0.003 -15"><span class='ocrx_word' id='word_1_642' title='bbox 551 4057 687 4112; x_wconf 90' lang='lat' dir='ltr'><strong>lucis</strong></span> <span class='ocrx_word' id='word_1_643' title='bbox 725 4067 780 4111; x_wconf 90' lang='lat' dir='ltr'><strong>et</strong></span> <span class='ocrx_word' id='word_1_644' title='bbox 808 4055 1130 4127; x_wconf 88' lang='lat' dir='ltr'><strong>splendoris.</strong></span> <span class='ocrx_word' id='word_1_645' title='bbox 1188 4056 1305 4111; x_wconf 84' lang='lat' dir='ltr'><strong>Non</strong></span> <span class='ocrx_word' id='word_1_646' title='bbox 1361 4057 1504 4111; x_wconf 91' lang='lat' dir='ltr'><strong>enim</strong></span> <span class='ocrx_word' id='word_1_647' title='bbox 1548 4055 1721 4109; x_wconf 86' lang='lat' dir='ltr'><strong>instar</strong></span> <span class='ocrx_word' id='word_1_648' title='bbox 1752 4054 1912 4125; x_wconf 87' lang='lat' dir='ltr'><strong>ignis,</strong></span> <span class='ocrx_word' id='word_1_649' title='bbox 1937 4054 2028 4123; x_wconf 89' lang='lat' dir='ltr'><strong>qui</strong></span> <span class='ocrx_word' id='word_1_650' title='bbox 2053 4069 2121 4109; x_wconf 83' lang='lat' dir='ltr'><strong>ex</strong></span> 
     </span>
    </p>
   </div>
   <div class='ocr_carea' id='block_1_80' title="bbox 2294 3946 3801 4030">
    <p class='ocr_par' dir='ltr' id='par_1_80' title="bbox 2294 3946 3801 4030">
     <span class='ocr_line' id='line_1_80' title="bbox 2294 3946 3801 4030; baseline -0.011 -13"><span class='ocrx_word' id='word_1_651' title='bbox 2294 3964 2386 4018; x_wconf 74' lang='lat'><strong>25.</strong></span> <span class='ocrx_word' id='word_1_652' title='bbox 2417 3960 2527 4015; x_wconf 71' lang='grc' dir='ltr'><strong>Καὶ</strong></span> <span class='ocrx_word' id='word_1_653' title='bbox 2553 3959 2661 4030; x_wconf 79' lang='grc' dir='ltr'>γὰρ</span> <span class='ocrx_word' id='word_1_654' title='bbox 2690 3960 2786 4012; x_wconf 70' lang='grc' dir='ltr'>καὶ</span> <span class='ocrx_word' id='word_1_655' title='bbox 2804 3957 2865 4009; x_wconf 82' lang='grc' dir='ltr'>τὸ</span> <span class='ocrx_word' id='word_1_656' title='bbox 2891 3954 3238 4025; x_wconf 82' lang='grc' dir='ltr'>παράδειγμα</span> <span class='ocrx_word' id='word_1_657' title='bbox 3261 3952 3357 4006; x_wconf 81' lang='grc' dir='ltr'>τοῦ</span> <span class='ocrx_word' id='word_1_658' title='bbox 3387 3949 3567 4020; x_wconf 73' lang='grc' dir='ltr'>φωτὸς</span> <span class='ocrx_word' id='word_1_659' title='bbox 3587 3948 3677 4003; x_wconf 72' lang='grc' dir='ltr'><strong>καὶ</strong></span> <span class='ocrx_word' id='word_1_660' title='bbox 3705 3946 3801 4000; x_wconf 89' lang='grc' dir='ltr'>τοῦ</span> 
     </span>
    </p>
   </div>
   <div class='ocr_carea' id='block_1_81' title="bbox 2227 4035 3802 4122">
    <p class='ocr_par' dir='ltr' id='par_1_81' title="bbox 2227 4035 3802 4122">
     <span class='ocr_line' id='line_1_81' title="bbox 2227 4035 3802 4122; baseline -0.013 -12"><span class='ocrx_word' id='word_1_661' title='bbox 2227 4054 2677 4122; x_wconf 82' lang='grc' dir='ltr'>ἀπαυγάσματος,</span> <span class='ocrx_word' id='word_1_662' title='bbox 2710 4046 2947 4101; x_wconf 87' lang='grc' dir='ltr'>τοιοῦτον</span> <span class='ocrx_word' id='word_1_663' title='bbox 2975 4044 3201 4115; x_wconf 74' lang='grc' dir='ltr'>ἔχειτὸν</span> <span class='ocrx_word' id='word_1_664' title='bbox 3237 4042 3384 4097; x_wconf 91' lang='grc' dir='ltr'>νοῦν.</span> <span class='ocrx_word' id='word_1_665' title='bbox 3416 4042 3494 4095; x_wconf 81' lang='grc' dir='ltr'><strong>Οὐ</strong></span> <span class='ocrx_word' id='word_1_666' title='bbox 3524 4040 3632 4109; x_wconf 75' lang='grc' dir='ltr'><strong>γὰρ</strong></span> <span class='ocrx_word' id='word_1_667' title='bbox 3659 4035 3802 4091; x_wconf 76' lang='grc' dir='ltr'>κατὰ</span> 
     </span>
    </p>
   </div>
   <div class='ocr_carea' id='block_1_82' title="bbox 549 4130 2120 4216">
    <p class='ocr_par' dir='ltr' id='par_1_82' title="bbox 549 4146 2111 4216">
     <span class='ocr_line' id='line_1_82' title="bbox 549 4146 2111 4216; baseline -0.004 -12"><span class='ocrx_word' id='word_1_668' title='bbox 549 4149 733 4204; x_wconf 83' lang='lat' dir='ltr'><strong>calore</strong></span> <span class='ocrx_word' id='word_1_669' title='bbox 779 4148 911 4203; x_wconf 78' lang='lat' dir='ltr'><strong>solis</strong></span> <span class='ocrx_word' id='word_1_670' title='bbox 957 4148 1272 4202; x_wconf 87' lang='lat' dir='ltr'><strong>accenditur</strong></span> <span class='ocrx_word' id='word_1_671' title='bbox 1325 4160 1390 4200; x_wconf 91' lang='lat' dir='ltr'><strong>ac</strong></span> <span class='ocrx_word' id='word_1_672' title='bbox 1439 4156 1622 4214; x_wconf 89' lang='lat' dir='ltr'><strong>postea</strong></span> <span class='ocrx_word' id='word_1_673' title='bbox 1647 4146 1784 4200; x_wconf 86' lang='lat' dir='ltr'><strong>solet</strong></span> <span class='ocrx_word' id='word_1_674' title='bbox 1819 4146 2111 4216; x_wconf 82' lang='lat' dir='ltr'><strong>exstingui,</strong></span> 
     </span>
    </p>
   </div>
   <div class='ocr_carea' id='block_1_83' title="bbox 2224 4130 3799 4216">
    <p class='ocr_par' dir='ltr' id='par_1_83' title="bbox 2224 4130 3799 4211">
     <span class='ocr_line' id='line_1_83' title="bbox 2224 4130 3799 4211; baseline -0.013 -13"><span class='ocrx_word' id='word_1_675' title='bbox 2224 4146 2277 4198; x_wconf 82' lang='grc' dir='ltr'>τὸ</span> <span class='ocrx_word' id='word_1_676' title='bbox 2312 4141 2679 4211; x_wconf 78' lang='grc' dir='ltr'>ὲξαπτὰμενον</span> <span class='ocrx_word' id='word_1_677' title='bbox 2714 4141 2777 4190; x_wconf 83' lang='grc' dir='ltr'><strong>ὲκ</strong></span> <span class='ocrx_word' id='word_1_678' title='bbox 2810 4138 2906 4207; x_wconf 82' lang='grc' dir='ltr'>τῆς</span> <span class='ocrx_word' id='word_1_679' title='bbox 2947 4135 3155 4206; x_wconf 87' lang='grc' dir='ltr'>θέρμης</span> <span class='ocrx_word' id='word_1_680' title='bbox 3186 4133 3281 4187; x_wconf 87' lang='grc' dir='ltr'>τοῦ</span> <span class='ocrx_word' id='word_1_681' title='bbox 3313 4132 3466 4204; x_wconf 85' lang='grc' dir='ltr'>ἡλίου</span> <span class='ocrx_word' id='word_1_682' title='bbox 3504 4130 3631 4201; x_wconf 84' lang='grc' dir='ltr'>πῦρ,</span> <span class='ocrx_word' id='word_1_683' title='bbox 3662 4130 3799 4198; x_wconf 71' lang='grc' dir='ltr'>ὅπερ</span> 
     </span>
    </p>
   </div>
   <div class='ocr_carea' id='block_1_84' title="bbox 549 4239 2123 4296">
    <p class='ocr_par' dir='ltr' id='par_1_84' title="bbox 549 4239 2123 4296">
     <span class='ocr_line' id='line_1_84' title="bbox 549 4239 2123 4296; baseline -0.001 -5"><span class='ocrx_word' id='word_1_684' title='bbox 549 4241 789 4296; x_wconf 83' lang='lat' dir='ltr'><strong>Verbum</strong></span> <span class='ocrx_word' id='word_1_685' title='bbox 847 4255 905 4296; x_wconf 90' lang='lat' dir='ltr'><strong>se</strong></span> <span class='ocrx_word' id='word_1_686' title='bbox 935 4240 1000 4295; x_wconf 89' lang='lat' dir='ltr'><strong>ad</strong></span> <span class='ocrx_word' id='word_1_687' title='bbox 1048 4241 1215 4295; x_wconf 91' lang='lat' dir='ltr'><strong>Deum</strong></span> <span class='ocrx_word' id='word_1_688' title='bbox 1261 4239 1459 4294; x_wconf 90' lang='lat' dir='ltr'><strong>habere</strong></span> <span class='ocrx_word' id='word_1_689' title='bbox 1488 4240 1659 4293; x_wconf 87' lang='lat' dir='ltr'><strong>sancti</strong></span> <span class='ocrx_word' id='word_1_690' title='bbox 1716 4253 2017 4293; x_wconf 89' lang='lat' dir='ltr'><strong>censuere:</strong></span> <span class='ocrx_word' id='word_1_691' title='bbox 2049 4239 2123 4292; x_wconf 88' lang='lat' dir='ltr'><strong>ita</strong></span> 
     </span>
    </p>
   </div>
   <div class='ocr_carea' id='block_1_85' title="bbox 549 4332 2122 4406">
    <p class='ocr_par' dir='ltr' id='par_1_85' title="bbox 549 4332 2122 4406">
     <span class='ocr_line' id='line_1_85' title="bbox 549 4332 2122 4406; baseline -0.003 -19"><span class='ocrx_word' id='word_1_692' title='bbox 549 4336 752 4406; x_wconf 85' lang='lat' dir='ltr'><strong>quippe</strong></span> <span class='ocrx_word' id='word_1_693' title='bbox 783 4345 1064 4389; x_wconf 80' lang='lat' dir='ltr'><strong>externum</strong></span> <span class='ocrx_word' id='word_1_694' title='bbox 1107 4342 1161 4388; x_wconf 90' lang='lat' dir='ltr'><strong>et</strong></span> <span class='ocrx_word' id='word_1_695' title='bbox 1187 4344 1427 4387; x_wconf 87' lang='lat' dir='ltr'><strong>creatum</strong></span> <span class='ocrx_word' id='word_1_696' title='bbox 1467 4332 1739 4387; x_wconf 78' lang='lat' dir='ltr'><strong>eﬂ‘ectoris</strong></span> <span class='ocrx_word' id='word_1_697' title='bbox 1781 4348 1918 4402; x_wconf 90' lang='lat' dir='ltr'><strong>opus</strong></span> <span class='ocrx_word' id='word_1_698' title='bbox 1960 4341 2122 4385; x_wconf 91' lang='lat' dir='ltr'><strong>esset.</strong></span> 
     </span>
    </p>
   </div>
   <div class='ocr_carea' id='block_1_86' title="bbox 552 4423 2129 4491">
    <p class='ocr_par' dir='ltr' id='par_1_86' title="bbox 552 4423 2129 4491">
     <span class='ocr_line' id='line_1_86' title="bbox 552 4423 2129 4491; baseline -0.005 -10"><span class='ocrx_word' id='word_1_699' title='bbox 552 4428 749 4481; x_wconf 77' lang='lat' dir='ltr'><strong>Verum</strong></span> <span class='ocrx_word' id='word_1_700' title='bbox 796 4424 991 4480; x_wconf 85' lang='lat' dir='ltr'><strong>Filium</strong></span> <span class='ocrx_word' id='word_1_701' title='bbox 1049 4439 1237 4478; x_wconf 89' lang='lat' dir='ltr'><strong>omnes</strong></span> <span class='ocrx_word' id='word_1_702' title='bbox 1282 4423 1622 4491; x_wconf 89' lang='lat' dir='ltr'><strong>splendorem</strong></span> <span class='ocrx_word' id='word_1_703' title='bbox 1674 4437 1795 4478; x_wconf 82' lang='lat' dir='ltr'><strong>esse</strong></span> <span class='ocrx_word' id='word_1_704' title='bbox 1828 4423 2035 4487; x_wconf 73' lang='lat' dir='ltr'><strong>dixere,</strong></span> <span class='ocrx_word' id='word_1_705' title='bbox 2069 4430 2129 4474; x_wconf 93' lang='lat' dir='ltr'><strong>ut</strong></span> 
     </span>
    </p>
   </div>
   <div class='ocr_carea' id='block_1_87' title="bbox 551 4516 2122 4588">
    <p class='ocr_par' dir='ltr' id='par_1_87' title="bbox 551 4516 2122 4588">
     <span class='ocr_line' id='line_1_87' title="bbox 551 4516 2122 4588; baseline -0.004 -15"><span class='ocrx_word' id='word_1_706' title='bbox 551 4535 675 4573; x_wconf 86' lang='lat' dir='ltr'><strong>eum</strong></span> <span class='ocrx_word' id='word_1_707' title='bbox 728 4518 945 4588; x_wconf 89' lang='lat' dir='ltr'><strong>proprie</strong></span> <span class='ocrx_word' id='word_1_708' title='bbox 996 4532 1058 4570; x_wconf 89' lang='lat' dir='ltr'><strong>ac</strong></span> <span class='ocrx_word' id='word_1_709' title='bbox 1096 4516 1215 4572; x_wconf 89' lang='lat' dir='ltr'><strong>sine</strong></span> <span class='ocrx_word' id='word_1_710' title='bbox 1241 4516 1505 4571; x_wconf 87' lang='lat' dir='ltr'><strong>divisione</strong></span> <span class='ocrx_word' id='word_1_711' title='bbox 1552 4531 1617 4570; x_wconf 86' lang='lat' dir='ltr'><strong>ex</strong></span> <span class='ocrx_word' id='word_1_712' title='bbox 1653 4516 1953 4569; x_wconf 88' lang='lat' dir='ltr'><strong>substantia</strong></span> <span class='ocrx_word' id='word_1_713' title='bbox 1982 4526 2122 4576; x_wconf 86' lang='lat' dir='ltr'><strong>esse,</strong></span> 
     </span>
    </p>
   </div>
   <div class='ocr_carea' id='block_1_88' title="bbox 548 4602 2129 4674">
    <p class='ocr_par' dir='ltr' id='par_1_88' title="bbox 548 4602 2129 4674">
     <span class='ocr_line' id='line_1_88' title="bbox 548 4602 2129 4674; baseline -0.003 -15"><span class='ocrx_word' id='word_1_714' title='bbox 548 4604 775 4674; x_wconf 85' lang='lat' dir='ltr'><strong>ejusque</strong></span> <span class='ocrx_word' id='word_1_715' title='bbox 806 4620 927 4659; x_wconf 90' lang='lat' dir='ltr'><strong>cum</strong></span> <span class='ocrx_word' id='word_1_716' title='bbox 973 4602 1136 4659; x_wconf 87' lang='lat' dir='ltr'><strong>Patre</strong></span> <span class='ocrx_word' id='word_1_717' title='bbox 1167 4604 1430 4658; x_wconf 90' lang='lat' dir='ltr'><strong>unitatem</strong></span> <span class='ocrx_word' id='word_1_718' title='bbox 1455 4603 1845 4674; x_wconf 73' lang='lat' dir='ltr'><strong>significarent.</strong></span> <span class='ocrx_word' id='word_1_719' title='bbox 1886 4602 2129 4670; x_wconf 86' lang='lat' dir='ltr'><strong>Namque</strong></span> 
     </span>
    </p>
   </div>
   <div class='ocr_carea' id='block_1_89' title="bbox 553 4690 2130 4767">
    <p class='ocr_par' dir='ltr' id='par_1_89' title="bbox 553 4690 2130 4767">
     <span class='ocr_line' id='line_1_89' title="bbox 553 4690 2130 4767; baseline -0.007 -15"><span class='ocrx_word' id='word_1_720' title='bbox 553 4700 657 4753; x_wconf 92' lang='lat' dir='ltr'><strong>hoc</strong></span> <span class='ocrx_word' id='word_1_721' title='bbox 680 4707 839 4767; x_wconf 90' lang='lat' dir='ltr'><strong>pacto</strong></span> <span class='ocrx_word' id='word_1_722' title='bbox 866 4705 1081 4751; x_wconf 87' lang='lat' dir='ltr'><strong>constat</strong></span> <span class='ocrx_word' id='word_1_723' title='bbox 1112 4709 1237 4749; x_wconf 83' lang='lat' dir='ltr'><strong>vere</strong></span> <span class='ocrx_word' id='word_1_724' title='bbox 1262 4708 1381 4748; x_wconf 91' lang='lat' dir='ltr'><strong>eum</strong></span> <span class='ocrx_word' id='word_1_725' title='bbox 1410 4692 1796 4747; x_wconf 87' lang='lat' dir='ltr'><strong>immutabilem</strong></span> <span class='ocrx_word' id='word_1_726' title='bbox 1825 4690 2130 4745; x_wconf 55' lang='lat' dir='ltr'><strong>varietatis-</strong></span> 
     </span>
    </p>
   </div>
   <div class='ocr_carea' id='block_1_90' title="bbox 551 4782 2129 4859">
    <p class='ocr_par' dir='ltr' id='par_1_90' title="bbox 551 4782 2129 4859">
     <span class='ocr_line' id='line_1_90' title="bbox 551 4782 2129 4859; baseline -0.006 -16"><span class='ocrx_word' id='word_1_727' title='bbox 551 4804 659 4858; x_wconf 84' lang='lat' dir='ltr'><strong>que</strong></span> <span class='ocrx_word' id='word_1_728' title='bbox 682 4798 958 4859; x_wconf 79' lang='lat' dir='ltr'><strong>expertem</strong></span> <span class='ocrx_word' id='word_1_729' title='bbox 986 4803 1129 4842; x_wconf 75' lang='lat' dir='ltr'><strong>esse.</strong></span> <span class='ocrx_word' id='word_1_730' title='bbox 1167 4785 1444 4854; x_wconf 88' lang='lat' dir='ltr'><strong>Quomodo</strong></span> <span class='ocrx_word' id='word_1_731' title='bbox 1469 4786 1613 4838; x_wconf 92' lang='lat' dir='ltr'><strong>enim</strong></span> <span class='ocrx_word' id='word_1_732' title='bbox 1654 4783 1813 4838; x_wconf 90' lang='lat' dir='ltr'><strong>aliter</strong></span> <span class='ocrx_word' id='word_1_733' title='bbox 1856 4782 1977 4836; x_wconf 86' lang='lat' dir='ltr'><strong>talis</strong></span> <span class='ocrx_word' id='word_1_734' title='bbox 2007 4795 2129 4835; x_wconf 90' lang='lat' dir='ltr'><strong>esse</strong></span> 
     </span>
    </p>
   </div>
   <div class='ocr_carea' id='block_1_91' title="bbox 558 4870 2128 4947">
    <p class='ocr_par' dir='ltr' id='par_1_91' title="bbox 558 4870 2128 4947">
     <span class='ocr_line' id='line_1_91' title="bbox 558 4870 2128 4947; baseline -0.006 -14"><span class='ocrx_word' id='word_1_735' title='bbox 558 4887 760 4947; x_wconf 90' lang='lat' dir='ltr'><strong>posset,</strong></span> <span class='ocrx_word' id='word_1_736' title='bbox 808 4880 907 4932; x_wconf 91' lang='lat' dir='ltr'><strong>nisi</strong></span> <span class='ocrx_word' id='word_1_737' title='bbox 942 4878 1120 4933; x_wconf 79' lang='lat' dir='ltr'><strong>Patris</strong></span> <span class='ocrx_word' id='word_1_738' title='bbox 1177 4876 1426 4947; x_wconf 89' lang='lat' dir='ltr'><strong>proprius</strong></span> <span class='ocrx_word' id='word_1_739' title='bbox 1458 4883 1601 4928; x_wconf 88' lang='lat' dir='ltr'><strong>esset</strong></span> <span class='ocrx_word' id='word_1_740' title='bbox 1633 4872 1809 4927; x_wconf 81' lang='lat' dir='ltr'><strong>fetus?</strong></span> <span class='ocrx_word' id='word_1_741' title='bbox 1863 4870 1953 4925; x_wconf 89' lang='lat' dir='ltr'><strong>Sic</strong></span> <span class='ocrx_word' id='word_1_742' title='bbox 1985 4870 2128 4924; x_wconf 90' lang='lat' dir='ltr'><strong>enim</strong></span> 
     </span>
    </p>
   </div>
   <div class='ocr_carea' id='block_1_92' title="bbox 561 4962 2128 5026">
    <p class='ocr_par' dir='ltr' id='par_1_92' title="bbox 561 4962 2128 5026">
     <span class='ocr_line' id='line_1_92' title="bbox 561 4962 2128 5026; baseline -0.006 -1"><span class='ocrx_word' id='word_1_743' title='bbox 561 4985 783 5026; x_wconf 87' lang='lat' dir='ltr'><strong>necesse</strong></span> <span class='ocrx_word' id='word_1_744' title='bbox 835 4980 919 5024; x_wconf 89' lang='lat' dir='ltr'><strong>est</strong></span> <span class='ocrx_word' id='word_1_745' title='bbox 967 4985 1089 5023; x_wconf 92' lang='lat' dir='ltr'><strong>eum</strong></span> <span class='ocrx_word' id='word_1_746' title='bbox 1149 4968 1395 5023; x_wconf 90' lang='lat' dir='ltr'><strong>eamdem</strong></span> <span class='ocrx_word' id='word_1_747' title='bbox 1435 4975 1547 5020; x_wconf 66' lang='lat' dir='ltr'><strong>mm</strong></span> <span class='ocrx_word' id='word_1_748' title='bbox 1577 4980 1696 5020; x_wconf 85' lang='lat' dir='ltr'><strong>esse</strong></span> <span class='ocrx_word' id='word_1_749' title='bbox 1732 4980 1795 5019; x_wconf 88' lang='lat' dir='ltr'><strong>ac</strong></span> <span class='ocrx_word' id='word_1_750' title='bbox 1826 4978 1981 5018; x_wconf 92' lang='lat' dir='ltr'><strong>suum</strong></span> <span class='ocrx_word' id='word_1_751' title='bbox 2022 4962 2128 5016; x_wconf 88' lang='lat' dir='ltr'><strong>Pa-</strong></span> 
     </span>
    </p>
   </div>
   <div class='ocr_carea' id='block_1_93' title="bbox 557 5059 2130 5129">
    <p class='ocr_par' dir='ltr' id='par_1_93' title="bbox 557 5059 2130 5129">
     <span class='ocr_line' id='line_1_93' title="bbox 557 5059 2130 5129; baseline -0.004 -14"><span class='ocrx_word' id='word_1_752' title='bbox 557 5074 715 5117; x_wconf 89' lang='lat' dir='ltr'><strong>trem.</strong></span> <span class='ocrx_word' id='word_1_753' title='bbox 773 5061 904 5128; x_wconf 68' lang='lat' dir='ltr'><strong>Quaa</strong></span> <span class='ocrx_word' id='word_1_754' title='bbox 961 5074 1085 5114; x_wconf 90' lang='lat' dir='ltr'><strong>cum</strong></span> <span class='ocrx_word' id='word_1_755' title='bbox 1134 5061 1320 5129; x_wconf 89' lang='lat' dir='ltr'><strong>pietati</strong></span> <span class='ocrx_word' id='word_1_756' title='bbox 1386 5059 1543 5112; x_wconf 88' lang='lat' dir='ltr'><strong>valde</strong></span> <span class='ocrx_word' id='word_1_757' title='bbox 1603 5066 1959 5111; x_wconf 87' lang='lat' dir='ltr'><strong>consentanea</strong></span> <span class='ocrx_word' id='word_1_758' title='bbox 2006 5068 2130 5109; x_wconf 86' lang='lat' dir='ltr'><strong>esse</strong></span> 
     </span>
    </p>
   </div>
   <div class='ocr_carea' id='block_1_94' title="bbox 556 5149 2133 5222">
    <p class='ocr_par' dir='ltr' id='par_1_94' title="bbox 556 5149 2133 5222">
     <span class='ocr_line' id='line_1_94' title="bbox 556 5149 2133 5222; baseline -0.005 -14"><span class='ocrx_word' id='word_1_759' title='bbox 556 5164 831 5209; x_wconf 88' lang='lat' dir='ltr'><strong>ostensum</strong></span> <span class='ocrx_word' id='word_1_760' title='bbox 882 5151 1065 5216; x_wconf 83' lang='lat' dir='ltr'><strong>fuerit,</strong></span> <span class='ocrx_word' id='word_1_761' title='bbox 1104 5152 1347 5222; x_wconf 81' lang='lat' dir='ltr'><strong>profecto</strong></span> <span class='ocrx_word' id='word_1_762' title='bbox 1375 5149 1575 5205; x_wconf 90' lang='lat' dir='ltr'><strong>Christi</strong></span> <span class='ocrx_word' id='word_1_763' title='bbox 1627 5150 1813 5204; x_wconf 88' lang='lat' dir='ltr'><strong>hostes</strong></span> <span class='ocrx_word' id='word_1_764' title='bbox 1851 5162 1981 5202; x_wconf 88' lang='lat' dir='ltr'><strong>voce</strong></span> <span class='ocrx_word' id='word_1_765' title='bbox 2016 5163 2133 5201; x_wconf 82' lang='lat' dir='ltr'><strong>con-</strong></span> 
     </span>
    </p>
   </div>
   <div class='ocr_carea' id='block_1_95' title="bbox 558 5241 2131 5305">
    <p class='ocr_par' dir='ltr' id='par_1_95' title="bbox 558 5241 2131 5305">
     <span class='ocr_line' id='line_1_95' title="bbox 558 5241 2131 5305; baseline -0.006 -4"><span class='ocrx_word' id='word_1_766' title='bbox 558 5245 923 5301; x_wconf 78' lang='lat' dir='ltr'><strong>substantialis</strong></span> <span class='ocrx_word' id='word_1_767' title='bbox 952 5245 1175 5299; x_wconf 90' lang='lat' dir='ltr'><strong>minime</strong></span> <span class='ocrx_word' id='word_1_768' title='bbox 1198 5245 1395 5297; x_wconf 90' lang='lat' dir='ltr'><strong>debent</strong></span> <span class='ocrx_word' id='word_1_769' title='bbox 1416 5241 1634 5305; x_wconf 81' lang='lat' dir='ltr'><strong>oll&#39;endi,</strong></span> <span class='ocrx_word' id='word_1_770' title='bbox 1667 5256 1787 5295; x_wconf 90' lang='lat' dir='ltr'><strong>cum</strong></span> <span class='ocrx_word' id='word_1_771' title='bbox 1809 5241 1925 5294; x_wconf 65' lang='lat' dir='ltr'><strong>hac</strong></span> <span class='ocrx_word' id='word_1_772' title='bbox 1946 5253 2131 5293; x_wconf 90' lang='lat' dir='ltr'><strong>sanam</strong></span> 
     </span>
    </p>
   </div>
   <div class='ocr_carea' id='block_1_96' title="bbox 558 5330 2134 5400">
    <p class='ocr_par' dir='ltr' id='par_1_96' title="bbox 558 5330 2134 5400">
     <span class='ocr_line' id='line_1_96' title="bbox 558 5330 2134 5400; baseline -0.008 -8"><span class='ocrx_word' id='word_1_773' title='bbox 558 5336 779 5392; x_wconf 87' lang='lat' dir='ltr'><strong>omnino</strong></span> <span class='ocrx_word' id='word_1_774' title='bbox 810 5336 1090 5391; x_wconf 84' lang='lat' dir='ltr'><strong>conti-neat</strong></span> <span class='ocrx_word' id='word_1_775' title='bbox 1122 5333 1469 5395; x_wconf 89' lang='lat' dir='ltr'><strong>sententiam,</strong></span> <span class='ocrx_word' id='word_1_776' title='bbox 1507 5332 1819 5400; x_wconf 86' lang='lat' dir='ltr'><strong>rationeque</strong></span> <span class='ocrx_word' id='word_1_777' title='bbox 1846 5330 2134 5383; x_wconf 86' lang='lat' dir='ltr'><strong>conlirme-</strong></span> 
     </span>
    </p>
   </div>
   <div class='ocr_carea' id='block_1_97' title="bbox 560 5419 2134 5483">
    <p class='ocr_par' dir='ltr' id='par_1_97' title="bbox 560 5419 2134 5483">
     <span class='ocr_line' id='line_1_97' title="bbox 560 5419 2134 5483; baseline -0.004 -3"><span class='ocrx_word' id='word_1_778' title='bbox 560 5438 664 5483; x_wconf 91' lang='lat' dir='ltr'><strong>tur.</strong></span> <span class='ocrx_word' id='word_1_779' title='bbox 705 5427 992 5483; x_wconf 86' lang='lat' dir='ltr'><strong>Enimvero</strong></span> <span class='ocrx_word' id='word_1_780' title='bbox 1047 5440 1171 5481; x_wconf 85' lang='lat' dir='ltr'><strong>cum</strong></span> <span class='ocrx_word' id='word_1_781' title='bbox 1199 5423 1432 5478; x_wconf 82' lang='lat' dir='ltr'><strong>Verbum</strong></span> <span class='ocrx_word' id='word_1_782' title='bbox 1462 5438 1527 5476; x_wconf 76' lang='lat' dir='ltr'><strong>ex</strong></span> <span class='ocrx_word' id='word_1_783' title='bbox 1553 5422 1853 5477; x_wconf 83' lang='lat' dir='ltr'><strong>substantia</strong></span> <span class='ocrx_word' id='word_1_784' title='bbox 1884 5419 1979 5475; x_wconf 90' lang='lat' dir='ltr'><strong>Dei</strong></span> <span class='ocrx_word' id='word_1_785' title='bbox 2014 5433 2134 5475; x_wconf 87' lang='lat' dir='ltr'><strong>esse</strong></span> 
     </span>
    </p>
   </div>
   <div class='ocr_carea' id='block_1_98' title="bbox 629 5532 1657 5601">
    <p class='ocr_par' dir='ltr' id='par_1_98' title="bbox 629 5532 1657 5601">
     <span class='ocr_line' id='line_1_98' title="bbox 629 5532 1657 5601; baseline -0.006 -8"><span class='ocrx_word' id='word_1_786' title='bbox 629 5541 677 5571; x_wconf 80' lang='lat'>“</span> <span class='ocrx_word' id='word_1_787' title='bbox 711 5539 881 5594; x_wconf 77' lang='lat' dir='ltr'><strong>Exod.</strong></span> <span class='ocrx_word' id='word_1_788' title='bbox 915 5554 999 5601; x_wconf 85' lang='lat' dir='ltr'><strong>tu,</strong></span> <span class='ocrx_word' id='word_1_789' title='bbox 1032 5536 1119 5591; x_wconf 77' lang='grc' dir='ltr'>Η.</span> <span class='ocrx_word' id='word_1_790' title='bbox 1196 5536 1241 5567; x_wconf 82' lang='grc'><strong>⁸⁷</strong></span> <span class='ocrx_word' id='word_1_791' title='bbox 1275 5534 1443 5590; x_wconf 76' lang='lat' dir='ltr'><strong>Exod.</strong></span> <span class='ocrx_word' id='word_1_792' title='bbox 1474 5549 1571 5597; x_wconf 75' lang='lat' dir='ltr'><strong>xx,</strong></span> <span class='ocrx_word' id='word_1_793' title='bbox 1601 5532 1657 5587; x_wconf 73' lang='grc'>2.</span> 
     </span>
    </p>
   </div>
   <div class='ocr_carea' id='block_1_99' title="bbox 627 5621 2122 5701">
    <p class='ocr_par' dir='ltr' id='par_1_99' title="bbox 627 5621 2122 5701">
     <span class='ocr_line' id='line_1_99' title="bbox 627 5621 2122 5701; baseline -0.007 -15"><span class='ocrx_word' id='word_1_794' title='bbox 627 5632 705 5701; x_wconf 87' lang='grc'><strong>(6)</strong></span> <span class='ocrx_word' id='word_1_795' title='bbox 740 5632 830 5684; x_wconf 83' lang='lat' dir='ltr'><strong>Sic</strong></span> <span class='ocrx_word' id='word_1_796' title='bbox 854 5631 985 5701; x_wconf 78' lang='lat' dir='ltr'><strong>Reg.</strong></span> <span class='ocrx_word' id='word_1_797' title='bbox 1013 5630 1175 5687; x_wconf 86' lang='lat' dir='ltr'><strong>Basil.</strong></span> <span class='ocrx_word' id='word_1_798' title='bbox 1216 5640 1273 5682; x_wconf 92' lang='lat' dir='ltr'><strong>nt</strong></span> <span class='ocrx_word' id='word_1_799' title='bbox 1294 5640 1347 5701; x_wconf 82' lang='lat' dir='ltr'><strong>et</strong></span> <span class='ocrx_word' id='word_1_800' title='bbox 1377 5628 1514 5701; x_wconf 72' lang='lat' dir='ltr'><strong>legit</strong></span> <span class='ocrx_word' id='word_1_801' title='bbox 1555 5626 1813 5701; x_wconf 84' lang='lat' dir='ltr'><strong>Nannius.</strong></span> <span class='ocrx_word' id='word_1_802' title='bbox 1840 5621 2033 5680; x_wconf 67' lang='lat' dir='ltr'><strong>Caneri</strong></span> <span class='ocrx_word' id='word_1_803' title='bbox 2073 5631 2122 5676; x_wconf 91' lang='lat' dir='ltr'><strong>et</strong></span> 
     </span>
    </p>
   </div>
   <div class='ocr_carea' id='block_1_100' title="bbox 558 5698 2128 5837">
    <p class='ocr_par' dir='ltr' id='par_1_100' title="bbox 558 5698 2128 5837">
     <span class='ocr_line' id='line_1_100' title="bbox 558 5698 2128 5837; baseline -0.005 -82"><span class='ocrx_word' id='word_1_804' title='bbox 558 5698 981 5837; x_wconf 48' lang='lat' dir='ltr'><strong>23i1;a§(¥23l01.</strong></span> <span class='ocrx_word' id='word_1_805' title='bbox 1011 5701 1263 5757; x_wconf 90' lang='lat' dir='ltr'><strong>omittunt</strong></span> <span class='ocrx_word' id='word_1_806' title='bbox 1279 5700 1354 5763; x_wconf 80' lang='grc' dir='ltr'>ὡς</span> <span class='ocrx_word' id='word_1_807' title='bbox 1377 5698 1504 5762; x_wconf 74' lang='grc' dir='ltr'><strong>Υἱὸς</strong></span> <span class='ocrx_word' id='word_1_808' title='bbox 1530 5698 1768 5767; x_wconf 85' lang='grc' dir='ltr'>γνὴσιος,</span> <span class='ocrx_word' id='word_1_809' title='bbox 1800 5706 1930 5761; x_wconf 89' lang='lat' dir='ltr'><strong>etc.,</strong></span> <span class='ocrx_word' id='word_1_810' title='bbox 1956 5707 2128 5763; x_wconf 88' lang='lat' dir='ltr'><strong>usque</strong></span> 
     </span>
    </p>
   </div>
   <div class='ocr_carea' id='block_1_101' title="bbox 2228 4220 3802 4297">
    <p class='ocr_par' dir='ltr' id='par_1_101' title="bbox 2228 4220 3802 4297">
     <span class='ocr_line' id='line_1_101' title="bbox 2228 4220 3802 4297; baseline -0.013 -7"><span class='ocrx_word' id='word_1_811' title='bbox 2228 4237 2322 4290; x_wconf 73' lang='grc' dir='ltr'><strong>καὶ</strong></span> <span class='ocrx_word' id='word_1_812' title='bbox 2349 4232 2666 4286; x_wconf 77' lang='grc' dir='ltr'>σσέννυσθαι</span> <span class='ocrx_word' id='word_1_813' title='bbox 2725 4228 2884 4281; x_wconf 80' lang='grc' dir='ltr'>πάλιν</span> <span class='ocrx_word' id='word_1_814' title='bbox 2945 4226 3172 4288; x_wconf 73' lang='grc' dir='ltr'>εἴωθεν,</span> <span class='ocrx_word' id='word_1_815' title='bbox 3220 4226 3508 4297; x_wconf 76' lang='grc' dir='ltr'>εἰρήκασιν</span> <span class='ocrx_word' id='word_1_816' title='bbox 3560 4224 3607 4275; x_wconf 79' lang='grc' dir='ltr'>οἰ</span> <span class='ocrx_word' id='word_1_817' title='bbox 3653 4220 3802 4287; x_wconf 76' lang='grc' dir='ltr'>ἆγιοι</span> 
     </span>
    </p>
   </div>
   <div class='ocr_carea' id='block_1_102' title="bbox 2229 4312 3803 4392">
    <p class='ocr_par' dir='ltr' id='par_1_102' title="bbox 2229 4312 3803 4392">
     <span class='ocr_line' id='line_1_102' title="bbox 2229 4312 3803 4392; baseline -0.011 -12"><span class='ocrx_word' id='word_1_818' title='bbox 2229 4324 2368 4380; x_wconf 77' lang='grc' dir='ltr'>εἶναι</span> <span class='ocrx_word' id='word_1_819' title='bbox 2398 4325 2488 4378; x_wconf 84' lang='grc' dir='ltr'><strong>τὸν</strong></span> <span class='ocrx_word' id='word_1_820' title='bbox 2536 4323 2707 4390; x_wconf 86' lang='grc' dir='ltr'>Λόγον</span> <span class='ocrx_word' id='word_1_821' title='bbox 2764 4321 2899 4392; x_wconf 81' lang='grc' dir='ltr'>πρὸς</span> <span class='ocrx_word' id='word_1_822' title='bbox 2936 4318 3027 4370; x_wconf 84' lang='grc' dir='ltr'>τὸν</span> <span class='ocrx_word' id='word_1_823' title='bbox 3082 4316 3247 4370; x_wconf 87' lang='grc' dir='ltr'>Θεόν·</span> <span class='ocrx_word' id='word_1_824' title='bbox 3289 4316 3450 4368; x_wconf 87' lang='grc' dir='ltr'>τοῦτο</span> <span class='ocrx_word' id='word_1_825' title='bbox 3493 4315 3600 4384; x_wconf 75' lang='grc' dir='ltr'><strong>γὰρ</strong></span> <span class='ocrx_word' id='word_1_826' title='bbox 3640 4312 3803 4382; x_wconf 80' lang='grc' dir='ltr'>ἔργον</span> 
     </span>
    </p>
   </div>
   <div class='ocr_carea' id='block_1_103' title="bbox 2230 4396 3805 4484">
    <p class='ocr_par' dir='ltr' id='par_1_103' title="bbox 2230 4396 3805 4484">
     <span class='ocr_line' id='line_1_103' title="bbox 2230 4396 3805 4484; baseline -0.015 -12"><span class='ocrx_word' id='word_1_827' title='bbox 2230 4418 2427 4484; x_wconf 75' lang='grc' dir='ltr'>ἔξωθεν</span> <span class='ocrx_word' id='word_1_828' title='bbox 2475 4415 2568 4469; x_wconf 75' lang='grc' dir='ltr'>καὶ</span> <span class='ocrx_word' id='word_1_829' title='bbox 2612 4412 2815 4483; x_wconf 85' lang='grc' dir='ltr'>κτίσμα</span> <span class='ocrx_word' id='word_1_830' title='bbox 2863 4408 2956 4462; x_wconf 89' lang='grc' dir='ltr'><strong>τοῦ</strong></span> <span class='ocrx_word' id='word_1_831' title='bbox 2996 4407 3274 4470; x_wconf 86' lang='grc' dir='ltr'>ποιοῦντος</span> <span class='ocrx_word' id='word_1_832' title='bbox 3311 4403 3409 4478; x_wconf 76' lang='grc' dir='ltr'><strong>ἦν’</strong></span> <span class='ocrx_word' id='word_1_833' title='bbox 3452 4406 3585 4460; x_wconf 80' lang='grc' dir='ltr'>ἀλλὰ</span> <span class='ocrx_word' id='word_1_834' title='bbox 3621 4396 3805 4454; x_wconf 73' lang='grc' dir='ltr'>ἀπαύ-</span> 
     </span>
    </p>
   </div>
   <div class='ocr_carea' id='block_1_104' title="bbox 2230 4489 3802 4578">
    <p class='ocr_par' dir='ltr' id='par_1_104' title="bbox 2230 4489 3802 4578">
     <span class='ocr_line' id='line_1_104' title="bbox 2230 4489 3802 4578; baseline -0.011 -16"><span class='ocrx_word' id='word_1_835' title='bbox 2230 4525 2419 4578; x_wconf 91' lang='grc' dir='ltr'>γασμα</span> <span class='ocrx_word' id='word_1_836' title='bbox 2461 4505 2621 4559; x_wconf 78' lang='grc' dir='ltr'>αὐτὸν</span> <span class='ocrx_word' id='word_1_837' title='bbox 2662 4499 3084 4573; x_wconf 78' lang='grc' dir='ltr'>εὐηγγελίσαντο</span> <span class='ocrx_word' id='word_1_838' title='bbox 3128 4498 3347 4560; x_wconf 86' lang='grc' dir='ltr'>πάντες,</span> <span class='ocrx_word' id='word_1_839' title='bbox 3380 4498 3468 4549; x_wconf 78' lang='grc' dir='ltr'><strong>ἵνα</strong></span> <span class='ocrx_word' id='word_1_840' title='bbox 3510 4495 3568 4548; x_wconf 73' lang='grc' dir='ltr'><strong>τὸ</strong></span> <span class='ocrx_word' id='word_1_841' title='bbox 3596 4496 3655 4545; x_wconf 78' lang='grc' dir='ltr'><strong>ὲκ</strong></span> <span class='ocrx_word' id='word_1_842' title='bbox 3692 4489 3802 4558; x_wconf 80' lang='grc' dir='ltr'>τῆς</span> 
     </span>
    </p>
   </div>
   <div class='ocr_carea' id='block_1_105' title="bbox 2229 4580 3802 4662">
    <p class='ocr_par' dir='ltr' id='par_1_105' title="bbox 2229 4580 3802 4662">
     <span class='ocr_line' id='line_1_105' title="bbox 2229 4580 3802 4662; baseline -0.015 -8"><span class='ocrx_word' id='word_1_843' title='bbox 2229 4600 2417 4661; x_wconf 81' lang='grc' dir='ltr'>οὐσίας</span> <span class='ocrx_word' id='word_1_844' title='bbox 2446 4600 2576 4650; x_wconf 77' lang='grc' dir='ltr'>ἴδιον</span> <span class='ocrx_word' id='word_1_845' title='bbox 2602 4595 2695 4647; x_wconf 70' lang='grc' dir='ltr'>καὶ</span> <span class='ocrx_word' id='word_1_846' title='bbox 2721 4590 3021 4662; x_wconf 81' lang='grc' dir='ltr'>ἀδιαίρετον</span> <span class='ocrx_word' id='word_1_847' title='bbox 3046 4588 3141 4642; x_wconf 73' lang='grc' dir='ltr'><strong>καὶ</strong></span> <span class='ocrx_word' id='word_1_848' title='bbox 3168 4588 3268 4658; x_wconf 85' lang='grc' dir='ltr'>τὴν</span> <span class='ocrx_word' id='word_1_849' title='bbox 3302 4587 3439 4656; x_wconf 72' lang='grc' dir='ltr'>προς</span> <span class='ocrx_word' id='word_1_850' title='bbox 3462 4584 3552 4637; x_wconf 82' lang='grc' dir='ltr'>τὸν</span> <span class='ocrx_word' id='word_1_851' title='bbox 3575 4580 3802 4650; x_wconf 78' lang='grc' dir='ltr'>Πατέρα</span> 
     </span>
    </p>
   </div>
   <div class='ocr_carea' id='block_1_106' title="bbox 2232 4671 3806 4758">
    <p class='ocr_par' dir='ltr' id='par_1_106' title="bbox 2232 4671 3806 4758">
     <span class='ocr_line' id='line_1_106' title="bbox 2232 4671 3806 4758; baseline -0.015 -18"><span class='ocrx_word' id='word_1_852' title='bbox 2232 4687 2460 4758; x_wconf 79' lang='grc' dir='ltr'>ἑνότητα</span> <span class='ocrx_word' id='word_1_853' title='bbox 2491 4682 2791 4755; x_wconf 83' lang='grc' dir='ltr'>δηλώσωσι.</span> <span class='ocrx_word' id='word_1_854' title='bbox 2834 4680 2943 4732; x_wconf 71' lang='grc' dir='ltr'><strong>Καὶ</strong></span> <span class='ocrx_word' id='word_1_855' title='bbox 2971 4677 3079 4747; x_wconf 78' lang='grc' dir='ltr'>γὰρ</span> <span class='ocrx_word' id='word_1_856' title='bbox 3119 4674 3262 4729; x_wconf 75' lang='grc' dir='ltr'>οὕτω</span> <span class='ocrx_word' id='word_1_857' title='bbox 3299 4675 3394 4726; x_wconf 74' lang='grc' dir='ltr'>καὶ</span> <span class='ocrx_word' id='word_1_858' title='bbox 3438 4672 3499 4724; x_wconf 85' lang='grc' dir='ltr'>τὸ</span> <span class='ocrx_word' id='word_1_859' title='bbox 3536 4671 3806 4758; x_wconf 56' lang='grc' dir='ltr'>ἄτρεπτον</span> 
     </span>
    </p>
   </div>
   <div class='ocr_carea' id='block_1_107' title="bbox 2232 4752 3810 4839">
    <p class='ocr_par' dir='ltr' id='par_1_107' title="bbox 2232 4752 3810 4839">
     <span class='ocr_line' id='line_1_107' title="bbox 2232 4752 3810 4839; baseline -0.017 -9"><span class='ocrx_word' id='word_1_860' title='bbox 2232 4778 2325 4831; x_wconf 74' lang='grc' dir='ltr'><strong>καὶ</strong></span> <span class='ocrx_word' id='word_1_861' title='bbox 2352 4752 2707 4829; x_wconf 62' lang='grc' dir='ltr'>ἀναλλοίωτον</span> <span class='ocrx_word' id='word_1_862' title='bbox 2737 4770 2899 4823; x_wconf 78' lang='grc' dir='ltr'>αὐτὸν</span> <span class='ocrx_word' id='word_1_863' title='bbox 2922 4766 3134 4839; x_wconf 81' lang='grc' dir='ltr'>ἀληθῶς</span> <span class='ocrx_word' id='word_1_864' title='bbox 3154 4763 3290 4818; x_wconf 71' lang='grc' dir='ltr'>εἶναι</span> <span class='ocrx_word' id='word_1_865' title='bbox 3324 4762 3653 4827; x_wconf 48' lang='lat' dir='ltr'><strong>messem.-</strong></span> 
     </span>
    </p>
   </div>
   <div class='ocr_carea' id='block_1_108' title="bbox 2232 4838 3806 4938">
    <p class='ocr_par' dir='ltr' id='par_1_108' title="bbox 2232 4838 3806 4938">
     <span class='ocr_line' id='line_1_108' title="bbox 2232 4838 3806 4938; baseline -0.018 -18"><span class='ocrx_word' id='word_1_866' title='bbox 2232 4869 2341 4938; x_wconf 79' lang='grc' dir='ltr'>γὰρ</span> <span class='ocrx_word' id='word_1_867' title='bbox 2364 4865 2429 4919; x_wconf 84' lang='grc' dir='ltr'>ἂν</span> <span class='ocrx_word' id='word_1_868' title='bbox 2454 4863 2627 4924; x_wconf 71' lang='grc' dir='ltr'>ἄλλως</span> <span class='ocrx_word' id='word_1_869' title='bbox 2648 4861 2723 4931; x_wconf 85' lang='grc'><strong>(7)</strong></span> <span class='ocrx_word' id='word_1_870' title='bbox 2753 4860 2836 4931; x_wconf 82' lang='grc' dir='ltr'><strong>εἴη</strong></span> <span class='ocrx_word' id='word_1_871' title='bbox 2876 4857 3135 4918; x_wconf 89' lang='grc' dir='ltr'>τοιοῦτος,</span> <span class='ocrx_word' id='word_1_872' title='bbox 3168 4857 3216 4906; x_wconf 82' lang='grc' dir='ltr'><strong>εί</strong></span> <span class='ocrx_word' id='word_1_873' title='bbox 3240 4854 3315 4917; x_wconf 69' lang='grc' dir='ltr'>μὴ</span> <span class='ocrx_word' id='word_1_874' title='bbox 3343 4848 3443 4938; x_wconf 74' lang='grc' dir='ltr'>τῆς</span> <span class='ocrx_word' id='word_1_875' title='bbox 3471 4845 3562 4938; x_wconf 84' lang='grc' dir='ltr'><strong>τοῦ</strong></span> <span class='ocrx_word' id='word_1_876' title='bbox 3586 4838 3806 4938; x_wconf 41' lang='grc' dir='ltr'>Πατὼ</span> 
     </span>
    </p>
   </div>
   <div class='ocr_carea' id='block_1_109' title="bbox 2233 4929 3809 5019">
    <p class='ocr_par' dir='ltr' id='par_1_109' title="bbox 2233 4929 3809 5019">
     <span class='ocr_line' id='line_1_109' title="bbox 2233 4929 3809 5019; baseline -0.018 -10"><span class='ocrx_word' id='word_1_877' title='bbox 2233 4929 2419 5018; x_wconf 75' lang='grc' dir='ltr'>οὐσίας</span> <span class='ocrx_word' id='word_1_878' title='bbox 2450 4953 2576 5005; x_wconf 76' lang='grc' dir='ltr'>ἴδιόν</span> <span class='ocrx_word' id='word_1_879' title='bbox 2593 4929 2713 5003; x_wconf 23' lang='grc' dir='ltr'>ἐστι.</span> <span class='ocrx_word' id='word_1_880' title='bbox 2729 4929 2973 5019; x_wconf 80' lang='grc' dir='ltr'>γέννημα</span> <span class='ocrx_word' id='word_1_881' title='bbox 2992 4962 3006 5006; x_wconf 90' lang='lat'>;</span> <span class='ocrx_word' id='word_1_882' title='bbox 3050 4939 3284 5005; x_wconf 86' lang='grc' dir='ltr'>Ἀνάγκη</span> <span class='ocrx_word' id='word_1_883' title='bbox 3300 4934 3410 5006; x_wconf 85' lang='grc' dir='ltr'><strong>γὰρ</strong></span> <span class='ocrx_word' id='word_1_884' title='bbox 3433 4936 3526 4987; x_wconf 78' lang='grc' dir='ltr'><strong>καὶ</strong></span> <span class='ocrx_word' id='word_1_885' title='bbox 3546 4936 3599 4986; x_wconf 82' lang='grc' dir='ltr'><strong>ὲν</strong></span> <span class='ocrx_word' id='word_1_886' title='bbox 3623 4929 3809 4999; x_wconf 75' lang='grc' dir='ltr'>τούτῳ</span> 
     </span>
    </p>
   </div>
   <div class='ocr_carea' id='block_1_110' title="bbox 2232 5020 3805 5120">
    <p class='ocr_par' dir='ltr' id='par_1_110' title="bbox 2232 5020 3805 5120">
     <span class='ocr_line' id='line_1_110' title="bbox 2232 5020 3805 5120; baseline -0.019 -17"><span class='ocrx_word' id='word_1_887' title='bbox 2232 5050 2331 5120; x_wconf 82' lang='grc' dir='ltr'><strong>τὴν</strong></span> <span class='ocrx_word' id='word_1_888' title='bbox 2386 5045 2685 5113; x_wconf 75' lang='grc' dir='ltr'>ταυτότητα</span> <span class='ocrx_word' id='word_1_889' title='bbox 2739 5040 2876 5111; x_wconf 80' lang='grc' dir='ltr'>πρὸς</span> <span class='ocrx_word' id='word_1_890' title='bbox 2928 5035 3018 5087; x_wconf 87' lang='grc' dir='ltr'>τὸν</span> <span class='ocrx_word' id='word_1_891' title='bbox 3074 5027 3267 5083; x_wconf 82' lang='grc' dir='ltr'>ἑαυτοῦ</span> <span class='ocrx_word' id='word_1_892' title='bbox 3316 5026 3537 5095; x_wconf 78' lang='grc' dir='ltr'>Πατέρα</span> <span class='ocrx_word' id='word_1_893' title='bbox 3585 5020 3805 5085; x_wconf 75' lang='grc' dir='ltr'>σώζειν.</span> 
     </span>
    </p>
   </div>
   <div class='ocr_carea' id='block_1_111' title="bbox 2232 5111 3807 5207">
    <p class='ocr_par' dir='ltr' id='par_1_111' title="bbox 2232 5111 3807 5207">
     <span class='ocr_line' id='line_1_111' title="bbox 2232 5111 3807 5207; baseline -0.02 -14"><span class='ocrx_word' id='word_1_894' title='bbox 2232 5111 2390 5193; x_wconf 81' lang='grc' dir='ltr'>Οῦτω</span> <span class='ocrx_word' id='word_1_895' title='bbox 2434 5136 2498 5207; x_wconf 84' lang='grc' dir='ltr'>δὴ</span> <span class='ocrx_word' id='word_1_896' title='bbox 2538 5111 2629 5188; x_wconf 84' lang='grc' dir='ltr'>τοῦ</span> <span class='ocrx_word' id='word_1_897' title='bbox 2678 5133 2853 5199; x_wconf 84' lang='grc' dir='ltr'>Λόγου</span> <span class='ocrx_word' id='word_1_898' title='bbox 2890 5125 3144 5197; x_wconf 79' lang='grc' dir='ltr'>φανέντος</span> <span class='ocrx_word' id='word_1_899' title='bbox 3175 5116 3468 5179; x_wconf 79' lang='grc' dir='ltr'>εὑσεὸοῦς,</span> <span class='ocrx_word' id='word_1_900' title='bbox 3513 5111 3807 5168; x_wconf 76' lang='grc' dir='ltr'>ἀκόλουθον</span> 
     </span>
    </p>
   </div>
   <div class='ocr_carea' id='block_1_112' title="bbox 2232 5204 3808 5302">
    <p class='ocr_par' dir='ltr' id='par_1_112' title="bbox 2232 5204 3808 5302">
     <span class='ocr_line' id='line_1_112' title="bbox 2232 5204 3808 5302; baseline -0.022 -16"><span class='ocrx_word' id='word_1_901' title='bbox 2232 5232 2300 5286; x_wconf 83' lang='grc' dir='ltr'>ἂν</span> <span class='ocrx_word' id='word_1_902' title='bbox 2366 5230 2451 5302; x_wconf 81' lang='grc' dir='ltr'>εἴη</span> <span class='ocrx_word' id='word_1_903' title='bbox 2488 5204 2639 5300; x_wconf 25' lang='grc' dir='ltr'>*μηδὲ</span> <span class='ocrx_word' id='word_1_904' title='bbox 2708 5224 2801 5279; x_wconf 77' lang='grc' dir='ltr'><strong>ἐπὶ</strong></span> <span class='ocrx_word' id='word_1_905' title='bbox 2860 5219 2941 5285; x_wconf 84' lang='grc' dir='ltr'>τῷ</span> <span class='ocrx_word' id='word_1_906' title='bbox 2997 5211 3297 5285; x_wconf 83' lang='grc' dir='ltr'>όμοουσίῳ</span> <span class='ocrx_word' id='word_1_907' title='bbox 3332 5206 3621 5302; x_wconf 77' lang='grc' dir='ltr'>ξενίζεσθαι</span> 
     </span>
    </p>
   </div>
   <div class='ocr_carea' id='block_1_113' title="bbox 2235 5293 3810 5393">
    <p class='ocr_par' dir='ltr' id='par_1_113' title="bbox 2235 5293 3810 5393">
     <span class='ocr_line' id='line_1_113' title="bbox 2235 5293 3810 5393; baseline -0.022 -15"><span class='ocrx_word' id='word_1_908' title='bbox 2235 5293 2665 5393; x_wconf 65' lang='grc' dir='ltr'>Χριστομαχους,</span> <span class='ocrx_word' id='word_1_909' title='bbox 2700 5314 2928 5386; x_wconf 77' lang='grc' dir='ltr'>ἐχούσης</span> <span class='ocrx_word' id='word_1_910' title='bbox 2960 5308 3053 5362; x_wconf 74' lang='grc' dir='ltr'><strong>καὶ</strong></span> <span class='ocrx_word' id='word_1_911' title='bbox 3076 5306 3173 5376; x_wconf 83' lang='grc' dir='ltr'>τῆς</span> <span class='ocrx_word' id='word_1_912' title='bbox 3198 5303 3398 5369; x_wconf 80' lang='grc' dir='ltr'>λέξεως</span> <span class='ocrx_word' id='word_1_913' title='bbox 3429 5299 3622 5365; x_wconf 81' lang='grc' dir='ltr'>ταύτης</span> <span class='ocrx_word' id='word_1_914' title='bbox 3665 5293 3810 5393; x_wconf 48' lang='grc' dir='ltr'>ὑγιῆ</span> 
     </span>
    </p>
   </div>
   <div class='ocr_carea' id='block_1_114' title="bbox 2234 5386 3839 5486">
    <p class='ocr_par' dir='ltr' id='par_1_114' title="bbox 2234 5386 3839 5486">
     <span class='ocr_line' id='line_1_114' title="bbox 2234 5386 3839 5486; baseline -0.019 -19"><span class='ocrx_word' id='word_1_915' title='bbox 2234 5386 2332 5486; x_wconf 74' lang='grc' dir='ltr'>τὴν</span> <span class='ocrx_word' id='word_1_916' title='bbox 2354 5386 2591 5468; x_wconf 77' lang='grc' dir='ltr'>διάνοιαν</span> <span class='ocrx_word' id='word_1_917' title='bbox 2622 5408 2717 5462; x_wconf 73' lang='grc' dir='ltr'><strong>καὶ</strong></span> <span class='ocrx_word' id='word_1_918' title='bbox 2744 5406 2843 5477; x_wconf 80' lang='grc' dir='ltr'>τὴν</span> <span class='ocrx_word' id='word_1_919' title='bbox 2868 5399 3158 5465; x_wconf 82' lang='grc' dir='ltr'>ἀπόδειξιν.</span> <span class='ocrx_word' id='word_1_920' title='bbox 3194 5396 3256 5449; x_wconf 80' lang='lat' dir='ltr'><strong>Ei</strong></span> <span class='ocrx_word' id='word_1_921' title='bbox 3286 5393 3395 5465; x_wconf 82' lang='grc' dir='ltr'><strong>γὰρ</strong></span> <span class='ocrx_word' id='word_1_922' title='bbox 3424 5393 3486 5462; x_wconf 83' lang='grc' dir='ltr'>δή</span> <span class='ocrx_word' id='word_1_923' title='bbox 3518 5403 3697 5458; x_wconf 78' lang='grc' dir='ltr'>φαμεν</span> <span class='ocrx_word' id='word_1_924' title='bbox 3737 5386 3807 5439; x_wconf 69' lang='grc' dir='ltr'><strong>ἐκ</strong></span> <span class='ocrx_word' id='word_1_925' title='bbox 3834 5450 3839 5453; x_wconf 15' lang='grc' dir='ltr'><strong>μ</strong></span> 
     </span>
    </p>
   </div>
   <div class='ocr_carea' id='block_1_115' title="bbox 2312 5588 3814 5690">
    <p class='ocr_par' dir='ltr' id='par_1_115' title="bbox 2312 5588 3814 5690">
     <span class='ocr_line' id='line_1_115' title="bbox 2312 5588 3814 5690; baseline -0.027 -7"><span class='ocrx_word' id='word_1_926' title='bbox 2312 5618 2386 5690; x_wconf 78' lang='grc'><strong>(7)</strong></span> <span class='ocrx_word' id='word_1_927' title='bbox 2410 5617 2501 5674; x_wconf 90' lang='lat' dir='ltr'><strong>Sic</strong></span> <span class='ocrx_word' id='word_1_928' title='bbox 2548 5614 2685 5687; x_wconf 79' lang='lat' dir='ltr'><strong>Reg.</strong></span> <span class='ocrx_word' id='word_1_929' title='bbox 2738 5607 2926 5668; x_wconf 69' lang='lat' dir='ltr'><strong>Cmteri</strong></span> <span class='ocrx_word' id='word_1_930' title='bbox 2964 5620 3091 5663; x_wconf 90' lang='lat' dir='ltr'><strong>vero</strong></span> <span class='ocrx_word' id='word_1_931' title='bbox 3136 5610 3190 5659; x_wconf 91' lang='lat' dir='ltr'><strong>et</strong></span> <span class='ocrx_word' id='word_1_932' title='bbox 3221 5599 3374 5667; x_wconf 89' lang='lat' dir='ltr'><strong>editi,</strong></span> <span class='ocrx_word' id='word_1_933' title='bbox 3410 5596 3524 5660; x_wconf 76' lang='grc' dir='ltr'><strong>πῶς</strong></span> <span class='ocrx_word' id='word_1_934' title='bbox 3566 5590 3677 5662; x_wconf 75' lang='grc' dir='ltr'><strong>γὰρ</strong></span> <span class='ocrx_word' id='word_1_935' title='bbox 3710 5588 3814 5645; x_wconf 76' lang='grc' dir='ltr'><strong>ἅλ-</strong></span> 
     </span>
    </p>
   </div>
   <div class='ocr_carea' id='block_1_116' title="bbox 2236 5706 2359 5751">
    <p class='ocr_par' dir='ltr' id='par_1_116' title="bbox 2236 5706 2359 5751">
     <span class='ocr_line' id='line_1_116' title="bbox 2236 5706 2359 5751; baseline 0.016 -11"><span class='ocrx_word' id='word_1_936' title='bbox 2236 5706 2359 5751; x_wconf 86' lang='grc' dir='ltr'>..ως.</span> 
     </span>
    </p>
   </div>
  </div>
