3978 6540
192 489 276 550 IS?

193 609 268 680 τῆς
287 605 455 670 οὐσίας
483 600 618 659 εἶναι
653 606 744 660 τοῦ
781 606 915 661 Θεοῦ
952 609 1042 663 τὸν
1076 610 1276 676 Λόγον·
1318 611 1502 666 λοιπὸν
1534 613 1643 685 γάρ
1674 614 1705 685 ἡ

188 699 301 768 λέξις
322 697 671 768 ὁμολογεῖσθω
700 700 793 751 καὶ
821 702 949 770 παρ’
984 702 1161 756 αὐτῶν
1179 720 1191 733 ’
1229 704 1281 757 τί
1313 704 1380 757 ἂν
1415 707 1499 775 εἴη
1529 706 1702 772 τοῦτο,

188 792 213 862 ἢ
238 793 287 845 τὸ
318 790 515 859 άληθῶς
538 790 631 842 καὶ
663 790 829 845 ἀΐδιον
863 794 961 864 τῆς
996 794 1179 860 ούσίας
1207 795 1265 860 ἐξ
1302 791 1369 869 ἦς
1395 798 1487 850 καὶ
1518 799 1709 867 γεγέν-

183 899 338 952 νηται;
366 882 436 935 Ού
466 881 572 952 γὰρ
598 882 913 954 ἑτεροειδὲς,
947 887 1033 939 ἵνα
1065 888 1137 959 μὴ
1167 887 1315 954 ξένον
1343 890 1436 943 καὶ
1458 890 1708 960 ἀνόμοιον

182 978 231 1045 τῇ
261 974 402 1044 οὐσίᾳ
445 973 535 1027 τοῦ
586 975 800 1047 Πατρδς
851 977 1283 1050 ὲπιμιγνύηται·
1342 980 1461 1034 οὐδὲ
1510 980 1707 1045 ἔξωθεν

181 1065 336 1129 ἁπλῶς
353 1066 548 1136 ὅμοιος,
572 1068 660 1121 ἵνα
687 1068 761 1139 μὴ
794 1068 914 1122 καθ’
948 1070 1133 1142 ἕτερον
1154 1071 1186 1141 ἦ
1210 1072 1345 1135 ὅλως
1375 1075 1710 1144 έτεροούσιος

182 1156 419 1228 φαίνηται,
445 1158 632 1234 ὥσπερ
683 1160 881 1231 χαλκὸς
930 1162 1157 1217 στίλϐων
1180 1165 1274 1218 καὶ
1328 1166 1556 1238 χρυσὸς,
1614 1167 1709 1219 καὶ⁴

180 1248 380 1319 ἄργυρος
410 1251 501 1302 καὶ
530 1252 872 1324 κασσίτερος.
912 1253 1096 1308 Ταῦτα
1122 1256 1230 1327 γὰρ
1256 1256 1381 1321 ξένα
1402 1258 1494 1311 καὶ
1529 1260 1711 1329 ἑτερο-

179 1340 262 1409 φυῆ
288 1341 539 1412 ἀλλήλων,
586 1343 682 1397 καὶ
716 1345 1176 1418 ἀπεσχοινισμένα
1213 1352 1278 1420 τῇ
1315 1350 1473 1419 φύσει
1513 1349 1608 1403 καὶ
1639 1353 1704 1422 τῇ

175 1430 361 1502 δυνάμει
413 1434 773 1504 τυγχάνουσι·
825 1438 918 1491 καὶ
959 1438 1082 1493 οὔτε
1126 1443 1155 1494 ὁ
1206 1441 1403 1512 χαλκὸς
1452 1442 1582 1507 ίδιος
1612 1442 1706 1496 τοῦ

175 1526 373 1593 χρυσοῦ,
419 1525 543 1580 οὔτε
582 1530 615 1598 ἡ
665 1529 849 1597 φάσσα
904 1532 969 1585 ὲκ
1015 1532 1116 1598 τῆς
1163 1537 1520 1605 περιστερᾶς·
1573 1533 1709 1588 ἀλλά

174 1615 301 1684 ὅμοια
343 1619 439 1687 μὲν
484 1620 765 1690 νομίζεται
816 1617 992 1687 εἶναι,
1034 1626 1343 1695 ἑτεροούσια
1368 1628 1425 1680 δὲ
1466 1628 1708 1699 ἀλλήλων

172 1706 306 1760 ἐστίν.
334 1709 394 1761 Ei
431 1712 530 1780 μὲν
563 1708 658 1765 οὖν
694 1713 787 1766 κα)⁵
812 1713 840 1766 ό
876 1714 950 1785 (8)
983 1716 1110 1780 Υἱὸς
1149 1717 1320 1783 οὕτως
1363 1721 1530 1786 ἐστὶν,
1569 1720 1708 1774 ἔστω

172 1798 337 1870 κτίσμα
369 1800 559 1875 ὥσπερ
600 1806 694 1858 καὶ
727 1808 905 1877 ἡμεῖς,
938 1809 1034 1861 καὶ
1076 1809 1149 1881 μὴ
1198 1811 1510 1881 ὁμοούσιος·
1554 1814 1601 1866 εί
1650 1812 1705 1865 δὲ

170 1889 268 1954 Υἱός
294 1895 402 1947 ἐστι
436 1896 642 1964 Λόγος,
675 1898 856 1967 σοφία,
891 1898 1055 1953 είκὼν
1094 1900 1186 1953 τοῦ
1233 1903 1481 1974 Πατρὸς,
1525 1900 1704 1956 ἀπαύο

169 1997 354 2053 γασμα·
420 1987 652 2052 εἰκότως
713 1990 993 2061 ὁμοούσιος
1033 1992 1099 2047 ἂν
1142 1992 1247 2065 εἴη.
1296 1995 1358 2047 El
1387 1994 1463 2066 (9)
1504 1994 1609 2068 γὰρ
1646 1996 1706 2050 τὸ

168 2073 224 2145 μὴ
270 2077 328 2131 ὲκ
375 2080 467 2133 τοῦ
500 2081 680 2147 Θεοῦ,
719 2082 831 2136 ἀλλ’
881 2084 957 2149 ὼς
999 2084 1230 2157 ὄργανον
1274 2086 1562 2157 ὲτεροφυὲς
1612 2088 1703 2141 καὶ

164 2167 461 2238 ἑτεροούσιον
492 2173 791 2241 δείκνυται,
821 2176 1001 2241 καλῶς
1043 2178 1149 2249 ἄρα
1184 2178 1217 2247 ἡ
1247 2177 1460 2242 σύνοδος
1502 2178 1703 2251 ἔγραψε

160 2260 232 2311 καὶ
256 2264 504 2335 νενόηκεν
539 2266 740 2337 ὀρθῶς.

206 2442 282 2497 24.
322 2447 649 2519 Ἐξῃρήσθω
678 2449 735 2503 δὲ
760 2450 918 2508 πάλιν
950 2454 1006 2505 ὲν
1040 2455 1247 2517 τούτοις
1272 2456 1378 2518 πᾶς
1415 2454 1526 2527 (10)
1560 2456 1705 2525 λογι-

157 2534 265 2601 σμὸς
309 2540 661 2609 σωματικάς·
713 2545 1011 2612 φαντασίαν
1060 2564 1119 2599 τε
1174 2548 1356 2618 πάσης
1405 2548 1706 2620 αἰσθήσεως

154 2624 495 2695 ὑπερϐάντες,
564 2632 782 2705 καθαρᾷ
836 2639 900 2708 τῇ
944 2639 1124 2709 νοήσει
1171 2640 1264 2692 καὶ
1297 2640 1442 2711 μόνῳ
1494 2640 1572 2711 τῷ
1630 2642 1706 2714 νῷ

153 2719 328 2790 νοῶμεν
352 2724 483 2777 Υἱοῦ
514 2726 661 2797 πρὸς
682 2729 899 2800 Πατέρα
929 2730 988 2783 τὸ
1018 2732 1259 2803 γνήσιον,
1293 2733 1387 2786 καὶ
1414 2733 1586 2803 Λόγου
1608 2735 1705 2806 τὴν

149 2809 259 2877 tam);
304 2814 394 2866 τὸν
463 2816 609 2871 Θεὸν
661 2818 897 2890 ἰδιότητα
920 2864 934 2888 ,
984 2823 1077 2875 καὶ
1139 2824 1239 2895 τὴν
1293 2826 1707 2895 ἀπαράλλακτον

150 2900 412 2976 ὁμοιὴτα
442 2908 541 2961 τοῦ
572 2909 1005 2981 ἀπαυγάσματος
1053 2914 1191 2986 πρὸς
1225 2914 1284 2968 τὸ
1314 2916 1427 2984 φῶς
1446 2932 1459 2947 ⁸
1503 2916 1577 2981 ὡς
1601 2917 1708 2990 γὰρ

66 3038 73 3047 ι
145 2991 191 3044 τὸ
216 2995 451 3071 γέννημα
505 3003 698 3056 καὶτὸ
744 3004 890 3070 Υἱός,
926 3007 1023 3060 οὐκ
1077 3006 1435 3080 ἀνθρώπινον,
1479 3009 1592 3063 ἀλλ’
1634 3010 1711 3076 ὡς

48 3116 69 3171 r‘
145 3083 239 3156 θεῷ
268 3092 476 3161 πρέπον
510 3095 691 3160 ἐστὶν,
727 3096 942 3168 εἴρηταί
993 3116 1052 3151 τε
1082 3099 1173 3153 καὶ
1226 3100 1370 3154 ἐστι·
1413 3099 1504 3154 τὸν
1549 3102 1709 3157 αὐτὸν

116 3176 326 3245 τρόπον,
361 3181 462 3253 τὴν
496 3181 653 3249 λέξιν
692 3185 803 3255 (11)
822 3185 914 3238 τοῦ
944 3188 1269 3257 όμοουσίου
1300 3191 1607 3255 ἀκούοντες,
1636 3190 1708 3263 μὴ

140 3270 307 3335 εἰςτὰς
340 3275 708 3348 ἀνθρωπίνας
732 3277 1010 3350 αἰσθήσεις
1049 3281 1372 3349 πίπτοντες,
1412 3286 1710 3356 μερισμοὺς

138 3362 213 3414 καὶ
251 3364 555 3437 διαιρέσεις
593 3370 694 3441 τῆς
746 3370 999 3442 θεότητος
1048 3373 1419 3447 λογιζώμεθα·
1472 3377 1589 3431 ἀλλ’
1633 3378 1707 3443 ὡς

137 3456 211 3507 ἐπὶ
233 3460 549 3532 ἀσωμάτων
580 3464 973 3535 διανοούμενοι,
995 3465 1093 3539 τὴν
1123 3468 1350 3539 ἑνότητα
1371 3470 1469 3540 τῆς
1499 3471 1711 3540 φύσεως

135 3548 211 3600 καὶ
250 3552 343 3623 τὴν
376 3556 703 3626 ταυτότητα
735 3557 829 3610 τοῦ
862 3561 1037 3629 φωτὸς
1089 3561 1163 3631 μὴ
1196 3561 1527 3633 διαιρῶμεν’
1552 3561 1711 3616 τοῦτο

132 3637 221 3709 γὰρ
250 3643 376 3697 ἴδιον
416 3646 563 3700 Υίοῦ
601 3647 739 3718 πρὸς
773 3649 1013 3723 Πατέρα,
1042 3653 1137 3705 καὶ
1167 3651 1323 3705 τοῦτο
1358 3653 1595 3707 δείκνυσι
1621 3653 1711 3707 τὸν

132 3726 243 3782 θεὸν
268 3734 494 3807 ἀληθῶς
523 3738 665 3792 ὄντα
697 3740 918 3811 Πατέρα
948 3741 1043 3795 τοῦ
1070 3744 1264 3812 Λόγου.
1301 3744 1468 3797 Πάλιν
1514 3744 1623 3817 γάρ
1650 3745 1711 3799 τὸ

130 3825 462 3898 παράδειγμα
492 3829 602 3883 τοῦ
627 3831 804 3901 φωτὸς
830 3835 923 3886 καὶ
952 3834 1045 3887 τοῦ
1081 3837 1512 3907 ἀπαυγάσματος
1541 3838 1710 3906 ἀναγ-

131 3921 258 3971 καῖον
288 3924 369 3986 είς
412 3924 613 3977 τοῦτο.
647 3924 744 3988 Τίς
770 3925 1029 3997 τολμήσει
1063 3927 1240 3996 λέγειν
1274 3929 1335 3981 τὸ
1373 3928 1711 4001 ἀπαύγασμα

128 4004 254 4071 ξένον
293 4016 390 4068 καὶ
441 4017 716 4086 ἀνόμοιον
752 4012 897 4071 εἶναι
932 4018 1024 4071 τοῦ
1063 4018 1211 4088 ἡλίου
1234 4036 1248 4085 ;
1274 4022 1345 4072 ’Ἡ
1386 4020 1467 4083 τίς
1513 4020 1711 4091 μᾶλλον

128 4099 305 4172 ἐνορῶν
348 4107 505 4161 οὕτω
534 4108 603 4161 τὸ
627 4108 970 4177 ἀπαύγασμα
1000 4109 1135 4181 πρὸς
1172 4110 1264 4164 τὸ)
1296 4111 1465 4182 ἥλιον,
1496 4114 1587 4165 κα)⁵
1611 4112 1710 4184 τὴν

119 4196 407 4269 ταυτότητα
434 4201 541 4253 τοῦ
573 4199 774 4268 φωτὸς,
798 4201 897 4253 οὐκ
920 4203 984 4253 ἄν
1010 4202 1150 4254 εἴποι
1174 4201 1481 4274 θαρρήσας·
1507 4205 1712 4267 Ὄντως

120 4283 169 4334 τὸ
193 4288 302 4353 φῶς
328 4292 428 4344 καὶ
458 4292 528 4345 τὸ
554 4291 900 4361 ἀπαύγασμα
922 4291 983 4345 ἒν
1008 4294 1134 4359 εἰσι,
1152 4294 1419 4347 καὶτοῦτο
1442 4296 1497 4347 ὲν
1520 4295 1712 4366 ἐκείνῳ

115 4371 394 4446 δείκνυται,
438 4385 550 4436 καὶ
590 4383 653 4435 τὸ
682 4382 1022 4454 ἀπαύγασμα
1068 4385 1127 4436 ὲν
1164 4384 1243 4456 τῷ
1284 4386 1422 4457 ἡλίῳ
1456 4388 1712 4458 τυγχάνει

117 4464 182 4529 ὃν,
213 4471 353 4528 ὥστε
394 4478 497 4529 τὸν
546 4474 766 4546 ὁρῶντα
802 4476 961 4530 τοῦτο
996 4477 1214 4547 βλέπειν
1248 4479 1488 4533 κάκεῖνο.
1520 4481 1630 4552 Τὴν
1655 4481 1713 4534 δὲ

111 4568 350 4639 τοιαύτην
404 4573 661 4642 ἑνότητα
713 4571 806 4623 καὶ
840 4571 1071 4641 φυσικὴν
1121 4571 1357 4643 ἰδιότητα
1408 4574 1525 4636 πῶς
1558 4573 1624 4627 ἂν
1662 4575 1711 4626 0i

116 4659 455 4723 πεττεύοντες
489 4660 599 4714 καὶ
631 4659 920 4730 βλέποντες
943 4661 1118 4733 ὀρθῶς
1139 4662 1425 4716 καλέσαιεν
1449 4664 1481 4733 ἢ
1516 4663 1709 4735 ὁμοού-

111 4760 207 4797 σιον
234 4751 553 4822 γέννημα;
602 4751 677 4804 Τὸ
707 4751 763 4804 δὲ
802 4750 896 4805 τοῦ
949 4752 1083 4806 Θεοῦ
1120 4753 1367 4826 γέννημά
1409 4772 1462 4807 τι
1513 4756 1579 4809 ἂν
1624 4755 1709 4820 τίς

107 4839 306 4905 οἰκείως
336 4847 443 4896 καὶ
472 4844 809 4914 πρεπόντως
838 4846 1128 4917 νοήσειενῆ
1155 4848 1347 4916 Λόγον,
1376 4848 1469 4901 καὶ
1493 4848 1706 4917 σοφίαν,

102 4934 183 4986 καὶ
217 4936 498 5007 δύναμιν,
558 4937 739 5007 ἥνπερ
792 4936 915 4990 οὔτε
969 4938 1079 5009 (I2)
1125 4939 1219 4992 τοῦ
1269 4941 1481 5011 Πατρὸς
1530 4940 1707 5009 λέγειν

104 5023 246 5097 ξένην
276 5030 438 5083 ὅσιόν
487 5033 675 5090 ἐστιν,
711 5028 833 5082 οὔτε
882 5030 956 5101 μὴ
1009 5031 1194 5095 ἁῖδίως
1247 5028 1386 5086 εἶναι
1436 5032 1588 5105 παρά
1628 5033 1706 5103 τῷ

98 5114 260 5188 Ungi.
293 5117 409 5172 κᾶν
451 5118 843 5188 φαντάζεσθαι
874 5118 1031 5189 θέμις
1056 5122 1211 5187 ὲστίς
1244 5120 1430 5192 Τούτῳ
1478 5122 1586 5190 γὰρ
1627 5120 1707 5192 τῷ

96 5212 395 5280 γεννήματι
421 5210 505 5263 τὰ
548 5210 727 5263 πάντα
760 5211 1055 5284 πεποίηκεν
1075 5214 1107 5285 ό»
1128 5213 1339 5283 Πατὴρ,
1382 5214 1473 5266 καὶ
1504 5214 1599 5284 τὴν
1627 5216 1707 5276 είς

92 5300 260 5356 πάντα
284 5303 584 5375 πρόνοιαν
613 5288 956 5355 ἐκτείνωνδΰ
985 5296 1149 5357 αὐτοῦ
1172 5303 1360 5372 φιλανθ
1371 5304 1672 5374 ρωπεύεται
1689 5321 1703 5335 ⁸

93 5393 176 5443 καὶ
200 5394 390 5457 οὕτως
430 5394 503 5446 ἓν
544 5393 707 5455 αὐτὸς
740 5394 834 5447 καὶ
865 5388 899 5446 δ’
925 5395 1114 5467 Πατήρ
1146 5398 1309 5458 εἰσιν,
1338 5396 1524 5468 ὥσπερ
1559 5396 1708 5468 εἴρη-

88 5493 205 5538 ταν
254 5486 312 5541 εί
352 5485 443 5558 μὴ
492 5484 613 5555 ἄρα
665 5487 715 5538 οἱ
764 5486 1097 5556 κακόφρονες
1140 5488 1507 5561 τολμήσαντες
1547 5489 1707 5545 πάλιν

267 5733 374 5787 Sic
414 5731 577 5797 Reg.
612 5732 683 5783 At
709 5730 761 5782 in
799 5729 919 5783 aliis
947 5738 1002 5785 et
1038 5730 1198 5784 editis
1224 5730 1253 5782 ὁ
1275 5730 1446 5785 deest.

148 5734 169 5804 (
267 5733 374 5787 Sic
414 5732 577 5797 Reg.
612 5732 683 5783 At
709 5732 761 5782 in
799 5732 919 5783 aliis
947 5738 1002 5785 et
1038 5732 1198 5784 editis
1224 5732 1446 5785 bdeest.

149 5732 228 5873 (3;
290 5799 988 5873 Particttlapﬂvidetttr
1042 5801 1282 5873 addenda
1327 5813 1447 5869 post
1496 5802 1570 5865 εί.
1622 5801 1705 5859 vel

73 5868 225 5930 certe
256 5868 698 5928 subamiicnda.
731 5868 863 5923 Ibid.
889 5868 1020 5937 Iieg.
1053 5870 1314 5923 δείκνυτε.

146 5943 269 6015 (10)
307 5943 418 6000 Sic
448 5941 599 6009 Reg.
630 5938 773 5995 Editi
802 5954 948 6009 vero,
986 5939 1122 6005 πῶς,
1160 5944 1432 5997 mendose.

1184 493 1272 547 DE
1309 494 1647 555 DECRETIS
1686 500 1985 557 ΝΙΟᾹΞΝᾹΞ
2027 505 2296 562 8ΥΝΟΙ)Ι.

3273 523 3378 579 458

1739 624 1782 679 Α
1812 619 2039 675 dicimus
2076 621 2207 690 (jam
2251 626 2395 677 enim
2447 636 2501 681 et
2550 625 2648 696 ipsi
2701 629 2990 686 dictionem
3020 633 3157 690 hanc
3179 637 3379 692 admit-

1814 709 1972 782 tant),
2001 715 2127 781 quid
2170 714 2311 770 aliud
2336 717 2706 788 signiﬁcamus
2738 736 2898 791 quam
2930 739 3110 780 veram
3137 738 3192 783 et
3216 739 3375 783 a’ter-

1808 818 1931 857 natn
1986 806 2345 863 substantiam
2395 827 2459 864 ex
2492 826 2596 882 qua
2635 816 2811 885 ipsum
2848 818 3082 887 genitum
3106 820 3226 875 est?
3267 821 3378 877 Nec

1815 896 1957 950 enim
1987 899 2197 954 diversa
2230 914 2311 956 est
2338 906 2538 974 specie,
2576 924 2641 960 ne
2668 909 2791 977 quid
2821 921 3103 965 externum
3127 927 3190 968 ac
3214 914 3375 970 dissi-

1809 984 1936 1038 mile
1969 999 2091 1039 cum
2119 986 2295 1045 Patris
2325 993 2627 1051 substantia
2672 999 2964 1054 misceatur
2992 1018 3005 1057 :
3038 1017 3138 1057 nec
3168 1006 3378 1059 extrin-

1807 1090 1965 1133 secus
1992 1080 2253 1138 duntaxat
2281 1087 2458 1141 simile
2495 1100 2599 1153 est,
2633 1106 2698 1146 ne
2735 1093 2840 1148 alia
2877 1110 2939 1147 ex
2966 1104 3117 1164 parte
3145 1098 3226 1152 vel
3256 1115 3379 1153 om-

1809 1168 1936 1223 nino
1985 1170 2211 1229 diversa:
2268 1176 2582 1234 Substantia:
2627 1196 2746 1237 esse
2802 1195 3078 1254 appareat,
3110 1188 3273 1243 veluti
3304 1206 3378 1247 ms

1810 1258 2020 1352 fulgens
2056 1275 2110 1319 et
2136 1284 2348 1336 aurum,
2371 1284 2647 1345 argentum
2677 1288 2728 1332 et
2751 1288 3025 1339 staunum.
3062 1281 3184 1336 Haec
3209 1283 3377 1352 siqui-

1807 1350 1928 1405 dem
1962 1355 2173 1412 diversa
2211 1371 2263 1413 et
2293 1362 2394 1416 alia
2426 1375 2591 1435 atque
2620 1380 2865 1438 separata
2891 1381 3016 1426 sunt
3042 1382 3150 1426 tum
3186 1350 3376 1427 natura

1813 1443 1973 1514 180
2001 1454 2111 1501 tum
2162 1450 2390 1518 virtute;
2429 1470 2527 1510 nec
2579 1472 2653 1511 ωε
2685 1460 2957 1528 propriqu
2986 1462 3104 1516 auri
3146 1472 3246 1529 est,
3278 1479 3378 1519 nec

1807 1532 2085 1600 palumbes
2114 1553 2179 1591 ex
2208 1540 2452 1596 columba
2500 1545 2738 1600 nascitur
2780 1565 2794 1601 :
2834 1550 2927 1603 sed
2966 1552 3209 1619 quamvis
3264 1553 3377 1606 haec

1808 1636 2067 1694 putantur
2093 1646 2212 1686 esse
2238 1634 2455 1701 similia,
2486 1637 2698 1693 diversa
2736 1648 2914 1695 tamen
2968 1641 3111 1697 inter
3155 1657 3213 1698 se
3255 1652 3379 1698 sunt

1808 1729 2021 1775 natura.
2051 1721 2234 1794 Itaque
2259 1726 2305 1780 si
2341 1727 2510 1785 Filius
2563 1730 2639 1787 ita
2677 1747 2892 1805 quoque
2933 1749 2991 1789 se
3036 1735 3220 1802 habet,
3260 1746 3379 1790 csto

1810 1826 1897 1865 res
1938 1823 2119 1868 creata
2170 1825 2228 1869 ut
2265 1827 2319 1870 et
2351 1833 2469 1883 nos,
2517 1835 2621 1875 non
2656 1830 2835 1877 autem
2883 1825 3377 1881 consubStantialis.

1811 1900 1906 1955 Sin
1932 1911 2109 1957 autem
2137 1904 2307 1960 Filius
2333 1916 2414 1961 est
2448 1908 2707 1977 Verbum,
2737 1912 3021 1982 sapientia,
3059 1912 3234 1985 imago
3274 1914 3379 1969 Pa—

1740 1982 1778 2039 Β
1811 1995 1927 2059 tris,
1961 1996 2284 2065 splendorve
2309 2017 2323 2053 :
2347 2000 2541 2056 merito
2561 2002 2744 2073 utique
2768 1982 3246 2061 consubstantialis
3275 2016 3379 2062 est.

1808 2083 1921 2139 Nisi
1957 2087 2099 2141 enim
2127 2090 2445 2146 ostendatur
2477 2093 2625 2148 illum
2672 2110 2781 2150 non
2826 2111 2891 2151 ex
2942 2096 3072 2162 Deo,
3116 2099 3212 2152 sed
3256 2108 3377 2153 tan-

1806 2190 1966 2244 quam
2001 2193 2261 2249 organum
2296 2191 2483 2236 uatura
2520 2196 2575 2239 et
2600 2185 2901 2241 substantia
2931 2186 3201 2242 diversum
3234 2200 3375 2247 esse.

1807 2269 2081 2326 fatendum
2120 2288 2253 2329 sane
2292 2284 2376 2330 est
2418 2284 2561 2332 recte
2606 2278 2868 2349 synodum
2915 2289 2971 2335 et
3014 2280 3301 2351 scripsisse
3327 2289 3380 2334 ct

1806 2362 2091 2432 cogitasse.

1875 2455 1967 2509 24.
2008 2454 2196 2512 Procul
2225 2468 2404 2514 autem
2435 2460 2563 2516 hinc
2595 2460 2737 2516 absit
2760 2462 2934 2516 onmis
2962 2460 3217 2531 cogitatio
3258 2476 3382 2516 cor-

1808 2561 2006 2618 porca;
2045 2548 2139 2603 sed
2171 2563 2365 2605 sensus
2394 2566 2584 2606 omnes
2610 2551 3001 2622 praetergressi,
3026 2567 3154 2622 pura
3182 2552 3384 2607 intelli-

1809 2638 1985 2706 gentia
2019 2646 2073 2692 et
2099 2638 2213 2693 sola
2243 2649 2422 2695 mente
2446 2642 2811 2711 percipiamus
2847 2658 3008 2713 quam
3038 2660 3166 2700 vere
3195 2645 3265 2699 sit
3288 2643 3379 2698 Fi-

1808 2726 1912 2781 lius
1947 2726 2144 2793 Patris,
2191 2745 2349 2798 quam
2394 2731 2609 2800 proprie
2645 2729 2738 2785 Dei
2762 2730 2832 2786 sit
2854 2729 3112 2799 Verbum,
3140 2740 3196 2786 et
3220 2747 3379 2800 quam

1810 2817 2106 2886 perfectam
2139 2833 2259 2873 cum
2296 2819 2413 2874 luce
2439 2821 2850 2876 similitudinem
2872 2822 3126 2891 splendor
3162 2824 3378 2877 habeat.

1812 2909 1881 2965 Ut
1913 2911 2055 2965 enim
2087 2910 2225 2965 fetus
2255 2921 2309 2965 et
2340 2911 2526 2976 Filius,
2559 2928 2663 2966 non
2696 2913 2971 2967 hominum
3002 2928 3171 2978 more,
3200 2913 3293 2967 sed
3326 2921 3383 2965 ut

1810 3003 1975 3058 Deum
2002 3004 2176 3067 decet,
2224 3011 2278 3057 et
2301 3000 2480 3058 dictus
2516 3014 2599 3059 est
2631 3013 2684 3059 et
2715 3019 2841 3059 vere
2863 3013 2947 3059 est
2978 3021 2994 3058 :
3032 3005 3105 3058 ita
3139 3019 3259 3058 cum
3287 3019 3384 3058 τοο

1810 3108 1925 3149 cem
1963 3093 2424 3148 consubstantialis
2454 3096 2720 3159 audimus,
2761 3097 3026 3151 humanos
3056 3110 3250 3151 sensus
3278 3111 3381 3149 non

1811 3186 2074 3241 debemus
2096 3187 2270 3255 sequi,
2314 3202 2415 3242 nec
2445 3188 2747 3245 divinitatis
2784 3190 3102 3260 partitiones
3129 3200 3222 3243 aut
3246 3190 3383 3243 divi-

1814 3278 1995 3333 siones
2027 3278 2290 3350 ﬁngendae
2339 3289 2466 3335 sunt
2518 3281 2641 3337 ulla:
2688 3300 2700 3335 :
2730 3282 2821 3337 sed
2849 3290 3101 3353 tauquam
3129 3282 3195 3337 de
3223 3282 3383 3337 rebus

1812 3385 1917 3425 non
1947 3371 2222 3440 corporeis
2246 3373 2568 3443 cogitantes,
2602 3389 2761 3428 unam
2786 3382 3033 3428 naturam
3058 3383 3113 3427 et
3137 3372 3381 3428 eamdem

1812 3462 1985 3518 lucem
2016 3478 2119 3518 non
2152 3463 2473 3520 dividamus.
2522 3466 2579 3521 Id
2637 3466 2779 3521 enim
2809 3465 3089 3535 proprium
3121 3464 3241 3520 Filii
3299 3474 3384 3520 est

1811 3570 1937 3624 erga
1984 3554 2220 3619 Patrem,
2268 3570 2442 3626 eoque
2499 3560 2807 3612 ostenditur
2851 3558 3017 3613 Deum
3067 3574 3193 3613 vere
3222 3556 3381 3612 Verbi

1811 3646 2027 3702 Patrem
2050 3660 2189 3702 esse.
2224 3647 2356 3702 Nam
2388 3664 2573 3704 rursus
2611 3648 2747 3704 lucis
2780 3658 2835 3704 et
2863 3650 3163 3719 splendoris
3196 3664 3383 3705 exem-

1812 3738 1957 3809 plum
1988 3739 2054 3793 ad
2101 3738 2229 3793 illud
2257 3739 2659 3811 intelligendum
2716 3748 2800 3795 est
2831 3742 3216 3797 necessarium.
3252 3741 3385 3808 Quis

1812 3830 1981 3900 igitur
2012 3830 2194 3886 dicere
2225 3831 2424 3886 audeat
2459 3831 2805 3901 splendorem
2859 3833 2957 3888 soli
2993 3844 3278 3887 externum
3330 3842 3386 3887 et

1812 3925 2128 3981 dissimilem
2151 3927 2308 3981 esse?
2339 3925 2433 3981 Vel
2465 3926 2642 3996 potius
2676 3926 2819 3995 quis,
2856 3927 2901 3980 si
2936 3926 3231 3980 adverterit
3259 3940 3389 3994 quo-

1813 4032 1938 4071 nam
1988 4019 2150 4072 modo
2192 4017 2446 4087 splendor
2489 4033 2548 4073 se
2587 4018 2653 4072 ad
2694 4017 2859 4073 solem
2893 4017 3089 4072 habeat
3116 4017 3386 4071 eamdem-

1812 4125 1918 4180 que
1950 4125 2072 4165 esse
2101 4110 2297 4175 lucem,
2334 4125 2440 4165 nou
2502 4110 2760 4163 audacter
2794 4108 2940 4162 dicat
2973 4125 2987 4160 :
3024 4108 3162 4162 Vere
3205 4107 3295 4161 lux
3333 4116 3388 4159 et

1813 4202 2069 4272 splendor
2100 4217 2203 4255 una
2239 4217 2326 4257 res
2372 4210 2478 4267 est,
2517 4202 2710 4270 hicque
2768 4201 2820 4255 in
2854 4200 2939 4254 illa
2970 4202 3295 4263 ostenditur,
3331 4209 3384 4253 et

1812 4293 2068 4361 splendor
2098 4295 2149 4348 in
2182 4294 2295 4349 sole
2326 4293 2561 4357 exsistit,
2610 4293 2685 4346 ita
2718 4279 2805 4345 ~ut
2836 4292 2928 4359 qui
2968 4290 3135 4345 solem
3167 4289 3383 4350 viderit,

1812 4383 2150 4452 splendorem
2182 4398 2396 4453 quoque
2420 4393 2630 4436 cernat.
2663 4381 2785 4435 Haec
2804 4396 2964 4450 porro
2996 4379 3175 4434 unitas
3206 4388 3261 4433 et
3294 4396 3386 4433 na-

1815 4474 2005 4529 turalis
2029 4475 2334 4543 proprietas
2368 4474 2685 4542 quomodoa
2720 4472 3071 4527 credentibus
3105 4487 3168 4525 ac
3202 4471 3387 4525 viden-

1815 4566 1956 4620 tibus
1980 4577 2124 4620 reete
2144 4566 2328 4621 vocari
2364 4565 2540 4634 possit
2573 4566 2673 4619 nisi
2708 4562 3187 4618 consubstantialis
3212 4562 3389 4617 fetus?

1740 4669 1787 4729 ο
1814 4658 1949 4727 Quis
1976 4669 2155 4714 autem
2191 4658 2409 4729 pr0prie
2439 4658 2706 4726 digneque
2734 4658 2897 4709 alium
2935 4655 3025 4710 Dei
3068 4656 3236 4709 fetum
3268 4669 3388 4710 es~e

1816 4754 2084 4821 concipiet
2124 4762 2319 4820 praner
2343 4750 2603 4811 Verbum,
2658 4749 2973 4818 sapientiam
3012 4759 3067 4803 et
3097 4750 3348 4803 virtutem
3370 4789 3385 4809 .

1815 4860 1974 4915 quam
2006 4860 2141 4899 sane
2191 4860 2289 4898 nec
2315 4841 2462 4897 Patri
2493 4859 2770 4898 ex.ernam
2826 4843 2907 4897 fas
2942 4852 3023 4896 est
3057 4844 3259 4907 dicere,
3292 4858 3389 4897 nec

1813 4938 1896 4994 vel
1927 4938 2166 5009 cogitare
2198 4938 2321 4991 licet
2371 4952 2475 4990 no.1
2508 4952 2534 4991 s
2569 4952 2720 5007 mper
2751 4936 2890 5006 apud
2931 4935 3146 4991 Patrem
3186 4935 3391 4992 fuisse?

1816 5031 2091 5103 Siquidem
2120 5030 2223 5085 hoc
2254 5030 2370 5099 ipso
2397 5028 2507 5084 fetu
2530 5029 2710 5082 omnia
2747 5028 2874 5083 fecit
2903 5028 3086 5091 Pater,
3122 5044 3389 5096 suamque

1814 5125 1867 5179 in
1900 5136 1985 5177 res
2005 5135 2192 5176 omnes
2215 5117 2603 5187 providentiam
2624 5132 2716 5188 per
2747 5132 2868 5171 eum
2896 5118 3128 5185 benigne
3157 5118 3389 5171 admini—

1813 5224 1973 5277 strat,
2029 5221 2193 5281 atque
2215 5212 2290 5265 ita
2324 5212 2438 5280 ipse
2467 5220 2522 5266 et
2552 5209 2714 5265 Pater
2744 5226 2908 5264 unum
2953 5220 3099 5274 sunt,
3129 5209 3390 5279 quemad-

1814 5308 2031 5363 modum
2059 5306 2261 5359 dictutn
2297 5314 2416 5370 est;
2457 5302 2560 5357 nisi
2607 5302 2747 5357 forte
2804 5302 2964 5357 iidem
3001 5300 3228 5370 improbi
3288 5298 3388 5352 ite-

1814 5415 1935 5454 rum
1967 5397 2204 5453 audeant
2231 5396 2561 5452 contendere
2587 5395 2745 5449 aliam
2785 5409 2903 5449 esse
2941 5391 3100 5446 Verbi
3134 5389 3388 5444 substan-

1817 5491 1945 5545 tiam
1996 5498 2051 5545 et
2079 5489 2241 5545 aliam
2272 5488 2447 5546 lucem
2475 5504 2594 5558 qua:
2621 5503 2689 5543 ex
2715 5486 2875 5542 Patre
2891 5486 2946 5541 in
2977 5484 3070 5540 illo
3100 5490 3200 5549 est,
3226 5482 3297 5535 ita
3329 5488 3387 5531 ut

1736 3322 1781 3386 C

1887 5734 2000 5805 (II)
2034 5732 2128 5792 Sic
2192 5733 2324 5798 Reg.
2358 5730 2428 5786 At
2481 5728 2570 5783 alii
2626 5735 2680 5781 et
2734 5724 2863 5780 editi
2896 5724 2995 5795 τὴν
3036 5721 3180 5788 λέξιν
3218 5722 3382 5780 omit-

1816 5813 1995 5929 ωπέὶ
2030 5873 2120 5930 Sic
2156 5872 2287 5942 Reg.
2319 5870 2422 5925 Alii
2460 5883 2588 5923 vero
2622 5875 2675 5922 et
2708 5864 2860 5931 editi,
2892 5865 2957 5937 ἢν
2982 5862 3123 5920 οὒτε.
