3978 6502
217 441 305 498 ιοι

1265 439 1351 494 DE
1390 437 1729 495 DECRETIS
1768 438 2069 495 NlC/ENIE
2106 439 2378 495 SYNODI.

3340 436 3447 495 £6!

217 548 495 623 γενόμενος
546 550 841 617 ἐπίσκοπος
892 552 993 624 τῆς
1049 553 1452 625 ’Δλεξανδρείας
1491 554 1631 607 κατά
1679 554 1748 606 τοέ

1875 570 1994 621 qua:
2028 557 2284 609 adversus
2310 554 2605 609 Sabellium
2657 554 2971 625 scripserat,
3021 554 3218 625 quibus
3253 566 3446 622 nempe

216 645 492 699 Σαδελλίου
522 648 768 717 γράφων,
810 648 910 718 τήν
956 665 1015 701 τε
1062 647 1206 701 κατά
1256 650 1432 721 σάρκα
1464 649 1771 719 οἰκονομίαν

215 737 296 790 τοῦ
330 737 583 808 Σωτῆρος
610 737 699 790 διὰ
721 737 977 791 πλειόνων
1000 738 1196 808 ὲξηγού
1207 755 1383 809 μενος,
1403 738 1496 791 καὶ
1526 737 1583 802 ἐξ
1606 740 1770 809 αὑτῆς

212 826 491 897 διελέγχων
514 829 642 891 τοὺς
664 828 1101 893 Σαϐελλίζοντας,
1135 830 1218 882 ὅτι
1254 830 1327 900 μὴ
1354 832 1383 883 ὁ
1414 830 1603 900 Πατήρ
1628 832 1771 882 ἐστιν

209 920 236 970 6
258 918 543 988 γενόμενος
584 918 739 987 σάρξ,
774 920 888 971 ἀλλ’
929 922 958 973 ὁ
994 919 1182 973 τούτου
1218 921 1407 988 Λόγος,
1436 920 1510 983 ὼς
1562 916 1710 973 εἶπεν
1742 922 1771 973 ὁ

221 1008 495 1079 Ἰωάννηςδ
526 1010 713 1081 ἐπειδὴ
756 1010 1026 1082 ὑπενοὴοη
1063 1012 1138 1074 ὡς
1180 1011 1387 1083 ποίημα
1421 1013 1514 1065 καὶ
1546 1012 1769 1083 γενητὸν

210 1101 373 1169 λέγων
402 1102 493 1155 τὸν
521 1102 670 1167 Υίὸν,
698 1104 791 1156 καὶ
824 1102 897 1174 μὴ
930 1103 1213 1175 δμοούσιον
1245 1105 1323 1175 τῷ
1346 1107 1539 1177 Πατρὶ,
1571 1107 1769 1175 γράφει

206 1194 335 1262 πρὸς
369 1193 459 1247 τὸν
512 1194 801 1266 ὁμώνυμον
840 1180 987 1266 αὐτῷ
1033 1196 1305 1250 Διονύσιον
1338 1198 1428 1250 τὸν
1474 1198 1767 1250 ἐπίσκοπον

216 1285 462 1357 Ῥώμης,
517 1288 952 1362 ἀπολογούμενος
989 1292 1349 1361 συκοφαντίαν
1385 1288 1519 1345 εἶναι
1564 1292 1767 1362 ταύτην

205 1378 317 1430 κατ’
346 1379 531 1432 αὑτοῦ.
566 1382 721 1452 Μήτε
763 1382 873 1454 γάρ
904 1384 1121 1454 ποιητὸν
1169 1384 1446 1453 εἰρηκέναι
1496 1383 1587 1436 τὸν
1618 1384 1764 1447 Υἱὺν,

206 1468 332 1522 ἀλλά
380 1473 474 1526 καὶ
502 1473 791 1543 δμοούσιον
838 1476 998 1528 αὑτὸν
1026 1475 1305 1547 ὁμολογεῖν
1331 1476 1761 1531 διεϐεϐαιώσατο.

209 1558 350 1627 Ἔχει
381 1560 437 1613 δὲ
470 1562 637 1615 αὑτοῦ
670 1565 704 1634 ἡ
744 1564 887 1629 λέξις
924 1564 1064 1618 οῦτω
1088 1582 1101 1596 ⁸
1140 1585 1157 1617 ι
1193 1567 1303 1619 Kal
1344 1567 1409 1619 δι’
1449 1567 1613 1639 ἄλλης
1646 1570 1765 1620 ὲπι-

202 1650 388 1721 στολῆς
420 1652 672 1725 ἔγραψα,
706 1656 764 1708 ὲν
802 1650 883 1720 οἷς
932 1656 1133 1728 ἧλεγξα
1181 1659 1275 1711 καὶ
1320 1658 1349 1711 ὃ
1402 1659 1763 1730 προφέρουσιν

198 1740 440 1812 ἔγκλημα
470 1746 591 1797 κατ’
630 1745 763 1817 ἐμοῦ
813 1746 1007 1815 ψεῦδος
1044 1747 1124 1811 ὃν,
1165 1747 1240 1811 ὡς
1279 1748 1339 1801 οὑ
1384 1748 1631 1817 λέγοντος
1672 1749 1761 1802 τὸν

200 1832 752 1906 Χριπὸνηὸμοούσιον
794 1834 932 1891 εἶναι
986 1838 1062 1909 τῷ
1108 1840 1246 1910 Θεῷ.
1300 1841 1361 1893 Εἰ
1406 1840 1513 1912 γὰρ
1564 1842 1657 1895 καὶ
1702 1842 1761 1894 τὸ

193 1924 357 1995 ὄνομα
420 1927 597 1981 τοῦτᾶ
652 1943 791 2000 φημι
840 1931 913 2002 μὴ
954 1932 1243 2005 εὑρηκέναι
1291 1951 1393 1987 που
1444 1934 1549 1987 τῶν
1592 1934 1760 2003 ἁγίων

196 2017 231 2067 Γ
237 2018 438 2087 ραφῶν,
480 2019 618 2074 ἀλλά
645 2038 709 2089 γε
747 2022 814 2076 τὰ
865 2025 1271 2097 ἐπιχειρήματα
1303 2043 1402 2097 μου
1447 2027 1515 2081 τά
1547 2026 1691 2097 ἑξῆς,
1725 2027 1760 2082 ἃ

194 2111 583 2181 σεσιωπήκασι,
618 2113 721 2183 τῆς
765 2114 1003 2179 διανοίας
1033 2117 1235 2187 ταύτης
1268 2120 1367 2172 οὐκ
1400 2119 1613 2190 ἀπᾴδει.
1652 2120 1759 2173 Καὶ

194 2202 290 2273 γὰρ
316 2202 671 2275 ἀνθρωπίνην
702 2206 866 2277 γονὴν
913 2209 1253 2281 παρεθέμην,
1280 2210 1438 2280 δῆλον
1476 2210 1552 2273 ὡς
1594 2206 1756 2265 οὖσαν

190 2292 417 2379 ὁμογενῆ
437 2334 455 2357 ,
488 2294 667 2366 φήσας
708 2294 936 2379 πάντωςο
960 2301 1086 2363 τοὺς
1114 2303 1292 2367 γονεῖς
1341 2302 1498 2371 μόνον
1542 2301 1756 2372 ἐτέρους

190 2375 317 2434 εἶναι
357 2382 469 2437 τῶν
509 2385 752 2454 τέκνων,
793 2387 874 2440 ὅτι
1043 2390 1197 2444 αὑτοὶ
1254 2389 1361 2445 εἶεν
1390 2392 1455 2445 τὰ
1486 2393 1680 2457 τέκνα,
1718 2394 1751 2465 ἢ

192 2473 318 2542 μήτε
364 2477 546 2542 γονεῖς
591 2477 889 2546 ἀναγκαῖον
924 2480 1181 2553 ὑπάρχον
1210 2480 1346 2537 εἶναι
1384 2486 1517 2555 μήτε
1567 2484 1749 2540 τέκνα.

186 2560 284 2613 Καὶ
312 2562 415 2633 τὴν
451 2565 550 2634 μὲν
590 2566 900 2639 ἐπιστολὴν,
936 2570 1011 2633 ὡς
1044 2574 1321 2642 προεῖπον,
1356 2575 1443 2627 διὰ
1465 2574 1563 2639 τὰς
1601 2593 1753 2647 περι-

190 2654 399 2718 στάσεις
428 2656 533 2710 ούκ
563 2658 673 2729 ἔχω
702 2663 1051 2733 προκομίσαι⁸
1080 2666 1128 2716 εί
1151 2664 1194 2717 δ’
1218 2661 1310 2719 οὖν
1340 2666 1471 2736 (i7),
1506 2668 1644 2722 αὑτά
1670 2686 1749 2722 σοι

188 2744 249 2796 τὰ
268 2746 388 2798 τότε
409 2748 656 2817 ῥήματα,
678 2751 875 2820 μᾶλλον
899 2753 956 2805 δὲ
982 2755 1076 2807 καὶ
1103 2754 1281 2824 πάσης
1304 2756 1347 2825 (Ι
1364 2757 1417 2825 8)
1436 2756 1503 2810 ἂν
1530 2757 1749 2829 ἔπεμψα

182 2834 233 2885 τὸ
270 2836 639 2907 ἀντίγραφον,
688 2842 853 2912 ὅπερ,
886 2842 953 2896 ἂν
991 2845 1308 2917 εὑπορήσω,
1346 2850 1574 2921 ποιήσω.
1618 2848 1747 2905 Οἶδα

181 2922 228 2976 δὲ
271 2928 365 2979 καὶ
416 2928 705 3000 μέμνημαι
750 2933 969 2987 πλείονα
1016 2936 1267 3007 προσθεὶς
1313 2938 1422 2993 τῶν
1472 2942 1747 3010 συγγενῶν

179 3016 487 3104 δμοιώματα
510 3036 524 3049 ο
559 3022 651 3074 καὶ
676 3022 785 3094 γὰρ
818 3026 911 3078 καὶ
936 3027 1098 3094 φυτὸν
1124 3024 1273 3081 εἶπον
1300 3030 1406 3082 ἀπὸ
1434 3032 1745 3104 σπέρματος

179 3102 346 3171 ἢάπὸ
398 3106 560 3180 ῥίζης
602 3112 825 3167 ἀνελθὸν
869 3114 1052 3188 ἕτερον
1100 3113 1238 3173 εἶναι
1282 3120 1374 3173 τοῦ
1407 3102 1552 3175 ὅθεν
1580 3102 1741 3178 ἐϐλά-

1874 643 2172 700 Salvatoris
2226 646 2675 713 dispensationem
2712 647 3002 700 secundum
3056 660 3272 700 carnem
3321 658 3445 714 per-

1874 735 2055 791 multis
2080 736 2421 807 explanabat,
2457 752 2520 792 ac
2577 738 2700 792 inde
2731 737 3043 791 confutabat
3081 735 3462 797 Sabellianos.

1871 829 2295 897 ostendebatque
2325 845 2431 883 non
2459 828 2669 883 Patrem
2708 828 2908 882 factum
2933 842 3051 883 esse
3080 842 3321 892 carnem,
3346 828 3441 881 sed

1875 919 2134 985 Verbum,
2176 922 2251 975 uti
2280 920 2513 975 Joannes
2540 921 2671 974 dicit
2697 921 2786 973 ".z
2822 935 2965 985 cum,
2996 920 3230 989 inquam,
3261 921 3311 973 iu
3343 936 3439 973 su-

1870 1012 2167 1082 spicionem
2193 1013 2425 1068 venisset
2486 1013 2686 1067 dixisse
2736 1012 2932 1066 Filium
2993 1027 3107 1066 rem
3141 1012 3334 1067 factam
3386 1021 3442 1067 et

1869 1113 2105 1160 creatam
2138 1120 2277 1170 esse,
2307 1120 2410 1158 non
2434 1120 2564 1160 vero
2597 1104 2740 1158 Patri
2781 1104 3322 1169 consubstantialem,
3352 1105 3440 1158 lit-

1868 1205 2012 1252 teras
2043 1197 2188 1252 dedit
2213 1198 2279 1252 ad
2313 1195 2497 1251 Romm
2525 1197 2835 1267 episcopum
2873 1198 3187 1270 Dionysium
3222 1211 3439 1268 quoque

1866 1289 2189 1358 appellatum
2236 1309 2247 1343 :
2292 1291 2346 1344 in
2394 1290 2593 1359 quibus
2643 1304 2702 1343 se
2734 1303 3040 1359 expurgans
3087 1289 3437 1346 asseverabat

1866 1378 2191 1434 calumniam
2222 1378 2362 1433 hanc
2393 1392 2514 1433 esse
2559 1378 2817 1433 adversus
2845 1394 2903 1433 se
2943 1379 3266 1443 conﬁctam;
3300 1394 3437 1433 nun-

1864 1484 2023 1539 quam
2058 1470 2200 1525 enim
2235 1484 2294 1525 se
2322 1469 2517 1524 Filium
2552 1467 2750 1523 laetum
2778 1469 2999 1535 dixisse,
3033 1470 3125 1525 sed
3156 1468 3307 1523 illum
3338 1467 3437 1522 Pa-

1868 1561 1933 1615 tri
1977 1560 2500 1616 consubstantialem
2552 1559 2798 1614 conﬁteri
2833 1574 2891 1615 se
2941 1560 3260 1616 afﬁrmabat.
3308 1560 3434 1615 Haec

1866 1662 2044 1709 autem
2083 1664 2212 1709 sunt
2241 1654 2355 1721 ejus
2384 1654 2548 1707 verba
2589 1669 2603 1704 :
2646 1671 2664 1703 ι
2690 1653 2755 1707 Et
2782 1653 2941 1708 aliam
2979 1653 3256 1724 epistolam
3299 1655 3436 1709 scri-

1862 1747 1968 1816 psi,
2002 1747 2091 1803 ubi
2122 1747 2329 1803 ostendi
2370 1746 2559 1801 falsam
2605 1761 2727 1801 esse
2760 1761 2862 1815 qua
2893 1746 2969 1801 illi
3018 1748 3070 1802 in
3097 1761 3181 1802 me
3208 1756 3434 1803 utuntur

1866 1840 2261 1903 criminatione,
2290 1840 2444 1909 quasi
2477 1839 2687 1894 scilicet
2719 1840 2809 1906 qui
2846 1854 3125 1910 negassem
3154 1839 3428 1896 Christum

1862 1930 1973 1985 Deo
2009 1945 2129 1986 esse
2162 1933 2699 1988 consubstantialem.
2745 1934 2859 1989 Etsi
2889 1934 3032 1988 enim
3062 1934 3236 1988 fateor
3268 1946 3353 1987 me
3378 1932 3430 1986 id

1864 2022 2097 2077 nominis
2131 2023 2277 2079 nullo
2313 2024 2365 2077 in
2400 2024 2519 2079 loco
2544 2035 2856 2080 sanctarum
2895 2024 3298 2095 Scripturarum
3346 2025 3429 2078 in-

1862 2113 2095 2176 venisse,
2140 2123 2316 2167 tamen
2352 2129 2471 2181 quae
2500 2114 2903 2182 subsequuntur
2933 2110 3428 2182 argumentationes

1859 2220 2012 2268 meae,
2044 2220 2179 2274 quas
2206 2206 2421 2274 quidem
2452 2205 2526 2259 illi
2558 2206 2909 2269 reticuerunt,
2945 2204 3011 2258 ab
3042 2203 3141 2259 hac
3164 2202 3428 2258 sententia

1857 2312 1961 2351 non
1994 2298 2321 2368 discrepant.
2373 2298 2511 2364 Quin
2552 2298 2714 2352 etiam
2748 2298 2970 2352 humani
3017 2306 3203 2365 partus
3242 2310 3429 2349 exemv

1855 2387 1999 2456 plum
2029 2388 2081 2441 in
2135 2389 2367 2443 medium
2397 2388 2618 2457 protuli,
2660 2402 2818 2456 quem
2860 2400 3051 2455 nempe
3083 2370 3441 2455 perspicuum.

1851 2488 1938 2533 est
1961 2478 2201 2548 ejusdem
2230 2494 2351 2534 esse
2385 2489 2612 2548 naturas,
2643 2478 2931 2549 addidique
2950 2492 3015 2533 eo
3032 2477 3203 2532 solum
3231 2468 3439 2546 paren;

1854 2580 1935 2625 tes
1964 2570 2100 2625 alios
2129 2584 2251 2626 esse
2278 2585 2307 2624 a
2333 2572 2446 2627 suis
2477 2572 2681 2635 liberis,
2715 2570 2857 2641 quod
2884 2570 2984 2638 ipsi
3020 2585 3127 2624 non
3154 2569 3264 2624 sint
3292 2567 3429 2623 libe-

1850 2663 1921 2725 ri,
1956 2678 2059 2718 nec
2106 2663 2232 2718 item
2282 2644 2506 2720 necesse
2555 2680 2676 2720 esse
2723 2675 2816 2719 aut
2864 2673 3116 2733 parentes
3163 2676 3283 2717 esse
3333 2669 3429 2714 aut

1849 2753 2071 2809 liberos.
2105 2754 2171 2809 Et
2200 2756 2341 2810 lianc
2376 2756 2591 2825 quidem
2619 2758 2920 2825 epistolam,
2946 2765 3005 2808 ut
3032 2756 3166 2819 dixi,
3190 2756 3259 2807 ob
3289 2769 3427 2824 prae-

1849 2856 2057 2901 sentem
2090 2862 2267 2901 rerum
2299 2857 2497 2902 statum
2523 2849 2881 2902 exhibendam
2910 2864 3013 2902 non
3040 2849 3215 2902 habeo
3254 2863 3268 2899 :
3294 2846 3423 2899 alio-

1845 2937 1995 3006 quin,
2038 2937 2147 3005 ipsa
2182 2952 2300 3007 quae
2339 2948 2464 2993 tunc
2491 2939 2678 3007 scripsi
2698 2938 2857 2992 verba
2892 2938 2973 2991 vel
3001 2937 3179 3004 potius
3206 2936 3426 3004 integrae

1845 3027 2082 3097 epistolae
2110 3028 2385 3097 exemplar
2410 3028 2698 3089 misissem,
2722 3027 2885 3095 quod,
2905 3026 2992 3079 ubi
3016 3034 3223 3095 potero,
3247 3022 3427 3078 facere

1845 3135 1949 3176 non
1973 3120 2240 3174 omittam.
2270 3119 2484 3174 Memini
2506 3134 2632 3173 vero
2655 3119 2926 3189 probeque
2949 3118 3062 3171 scio
3086 3130 3171 3171 me
3194 3114 3422 3183 pluran

179 3213 351 3267 ιπησε,
390 3202 485 3253 καὶ
522 3202 741 3268 πάντως
772 3207 963 3278 ἐκείνῳ
991 3209 1327 3282 καθέστηκεν
1350 3215 1614 3285 ὁμοφυές·
1643 3220 1736 3272 καὶ

1857 3224 2019 3263 'erum
2038 3224 2158 3278 qua:
2178 3209 2413 3277 ejusdem
2437 3210 2546 3264 sint
2561 3210 2770 3280 generis
2791 3209 3033 3276 exempla
3056 3208 3420 3278 proposuisse.

177 3296 414 3363 ποταμὸν
450 3291 605 3350 εἷπον
631 3298 740 3350 ἀπὸ
766 3301 948 3371 πηγῆς
990 3304 1179 3373 ῥέοντα
1203 3306 1389 3379 ἕτερον
1412 3308 1581 3379 ὄνομα
1613 3328 1742 3381 μετ-

175 3382 475 3456 ειληφέναι’
537 3392 677 3463 μήτε
738 3393 848 3464 γὰρ
888 3394 987 3466 τὴν
1048 3398 1231 3469 πηγὴν
1281 3400 1523 3471 ποταμὸν
1548 3441 1563 3465 ,
1610 3405 1745 3473 μήτε

174 3474 252 3527 τὸν
284 3482 542 3551 ποταμὸν
582 3484 765 3555 πηγὴν
796 3485 1072 3555 λέγεσθαι,
1109 3490 1205 3544 καὶ
1249 3491 1530 3563 ἀμφότερα
1571 3495 1742 3568 ὑπάρο

174 3583 311 3713 :23,
374 3574 606 3627 καὶτὸν
659 3579 902 3648 ποταμὸν
971 3576 1107 3633 εἶναι
1166 3583 1229 3635 τὸ
1293 3586 1356 3636 ὲκ
1410 3585 1512 3655 τῆς
1563 3589 1747 3660 πηγῆς

276 3678 323 3713 ο.
364 3682 386 3713 ι
592 3688 593 3691 η
694 3708 695 3711 η
822 3710 827 3713 .

276 3678 386 3733 ρ.»

230 3929 314 3985 26.
359 3933 492 3987 Ὀτι
524 3934 584 3987 δὲ
624 3936 684 3989 οὑ
732 3940 942 4011 ποίημα
992 3941 1112 3996 οὑδὲ
1159 3944 1362 4016 κτίσμα
1410 3948 1438 4000 ὁ
1470 3946 1562 3999 τοῦ
1608 3946 1742 4001 Θεοῦ

168 4021 344 4091 Λόγος,
374 4027 513 4080 ἀλλά
537 4028 667 4082 ἴδιον
693 4031 792 4101 τῆς
811 4033 1049 4103 (18⁸)τοῦ
1070 4037 1282 4109 Πατρὸς
1294 4038 1479 4102 ούσίας
1498 4040 1744 4111 γέννημα

168 4112 470 4187 ἀδιαίρετόν
494 4120 663 4183 ἐστιν,
693 4121 768 4185 ὼς
799 4123 1036 4197 ἔγραψεν
1061 4129 1093 4199 ή
1125 4129 1335 4199 μεγάλη
1364 4130 1600 4196 σύνοδος,
1633 4132 1742 4184 ἰδοὺ

168 4207 249 4257 καὶ
269 4210 296 4260 ὁ
326 4209 435 4279 τῆς
474 4209 694 4281 Ῥώμης
726 4214 1019 4283 ἐπίσκοπος
1044 4220 1335 4295 Διονύσιος,
1352 4220 1579 4293 γράφων
1606 4222 1744 4275 κατά

166 4295 265 4349 τῶν
298 4300 367 4353 τὰ
416 4300 517 4353 τοῦ
571 4303 680 4375 (19)
716 4306 1000 4362 Σαδελλίου
1040 4312 1409 4383 φρονούντων,
1444 4313 1743 4383 σχετλιάζει

167 4391 293 4443 κατά
320 4392 436 4445 τῶν
456 4395 633 4449 ταῦτα
658 4397 981 4469 τολμώντων
1004 4403 1205 4472 λέγειν,
1232 4407 1323 4459 καί
1353 4424 1515 4478 φησιν
1537 4408 1707 4475 οὑτως
1726 4430 1741 4442 ·

172 4494 187 4524 ι
217 4478 371 4550 Ἑξῆς
420 4484 470 4536 δ’
519 4484 586 4538 ἂν
616 4487 841 4553 εἰκότως
888 4491 1101 4563 λέγοιμι
1154 4496 1247 4548 καὶ
1298 4496 1433 4566 πρὸς
1474 4499 1742 4569 διαιροῦν-

1849 3300 2092 3372 Namque
2135 3302 2245 3357 dixi
2284 3303 2521 3373 plantam
2550 3318 2615 3356 ex
2656 3302 2861 3355 semine
2896 3299 2978 3355 vel
3008 3315 3074 3354 ex
3116 3299 3298 3354 radice
3325 3312 3425 3352 ex-

1846 3404 2045 3462 ortam,
2092 3396 2251 3450 aliam
2283 3410 2403 3451 esse
2449 3394 2517 3449 ab
2550 3410 2615 3448 eo
2670 3394 2811 3448 unde
2857 3393 3113 3463 producta
3145 3400 3251 3456 est,
3302 3405 3424 3445 esse

1850 3496 2026 3542 tamen
2065 3488 2305 3557 ejusdem
2341 3498 2582 3551 naturae;
2619 3485 2839 3540 ﬂuvium
2882 3484 3130 3539 similiter
3160 3497 3227 3538 ex
3274 3482 3425 3537 fonte

1847 3590 2188 3636 emanantem
2212 3581 2354 3636 aliud
2380 3595 2571 3635 nomen
2600 3579 2820 3643 habere,
2848 3591 3020 3647 neque
3049 3578 3193 3633 enim
3220 3576 3421 3631 fontem

1847 3675 1951 3728 dici
1983 3674 2223 3736 ﬂuvium,
2264 3688 2436 3744 neque
2468 3672 2708 3737 ﬂuvium,
2742 3671 2967 3735 fontem,
3016 3679 3302 3740 utrumque
3342 3669 3426 3723 ni-

1847 3764 2138 3820 hilominus
2170 3765 2450 3829 exsistere,
2484 3766 2557 3818 ita
2600 3774 2658 3818 ut
2685 3762 2880 3817 ﬂuvius
2910 3763 2981 3817 sit
3011 3777 3148 3832 aqua
3184 3777 3252 3817 ex
3277 3762 3425 3816 fonte

1844 3857 2133 3929 proﬂuens.
2169 3877 2187 3910 ι

1914 3950 2004 4005 26.
2037 3950 2189 4018 Quod
2248 3959 2427 4005 autem
2476 3948 2571 4004 Dei
2627 3949 2864 4003 Verbum
2915 3962 3013 4003 nec
3059 3950 3261 4002 factum
3327 3960 3427 4001 nec

1846 4052 2089 4095 creatum
2126 4041 2215 4105 sit,
2243 4041 2335 4095 sed
2370 4041 2621 4109 proprius
2643 4050 2698 4094 et
2723 4039 3032 4094 individuus
3062 4039 3235 4093 Patris
3265 4037 3425 4109 182

1845 4132 2162 4187 substantia
2193 4132 2351 4195 fetus,
2396 4141 2455 4184 ut
2499 4130 2716 4201 scripsit
2758 4145 2950 4200 magna
2987 4129 3228 4201 synodus
3257 4145 3272 4182 :
3299 4143 3428 4182 ecce

1848 4224 2137 4294 Dionysius
2179 4238 2391 4292 quoque
2417 4221 2933 4294 Roman-smptus
2960 4221 3204 4275 scribens
3238 4227 3426 4273 contra

1848 4312 2208 4378 Sabelliauos,
2266 4313 2351 4367 his
2389 4311 2574 4366 verbis
2633 4308 2892 4365 Mersus
2942 4310 3064 4365 illos
3116 4308 3429 4378 indignatur

1845 4405 1935 4474 qui
1964 4405 2089 4459 talia
2120 4405 2322 4459 audent
2370 4406 2569 4460 dicere.
2613 4423 2630 4456 ι
2656 4402 2774 4457 Jam
2806 4418 2958 4467 vero,
2984 4402 3179 4470 inquit,
3212 4416 3426 4470 aequum

1847 4496 2009 4552 fuerit
2044 4497 2303 4553 adversus
2342 4498 2467 4552 illos
2506 4498 2805 4563 disputare,
2849 4495 2939 4566 qui
2986 4492 3427 4557 augustissimam

162 4586 250 4634 τας
290 4575 408 4643 (9.0)
476 4579 573 4631 καὶ
632 4583 1069 4653 κατατέμνοντας
1126 4589 1219 4642 καὶ
1276 4590 1632 4662 ἀναιροῦντας
1682 4593 1741 4645 τὸ

1857 4587 1940 4643 Dei
1995 4585 2248 4641 Ecclesiae
2279 4585 2747 4656 pradieationem,
2798 4582 3165 4637 monarchiam
3218 4581 3270 4635 in
3315 4589 3430 4634 tres

166 4668 490 4733 σεμνότατον
525 4672 788 4745 κήρυγμα
823 4674 919 4745 τῆς
962 4678 1285 4749 Ἐκκλησίας
1316 4684 1411 4735 τοῦ
1446 4683 1602 4747 Θεοῦ,
1643 4684 1743 4754 τὴν

165 4762 462 4847 μοναρχίαν
488 4763 569 4826 εἰς
593 4768 741 4835 τρεῖς
757 4766 1015 4838 δυνάμεις
1035 4771 1186 4834 τινὰς
1212 4774 1303 4825 καὶ
1333 4777 1742 4847 μεμερισμένας

160 4845 493 4915 ὑποστάσεις
524 4855 621 4907 καὶ
656 4855 913 4928 θεότητας
939 4865 1088 4933 τρεῖς
1106 4880 1118 4892 ·
1152 4864 1437 4936 πέπυσμαι
1465 4845 1585 4938 γὰρ
1604 4862 1741 4922 εἷναί

158 4954 300 5005 τινας
328 4944 447 4999 τῶν
485 4950 617 5018 παρ’
654 4949 781 5019 ὑμῖν
827 4954 1207 5024 κατηχοῦντων
1248 4957 1342 5009 καὶ
1385 4959 1742 5013 διδασκόντων

157 5028 239 5081 τὸν
272 5032 421 5103 θεῖον
454 5036 627 5105 Λόγον
661 5039 864 5111 ταύτης
891 5042 1031 5112 ὑφηγ
1046 5044 1172 5113 ητάς
1200 5045 1298 5115 τῆς
1331 5048 1662 5117 φρονήσεως,
1692 5050 1742 5100 οἳ

156 5124 290 5178 κατὰ
316 5126 643 5199 διάμετρον,
674 5130 750 5193 ὡς
787 5132 917 5197 ἔπος
946 5137 1117 5190 εἰπεῖν
1136 5176 1149 5201 ,
1180 5138 1509 5192 ἀντίκεινται
1548 5142 1614 5211 τῇ
1639 5141 1741 5193 Σα-

133 5342 142 5385 ,
222 5307 265 5339 ⁸⁸
288 5306 453 5363 Joan.
480 5325 520 5376 ι,
556 5309 644 5364 14.

165 5438 563 5523 ’Λλεξανδρέως
583 5444 913 5523 λόγοιξπτά,
931 5440 1062 5523 05f)
1096 5449 1392 5523 ἐπιγραφὴ,
1425 5453 1529 5506 Τοῦ
1564 5471 1736 5523 μακα-

154 5510 665 5597 ρίού’Θεογνώ.στου’
707 5510 1094 5597 Ἀλεξςς-δδρέώς
1133 5510 1535 5597 καῖ’ῃεξήγητοῦ
1564 5510 1733 5597 ῗὙπο-

152 5583 448 5660 τυπώσεις.
487 5583 833 5660 Εετιίεβευηι
876 5583 1190 5660 Tlteognosti
1230 5583 1575 5648 Aléafdn'drini
1608 5611 1732 5649 ora-

153 5656 318 5730 tiones
357 5664 581 5730 septeni.
608 5656 762 5730 cujus
782 5661 966 5730 operis
997 5658 1105 5712 han:
1140 5672 1213 5714 est
1261 5663 1552 5730 inscriplio,
1583 5665 1735 5721 Beati

156 5717 857 5804 Thep‘g‘nosli‘ftlgxandrini
873 5738 920 5780 el
950 5730 1259 5804 jnlerpretis
1287 5717 1667 5804 Hypolyposes.

223 5740 475 5846 magnast:
502 5740 847 5779 Atexamlrmt
873 5740 920 5780 el
966 5740 1259 5799 interpretis
1287 5740 1667 5804 ngolyposes.

223 5791 269 5858 (1
320 5794 340 5862 )
376 5794 445 5847 Εἰ
472 5794 522 5847 δῖ
544 5790 667 5876 οῦν,
702 5797 892 5876 supple
922 5794 1099 5868 εἶχον,
1146 5805 1427 5876 commode
1492 5806 1733 5860 redditur

153 5873 247 5929 per
280 5879 482 5920 vocem
514 5868 771 5935 alioquin,
807 5876 869 5921 ut
920 5879 1087 5938 patet,
1128 5873 1268 5941 quod
1318 5874 1442 5941 quia
1479 5876 1732 5931 videntur

1848 4680 2110 4750 quasdam
2138 4678 2370 4733 virtutes
2407 4692 2468 4733 ac
2517 4685 2796 4747 separatas
2847 4677 3170 4748 liypostases
3213 4683 3428 4742 tresque

1850 4769 2163 4825 divinitates
2206 4767 2473 4834 dividunt,
2506 4766 2837 4834 discindunt,
2872 4768 3283 4837 destruuntque.
3319 4767 3435 4819 Au-

1848 4861 1954 4915 divi
1998 4862 2140 4916 enim
2178 4861 2436 4929 quosdam
2489 4876 2554 4914 ex
2606 4860 2712 4927 bis,
2761 4860 2851 4929 qui
2879 4860 3019 4931 apud
3052 4874 3148 4915 vos
3186 4857 3428 4913 divinum

1846 4950 2079 5006 Verbum
2114 4952 2409 5022 praadieant
2442 4960 2495 5005 et
2524 4954 2739 5015 docent,
2764 4950 2923 5020 bujus
2958 4952 3231 5025 Opinionis
3262 4951 3431 5019 magi-

1846 5054 1989 5100 stros
2016 5059 2159 5109 esse,
2203 5046 2293 5112 qui
2349 5047 2566 5114 quidem
2601 5063 2665 5101 ex
2697 5048 2985 5114 diametro,
3015 5057 3077 5102 ut
3106 5048 3181 5103 ita
3215 5047 3424 5114 loquar,

1848 5136 2065 5193 Sabellii
2114 5137 2398 5193 sententiae
2452 5140 2824 5195 adversantur.
2880 5140 3029 5198 Illius
3081 5142 3223 5196 enim
3273 5138 3326 5192 in
3360 5152 3433 5193 ea

1844 5470 1948 5509 non
1978 5457 2429 5515 animadvertisse
2458 5462 2803 5529 interpretes,
2834 5473 3111 5528 perperam
3152 5457 3295 5510 hunc
3346 5454 3424 5508 lo-

1842 5542 1963 5580 cum
1994 5537 2294 5582 verterunt.

1914 5597 2026 5719 ‘18).
2068 5598 2158 5652 Sic
2199 5599 2331 5668 Reg.
2381 5600 2569 5653 Cazleri
2610 5609 2791 5669 aulam
2854 5608 2908 5652 et
2954 5596 3109 5663 editi,
3143 5594 3328 5663 πᾶσιν,
3364 5604 3420 5652 ιιι

1946 5676 2051 5719 emt
2080 5669 2263 5719 Ambr.
2308 5670 2545 5719 Camald.

1839 5677 1896 5722 et
1927 5668 2051 5731 legit
2080 5669 2263 5724 Ambr.
2308 5670 2545 5725 Camald.

1910 5738 2047 5807 (18⁸)
2076 5737 2207 5806 Reg.
2232 5738 2330 5807 τῆς
2362 5739 2583 5791 omittit.

1912 5807 2025 5873 (l9)
2057 5809 2162 5860 Τοῦ
2198 5808 2351 5861 abest
2392 5825 2418 5859 a
2450 5807 2580 5871 Reg.

1908 5878 2022 5947 (‘20)
2062 5876 2190 5947 Reg.
2216 5879 2339 5941 τοὺς
2374 5877 2874 5947 καταδιαεροῦντας.
