3978 6506
525 414 630 476 463

1122 419 1180 472 S.
1221 414 1590 473 ATIlANASll
1630 409 1779 477 ΟΡΡ.
1821 416 2002 474 PARS
2040 417 2079 472 l.
2117 440 2185 459 -ί-
2226 410 2597 473 HISTORICA
2637 414 2725 470 ET
2765 412 3185 472 DOGMATICA.

3664 417 3765 472 ιιι

528 534 778 588 σοοηείεῑίι
812 536 1081 602 impietas,
1115 535 1257 603 quod
1290 534 1434 588 dicat
1475 531 1668 587 Filium
1702 548 1822 588 esse
1856 532 2093 598 Patrem,

2214 534 2410 587 ΰελλίου
2439 533 2653 604 γνώμῃ.
2704 533 2761 585 Ὁ
2806 532 2902 600 μὲν
2955 530 3064 601 γὰρ
3114 530 3423 601 βλασφημεῖ
3469 529 3632 583 αὐτὸν
3679 532 3769 587 τὸν

530 637 584 681 et
610 624 849 680 vicissim
892 644 906 678 :
934 624 1010 678 illi
1035 636 1213 678 autem
1244 634 1353 679 tres
1375 625 1510 679 Dcos
1537 625 1932 694 quodammodo
1960 640 2099 695 prae-

528 718 731 781 dicant,
755 731 878 770 cum
908 724 1151 770 sanctam
1186 717 1445 772 unitatem
1478 717 1531 771 in
1574 728 1687 770 tres
1729 714 1973 771 diversas
1999 716 2099 787 by-

526 817 771 875 postascs
814 808 954 862 inter
1006 822 1067 861 se
1109 807 1331 861 omnino
1381 815 1660 873 separatas
1695 806 1957 861 dividunt.
1993 804 2100 861 Ne-

524 916 676 955 cesse
710 910 792 955 est
836 900 980 954 enim
1028 900 1266 954 divinum
1309 899 1542 953 Verbum
1588 898 1697 953 Deo
1720 898 2097 953 universorum

527 1007 645 1046 esse
677 993 909 1057 unitum,
937 1002 991 1047 et
1015 992 1272 1061 Spiritum
1304 999 1547 1045 sanctum
1583 989 1637 1043 in
1664 992 1772 1046 Deo
1796 1005 2018 1045 manere
2046 998 2102 1044 et

531 1084 797 1151 habitare,
834 1100 899 1138 ac
939 1085 1170 1153 denique
1200 1084 1439 1137 divinam
1469 1082 1787 1139 Trinitatem
1828 1082 1881 1136 in
1912 1097 2099 1148 unum,

531 1178 681 1245 quasi
729 1178 782 1231 in
833 1178 1121 1247 quemdam
1164 1177 1420 1230 verticem
1484 1174 1674 1245 (Deum
1728 1176 2101 1230 universorum

532 1270 953 1339 omnipotentem
984 1268 1147 1339 dico),
1178 1269 1362 1323 reduci
1406 1278 1460 1324 et
1502 1267 1704 1338 colligi.
1755 1268 1889 1323 Nam
1935 1267 2104 1322 futilis

531 1362 821 1418 Marcionis
848 1361 1095 1417 doctrina
1137 1377 1258 1431 quzc
1296 1361 1664 1415 monarchiani
1691 1362 1743 1416 in
1779 1362 1878 1415 tria
1906 1360 2104 1429 princi-

528 1456 614 1525 pia
657 1464 806 1510 secat
844 1463 899 1508 et
929 1454 1139 1515 dividit,
1177 1452 1443 1507 diabolica
1476 1466 1611 1507 sane
1644 1461 1746 1515 est,
1789 1466 1893 1505 non
1923 1459 2103 1505 autem

531 1563 784 1603 verorum
834 1547 1035 1602 Christi
1090 1545 1504 1614 discipulorum,
1560 1548 1644 1600 vel
1690 1561 1877 1601 eorum
1911 1545 2106 1615 quibus

530 1636 826 1691 Salvatoris
869 1636 1155 1702 diSCiplina
1212 1635 1405 1705 placet.
1470 1634 1532 1690 lli
1582 1636 1724 1691 enim
1786 1635 2105 1691 Trinitatem

536 1724 757 1794 quidem
786 1738 892 1777 non
925 1724 1172 1794 ignorant
1204 1724 1257 1778 in
1283 1725 1462 1779 divina
1499 1723 1777 1794 Scriptura
1805 1724 2105 1794 praedicari,

532 1829 641 1873 tres
675 1831 852 1874 autem
883 1835 1002 1875 esse
1048 1819 1183 1876 Deos
1209 1832 1308 1875 nec
1333 1822 1383 1874 in
1410 1821 1587 1877 Veteri
1614 1837 1710 1877 nec
1752 1822 1804 1877 in
1827 1820 1978 1879 Novo
2004 1822 2109 1878 Te-

532 1920 803 1965 stamento
832 1913 1036 1967 doceri.
1070 1911 1188 1967 Non
1221 1914 1399 1967 minus
1422 1913 1582 1968 etiam
1611 1914 1684 1968 illi
1708 1914 1958 1984 culpandi
1979 1925 2106 1970 sunt
2133 1892 2179 1952 Β

530 2004 622 2072 qui
679 2002 870 2058 Filium
898 2019 1031 2073 Opus
1058 2019 1180 2060 esse
1211 2006 1548 2069 existimant,
1599 2016 1655 2061 et
1696 2006 1979 2061 Dominum
2021 2005 2103 2059 fa-

530 2109 677 2152 ctum
702 2114 822 2152 esse
850 2099 1109 2163 sentiunt,
1161 2099 1313 2167 quasi
1346 2097 1600 2154 videlicet
1654 2114 1815 2153 unum
1847 2107 1991 2153 esset
2038 2112 2105 2153 ex

531 2190 618 2244 his
644 2206 761 2259 quae
785 2205 913 2245 vere
943 2191 1082 2244 facta
1109 2201 1256 2256 sunt,
1286 2207 1409 2246 cum
1445 2192 1623 2246 divina
1650 2191 1925 2260 Scriptura
1961 2189 2104 2244 illum

530 2284 771 2351 genitum
802 2297 942 2344 esse.
1002 2292 1060 2338 ut
1087 2284 1261 2339 eidem
1294 2284 1548 2339 convenit
1587 2284 1959 2354 c'ongruitqne,
2002 2298 2106 2336 non

532 2386 715 2429 autem
748 2374 1037 2429 formatum
1070 2385 1125 2430 et
1168 2375 1370 2431 factum
1397 2390 1519 2432 esse
1546 2383 1792 2430 testetur.
1833 2373 1949 2429 Non
1978 2374 2109 2429 levis

534 2468 725 2536 igitur,
760 2468 853 2522 sed
882 2483 1091 2522 summa
1136 2480 1220 2524 est
1272 2471 1539 2540 impietas,
1598 2468 1881 2522 Dominum
1929 2465 2110 2537 aliquo

534 2559 698 2613 modo
727 2559 1095 2615 manufactum
1152 2562 1350 2615 dicere.
1382 2560 1515 2614 Nam
1547 2560 1592 2614 si
1622 2559 1796 2614 factus
1815 2571 1897 2614 est
1919 2557 2108 2623 Filius,

538 2649 639 2703 fuit
666 2650 979 2719 aliquando,
1005 2667 1127 2705 cum
1154 2667 1261 2705 non
1288 2660 1467 2709 esset:
1501 2642 1773 2719 atqui'fuit
1798 2665 2031 2720 semper,
2065 2651 2109 2705 si

538 2740 725 2809 utique
766 2742 839 2795 sit
875 2742 926 2794 in
959 2740 1139 2801 Patre,
1186 2752 1243 2795 ut
1274 2743 1391 2811 ipse
1430 2741 1672 2795 declarat
1696 2740 1761 2804 ”,
1795 2750 1849 2795 et
1879 2741 1921 2795 si
1957 2740 2113 2796 Chri-

537 2844 657 2887 stus
687 2833 861 2903 ipsum
891 2834 959 2887 sit
988 2832 1241 2899 Verbum,
1283 2834 1545 2903 sapientia
1572 2842 1630 2886 et
1667 2832 1857 2887 virtus.
1890 2830 2017 2886 Haec
2040 2831 2117 2887 si-

536 2924 754 2993 quidem
778 2924 1051 2979 Christum
1094 2940 1214 2980 esse
1238 2925 1430 2979 divina:
1467 2924 1658 2979 littera:
1685 2925 1899 2988 docent,
1928 2934 1989 2978 ut
2016 2939 2112 2979 vo-

536 3020 622 3073 bis
664 3027 811 3073 certe
864 3035 969 3073 non
1005 3017 1134 3072 latet
1180 3034 1196 3072 :
1245 3019 1358 3072 hare
1406 3025 1584 3072 autem
1623 3017 1832 3078 eadem,
1886 3016 2115 3071 virtutes

536 3111 632 3164 Dei
655 3120 809 3173 sunt;
876 3127 939 3164 ac
968 3110 1189 3180 proinde
1235 3109 1281 3165 si
1309 3108 1482 3165 factus
1516 3118 1600 3164 est
1628 3106 1819 3171 Filius,
1855 3107 1953 3163 fuit
1985 3122 2115 3179 ergo

536 3200 844 3271 aliquando,
872 3218 992 3256 cum
1024 3204 1137 3257 haec
1172 3216 1277 3256 non
1312 3211 1515 3257 essent.
1552 3201 1717 3272 Igitur
1746 3210 1953 3270 tempus
1978 3201 2107 3265 fuit,

536 3310 658 3349 cum
688 3295 804 3350 sine
849 3295 937 3351 his
986 3304 1129 3350 esset
1160 3296 1334 3362 Deus;
1365 3295 1510 3364 quod
1561 3295 1956 3365 perabsurdum
2006 3305 2109 3350 est.

539 3382 647 3439 Sed
674 3386 805 3454 quid
846 3386 1088 3455 pluribus
1124 3386 1189 3440 de
1218 3386 1303 3441 his
1326 3387 1468 3456 apud
1515 3400 1611 3441 vos
1658 3386 1942 3449 disseram,
1968 3384 2115 3439 viros

539 3476 744 3547 Spiritu
780 3478 989 3548 plenos,
1043 3481 1241 3549 quibus
1293 3480 1485 3545 utique
1520 3478 1797 3548 explorata
1843 3486 1969 3533 sunt
1995 3493 2116 3546 quae

542 3571 773 3624 absurda
800 3583 1101 3641 sequuntur
1134 3587 1203 3627 ex
1232 3570 1446 3627 illorum
1470 3572 1759 3634 sententia,
1793 3572 1884 3639 qui
1921 3570 2114 3624 Filium

543 3658 877 3717 factumesse
905 3663 1260 3727 contendunt,
1286 3662 1353 3716 ad
1379 3676 1498 3731 qua:
1522 3678 1653 3717 sane
1687 3677 1790 3716 non
1821 3661 2118 3717 attendisse

542 3752 673 3806 ιιιῆιί
714 3753 961 3808 videntur
986 3754 1145 3821 hujus
1182 3756 1454 3825 opinionis
1496 3756 1688 3818 duces,
1720 3764 1883 3824 atque
1914 3754 2117 3808 idcirco

540 3855 571 3895 α
605 3843 833 3898 veritate
889 3858 1113 3913 prorsus
1159 3846 1465 3911 aberrasse,
1525 3844 1617 3915 qui
1670 3845 1877 3900 scilicet
1928 3852 2116 3898 contra

542 3941 775 3985 utentem
801 3932 997 3987 divinae
1023 3945 1079 3988 et
1116 3935 1444 4003 prophetica:
1492 3936 1788 4004 Scriptura:
1814 3937 1931 3991 haec
1956 3935 2117 3990 verba

542 4019 855 4090 explicant:
900 4022 1153 4077 Dominus
1200 4026 1390 4077 crearit
1424 4042 1503 4079 me
1548 4026 1861 4094 principium
1911 4026 2119 4080 viarum

546 4129 766 4166 suarum
800 4115 839 4170 ⁸.
895 4113 1003 4168 Nec
1029 4115 1194 4180 enim,
1234 4127 1292 4169 ut
1341 4118 1513 4181 scitis,
1540 4133 1644 4171 una
1672 4126 1757 4172 est
1793 4118 2119 4187 signiﬁcatio

544 4204 716 4267 verbi,
749 4208 959 4262 creavit.
988 4206 1121 4260 Nam
1152 4208 1508 4353 how,
1544 4212 1754 4275 creavit,
1780 4211 1919 4263 idem
1950 4220 2033 4264 est
2055 4223 2119 4263 ac

544 4295 784 4353 Drmlecit
808 4298 1062 4353 oneribus
1086 4298 1153 4353 ab
1184 4299 1235 4353 in
1382 4302 1504 4353 ctis.
1536 4300 1714 4353 iactis.
1755 4300 1997 4353 inauam.
2025 4315 2119 4353 per

543 4295 784 4363 prmlecit
808 4298 1062 4366 cperibus
1086 4298 1153 4353 ab
1184 4295 1504 4367 ipmtis,
1536 4300 1714 4367 iactis,
1755 4300 1997 4367 inquam,
2025 4315 2121 4369 per

545 4386 715 4452 ipsum
744 4385 958 4442 Filium.
1005 4388 1119 4443 lloc
1163 4398 1344 4443 autem
1378 4392 1624 4455 verbum,
1677 4390 1896 4455 creavit,
1922 4389 2010 4445 hic
2040 4389 2123 4444 in-

548 4476 888 4548 telligendum
915 4495 1018 4534 non
1055 4490 1139 4535 est
1168 4496 1286 4548 pro,
1317 4482 1437 4549 fecit
1469 4495 1488 4533 :
1532 4482 1799 4551 siquidem
1850 4478 2031 4535 facere
2067 4488 2123 4534 et

1293 4208 1487 4298 ω

1203 4298 1382 4367 βπ

2202 627 2329 680 Υίὸν
2373 622 2512 679 εἶναι
2552 626 2724 693 λέγων
2756 624 2849 677 τὸν
2899 624 3147 695 Πατέρα,
3193 623 3287 676 xal.
3316 622 3583 693 ἔμπαλιν·
3618 627 3666 677 οί
3713 622 3771 678 δὲ

2197 722 2346 791 τρεῖς
2395 718 2562 783 Θεοῦς
2610 712 2811 789 τρόπον
2862 719 2984 772 τινά
3042 714 3432 788 κηρύττουσιν,
3486 717 3568 780 είς
3624 717 3770 789 τρεῖς

2200 810 2524 875 ὑποστάσεις
2556 810 2710 877 ξένας
2744 806 2985 881 ἀλλήλων
3014 807 3327 861 παντάπασι
3361 807 3773 877 κεχωρισμένας

2198 904 2534 975 διαιροῦντες
2568 902 2665 974 τὴν
2694 900 2853 971 ἁγίαν
2886 901 3087 973 μονάδα
3110 919 3124 932 ο
3153 899 3393 972 ἡνῶσθαι
3421 900 3529 971 γάρ
3559 900 3769 969 ἀνάγκη

2200 998 2278 1068 τῷ
2310 997 2429 1068 Θεῷ
2459 997 2568 1050 τῶν
2595 997 2731 1049 ὅλων
2752 995 2844 1048 τὸν
2878 995 3019 1047 θεῖον
3053 992 3251 1062 Λόγονο
3291 992 3691 1062 ὲμφιλοχωρεῖν
3718 991 3774 1044 δὲ

2200 1091 2278 1162 τῷ
2307 1089 2425 1161 Θεῷ
2474 1090 2569 1143 καὶ
2600 1086 2962 1142 ἐνδιαιτᾶσθαι
2991 1087 3072 1139 δεῖ
3110 1084 3170 1137 τὸ
3203 1085 3357 1152 ᾶγιον
3395 1081 3650 1153 Πνεῦμα·
3675 1082 3772 1153 ἢδη

2203 1184 2297 1238 καὶ
2331 1183 2431 1253 τὴν
2481 1181 2629 1236 θείαν
2657 1180 2864 1253 Τριάδα
2896 1180 2977 1241 εἰς
3009 1178 3135 1241 ἕνα,
3174 1176 3363 1248 ῶσπερ
3405 1178 3487 1240 είς
3532 1177 3773 1246 κορυφήν

2203 1292 2323 1329 τινα
2370 1273 2501 1345 (τὸν
2547 1272 2679 1326 Θεὸν
2722 1271 2831 1325 τῶν
2878 1270 3014 1323 ὅλων
3058 1269 3149 1323 τὸν
3216 1269 3636 1339 παντοκράτορα
3687 1266 3773 1318 λέ-

2205 1380 2287 1434 γω
2308 1365 2455 1438 [21])
2492 1362 3016 1434 συγκεφαλαιοῦσθαί
3067 1379 3126 1415 τε
3158 1360 3251 1414 καὶ
3280 1360 3612 1430 συνάγεσθαι
3634 1360 3774 1412 πᾶσα

2207 1460 2442 1531 ἀνάγκη.
2470 1459 2794 1530 Μαρκίωνος
2826 1457 2932 1528 γὰρ
2971 1456 3064 1509 τοῦ
3094 1455 3485 1527 ματαιόφρονος
3524 1454 3773 1523 δίδαγμα,

2206 1550 2287 1613 είς
2322 1553 2469 1621 τρεῖς
2503 1549 2677 1620 ἀρχὰς
2708 1548 2809 1617 τῆς
2845 1546 3139 1617 μοναρχίας
3168 1545 3341 1616 τομὴν
3372 1546 3465 1598 καὶ
3495 1543 3777 1615 διαίρεσιν,

2208 1638 2480 1710 παίδευμα
2510 1639 2569 1692 ὂν
2600 1637 2929 1700 διαϐολικὸν,
2962 1637 3083 1706 οὐχὶ
3114 1636 3170 1690 δὲ
3194 1636 3302 1689 τῶν
3327 1636 3497 1697 ὅντως
3528 1633 3781 1704 μαθητῶν

2207 1729 2298 1786 τοῦ
2332 1730 2569 1803 Χριστοῦ
2596 1731 2689 1782 καὶ
2713 1730 2823 1783 τῶν
2854 1728 3237 1802 ἀρεσκομένων
3268 1730 3382 1791 τοῖς
3410 1726 3505 1780 τοῦ
3532 1725 3783 1797 Σωτῆρος

2214 1824 2546 1896 μαθήμασιν.
2600 1816 2760 1877 Οὗτοι
2802 1823 2910 1894 γὰρ
2964 1822 3171 1894 Τριάδα
3220 1822 3317 1892 μὲν
3372 1819 3784 1891 κηρυττομένην

2208 1917 2311 1970 ὑπὸ
2344 1917 2441 1988 τῆς
2488 1917 2640 1980 θείας
2682 1916 2906 1987 Γραφῆς
2937 1915 3123 1984 σαφῶς
3165 1914 3508 1977 ἐπίστανται,
3542 1914 3696 1982 τρεῖς
3729 1910 3784 1965 δὲ

2208 2008 2360 2071 θεοὺς
2396 2007 2517 2060 οὔτε
2566 2007 2807 2062 Παλαιὰν
2849 2006 2972 2060 οῦτε
3012 2007 3220 2077 Καινὴν
3258 2005 3538 2075 Διαθηκην
3582 2002 3785 2075 κηρύτ-

2206 2115 2421 2151 τουσαν.
2457 2100 2531 2151 Οὐ
2588 2102 2732 2170 μεῖον
2772 2099 2814 2152 δ’
2844 2099 2910 2153 ἀν
2938 2116 3024 2162 τις
3074 2096 3485 2168 καταμέμφοιτο
3531 2096 3630 2150 καὶ
3665 2098 3787 2160 τοὺς

2208 2192 2420 2263 ποίημα
2444 2190 2535 2244 τὸν
2573 2190 2701 2244 Υίὺν
2732 2188 2871 2245 εἶναι
2898 2190 3216 2257 δοξάζοντας
3239 2189 3372 2258 (22),
3390 2190 3487 2242 καὶ
3506 2188 3786 2257 γεγονέναι

2206 2283 2298 2337 τὸν
2321 2284 2543 2357 Κύριον,
2561 2284 2708 2337 ῶσπε
2717 2301 2748 2355 ρ
2774 2284 2832 2337 ἓν
2852 2301 2906 2337 τι
2931 2283 3100 2346 ὅντως
3119 2281 3424 2352 γενομένων
3444 2279 3788 2351 νομίζοντας,

2207 2376 2315 2428 τῶν
2360 2375 2519 2430 θείων
2572 2375 2766 2445 λογίων
2798 2375 3050 2444 γέννησιν
3087 2372 3237 2444 αὐτῷ
3282 2372 3382 2444 τὴν
3412 2373 3787 2446 ἁρμόττουσαν

2211 2465 2304 2520 καὶ
2356 2466 2688 2538 πρέπουσαν,
2720 2465 2833 2519 ἀλλ’
2861 2465 2983 2535 οὐχὶ
3016 2464 3213 2517 πλάσιν
3266 2463 3388 2517 τινὰ
3434 2462 3531 2515 καὶ
3577 2463 3787 2534 ποίησιν

2210 2556 2791 2629 προσμαρτυρούντων.
2815 2555 3139 2626 Βλάσφημον
3169 2549 3262 2608 οὖν
3282 2555 3343 2607 οὐ
3375 2554 3437 2607 τὸ
3475 2554 3663 2625 τυχὸν,
3697 2552 3788 2624 μέ·

2210 2667 2395 2718 γιστον
2426 2650 2522 2721 μὲν
2543 2646 2655 2714 οῦν,
2689 2648 3064 2721 χειροποίητον
3096 2648 3293 2719 τρόπον
3335 2647 3459 2701 τινά
3493 2648 3677 2716 λέγειν
3703 2646 3790 2699 τὸν

2212 2741 2434 2812 Κύριον.
2462 2741 2525 2795 El
2546 2741 2654 2812 γὰρ
2683 2744 2907 2810 γέγονεν
2937 2738 3086 2801 Υἱὸς,
3112 2733 3180 2808 ἦν
3215 2741 3303 2793 ὅτε
3342 2740 3444 2791 οὐκ
3478 2733 3549 2809 ἦν
3569 2755 3583 2767 ·
3623 2739 3709 2790 ἀεὶ
3735 2738 3790 2790 δὲ

2210 2828 2299 2904 ἦν,
2327 2834 2458 2902 εἴγε
2482 2834 2591 2904 (25)
2617 2836 2674 2885 ἐν
2694 2834 2771 2905 τῷ
2808 2836 2982 2907 Πατρί
3018 2837 3184 2899 ἐστιν,
3213 2835 3288 2897 ὡς
3321 2834 3486 2896 αὑτός
3512 2848 3669 2902 φησι,
3700 2830 3789 2883 καὶ

2214 2927 2260 2978 εἰ
2300 2924 2469 2993 Λόγος
2514 2926 2606 2979 καὶ
2640 2926 2797 2994 σοφία
2849 2928 2944 2980 καὶ
2989 2926 3217 2997 δύναμις
3246 2928 3275 2979 6
3316 2925 3590 2996 Χριστός*
3621 2920 3789 2974 ταῦτα

2212 3018 2321 3088 γὰρ
2343 3015 2477 3071 εἶναι
2498 3018 2588 3071 τὸν
2611 3017 2843 3091 Χριστὸν
2865 3022 2920 3074 αί
2948 3020 3086 3074 θεῖαι
3108 3019 3326 3088 λέγουσι
3343 3018 3585 3089 Γραφαὶ,
3604 3014 3791 3083 ῶσπερ

2215 3110 2510 3164 ἐπίστασθε
2530 3128 2543 3141 ·
2593 3111 2767 3166 ταῦτα
2806 3112 2861 3166 δὲ
2906 3113 3162 3185 δυνάμεις
3186 3107 3342 3166 οὖσαι
3366 3108 3462 3163 τοῦ
3503 3106 3644 3161 Θεοῦ
3669 3122 3790 3172 τυγ-

2136 3234 2180 3293 C
2215 3202 2489 3274 χάνουσιν.
2524 3204 2588 3258 Ei
2618 3205 2797 3259 τοίνυν
2842 3206 3061 3274 γέγονεν
3106 3207 3136 3257 6
3166 3203 3315 3269 Υἱὸς,
3358 3197 3428 3273 ἦν
3465 3202 3559 3293 ὅτε
3590 3198 3691 3252 οὐκ
3727 3192 3791 3293 ᾖν

2214 3293 2413 3348 ταῦτα·
2447 3291 2515 3366 ἦν
2548 3296 2654 3367 ἄρα
2689 3297 2901 3369 καιρὸς,
2926 3299 3015 3350 ὅτε
3042 3297 3210 3368 χωρὶς
3250 3294 3461 3348 τούτων
3492 3288 3564 3363 ἦν
3584 3293 3613 3345 6
3642 3289 3788 3350 Θεός.

2228 3384 2596 3440 Ἀτοπώτατον
2632 3387 2689 3439 δὲ
2736 3388 2913 3441 τοῦτο.
2946 3388 3055 3440 Καὶ
3103 3386 3155 3439 τί
3204 3386 3271 3440 ἂν
3301 3386 3395 3438 ἐπὶ
3449 3383 3614 3436 πλέον
3670 3379 3792 3450 περὶ

2214 3476 2418 3529 τούτων
2446 3478 2583 3550 πρὸς
2620 3479 2768 3549 ὑμᾶς
2807 3478 3176 3550 διαλεγοίμην,
3217 3476 3354 3549 πρὸς
3393 3475 3597 3546 ἄνδρας
3629 3488 3789 3524 πνευ-

2219 3566 2557 3638 ματοφόρους
2601 3569 2695 3621 καὶ
2742 3568 2927 3637 σαφῶς
2970 3567 3367 3638 ἐπισταμένους
3415 3564 3519 3627 τάς
3566 3559 3791 3637 ἀτοπίας

2216 3658 2313 3723 τὰς
2346 3661 2409 3712 ὲκ
2442 3658 2535 3713 τοῦ
2576 3660 2785 3732 ποίημα
2825 3659 3141 3730 λέγειν”τὸν
3171 3658 3298 3712 Υίὸν
3331 3644 3789 3719 ἀνακοπτοῦἅαξς

2218 3750 2305 3816 αἶς
2331 3771 2419 3824 μοι
2443 3753 2657 3806 δοκοῦσι
2690 3754 2764 3825 μὴ
2794 3753 3226 3825 προσεσχηκέναι
3263 3750 3356 3805 τὸν
3406 3750 3535 3804 νοῦν
3584 3750 3634 3802 oi
3668 3747 3795 3801 mli-

2218 3843 2556 3915 ηγησάμενοι
2604 3842 2707 3913 τῆς
2757 3842 2915 3913 δόξης
2960 3843 3163 3914 ταύτης
3192 3842 3323 3913 (24),
3358 3840 3455 3894 καὶ
3508 3840 3595 3893 διὰ
3644 3836 3793 3890 τοῦτο

2220 3935 2415 4006 κομιδῆ
2458 3935 2553 3989 τοῦ
2600 3934 2832 4005 ἀληθοῦς
2874 3934 3334 4007 διημαρτηκέναι,
3381 3931 3644 4004 ὲτέρωςῆ
3680 3928 3794 3999 βού-

2231 4028 2387 4080 λεται
2413 4026 2585 4099 ταύτῃ
2608 4029 2642 4097 ἡ
2666 4026 2787 4080 θεία
2821 4028 2915 4080 καὶ⁵
2942 4023 3469 4099 προφητικὴΓραφὴ
3492 4021 3795 4089 τὸ,Κύριος

2218 4117 2419 4173 ἐκτισέ
2436 4135 2510 4187 με
2534 4118 2731 4187 ἀρχὴν
2761 4116 2917 4172 ὁδῶν
2953 4118 3159 4182 αὑτοῦ,
3186 4116 3557 4187 ἐκδεξάμενοι.
3589 4114 3663 4167 Οὐ
3699 4111 3793 4182 μία

2220 4208 2329 4281 γὰρ
2382 4212 2414 4281 ἡ
2473 4209 2569 4263 τοῦ
2627 4210 2894 4273 ἔκτισεν,
2957 4211 3033 4274 ὡς
3091 4211 3227 4274 ἴστε,
3284 4205 3791 4279 anuceria-Extare

2222 4304 2330 4375 γὰρ
2383 4302 2616 4357 ἐνταῦθα
2673 4304 2965 4358 ἀκουστέον
3015 4303 3135 4356 ἀντὶ
3174 4299 3269 4354 τοῦ
3296 4340 3311 4363 ,
3365 4300 3634 4370 ἐπέστησε
3686 4295 3793 4355 τοῖς

2224 4398 2318 4450 ὑπ’
2341 4395 2504 4451 αὐτοῦ
2528 4396 2809 4465 γεγονόσιν
2837 4395 3040 4466 ἔργοις,
3066 4392 3313 4463 γεγονόσι
3336 4391 3392 4444 δὲ
3418 4391 3488 4443 δι’
3517 4387 3675 4443 αὑτοῦ
3699 4382 3790 4437 τοῦ

2224 4489 2384 4543 Υἱοῦ·
2420 4490 2541 4559 οὐχὶ
2600 4489 2657 4542 δέ
2710 4506 2774 4558 γε
2818 4488 2879 4541 τὺ
2918 4488 3123 4541 ἔκτισε
3182 4485 3276 4539 νῦν
3324 4484 3523 4552 λέγοιτ’
3565 4481 3630 4535 ἂν
3684 4475 3791 4547 (9-5)

544 4582 730 4625 creare
764 4571 910 4626 inter
959 4587 1017 4627 se
1070 4572 1346 4626 differunt.
1382 4573 1518 4627 llinc
1571 4572 1781 4643 Moyses
1825 4571 1880 4627 in
1924 4585 2113 4643 magno

2226 4583 2317 4636 ἐπὶ
2377 4582 2470 4635 τοῦ
2517 4582 2797 4647 ἐποίησε·
2847 4581 3091 4651 διαφέρει
3148 4578 3259 4650 γὰρ
3319 4576 3416 4629 τοῦ
3473 4575 3691 4643 ποιῆσαι
3733 4565 3793 4620 τδ

553 4659 957 4717 Deuteronomii
1008 4664 1252 4719 carmine
1277 4664 1353 4718 ait
1405 4683 1419 4718 :
1465 4664 1721 4728 Nunquid
1768 4680 1870 4718 non
1899 4666 2006 4731 ipse
2042 4672 2119 4717 est

550 4749 872 4819 Putertuus,
906 4754 997 4823 qui
1026 4756 1253 4819 possedit
1282 4765 1351 4820 te,
1376 4765 1424 4809 et
1462 4755 1584 4824 fecit
1607 4765 1675 4817 te,
1701 4763 1750 4808 et
1779 4755 1970 4809 creavit
1995 4764 2042 4808 te
2060 4752 2119 4808 ³2

548 4846 641 4900 Sic
662 4847 825 4900 etiam
854 4847 974 4902 illos
1004 4858 1154 4903 recte
1188 4848 1314 4918 quis
1350 4849 1519 4917 possit
1548 4862 1844 4918 coarguere
1875 4865 1888 4901 :
1921 4848 1965 4903 Ο
1986 4862 2117 4917 prae-

547 4938 743 5006 cipites
775 4942 1158 5012 temerariique
1189 4941 1468 4996 homines!
1498 4940 1712 5009 Ergone
1745 4939 1889 4996 facta
1921 4955 2009 4995 res
2037 4948 2123 4995 est

548 5030 935 5099 primogenitus
980 5035 1156 5089 omnis
1198 5034 1530 5098 creaturaa',
1578 5035 1668 5103 qui
1718 5047 1783 5089 ex
1817 5042 1970 5089 utero
1993 5043 2121 5089 ante

548 5118 830 5175 luciferum
861 5126 1074 5194 genitus
1098 5136 1182 5181 est
1205 5125 1249 5192 ⁸,
1292 5125 1383 5195 qui
1408 5137 1465 5179 ut
1487 5125 1762 5195 Sapientia
1791 5126 1920 5181 dicit
1949 5126 2123 5182 :Ants

549 5230 727 5267 omnes
766 5217 920 5271 colles
947 5235 1027 5272 me
1049 5220 1215 5289 gignit
1238 5219 1299 5271 ’ἲ
1341 5219 1582 5288 Denique
1610 5218 1902 5289 Scriptura:
1928 5218 2123 5273 divina:

618 5348 664 5381 ⁹⁹
692 5347 850 5404 Juan.
878 5366 987 5415 xiv,
1024 5351 1109 5405 10.
1192 5351 1208 5383 ¹
1243 5350 1402 5406 Prov.
1430 5366 1549 5416 vin,
1570 5352 1662 5409 22.
1738 5352 1759 5383 ⁹
1786 5352 1937 5409 Deut.
1966 5369 2135 5421 xxxu,
2164 5355 2219 5412 6.
2294 5358 2317 5390 ³
2342 5358 2549 5413 Coloss.
2584 5374 2626 5424 ι,
2652 5356 2740 5412 l5.
2815 5356 2837 5386 ‘
2865 5354 3005 5410 Psal.
3036 5371 3146 5421 cxx,
3178 5354 3233 5409 3.
3306 5352 3327 5385 '
3357 5350 3517 5406 Prav.
3561 5360 3668 5410 Vm.
3695 5341 3763 5395 εδ

621 5489 737 5629 (Sig
766 5484 896 5561 Reg.
933 5491 1127 5558 λέγων,
1156 5500 1213 5544 ut
1248 5501 1301 5545 et
1332 5493 1457 5560 legit
1486 5491 1737 5546 Ambros.
1777 5492 2022 5547 Camald.

624 5559 715 5613 ’22
770 5561 901 5629 Reg.
950 5561 1302 5625 δοξάσαντας.
1336 5562 1501 5617 Basil.
1537 5562 1853 5628 δοξάζοντες
1877 5602 1892 5627 ,
1935 5574 1991 5620 et

624 5559 737 5629 ’22)
770 5559 901 5631 Reg.
950 5561 1302 5625 δοξάσαντας.
1336 5559 1501 5617 Basil.
1537 5562 1853 5628 δοξάζοντες
1877 5602 1892 5627 ,
1935 5574 1991 5620 et
2026 5563 2131 5619 alia

555 5642 737 5694 manu,
764 5649 855 5700 γρ.
888 5632 1239 5698 δοξάσαντας.

556 5785 583 5820 Ο

588 5800 741 5911 τ’(ῗθέι)
777 5840 866 5898 Sic
914 5843 1047 5912 Reg.
1088 5844 1194 5900 Alii
1226 5857 1354 5901 veto
1406 5853 1463 5899 et
1508 5844 1638 5900 edit:
1701 5848 1955 5901 omittunt
2009 5842 2139 5896 ταύ-

2217 4674 2421 4728 κτίσαι.
2443 4677 2564 4729 Οὐκ
2602 4671 2786 4739 αὐτὸς
2817 4669 2997 4739 οὗτός
3014 4686 3128 4727 σου
3142 4669 3345 4737 Πατὴρ
3375 4664 3675 4736 ἐκτήσατό
3699 4675 3788 4721 σε,

2216 4766 2314 4819 καί
2339 4766 2588 4833 ἐποίησέ
2616 4781 2710 4829 σε,
2741 4766 2838 4819 καί
2869 4764 3072 4818 ἐκτισέ
3101 4776 3209 4827 σε;
3241 4764 3307 4832 τῇ
3341 4763 3400 4813 ὲν
3428 4759 3509 4828 τῷ
3542 4760 3791 4825 Δευτερο-

2216 4856 2388 4927 νομίῳ
2438 4856 2646 4927 μεγάλῃ
2693 4856 2803 4927 ᾠδῇ
2854 4858 2883 4909 6
2934 4854 3137 4926 Μωσῆς
3190 4870 3343 4923 φησι.
3381 4852 3529 4923 Πρὸς
3570 4847 3658 4911 οὓς
3701 4842 3793 4898 καὶ

2218 4948 2363 5002 εἴποι
2395 4949 2459 5004 άν
2501 4966 2613 5013 τις·
2642 4944 2723 5017 ,Ὢ
2770 4947 3129 5018 ριψοκίνδυνοι
3172 4944 3481 5017 ἄνθρωποιῐ
3534 4939 3729 5011 ποίημα
3760 4936 3794 4989 6

2228 5040 2570 5112 πρωτότοκος
2620 5039 2801 5110 πάσης
2865 5038 3132 5101 κτίσεως,
3189 5037 3219 5089 6
3272 5037 3337 5088 ὲκ
3401 5032 3637 5104 γαστρὸς
3690 5023 3793 5097 πρὸ

2230 5133 2505 5203 ἑωσφόρον
2561 5130 2874 5202 γεννηθεὶς,
2919 5131 2947 5182 6
2989 5127 3158 5181 εἰπὼν
3211 5127 3288 5191 ὡς
3335 5127 3537 5195 Σοφία·
3575 5120 3686 5191 Πρὸ
3721 5116 3793 5169 δὲ

2229 5223 2469 5279 πάντων
2490 5222 2741 5289 ,Βουνῶν
2762 5219 2948 5293 γεννᾷ
2976 5238 3054 5292 με
3070 5237 3090 5285 ;
3132 5218 3243 5273 Καὶ
3280 5215 3549 5286 πολλαχοῦ
3604 5212 3656 5265 δὲ
3685 5207 3793 5261 τῶν

2233 5511 2352 5565 της.
2378 5492 2506 5565 Mos
2533 5491 2664 5561 Reg.
2696 5506 2794 5561 pro
2821 5481 3149 5565 ﬁliahet
3214 5556 3229 5565 _
3460 5552 3496 5565 _
3564 5544 3726 5565 HM!

2307 5552 2420 5632 (25)
2454 5562 2543 5616 Sic
2568 5552 2713 5632 mss:
2728 5570 2781 5614 et
2802 5552 2889 5632 ed.
2915 5552 3174 5632 (ᾆφιιιιὲίειἶ
3200 5553 3432 5632 At_ed_il_.
3456 5552 3795 5632 Parisiensis,

2236 5613 2759 5690 ἀνὲῐῖίλεέιέέυιὶίεν
2784 5613 2886 5683 ex!
2932 5630 3068 5681 idem
3126 5628 3211 5680 hic
3244 5625 3514 5692 significat
3545 5636 3604 5674 ac
3645 5613 3792 5692 ἀντί.

560 5685 743 5797 Ἶβδ)
770 5685 870 5758 ’ἐὶε
901 5685 1036 5773 Reg.
1067 5712 1123 5757 ut
1148 5685 1400 5774 et'exigit
1433 5717 1650 5759 sensus.
1682 5701 1822 5756 Editi
1856 5714 1910 5758 et
1941 5703 2057 5771 alii,
2086 5702 2134 5755 εί
2239 5685 2371 5759 llos
2392 5685 2454 5755 τὸ
2483 5701 2826 5797 κτίσαᾍιιυοιι
2856 5699 3098 5797 πρὶρειρη
3122 5697 3209 5750 ed.
3253 5685 3534 5797 CETLIIEE‘

2242 5790 2360 5825 mus
2382 5789 2445 5826 ex
2480 5787 2612 5825 mss.
2648 5762 2779 5837 Reg.
2815 5781 2868 5821 et
2894 5767 3054 5821 Dasil.
3086 5768 3332 5822 hancoue
3354 5779 3535 5821 vocem
3555 5762 3794 5829 Ιειςεΐυυι

2244 5843 2483 5899 Nannius
2510 5851 2564 5898 et
2596 5841 2847 5897 Ambros.
2883 5838 3122 5895 Catuald.
