  <div class='ocr_page' id='page_1' title='image "/cluster/home/n/w/nwhite01/storage/ocr_20150623/25/hvd.32044004972428/534.png"; bbox 0 0 3978 6500; ppageno 0'>
   <div class='ocr_carea' id='block_1_1' title="bbox 210 426 1757 487">
    <p class='ocr_par' dir='ltr' id='par_1_1' title="bbox 210 426 1757 486">
     <span class='ocr_line' id='line_1_1' title="bbox 210 426 1757 486; baseline -0.002 0"><span class='ocrx_word' id='word_1_1' title='bbox 210 426 298 486; x_wconf 64' lang='grc' dir='ltr'><strong>ΜΞ</strong></span> <span class='ocrx_word' id='word_1_2' title='bbox 1253 430 1339 484; x_wconf 84' lang='lat' dir='ltr'><strong>DE</strong></span> <span class='ocrx_word' id='word_1_3' title='bbox 1379 428 1719 485; x_wconf 77' lang='lat' dir='ltr'><strong>DECRETIS</strong></span> <span class='ocrx_word' id='word_1_4' title='bbox 1755 430 1757 435; x_wconf 49' lang='grc'><em>⁴</em></span> 
     </span>
    </p>
   </div>
   <div class='ocr_carea' id='block_1_2' title="bbox 1859 426 2353 487">
    <p class='ocr_par' dir='ltr' id='par_1_2' title="bbox 1859 428 2353 487">
     <span class='ocr_line' id='line_1_2' title="bbox 1859 428 2353 487; baseline 0.01 -5"><span class='ocrx_word' id='word_1_5' title='bbox 1859 428 2054 486; x_wconf 63' lang='grc' dir='ltr'><strong>ὶΑΕΝιΕ</strong></span> <span class='ocrx_word' id='word_1_6' title='bbox 2090 429 2353 487; x_wconf 76' lang='lat' dir='ltr'><strong>SYNUDI.</strong></span> 
     </span>
    </p>
   </div>
   <div class='ocr_carea' id='block_1_3' title="bbox 3321 427 3427 487">
    <p class='ocr_par' dir='ltr' id='par_1_3' title="bbox 3321 427 3427 487">
     <span class='ocr_line' id='line_1_3' title="bbox 3321 427 3427 487; baseline 0.019 -2"><span class='ocrx_word' id='word_1_7' title='bbox 3321 427 3427 487; x_wconf 68' lang='grc' dir='ltr'><strong>ωδ</strong></span> 
     </span>
    </p>
   </div>
   <div class='ocr_carea' id='block_1_4' title="bbox 206 540 1757 615">
    <p class='ocr_par' dir='ltr' id='par_1_4' title="bbox 206 540 1757 611">
     <span class='ocr_line' id='line_1_4' title="bbox 206 540 1757 611; baseline -0.002 -15"><span class='ocrx_word' id='word_1_8' title='bbox 206 543 353 596; x_wconf 90' lang='grc' dir='ltr'>θείων</span> <span class='ocrx_word' id='word_1_9' title='bbox 380 540 586 610; x_wconf 81' lang='grc' dir='ltr'><strong>λογίων</strong></span> <span class='ocrx_word' id='word_1_10' title='bbox 636 540 1034 611; x_wconf 77' lang='grc' dir='ltr'>γεγεννῆσθαι,</span> <span class='ocrx_word' id='word_1_11' title='bbox 1086 542 1200 595; x_wconf 79' lang='grc' dir='ltr'>ἀλλ’</span> <span class='ocrx_word' id='word_1_12' title='bbox 1231 542 1291 594; x_wconf 79' lang='grc' dir='ltr'>οὐ</span> <span class='ocrx_word' id='word_1_13' title='bbox 1346 542 1623 611; x_wconf 84' lang='grc' dir='ltr'>γεγονέναι</span> <span class='ocrx_word' id='word_1_14' title='bbox 1674 546 1757 595; x_wconf 57' lang='grc' dir='ltr'><strong>τὸν</strong></span> 
     </span>
    </p>
   </div>
   <div class='ocr_carea' id='block_1_5' title="bbox 1859 540 3425 615">
    <p class='ocr_par' dir='ltr' id='par_1_5' title="bbox 1872 541 3425 615">
     <span class='ocr_line' id='line_1_5' title="bbox 1872 541 3425 615; baseline 0.002 -18"><span class='ocrx_word' id='word_1_15' title='bbox 1872 543 2052 597; x_wconf 88' lang='lat' dir='ltr'><strong>multis</strong></span> <span class='ocrx_word' id='word_1_16' title='bbox 2079 542 2132 597; x_wconf 90' lang='lat' dir='ltr'><strong>in</strong></span> <span class='ocrx_word' id='word_1_17' title='bbox 2163 542 2296 598; x_wconf 91' lang='lat' dir='ltr'><strong>locis</strong></span> <span class='ocrx_word' id='word_1_18' title='bbox 2322 541 2561 613; x_wconf 90' lang='lat' dir='ltr'><strong>genitum</strong></span> <span class='ocrx_word' id='word_1_19' title='bbox 2589 556 2712 597; x_wconf 91' lang='lat' dir='ltr'><strong>enm</strong></span> <span class='ocrx_word' id='word_1_20' title='bbox 2741 542 2944 609; x_wconf 90' lang='lat' dir='ltr'><strong>dicunt,</strong></span> <span class='ocrx_word' id='word_1_21' title='bbox 2974 555 3234 614; x_wconf 79' lang='lat' dir='ltr'><strong>nusquam</strong></span> <span class='ocrx_word' id='word_1_22' title='bbox 3266 542 3425 615; x_wconf 75' lang='lat'><strong>183</strong></span> 
     </span>
    </p>
   </div>
   <div class='ocr_carea' id='block_1_6' title="bbox 207 628 1767 704">
    <p class='ocr_par' dir='ltr' id='par_1_6' title="bbox 207 628 1767 704">
     <span class='ocr_line' id='line_1_6' title="bbox 207 628 1767 704; baseline -0.001 -17"><span class='ocrx_word' id='word_1_23' title='bbox 207 633 321 687; x_wconf 82' lang='grc' dir='ltr'>Υίδν</span> <span class='ocrx_word' id='word_1_24' title='bbox 373 632 671 703; x_wconf 86' lang='grc' dir='ltr'>λεγόμενον</span> <span class='ocrx_word' id='word_1_25' title='bbox 719 632 867 704; x_wconf 76' lang='grc' dir='ltr'>εὖροι</span> <span class='ocrx_word' id='word_1_26' title='bbox 912 651 997 698; x_wconf 90' lang='grc' dir='ltr'><strong>τις</strong></span> <span class='ocrx_word' id='word_1_27' title='bbox 1043 634 1140 688; x_wconf 77' lang='grc' dir='ltr'>ἄν·</span> <span class='ocrx_word' id='word_1_28' title='bbox 1180 635 1270 703; x_wconf 81' lang='grc' dir='ltr'>ὑφ’</span> <span class='ocrx_word' id='word_1_29' title='bbox 1320 628 1396 687; x_wconf 84' lang='grc' dir='ltr'><strong>ῶν</strong></span> <span class='ocrx_word' id='word_1_30' title='bbox 1444 632 1767 701; x_wconf 88' lang='grc' dir='ltr'>καταφανῶς</span> 
     </span>
    </p>
   </div>
   <div class='ocr_carea' id='block_1_7' title="bbox 206 726 1767 798">
    <p class='ocr_par' dir='ltr' id='par_1_7' title="bbox 206 726 1767 798">
     <span class='ocr_line' id='line_1_7' title="bbox 206 726 1767 798; baseline -0.001 -20"><span class='ocrx_word' id='word_1_31' title='bbox 206 726 511 796; x_wconf 77' lang='grc' dir='ltr'><strong>ἐλέγχονται</strong></span> <span class='ocrx_word' id='word_1_32' title='bbox 541 726 610 779; x_wconf 79' lang='grc' dir='ltr'>τὰ</span> <span class='ocrx_word' id='word_1_33' title='bbox 639 726 808 797; x_wconf 73' lang='grc' dir='ltr'>ψεύδη</span> <span class='ocrx_word' id='word_1_34' title='bbox 831 726 940 797; x_wconf 71' lang='lat'><strong>(26)</strong></span> <span class='ocrx_word' id='word_1_35' title='bbox 979 726 1108 798; x_wconf 81' lang='grc' dir='ltr'>περὶ</span> <span class='ocrx_word' id='word_1_36' title='bbox 1141 729 1241 798; x_wconf 80' lang='grc' dir='ltr'>τῆς</span> <span class='ocrx_word' id='word_1_37' title='bbox 1278 726 1371 779; x_wconf 69' lang='grc' dir='ltr'>τοῦ</span> <span class='ocrx_word' id='word_1_38' title='bbox 1401 726 1606 797; x_wconf 77' lang='grc' dir='ltr'><strong>Κυρίου</strong></span> <span class='ocrx_word' id='word_1_39' title='bbox 1645 741 1767 793; x_wconf 88' lang='grc' dir='ltr'>γεν-</span> 
     </span>
    </p>
   </div>
   <div class='ocr_carea' id='block_1_8' title="bbox 206 816 1766 890">
    <p class='ocr_par' dir='ltr' id='par_1_8' title="bbox 206 816 1766 890">
     <span class='ocr_line' id='line_1_8' title="bbox 206 816 1766 890; baseline 0 -21"><span class='ocrx_word' id='word_1_40' title='bbox 206 818 401 889; x_wconf 82' lang='grc' dir='ltr'>νήσεως</span> <span class='ocrx_word' id='word_1_41' title='bbox 435 816 912 889; x_wconf 69' lang='grc' dir='ltr'>ὑπολαμϐάνοντες</span> <span class='ocrx_word' id='word_1_42' title='bbox 950 821 998 873; x_wconf 87' lang='grc' dir='ltr'><strong>οί</strong></span> <span class='ocrx_word' id='word_1_43' title='bbox 1029 819 1245 890; x_wconf 81' lang='grc' dir='ltr'><strong>ποίησιν</strong></span> <span class='ocrx_word' id='word_1_44' title='bbox 1288 817 1451 871; x_wconf 79' lang='grc' dir='ltr'>αὐτοῦ</span> <span class='ocrx_word' id='word_1_45' title='bbox 1483 818 1579 889; x_wconf 80' lang='grc' dir='ltr'><strong>τὴν</strong></span> <span class='ocrx_word' id='word_1_46' title='bbox 1617 817 1766 870; x_wconf 81' lang='grc' dir='ltr'>Θείαν</span> 
     </span>
    </p>
   </div>
   <div class='ocr_carea' id='block_1_9' title="bbox 207 905 1765 982">
    <p class='ocr_par' dir='ltr' id='par_1_9' title="bbox 207 905 1765 982">
     <span class='ocr_line' id='line_1_9' title="bbox 207 905 1765 982; baseline -0.001 -19"><span class='ocrx_word' id='word_1_47' title='bbox 207 909 291 963; x_wconf 77' lang='grc' dir='ltr'>καὶ</span> <span class='ocrx_word' id='word_1_48' title='bbox 345 909 589 982; x_wconf 73' lang='grc' dir='ltr'>ἄρρητον</span> <span class='ocrx_word' id='word_1_49' title='bbox 640 911 890 981; x_wconf 81' lang='grc' dir='ltr'>γέννησιν</span> <span class='ocrx_word' id='word_1_50' title='bbox 928 911 1106 980; x_wconf 85' lang='grc' dir='ltr'>λέγειν</span> <span class='ocrx_word' id='word_1_51' title='bbox 1149 910 1471 982; x_wconf 87' lang='grc' dir='ltr'>τολμῶντες.</span> <span class='ocrx_word' id='word_1_52' title='bbox 1517 908 1641 963; x_wconf 78' lang='grc' dir='ltr'>ούτ’</span> <span class='ocrx_word' id='word_1_53' title='bbox 1673 905 1765 963; x_wconf 76' lang='grc' dir='ltr'><strong>οὖν</strong></span> 
     </span>
    </p>
   </div>
   <div class='ocr_carea' id='block_1_10' title="bbox 205 998 1765 1072">
    <p class='ocr_par' dir='ltr' id='par_1_10' title="bbox 205 998 1765 1072">
     <span class='ocr_line' id='line_1_10' title="bbox 205 998 1765 1072; baseline 0 -19"><span class='ocrx_word' id='word_1_54' title='bbox 205 998 588 1070; x_wconf 75' lang='grc' dir='ltr'>καταμερίζειν</span> <span class='ocrx_word' id='word_1_55' title='bbox 618 1000 721 1072; x_wconf 85' lang='grc' dir='ltr'><strong>χρὴ</strong></span> <span class='ocrx_word' id='word_1_56' title='bbox 746 1003 825 1064; x_wconf 85' lang='grc' dir='ltr'><strong>είς</strong></span> <span class='ocrx_word' id='word_1_57' title='bbox 857 1005 1005 1072; x_wconf 81' lang='grc' dir='ltr'><strong>τρεῖς</strong></span> <span class='ocrx_word' id='word_1_58' title='bbox 1039 1001 1297 1072; x_wconf 88' lang='grc' dir='ltr'>θεότητας</span> <span class='ocrx_word' id='word_1_59' title='bbox 1322 1000 1419 1072; x_wconf 84' lang='grc' dir='ltr'>τὴν</span> <span class='ocrx_word' id='word_1_60' title='bbox 1447 1000 1765 1072; x_wconf 82' lang='grc' dir='ltr'>θαυμαστὴν</span> 
     </span>
    </p>
   </div>
   <div class='ocr_carea' id='block_1_11' title="bbox 204 1090 1766 1164">
    <p class='ocr_par' dir='ltr' id='par_1_11' title="bbox 204 1090 1766 1164">
     <span class='ocr_line' id='line_1_11' title="bbox 204 1090 1766 1164; baseline -0.002 -18"><span class='ocrx_word' id='word_1_61' title='bbox 204 1093 288 1146; x_wconf 74' lang='grc' dir='ltr'><strong>καὶ</strong></span> <span class='ocrx_word' id='word_1_62' title='bbox 312 1092 461 1145; x_wconf 81' lang='grc' dir='ltr'>θείαν</span> <span class='ocrx_word' id='word_1_63' title='bbox 506 1092 710 1161; x_wconf 85' lang='grc' dir='ltr'>μονάδα</span> <span class='ocrx_word' id='word_1_64' title='bbox 732 1109 745 1123; x_wconf 79' lang='lat'><strong><em>°</em></strong></span> <span class='ocrx_word' id='word_1_65' title='bbox 777 1090 899 1145; x_wconf 73' lang='grc' dir='ltr'>οὔτε</span> <span class='ocrx_word' id='word_1_66' title='bbox 931 1095 1145 1164; x_wconf 81' lang='grc' dir='ltr'>ποιήσει</span> <span class='ocrx_word' id='word_1_67' title='bbox 1175 1093 1402 1147; x_wconf 77' lang='grc' dir='ltr'><strong>κωλύειν</strong></span> <span class='ocrx_word' id='word_1_68' title='bbox 1444 1092 1505 1145; x_wconf 83' lang='grc' dir='ltr'>τὸ</span> <span class='ocrx_word' id='word_1_69' title='bbox 1551 1092 1766 1162; x_wconf 82' lang='grc' dir='ltr'>ἀξίωμα</span> 
     </span>
    </p>
   </div>
   <div class='ocr_carea' id='block_1_12' title="bbox 203 1183 1766 1256">
    <p class='ocr_par' dir='ltr' id='par_1_12' title="bbox 203 1183 1766 1256">
     <span class='ocr_line' id='line_1_12' title="bbox 203 1183 1766 1256; baseline -0.001 -20"><span class='ocrx_word' id='word_1_70' title='bbox 203 1184 287 1236; x_wconf 75' lang='grc' dir='ltr'><strong>καὶ</strong></span> <span class='ocrx_word' id='word_1_71' title='bbox 318 1183 381 1236; x_wconf 80' lang='grc' dir='ltr'>τὸ</span> <span class='ocrx_word' id='word_1_72' title='bbox 409 1183 747 1255; x_wconf 76' lang='grc' dir='ltr'>ὑπερϐάλλον</span> <span class='ocrx_word' id='word_1_73' title='bbox 778 1184 1006 1255; x_wconf 88' lang='grc' dir='ltr'>μέγεθος</span> <span class='ocrx_word' id='word_1_74' title='bbox 1036 1184 1128 1237; x_wconf 80' lang='grc' dir='ltr'>τοῦ</span> <span class='ocrx_word' id='word_1_75' title='bbox 1164 1184 1400 1256; x_wconf 73' lang='grc' dir='ltr'>Κυρίουο</span> <span class='ocrx_word' id='word_1_76' title='bbox 1434 1183 1568 1236; x_wconf 82' lang='grc' dir='ltr'>ἀλλὰ</span> <span class='ocrx_word' id='word_1_77' title='bbox 1606 1200 1766 1236; x_wconf 88' lang='grc' dir='ltr'>πεπι-</span> 
     </span>
    </p>
   </div>
   <div class='ocr_carea' id='block_1_13' title="bbox 203 1271 1766 1345">
    <p class='ocr_par' dir='ltr' id='par_1_13' title="bbox 203 1271 1766 1345">
     <span class='ocr_line' id='line_1_13' title="bbox 203 1271 1766 1345; baseline 0.001 -22"><span class='ocrx_word' id='word_1_78' title='bbox 203 1271 474 1324; x_wconf 79' lang='grc' dir='ltr'>στευκέναι</span> <span class='ocrx_word' id='word_1_79' title='bbox 516 1275 597 1335; x_wconf 85' lang='grc' dir='ltr'><strong>είς</strong></span> <span class='ocrx_word' id='word_1_80' title='bbox 634 1273 766 1326; x_wconf 83' lang='grc' dir='ltr'>Θεὸν</span> <span class='ocrx_word' id='word_1_81' title='bbox 817 1273 1037 1343; x_wconf 83' lang='grc' dir='ltr'><strong>Πατέρα</strong></span> <span class='ocrx_word' id='word_1_82' title='bbox 1068 1274 1507 1345; x_wconf 82' lang='grc' dir='ltr'>παντοκράτορα,</span> <span class='ocrx_word' id='word_1_83' title='bbox 1547 1272 1641 1326; x_wconf 78' lang='grc' dir='ltr'><strong>καὶ</strong></span> <span class='ocrx_word' id='word_1_84' title='bbox 1686 1274 1766 1335; x_wconf 87' lang='grc' dir='ltr'><strong>είς</strong></span> 
     </span>
    </p>
   </div>
   <div class='ocr_carea' id='block_1_14' title="bbox 202 1364 1765 1435">
    <p class='ocr_par' dir='ltr' id='par_1_14' title="bbox 202 1364 1765 1435">
     <span class='ocr_line' id='line_1_14' title="bbox 202 1364 1765 1435; baseline 0.001 -19"><span class='ocrx_word' id='word_1_85' title='bbox 202 1365 425 1435; x_wconf 76' lang='grc' dir='ltr'>Χριστὸν</span> <span class='ocrx_word' id='word_1_86' title='bbox 466 1364 676 1435; x_wconf 71' lang='grc' dir='ltr'>Ἰησοῦν</span> <span class='ocrx_word' id='word_1_87' title='bbox 717 1366 807 1419; x_wconf 74' lang='grc' dir='ltr'><strong>τὸν</strong></span> <span class='ocrx_word' id='word_1_88' title='bbox 855 1366 982 1419; x_wconf 86' lang='grc' dir='ltr'>Υἰὸν</span> <span class='ocrx_word' id='word_1_89' title='bbox 1024 1366 1213 1431; x_wconf 76' lang='grc' dir='ltr'>αὐτοῦ,</span> <span class='ocrx_word' id='word_1_90' title='bbox 1252 1368 1347 1419; x_wconf 74' lang='grc' dir='ltr'>καὶ</span> <span class='ocrx_word' id='word_1_91' title='bbox 1379 1368 1458 1430; x_wconf 87' lang='grc' dir='ltr'><strong>είς</strong></span> <span class='ocrx_word' id='word_1_92' title='bbox 1507 1367 1568 1418; x_wconf 83' lang='grc' dir='ltr'><strong>τὸ</strong></span> <span class='ocrx_word' id='word_1_93' title='bbox 1613 1366 1765 1434; x_wconf 75' lang='grc' dir='ltr'>ἅγιον</span> 
     </span>
    </p>
   </div>
   <div class='ocr_carea' id='block_1_15' title="bbox 202 1456 1760 1530">
    <p class='ocr_par' dir='ltr' id='par_1_15' title="bbox 202 1456 1760 1530">
     <span class='ocr_line' id='line_1_15' title="bbox 202 1456 1760 1530; baseline 0.001 -21"><span class='ocrx_word' id='word_1_94' title='bbox 202 1456 442 1527; x_wconf 76' lang='grc' dir='ltr'>Πνεῦμα,</span> <span class='ocrx_word' id='word_1_95' title='bbox 494 1457 736 1528; x_wconf 81' lang='grc' dir='ltr'>ἡνῶσθαι</span> <span class='ocrx_word' id='word_1_96' title='bbox 763 1457 819 1511; x_wconf 81' lang='grc' dir='ltr'>δὲ</span> <span class='ocrx_word' id='word_1_97' title='bbox 850 1456 928 1528; x_wconf 81' lang='grc' dir='ltr'>τῷ</span> <span class='ocrx_word' id='word_1_98' title='bbox 956 1458 1075 1530; x_wconf 89' lang='grc' dir='ltr'><strong>Θεῷ</strong></span> <span class='ocrx_word' id='word_1_99' title='bbox 1118 1458 1225 1512; x_wconf 91' lang='grc' dir='ltr'><strong>τῶν</strong></span> <span class='ocrx_word' id='word_1_100' title='bbox 1274 1458 1411 1511; x_wconf 80' lang='grc' dir='ltr'>ὅλων</span> <span class='ocrx_word' id='word_1_101' title='bbox 1440 1458 1531 1511; x_wconf 84' lang='grc' dir='ltr'><strong>τὸν</strong></span> <span class='ocrx_word' id='word_1_102' title='bbox 1562 1458 1760 1526; x_wconf 84' lang='grc' dir='ltr'><strong>Λόγον·</strong></span> 
     </span>
    </p>
   </div>
   <div class='ocr_carea' id='block_1_16' title="bbox 208 1550 1762 1623">
    <p class='ocr_par' dir='ltr' id='par_1_16' title="bbox 208 1550 1762 1623">
     <span class='ocr_line' id='line_1_16' title="bbox 208 1550 1762 1623; baseline 0 -20"><span class='ocrx_word' id='word_1_103' title='bbox 208 1550 341 1622; x_wconf 73' lang='grc' dir='ltr'><strong>Ἐγὼ</strong></span> <span class='ocrx_word' id='word_1_104' title='bbox 380 1551 514 1623; x_wconf 78' lang='grc' dir='ltr'>γάρ,</span> <span class='ocrx_word' id='word_1_105' title='bbox 571 1553 723 1623; x_wconf 74' lang='grc' dir='ltr'>φησί,</span> <span class='ocrx_word' id='word_1_106' title='bbox 758 1553 852 1606; x_wconf 80' lang='grc' dir='ltr'><strong>καί</strong></span> <span class='ocrx_word' id='word_1_107' title='bbox 916 1556 949 1607; x_wconf 86' lang='grc' dir='ltr'><em>ὁ</em></span> <span class='ocrx_word' id='word_1_108' title='bbox 1009 1554 1212 1621; x_wconf 74' lang='grc' dir='ltr'>Πατὴρ</span> <span class='ocrx_word' id='word_1_109' title='bbox 1261 1552 1331 1606; x_wconf 82' lang='grc' dir='ltr'><strong>ἓν</strong></span> <span class='ocrx_word' id='word_1_110' title='bbox 1380 1553 1598 1621; x_wconf 79' lang='grc' dir='ltr'>ἐσμεν·</span> <span class='ocrx_word' id='word_1_111' title='bbox 1648 1552 1762 1617; x_wconf 69' lang='grc' dir='ltr'>καὶ,</span> 
     </span>
    </p>
   </div>
   <div class='ocr_carea' id='block_1_17' title="bbox 208 1641 1762 1715">
    <p class='ocr_par' dir='ltr' id='par_1_17' title="bbox 208 1641 1762 1715">
     <span class='ocr_line' id='line_1_17' title="bbox 208 1641 1762 1715; baseline 0.001 -20"><span class='ocrx_word' id='word_1_112' title='bbox 208 1642 344 1713; x_wconf 71' lang='grc' dir='ltr'>Ἐγὼ</span> <span class='ocrx_word' id='word_1_113' title='bbox 374 1644 445 1695; x_wconf 80' lang='grc' dir='ltr'><strong>ἐν</strong></span> <span class='ocrx_word' id='word_1_114' title='bbox 470 1641 553 1708; x_wconf 84' lang='grc' dir='ltr'>τῷ</span> <span class='ocrx_word' id='word_1_115' title='bbox 568 1644 770 1713; x_wconf 63' lang='lat' dir='ltr'><strong>Harp),</strong></span> <span class='ocrx_word' id='word_1_116' title='bbox 788 1645 885 1698; x_wconf 80' lang='grc' dir='ltr'>καὶ</span> <span class='ocrx_word' id='word_1_117' title='bbox 915 1648 948 1698; x_wconf 85' lang='lat' dir='ltr'><strong>d</strong></span> <span class='ocrx_word' id='word_1_118' title='bbox 974 1644 1177 1713; x_wconf 73' lang='grc' dir='ltr'>Πατὴρ</span> <span class='ocrx_word' id='word_1_119' title='bbox 1202 1646 1272 1699; x_wconf 83' lang='grc' dir='ltr'><strong>ἐν</strong></span> <span class='ocrx_word' id='word_1_120' title='bbox 1304 1646 1452 1715; x_wconf 78' lang='grc' dir='ltr'>ἐμοί.</span> <span class='ocrx_word' id='word_1_121' title='bbox 1473 1643 1627 1698; x_wconf 75' lang='grc' dir='ltr'>Οὕτω</span> <span class='ocrx_word' id='word_1_122' title='bbox 1656 1644 1762 1715; x_wconf 85' lang='grc' dir='ltr'><strong>γάρ</strong></span> 
     </span>
    </p>
   </div>
   <div class='ocr_carea' id='block_1_18' title="bbox 199 1734 1763 1810">
    <p class='ocr_par' dir='ltr' id='par_1_18' title="bbox 199 1734 1763 1810">
     <span class='ocr_line' id='line_1_18' title="bbox 199 1734 1763 1810; baseline 0.003 -23"><span class='ocrx_word' id='word_1_123' title='bbox 199 1736 257 1788; x_wconf 81' lang='grc' dir='ltr'><strong>ἂν</strong></span> <span class='ocrx_word' id='word_1_124' title='bbox 283 1736 377 1788; x_wconf 78' lang='grc' dir='ltr'><strong>καὶ</strong></span> <span class='ocrx_word' id='word_1_125' title='bbox 410 1738 443 1805; x_wconf 79' lang='grc' dir='ltr'>ἡ</span> <span class='ocrx_word' id='word_1_126' title='bbox 476 1734 596 1787; x_wconf 89' lang='grc' dir='ltr'>θεία</span> <span class='ocrx_word' id='word_1_127' title='bbox 625 1737 814 1807; x_wconf 83' lang='grc' dir='ltr'>Τριάς,</span> <span class='ocrx_word' id='word_1_128' title='bbox 839 1737 931 1790; x_wconf 77' lang='grc' dir='ltr'><strong>καὶ</strong></span> <span class='ocrx_word' id='word_1_129' title='bbox 966 1737 1027 1791; x_wconf 83' lang='grc' dir='ltr'><strong>τὸ</strong></span> <span class='ocrx_word' id='word_1_130' title='bbox 1053 1739 1205 1807; x_wconf 80' lang='grc' dir='ltr'>ἆγιον</span> <span class='ocrx_word' id='word_1_131' title='bbox 1234 1740 1492 1810; x_wconf 78' lang='grc' dir='ltr'>κήρυγμα</span> <span class='ocrx_word' id='word_1_132' title='bbox 1515 1738 1610 1809; x_wconf 80' lang='grc' dir='ltr'>τῆς</span> <span class='ocrx_word' id='word_1_133' title='bbox 1639 1754 1763 1809; x_wconf 84' lang='grc' dir='ltr'>μον-</span> 
     </span>
    </p>
   </div>
   <div class='ocr_carea' id='block_1_19' title="bbox 196 1825 818 1897">
    <p class='ocr_par' dir='ltr' id='par_1_19' title="bbox 196 1825 818 1897">
     <span class='ocr_line' id='line_1_19' title="bbox 196 1825 818 1897; baseline 0.002 -18"><span class='ocrx_word' id='word_1_134' title='bbox 196 1827 385 1897; x_wconf 79' lang='grc' dir='ltr'>αρχίας</span> <span class='ocrx_word' id='word_1_135' title='bbox 420 1825 761 1890; x_wconf 80' lang='grc' dir='ltr'>διασώζοιτο.</span> <span class='ocrx_word' id='word_1_136' title='bbox 798 1846 818 1880; x_wconf 71' lang='grc' dir='ltr'><strong>ι</strong></span> 
     </span>
    </p>
   </div>
   <div class='ocr_carea' id='block_1_20' title="bbox 1866 634 3425 707">
    <p class='ocr_par' dir='ltr' id='par_1_20' title="bbox 1866 634 3425 707">
     <span class='ocr_line' id='line_1_20' title="bbox 1866 634 3425 707; baseline 0.002 -18"><span class='ocrx_word' id='word_1_137' title='bbox 1866 652 1998 692; x_wconf 89' lang='lat' dir='ltr'><strong>vero</strong></span> <span class='ocrx_word' id='word_1_138' title='bbox 2046 637 2246 692; x_wconf 91' lang='lat' dir='ltr'><strong>factum</strong></span> <span class='ocrx_word' id='word_1_139' title='bbox 2283 655 2297 692; x_wconf 88' lang='lat'><strong>:</strong></span> <span class='ocrx_word' id='word_1_140' title='bbox 2337 653 2401 692; x_wconf 86' lang='lat' dir='ltr'><strong>ex</strong></span> <span class='ocrx_word' id='word_1_141' title='bbox 2431 637 2626 707; x_wconf 84' lang='lat' dir='ltr'><strong>quibus</strong></span> <span class='ocrx_word' id='word_1_142' title='bbox 2648 634 2837 707; x_wconf 74' lang='lat' dir='ltr'><strong>ape&#39;rte</strong></span> <span class='ocrx_word' id='word_1_143' title='bbox 2870 638 3266 692; x_wconf 77' lang='lat' dir='ltr'><strong>convincuntur</strong></span> <span class='ocrx_word' id='word_1_144' title='bbox 3292 636 3425 692; x_wconf 73' lang='lat' dir='ltr'><strong>falsa</strong></span> 
     </span>
    </p>
   </div>
   <div class='ocr_carea' id='block_1_21' title="bbox 1865 727 3429 799">
    <p class='ocr_par' dir='ltr' id='par_1_21' title="bbox 1865 727 3429 799">
     <span class='ocr_line' id='line_1_21' title="bbox 1865 727 3429 799; baseline 0.001 -16"><span class='ocrx_word' id='word_1_145' title='bbox 1865 729 1930 783; x_wconf 87' lang='lat' dir='ltr'><strong>de</strong></span> <span class='ocrx_word' id='word_1_146' title='bbox 1959 728 2168 783; x_wconf 87' lang='lat' dir='ltr'><strong>Domini</strong></span> <span class='ocrx_word' id='word_1_147' title='bbox 2196 729 2543 799; x_wconf 71' lang='lat' dir='ltr'><strong>generatione</strong></span> <span class='ocrx_word' id='word_1_148' title='bbox 2567 730 2801 798; x_wconf 84' lang='lat' dir='ltr'><strong>epinarl,</strong></span> <span class='ocrx_word' id='word_1_149' title='bbox 2842 730 2894 783; x_wconf 95' lang='lat' dir='ltr'><strong>hi</strong></span> <span class='ocrx_word' id='word_1_150' title='bbox 2931 730 3020 799; x_wconf 90' lang='lat' dir='ltr'><strong>qui</strong></span> <span class='ocrx_word' id='word_1_151' title='bbox 3054 730 3287 784; x_wconf 83' lang='lat' dir='ltr'><strong>divinam</strong></span> <span class='ocrx_word' id='word_1_152' title='bbox 3310 727 3429 797; x_wconf 85' lang='lat' dir='ltr'><strong>ejus</strong></span> 
     </span>
    </p>
   </div>
   <div class='ocr_carea' id='block_1_22' title="bbox 1864 823 3426 893">
    <p class='ocr_par' dir='ltr' id='par_1_22' title="bbox 1864 823 3426 893">
     <span class='ocr_line' id='line_1_22' title="bbox 1864 823 3426 893; baseline -0.001 -16"><span class='ocrx_word' id='word_1_153' title='bbox 1864 832 2028 892; x_wconf 88' lang='lat' dir='ltr'><strong>atque</strong></span> <span class='ocrx_word' id='word_1_154' title='bbox 2065 824 2491 893; x_wconf 83' lang='lat' dir='ltr'><strong>inexplicabilem</strong></span> <span class='ocrx_word' id='word_1_155' title='bbox 2528 824 2955 893; x_wconf 78' lang='lat' dir='ltr'><strong>generationem,</strong></span> <span class='ocrx_word' id='word_1_156' title='bbox 2999 823 3287 877; x_wconf 85' lang='lat' dir='ltr'><strong>factionem</strong></span> <span class='ocrx_word' id='word_1_157' title='bbox 3325 836 3426 875; x_wconf 89' lang='lat' dir='ltr'><strong>au-</strong></span> 
     </span>
    </p>
   </div>
   <div class='ocr_carea' id='block_1_23' title="bbox 1866 914 3426 987">
    <p class='ocr_par' dir='ltr' id='par_1_23' title="bbox 1866 914 3426 987">
     <span class='ocr_line' id='line_1_23' title="bbox 1866 914 3426 987; baseline -0.001 -15"><span class='ocrx_word' id='word_1_158' title='bbox 1866 918 1990 972; x_wconf 90' lang='lat' dir='ltr'><strong>dent</strong></span> <span class='ocrx_word' id='word_1_159' title='bbox 2022 918 2220 971; x_wconf 84' lang='lat' dir='ltr'><strong>dicere.</strong></span> <span class='ocrx_word' id='word_1_160' title='bbox 2257 916 2439 987; x_wconf 86' lang='lat' dir='ltr'><strong>Itaque</strong></span> <span class='ocrx_word' id='word_1_161' title='bbox 2473 917 2806 972; x_wconf 82' lang='lat' dir='ltr'><strong>admirabilis</strong></span> <span class='ocrx_word' id='word_1_162' title='bbox 2844 917 3132 986; x_wconf 82' lang='lat' dir='ltr'><strong>divinaque</strong></span> <span class='ocrx_word' id='word_1_163' title='bbox 3162 917 3340 968; x_wconf 86' lang='lat' dir='ltr'><strong>unitas</strong></span> <span class='ocrx_word' id='word_1_164' title='bbox 3373 914 3426 970; x_wconf 88' lang='lat' dir='ltr'><strong>in</strong></span> 
     </span>
    </p>
   </div>
   <div class='ocr_carea' id='block_1_24' title="bbox 1865 1005 3428 1075">
    <p class='ocr_par' dir='ltr' id='par_1_24' title="bbox 1865 1005 3428 1075">
     <span class='ocr_line' id='line_1_24' title="bbox 1865 1005 3428 1075; baseline 0.001 -14"><span class='ocrx_word' id='word_1_165' title='bbox 1865 1016 1974 1063; x_wconf 90' lang='lat' dir='ltr'><strong>tres</strong></span> <span class='ocrx_word' id='word_1_166' title='bbox 1995 1007 2305 1063; x_wconf 77' lang='lat' dir='ltr'><strong>divinitatea</strong></span> <span class='ocrx_word' id='word_1_167' title='bbox 2333 1025 2439 1063; x_wconf 88' lang='lat' dir='ltr'><strong>non</strong></span> <span class='ocrx_word' id='word_1_168' title='bbox 2470 1018 2553 1063; x_wconf 88' lang='lat' dir='ltr'><strong>est</strong></span> <span class='ocrx_word' id='word_1_169' title='bbox 2604 1009 2929 1074; x_wconf 88' lang='lat' dir='ltr'><strong>separanda,</strong></span> <span class='ocrx_word' id='word_1_170' title='bbox 2972 1022 3147 1075; x_wconf 89' lang='lat' dir='ltr'><strong>neque</strong></span> <span class='ocrx_word' id='word_1_171' title='bbox 3176 1005 3428 1062; x_wconf 80' lang='lat' dir='ltr'><strong>factionis</strong></span> 
     </span>
    </p>
   </div>
   <div class='ocr_carea' id='block_1_25' title="bbox 1863 1090 3430 1166">
    <p class='ocr_par' dir='ltr' id='par_1_25' title="bbox 1863 1090 3430 1166">
     <span class='ocr_line' id='line_1_25' title="bbox 1863 1090 3430 1166; baseline -0.001 -17"><span class='ocrx_word' id='word_1_172' title='bbox 1863 1096 2127 1150; x_wconf 91' lang='lat' dir='ltr'><strong>vocabulo</strong></span> <span class='ocrx_word' id='word_1_173' title='bbox 2155 1096 2387 1166; x_wconf 84' lang='lat' dir='ltr'><strong>dignitas</strong></span> <span class='ocrx_word' id='word_1_174' title='bbox 2430 1111 2750 1162; x_wconf 89' lang='lat' dir='ltr'><strong>summaque</strong></span> <span class='ocrx_word' id='word_1_175' title='bbox 2775 1090 3327 1162; x_wconf 84' lang='lat' dir='ltr'><strong>Dominimagnitmlo</strong></span> <span class='ocrx_word' id='word_1_176' title='bbox 3349 1104 3430 1147; x_wconf 88' lang='lat' dir='ltr'><strong>est</strong></span> 
     </span>
    </p>
   </div>
   <div class='ocr_carea' id='block_1_26' title="bbox 1864 1186 3427 1254">
    <p class='ocr_par' dir='ltr' id='par_1_26' title="bbox 1864 1186 3427 1254">
     <span class='ocr_line' id='line_1_26' title="bbox 1864 1186 3427 1254; baseline -0.002 -13"><span class='ocrx_word' id='word_1_177' title='bbox 1864 1188 2206 1242; x_wconf 90' lang='lat' dir='ltr'><strong>diminueoda</strong></span> <span class='ocrx_word' id='word_1_178' title='bbox 2242 1205 2256 1254; x_wconf 93' lang='lat'>;</span> <span class='ocrx_word' id='word_1_179' title='bbox 2311 1188 2401 1243; x_wconf 90' lang='lat' dir='ltr'><strong>sed</strong></span> <span class='ocrx_word' id='word_1_180' title='bbox 2430 1189 2753 1243; x_wconf 87' lang='lat' dir='ltr'><strong>credendum</strong></span> <span class='ocrx_word' id='word_1_181' title='bbox 2789 1196 2871 1243; x_wconf 91' lang='lat' dir='ltr'><strong>est</strong></span> <span class='ocrx_word' id='word_1_182' title='bbox 2924 1188 2976 1241; x_wconf 91' lang='lat' dir='ltr'><strong>in</strong></span> <span class='ocrx_word' id='word_1_183' title='bbox 3006 1186 3171 1241; x_wconf 87' lang='lat' dir='ltr'><strong>Deum</strong></span> <span class='ocrx_word' id='word_1_184' title='bbox 3216 1186 3427 1240; x_wconf 85' lang='lat' dir='ltr'><strong>Patrem</strong></span> 
     </span>
    </p>
   </div>
   <div class='ocr_carea' id='block_1_27' title="bbox 1861 1277 3429 1350">
    <p class='ocr_par' dir='ltr' id='par_1_27' title="bbox 1861 1277 3429 1350">
     <span class='ocr_line' id='line_1_27' title="bbox 1861 1277 3429 1350; baseline -0.003 -15"><span class='ocrx_word' id='word_1_185' title='bbox 1861 1282 2304 1350; x_wconf 84' lang='lat' dir='ltr'><strong>omnipotentem,</strong></span> <span class='ocrx_word' id='word_1_186' title='bbox 2356 1290 2410 1335; x_wconf 90' lang='lat' dir='ltr'><strong>et</strong></span> <span class='ocrx_word' id='word_1_187' title='bbox 2457 1281 2508 1335; x_wconf 92' lang='lat' dir='ltr'><strong>in</strong></span> <span class='ocrx_word' id='word_1_188' title='bbox 2539 1280 2811 1336; x_wconf 73' lang='lat' dir='ltr'><strong>Christum</strong></span> <span class='ocrx_word' id='word_1_189' title='bbox 2846 1277 3023 1332; x_wconf 82' lang='lat' dir='ltr'><strong>Jesum</strong></span> <span class='ocrx_word' id='word_1_190' title='bbox 3065 1278 3181 1345; x_wconf 82' lang='lat' dir='ltr'><strong>ejus</strong></span> <span class='ocrx_word' id='word_1_191' title='bbox 3212 1277 3429 1340; x_wconf 75' lang='lat' dir='ltr'><strong>Fliiltm,</strong></span> 
     </span>
    </p>
   </div>
   <div class='ocr_carea' id='block_1_28' title="bbox 1861 1368 3430 1441">
    <p class='ocr_par' dir='ltr' id='par_1_28' title="bbox 1861 1368 3430 1441">
     <span class='ocr_line' id='line_1_28' title="bbox 1861 1368 3430 1441; baseline -0.004 -15"><span class='ocrx_word' id='word_1_192' title='bbox 1861 1384 1915 1427; x_wconf 90' lang='lat' dir='ltr'><strong>et</strong></span> <span class='ocrx_word' id='word_1_193' title='bbox 1947 1374 1997 1427; x_wconf 91' lang='lat' dir='ltr'><strong>in</strong></span> <span class='ocrx_word' id='word_1_194' title='bbox 2046 1373 2305 1441; x_wconf 88' lang='lat' dir='ltr'><strong>Spiritum</strong></span> <span class='ocrx_word' id='word_1_195' title='bbox 2338 1380 2601 1432; x_wconf 80' lang='lat' dir='ltr'><strong>sanctum,</strong></span> <span class='ocrx_word' id='word_1_196' title='bbox 2639 1387 2702 1424; x_wconf 86' lang='lat' dir='ltr'><strong>ac</strong></span> <span class='ocrx_word' id='word_1_197' title='bbox 2735 1371 2969 1424; x_wconf 84' lang='lat' dir='ltr'><strong>Verbum</strong></span> <span class='ocrx_word' id='word_1_198' title='bbox 3003 1368 3110 1423; x_wconf 90' lang='lat' dir='ltr'><strong>Deo</strong></span> <span class='ocrx_word' id='word_1_199' title='bbox 3146 1368 3430 1421; x_wconf 58' lang='lat' dir='ltr'><strong>universo.</strong></span> 
     </span>
    </p>
   </div>
   <div class='ocr_carea' id='block_1_29' title="bbox 1863 1460 3428 1534">
    <p class='ocr_par' dir='ltr' id='par_1_29' title="bbox 1863 1460 3428 1534">
     <span class='ocr_line' id='line_1_29' title="bbox 1863 1460 3428 1534; baseline -0.004 -15"><span class='ocrx_word' id='word_1_200' title='bbox 1863 1481 1980 1519; x_wconf 88' lang='lat' dir='ltr'><strong>rum</strong></span> <span class='ocrx_word' id='word_1_201' title='bbox 2005 1480 2124 1520; x_wconf 86' lang='lat' dir='ltr'><strong>esse</strong></span> <span class='ocrx_word' id='word_1_202' title='bbox 2151 1466 2381 1519; x_wconf 90' lang='lat' dir='ltr'><strong>unitum.</strong></span> <span class='ocrx_word' id='word_1_203' title='bbox 2418 1463 2532 1534; x_wconf 85' lang='lat' dir='ltr'><strong>Ego</strong></span> <span class='ocrx_word' id='word_1_204' title='bbox 2554 1464 2720 1530; x_wconf 91' lang='lat' dir='ltr'><strong>enim,</strong></span> <span class='ocrx_word' id='word_1_205' title='bbox 2766 1462 2961 1529; x_wconf 79' lang='lat' dir='ltr'><strong>inquit,</strong></span> <span class='ocrx_word' id='word_1_206' title='bbox 2993 1470 3039 1514; x_wconf 82' lang='lat' dir='ltr'><strong>et</strong></span> <span class='ocrx_word' id='word_1_207' title='bbox 3070 1460 3232 1514; x_wconf 85' lang='lat' dir='ltr'><strong>Pater</strong></span> <span class='ocrx_word' id='word_1_208' title='bbox 3266 1475 3428 1513; x_wconf 75' lang='lat' dir='ltr'><strong>unum</strong></span> 
     </span>
    </p>
   </div>
   <div class='ocr_carea' id='block_1_30' title="bbox 1860 1550 3429 1624">
    <p class='ocr_par' dir='ltr' id='par_1_30' title="bbox 1860 1550 3429 1624">
     <span class='ocr_line' id='line_1_30' title="bbox 1860 1550 3429 1624; baseline -0.004 -14"><span class='ocrx_word' id='word_1_209' title='bbox 1860 1558 2112 1624; x_wconf 75' lang='lat' dir='ltr'><strong>sumus&#39;;</strong></span> <span class='ocrx_word' id='word_1_210' title='bbox 2158 1566 2232 1620; x_wconf 90' lang='lat' dir='ltr'><strong>et,</strong></span> <span class='ocrx_word' id='word_1_211' title='bbox 2273 1556 2383 1624; x_wconf 81' lang='lat' dir='ltr'><strong>Ego</strong></span> <span class='ocrx_word' id='word_1_212' title='bbox 2416 1557 2469 1609; x_wconf 78' lang='lat' dir='ltr'><strong>in</strong></span> <span class='ocrx_word' id='word_1_213' title='bbox 2508 1555 2683 1619; x_wconf 80' lang='lat' dir='ltr'><strong>Patre,</strong></span> <span class='ocrx_word' id='word_1_214' title='bbox 2726 1564 2775 1609; x_wconf 82' lang='lat' dir='ltr'><strong>et</strong></span> <span class='ocrx_word' id='word_1_215' title='bbox 2800 1554 2962 1608; x_wconf 80' lang='lat' dir='ltr'><strong>Pater</strong></span> <span class='ocrx_word' id='word_1_216' title='bbox 2993 1555 3047 1606; x_wconf 84' lang='lat' dir='ltr'><strong>in</strong></span> <span class='ocrx_word' id='word_1_217' title='bbox 3078 1567 3157 1604; x_wconf 80' lang='lat' dir='ltr'><strong>me</strong></span> <span class='ocrx_word' id='word_1_218' title='bbox 3189 1550 3318 1604; x_wconf 81' lang='lat' dir='ltr'><strong>eu&quot;.</strong></span> <span class='ocrx_word' id='word_1_219' title='bbox 3351 1550 3429 1604; x_wconf 74' lang='lat' dir='ltr'><strong>Ita</strong></span> 
     </span>
    </p>
   </div>
   <div class='ocr_carea' id='block_1_31' title="bbox 1861 1642 3428 1712">
    <p class='ocr_par' dir='ltr' id='par_1_31' title="bbox 1861 1642 3428 1712">
     <span class='ocr_line' id='line_1_31' title="bbox 1861 1642 3428 1712; baseline -0.006 -7"><span class='ocrx_word' id='word_1_220' title='bbox 1861 1648 2069 1705; x_wconf 81' lang='lat' dir='ltr'><strong>scilicet</strong></span> <span class='ocrx_word' id='word_1_221' title='bbox 2099 1647 2281 1703; x_wconf 87' lang='lat' dir='ltr'><strong>divina</strong></span> <span class='ocrx_word' id='word_1_222' title='bbox 2317 1648 2557 1702; x_wconf 86' lang='lat' dir='ltr'><strong>Trinitas</strong></span> <span class='ocrx_word' id='word_1_223' title='bbox 2586 1657 2640 1701; x_wconf 91' lang='lat' dir='ltr'><strong>et</strong></span> <span class='ocrx_word' id='word_1_224' title='bbox 2664 1655 2849 1701; x_wconf 87' lang='lat' dir='ltr'><strong>sancta</strong></span> <span class='ocrx_word' id='word_1_225' title='bbox 2877 1642 3202 1699; x_wconf 61' lang='lat' dir='ltr'><strong>monarchia</strong></span> <span class='ocrx_word' id='word_1_226' title='bbox 3230 1643 3428 1712; x_wconf 72' lang='lat' dir='ltr'><strong>praedi-</strong></span> 
     </span>
    </p>
   </div>
   <div class='ocr_carea' id='block_1_32' title="bbox 1860 1741 2631 1812">
    <p class='ocr_par' dir='ltr' id='par_1_32' title="bbox 1860 1741 2631 1812">
     <span class='ocr_line' id='line_1_32' title="bbox 1860 1741 2631 1812; baseline -0.003 -16"><span class='ocrx_word' id='word_1_227' title='bbox 1860 1741 2001 1797; x_wconf 81' lang='lat' dir='ltr'><strong>catio</strong></span> <span class='ocrx_word' id='word_1_228' title='bbox 2022 1741 2226 1812; x_wconf 89' lang='lat' dir='ltr'><strong>integra</strong></span> <span class='ocrx_word' id='word_1_229' title='bbox 2259 1741 2583 1797; x_wconf 79' lang='lat' dir='ltr'><strong>servabitur.</strong></span> <span class='ocrx_word' id='word_1_230' title='bbox 2610 1760 2631 1794; x_wconf 69' lang='grc' dir='ltr'>ο</span> 
     </span>
    </p>
   </div>
   <div class='ocr_carea' id='block_1_33' title="bbox 257 1896 1757 1993">
    <p class='ocr_par' dir='ltr' id='par_1_33' title="bbox 257 1918 1757 1993">
     <span class='ocr_line' id='line_1_33' title="bbox 257 1918 1757 1993; baseline 0.002 -22"><span class='ocrx_word' id='word_1_231' title='bbox 257 1918 348 1971; x_wconf 69' lang='grc'><strong>27.</strong></span> <span class='ocrx_word' id='word_1_232' title='bbox 387 1919 526 1990; x_wconf 66' lang='grc' dir='ltr'>Περὶ</span> <span class='ocrx_word' id='word_1_233' title='bbox 558 1918 616 1971; x_wconf 79' lang='grc' dir='ltr'>δὲ</span> <span class='ocrx_word' id='word_1_234' title='bbox 662 1918 752 1972; x_wconf 84' lang='grc' dir='ltr'><strong>τού</strong></span> <span class='ocrx_word' id='word_1_235' title='bbox 808 1919 992 1983; x_wconf 82' lang='grc' dir='ltr'>ἀϊδίως</span> <span class='ocrx_word' id='word_1_236' title='bbox 1046 1923 1286 1974; x_wconf 89' lang='grc' dir='ltr'>συνεῖναι</span> <span class='ocrx_word' id='word_1_237' title='bbox 1340 1920 1431 1975; x_wconf 84' lang='grc' dir='ltr'>τὸν</span> <span class='ocrx_word' id='word_1_238' title='bbox 1476 1922 1646 1990; x_wconf 86' lang='grc' dir='ltr'>Λόγον</span> <span class='ocrx_word' id='word_1_239' title='bbox 1682 1920 1757 1993; x_wconf 80' lang='grc' dir='ltr'>τῷ</span> 
     </span>
    </p>
   </div>
   <div class='ocr_carea' id='block_1_34' title="bbox 1859 1896 3425 1993">
    <p class='ocr_par' dir='ltr' id='par_1_34' title="bbox 1930 1917 3425 1988">
     <span class='ocr_line' id='line_1_34' title="bbox 1930 1917 3425 1988; baseline -0.003 -14"><span class='ocrx_word' id='word_1_240' title='bbox 1930 1919 2020 1976; x_wconf 70' lang='grc'><strong>27.</strong></span> <span class='ocrx_word' id='word_1_241' title='bbox 2061 1918 2213 1988; x_wconf 85' lang='lat' dir='ltr'><strong>Quod</strong></span> <span class='ocrx_word' id='word_1_242' title='bbox 2250 1928 2430 1975; x_wconf 89' lang='lat' dir='ltr'><strong>autem</strong></span> <span class='ocrx_word' id='word_1_243' title='bbox 2474 1919 2708 1974; x_wconf 82' lang='lat' dir='ltr'><strong>Verbum</strong></span> <span class='ocrx_word' id='word_1_244' title='bbox 2748 1918 2815 1974; x_wconf 87' lang='lat' dir='ltr'><strong>ab</strong></span> <span class='ocrx_word' id='word_1_245' title='bbox 2852 1918 3155 1973; x_wconf 74' lang='lat' dir='ltr'><strong>aeternitate</strong></span> <span class='ocrx_word' id='word_1_246' title='bbox 3203 1917 3272 1972; x_wconf 91' lang='lat' dir='ltr'><strong>sit</strong></span> <span class='ocrx_word' id='word_1_247' title='bbox 3303 1929 3425 1971; x_wconf 87' lang='lat' dir='ltr'><strong>eum</strong></span> 
     </span>
    </p>
   </div>
   <div class='ocr_carea' id='block_1_35' title="bbox 197 2009 1760 2082">
    <p class='ocr_par' dir='ltr' id='par_1_35' title="bbox 197 2009 1760 2082">
     <span class='ocr_line' id='line_1_35' title="bbox 197 2009 1760 2082; baseline 0.003 -22"><span class='ocrx_word' id='word_1_248' title='bbox 197 2009 388 2080; x_wconf 80' lang='grc' dir='ltr'>Πατρὶ,</span> <span class='ocrx_word' id='word_1_249' title='bbox 435 2010 529 2062; x_wconf 78' lang='grc' dir='ltr'><strong>καὶ</strong></span> <span class='ocrx_word' id='word_1_250' title='bbox 580 2010 654 2081; x_wconf 80' lang='grc' dir='ltr'>μὴ</span> <span class='ocrx_word' id='word_1_251' title='bbox 689 2009 880 2081; x_wconf 80' lang='grc' dir='ltr'>ἐτέρας</span> <span class='ocrx_word' id='word_1_252' title='bbox 913 2012 1098 2075; x_wconf 85' lang='grc' dir='ltr'>οὐσίας</span> <span class='ocrx_word' id='word_1_253' title='bbox 1144 2012 1584 2082; x_wconf 81' lang='grc' dir='ltr'>ἢύποστάσεως,</span> <span class='ocrx_word' id='word_1_254' title='bbox 1627 2012 1760 2065; x_wconf 80' lang='grc' dir='ltr'>ἀλλὰ.</span> 
     </span>
    </p>
   </div>
   <div class='ocr_carea' id='block_1_36' title="bbox 193 2100 1759 2176">
    <p class='ocr_par' dir='ltr' id='par_1_36' title="bbox 193 2100 1759 2176">
     <span class='ocr_line' id='line_1_36' title="bbox 193 2100 1759 2176; baseline 0.004 -24"><span class='ocrx_word' id='word_1_255' title='bbox 193 2101 280 2169; x_wconf 81' lang='grc' dir='ltr'>τῆς</span> <span class='ocrx_word' id='word_1_256' title='bbox 311 2100 407 2153; x_wconf 77' lang='grc' dir='ltr'>τοῦ</span> <span class='ocrx_word' id='word_1_257' title='bbox 443 2102 660 2173; x_wconf 76' lang='grc' dir='ltr'>Πατρὸς</span> <span class='ocrx_word' id='word_1_258' title='bbox 693 2103 821 2155; x_wconf 76' lang='grc' dir='ltr'>ἴδιον</span> <span class='ocrx_word' id='word_1_259' title='bbox 867 2102 1026 2156; x_wconf 81' lang='grc' dir='ltr'>αὑτὸν</span> <span class='ocrx_word' id='word_1_260' title='bbox 1067 2101 1234 2170; x_wconf 82' lang='grc' dir='ltr'>εἶναι,</span> <span class='ocrx_word' id='word_1_261' title='bbox 1276 2106 1353 2168; x_wconf 84' lang='grc' dir='ltr'>ὠς</span> <span class='ocrx_word' id='word_1_262' title='bbox 1398 2108 1677 2176; x_wconf 81' lang='grc' dir='ltr'>είρήκασιν</span> <span class='ocrx_word' id='word_1_263' title='bbox 1710 2107 1759 2159; x_wconf 93' lang='grc' dir='ltr'><strong>οί</strong></span> 
     </span>
    </p>
   </div>
   <div class='ocr_carea' id='block_1_37' title="bbox 193 2183 1761 2269">
    <p class='ocr_par' dir='ltr' id='par_1_37' title="bbox 193 2183 1761 2269">
     <span class='ocr_line' id='line_1_37' title="bbox 193 2183 1761 2269; baseline 0.004 -25"><span class='ocrx_word' id='word_1_264' title='bbox 193 2194 243 2244; x_wconf 77' lang='grc' dir='ltr'>ὲν</span> <span class='ocrx_word' id='word_1_265' title='bbox 266 2195 331 2263; x_wconf 79' lang='grc' dir='ltr'>τῇ</span> <span class='ocrx_word' id='word_1_266' title='bbox 366 2192 593 2264; x_wconf 84' lang='grc' dir='ltr'><strong>συνόδῳ,</strong></span> <span class='ocrx_word' id='word_1_267' title='bbox 622 2191 825 2257; x_wconf 79' lang='grc' dir='ltr'><strong>ἐξέστω</strong></span> <span class='ocrx_word' id='word_1_268' title='bbox 858 2196 1016 2249; x_wconf 87' lang='grc' dir='ltr'>πάλιν</span> <span class='ocrx_word' id='word_1_269' title='bbox 1044 2183 1189 2267; x_wconf 77' lang='grc' dir='ltr'>ὑμᾶς</span> <span class='ocrx_word' id='word_1_270' title='bbox 1214 2196 1442 2250; x_wconf 83' lang='grc' dir='ltr'>ἀκοῦσαι</span> <span class='ocrx_word' id='word_1_271' title='bbox 1482 2197 1577 2250; x_wconf 74' lang='grc' dir='ltr'><strong>καὶ</strong></span> <span class='ocrx_word' id='word_1_272' title='bbox 1610 2198 1761 2269; x_wconf 82' lang='grc' dir='ltr'>παρὰ</span> 
     </span>
    </p>
   </div>
   <div class='ocr_carea' id='block_1_38' title="bbox 190 2284 1761 2362">
    <p class='ocr_par' dir='ltr' id='par_1_38' title="bbox 190 2284 1761 2362">
     <span class='ocr_line' id='line_1_38' title="bbox 190 2284 1761 2362; baseline 0.005 -25"><span class='ocrx_word' id='word_1_273' title='bbox 190 2285 274 2337; x_wconf 75' lang='grc' dir='ltr'>τοῦ</span> <span class='ocrx_word' id='word_1_274' title='bbox 310 2284 597 2353; x_wconf 77' lang='grc' dir='ltr'>φιλοπόνου</span> <span class='ocrx_word' id='word_1_275' title='bbox 638 2287 961 2357; x_wconf 81' lang='grc' dir='ltr'>Ὠριγένους.</span> <span class='ocrx_word' id='word_1_276' title='bbox 997 2292 1062 2342; x_wconf 75' lang='grc' dir='ltr'><strong>Ἀ</strong></span> <span class='ocrx_word' id='word_1_277' title='bbox 1091 2290 1189 2360; x_wconf 83' lang='grc' dir='ltr'><strong>μὲν</strong></span> <span class='ocrx_word' id='word_1_278' title='bbox 1225 2289 1333 2361; x_wconf 79' lang='grc' dir='ltr'>γὰρ</span> <span class='ocrx_word' id='word_1_279' title='bbox 1359 2291 1435 2354; x_wconf 84' lang='grc' dir='ltr'>ὡς</span> <span class='ocrx_word' id='word_1_280' title='bbox 1459 2289 1636 2362; x_wconf 78' lang='grc' dir='ltr'>ζητῶν</span> <span class='ocrx_word' id='word_1_281' title='bbox 1667 2292 1761 2345; x_wconf 79' lang='grc' dir='ltr'>καὶ</span> 
     </span>
    </p>
   </div>
   <div class='ocr_carea' id='block_1_39' title="bbox 190 2378 1760 2454">
    <p class='ocr_par' dir='ltr' id='par_1_39' title="bbox 190 2378 1760 2454">
     <span class='ocr_line' id='line_1_39' title="bbox 190 2378 1760 2454; baseline 0.003 -23"><span class='ocrx_word' id='word_1_282' title='bbox 190 2378 473 2449; x_wconf 74' lang='grc' dir='ltr'><strong>γυμνάζων</strong></span> <span class='ocrx_word' id='word_1_283' title='bbox 518 2379 750 2451; x_wconf 65' lang='grc' dir='ltr'>ἔγραψε,</span> <span class='ocrx_word' id='word_1_284' title='bbox 794 2381 965 2434; x_wconf 82' lang='grc' dir='ltr'>ταῦτα</span> <span class='ocrx_word' id='word_1_285' title='bbox 996 2381 1071 2453; x_wconf 84' lang='grc' dir='ltr'>μὴ</span> <span class='ocrx_word' id='word_1_286' title='bbox 1116 2382 1191 2445; x_wconf 85' lang='grc' dir='ltr'>ὼς</span> <span class='ocrx_word' id='word_1_287' title='bbox 1224 2381 1390 2435; x_wconf 81' lang='grc' dir='ltr'>αὐτοῦ</span> <span class='ocrx_word' id='word_1_288' title='bbox 1440 2382 1760 2454; x_wconf 81' lang='grc' dir='ltr'>φρονοῦντος</span> 
     </span>
    </p>
   </div>
   <div class='ocr_carea' id='block_1_40' title="bbox 189 2472 1762 2547">
    <p class='ocr_par' dir='ltr' id='par_1_40' title="bbox 189 2472 1762 2547">
     <span class='ocr_line' id='line_1_40' title="bbox 189 2472 1762 2547; baseline 0.004 -23"><span class='ocrx_word' id='word_1_289' title='bbox 189 2472 414 2542; x_wconf 79' lang='grc' dir='ltr'><strong>δεχέσθω</strong></span> <span class='ocrx_word' id='word_1_290' title='bbox 446 2490 564 2537; x_wconf 89' lang='grc' dir='ltr'>τις·</span> <span class='ocrx_word' id='word_1_291' title='bbox 604 2473 737 2527; x_wconf 78' lang='grc' dir='ltr'>ἀλλὰ</span> <span class='ocrx_word' id='word_1_292' title='bbox 776 2474 887 2543; x_wconf 68' lang='lat'><strong>(27)</strong></span> <span class='ocrx_word' id='word_1_293' title='bbox 917 2473 1026 2528; x_wconf 89' lang='grc' dir='ltr'><strong>τῶν</strong></span> <span class='ocrx_word' id='word_1_294' title='bbox 1066 2474 1202 2545; x_wconf 71' lang='grc' dir='ltr'>πρὸς</span> <span class='ocrx_word' id='word_1_295' title='bbox 1241 2475 1356 2547; x_wconf 81' lang='grc' dir='ltr'>ἔριν</span> <span class='ocrx_word' id='word_1_296' title='bbox 1402 2476 1762 2545; x_wconf 71' lang='grc' dir='ltr'>φιλονεικούνο</span> 
     </span>
    </p>
   </div>
   <div class='ocr_carea' id='block_1_41' title="bbox 188 2564 1757 2637">
    <p class='ocr_par' dir='ltr' id='par_1_41' title="bbox 188 2564 1757 2637">
     <span class='ocr_line' id='line_1_41' title="bbox 188 2564 1757 2637; baseline 0.004 -21"><span class='ocrx_word' id='word_1_297' title='bbox 188 2580 284 2616; x_wconf 84' lang='grc' dir='ltr'><strong>των</strong></span> <span class='ocrx_word' id='word_1_298' title='bbox 339 2566 398 2617; x_wconf 84' lang='grc' dir='ltr'>ὲν</span> <span class='ocrx_word' id='word_1_299' title='bbox 456 2565 536 2636; x_wconf 80' lang='grc' dir='ltr'>τῷ</span> <span class='ocrx_word' id='word_1_300' title='bbox 598 2564 803 2637; x_wconf 79' lang='grc' dir='ltr'>ζητεῖν,</span> <span class='ocrx_word' id='word_1_301' title='bbox 860 2566 1031 2629; x_wconf 82' lang='grc' dir='ltr'>ἀδεῶς</span> <span class='ocrx_word' id='word_1_302' title='bbox 1100 2565 1300 2637; x_wconf 74' lang='grc' dir='ltr'>ὁρίζων</span> <span class='ocrx_word' id='word_1_303' title='bbox 1367 2568 1757 2637; x_wconf 81' lang='grc' dir='ltr'>ἀποφαίνεται,</span> 
     </span>
    </p>
   </div>
   <div class='ocr_carea' id='block_1_42' title="bbox 187 2655 1761 2730">
    <p class='ocr_par' dir='ltr' id='par_1_42' title="bbox 187 2655 1761 2730">
     <span class='ocr_line' id='line_1_42' title="bbox 187 2655 1761 2730; baseline 0.004 -23"><span class='ocrx_word' id='word_1_304' title='bbox 187 2655 333 2710; x_wconf 76' lang='grc' dir='ltr'>τοῦτο</span> <span class='ocrx_word' id='word_1_305' title='bbox 366 2656 479 2727; x_wconf 73' lang='lat'><strong>(28)</strong></span> <span class='ocrx_word' id='word_1_306' title='bbox 528 2657 622 2710; x_wconf 73' lang='grc' dir='ltr'>τοῦ</span> <span class='ocrx_word' id='word_1_307' title='bbox 676 2656 964 2726; x_wconf 78' lang='grc' dir='ltr'>φιλοπόνου</span> <span class='ocrx_word' id='word_1_308' title='bbox 1014 2657 1073 2710; x_wconf 78' lang='grc' dir='ltr'>τὸ</span> <span class='ocrx_word' id='word_1_309' title='bbox 1115 2659 1367 2730; x_wconf 85' lang='grc' dir='ltr'>φρόνημά</span> <span class='ocrx_word' id='word_1_310' title='bbox 1424 2661 1557 2712; x_wconf 78' lang='grc' dir='ltr'>ἐστι.</span> <span class='ocrx_word' id='word_1_311' title='bbox 1607 2659 1761 2714; x_wconf 80' lang='grc' dir='ltr'>Μετὰ</span> 
     </span>
    </p>
   </div>
   <div class='ocr_carea' id='block_1_43' title="bbox 188 2748 1761 2824">
    <p class='ocr_par' dir='ltr' id='par_1_43' title="bbox 188 2748 1761 2824">
     <span class='ocr_line' id='line_1_43' title="bbox 188 2748 1761 2824; baseline 0.003 -23"><span class='ocrx_word' id='word_1_312' title='bbox 188 2748 310 2816; x_wconf 74' lang='grc' dir='ltr'>γοῦν</span> <span class='ocrx_word' id='word_1_313' title='bbox 340 2749 411 2802; x_wconf 79' lang='grc' dir='ltr'><strong>τά</strong></span> <span class='ocrx_word' id='word_1_314' title='bbox 444 2750 521 2813; x_wconf 84' lang='grc' dir='ltr'>ὡς</span> <span class='ocrx_word' id='word_1_315' title='bbox 551 2753 608 2803; x_wconf 87' lang='grc' dir='ltr'>ὲν</span> <span class='ocrx_word' id='word_1_316' title='bbox 640 2750 917 2820; x_wconf 73' lang='grc' dir='ltr'>γυμνασίᾳ</span> <span class='ocrx_word' id='word_1_317' title='bbox 961 2750 1228 2821; x_wconf 87' lang='grc' dir='ltr'>λεγόμενα</span> <span class='ocrx_word' id='word_1_318' title='bbox 1267 2752 1403 2823; x_wconf 83' lang='grc' dir='ltr'>πρὸς</span> <span class='ocrx_word' id='word_1_319' title='bbox 1444 2752 1572 2816; x_wconf 71' lang='grc' dir='ltr'>τοὺς</span> <span class='ocrx_word' id='word_1_320' title='bbox 1611 2754 1761 2824; x_wconf 81' lang='grc' dir='ltr'>αἱρε-</span> 
     </span>
    </p>
   </div>
   <div class='ocr_carea' id='block_1_44' title="bbox 186 2839 1755 2911">
    <p class='ocr_par' dir='ltr' id='par_1_44' title="bbox 186 2839 1755 2911">
     <span class='ocr_line' id='line_1_44' title="bbox 186 2839 1755 2911; baseline 0.003 -21"><span class='ocrx_word' id='word_1_321' title='bbox 186 2842 359 2903; x_wconf 79' lang='grc' dir='ltr'>τικοὺς</span> <span class='ocrx_word' id='word_1_322' title='bbox 388 2839 553 2903; x_wconf 75' lang='grc' dir='ltr'>εὐθὺς</span> <span class='ocrx_word' id='word_1_323' title='bbox 586 2840 746 2903; x_wconf 73' lang='grc' dir='ltr'>αὐτὸς</span> <span class='ocrx_word' id='word_1_324' title='bbox 785 2841 1035 2911; x_wconf 78' lang='grc' dir='ltr'>ἐπιφέρει</span> <span class='ocrx_word' id='word_1_325' title='bbox 1060 2841 1127 2893; x_wconf 84' lang='grc' dir='ltr'>τὰ</span> <span class='ocrx_word' id='word_1_326' title='bbox 1172 2841 1298 2907; x_wconf 84' lang='grc' dir='ltr'>ίδια,</span> <span class='ocrx_word' id='word_1_327' title='bbox 1344 2841 1515 2910; x_wconf 89' lang='grc' dir='ltr'>λέγων</span> <span class='ocrx_word' id='word_1_328' title='bbox 1551 2842 1755 2907; x_wconf 75' lang='grc' dir='ltr'>οὕτως·</span> 
     </span>
    </p>
   </div>
   <div class='ocr_carea' id='block_1_45' title="bbox 192 2930 1755 3003">
    <p class='ocr_par' dir='ltr' id='par_1_45' title="bbox 192 2930 1755 3003">
     <span class='ocr_line' id='line_1_45' title="bbox 192 2930 1755 3003; baseline 0.004 -22"><span class='ocrx_word' id='word_1_329' title='bbox 192 2948 208 2980; x_wconf 82' lang='lat' dir='ltr'><strong>t</strong></span> <span class='ocrx_word' id='word_1_330' title='bbox 227 2932 287 2983; x_wconf 85' lang='grc' dir='ltr'>Εί</span> <span class='ocrx_word' id='word_1_331' title='bbox 308 2932 453 2985; x_wconf 77' lang='grc' dir='ltr'>ἐστιν</span> <span class='ocrx_word' id='word_1_332' title='bbox 478 2932 641 2985; x_wconf 80' lang='grc' dir='ltr'>εἰκὼν</span> <span class='ocrx_word' id='word_1_333' title='bbox 667 2931 757 2985; x_wconf 84' lang='grc' dir='ltr'>τοῦ</span> <span class='ocrx_word' id='word_1_334' title='bbox 775 2932 907 2984; x_wconf 88' lang='grc' dir='ltr'><strong>Θεοῦ</strong></span> <span class='ocrx_word' id='word_1_335' title='bbox 928 2931 1020 2985; x_wconf 83' lang='grc' dir='ltr'>τοῦ</span> <span class='ocrx_word' id='word_1_336' title='bbox 1047 2930 1299 3002; x_wconf 76' lang='grc' dir='ltr'>ἀοράτου,</span> <span class='ocrx_word' id='word_1_337' title='bbox 1322 2933 1549 3003; x_wconf 82' lang='grc' dir='ltr'>ἀόρατος</span> <span class='ocrx_word' id='word_1_338' title='bbox 1576 2932 1755 2987; x_wconf 68' lang='grc' dir='ltr'>εἰκών*</span> 
     </span>
    </p>
   </div>
   <div class='ocr_carea' id='block_1_46' title="bbox 186 3020 1760 3115">
    <p class='ocr_par' dir='ltr' id='par_1_46' title="bbox 186 3020 1760 3115">
     <span class='ocr_line' id='line_1_46' title="bbox 186 3020 1760 3115; baseline 0.003 -43"><span class='ocrx_word' id='word_1_339' title='bbox 186 3020 287 3089; x_wconf 80' lang='grc' dir='ltr'><strong>ἐγὼ</strong></span> <span class='ocrx_word' id='word_1_340' title='bbox 329 3021 386 3074; x_wconf 81' lang='grc' dir='ltr'>δὲ</span> <span class='ocrx_word' id='word_1_341' title='bbox 431 3022 708 3093; x_wconf 85' lang='grc' dir='ltr'>τολμήσας</span> <span class='ocrx_word' id='word_1_342' title='bbox 760 3022 1051 3094; x_wconf 78' lang='grc' dir='ltr'>προσθείην</span> <span class='ocrx_word' id='word_1_343' title='bbox 1096 3022 1318 3115; x_wconf 45' lang='grc' dir='ltr'>άβὸτι</span> <span class='ocrx_word' id='word_1_344' title='bbox 1367 3024 1461 3075; x_wconf 78' lang='grc' dir='ltr'><strong>καὶ</strong></span> <span class='ocrx_word' id='word_1_345' title='bbox 1503 3023 1760 3097; x_wconf 85' lang='grc' dir='ltr'>ὁμοιότης</span> 
     </span>
    </p>
   </div>
   <div class='ocr_carea' id='block_1_47' title="bbox 186 3100 1756 3189">
    <p class='ocr_par' dir='ltr' id='par_1_47' title="bbox 186 3100 1756 3189">
     <span class='ocr_line' id='line_1_47' title="bbox 186 3100 1756 3189; baseline 0.003 -22"><span class='ocrx_word' id='word_1_346' title='bbox 186 3116 455 3185; x_wconf 80' lang='grc' dir='ltr'>τυγχάνων</span> <span class='ocrx_word' id='word_1_347' title='bbox 504 3115 597 3168; x_wconf 83' lang='grc' dir='ltr'>τοῦ</span> <span class='ocrx_word' id='word_1_348' title='bbox 638 3115 851 3186; x_wconf 76' lang='grc' dir='ltr'>Πατρὸς</span> <span class='ocrx_word' id='word_1_349' title='bbox 893 3116 991 3169; x_wconf 82' lang='grc' dir='ltr'>οὐκ</span> <span class='ocrx_word' id='word_1_350' title='bbox 1038 3100 1183 3167; x_wconf 65' lang='grc' dir='ltr'>ἔστ’ἶν</span> <span class='ocrx_word' id='word_1_351' title='bbox 1233 3115 1325 3170; x_wconf 82' lang='grc' dir='ltr'><strong>ὅτε</strong></span> <span class='ocrx_word' id='word_1_352' title='bbox 1357 3115 1457 3171; x_wconf 72' lang='grc' dir='ltr'><strong>οὐκ</strong></span> <span class='ocrx_word' id='word_1_353' title='bbox 1501 3113 1585 3189; x_wconf 74' lang='grc' dir='ltr'><strong>ἦν.</strong></span> <span class='ocrx_word' id='word_1_354' title='bbox 1618 3118 1756 3170; x_wconf 86' lang='grc' dir='ltr'>Πότε</span> 
     </span>
    </p>
   </div>
   <div class='ocr_carea' id='block_1_48' title="bbox 186 3206 1755 3280">
    <p class='ocr_par' dir='ltr' id='par_1_48' title="bbox 186 3206 1755 3280">
     <span class='ocr_line' id='line_1_48' title="bbox 186 3206 1755 3280; baseline 0.002 -21"><span class='ocrx_word' id='word_1_355' title='bbox 186 3206 284 3276; x_wconf 80' lang='grc' dir='ltr'><strong>γὰρ</strong></span> <span class='ocrx_word' id='word_1_356' title='bbox 312 3209 340 3259; x_wconf 91' lang='grc' dir='ltr'><strong>ό</strong></span> <span class='ocrx_word' id='word_1_357' title='bbox 366 3207 521 3273; x_wconf 79' lang='grc' dir='ltr'>Θεὸς,</span> <span class='ocrx_word' id='word_1_358' title='bbox 557 3211 586 3260; x_wconf 87' lang='grc' dir='ltr'><strong>ό</strong></span> <span class='ocrx_word' id='word_1_359' title='bbox 611 3208 752 3260; x_wconf 86' lang='grc' dir='ltr'>κατὰ</span> <span class='ocrx_word' id='word_1_360' title='bbox 778 3208 869 3261; x_wconf 84' lang='grc' dir='ltr'><strong>τὸν</strong></span> <span class='ocrx_word' id='word_1_361' title='bbox 920 3208 1171 3280; x_wconf 79' lang='grc' dir='ltr'>Ἰωάννην</span> <span class='ocrx_word' id='word_1_362' title='bbox 1204 3209 1317 3279; x_wconf 89' lang='grc' dir='ltr'><strong>φῶς</strong></span> <span class='ocrx_word' id='word_1_363' title='bbox 1347 3209 1635 3279; x_wconf 86' lang='grc' dir='ltr'>λεγόμενος</span> <span class='ocrx_word' id='word_1_364' title='bbox 1671 3211 1755 3279; x_wconf 92' lang='grc' dir='ltr'><strong>(Ὀ</strong></span> 
     </span>
    </p>
   </div>
   <div class='ocr_carea' id='block_1_49' title="bbox 187 3297 1756 3372">
    <p class='ocr_par' dir='ltr' id='par_1_49' title="bbox 187 3297 1756 3372">
     <span class='ocr_line' id='line_1_49' title="bbox 187 3297 1756 3372; baseline 0.002 -22"><span class='ocrx_word' id='word_1_365' title='bbox 187 3298 320 3363; x_wconf 80' lang='grc' dir='ltr'>Θεὸς</span> <span class='ocrx_word' id='word_1_366' title='bbox 364 3299 478 3369; x_wconf 77' lang='grc' dir='ltr'><strong>γὰρ</strong></span> <span class='ocrx_word' id='word_1_367' title='bbox 514 3297 641 3366; x_wconf 68' lang='grc' dir='ltr'><strong>φῶς</strong></span> <span class='ocrx_word' id='word_1_368' title='bbox 690 3298 915 3371; x_wconf 76' lang='grc' dir='ltr'>ἐστιν),</span> <span class='ocrx_word' id='word_1_369' title='bbox 971 3300 1310 3372; x_wconf 85' lang='grc' dir='ltr'>ἀπαύγασμα</span> <span class='ocrx_word' id='word_1_370' title='bbox 1355 3302 1453 3355; x_wconf 79' lang='grc' dir='ltr'><strong>οὐκ</strong></span> <span class='ocrx_word' id='word_1_371' title='bbox 1504 3297 1614 3371; x_wconf 77' lang='grc' dir='ltr'>εἶχε</span> <span class='ocrx_word' id='word_1_372' title='bbox 1658 3302 1756 3372; x_wconf 81' lang='grc' dir='ltr'>τῆς</span> 
     </span>
    </p>
   </div>
   <div class='ocr_carea' id='block_1_50' title="bbox 189 3392 1754 3466">
    <p class='ocr_par' dir='ltr' id='par_1_50' title="bbox 189 3392 1754 3466">
     <span class='ocr_line' id='line_1_50' title="bbox 189 3392 1754 3466; baseline 0.005 -24"><span class='ocrx_word' id='word_1_373' title='bbox 189 3392 311 3456; x_wconf 80' lang='grc' dir='ltr'>ἰδίας</span> <span class='ocrx_word' id='word_1_374' title='bbox 334 3392 514 3465; x_wconf 80' lang='grc' dir='ltr'>δόξης,</span> <span class='ocrx_word' id='word_1_375' title='bbox 535 3393 623 3447; x_wconf 80' lang='grc' dir='ltr'><strong>ἵνα</strong></span> <span class='ocrx_word' id='word_1_376' title='bbox 641 3395 915 3465; x_wconf 84' lang='grc' dir='ltr'>τολμήσας</span> <span class='ocrx_word' id='word_1_377' title='bbox 938 3413 1020 3458; x_wconf 88' lang='grc' dir='ltr'><strong>τις</strong></span> <span class='ocrx_word' id='word_1_378' title='bbox 1039 3396 1211 3466; x_wconf 79' lang='grc' dir='ltr'>ἀρχὴν</span> <span class='ocrx_word' id='word_1_379' title='bbox 1232 3395 1307 3465; x_wconf 84' lang='grc' dir='ltr'>δῷ</span> <span class='ocrx_word' id='word_1_380' title='bbox 1328 3392 1463 3448; x_wconf 67' lang='grc' dir='ltr'>εἶναι</span> <span class='ocrx_word' id='word_1_381' title='bbox 1490 3395 1617 3449; x_wconf 82' lang='grc' dir='ltr'><strong>Υίοῦ</strong></span> <span class='ocrx_word' id='word_1_382' title='bbox 1644 3395 1754 3464; x_wconf 74' lang='grc' dir='ltr'><strong>(Ξ9)</strong></span> 
     </span>
    </p>
   </div>
   <div class='ocr_carea' id='block_1_51' title="bbox 188 3486 1757 3558">
    <p class='ocr_par' dir='ltr' id='par_1_51' title="bbox 188 3486 1757 3558">
     <span class='ocr_line' id='line_1_51' title="bbox 188 3486 1757 3558; baseline 0.002 -20"><span class='ocrx_word' id='word_1_383' title='bbox 188 3487 441 3556; x_wconf 86' lang='grc' dir='ltr'>πρότερον</span> <span class='ocrx_word' id='word_1_384' title='bbox 496 3486 598 3539; x_wconf 74' lang='grc' dir='ltr'>οὐκ</span> <span class='ocrx_word' id='word_1_385' title='bbox 635 3486 815 3551; x_wconf 56' lang='grc' dir='ltr'>ὄντος</span> <span class='ocrx_word' id='word_1_386' title='bbox 863 3487 999 3539; x_wconf 89' lang='grc' dir='ltr'>Πότε</span> <span class='ocrx_word' id='word_1_387' title='bbox 1038 3486 1095 3540; x_wconf 82' lang='grc' dir='ltr'>δὲ</span> <span class='ocrx_word' id='word_1_388' title='bbox 1145 3488 1178 3556; x_wconf 83' lang='grc' dir='ltr'>ἡ</span> <span class='ocrx_word' id='word_1_389' title='bbox 1220 3487 1317 3557; x_wconf 80' lang='grc' dir='ltr'><strong>τῆς</strong></span> <span class='ocrx_word' id='word_1_390' title='bbox 1368 3488 1608 3558; x_wconf 70' lang='grc' dir='ltr'>ἀρρήτου</span> <span class='ocrx_word' id='word_1_391' title='bbox 1662 3488 1757 3541; x_wconf 81' lang='grc' dir='ltr'>καὶ</span> 
     </span>
    </p>
   </div>
   <div class='ocr_carea' id='block_1_52' title="bbox 187 3576 1758 3647">
    <p class='ocr_par' dir='ltr' id='par_1_52' title="bbox 187 3576 1758 3647">
     <span class='ocr_line' id='line_1_52' title="bbox 187 3576 1758 3647; baseline 0.001 -19"><span class='ocrx_word' id='word_1_392' title='bbox 187 3576 625 3647; x_wconf 80' lang='grc' dir='ltr'>ἀκατονομάστου</span> <span class='ocrx_word' id='word_1_393' title='bbox 664 3576 758 3629; x_wconf 74' lang='grc' dir='ltr'>καὶ</span> <span class='ocrx_word' id='word_1_394' title='bbox 793 3576 1099 3645; x_wconf 82' lang='grc' dir='ltr'>ἀφθέγκτου</span> <span class='ocrx_word' id='word_1_395' title='bbox 1134 3576 1482 3641; x_wconf 78' lang='grc' dir='ltr'>ὑποστάσεως</span> <span class='ocrx_word' id='word_1_396' title='bbox 1514 3577 1607 3629; x_wconf 80' lang='grc' dir='ltr'><strong>τοῦ</strong></span> <span class='ocrx_word' id='word_1_397' title='bbox 1646 3578 1758 3631; x_wconf 88' lang='grc' dir='ltr'>Πα-</span> 
     </span>
    </p>
   </div>
   <div class='ocr_carea' id='block_1_53' title="bbox 185 3668 1756 3741">
    <p class='ocr_par' dir='ltr' id='par_1_53' title="bbox 185 3668 1756 3741">
     <span class='ocr_line' id='line_1_53' title="bbox 185 3668 1756 3741; baseline 0.003 -22"><span class='ocrx_word' id='word_1_398' title='bbox 185 3669 303 3738; x_wconf 77' lang='grc' dir='ltr'>τρὸς</span> <span class='ocrx_word' id='word_1_399' title='bbox 342 3669 510 3723; x_wconf 80' lang='grc' dir='ltr'>εἰκὼν</span> <span class='ocrx_word' id='word_1_400' title='bbox 564 3668 713 3738; x_wconf 75' lang='lat'><strong>(30),</strong></span> <span class='ocrx_word' id='word_1_401' title='bbox 746 3671 773 3722; x_wconf 93' lang='grc' dir='ltr'><strong>ό</strong></span> <span class='ocrx_word' id='word_1_402' title='bbox 821 3669 1125 3741; x_wconf 83' lang='grc' dir='ltr'>χαρακτὴρ,</span> <span class='ocrx_word' id='word_1_403' title='bbox 1164 3670 1364 3737; x_wconf 88' lang='grc' dir='ltr'>Λόγος,</span> <span class='ocrx_word' id='word_1_404' title='bbox 1401 3670 1429 3721; x_wconf 89' lang='grc' dir='ltr'><strong>ό</strong></span> <span class='ocrx_word' id='word_1_405' title='bbox 1476 3669 1756 3738; x_wconf 85' lang='grc' dir='ltr'>γινώσκων</span> 
     </span>
    </p>
   </div>
   <div class='ocr_carea' id='block_1_54' title="bbox 185 3758 1757 3832">
    <p class='ocr_par' dir='ltr' id='par_1_54' title="bbox 185 3758 1757 3832">
     <span class='ocr_line' id='line_1_54' title="bbox 185 3758 1757 3832; baseline 0.003 -23"><span class='ocrx_word' id='word_1_406' title='bbox 185 3760 272 3813; x_wconf 79' lang='grc' dir='ltr'><strong>τὸν</strong></span> <span class='ocrx_word' id='word_1_407' title='bbox 300 3763 547 3832; x_wconf 83' lang='grc' dir='ltr'>Πατέρα,</span> <span class='ocrx_word' id='word_1_408' title='bbox 576 3762 677 3814; x_wconf 80' lang='grc' dir='ltr'><strong>οὐκ</strong></span> <span class='ocrx_word' id='word_1_409' title='bbox 711 3758 812 3832; x_wconf 78' lang='grc' dir='ltr'>ἧν;</span> <span class='ocrx_word' id='word_1_410' title='bbox 847 3762 1192 3814; x_wconf 85' lang='grc' dir='ltr'>Κατανοείτω</span> <span class='ocrx_word' id='word_1_411' title='bbox 1216 3761 1323 3831; x_wconf 82' lang='grc' dir='ltr'><strong>γὰρ</strong></span> <span class='ocrx_word' id='word_1_412' title='bbox 1363 3764 1390 3815; x_wconf 93' lang='grc' dir='ltr'><strong>ό</strong></span> <span class='ocrx_word' id='word_1_413' title='bbox 1420 3761 1631 3832; x_wconf 71' lang='grc' dir='ltr'>τολμῶν</span> <span class='ocrx_word' id='word_1_414' title='bbox 1663 3762 1757 3816; x_wconf 76' lang='grc' dir='ltr'><strong>καὶ</strong></span> 
     </span>
    </p>
   </div>
   <div class='ocr_carea' id='block_1_55' title="bbox 189 3848 1757 3926">
    <p class='ocr_par' dir='ltr' id='par_1_55' title="bbox 189 3848 1757 3926">
     <span class='ocr_line' id='line_1_55' title="bbox 189 3848 1757 3926; baseline 0.006 -26"><span class='ocrx_word' id='word_1_415' title='bbox 189 3850 370 3919; x_wconf 81' lang='grc' dir='ltr'>λέγων,</span> <span class='ocrx_word' id='word_1_416' title='bbox 400 3849 514 3907; x_wconf 85' lang='grc' dir='ltr'>Ἦν</span> <span class='ocrx_word' id='word_1_417' title='bbox 556 3870 686 3905; x_wconf 85' lang='grc' dir='ltr'>ποτε</span> <span class='ocrx_word' id='word_1_418' title='bbox 742 3854 828 3906; x_wconf 84' lang='grc' dir='ltr'>ὅτε</span> <span class='ocrx_word' id='word_1_419' title='bbox 875 3853 973 3905; x_wconf 84' lang='grc' dir='ltr'><strong>ούκ</strong></span> <span class='ocrx_word' id='word_1_420' title='bbox 1019 3848 1088 3924; x_wconf 76' lang='grc' dir='ltr'>ἦν</span> <span class='ocrx_word' id='word_1_421' title='bbox 1133 3854 1161 3905; x_wconf 87' lang='grc' dir='ltr'>ὁ</span> <span class='ocrx_word' id='word_1_422' title='bbox 1206 3854 1366 3918; x_wconf 78' lang='grc' dir='ltr'>Υἱὸς,</span> <span class='ocrx_word' id='word_1_423' title='bbox 1400 3856 1479 3908; x_wconf 80' lang='grc' dir='ltr'>ὅτι</span> <span class='ocrx_word' id='word_1_424' title='bbox 1515 3858 1628 3926; x_wconf 85' lang='grc' dir='ltr'>ὲρεῖ</span> <span class='ocrx_word' id='word_1_425' title='bbox 1665 3856 1757 3909; x_wconf 70' lang='grc' dir='ltr'><strong>καὶ</strong></span> 
     </span>
    </p>
   </div>
   <div class='ocr_carea' id='block_1_56' title="bbox 185 3941 1754 4021">
    <p class='ocr_par' dir='ltr' id='par_1_56' title="bbox 185 3941 1754 4021">
     <span class='ocr_line' id='line_1_56' title="bbox 185 3941 1754 4021; baseline 0.004 -26"><span class='ocrx_word' id='word_1_426' title='bbox 185 3945 267 3995; x_wconf 74' lang='grc' dir='ltr'>τό·</span> <span class='ocrx_word' id='word_1_427' title='bbox 298 3946 466 4015; x_wconf 83' lang='grc' dir='ltr'>Σοφία</span> <span class='ocrx_word' id='word_1_428' title='bbox 492 3946 621 3998; x_wconf 79' lang='grc' dir='ltr'>ποτὲ</span> <span class='ocrx_word' id='word_1_429' title='bbox 656 3944 756 3997; x_wconf 75' lang='grc' dir='ltr'><strong>οὐκ</strong></span> <span class='ocrx_word' id='word_1_430' title='bbox 794 3941 879 4014; x_wconf 76' lang='grc' dir='ltr'>ἦν,</span> <span class='ocrx_word' id='word_1_431' title='bbox 911 3944 1003 3997; x_wconf 80' lang='grc' dir='ltr'>καὶ</span> <span class='ocrx_word' id='word_1_432' title='bbox 1032 3944 1201 4013; x_wconf 86' lang='grc' dir='ltr'>Λόγος</span> <span class='ocrx_word' id='word_1_433' title='bbox 1234 3947 1333 3999; x_wconf 75' lang='grc' dir='ltr'><strong>οὐκ</strong></span> <span class='ocrx_word' id='word_1_434' title='bbox 1364 3943 1453 4017; x_wconf 78' lang='grc' dir='ltr'>ἦν,</span> <span class='ocrx_word' id='word_1_435' title='bbox 1482 3948 1597 4009; x_wconf 68' lang='grc' dir='ltr'>καὶ,</span> <span class='ocrx_word' id='word_1_436' title='bbox 1635 3950 1754 4021; x_wconf 82' lang='grc' dir='ltr'><strong>Ζωὴ</strong></span> 
     </span>
    </p>
   </div>
   <div class='ocr_carea' id='block_1_57' title="bbox 185 4033 1755 4108">
    <p class='ocr_par' dir='ltr' id='par_1_57' title="bbox 185 4033 1755 4108">
     <span class='ocr_line' id='line_1_57' title="bbox 185 4033 1755 4108; baseline 0.005 -22"><span class='ocrx_word' id='word_1_437' title='bbox 185 4037 275 4089; x_wconf 66' lang='grc' dir='ltr'><strong>οὐκ</strong></span> <span class='ocrx_word' id='word_1_438' title='bbox 308 4033 395 4108; x_wconf 76' lang='grc' dir='ltr'><strong>ἦν.</strong></span> <span class='ocrx_word' id='word_1_439' title='bbox 423 4057 441 4087; x_wconf 77' lang='grc' dir='ltr'><strong>ι</strong></span> <span class='ocrx_word' id='word_1_440' title='bbox 465 4037 577 4091; x_wconf 75' lang='grc' dir='ltr'><strong>Καὶ</strong></span> <span class='ocrx_word' id='word_1_441' title='bbox 595 4036 756 4090; x_wconf 84' lang='grc' dir='ltr'>πάλιν</span> <span class='ocrx_word' id='word_1_442' title='bbox 790 4039 846 4090; x_wconf 80' lang='grc' dir='ltr'>ὲν</span> <span class='ocrx_word' id='word_1_443' title='bbox 883 4036 1088 4107; x_wconf 81' lang='grc' dir='ltr'>ἑτέροις</span> <span class='ocrx_word' id='word_1_444' title='bbox 1104 4036 1244 4090; x_wconf 75' lang='grc' dir='ltr'>οὕτω</span> <span class='ocrx_word' id='word_1_445' title='bbox 1265 4037 1410 4107; x_wconf 81' lang='grc' dir='ltr'>λέγει</span> <span class='ocrx_word' id='word_1_446' title='bbox 1433 4056 1446 4070; x_wconf 85' lang='grc'><strong>-</strong></span> <span class='ocrx_word' id='word_1_447' title='bbox 1474 4060 1491 4091; x_wconf 71' lang='grc' dir='ltr'><strong>ι</strong></span> <span class='ocrx_word' id='word_1_448' title='bbox 1536 4041 1675 4093; x_wconf 78' lang='grc' dir='ltr'>Ἀλλ’</span> <span class='ocrx_word' id='word_1_449' title='bbox 1694 4043 1755 4094; x_wconf 81' lang='grc' dir='ltr'>οὐ</span> 
     </span>
    </p>
   </div>
   <div class='ocr_carea' id='block_1_58' title="bbox 186 4126 1757 4203">
    <p class='ocr_par' dir='ltr' id='par_1_58' title="bbox 186 4126 1757 4203">
     <span class='ocr_line' id='line_1_58' title="bbox 186 4126 1757 4203; baseline 0.006 -26"><span class='ocrx_word' id='word_1_450' title='bbox 186 4126 330 4197; x_wconf 83' lang='grc' dir='ltr'>θέμις</span> <span class='ocrx_word' id='word_1_451' title='bbox 371 4129 522 4181; x_wconf 76' lang='grc' dir='ltr'>ἐστὶν</span> <span class='ocrx_word' id='word_1_452' title='bbox 568 4128 688 4181; x_wconf 79' lang='grc' dir='ltr'>οὐδὲ</span> <span class='ocrx_word' id='word_1_453' title='bbox 725 4127 1001 4181; x_wconf 76' lang='grc' dir='ltr'>ἀκίνδυνον</span> <span class='ocrx_word' id='word_1_454' title='bbox 1030 4127 1116 4181; x_wconf 78' lang='grc' dir='ltr'><strong>διά</strong></span> <span class='ocrx_word' id='word_1_455' title='bbox 1147 4130 1241 4201; x_wconf 75' lang='grc' dir='ltr'><strong>τὴν</strong></span> <span class='ocrx_word' id='word_1_456' title='bbox 1276 4131 1556 4184; x_wconf 81' lang='grc' dir='ltr'>ἀσθένειαν</span> <span class='ocrx_word' id='word_1_457' title='bbox 1600 4133 1757 4203; x_wconf 74' lang='grc' dir='ltr'>ἡμῶν</span> 
     </span>
    </p>
   </div>
   <div class='ocr_carea' id='block_1_59' title="bbox 182 4219 1755 4291">
    <p class='ocr_par' dir='ltr' id='par_1_59' title="bbox 182 4219 1755 4291">
     <span class='ocr_line' id='line_1_59' title="bbox 182 4219 1755 4291; baseline 0.006 -22"><span class='ocrx_word' id='word_1_458' title='bbox 182 4220 257 4280; x_wconf 74' lang='grc' dir='ltr'><strong>τὸ,</strong></span> <span class='ocrx_word' id='word_1_459' title='bbox 283 4221 400 4273; x_wconf 77' lang='grc' dir='ltr'>ὅσον</span> <span class='ocrx_word' id='word_1_460' title='bbox 435 4223 522 4289; x_wconf 78' lang='grc' dir='ltr'><strong>ἐφ’</strong></span> <span class='ocrx_word' id='word_1_461' title='bbox 551 4220 683 4290; x_wconf 76' lang='grc' dir='ltr'>ἡμῖν</span> <span class='ocrx_word' id='word_1_462' title='bbox 713 4219 847 4289; x_wconf 75' lang='grc'>(51),</span> <span class='ocrx_word' id='word_1_463' title='bbox 895 4222 1311 4291; x_wconf 79' lang='grc' dir='ltr'>ἀποστερεῖσθαι</span> <span class='ocrx_word' id='word_1_464' title='bbox 1350 4223 1441 4275; x_wconf 79' lang='grc' dir='ltr'><strong>τὸν</strong></span> <span class='ocrx_word' id='word_1_465' title='bbox 1489 4223 1620 4276; x_wconf 81' lang='grc' dir='ltr'>Θεὸν</span> <span class='ocrx_word' id='word_1_466' title='bbox 1663 4225 1755 4278; x_wconf 80' lang='grc' dir='ltr'>τοῦ</span> 
     </span>
    </p>
   </div>
   <div class='ocr_carea' id='block_1_60' title="bbox 184 4311 1757 4384">
    <p class='ocr_par' dir='ltr' id='par_1_60' title="bbox 184 4311 1757 4384">
     <span class='ocr_line' id='line_1_60' title="bbox 184 4311 1757 4384; baseline 0.004 -22"><span class='ocrx_word' id='word_1_467' title='bbox 184 4311 261 4362; x_wconf 80' lang='grc' dir='ltr'><strong>ἀεὶ</strong></span> <span class='ocrx_word' id='word_1_468' title='bbox 292 4313 541 4375; x_wconf 87' lang='grc' dir='ltr'>συνόντος</span> <span class='ocrx_word' id='word_1_469' title='bbox 586 4311 735 4381; x_wconf 79' lang='grc' dir='ltr'>αὐτῷ</span> <span class='ocrx_word' id='word_1_470' title='bbox 772 4312 943 4381; x_wconf 90' lang='grc' dir='ltr'>Λόγου</span> <span class='ocrx_word' id='word_1_471' title='bbox 989 4315 1326 4382; x_wconf 74' lang='grc' dir='ltr'>μονογενοῦς,</span> <span class='ocrx_word' id='word_1_472' title='bbox 1369 4316 1559 4384; x_wconf 81' lang='grc' dir='ltr'>σοφίας</span> <span class='ocrx_word' id='word_1_473' title='bbox 1607 4317 1757 4380; x_wconf 74' lang='grc' dir='ltr'>ὄντος</span> 
     </span>
    </p>
   </div>
   <div class='ocr_carea' id='block_1_61' title="bbox 185 4397 1757 4478">
    <p class='ocr_par' dir='ltr' id='par_1_61' title="bbox 185 4397 1757 4478">
     <span class='ocr_line' id='line_1_61' title="bbox 185 4397 1757 4478; baseline 0.004 -25"><span class='ocrx_word' id='word_1_474' title='bbox 185 4397 591 4475; x_wconf 80' lang='grc' dir='ltr'>ᾖπροσέχαιρεν</span> <span class='ocrx_word' id='word_1_475' title='bbox 610 4420 624 4433; x_wconf 89' lang='grc'><strong>·</strong></span> <span class='ocrx_word' id='word_1_476' title='bbox 660 4402 800 4456; x_wconf 74' lang='grc' dir='ltr'>οὕτω</span> <span class='ocrx_word' id='word_1_477' title='bbox 837 4403 945 4476; x_wconf 83' lang='grc' dir='ltr'><strong>γάρ</strong></span> <span class='ocrx_word' id='word_1_478' title='bbox 976 4405 1096 4457; x_wconf 83' lang='grc' dir='ltr'>οὐδὲ</span> <span class='ocrx_word' id='word_1_479' title='bbox 1129 4406 1215 4458; x_wconf 80' lang='grc' dir='ltr'>ἀεὶ</span> <span class='ocrx_word' id='word_1_480' title='bbox 1264 4406 1467 4478; x_wconf 76' lang='grc' dir='ltr'>χαίρων</span> <span class='ocrx_word' id='word_1_481' title='bbox 1498 4408 1757 4478; x_wconf 76' lang='grc' dir='ltr'>νοηθήσε-</span> 
     </span>
    </p>
   </div>
   <div class='ocr_carea' id='block_1_62' title="bbox 186 4494 1755 4566">
    <p class='ocr_par' dir='ltr' id='par_1_62' title="bbox 186 4494 1755 4566">
     <span class='ocr_line' id='line_1_62' title="bbox 186 4494 1755 4566; baseline 0.003 -22"><span class='ocrx_word' id='word_1_482' title='bbox 186 4510 329 4547; x_wconf 66' lang='lat' dir='ltr'><strong>tam</strong></span> <span class='ocrx_word' id='word_1_483' title='bbox 370 4495 503 4548; x_wconf 80' lang='grc' dir='ltr'>Ἰδοὺ</span> <span class='ocrx_word' id='word_1_484' title='bbox 563 4496 725 4564; x_wconf 77' lang='grc' dir='ltr'>ἡμεῖς</span> <span class='ocrx_word' id='word_1_485' title='bbox 790 4494 885 4564; x_wconf 84' lang='grc' dir='ltr'><strong>μὲν</strong></span> <span class='ocrx_word' id='word_1_486' title='bbox 943 4496 1006 4547; x_wconf 84' lang='grc' dir='ltr'>ὲκ</span> <span class='ocrx_word' id='word_1_487' title='bbox 1059 4495 1317 4566; x_wconf 85' lang='grc' dir='ltr'>Πατέρων</span> <span class='ocrx_word' id='word_1_488' title='bbox 1375 4498 1454 4559; x_wconf 89' lang='grc' dir='ltr'><strong>είς</strong></span> <span class='ocrx_word' id='word_1_489' title='bbox 1505 4497 1755 4566; x_wconf 83' lang='grc' dir='ltr'>Πατέρας</span> 
     </span>
    </p>
   </div>
   <div class='ocr_carea' id='block_1_63' title="bbox 1863 2006 3426 2080">
    <p class='ocr_par' dir='ltr' id='par_1_63' title="bbox 1863 2006 3426 2080">
     <span class='ocr_line' id='line_1_63' title="bbox 1863 2006 3426 2080; baseline -0.005 -12"><span class='ocrx_word' id='word_1_490' title='bbox 1863 2014 2040 2077; x_wconf 86' lang='lat' dir='ltr'><strong>Patre,</strong></span> <span class='ocrx_word' id='word_1_491' title='bbox 2099 2028 2197 2068; x_wconf 91' lang='lat' dir='ltr'><strong>nec</strong></span> <span class='ocrx_word' id='word_1_492' title='bbox 2240 2012 2466 2067; x_wconf 82' lang='lat' dir='ltr'><strong>alterius</strong></span> <span class='ocrx_word' id='word_1_493' title='bbox 2514 2028 2676 2080; x_wconf 81' lang='lat' dir='ltr'><strong>quam</strong></span> <span class='ocrx_word' id='word_1_494' title='bbox 2736 2009 2914 2065; x_wconf 82' lang='lat' dir='ltr'><strong>Patris</strong></span> <span class='ocrx_word' id='word_1_495' title='bbox 2964 2009 3278 2064; x_wconf 68' lang='lat' dir='ltr'><strong>substantiae</strong></span> <span class='ocrx_word' id='word_1_496' title='bbox 3340 2006 3426 2061; x_wconf 89' lang='lat' dir='ltr'><strong>vel</strong></span> 
     </span>
    </p>
   </div>
   <div class='ocr_carea' id='block_1_64' title="bbox 1860 2099 3428 2177">
    <p class='ocr_par' dir='ltr' id='par_1_64' title="bbox 1860 2099 3428 2177">
     <span class='ocr_line' id='line_1_64' title="bbox 1860 2099 3428 2177; baseline -0.006 -17"><span class='ocrx_word' id='word_1_497' title='bbox 1860 2105 2167 2177; x_wconf 76' lang='lat' dir='ltr'><strong>bypostasis</strong></span> <span class='ocrx_word' id='word_1_498' title='bbox 2210 2105 2461 2174; x_wconf 87' lang='lat' dir='ltr'><strong>proprius</strong></span> <span class='ocrx_word' id='word_1_499' title='bbox 2496 2106 2586 2167; x_wconf 92' lang='lat' dir='ltr'><strong>sit,</strong></span> <span class='ocrx_word' id='word_1_500' title='bbox 2628 2112 2685 2158; x_wconf 89' lang='lat' dir='ltr'><strong>ttt</strong></span> <span class='ocrx_word' id='word_1_501' title='bbox 2731 2102 3029 2158; x_wconf 87' lang='lat' dir='ltr'><strong>declaravit</strong></span> <span class='ocrx_word' id='word_1_502' title='bbox 3070 2101 3326 2170; x_wconf 84' lang='lat' dir='ltr'><strong>synodus,</strong></span> <span class='ocrx_word' id='word_1_503' title='bbox 3365 2099 3428 2152; x_wconf 88' lang='lat' dir='ltr'><strong>li-</strong></span> 
     </span>
    </p>
   </div>
   <div class='ocr_carea' id='block_1_65' title="bbox 1859 2188 3425 2261">
    <p class='ocr_par' dir='ltr' id='par_1_65' title="bbox 1859 2188 3425 2261">
     <span class='ocr_line' id='line_1_65' title="bbox 1859 2188 3425 2261; baseline -0.006 -9"><span class='ocrx_word' id='word_1_504' title='bbox 1859 2205 1979 2252; x_wconf 90' lang='lat' dir='ltr'><strong>ceat</strong></span> <span class='ocrx_word' id='word_1_505' title='bbox 2009 2211 2104 2249; x_wconf 88' lang='lat' dir='ltr'><strong>vos</strong></span> <span class='ocrx_word' id='word_1_506' title='bbox 2142 2196 2336 2249; x_wconf 87' lang='lat' dir='ltr'><strong>iterum</strong></span> <span class='ocrx_word' id='word_1_507' title='bbox 2391 2211 2419 2247; x_wconf 92' lang='lat' dir='ltr'><strong>a</strong></span> <span class='ocrx_word' id='word_1_508' title='bbox 2470 2193 2736 2249; x_wconf 86' lang='lat' dir='ltr'><strong>laborioso</strong></span> <span class='ocrx_word' id='word_1_509' title='bbox 2783 2193 3013 2261; x_wconf 75' lang='lat' dir='ltr'><strong>Origene</strong></span> <span class='ocrx_word' id='word_1_510' title='bbox 3047 2190 3252 2244; x_wconf 88' lang='lat' dir='ltr'><strong>audire.</strong></span> <span class='ocrx_word' id='word_1_511' title='bbox 3292 2188 3425 2242; x_wconf 85' lang='lat' dir='ltr'><strong>Nam</strong></span> 
     </span>
    </p>
   </div>
   <div class='ocr_carea' id='block_1_66' title="bbox 1859 2284 3426 2357">
    <p class='ocr_par' dir='ltr' id='par_1_66' title="bbox 1859 2284 3426 2357">
     <span class='ocr_line' id='line_1_66' title="bbox 1859 2284 3426 2357; baseline -0.004 -16"><span class='ocrx_word' id='word_1_512' title='bbox 1859 2304 1978 2357; x_wconf 76' lang='lat' dir='ltr'><strong>qute</strong></span> <span class='ocrx_word' id='word_1_513' title='bbox 2014 2288 2100 2342; x_wconf 90' lang='lat' dir='ltr'><strong>ille</strong></span> <span class='ocrx_word' id='word_1_514' title='bbox 2141 2287 2283 2341; x_wconf 85' lang='lat' dir='ltr'><strong>velut</strong></span> <span class='ocrx_word' id='word_1_515' title='bbox 2323 2286 2603 2355; x_wconf 87' lang='lat' dir='ltr'><strong>inquirens</strong></span> <span class='ocrx_word' id='word_1_516' title='bbox 2634 2296 2687 2341; x_wconf 89' lang='lat' dir='ltr'><strong>et</strong></span> <span class='ocrx_word' id='word_1_517' title='bbox 2726 2286 3004 2355; x_wconf 90' lang='lat' dir='ltr'><strong>disputans</strong></span> <span class='ocrx_word' id='word_1_518' title='bbox 3048 2284 3291 2355; x_wconf 82' lang='lat' dir='ltr'><strong>scripsit,</strong></span> <span class='ocrx_word' id='word_1_519' title='bbox 3323 2296 3426 2335; x_wconf 87' lang='lat' dir='ltr'><strong>non</strong></span> 
     </span>
    </p>
   </div>
   <div class='ocr_carea' id='block_1_67' title="bbox 1860 2375 3426 2455">
    <p class='ocr_par' dir='ltr' id='par_1_67' title="bbox 1860 2375 3426 2455">
     <span class='ocr_line' id='line_1_67' title="bbox 1860 2375 3426 2455; baseline -0.006 -20"><span class='ocrx_word' id='word_1_520' title='bbox 1860 2382 1932 2436; x_wconf 90' lang='lat' dir='ltr'><strong>ita</strong></span> <span class='ocrx_word' id='word_1_521' title='bbox 1969 2380 2279 2450; x_wconf 86' lang='lat' dir='ltr'><strong>accipienda</strong></span> <span class='ocrx_word' id='word_1_522' title='bbox 2329 2388 2474 2445; x_wconf 89' lang='lat' dir='ltr'><strong>sunt,</strong></span> <span class='ocrx_word' id='word_1_523' title='bbox 2508 2379 2661 2447; x_wconf 85' lang='lat' dir='ltr'><strong>quasi</strong></span> <span class='ocrx_word' id='word_1_524' title='bbox 2698 2378 2777 2433; x_wconf 86' lang='lat' dir='ltr'><strong>sic</strong></span> <span class='ocrx_word' id='word_1_525' title='bbox 2818 2378 2937 2455; x_wconf 64' lang='lat' dir='ltr'><strong>ipse</strong></span> <span class='ocrx_word' id='word_1_526' title='bbox 2982 2376 3225 2455; x_wconf 78' lang='lat' dir='ltr'><strong>sentiret.</strong></span> <span class='ocrx_word' id='word_1_527' title='bbox 3248 2375 3338 2429; x_wconf 83' lang='lat' dir='ltr'><strong>sed</strong></span> <span class='ocrx_word' id='word_1_528' title='bbox 3361 2388 3426 2427; x_wconf 84' lang='lat' dir='ltr'><strong>ex</strong></span> 
     </span>
    </p>
   </div>
   <div class='ocr_carea' id='block_1_68' title="bbox 1857 2451 3429 2540">
    <p class='ocr_par' dir='ltr' id='par_1_68' title="bbox 1857 2451 3429 2540">
     <span class='ocr_line' id='line_1_68' title="bbox 1857 2451 3429 2540; baseline -0.006 -11"><span class='ocrx_word' id='word_1_529' title='bbox 1857 2488 2044 2529; x_wconf 89' lang='lat' dir='ltr'><strong>eorum</strong></span> <span class='ocrx_word' id='word_1_530' title='bbox 2082 2481 2263 2526; x_wconf 90' lang='lat' dir='ltr'><strong>mente</strong></span> <span class='ocrx_word' id='word_1_531' title='bbox 2290 2472 2610 2540; x_wconf 89' lang='lat' dir='ltr'><strong>quibuscum</strong></span> <span class='ocrx_word' id='word_1_532' title='bbox 2642 2470 2877 2539; x_wconf 89' lang='lat' dir='ltr'><strong>disputat</strong></span> <span class='ocrx_word' id='word_1_533' title='bbox 2906 2451 2937 2524; x_wconf 42' lang='grc' dir='ltr'><strong>’τ’</strong></span> <span class='ocrx_word' id='word_1_534' title='bbox 2972 2451 3025 2522; x_wconf 79' lang='lat' dir='ltr'><strong>at</strong></span> <span class='ocrx_word' id='word_1_535' title='bbox 3055 2483 3173 2537; x_wconf 60' lang='lat' dir='ltr'><strong>qua:</strong></span> <span class='ocrx_word' id='word_1_536' title='bbox 3202 2468 3429 2521; x_wconf 82' lang='lat' dir='ltr'><strong>fidenter</strong></span> 
     </span>
    </p>
   </div>
   <div class='ocr_carea' id='block_1_69' title="bbox 1866 2560 3426 2631">
    <p class='ocr_par' dir='ltr' id='par_1_69' title="bbox 1866 2560 3426 2631">
     <span class='ocr_line' id='line_1_69' title="bbox 1866 2560 3426 2631; baseline -0.006 -12"><span class='ocrx_word' id='word_1_537' title='bbox 1866 2565 2055 2619; x_wconf 82' lang='lat' dir='ltr'><strong>deﬁnit</strong></span> <span class='ocrx_word' id='word_1_538' title='bbox 2087 2562 2419 2631; x_wconf 59' lang='lat' dir='ltr'><strong>maturina,</strong></span> <span class='ocrx_word' id='word_1_539' title='bbox 2445 2565 2561 2618; x_wconf 70' lang='lat' dir='ltr'><strong>hmc</strong></span> <span class='ocrx_word' id='word_1_540' title='bbox 2591 2577 2715 2617; x_wconf 87' lang='lat' dir='ltr'><strong>vera</strong></span> <span class='ocrx_word' id='word_1_541' title='bbox 2738 2571 2820 2616; x_wconf 88' lang='lat' dir='ltr'><strong>est</strong></span> <span class='ocrx_word' id='word_1_542' title='bbox 2850 2560 2951 2616; x_wconf 87' lang='lat' dir='ltr'><strong>viri</strong></span> <span class='ocrx_word' id='word_1_543' title='bbox 2976 2560 3134 2630; x_wconf 86' lang='lat' dir='ltr'><strong>hujus</strong></span> <span class='ocrx_word' id='word_1_544' title='bbox 3168 2571 3426 2627; x_wconf 77' lang='lat' dir='ltr'><strong>perquam</strong></span> 
     </span>
    </p>
   </div>
   <div class='ocr_carea' id='block_1_70' title="bbox 1861 2636 3427 2724">
    <p class='ocr_par' dir='ltr' id='par_1_70' title="bbox 1861 2636 3427 2724">
     <span class='ocr_line' id='line_1_70' title="bbox 1861 2636 3427 2724; baseline -0.007 -12"><span class='ocrx_word' id='word_1_545' title='bbox 1861 2636 2101 2712; x_wconf 39' lang='lat' dir='ltr'><strong>studiosi.</strong></span> <span class='ocrx_word' id='word_1_546' title='bbox 2127 2656 2419 2711; x_wconf 80' lang='lat' dir='ltr'><strong>sententia.</strong></span> <span class='ocrx_word' id='word_1_547' title='bbox 2455 2654 2638 2724; x_wconf 88' lang='lat' dir='ltr'><strong>Itaque</strong></span> <span class='ocrx_word' id='word_1_548' title='bbox 2692 2664 2813 2723; x_wconf 89' lang='lat' dir='ltr'><strong>post</strong></span> <span class='ocrx_word' id='word_1_549' title='bbox 2840 2666 2902 2706; x_wconf 88' lang='lat' dir='ltr'><strong>ea</strong></span> <span class='ocrx_word' id='word_1_550' title='bbox 2931 2667 3049 2721; x_wconf 76' lang='lat' dir='ltr'><strong>quae</strong></span> <span class='ocrx_word' id='word_1_551' title='bbox 3077 2649 3427 2705; x_wconf 85' lang='lat' dir='ltr'><strong>exercitatio-</strong></span> 
     </span>
    </p>
   </div>
   <div class='ocr_carea' id='block_1_71' title="bbox 1860 2743 3429 2817">
    <p class='ocr_par' dir='ltr' id='par_1_71' title="bbox 1860 2743 3429 2817">
     <span class='ocr_line' id='line_1_71' title="bbox 1860 2743 3429 2817; baseline -0.006 -14"><span class='ocrx_word' id='word_1_552' title='bbox 1860 2751 1942 2803; x_wconf 91' lang='lat' dir='ltr'><strong>nis</strong></span> <span class='ocrx_word' id='word_1_553' title='bbox 1971 2748 2141 2817; x_wconf 88' lang='lat' dir='ltr'><strong>gratia</strong></span> <span class='ocrx_word' id='word_1_554' title='bbox 2179 2747 2243 2799; x_wconf 91' lang='lat' dir='ltr'><strong>ad</strong></span> <span class='ocrx_word' id='word_1_555' title='bbox 2278 2746 2566 2801; x_wconf 62' lang='lat' dir='ltr'><strong>haereticos</strong></span> <span class='ocrx_word' id='word_1_556' title='bbox 2591 2745 2746 2811; x_wconf 82' lang='lat' dir='ltr'><strong>dixit,</strong></span> <span class='ocrx_word' id='word_1_557' title='bbox 2784 2744 2965 2799; x_wconf 87' lang='lat' dir='ltr'><strong>statim</strong></span> <span class='ocrx_word' id='word_1_558' title='bbox 2997 2743 3269 2813; x_wconf 84' lang='lat' dir='ltr'><strong>propriam</strong></span> <span class='ocrx_word' id='word_1_559' title='bbox 3316 2746 3429 2810; x_wconf 81' lang='lat' dir='ltr'><strong>ipse</strong></span> 
     </span>
    </p>
   </div>
   <div class='ocr_carea' id='block_1_72' title="bbox 1860 2834 3430 2905">
    <p class='ocr_par' dir='ltr' id='par_1_72' title="bbox 1860 2834 3430 2905">
     <span class='ocr_line' id='line_1_72' title="bbox 1860 2834 3430 2905; baseline -0.006 -10"><span class='ocrx_word' id='word_1_560' title='bbox 1860 2851 2094 2895; x_wconf 89' lang='lat' dir='ltr'><strong>mentem</strong></span> <span class='ocrx_word' id='word_1_561' title='bbox 2142 2838 2227 2893; x_wconf 92' lang='lat' dir='ltr'><strong>his</strong></span> <span class='ocrx_word' id='word_1_562' title='bbox 2267 2836 2450 2891; x_wconf 82' lang='lat' dir='ltr'><strong>verbis</strong></span> <span class='ocrx_word' id='word_1_563' title='bbox 2479 2837 2697 2905; x_wconf 83' lang='lat' dir='ltr'><strong>exponit</strong></span> <span class='ocrx_word' id='word_1_564' title='bbox 2728 2854 2741 2890; x_wconf 89' lang='lat'><strong>:</strong></span> <span class='ocrx_word' id='word_1_565' title='bbox 2779 2855 2797 2887; x_wconf 76' lang='grc' dir='ltr'><strong>ι</strong></span> <span class='ocrx_word' id='word_1_566' title='bbox 2819 2836 2875 2889; x_wconf 91' lang='lat' dir='ltr'><strong>Si</strong></span> <span class='ocrx_word' id='word_1_567' title='bbox 2906 2843 2987 2889; x_wconf 89' lang='lat' dir='ltr'><strong>est</strong></span> <span class='ocrx_word' id='word_1_568' title='bbox 3022 2835 3199 2903; x_wconf 89' lang='lat' dir='ltr'><strong>imago</strong></span> <span class='ocrx_word' id='word_1_569' title='bbox 3230 2834 3272 2889; x_wconf 93' lang='lat' dir='ltr'><strong>D</strong></span> <span class='ocrx_word' id='word_1_570' title='bbox 3294 2835 3321 2886; x_wconf 87' lang='lat' dir='ltr'><strong>-i</strong></span> <span class='ocrx_word' id='word_1_571' title='bbox 3349 2836 3430 2886; x_wconf 87' lang='lat' dir='ltr'><strong>in-</strong></span> 
     </span>
    </p>
   </div>
   <div class='ocr_carea' id='block_1_73' title="bbox 1858 2921 3427 2996">
    <p class='ocr_par' dir='ltr' id='par_1_73' title="bbox 1858 2921 3427 2996">
     <span class='ocr_line' id='line_1_73' title="bbox 1858 2921 3427 2996; baseline -0.006 -13"><span class='ocrx_word' id='word_1_572' title='bbox 1858 2930 2109 2994; x_wconf 84' lang='lat' dir='ltr'><strong>visibilis,</strong></span> <span class='ocrx_word' id='word_1_573' title='bbox 2156 2927 2448 2983; x_wconf 88' lang='lat' dir='ltr'><strong>invisibilis</strong></span> <span class='ocrx_word' id='word_1_574' title='bbox 2498 2942 2715 2996; x_wconf 89' lang='lat' dir='ltr'><strong>quoque</strong></span> <span class='ocrx_word' id='word_1_575' title='bbox 2765 2934 2849 2979; x_wconf 83' lang='lat' dir='ltr'><strong>est</strong></span> <span class='ocrx_word' id='word_1_576' title='bbox 2898 2926 3011 2993; x_wconf 88' lang='lat' dir='ltr'><strong>ipsa</strong></span> <span class='ocrx_word' id='word_1_577' title='bbox 3058 2926 3255 2993; x_wconf 90' lang='lat' dir='ltr'><strong>imago.</strong></span> <span class='ocrx_word' id='word_1_578' title='bbox 3289 2921 3427 2989; x_wconf 87' lang='lat' dir='ltr'><strong>Quin</strong></span> 
     </span>
    </p>
   </div>
   <div class='ocr_carea' id='block_1_74' title="bbox 1858 3015 3425 3081">
    <p class='ocr_par' dir='ltr' id='par_1_74' title="bbox 1858 3015 3425 3081">
     <span class='ocr_line' id='line_1_74' title="bbox 1858 3015 3425 3081; baseline -0.008 0"><span class='ocrx_word' id='word_1_579' title='bbox 1858 3024 2019 3081; x_wconf 87' lang='lat' dir='ltr'><strong>etiam</strong></span> <span class='ocrx_word' id='word_1_580' title='bbox 2050 3023 2248 3077; x_wconf 88' lang='lat' dir='ltr'><strong>addere</strong></span> <span class='ocrx_word' id='word_1_581' title='bbox 2286 3020 2458 3074; x_wconf 82' lang='lat' dir='ltr'><strong>ausim</strong></span> <span class='ocrx_word' id='word_1_582' title='bbox 2485 3034 2607 3072; x_wconf 89' lang='lat' dir='ltr'><strong>eum</strong></span> <span class='ocrx_word' id='word_1_583' title='bbox 2653 3019 2725 3073; x_wconf 91' lang='lat' dir='ltr'><strong>sit</strong></span> <span class='ocrx_word' id='word_1_584' title='bbox 2765 3017 3059 3073; x_wconf 88' lang='lat' dir='ltr'><strong>similitudo</strong></span> <span class='ocrx_word' id='word_1_585' title='bbox 3094 3015 3289 3075; x_wconf 84' lang='lat' dir='ltr'><strong>Patris,</strong></span> <span class='ocrx_word' id='word_1_586' title='bbox 3322 3030 3425 3068; x_wconf 86' lang='lat' dir='ltr'><strong>nou</strong></span> 
     </span>
    </p>
   </div>
   <div class='ocr_carea' id='block_1_75' title="bbox 1858 3106 3426 3189">
    <p class='ocr_par' dir='ltr' id='par_1_75' title="bbox 1858 3106 3426 3189">
     <span class='ocr_line' id='line_1_75' title="bbox 1858 3106 3426 3189; baseline -0.009 -17"><span class='ocrx_word' id='word_1_587' title='bbox 1858 3133 2017 3189; x_wconf 85' lang='lat' dir='ltr'><strong>posse</strong></span> <span class='ocrx_word' id='word_1_588' title='bbox 2062 3115 2175 3169; x_wconf 80' lang='lat' dir='ltr'><strong>ﬁeri</strong></span> <span class='ocrx_word' id='word_1_589' title='bbox 2225 3123 2283 3167; x_wconf 87' lang='lat' dir='ltr'><strong>ttt</strong></span> <span class='ocrx_word' id='word_1_590' title='bbox 2334 3112 2623 3183; x_wconf 86' lang='lat' dir='ltr'><strong>aliquando</strong></span> <span class='ocrx_word' id='word_1_591' title='bbox 2653 3127 2754 3165; x_wconf 91' lang='lat' dir='ltr'><strong>non</strong></span> <span class='ocrx_word' id='word_1_592' title='bbox 2815 3111 2997 3164; x_wconf 90' lang='lat' dir='ltr'><strong>fuerit.</strong></span> <span class='ocrx_word' id='word_1_593' title='bbox 3030 3109 3253 3175; x_wconf 85' lang='lat' dir='ltr'><strong>Quando</strong></span> <span class='ocrx_word' id='word_1_594' title='bbox 3284 3106 3426 3159; x_wconf 85' lang='lat' dir='ltr'><strong>enim</strong></span> 
     </span>
    </p>
   </div>
   <div class='ocr_carea' id='block_1_76' title="bbox 1860 3197 3430 3279">
    <p class='ocr_par' dir='ltr' id='par_1_76' title="bbox 1860 3197 3430 3279">
     <span class='ocr_line' id='line_1_76' title="bbox 1860 3197 3430 3279; baseline -0.011 -12"><span class='ocrx_word' id='word_1_595' title='bbox 1860 3213 2017 3275; x_wconf 87' lang='lat' dir='ltr'><strong>Deus,</strong></span> <span class='ocrx_word' id='word_1_596' title='bbox 2050 3223 2209 3279; x_wconf 90' lang='lat' dir='ltr'><strong>quem</strong></span> <span class='ocrx_word' id='word_1_597' title='bbox 2258 3204 2492 3259; x_wconf 85' lang='lat' dir='ltr'><strong>Joannes</strong></span> <span class='ocrx_word' id='word_1_598' title='bbox 2524 3205 2692 3258; x_wconf 88' lang='lat' dir='ltr'><strong>lucem</strong></span> <span class='ocrx_word' id='word_1_599' title='bbox 2728 3202 2956 3271; x_wconf 86' lang='lat' dir='ltr'><strong>appellat</strong></span> <span class='ocrx_word' id='word_1_600' title='bbox 2997 3202 3141 3263; x_wconf 89' lang='lat' dir='ltr'><strong>(nam</strong></span> <span class='ocrx_word' id='word_1_601' title='bbox 3173 3199 3311 3251; x_wconf 82' lang='lat' dir='ltr'><strong>Deus</strong></span> <span class='ocrx_word' id='word_1_602' title='bbox 3339 3197 3430 3250; x_wconf 69' lang='lat' dir='ltr'><strong>Ius</strong></span> 
     </span>
    </p>
   </div>
   <div class='ocr_carea' id='block_1_77' title="bbox 1859 3288 3427 3371">
    <p class='ocr_par' dir='ltr' id='par_1_77' title="bbox 1859 3288 3427 3371">
     <span class='ocr_line' id='line_1_77' title="bbox 1859 3288 3427 3371; baseline -0.011 -14"><span class='ocrx_word' id='word_1_603' title='bbox 1859 3301 2021 3371; x_wconf 61' lang='lat' dir='ltr'><strong>est“),</strong></span> <span class='ocrx_word' id='word_1_604' title='bbox 2061 3299 2289 3369; x_wconf 68' lang='lat' dir='ltr'><strong>propriae</strong></span> <span class='ocrx_word' id='word_1_605' title='bbox 2334 3295 2517 3366; x_wconf 65' lang='lat' dir='ltr'><strong>gloriae</strong></span> <span class='ocrx_word' id='word_1_606' title='bbox 2560 3293 2844 3363; x_wconf 85' lang='lat' dir='ltr'><strong>splendore</strong></span> <span class='ocrx_word' id='word_1_607' title='bbox 2884 3291 3074 3354; x_wconf 86' lang='lat' dir='ltr'><strong>caruit,</strong></span> <span class='ocrx_word' id='word_1_608' title='bbox 3104 3298 3161 3343; x_wconf 88' lang='lat' dir='ltr'><strong>nt</strong></span> <span class='ocrx_word' id='word_1_609' title='bbox 3184 3288 3305 3357; x_wconf 89' lang='lat' dir='ltr'><strong>quis</strong></span> <span class='ocrx_word' id='word_1_610' title='bbox 3331 3304 3427 3340; x_wconf 88' lang='lat' dir='ltr'><strong>au-</strong></span> 
     </span>
    </p>
   </div>
   <div class='ocr_carea' id='block_1_78' title="bbox 1858 3380 3425 3462">
    <p class='ocr_par' dir='ltr' id='par_1_78' title="bbox 1858 3380 3425 3462">
     <span class='ocr_line' id='line_1_78' title="bbox 1858 3380 3425 3462; baseline -0.011 -13"><span class='ocrx_word' id='word_1_611' title='bbox 1858 3396 1980 3449; x_wconf 89' lang='lat' dir='ltr'><strong>deat</strong></span> <span class='ocrx_word' id='word_1_612' title='bbox 2037 3392 2357 3462; x_wconf 87' lang='lat' dir='ltr'><strong>principium</strong></span> <span class='ocrx_word' id='word_1_613' title='bbox 2411 3386 2701 3443; x_wconf 86' lang='lat' dir='ltr'><strong>exsistendi</strong></span> <span class='ocrx_word' id='word_1_614' title='bbox 2754 3384 2893 3437; x_wconf 87' lang='lat' dir='ltr'><strong>Filio</strong></span> <span class='ocrx_word' id='word_1_615' title='bbox 2960 3383 3220 3445; x_wconf 89' lang='lat' dir='ltr'><strong>tribuere,</strong></span> <span class='ocrx_word' id='word_1_616' title='bbox 3273 3380 3425 3450; x_wconf 89' lang='lat' dir='ltr'><strong>quasi</strong></span> 
     </span>
    </p>
   </div>
   <div class='ocr_carea' id='block_1_79' title="bbox 1857 3476 3426 3544">
    <p class='ocr_par' dir='ltr' id='par_1_79' title="bbox 1857 3476 3426 3544">
     <span class='ocr_line' id='line_1_79' title="bbox 1857 3476 3426 3544; baseline -0.01 -3"><span class='ocrx_word' id='word_1_617' title='bbox 1857 3486 2068 3542; x_wconf 87' lang='lat' dir='ltr'><strong>scilicet</strong></span> <span class='ocrx_word' id='word_1_618' title='bbox 2110 3493 2266 3537; x_wconf 83' lang='lat' dir='ltr'><strong>antea</strong></span> <span class='ocrx_word' id='word_1_619' title='bbox 2322 3496 2428 3535; x_wconf 90' lang='lat' dir='ltr'><strong>non</strong></span> <span class='ocrx_word' id='word_1_620' title='bbox 2484 3477 2711 3533; x_wconf 80' lang='lat' dir='ltr'><strong>fuisset?</strong></span> <span class='ocrx_word' id='word_1_621' title='bbox 2749 3476 3103 3544; x_wconf 86' lang='lat' dir='ltr'><strong>Quandonam</strong></span> <span class='ocrx_word' id='word_1_622' title='bbox 3157 3488 3283 3527; x_wconf 88' lang='lat' dir='ltr'><strong>vero</strong></span> <span class='ocrx_word' id='word_1_623' title='bbox 3320 3488 3426 3527; x_wconf 91' lang='lat' dir='ltr'><strong>non</strong></span> 
     </span>
    </p>
   </div>
   <div class='ocr_carea' id='block_1_80' title="bbox 1858 3566 3426 3639">
    <p class='ocr_par' dir='ltr' id='par_1_80' title="bbox 1858 3566 3426 3639">
     <span class='ocr_line' id='line_1_80' title="bbox 1858 3566 3426 3639; baseline -0.01 -7"><span class='ocrx_word' id='word_1_624' title='bbox 1858 3587 1977 3633; x_wconf 84' lang='lat' dir='ltr'><strong>erat</strong></span> <span class='ocrx_word' id='word_1_625' title='bbox 2015 3575 2270 3638; x_wconf 87' lang='lat' dir='ltr'><strong>Verbum,</strong></span> <span class='ocrx_word' id='word_1_626' title='bbox 2321 3571 2576 3633; x_wconf 82' lang='lat' dir='ltr'><strong>Verbum,</strong></span> <span class='ocrx_word' id='word_1_627' title='bbox 2636 3571 2873 3639; x_wconf 90' lang='lat' dir='ltr'><strong>inquam,</strong></span> <span class='ocrx_word' id='word_1_628' title='bbox 2935 3568 3075 3638; x_wconf 90' lang='lat' dir='ltr'><strong>quod</strong></span> <span class='ocrx_word' id='word_1_629' title='bbox 3113 3576 3167 3621; x_wconf 88' lang='lat' dir='ltr'><strong>et</strong></span> <span class='ocrx_word' id='word_1_630' title='bbox 3213 3566 3426 3621; x_wconf 86' lang='lat' dir='ltr'><strong>Patrem</strong></span> 
     </span>
    </p>
   </div>
   <div class='ocr_carea' id='block_1_81' title="bbox 1861 3655 3431 3737">
    <p class='ocr_par' dir='ltr' id='par_1_81' title="bbox 1861 3655 3431 3737">
     <span class='ocr_line' id='line_1_81' title="bbox 1861 3655 3431 3737; baseline -0.01 -14"><span class='ocrx_word' id='word_1_631' title='bbox 1861 3666 2163 3737; x_wconf 80' lang='lat' dir='ltr'><strong>cognoscit,</strong></span> <span class='ocrx_word' id='word_1_632' title='bbox 2196 3673 2252 3718; x_wconf 92' lang='lat' dir='ltr'><strong>et</strong></span> <span class='ocrx_word' id='word_1_633' title='bbox 2288 3672 2371 3717; x_wconf 90' lang='lat' dir='ltr'><strong>est</strong></span> <span class='ocrx_word' id='word_1_634' title='bbox 2400 3662 2684 3716; x_wconf 90' lang='lat' dir='ltr'><strong>character</strong></span> <span class='ocrx_word' id='word_1_635' title='bbox 2733 3674 2795 3713; x_wconf 92' lang='lat' dir='ltr'><strong>ac</strong></span> <span class='ocrx_word' id='word_1_636' title='bbox 2825 3658 3002 3728; x_wconf 81' lang='lat' dir='ltr'><strong>imago</strong></span> <span class='ocrx_word' id='word_1_637' title='bbox 3035 3656 3274 3725; x_wconf 79' lang='lat' dir='ltr'><strong>ejusdem</strong></span> <span class='ocrx_word' id='word_1_638' title='bbox 3304 3655 3431 3708; x_wconf 86' lang='lat' dir='ltr'><strong>sub-</strong></span> 
     </span>
    </p>
   </div>
   <div class='ocr_carea' id='block_1_82' title="bbox 1866 3746 3428 3826">
    <p class='ocr_par' dir='ltr' id='par_1_82' title="bbox 1866 3746 3428 3826">
     <span class='ocr_line' id='line_1_82' title="bbox 1866 3746 3428 3826; baseline -0.012 -9"><span class='ocrx_word' id='word_1_639' title='bbox 1866 3761 2078 3817; x_wconf 76' lang='lat' dir='ltr'><strong>stantize</strong></span> <span class='ocrx_word' id='word_1_640' title='bbox 2098 3760 2142 3821; x_wconf 83' lang='lat'><strong>’,</strong></span> <span class='ocrx_word' id='word_1_641' title='bbox 2181 3772 2301 3826; x_wconf 74' lang='lat' dir='ltr'><strong>quze</strong></span> <span class='ocrx_word' id='word_1_642' title='bbox 2350 3755 2509 3825; x_wconf 85' lang='lat' dir='ltr'><strong>digne</strong></span> <span class='ocrx_word' id='word_1_643' title='bbox 2554 3768 2655 3810; x_wconf 88' lang='lat' dir='ltr'><strong>nec</strong></span> <span class='ocrx_word' id='word_1_644' title='bbox 2697 3751 2951 3821; x_wconf 80' lang='lat' dir='ltr'><strong>exprimi,</strong></span> <span class='ocrx_word' id='word_1_645' title='bbox 2998 3765 3099 3804; x_wconf 90' lang='lat' dir='ltr'><strong>nec</strong></span> <span class='ocrx_word' id='word_1_646' title='bbox 3143 3746 3428 3809; x_wconf 87' lang='lat' dir='ltr'><strong>nominari,</strong></span> 
     </span>
    </p>
   </div>
   <div class='ocr_carea' id='block_1_83' title="bbox 1858 3841 3430 3922">
    <p class='ocr_par' dir='ltr' id='par_1_83' title="bbox 1858 3841 3430 3922">
     <span class='ocr_line' id='line_1_83' title="bbox 1858 3841 3430 3922; baseline -0.011 -14"><span class='ocrx_word' id='word_1_647' title='bbox 1858 3868 1959 3908; x_wconf 91' lang='lat' dir='ltr'><strong>nec</strong></span> <span class='ocrx_word' id='word_1_648' title='bbox 1991 3849 2219 3922; x_wconf 83' lang='lat' dir='ltr'><strong>proferri</strong></span> <span class='ocrx_word' id='word_1_649' title='bbox 2248 3848 2458 3917; x_wconf 80' lang='lat' dir='ltr'><strong>possit?</strong></span> <span class='ocrx_word' id='word_1_650' title='bbox 2496 3845 2766 3913; x_wconf 82' lang='lat' dir='ltr'><strong>lntelligat</strong></span> <span class='ocrx_word' id='word_1_651' title='bbox 2811 3845 2953 3899; x_wconf 88' lang='lat' dir='ltr'><strong>enim</strong></span> <span class='ocrx_word' id='word_1_652' title='bbox 2997 3841 3086 3912; x_wconf 91' lang='lat' dir='ltr'><strong>qui</strong></span> <span class='ocrx_word' id='word_1_653' title='bbox 3122 3841 3300 3894; x_wconf 87' lang='lat' dir='ltr'><strong>dicere</strong></span> <span class='ocrx_word' id='word_1_654' title='bbox 3331 3853 3430 3892; x_wconf 90' lang='lat' dir='ltr'><strong>au-</strong></span> 
     </span>
    </p>
   </div>
   <div class='ocr_carea' id='block_1_84' title="bbox 1859 3930 3431 4011">
    <p class='ocr_par' dir='ltr' id='par_1_84' title="bbox 1859 3930 3431 4011">
     <span class='ocr_line' id='line_1_84' title="bbox 1859 3930 3431 4011; baseline -0.009 -13"><span class='ocrx_word' id='word_1_655' title='bbox 1859 3946 1969 4011; x_wconf 82' lang='lat' dir='ltr'><strong>det,</strong></span> <span class='ocrx_word' id='word_1_656' title='bbox 2035 3943 2155 3996; x_wconf 87' lang='lat' dir='ltr'><strong>Fuit</strong></span> <span class='ocrx_word' id='word_1_657' title='bbox 2201 3939 2491 4011; x_wconf 88' lang='lat' dir='ltr'><strong>aliquando</strong></span> <span class='ocrx_word' id='word_1_658' title='bbox 2533 3953 2654 3992; x_wconf 90' lang='lat' dir='ltr'><strong>cum</strong></span> <span class='ocrx_word' id='word_1_659' title='bbox 2709 3952 2813 3991; x_wconf 91' lang='lat' dir='ltr'><strong>non</strong></span> <span class='ocrx_word' id='word_1_660' title='bbox 2857 3944 3003 3990; x_wconf 90' lang='lat' dir='ltr'><strong>esset</strong></span> <span class='ocrx_word' id='word_1_661' title='bbox 3045 3931 3237 3991; x_wconf 79' lang='lat' dir='ltr'><strong>Filius.</strong></span> <span class='ocrx_word' id='word_1_662' title='bbox 3290 3930 3431 3984; x_wconf 88' lang='lat' dir='ltr'><strong>idem</strong></span> 
     </span>
    </p>
   </div>
   <div class='ocr_carea' id='block_1_85' title="bbox 1858 4026 3431 4100">
    <p class='ocr_par' dir='ltr' id='par_1_85' title="bbox 1858 4026 3431 4100">
     <span class='ocr_line' id='line_1_85' title="bbox 1858 4026 3431 4100; baseline -0.011 -11"><span class='ocrx_word' id='word_1_663' title='bbox 1858 4050 1979 4089; x_wconf 81' lang='lat' dir='ltr'><strong>esse</strong></span> <span class='ocrx_word' id='word_1_664' title='bbox 2019 4050 2081 4088; x_wconf 91' lang='lat' dir='ltr'><strong>ac</strong></span> <span class='ocrx_word' id='word_1_665' title='bbox 2114 4034 2158 4088; x_wconf 91' lang='lat' dir='ltr'><strong>si</strong></span> <span class='ocrx_word' id='word_1_666' title='bbox 2202 4034 2440 4097; x_wconf 89' lang='lat' dir='ltr'><strong>diceret,</strong></span> <span class='ocrx_word' id='word_1_667' title='bbox 2481 4028 2757 4100; x_wconf 89' lang='lat' dir='ltr'><strong>Sapientia</strong></span> <span class='ocrx_word' id='word_1_668' title='bbox 2804 4026 3096 4095; x_wconf 89' lang='lat' dir='ltr'><strong>aliquando</strong></span> <span class='ocrx_word' id='word_1_669' title='bbox 3148 4038 3254 4077; x_wconf 91' lang='lat' dir='ltr'><strong>non</strong></span> <span class='ocrx_word' id='word_1_670' title='bbox 3292 4030 3431 4083; x_wconf 87' lang='lat' dir='ltr'><strong>erat,</strong></span> 
     </span>
    </p>
   </div>
   <div class='ocr_carea' id='block_1_86' title="bbox 1859 4114 3430 4189">
    <p class='ocr_par' dir='ltr' id='par_1_86' title="bbox 1859 4114 3430 4189">
     <span class='ocr_line' id='line_1_86' title="bbox 1859 4114 3430 4189; baseline -0.009 -8"><span class='ocrx_word' id='word_1_671' title='bbox 1859 4126 2092 4181; x_wconf 85' lang='lat' dir='ltr'><strong>Verbum</strong></span> <span class='ocrx_word' id='word_1_672' title='bbox 2114 4141 2219 4179; x_wconf 90' lang='lat' dir='ltr'><strong>non</strong></span> <span class='ocrx_word' id='word_1_673' title='bbox 2240 4135 2377 4189; x_wconf 86' lang='lat' dir='ltr'><strong>erat,</strong></span> <span class='ocrx_word' id='word_1_674' title='bbox 2395 4132 2471 4187; x_wconf 92' lang='lat' dir='ltr'><strong>et,</strong></span> <span class='ocrx_word' id='word_1_675' title='bbox 2501 4123 2618 4177; x_wconf 91' lang='lat' dir='ltr'><strong>Vita</strong></span> <span class='ocrx_word' id='word_1_676' title='bbox 2640 4138 2741 4174; x_wconf 85' lang='lat' dir='ltr'><strong>non</strong></span> <span class='ocrx_word' id='word_1_677' title='bbox 2760 4129 2899 4174; x_wconf 90' lang='lat' dir='ltr'><strong>erat.</strong></span> <span class='ocrx_word' id='word_1_678' title='bbox 2931 4139 2948 4171; x_wconf 73' lang='grc' dir='ltr'><strong>ι</strong></span> <span class='ocrx_word' id='word_1_679' title='bbox 2980 4115 3124 4173; x_wconf 83' lang='lat' dir='ltr'><strong>Idem</strong></span> <span class='ocrx_word' id='word_1_680' title='bbox 3154 4130 3337 4169; x_wconf 89' lang='lat' dir='ltr'><strong>rursus</strong></span> <span class='ocrx_word' id='word_1_681' title='bbox 3360 4114 3430 4167; x_wconf 88' lang='lat' dir='ltr'><strong>ita</strong></span> 
     </span>
    </p>
   </div>
   <div class='ocr_carea' id='block_1_87' title="bbox 1860 4207 3431 4286">
    <p class='ocr_par' dir='ltr' id='par_1_87' title="bbox 1860 4207 3431 4286">
     <span class='ocr_line' id='line_1_87' title="bbox 1860 4207 3431 4286; baseline -0.01 -14"><span class='ocrx_word' id='word_1_682' title='bbox 1860 4219 1986 4273; x_wconf 89' lang='lat' dir='ltr'><strong>alibi</strong></span> <span class='ocrx_word' id='word_1_683' title='bbox 2021 4218 2259 4286; x_wconf 87' lang='lat' dir='ltr'><strong>loquitur</strong></span> <span class='ocrx_word' id='word_1_684' title='bbox 2288 4234 2300 4269; x_wconf 93' lang='lat'><strong>:</strong></span> <span class='ocrx_word' id='word_1_685' title='bbox 2339 4234 2357 4266; x_wconf 86' lang='grc'><em>‹</em></span> <span class='ocrx_word' id='word_1_686' title='bbox 2392 4216 2589 4270; x_wconf 88' lang='lat' dir='ltr'><strong>Verum</strong></span> <span class='ocrx_word' id='word_1_687' title='bbox 2626 4213 2777 4267; x_wconf 86' lang='lat' dir='ltr'><strong>nefas</strong></span> <span class='ocrx_word' id='word_1_688' title='bbox 2807 4220 2906 4273; x_wconf 88' lang='lat' dir='ltr'><strong>est,</strong></span> <span class='ocrx_word' id='word_1_689' title='bbox 2932 4225 3030 4263; x_wconf 90' lang='lat' dir='ltr'><strong>nec</strong></span> <span class='ocrx_word' id='word_1_690' title='bbox 3068 4207 3304 4286; x_wconf 84' lang='lat' dir='ltr'><strong>periculo</strong></span> <span class='ocrx_word' id='word_1_691' title='bbox 3336 4220 3431 4257; x_wconf 90' lang='lat' dir='ltr'><strong>va-</strong></span> 
     </span>
    </p>
   </div>
   <div class='ocr_carea' id='block_1_88' title="bbox 1859 4284 3430 4379">
    <p class='ocr_par' dir='ltr' id='par_1_88' title="bbox 1859 4284 3430 4379">
     <span class='ocr_line' id='line_1_88' title="bbox 1859 4284 3430 4379; baseline -0.01 -15"><span class='ocrx_word' id='word_1_692' title='bbox 1859 4320 1965 4373; x_wconf 86' lang='lat' dir='ltr'><strong>cat,</strong></span> <span class='ocrx_word' id='word_1_693' title='bbox 2001 4284 2221 4379; x_wconf 85' lang='lat' dir='ltr'><strong>propter</strong></span> <span class='ocrx_word' id='word_1_694' title='bbox 2256 4318 2495 4363; x_wconf 88' lang='lat' dir='ltr'><strong>nostram</strong></span> <span class='ocrx_word' id='word_1_695' title='bbox 2533 4306 2928 4362; x_wconf 79' lang='lat' dir='ltr'><strong>inﬁrmitatem.</strong></span> <span class='ocrx_word' id='word_1_696' title='bbox 2969 4284 3430 4368; x_wconf 66' lang='lat' dir='ltr'><strong>Deum,qnaiitnm</strong></span> 
     </span>
    </p>
   </div>
   <div class='ocr_carea' id='block_1_89' title="bbox 1861 4391 3433 4469">
    <p class='ocr_par' dir='ltr' id='par_1_89' title="bbox 1861 4391 3433 4469">
     <span class='ocr_line' id='line_1_89' title="bbox 1861 4391 3433 4469; baseline -0.01 -12"><span class='ocrx_word' id='word_1_697' title='bbox 1861 4404 1913 4457; x_wconf 91' lang='lat' dir='ltr'><strong>in</strong></span> <span class='ocrx_word' id='word_1_698' title='bbox 1948 4402 2101 4456; x_wconf 87' lang='lat' dir='ltr'><strong>nobis</strong></span> <span class='ocrx_word' id='word_1_699' title='bbox 2137 4410 2239 4464; x_wconf 85' lang='lat' dir='ltr'><strong>est,</strong></span> <span class='ocrx_word' id='word_1_700' title='bbox 2275 4399 2553 4469; x_wconf 83' lang='lat' dir='ltr'><strong>unigenito</strong></span> <span class='ocrx_word' id='word_1_701' title='bbox 2601 4397 2817 4466; x_wconf 87' lang='lat' dir='ltr'><strong>privare</strong></span> <span class='ocrx_word' id='word_1_702' title='bbox 2848 4393 3024 4448; x_wconf 81' lang='lat' dir='ltr'><strong>Verbo</strong></span> <span class='ocrx_word' id='word_1_703' title='bbox 3050 4391 3191 4459; x_wconf 89' lang='lat' dir='ltr'><strong>quod</strong></span> <span class='ocrx_word' id='word_1_704' title='bbox 3220 4402 3433 4455; x_wconf 87' lang='lat' dir='ltr'><strong>semper</strong></span> 
     </span>
    </p>
   </div>
   <div class='ocr_carea' id='block_1_90' title="bbox 1860 4479 3432 4556">
    <p class='ocr_par' dir='ltr' id='par_1_90' title="bbox 1860 4479 3432 4556">
     <span class='ocr_line' id='line_1_90' title="bbox 1860 4479 3432 4556; baseline -0.013 -6"><span class='ocrx_word' id='word_1_705' title='bbox 1860 4512 1980 4550; x_wconf 88' lang='lat' dir='ltr'><strong>eum</strong></span> <span class='ocrx_word' id='word_1_706' title='bbox 2033 4495 2122 4549; x_wconf 90' lang='lat' dir='ltr'><strong>illo</strong></span> <span class='ocrx_word' id='word_1_707' title='bbox 2175 4492 2292 4556; x_wconf 86' lang='lat' dir='ltr'><strong>fuit,</strong></span> <span class='ocrx_word' id='word_1_708' title='bbox 2324 4502 2378 4544; x_wconf 90' lang='lat' dir='ltr'><strong>et</strong></span> <span class='ocrx_word' id='word_1_709' title='bbox 2420 4490 2503 4543; x_wconf 90' lang='lat' dir='ltr'><strong>illa</strong></span> <span class='ocrx_word' id='word_1_710' title='bbox 2535 4498 2653 4543; x_wconf 89' lang='lat' dir='ltr'><strong>erat</strong></span> <span class='ocrx_word' id='word_1_711' title='bbox 2698 4486 2961 4555; x_wconf 86' lang='lat' dir='ltr'><strong>sapientia</strong></span> <span class='ocrx_word' id='word_1_712' title='bbox 2989 4500 3091 4553; x_wconf 88' lang='lat' dir='ltr'><strong>qua</strong></span> <span class='ocrx_word' id='word_1_713' title='bbox 3124 4479 3432 4535; x_wconf 64' lang='lat' dir='ltr'><strong>delectaba-</strong></span> 
     </span>
    </p>
   </div>
   <div class='ocr_carea' id='block_1_91' title="bbox 183 4573 1757 4658">
    <p class='ocr_par' dir='ltr' id='par_1_91' title="bbox 183 4584 1751 4657">
     <span class='ocr_line' id='line_1_91' title="bbox 183 4584 1751 4657; baseline 0.002 -21"><span class='ocrx_word' id='word_1_714' title='bbox 183 4584 551 4657; x_wconf 76' lang='grc' dir='ltr'>διαδεὸηκέναι</span> <span class='ocrx_word' id='word_1_715' title='bbox 582 4588 681 4655; x_wconf 75' lang='grc' dir='ltr'><strong>τὴν</strong></span> <span class='ocrx_word' id='word_1_716' title='bbox 713 4585 969 4653; x_wconf 84' lang='grc' dir='ltr'>τοιαύτην</span> <span class='ocrx_word' id='word_1_717' title='bbox 1015 4586 1257 4641; x_wconf 88' lang='grc' dir='ltr'>διάνοιαν</span> <span class='ocrx_word' id='word_1_718' title='bbox 1298 4587 1718 4657; x_wconf 83' lang='grc' dir='ltr'>ἀποδεικνύομεν</span> <span class='ocrx_word' id='word_1_719' title='bbox 1739 4605 1751 4617; x_wconf 88' lang='grc'><strong>·</strong></span> 
     </span>
    </p>
   </div>
   <div class='ocr_carea' id='block_1_92' title="bbox 1859 4573 3430 4658">
    <p class='ocr_par' dir='ltr' id='par_1_92' title="bbox 1864 4573 3430 4655">
     <span class='ocr_line' id='line_1_92' title="bbox 1864 4573 3430 4655; baseline -0.013 -12"><span class='ocrx_word' id='word_1_720' title='bbox 1864 4588 2037 4643; x_wconf 75' lang='lat' dir='ltr'><strong>tur“.</strong></span> <span class='ocrx_word' id='word_1_721' title='bbox 2066 4585 2317 4655; x_wconf 85' lang='lat' dir='ltr'><strong>Alioquin</strong></span> <span class='ocrx_word' id='word_1_722' title='bbox 2353 4597 2475 4637; x_wconf 90' lang='lat' dir='ltr'><strong>eum</strong></span> <span class='ocrx_word' id='word_1_723' title='bbox 2513 4596 2619 4635; x_wconf 89' lang='lat' dir='ltr'><strong>non</strong></span> <span class='ocrx_word' id='word_1_724' title='bbox 2668 4593 2883 4647; x_wconf 90' lang='lat' dir='ltr'><strong>semper</strong></span> <span class='ocrx_word' id='word_1_725' title='bbox 2916 4577 3080 4630; x_wconf 85' lang='lat' dir='ltr'><strong>fuisse</strong></span> <span class='ocrx_word' id='word_1_726' title='bbox 3109 4573 3430 4627; x_wconf 88' lang='lat' dir='ltr'><strong>delectatum</strong></span> 
     </span>
    </p>
   </div>
   <div class='ocr_carea' id='block_1_93' title="bbox 184 4674 1756 4751">
    <p class='ocr_par' dir='ltr' id='par_1_93' title="bbox 184 4674 1756 4751">
     <span class='ocr_line' id='line_1_93' title="bbox 184 4674 1756 4751; baseline 0.003 -24"><span class='ocrx_word' id='word_1_727' title='bbox 184 4676 328 4745; x_wconf 77' lang='grc' dir='ltr'>ὑμεῖς</span> <span class='ocrx_word' id='word_1_728' title='bbox 358 4680 437 4741; x_wconf 83' lang='grc' dir='ltr'><strong>δὲ,</strong></span> <span class='ocrx_word' id='word_1_729' title='bbox 467 4674 512 4731; x_wconf 84' lang='grc' dir='ltr'><strong>ὦ</strong></span> <span class='ocrx_word' id='word_1_730' title='bbox 545 4678 657 4732; x_wconf 87' lang='grc' dir='ltr'>νέοι</span> <span class='ocrx_word' id='word_1_731' title='bbox 694 4679 935 4733; x_wconf 75' lang='grc' dir='ltr'>Ἰουδαῖοι</span> <span class='ocrx_word' id='word_1_732' title='bbox 966 4680 1060 4731; x_wconf 77' lang='grc' dir='ltr'>καὶ</span> <span class='ocrx_word' id='word_1_733' title='bbox 1090 4679 1182 4732; x_wconf 74' lang='grc' dir='ltr'>τοῦ</span> <span class='ocrx_word' id='word_1_734' title='bbox 1223 4681 1445 4751; x_wconf 78' lang='grc' dir='ltr'>Καῖάφα</span> <span class='ocrx_word' id='word_1_735' title='bbox 1488 4680 1756 4751; x_wconf 73' lang='grc' dir='ltr'>μαθηταὶ,</span> 
     </span>
    </p>
   </div>
   <div class='ocr_carea' id='block_1_94' title="bbox 185 4769 1756 4845">
    <p class='ocr_par' dir='ltr' id='par_1_94' title="bbox 185 4769 1756 4845">
     <span class='ocr_line' id='line_1_94' title="bbox 185 4769 1756 4845; baseline 0.003 -26"><span class='ocrx_word' id='word_1_736' title='bbox 185 4769 320 4833; x_wconf 80' lang='grc' dir='ltr'>τίνας</span> <span class='ocrx_word' id='word_1_737' title='bbox 344 4772 452 4843; x_wconf 81' lang='grc' dir='ltr'>ἄρα</span> <span class='ocrx_word' id='word_1_738' title='bbox 478 4771 588 4823; x_wconf 88' lang='grc' dir='ltr'><strong>τῶν</strong></span> <span class='ocrx_word' id='word_1_739' title='bbox 621 4772 881 4842; x_wconf 77' lang='grc' dir='ltr'>ῥημάτων</span> <span class='ocrx_word' id='word_1_740' title='bbox 915 4774 1068 4843; x_wconf 87' lang='grc' dir='ltr'>ὑμῶν</span> <span class='ocrx_word' id='word_1_741' title='bbox 1094 4774 1245 4845; x_wconf 74' lang='grc' dir='ltr'>ἔχετε</span> <span class='ocrx_word' id='word_1_742' title='bbox 1274 4773 1443 4838; x_wconf 80' lang='grc' dir='ltr'>δεῖξαι</span> <span class='ocrx_word' id='word_1_743' title='bbox 1477 4773 1756 4843; x_wconf 75' lang='grc' dir='ltr'>Πατέρας;</span> 
     </span>
    </p>
   </div>
   <div class='ocr_carea' id='block_1_95' title="bbox 198 4861 1752 4935">
    <p class='ocr_par' dir='ltr' id='par_1_95' title="bbox 198 4861 1752 4935">
     <span class='ocr_line' id='line_1_95' title="bbox 198 4861 1752 4935; baseline 0.001 -21"><span class='ocrx_word' id='word_1_744' title='bbox 198 4861 322 4915; x_wconf 77' lang='grc' dir='ltr'>Ἀλλ’</span> <span class='ocrx_word' id='word_1_745' title='bbox 366 4863 561 4916; x_wconf 74' lang='grc' dir='ltr'>οὐδένα</span> <span class='ocrx_word' id='word_1_746' title='bbox 600 4863 709 4916; x_wconf 88' lang='grc' dir='ltr'><strong>τῶν</strong></span> <span class='ocrx_word' id='word_1_747' title='bbox 742 4864 1018 4935; x_wconf 82' lang='grc' dir='ltr'>φρονίμων</span> <span class='ocrx_word' id='word_1_748' title='bbox 1062 4867 1156 4919; x_wconf 80' lang='grc' dir='ltr'><strong>καὶ</strong></span> <span class='ocrx_word' id='word_1_749' title='bbox 1203 4865 1379 4933; x_wconf 87' lang='grc' dir='ltr'>σοφῶν</span> <span class='ocrx_word' id='word_1_750' title='bbox 1419 4865 1484 4918; x_wconf 84' lang='grc' dir='ltr'>ἂν</span> <span class='ocrx_word' id='word_1_751' title='bbox 1517 4864 1752 4917; x_wconf 74' lang='grc' dir='ltr'>εἴποιτεο</span> 
     </span>
    </p>
   </div>
   <div class='ocr_carea' id='block_1_96' title="bbox 188 4953 1755 5028">
    <p class='ocr_par' dir='ltr' id='par_1_96' title="bbox 188 4953 1755 5028">
     <span class='ocr_line' id='line_1_96' title="bbox 188 4953 1755 5028; baseline 0.003 -24"><span class='ocrx_word' id='word_1_752' title='bbox 188 4953 371 5018; x_wconf 78' lang='grc' dir='ltr'>πάντες</span> <span class='ocrx_word' id='word_1_753' title='bbox 414 4955 525 5028; x_wconf 83' lang='grc' dir='ltr'>γὰρ</span> <span class='ocrx_word' id='word_1_754' title='bbox 582 4956 726 5025; x_wconf 84' lang='grc' dir='ltr'>ὑμᾶς</span> <span class='ocrx_word' id='word_1_755' title='bbox 780 4955 1209 5025; x_wconf 84' lang='grc' dir='ltr'>ἀποστρέφονται</span> <span class='ocrx_word' id='word_1_756' title='bbox 1258 4956 1395 5028; x_wconf 79' lang='grc' dir='ltr'>πλὴν</span> <span class='ocrx_word' id='word_1_757' title='bbox 1449 4956 1609 5027; x_wconf 87' lang='grc' dir='ltr'>μόνου</span> <span class='ocrx_word' id='word_1_758' title='bbox 1661 4954 1755 5008; x_wconf 80' lang='grc' dir='ltr'><strong>τοῦ</strong></span> 
     </span>
    </p>
   </div>
   <div class='ocr_carea' id='block_1_97' title="bbox 183 5039 1756 5119">
    <p class='ocr_par' dir='ltr' id='par_1_97' title="bbox 183 5039 1756 5119">
     <span class='ocr_line' id='line_1_97' title="bbox 183 5039 1756 5119; baseline 0.004 -25"><span class='ocrx_word' id='word_1_759' title='bbox 183 5043 414 5099; x_wconf 74' lang='grc' dir='ltr'>διαϐόλου</span> <span class='ocrx_word' id='word_1_760' title='bbox 435 5064 449 5076; x_wconf 76' lang='grc'><strong><em>⁸</em></strong></span> <span class='ocrx_word' id='word_1_761' title='bbox 500 5046 664 5116; x_wconf 89' lang='grc' dir='ltr'>μόνος</span> <span class='ocrx_word' id='word_1_762' title='bbox 710 5046 817 5115; x_wconf 79' lang='grc' dir='ltr'>γὰρ</span> <span class='ocrx_word' id='word_1_763' title='bbox 850 5047 977 5117; x_wconf 82' lang='grc' dir='ltr'>ὑμῖν</span> <span class='ocrx_word' id='word_1_764' title='bbox 1023 5039 1176 5110; x_wconf 78' lang='grc' dir='ltr'>οὗτος</span> <span class='ocrx_word' id='word_1_765' title='bbox 1204 5047 1303 5118; x_wconf 80' lang='grc' dir='ltr'>τῆς</span> <span class='ocrx_word' id='word_1_766' title='bbox 1332 5047 1587 5119; x_wconf 90' lang='grc' dir='ltr'>τοιαύτης</span> <span class='ocrx_word' id='word_1_767' title='bbox 1626 5049 1756 5101; x_wconf 83' lang='grc' dir='ltr'>ἀπο-</span> 
     </span>
    </p>
   </div>
   <div class='ocr_carea' id='block_1_98' title="bbox 186 5138 1750 5211">
    <p class='ocr_par' dir='ltr' id='par_1_98' title="bbox 186 5138 1750 5211">
     <span class='ocr_line' id='line_1_98' title="bbox 186 5138 1750 5211; baseline 0.004 -26"><span class='ocrx_word' id='word_1_768' title='bbox 186 5138 392 5202; x_wconf 86' lang='grc' dir='ltr'>στασίας</span> <span class='ocrx_word' id='word_1_769' title='bbox 424 5139 611 5210; x_wconf 71' lang='grc' dir='ltr'>πατὴρ</span> <span class='ocrx_word' id='word_1_770' title='bbox 656 5139 893 5206; x_wconf 85' lang='grc' dir='ltr'>γέγονεν,</span> <span class='ocrx_word' id='word_1_771' title='bbox 920 5140 949 5190; x_wconf 86' lang='grc' dir='ltr'><strong>ό</strong></span> <span class='ocrx_word' id='word_1_772' title='bbox 983 5139 1074 5191; x_wconf 78' lang='grc' dir='ltr'><strong>καὶ</strong></span> <span class='ocrx_word' id='word_1_773' title='bbox 1103 5139 1243 5192; x_wconf 85' lang='grc' dir='ltr'>κατὰ</span> <span class='ocrx_word' id='word_1_774' title='bbox 1271 5142 1369 5211; x_wconf 83' lang='grc' dir='ltr'>τὴν</span> <span class='ocrx_word' id='word_1_775' title='bbox 1410 5141 1583 5211; x_wconf 84' lang='grc' dir='ltr'>ἀρχὴν</span> <span class='ocrx_word' id='word_1_776' title='bbox 1624 5142 1750 5211; x_wconf 83' lang='grc' dir='ltr'>ὑμῖν</span> 
     </span>
    </p>
   </div>
   <div class='ocr_carea' id='block_1_99' title="bbox 184 5229 1751 5305">
    <p class='ocr_par' dir='ltr' id='par_1_99' title="bbox 184 5229 1751 5305">
     <span class='ocr_line' id='line_1_99' title="bbox 184 5229 1751 5305; baseline 0.005 -28"><span class='ocrx_word' id='word_1_777' title='bbox 184 5229 496 5303; x_wconf 76' lang='grc' dir='ltr'>ἐπισπείρας</span> <span class='ocrx_word' id='word_1_778' title='bbox 542 5232 643 5302; x_wconf 79' lang='grc' dir='ltr'><strong>τὴν</strong></span> <span class='ocrx_word' id='word_1_779' title='bbox 677 5232 930 5284; x_wconf 78' lang='grc' dir='ltr'>ἀσέϐειαν</span> <span class='ocrx_word' id='word_1_780' title='bbox 958 5231 1183 5302; x_wconf 88' lang='grc' dir='ltr'>ταύτην,</span> <span class='ocrx_word' id='word_1_781' title='bbox 1217 5233 1312 5287; x_wconf 76' lang='grc' dir='ltr'>καὶ</span> <span class='ocrx_word' id='word_1_782' title='bbox 1352 5233 1448 5286; x_wconf 80' lang='grc' dir='ltr'>νῦν</span> <span class='ocrx_word' id='word_1_783' title='bbox 1496 5233 1751 5305; x_wconf 84' lang='grc' dir='ltr'>λοιδορεῖν</span> 
     </span>
    </p>
   </div>
   <div class='ocr_carea' id='block_1_100' title="bbox 183 5315 1752 5395">
    <p class='ocr_par' dir='ltr' id='par_1_100' title="bbox 183 5315 1752 5395">
     <span class='ocr_line' id='line_1_100' title="bbox 183 5315 1752 5395; baseline 0.008 -30"><span class='ocrx_word' id='word_1_784' title='bbox 183 5315 271 5385; x_wconf 75' lang='grc' dir='ltr'><strong>τὴν</strong></span> <span class='ocrx_word' id='word_1_785' title='bbox 301 5321 685 5392; x_wconf 85' lang='grc' dir='ltr'>οίκουμενικὴν</span> <span class='ocrx_word' id='word_1_786' title='bbox 736 5319 949 5373; x_wconf 88' lang='grc' dir='ltr'>σύνοδον</span> <span class='ocrx_word' id='word_1_787' title='bbox 1001 5321 1195 5386; x_wconf 84' lang='grc' dir='ltr'>πείσας</span> <span class='ocrx_word' id='word_1_788' title='bbox 1244 5323 1408 5394; x_wconf 79' lang='grc' dir='ltr'>ὑμᾶς,</span> <span class='ocrx_word' id='word_1_789' title='bbox 1435 5324 1515 5378; x_wconf 86' lang='grc' dir='ltr'>ὃτι</span> <span class='ocrx_word' id='word_1_790' title='bbox 1564 5323 1639 5395; x_wconf 81' lang='grc' dir='ltr'>μὴ</span> <span class='ocrx_word' id='word_1_791' title='bbox 1682 5322 1752 5378; x_wconf 76' lang='grc' dir='ltr'><strong>τά</strong></span> 
     </span>
    </p>
   </div>
   <div class='ocr_carea' id='block_1_101' title="bbox 248 5477 2156 5551">
    <p class='ocr_par' dir='ltr' id='par_1_101' title="bbox 248 5477 2156 5551">
     <span class='ocr_line' id='line_1_101' title="bbox 248 5477 2156 5551; baseline -0.003 -16"><span class='ocrx_word' id='word_1_792' title='bbox 248 5481 266 5512; x_wconf 87' lang='grc'>⁸</span> <span class='ocrx_word' id='word_1_793' title='bbox 294 5481 447 5539; x_wconf 86' lang='lat' dir='ltr'><strong>Joan.</strong></span> <span class='ocrx_word' id='word_1_794' title='bbox 477 5502 533 5551; x_wconf 76' lang='grc' dir='ltr'>ι,</span> <span class='ocrx_word' id='word_1_795' title='bbox 564 5484 660 5539; x_wconf 76' lang='grc'><strong>50.</strong></span> <span class='ocrx_word' id='word_1_796' title='bbox 730 5483 751 5515; x_wconf 86' lang='grc'><strong>⁷</strong></span> <span class='ocrx_word' id='word_1_797' title='bbox 782 5482 939 5539; x_wconf 83' lang='lat' dir='ltr'><strong>Joan.</strong></span> <span class='ocrx_word' id='word_1_798' title='bbox 974 5499 1087 5551; x_wconf 72' lang='lat' dir='ltr'><strong>xlv,</strong></span> <span class='ocrx_word' id='word_1_799' title='bbox 1116 5480 1201 5537; x_wconf 73' lang='lat'><strong>10.</strong></span> <span class='ocrx_word' id='word_1_800' title='bbox 1277 5480 1299 5513; x_wconf 85' lang='grc'><strong>⁸</strong></span> <span class='ocrx_word' id='word_1_801' title='bbox 1330 5478 1529 5537; x_wconf 82' lang='lat' dir='ltr'><strong>IJoan.</strong></span> <span class='ocrx_word' id='word_1_802' title='bbox 1567 5495 1608 5546; x_wconf 87' lang='grc' dir='ltr'><strong>ι,</strong></span> <span class='ocrx_word' id='word_1_803' title='bbox 1643 5479 1697 5536; x_wconf 83' lang='grc'><strong>5.</strong></span> <span class='ocrx_word' id='word_1_804' title='bbox 1770 5481 1792 5513; x_wconf 86' lang='grc'><strong>⁹</strong></span> <span class='ocrx_word' id='word_1_805' title='bbox 1828 5478 1995 5535; x_wconf 77' lang='lat' dir='ltr'><strong>Hebr.</strong></span> <span class='ocrx_word' id='word_1_806' title='bbox 2028 5494 2067 5541; x_wconf 89' lang='lat' dir='ltr'><strong>t,</strong></span> <span class='ocrx_word' id='word_1_807' title='bbox 2100 5477 2156 5531; x_wconf 83' lang='lat'><strong>&#39;5.</strong></span> 
     </span>
    </p>
   </div>
   <div class='ocr_carea' id='block_1_102' title="bbox 250 5572 1032 5645">
    <p class='ocr_par' dir='ltr' id='par_1_102' title="bbox 250 5572 1032 5645">
     <span class='ocr_line' id='line_1_102' title="bbox 250 5572 1032 5645; baseline 0.003 -20"><span class='ocrx_word' id='word_1_808' title='bbox 250 5573 356 5637; x_wconf 69' lang='lat'><strong>(26)</strong></span> <span class='ocrx_word' id='word_1_809' title='bbox 386 5575 523 5645; x_wconf 75' lang='lat' dir='ltr'><strong>Reg.</strong></span> <span class='ocrx_word' id='word_1_810' title='bbox 554 5585 610 5629; x_wconf 89' lang='lat' dir='ltr'><strong>et</strong></span> <span class='ocrx_word' id='word_1_811' title='bbox 648 5572 811 5627; x_wconf 87' lang='lat' dir='ltr'><strong>Basil.</strong></span> <span class='ocrx_word' id='word_1_812' title='bbox 838 5574 1032 5645; x_wconf 75' lang='grc' dir='ltr'>ψευδῆ.</span> 
     </span>
    </p>
   </div>
   <div class='ocr_carea' id='block_1_103' title="bbox 250 5640 1753 5715">
    <p class='ocr_par' dir='ltr' id='par_1_103' title="bbox 250 5640 1753 5715">
     <span class='ocr_line' id='line_1_103' title="bbox 250 5640 1753 5715; baseline 0.001 -19"><span class='ocrx_word' id='word_1_813' title='bbox 250 5645 355 5715; x_wconf 72' lang='lat'><strong>(27)</strong></span> <span class='ocrx_word' id='word_1_814' title='bbox 388 5640 551 5700; x_wconf 71' lang='lat' dir='ltr'><strong>CeEte</strong></span> <span class='ocrx_word' id='word_1_815' title='bbox 587 5640 873 5715; x_wconf 82' lang='lat' dir='ltr'><strong>legendum</strong></span> <span class='ocrx_word' id='word_1_816' title='bbox 904 5640 1019 5698; x_wconf 70' lang='grc' dir='ltr'>ἀλλ’*</span> <span class='ocrx_word' id='word_1_817' title='bbox 1044 5645 1097 5709; x_wconf 79' lang='grc' dir='ltr'>ἆ,</span> <span class='ocrx_word' id='word_1_818' title='bbox 1144 5644 1304 5713; x_wconf 90' lang='lat' dir='ltr'><strong>idque</strong></span> <span class='ocrx_word' id='word_1_819' title='bbox 1333 5644 1557 5699; x_wconf 80' lang='lat' dir='ltr'><strong>omnino</strong></span> <span class='ocrx_word' id='word_1_820' title='bbox 1584 5640 1753 5713; x_wconf 83' lang='lat' dir='ltr'><strong>exigit</strong></span> 
     </span>
    </p>
   </div>
   <div class='ocr_carea' id='block_1_104' title="bbox 188 5726 1726 5857">
    <p class='ocr_par' dir='ltr' id='par_1_104' title="bbox 188 5726 1726 5857">
     <span class='ocr_line' id='line_1_104' title="bbox 188 5726 1726 5857; baseline -0.007 -9"><span class='ocrx_word' id='word_1_821' title='bbox 188 5726 479 5857; x_wconf 44' lang='grc' dir='ltr'>ῗιίξιέῗδῖο</span> <span class='ocrx_word' id='word_1_822' title='bbox 536 5783 821 5857; x_wconf 67' lang='lat' dir='ltr'><strong>Reg._Alii</strong></span> <span class='ocrx_word' id='word_1_823' title='bbox 858 5792 921 5857; x_wconf 87' lang='lat' dir='ltr'><strong>et</strong></span> <span class='ocrx_word' id='word_1_824' title='bbox 958 5784 1367 5857; x_wconf 14' lang='grc' dir='ltr'>γεςίίιίητορτου.</span> <span class='ocrx_word' id='word_1_825' title='bbox 1432 5782 1556 5840; x_wconf 73' lang='lat' dir='ltr'><strong>Mox</strong></span> <span class='ocrx_word' id='word_1_826' title='bbox 1614 5782 1726 5855; x_wconf 81' lang='lat' dir='ltr'><strong>Reg</strong></span> 
     </span>
    </p>
   </div>
   <div class='ocr_carea' id='block_1_105' title="bbox 190 5851 1290 5926">
    <p class='ocr_par' dir='ltr' id='par_1_105' title="bbox 190 5851 1290 5926">
     <span class='ocr_line' id='line_1_105' title="bbox 190 5851 1290 5926; baseline 0.004 -19"><span class='ocrx_word' id='word_1_827' title='bbox 190 5851 505 5926; x_wconf 61' lang='grc' dir='ltr'>Μετάγοῖω,</span> <span class='ocrx_word' id='word_1_828' title='bbox 532 5851 739 5911; x_wconf 70' lang='grc' dir='ltr'>υὺίέιιίἱ</span> <span class='ocrx_word' id='word_1_829' title='bbox 765 5865 819 5910; x_wconf 87' lang='lat' dir='ltr'><strong>et</strong></span> <span class='ocrx_word' id='word_1_830' title='bbox 841 5856 968 5911; x_wconf 79' lang='lat' dir='ltr'><strong>editi</strong></span> <span class='ocrx_word' id='word_1_831' title='bbox 999 5855 1151 5909; x_wconf 70' lang='grc' dir='ltr'>Μετὰ</span> <span class='ocrx_word' id='word_1_832' title='bbox 1177 5851 1290 5911; x_wconf 80' lang='grc' dir='ltr'>οὖν.</span> 
     </span>
    </p>
   </div>
   <div class='ocr_carea' id='block_1_106' title="bbox 1861 4662 3431 4748">
    <p class='ocr_par' dir='ltr' id='par_1_106' title="bbox 1861 4662 3431 4748">
     <span class='ocr_line' id='line_1_106' title="bbox 1861 4662 3431 4748; baseline -0.015 -11"><span class='ocrx_word' id='word_1_833' title='bbox 1861 4679 2264 4748; x_wconf 87' lang='lat' dir='ltr'><strong>intelligendum</strong></span> <span class='ocrx_word' id='word_1_834' title='bbox 2318 4673 2441 4729; x_wconf 89' lang='lat' dir='ltr'><strong>erit.</strong></span> <span class='ocrx_word' id='word_1_835' title='bbox 2474 4690 2493 4724; x_wconf 72' lang='grc' dir='ltr'><strong>ι</strong></span> <span class='ocrx_word' id='word_1_836' title='bbox 2538 4669 2618 4724; x_wconf 84' lang='grc' dir='ltr'>Εη</span> <span class='ocrx_word' id='word_1_837' title='bbox 2667 4670 2831 4739; x_wconf 85' lang='lat' dir='ltr'><strong>igitur</strong></span> <span class='ocrx_word' id='word_1_838' title='bbox 2881 4683 2977 4722; x_wconf 90' lang='lat' dir='ltr'><strong>nos</strong></span> <span class='ocrx_word' id='word_1_839' title='bbox 3023 4665 3238 4731; x_wconf 87' lang='lat' dir='ltr'><strong>quidem</strong></span> <span class='ocrx_word' id='word_1_840' title='bbox 3291 4662 3431 4716; x_wconf 88' lang='lat' dir='ltr'><strong>hanc</strong></span> 
     </span>
    </p>
   </div>
   <div class='ocr_carea' id='block_1_107' title="bbox 1860 4754 3431 4829">
    <p class='ocr_par' dir='ltr' id='par_1_107' title="bbox 1860 4754 3431 4829">
     <span class='ocr_line' id='line_1_107' title="bbox 1860 4754 3431 4829; baseline -0.013 -1"><span class='ocrx_word' id='word_1_841' title='bbox 1860 4771 2189 4829; x_wconf 88' lang='lat' dir='ltr'><strong>sententiam</strong></span> <span class='ocrx_word' id='word_1_842' title='bbox 2225 4783 2254 4821; x_wconf 87' lang='lat' dir='ltr'><strong>a</strong></span> <span class='ocrx_word' id='word_1_843' title='bbox 2282 4766 2531 4821; x_wconf 88' lang='lat' dir='ltr'><strong>Patribus</strong></span> <span class='ocrx_word' id='word_1_844' title='bbox 2569 4762 2635 4817; x_wconf 93' lang='lat' dir='ltr'><strong>ad</strong></span> <span class='ocrx_word' id='word_1_845' title='bbox 2672 4761 2858 4817; x_wconf 87' lang='lat' dir='ltr'><strong>Patres</strong></span> <span class='ocrx_word' id='word_1_846' title='bbox 2909 4757 3168 4811; x_wconf 82' lang='lat' dir='ltr'><strong>transisse</strong></span> <span class='ocrx_word' id='word_1_847' title='bbox 3209 4754 3431 4809; x_wconf 84' lang='lat' dir='ltr'><strong>demon-</strong></span> 
     </span>
    </p>
   </div>
   <div class='ocr_carea' id='block_1_108' title="bbox 1860 4846 3420 4920">
    <p class='ocr_par' dir='ltr' id='par_1_108' title="bbox 1860 4846 3420 4920">
     <span class='ocr_line' id='line_1_108' title="bbox 1860 4846 3420 4920; baseline -0.013 -1"><span class='ocrx_word' id='word_1_848' title='bbox 1860 4874 2096 4920; x_wconf 89' lang='lat' dir='ltr'><strong>stramus</strong></span> <span class='ocrx_word' id='word_1_849' title='bbox 2126 4883 2136 4914; x_wconf 88' lang='lat'>:</span> <span class='ocrx_word' id='word_1_850' title='bbox 2170 4873 2265 4913; x_wconf 86' lang='lat' dir='ltr'><strong>vos</strong></span> <span class='ocrx_word' id='word_1_851' title='bbox 2311 4871 2458 4918; x_wconf 85' lang='lat' dir='ltr'><strong>vero,</strong></span> <span class='ocrx_word' id='word_1_852' title='bbox 2506 4870 2539 4907; x_wconf 90' lang='grc' dir='ltr'>ο</span> <span class='ocrx_word' id='word_1_853' title='bbox 2580 4852 2701 4907; x_wconf 85' lang='lat' dir='ltr'><strong>novi</strong></span> <span class='ocrx_word' id='word_1_854' title='bbox 2729 4850 2893 4906; x_wconf 70' lang='lat' dir='ltr'><strong>Judaai</strong></span> <span class='ocrx_word' id='word_1_855' title='bbox 2927 4858 2977 4903; x_wconf 88' lang='lat' dir='ltr'><strong>et</strong></span> <span class='ocrx_word' id='word_1_856' title='bbox 3007 4848 3223 4916; x_wconf 67' lang='lat' dir='ltr'><strong>Caiphae</strong></span> <span class='ocrx_word' id='word_1_857' title='bbox 3257 4846 3420 4899; x_wconf 85' lang='lat' dir='ltr'><strong>disci-</strong></span> 
     </span>
    </p>
   </div>
   <div class='ocr_carea' id='block_1_109' title="bbox 1861 4938 3432 5027">
    <p class='ocr_par' dir='ltr' id='par_1_109' title="bbox 1861 4938 3432 5027">
     <span class='ocr_line' id='line_1_109' title="bbox 1861 4938 3432 5027; baseline -0.011 -18"><span class='ocrx_word' id='word_1_858' title='bbox 1861 4956 1994 5027; x_wconf 90' lang='lat' dir='ltr'><strong>puli,</strong></span> <span class='ocrx_word' id='word_1_859' title='bbox 2027 4968 2162 5023; x_wconf 81' lang='lat' dir='ltr'><strong>qu0s</strong></span> <span class='ocrx_word' id='word_1_860' title='bbox 2192 4951 2383 5005; x_wconf 83' lang='lat' dir='ltr'><strong>Patres</strong></span> <span class='ocrx_word' id='word_1_861' title='bbox 2416 4949 2508 5017; x_wconf 89' lang='lat' dir='ltr'><strong>qui</strong></span> <span class='ocrx_word' id='word_1_862' title='bbox 2544 4947 2741 5002; x_wconf 87' lang='lat' dir='ltr'><strong>vestris</strong></span> <span class='ocrx_word' id='word_1_863' title='bbox 2771 4944 2978 4998; x_wconf 81' lang='lat' dir='ltr'><strong>vnculis</strong></span> <span class='ocrx_word' id='word_1_864' title='bbox 3020 4942 3249 4995; x_wconf 86' lang='lat' dir='ltr'><strong>faverint</strong></span> <span class='ocrx_word' id='word_1_865' title='bbox 3277 4938 3432 4993; x_wconf 80' lang='lat' dir='ltr'><strong>exhi-</strong></span> 
     </span>
    </p>
   </div>
   <div class='ocr_carea' id='block_1_110' title="bbox 1803 5032 3429 5114">
    <p class='ocr_par' dir='ltr' id='par_1_110' title="bbox 1803 5032 3429 5114">
     <span class='ocr_line' id='line_1_110' title="bbox 1803 5032 3429 5114; baseline -0.013 -12"><span class='ocrx_word' id='word_1_866' title='bbox 1803 5047 1817 5056; x_wconf 85' lang='grc'><em>’</em></span> <span class='ocrx_word' id='word_1_867' title='bbox 1860 5046 1991 5101; x_wconf 82' lang='lat' dir='ltr'><strong>bere</strong></span> <span class='ocrx_word' id='word_1_868' title='bbox 2022 5043 2295 5114; x_wconf 86' lang='lat' dir='ltr'><strong>potestis?</strong></span> <span class='ocrx_word' id='word_1_869' title='bbox 2322 5040 2534 5095; x_wconf 82' lang='lat' dir='ltr'><strong>Nullum</strong></span> <span class='ocrx_word' id='word_1_870' title='bbox 2569 5048 2717 5094; x_wconf 89' lang='lat' dir='ltr'><strong>certe</strong></span> <span class='ocrx_word' id='word_1_871' title='bbox 2756 5040 3072 5107; x_wconf 87' lang='lat' dir='ltr'><strong>prudentem</strong></span> <span class='ocrx_word' id='word_1_872' title='bbox 3121 5042 3175 5087; x_wconf 87' lang='lat' dir='ltr'><strong>et</strong></span> <span class='ocrx_word' id='word_1_873' title='bbox 3211 5032 3429 5098; x_wconf 85' lang='lat' dir='ltr'><strong>sapien-</strong></span> 
     </span>
    </p>
   </div>
   <div class='ocr_carea' id='block_1_111' title="bbox 1861 5119 3432 5203">
    <p class='ocr_par' dir='ltr' id='par_1_111' title="bbox 1861 5119 3432 5203">
     <span class='ocr_line' id='line_1_111' title="bbox 1861 5119 3432 5203; baseline -0.016 -11"><span class='ocrx_word' id='word_1_874' title='bbox 1861 5149 1968 5192; x_wconf 91' lang='lat' dir='ltr'><strong>tem</strong></span> <span class='ocrx_word' id='word_1_875' title='bbox 1990 5150 2225 5203; x_wconf 90' lang='lat' dir='ltr'><strong>unquam</strong></span> <span class='ocrx_word' id='word_1_876' title='bbox 2257 5131 2574 5201; x_wconf 78' lang='lat' dir='ltr'><strong>proferetis;</strong></span> <span class='ocrx_word' id='word_1_877' title='bbox 2603 5142 2794 5183; x_wconf 81' lang='lat' dir='ltr'><strong>omnes</strong></span> <span class='ocrx_word' id='word_1_878' title='bbox 2820 5126 2964 5179; x_wconf 90' lang='lat' dir='ltr'><strong>enim</strong></span> <span class='ocrx_word' id='word_1_879' title='bbox 2986 5139 3017 5178; x_wconf 89' lang='lat' dir='ltr'><strong>a</strong></span> <span class='ocrx_word' id='word_1_880' title='bbox 3049 5122 3201 5175; x_wconf 88' lang='lat' dir='ltr'><strong>vobis</strong></span> <span class='ocrx_word' id='word_1_881' title='bbox 3232 5119 3432 5171; x_wconf 82' lang='lat' dir='ltr'><strong>abhor-</strong></span> 
     </span>
    </p>
   </div>
   <div class='ocr_carea' id='block_1_112' title="bbox 1860 5208 3430 5298">
    <p class='ocr_par' dir='ltr' id='par_1_112' title="bbox 1860 5208 3430 5298">
     <span class='ocr_line' id='line_1_112' title="bbox 1860 5208 3430 5298; baseline -0.017 -14"><span class='ocrx_word' id='word_1_882' title='bbox 1860 5238 1982 5284; x_wconf 86' lang='lat' dir='ltr'><strong>rent</strong></span> <span class='ocrx_word' id='word_1_883' title='bbox 2018 5236 2213 5298; x_wconf 68' lang='lat' dir='ltr'><strong>praater</strong></span> <span class='ocrx_word' id='word_1_884' title='bbox 2246 5240 2412 5279; x_wconf 91' lang='lat' dir='ltr'><strong>unum</strong></span> <span class='ocrx_word' id='word_1_885' title='bbox 2445 5220 2743 5286; x_wconf 87' lang='lat' dir='ltr'><strong>diabolum,</strong></span> <span class='ocrx_word' id='word_1_886' title='bbox 2770 5218 2859 5287; x_wconf 92' lang='lat' dir='ltr'><strong>qui</strong></span> <span class='ocrx_word' id='word_1_887' title='bbox 2906 5229 3099 5284; x_wconf 89' lang='lat' dir='ltr'><strong>nempe</strong></span> <span class='ocrx_word' id='word_1_888' title='bbox 3143 5210 3286 5265; x_wconf 87' lang='lat' dir='ltr'><strong>solus</strong></span> <span class='ocrx_word' id='word_1_889' title='bbox 3327 5208 3430 5260; x_wconf 87' lang='lat' dir='ltr'><strong>hu-</strong></span> 
     </span>
    </p>
   </div>
   <div class='ocr_carea' id='block_1_113' title="bbox 1857 5301 3423 5392">
    <p class='ocr_par' dir='ltr' id='par_1_113' title="bbox 1857 5301 3423 5392">
     <span class='ocr_line' id='line_1_113' title="bbox 1857 5301 3423 5392; baseline -0.019 -14"><span class='ocrx_word' id='word_1_890' title='bbox 1857 5320 1944 5392; x_wconf 82' lang='lat' dir='ltr'><strong>jus</strong></span> <span class='ocrx_word' id='word_1_891' title='bbox 1972 5330 2168 5375; x_wconf 69' lang='lat' dir='ltr'><strong>vestrae</strong></span> <span class='ocrx_word' id='word_1_892' title='bbox 2197 5318 2518 5373; x_wconf 83' lang='lat' dir='ltr'><strong>defectionis</strong></span> <span class='ocrx_word' id='word_1_893' title='bbox 2554 5326 2709 5389; x_wconf 89' lang='lat' dir='ltr'><strong>pater</strong></span> <span class='ocrx_word' id='word_1_894' title='bbox 2748 5321 2807 5367; x_wconf 87' lang='lat' dir='ltr'><strong>et</strong></span> <span class='ocrx_word' id='word_1_895' title='bbox 2848 5317 3035 5365; x_wconf 86' lang='lat' dir='ltr'><strong>auctor</strong></span> <span class='ocrx_word' id='word_1_896' title='bbox 3068 5301 3297 5365; x_wconf 85' lang='lat' dir='ltr'><strong>exstitit,</strong></span> <span class='ocrx_word' id='word_1_897' title='bbox 3328 5311 3423 5351; x_wconf 84' lang='lat' dir='ltr'><strong>vo-</strong></span> 
     </span>
    </p>
   </div>
   <div class='ocr_carea' id='block_1_114' title="bbox 2256 5476 2760 5543">
    <p class='ocr_par' dir='ltr' id='par_1_114' title="bbox 2256 5476 2760 5543">
     <span class='ocr_line' id='line_1_114' title="bbox 2256 5476 2760 5543; baseline 0.002 -13"><span class='ocrx_word' id='word_1_898' title='bbox 2256 5478 2299 5509; x_wconf 80' lang='lat'>&quot;</span> <span class='ocrx_word' id='word_1_899' title='bbox 2326 5476 2489 5531; x_wconf 87' lang='lat' dir='ltr'><strong>Prov.</strong></span> <span class='ocrx_word' id='word_1_900' title='bbox 2514 5492 2631 5543; x_wconf 85' lang='lat' dir='ltr'><strong>vm,</strong></span> <span class='ocrx_word' id='word_1_901' title='bbox 2668 5477 2760 5532; x_wconf 76' lang='lat'><strong>30.</strong></span> 
     </span>
    </p>
   </div>
   <div class='ocr_carea' id='block_1_115' title="bbox 1931 5557 3419 5635">
    <p class='ocr_par' dir='ltr' id='par_1_115' title="bbox 1931 5557 3419 5635">
     <span class='ocr_line' id='line_1_115' title="bbox 1931 5557 3419 5635; baseline -0.009 -12"><span class='ocrx_word' id='word_1_902' title='bbox 1931 5570 2042 5635; x_wconf 77' lang='lat'><strong>(29)</strong></span> <span class='ocrx_word' id='word_1_903' title='bbox 2078 5568 2250 5623; x_wconf 84' lang='lat' dir='ltr'><strong>Editio</strong></span> <span class='ocrx_word' id='word_1_904' title='bbox 2278 5568 2593 5622; x_wconf 89' lang='lat' dir='ltr'><strong>Parisiensis</strong></span> <span class='ocrx_word' id='word_1_905' title='bbox 2624 5564 2936 5635; x_wconf 87' lang='lat' dir='ltr'><strong>particulam</strong></span> <span class='ocrx_word' id='word_1_906' title='bbox 2966 5560 3043 5635; x_wconf 46' lang='lat' dir='ltr'><strong>die</strong></span> <span class='ocrx_word' id='word_1_907' title='bbox 3091 5557 3237 5635; x_wconf 73' lang='lat' dir='ltr'><strong>addit</strong></span> <span class='ocrx_word' id='word_1_908' title='bbox 3294 5563 3419 5610; x_wconf 87' lang='lat' dir='ltr'><strong>ante</strong></span> 
     </span>
    </p>
   </div>
   <div class='ocr_carea' id='block_1_116' title="bbox 1860 5627 3416 5713">
    <p class='ocr_par' dir='ltr' id='par_1_116' title="bbox 1860 5627 3416 5713">
     <span class='ocr_line' id='line_1_116' title="bbox 1860 5627 3416 5713; baseline -0.007 -20"><span class='ocrx_word' id='word_1_909' title='bbox 1860 5627 2273 5713; x_wconf 58' lang='lat' dir='ltr'><strong>rrpdrépoy,_sed</strong></span> <span class='ocrx_word' id='word_1_910' title='bbox 2318 5638 2528 5713; x_wconf 82' lang='lat' dir='ltr'><strong>abest_a</strong></span> <span class='ocrx_word' id='word_1_911' title='bbox 2558 5627 2686 5713; x_wconf 79' lang='lat' dir='ltr'><strong>mss.</strong></span> <span class='ocrx_word' id='word_1_912' title='bbox 2725 5645 2776 5689; x_wconf 90' lang='lat' dir='ltr'><strong>et</strong></span> <span class='ocrx_word' id='word_1_913' title='bbox 2810 5636 2939 5713; x_wconf 70' lang='lat' dir='ltr'><strong>edit.</strong></span> <span class='ocrx_word' id='word_1_914' title='bbox 2985 5627 3271 5694; x_wconf 85' lang='lat' dir='ltr'><strong>Commel.;</strong></span> <span class='ocrx_word' id='word_1_915' title='bbox 3298 5640 3416 5684; x_wconf 72' lang='lat' dir='ltr'><strong>eant</strong></span> 
     </span>
    </p>
   </div>
   <div class='ocr_carea' id='block_1_117' title="bbox 1860 5702 2946 5773">
    <p class='ocr_par' dir='ltr' id='par_1_117' title="bbox 1860 5702 2946 5773">
     <span class='ocr_line' id='line_1_117' title="bbox 1860 5702 2946 5773; baseline -0.013 -6"><span class='ocrx_word' id='word_1_916' title='bbox 1860 5702 2049 5767; x_wconf 62' lang='lat' dir='ltr'><strong>ta&#39;men&#39;</strong></span> <span class='ocrx_word' id='word_1_917' title='bbox 2066 5708 2195 5762; x_wconf 90' lang='lat' dir='ltr'><strong>nihil</strong></span> <span class='ocrx_word' id='word_1_918' title='bbox 2227 5717 2372 5760; x_wconf 76' lang='lat' dir='ltr'><strong>vetat</strong></span> <span class='ocrx_word' id='word_1_919' title='bbox 2405 5707 2454 5758; x_wconf 90' lang='lat' dir='ltr'><strong>in</strong></span> <span class='ocrx_word' id='word_1_920' title='bbox 2481 5706 2669 5759; x_wconf 90' lang='lat' dir='ltr'><strong>Latino</strong></span> <span class='ocrx_word' id='word_1_921' title='bbox 2696 5702 2946 5773; x_wconf 76' lang='lat' dir='ltr'><strong>exprimi.</strong></span> 
     </span>
    </p>
   </div>
   <div class='ocr_carea' id='block_1_118' title="bbox 1928 5776 3274 5846">
    <p class='ocr_par' dir='ltr' id='par_1_118' title="bbox 1928 5776 3274 5846">
     <span class='ocr_line' id='line_1_118' title="bbox 1928 5776 3274 5846; baseline -0.004 -15"><span class='ocrx_word' id='word_1_922' title='bbox 1928 5782 2039 5846; x_wconf 78' lang='lat'><strong>(50)</strong></span> <span class='ocrx_word' id='word_1_923' title='bbox 2073 5780 2203 5845; x_wconf 72' lang='lat' dir='ltr'><strong>Reg.</strong></span> <span class='ocrx_word' id='word_1_924' title='bbox 2242 5779 2404 5829; x_wconf 81' lang='grc' dir='ltr'>είκών</span> <span class='ocrx_word' id='word_1_925' title='bbox 2431 5776 2646 5846; x_wconf 72' lang='lat' dir='ltr'><strong>omittit.</strong></span> <span class='ocrx_word' id='word_1_926' title='bbox 3059 5838 3071 5846; x_wconf 87' lang='lat'>_</span> <span class='ocrx_word' id='word_1_927' title='bbox 3136 5838 3163 5846; x_wconf 84' lang='lat'>_</span> <span class='ocrx_word' id='word_1_928' title='bbox 3266 5790 3274 5799; x_wconf 84' lang='lat'>&#39;</span> 
     </span>
    </p>
   </div>
   <div class='ocr_carea' id='block_1_119' title="bbox 1928 5838 3222 5920">
    <p class='ocr_par' dir='ltr' id='par_1_119' title="bbox 1928 5838 3222 5920">
     <span class='ocr_line' id='line_1_119' title="bbox 1928 5838 3222 5920; baseline -0.009 -15"><span class='ocrx_word' id='word_1_929' title='bbox 1928 5838 2041 5920; x_wconf 66' lang='lat' dir='ltr'><strong>(3t)</strong></span> <span class='ocrx_word' id='word_1_930' title='bbox 2083 5838 2178 5903; x_wconf 63' lang='lat' dir='ltr'><strong>sui</strong></span> <span class='ocrx_word' id='word_1_931' title='bbox 2211 5846 2429 5917; x_wconf 77' lang='lat' dir='ltr'><strong>Regius.</strong></span> <span class='ocrx_word' id='word_1_932' title='bbox 2464 5845 2601 5900; x_wconf 80' lang='lat' dir='ltr'><strong>Editi</strong></span> <span class='ocrx_word' id='word_1_933' title='bbox 2635 5853 2812 5901; x_wconf 85' lang='lat' dir='ltr'><strong>autem</strong></span> <span class='ocrx_word' id='word_1_934' title='bbox 2840 5851 2891 5898; x_wconf 83' lang='lat' dir='ltr'><strong>et</strong></span> <span class='ocrx_word' id='word_1_935' title='bbox 2914 5838 3222 5912; x_wconf 68' lang='grc' dir='ltr'>ιιίί,ήμῶν.</span> 
     </span>
    </p>
   </div>
  </div>
