3978 6510
521 419 630 476 467

1129 416 1188 473 S.
1227 412 1595 471 ATHANASII
1634 411 1786 468 OPP.
1827 407 2006 464 PARS
2044 408 2086 463 Ι.
2126 431 2197 446 -
2233 404 2608 461 HISTORICA
2642 402 2730 465 ΕΤ
2767 399 3181 458 DOCMATICA.

3672 396 3771 452 468

524 538 721 604 lisque
764 532 996 603 primum
1057 531 1390 600 impietatem
1440 529 1575 582 hanc
1620 524 1987 585 iuseminavit,
2032 537 2095 575 ac

2213 521 2460 591 ὒμέτερα,
2490 516 2624 571 ἀλλὰ
2654 516 2823 569 ταῦτα
2853 514 3210 586 γεγράφασιν,
3236 512 3379 583 ἅπερ
3406 509 3457 564 οἱ
3485 508 3583 562 ἀπ’
3606 509 3773 581 ἀρχῆς

523 626 689 681 etiam
729 639 873 678 nunc
892 623 1083 678 suadet
1105 632 1162 675 ut
1193 623 1584 678 uacumenicam
1617 617 1880 688 synodum
1905 617 2098 669 vestris

524 714 832 770 maledictis
879 713 1244 774 insectemini,
1294 712 1417 781 quia
1471 709 1720 764 videlicet
1768 724 1872 762 non
1920 717 2096 761 vestra

526 806 621 860 sed
660 806 750 859 illa
788 804 1066 859 definierit
1120 820 1241 872 qua:
1291 805 1357 857 ab
1413 802 1565 856 initio
1618 800 1887 853 tradidere
1936 807 2097 852 testes

527 896 729 950 oculati
759 897 849 965 qui
882 906 935 951 et
962 896 1194 950 ministri
1223 894 1380 949 Verbi
1413 895 1582 950 luere.
1616 894 1750 948 Nam
1776 893 1905 948 lides
1934 905 2094 961 quam

531 988 770 1057 synodus
816 987 1021 1055 scripto
1058 988 1305 1042 confessa
1336 995 1441 1047 est,
1477 987 1589 1055 ipsa
1634 1001 1762 1040 vere
1802 994 1883 1037 est
1910 982 2092 1036 catho-

532 1080 653 1135 lica:
712 1079 983 1145 Ecclesiae,
1031 1095 1188 1145 quam
1246 1088 1303 1131 ut
1347 1087 1649 1144 tuerentur,
1682 1077 1878 1144 placuit
1929 1072 2097 1129 beatis

535 1170 787 1226 Patribus
842 1172 915 1225 ita
957 1171 1213 1232 scribere,
1251 1170 1616 1238 Arianainque
1666 1167 1913 1221 haeresim
1952 1179 2096 1219 ‘con~

531 1262 809 1317 dernnare.
864 1264 999 1317 llinc
1061 1262 1131 1316 illi
1196 1262 1529 1331 potissimum
1580 1262 1647 1315 ob
1698 1261 1835 1314 hanc
1880 1270 2095 1311 causam

533 1356 798 1425 synodum
840 1354 1162 1409 calumniari
1204 1362 1493 1407 conantur.
1546 1351 1678 1405 Nam
1719 1365 1821 1404 non
1859 1358 1963 1401 tam
2000 1346 2100 1399 liu-

528 1442 763 1512 jusmodi
809 1444 1135 1499 dictionibus
1183 1443 1518 1510 cruciantur,
1564 1457 1725 1513 quam
1782 1438 1924 1509 quod
2007 1434 2130 1491 inde

531 1538 698 1591 etiam
734 1537 1003 1591 haereticis
1041 1537 1378 1590 audaciores.

2198 613 2462 666 αὐτόπται
2491 610 2582 663 κα).
2626 608 2894 679 ὑπηρέται
2926 606 3018 658 τοῦ
3067 604 3240 671 Λόγου
3283 602 3570 672 γενόμενοι
3604 617 3775 670 παρα-

2195 704 2506 758 δεδώκασιν.
2540 702 2640 753 Ἧν
2668 700 2776 770 γὰρ
2814 702 2846 770 ἡ
2878 698 3093 760 σύνοδος
3135 696 3427 767 ἐγγράφως
3459 692 3777 763 ὡμολόγησε

2196 799 2399 858 πίστιν,
2445 794 2583 864 αῦτη
2626 794 2722 863 τῆς
2774 791 3067 860 καθολικῆς
3101 789 3423 858 Ἐκκλησίας
3458 785 3601 839 ἐστί.
3635 783 3777 837 Ταύ-

2194 903 2290 957 την
2319 883 2655 944 ἐκδικοῦντες
2681 883 2728 933 οἱ
2762 882 3017 951 μακάριοι
3046 879 3285 949 Πατέρες
3310 877 3481 940 οὕτως
3511 874 3778 946 ἔγραψαν,

2205 979 2298 1031 καὶ
2330 975 2656 1045 κατέκριναν
2682 973 2778 1044 τὴν
2814 972 3094 1044 Ἀρειανὴν
3136 972 3344 1041 αἵρεσιν
3367 987 3378 999 ·
3416 968 3498 1022 διὸ
3548 967 3781 1038 μάλιστα

2204 1070 2298 1123 καὶ
2342 1068 2645 1122 διαϐάλλειν
2697 1068 2793 1138 τὴν
2842 1066 3058 1119 σύνοδον
3097 1063 3486 1135 ἐπιχειροῦσιν.
3547 1062 3625 1115 Οὐ
3678 1060 3782 1131 γὰρ

2202 1163 2258 1216 αἱ
2294 1162 2464 1227 λέξεις
2503 1162 2696 1223 αὐτοὺς
2727 1158 3005 1221 λυποῦσιν,
3038 1157 3151 1210 ἀλλ’
3193 1158 3274 1209 ὅτι
3308 1158 3365 1208 ἐν
3399 1154 3595 1218 αὑταῖς
3647 1154 3782 1205 ἁπε-

2204 1250 2490 1321 δείχθησαν
2524 1250 2809 1321 αἱρετικοὶ,
2840 1249 2935 1302 καὶ
2976 1246 3084 1301 τῶν
3136 1247 3308 1300 ἄλλων
3356 1245 3625 1315 αἱρέσεων
3676 1241 3780 1310 (52)

2202 1344 2292 1394 τολ
2300 1360 2372 1413 μη
2382 1343 2500 1414 ρὸτε
2508 1360 2588 1413 ροι
2598 1382 2609 1394 .

2204 1435 2440 1489 convicti
2490 1442 2615 1489 sunt
2673 1447 2777 1488 non
2834 1431 3006 1487 solum
3052 1432 3287 1487 hairetici
3319 1446 3464 1499 esse,
3519 1430 3619 1486 sed
3665 1428 3782 1482 aliis

523 1624 528 1685 ξ
603 1625 694 1679 28.
737 1623 923 1693 Itaque
972 1641 1094 1679 cum
1142 1640 1266 1681 suas
1315 1626 1433 1679 illas
1481 1624 1703 1680 voculas
1742 1623 1925 1678 futiles
1976 1637 2095 1678 esse

2264 1628 2355 1684 28.
2406 1628 2621 1699 Ἀμέλει
2652 1626 2760 1680 τῶν
2796 1626 3063 1693 λεξειδίων
3097 1626 3278 1681 αὐτῶν
3315 1626 3640 1697 δειχθέντων
3665 1625 3782 1680 τότε

536 1724 665 1772 tunc
698 1725 927 1785 pateret,
976 1731 1209 1785 cumque
1256 1726 1364 1770 Iam
1414 1715 1571 1771 facile
1618 1731 1803 1770 eorum
1854 1716 2101 1782 impietas

535 1823 754 1877 semper
771 1809 1204 1876 convinceretur,
1227 1825 1409 1864 vocem
1433 1808 1593 1880 184
1617 1810 1904 1879 ἀγενήτον,
1922 1808 1972 1861 id
1995 1818 2099 1875 est,

536 1915 643 1956 non
673 1900 821 1967 facti,
861 1916 891 1955 a
924 1901 1127 1957 Graecis
1150 1918 1243 1957 seu
1279 1901 1582 1956 Gentilibus
1611 1911 1736 1956 sunt
1760 1902 2009 1964 mutuati,
2045 1909 2103 1953 ut

536 1991 842 2060 huiusmodi
880 1993 1046 2048 innixi
1078 1996 1339 2051 vocabulo
1374 2010 1560 2049 rursus
1584 1995 1722 2048 inter
1740 2009 1824 2048 res
1843 1994 2012 2047 factas
2050 2001 2105 2047 et

536 2093 750 2138 creatas
780 2085 869 2139 Dei
910 2086 1166 2153 Verbum,
1198 2102 1295 2156 per
1324 2086 1464 2155 quod
1502 2101 1588 2140 res
1614 2087 1743 2153 ipsae
1774 2084 1924 2138 facta:
1955 2095 2099 2147 sunt,

536 2185 919 2230 numerarent:
947 2187 1094 2231 tanta
1125 2194 1313 2233 eorum
1342 2187 1423 2232 est
1471 2179 1522 2231 in
1571 2178 1787 2245 propria
1830 2176 2104 2243 impietate

535 2267 825 2320 asserenda
848 2268 1198 2337 impudentia,
1222 2279 1437 2323 tantavc
1460 2268 1751 2336 pertinacia
1778 2267 1827 2318 in
1856 2265 2104 2334 blasphe-

537 2357 664 2412 ntiis
693 2358 953 2413 adversus
990 2360 1275 2414 Dominum
1307 2359 1662 2428 proferendis.
1698 2358 1754 2412 Si
1792 2359 1953 2427 igitur
1986 2368 2106 2411 tan-

538 2458 651 2503 tam
700 2465 811 2519 pra:
852 2466 909 2504 se
943 2451 1121 2506 ferunt
1161 2452 1567 2520 impudentiam,
1607 2451 1728 2520 quia
1771 2449 1927 2518 hujus
1960 2450 2105 2506 vocis

539 2541 993 2608 significationem
1049 2545 1317 2613 ignorant,
1362 2559 1493 2599 sane
1552 2544 1603 2598 id
1648 2546 1715 2598 ab
1762 2544 1845 2598 his
1887 2544 2037 2612 ipsis,
2074 2559 2103 2597 a

540 2634 738 2701 quibus
767 2649 884 2687 eam
924 2650 1206 2703 accepere,
1232 2635 1579 2690 ediscendum
1634 2648 1769 2689 erat.
1814 2633 1876 2688 Hi
1914 2650 2107 2704 nempe

542 2732 779 2777 mentem
811 2739 971 2793 quam
1007 2741 1073 2779 ex
1104 2726 1262 2790 bono,
1290 2738 1343 2780 et
1382 2727 1617 2779 animam
1649 2742 1810 2795 quam
1832 2740 1898 2779 ex
1929 2736 2107 2780 mente

542 2827 663 2867 esse
692 2815 863 2877 aiunt,
906 2816 1151 2883 quamvis
1190 2820 1329 2871 unde
1362 2817 1461 2871 ille
1496 2818 1602 2871 sint
1646 2819 1724 2870 eis
1769 2832 1872 2870 nou
1919 2816 2104 2879 lateat,

544 2909 723 2955 tamen
757 2902 1061 2957 non-factas
1090 2906 1266 2960 dicere
1293 2907 1422 2960 nihil
1442 2917 1563 2960 sunt
1585 2907 1768 2972 veriti,
1798 2892 1901 2960 non
1930 2907 2101 2975 ignari

2203 1720 2438 1788 φαύλων,
2472 1720 2567 1773 καὶ
2609 1720 2695 1773 ἀεὶ
2746 1720 2802 1773 δὲ
2852 1719 3185 1788 εὑελέγκτων
3231 1719 3399 1772 ὄντων
3438 1718 3515 1782 ὡς
3550 1719 3780 1783 ἀσεϐῶν,

2202 1812 2499 1883 ἐχρήσαντο
2559 1812 2687 1882 παρ’
2751 1811 3016 1881 Ἐλλήνων
3075 1810 3260 1863 λοιπὸν
3320 1811 3417 1881 τὴν
3483 1809 3632 1874 λέξιν
3693 1809 3782 1863 τοῦ

2202 1904 2464 1974 ἀγενήτου
2510 1904 2641 1974 (55),
2690 1904 2778 1957 ἵνα
2825 1904 3089 1975 προφάσει
3136 1902 3231 1956 καὶ
3284 1902 3478 1955 τούτου
3528 1901 3625 1954 τοῦ
3668 1901 3783 1955 ὀνό-

2206 2013 2371 2066 ματος
2427 1998 2482 2049 ἐν
2538 1998 2649 2059 τοῖς
2696 1998 2939 2065 γενητοῖς
2987 1995 3149 2049 πάλιν
3198 1996 3293 2048 καὶ
3348 1998 3460 2057 τοῖς
3521 1995 3784 2064 κτίσμασι

2205 2088 2579 2159 συναριθμῶσι
2626 2088 2716 2140 τὸν
2750 2089 2843 2142 τοῦ
2889 2088 3024 2141 Θεοῦ
3082 2089 3274 2154 Λόγον,
3316 2086 3383 2138 δι’
3412 2079 3475 2138 οὗ
3529 2084 3674 2138 αὐτὰ
3720 2083 3784 2137 τὰ

2204 2179 2406 2250 γενητὰ
2456 2180 2710 2247 γέγονεν·
2758 2180 2928 2243 οὕτως
2978 2180 3083 2232 εἰσὶ
3132 2178 3269 2251 πρὸς
3322 2178 3583 2232 ἀσέϐειαν
3632 2176 3755 2230 an!

2206 2288 2449 2343 σχυντοι,
2494 2274 2585 2325 καὶ
2620 2272 2754 2343 πρὸς
2784 2273 2883 2335 τὰς
2914 2271 3007 2323 τοῦ
3043 2271 3251 2340 Κυρίου
3304 2269 3660 2340 βλασφημίας
3700 2287 3783 2339 φι-

2204 2363 2451 2417 λόνεικοι.
2494 2364 2555 2415 El
2611 2364 2706 2433 μὲν
2748 2359 2860 2427 οῦν,
2883 2362 3199 2430 ἀγνοοῦντες
3248 2360 3310 2413 τὸ
3356 2360 3567 2429 ὃνομα,
3618 2360 3785 2423 οῦτως

2204 2454 2667 2524 ἀναισχυντοῦσιν,
2696 2454 2801 2507 ἔδει
2834 2454 3022 2525 μαθεῖν
3057 2454 3251 2516 αὐτοὺς
3280 2452 3429 2523 παρὰ
3459 2451 3569 2505 τῶν
3609 2453 3785 2515 αὐτοῖς

2205 2544 2509 2598 δεδωκότων
2535 2546 2685 2609 αὐτὸ,
2718 2547 2798 2598 ὄτι
2816 2546 2925 2612 (56)
2950 2545 3043 2597 καὶ
3060 2544 3118 2597 ὃν
3141 2544 3390 2611 λέγουσιν
3416 2543 3481 2595 ἐκ
3509 2542 3606 2595 τοῦ
3654 2544 3786 2610 ἁγα-

2207 2632 2299 2686 θοῦ
2338 2635 2461 2688 νοῦν
2510 2636 2602 2688 καὶ
2638 2636 2735 2705 τὴν
2781 2636 2843 2686 ἐκ
2876 2633 2967 2687 τοῦ
3018 2633 3106 2687 νοῦ
3142 2633 3339 2703 1ζιυχηήν,
3391 2633 3571 2686 καίτοι
3624 2630 3781 2700 γινώο

2208 2742 2428 2791 σκοντες
2470 2727 2531 2779 τὸ
2576 2727 2633 2793 ἐξ
2681 2723 2754 2779 ὧν
2797 2728 2951 2787 εἰσιν,
2985 2726 3084 2778 οὐκ
3128 2724 3478 2795 ἐφοϐήθησαν
3512 2725 3665 2795 ὅμως
3697 2723 3786 2775 καὶ⁵

2208 2818 2347 2871 αὐτὰ
2391 2822 2564 2872 εἰπεῖν
2612 2819 2867 2889 ἀγένητα,
2895 2817 3123 2881 εἰδότες,
3153 2817 3256 2879 ὅτι,
3284 2817 3379 2869 καὶ
3410 2816 3574 2869 τοῦτο
3604 2816 3783 2883 λέγον-

2208 2929 2319 2973 τες,
2351 2914 2452 2965 οὐκ
2492 2911 2772 2965 ἐλαττοῦσι
2800 2911 2861 2963 τὸ
2899 2910 3133 2981 πρῶτον,
3178 2905 3237 2973 ἐξ
3266 2904 3325 2963 οῦ
3358 2910 3452 2962 καὶ
3483 2907 3662 2962 ταῦτα
3694 2906 3788 2959 πέ-

541 2991 751 3047 scilicet
780 3008 840 3047 se
875 2994 974 3049 hoc
1008 2996 1284 3061 vocabulo,
1313 2996 1446 3050 nihil
1491 2997 1555 3051 de
1603 2997 1774 3064 primo
1817 2998 2104 3066 principio,

2213 3022 2348 3073 φυκε
2366 3022 2379 3035 ’
2413 3005 2507 3057 καὶ
2534 3004 2565 3073 ἢ
2596 3004 2687 3055 καὶ
2717 3002 2911 3066 αὐτοὺς
2940 3001 3082 3054 οὓτω
3123 3001 3321 3069 λέγειν,
3351 3000 3384 3070 ἢ
3425 2999 3676 3069 μηδόλως
3705 2998 3786 3051 λέ-

540 3099 606 3139 ex
644 3101 751 3156 quo
800 3087 926 3156 ipsa!
968 3104 1180 3158 quoque
1230 3102 1434 3145 exorta:
1476 3100 1623 3155 sunt,
1670 3091 1973 3145 detrahere.
2010 3089 2107 3155 lta,

543 3173 787 3244 inquam,
817 3177 934 3232 illos
964 3194 1177 3248 quoque
1210 3179 1353 3247 lmlui
1390 3183 1633 3244 decebat,
1657 3190 1749 3234 aut
1791 3192 1939 3235 certe
1964 3181 2109 3233 nullo

544 3269 702 3324 modo
734 3270 800 3325 de
842 3271 925 3325 liis
949 3287 1065 3341 quae
1096 3274 1361 3341 ignorant,
1399 3274 1682 3327 disserere.
1720 3273 1872 3338 Quod
1908 3274 1951 3327 si
1979 3274 2107 3342 quid

542 3358 657 3413 inec
695 3375 797 3414 vox
834 3363 1122 3432 signiticet,
1169 3379 1229 3418 se
1280 3365 1581 3433 intelligere
1626 3375 1838 3431 putant,
1882 3382 2107 3422 necesse

543 3451 765 3506 omnino
796 3462 878 3506 est
910 3464 965 3506 ut
1001 3455 1143 3522 ipsos
1178 3456 1595 3522 interrogemus,
1631 3458 1864 3513 maxime
1892 3474 2012 3511 cum
2045 3474 2107 3512 ea

544 3557 612 3595 ex
637 3544 830 3600 divinis
862 3545 1057 3600 litteris
1078 3563 1181 3601 non
1209 3547 1278 3602 sit
1301 3548 1661 3612 collecta,sed
1687 3550 1828 3603 nulla
1866 3550 1939 3603 illi
1965 3550 2113 3605 Scri-

547 3646 719 3704 plura:
755 3640 1075 3694 auctoritate
1107 3639 1220 3694 fulti
1258 3656 1354 3710 pro
1382 3640 1495 3708 ipsa
1532 3650 1786 3711 pugnent.
1824 3643 2112 3697 Enimvero

550 3740 651 3793 ego
683 3729 901 3798 quidem
947 3731 1244 3785 memoravi
1292 3748 1395 3802 qna
1430 3732 1496 3787 de
1531 3748 1690 3788 causa
1729 3748 1906 3803 quove
1948 3748 2111 3789 sensu

623 3940 733 4022 (δί)
765 3940 941 4024 ξιιίιὶο
990 3942 1344 4024 Parisieusis',
1392 3948 1696 4024 αίρετικῶν.
1755 3949 1822 4003 At
1873 3966 2004 4006 mss.
2056 3959 2111 4024 et

552 4012 718 4085 editio
771 4012 1029 4065 Commel.
1070 4014 1356 4085 αἱρέσεων.
1410 4012 1767 4075 Nihilominus
1827 4020 2109 4076 commode

558 4084 803 4134 red-titur
834 4096 927 4147 per
960 4084 1143 4138 vocem
1176 4088 1451 4140 limreticis.

626 4151 734 4232 ('53)
764 4150 852 4232 Sic
884 4152 1012 4232 Iieg:
1043 4165 1092 4207 et
1125 4155 1312 4232 ‘Basill
1339 4158 1421 4212 hic
1446 4169 1505 4232 et
1538 4159 1824 4232 deinceps.
1861 4160 1934 4213 lla
1973 4174 2109 4228 quo-

555 4237 661 4289 que
716 4222 841 4346 legit
891 4224 1205 4306 Ambrosius
1274 4222 1757 4291 Camaldulensisf
1793 4232 1881 4300 qui
1940 4222 2110 4293 ipsam

555 4306 737 4346 vocem
818 4306 1005 4345 meam
1048 4311 1099 4346 In
1152 4312 1245 4346 sua
1281 4299 1524 4346 versione
1582 4302 1791 4346 retinet-
1847 4300 1900 4346 In
1947 4301 2110 4346 Regio

554 4306 737 4363 vocem
766 4297 1005 4363 Grmcain
1048 4297 1099 4348 in
1152 4312 1245 4349 sua
1281 4299 1524 4352 versione
1581 4297 1901 4354 retiuetﬂln
1947 4301 2114 4363 Regio

555 4362 737 4439 codice
785 4362 989 4439 aliquot
1015 4364 1075 4439 in
1116 4364 1247 4419 locis
1289 4382 1351 4420 ea
1380 4384 1478 4439 vox
1504 4383 1625 4422 cum
1656 4370 1851 4439 dup!ici
1876 4388 1903 4421 ν
1938 4370 2113 4439 fuerat

555 4432 778 4500 scripta,
811 4435 901 4485 sed
959 4434 1154 4487 ibidem
1202 4451 1309 4490 uno
1361 4438 1536 4491 deleto
1570 4432 1849 4492 emendata
1881 4447 1979 4493 est.
2014 4438 2113 4491 Le-

555 4507 785 4583 gendum
814 4517 931 4555 esse
964 4503 1436 4583 ἀγενήτουριιιᾳι,
1467 4508 1740 4583 qui_a_h:ec
1762 4525 1862 4583 vox
1889 4509 2115 4576 opponi-

2211 3114 2327 3166 γειν
2360 3096 2487 3167 περ).
2516 3089 2589 3148 ὧν
2616 3096 2714 3148 οῦκ
2756 3094 2960 3147 ῐσασιν’
2993 3095 3040 3145 εἰ
3070 3094 3127 3146 δὲ
3166 3091 3446 3163 νομίζουσι
3477 3090 3783 3157 γινώσκειν,

2210 3188 2504 3255 ἀναγκαῖον
2565 3185 2759 3247 αὐτοὺς
2833 3182 3145 3255 ἐρωτῆσαι,
3205 3182 3323 3233 ἐπεὶ
3384 3180 3629 3249 μάλιστα
3696 3177 3785 3230 καὶ

2208 3278 2309 3329 οὐκ
2344 3276 2453 3345 (55)
2486 3275 2631 3327 ἐστιν
2661 3276 2723 3327 ἐκ
2762 3273 2867 3325 τῶν
2914 3272 3071 3325 θείων
3116 3270 3343 3342 Γραφῶν
3373 3272 3407 3341 ἡ
3453 3270 3624 3336 λέξις,
3654 3269 3786 3322 ἀλλὰ

2213 3366 2374 3419 πάλιν
2414 3368 2677 3437 ἀγράφως
2714 3364 3001 3426 λαλοῦντες
3039 3360 3451 3431 φιλονεικοῦσιν.
3502 3360 3647 3428 Ἐγὼ
3692 3361 3786 3430 μὲν

2212 3458 2320 3529 γὰρ
2344 3458 2441 3528 τὴν
2482 3458 2659 3510 αἰτίαν
2686 3458 2777 3510 καὶ
2806 3456 2901 3527 τὴν
2941 3456 3198 3521 διάνοιαν,
3234 3454 3354 3507 καθ’
3395 3455 3463 3525 ἣν
3502 3456 3535 3524 ή
3575 3453 3787 3515 συνόδος

2212 3550 2271 3605 τὸ
2297 3551 2363 3603 ἐκ
2394 3550 2503 3617 τῆς
2529 3551 2741 3615 οὐσίας
2770 3550 2860 3602 καὶ
2886 3550 2947 3602 τὸ
2985 3549 3308 3617 ὀμοούσιον
3336 3545 3650 3617 συμφώνως
3680 3548 3786 3607 τοίς

2213 3644 2279 3694 ἐκ
2310 3641 2418 3693 τῶν
2451 3643 2679 3712 Γραφῶν
2719 3642 2844 3712 περὶ
2889 3641 2981 3695 τοῦ
3016 3641 3267 3712 Σωτῆρος
3315 3640 3659 3710 εἰρημένοις,
3698 3637 3787 3689 καὶ

2214 3732 2328 3785 ὅσοι
2393 3732 2499 3802 πρὸ
2564 3732 2741 3785 αὐτῶν
2789 3732 3031 3798 ἐξέθεντο
3074 3730 3313 3801 Πατέρες
3368 3730 3460 3783 καὶ
3520 3728 3784 3801 ἔγραψαν,

2213 3947 2311 4002 οὐκ
2373 3948 2464 4021 ἂν
2496 3948 2556 4013 ἐξ
2594 3950 2766 4021 ἀρχῆς
2826 3946 3356 4021 γίγνοιτοηἚπειδὴ
3405 3944 3785 4021 δὲῌάγένητόν

2215 4022 2351 4079 ἐστι,
2388 4020 2481 4072 καὶ
2512 4014 3232 4090 ἀδιάίρθὸρονάὖτὸᾲὰνάγκη
3261 4014 3420 4090 εἶναι.
3476 4016 3544 4090 Et
3597 4014 3787 4090 paucis

2217 4090 2511 4157 interjcrtis
2548 4109 2560 4143 :
2598 4085 2660 4143 Εί
2691 4085 2887 4142 δ”έστι
2920 4087 3076 4141 τοῦτο
3112 4087 3282 4157 οῦτως
3308 4086 3554 4157 έχον,ᾼμὴ
3587 4085 3713 4139 ἄλλο
3735 4102 3786 4137 τι

2217 4155 2367 4211 εἶναι
2394 4161 2452 4212 τὸ
2491 4160 2619 4213 αὐτὸ
2676 4160 2809 4212 αὐτὸ
2870 4157 3050 4211 κινοῦν
3094 4156 3127 4225 ἢ
3167 4155 3377 4225 ψυχὴν,
3420 4155 3477 4221 ἐξ
3548 4157 3787 4225 ἀνάγκης

2217 4229 2477 4301 άγένητόν
2539 4238 2594 4283 τε
2635 4230 2727 4282 καὶ
2781 4229 3073 4301 ἀθάνατον-γ
3302 4224 3373 4301 av
3420 4227 3528 4301 εζη.
3566 4224 3623 4276 Id
3659 4236 3735 4278 est
3767 4243 3781 4278 :

2222 4298 2403 4353 Omnis
2434 4302 2612 4352 anima
2660 4309 2735 4353 est
2792 4296 3124 4351 immortalis.
3171 4296 3322 4361 Quod
3385 4297 3527 4348 enim
3591 4310 3786 4360 semper

2222 4380 2476 4427 movetur,
2512 4370 2804 4422 immortale
2834 4378 2906 4421 est
2934 4383 2952 4421 :
2982 4369 3117 4434 quod
3166 4377 3336 4418 autem
3393 4377 3563 4416 movet
3622 4364 3783 4424 aliud,

2219 4449 2264 4490 et
2294 4438 2357 4489 ab
2385 4439 2491 4491 alio
2522 4450 2771 4501 movetur,
2826 4438 3241 4507 quandoquidem
3300 4434 3455 4507 ﬁnem
3486 4435 3640 4507 liabet
3681 4448 3787 4507 mo:

2221 4518 2325 4565 tus,
2356 4509 2471 4563 vitat
2486 4525 2684 4577 quoque
2702 4500 2854 4574 ﬁnem
2884 4500 3054 4559 habet.
3087 4500 3458 4577 SolumAigitur
3490 4505 3626 4556 illud
3652 4500 3786 4577 quod

556 4582 643 4623 tur
670 4573 783 4643 τριεὶ
835 4574 1060 4641 γενητοῦ
1085 4571 1188 4635 ,ἰιι
1244 4571 1295 4628 in
1349 4571 1727 4631 Adnionilioue
1775 4571 2114 4633 observatum
2149 4571 2191 4625 D
2220 4582 2443 4638 seipsum
2485 4571 2666 4639 movet,
2696 4571 2817 4642 quin
2860 4579 3081 4643 seipsum
3121 4592 3222 4627 non
3249 4573 3460 4637 deserit,
3485 4589 3549 4625 ne
3598 4571 3786 4625 moueri

555 4650 657 4717 est.
692 4641 953 4717 Praeterea
985 4644 1217 4713 Cyrillus
1252 4646 1666 4711 Alexandrinus,
1697 4651 1786 4717 qui
1853 4649 1901 4701 id
1954 4662 2116 4717 voca—

559 4710 740 4785 bulum
773 4714 824 4763 iii
853 4710 1136 4785 Thesauro,
1167 4718 1460 4769 assertione
1488 4710 1655 4785 prima
1678 4759 1693 4779 ,
1716 4710 1906 4771 eodem
1961 4716 2119 4769 modo

557 4781 949 4860 etpl_ical,__«_|u0
982 4784 1119 4860 infra
1161 4781 1514 4860 Athanasius,
1553 4788 1678 4860 illud
1722 4803 1813 4856 per
1844 4790 2119 4860 unicum}:

557 4850 769 4928 scribit.
811 4850 942 4928 llinc
974 4855 1134 4905 etiam
1180 4856 1346 4928 editio
1382 4850 1807 4909 Coniiiiielitiiaiia
1851 4868 1903 4928 et
1956 4855 2117 4928 Pari-

558 4920 755 4995 siensis
779 4922 966 4995 __paulo
1002 4932 1122 4995 post
1168 4922 1407 4994 ἀγένητα
1441 4941 1532 4993 per
1566 4929 1778 4979 unicum
1824 4945 1851 4977 ν
1883 4926 2115 4987 habent;

560 4987 689 5063 licet
740 4989 947 5063 aliisin
1000 4987 1129 5063 locis
1181 4987 1281 5047 hoc
1324 4987 1671 5047 'voc—abuluni
1729 5011 1822 5063 per
1869 4997 2060 5063 duplex
2092 5012 2120 5045 ν

560 5058 827 5115 scribant.
857 5061 1020 5115 Porro
1041 5062 1175 5115 forte
1206 5080 1234 5115 a
1265 5063 1486 5115 Platone
1527 5066 1663 5118 lianc
1691 5058 1979 5119 dictionem
2006 5080 2121 5115 ltiti-

564 5129 694 5181 tuati
728 5143 853 5181 sunt
880 5132 1062 5184 Ariani
1110 5151 1123 5186 :
1158 5133 1204 5186 is
1244 5136 1387 5187 enim
1416 5135 1466 5185 in
1498 5133 1723 5187 Phwdro
1754 5138 1987 5189 animam
2045 5134 2121 5185 ait

559 5212 679 5271 esse
708 5199 988 5268 ἀγένητον,
1018 5217 1137 5270 qua:
1176 5217 1275 5255 vox
1316 5218 1526 5270 quoque
1553 5220 1645 5271 per
1671 5220 1831 5257 unum
1874 5223 1901 5257 ν
1927 5204 2119 5257 ibidem

562 5270 833 5342 scribitur.
887 5271 1011 5342 ilice
1063 5284 1195 5342 sunt
1246 5272 1483 5342 Platonis
1530 5270 1688 5325 verba
1736 5276 1939 5328 εΠᾶσα
1977 5271 2122 5342 ψυχὴ

556 5336 842 5412 ἀθάνατος.
889 5340 963 5412 Τὸ
1013 5341 1121 5411 γὰρ
1151 5341 1464 5412 ,ἀεικίνητον
1507 5342 1799 5396 ἀθάνατον·
1831 5346 1891 5398 τὸ
1927 5344 1969 5397 δ’
1990 5336 2124 5395 ’ἄλλο

560 5409 763 5483 κινοῦν,
822 5411 917 5463 καὶ
960 5412 1065 5483 ⁸ὑπ’
1091 5409 1099 5411 ’
1130 5411 1287 5483 ἄλλον
1356 5409 1689 5481 κινούμενον,
1752 5416 1959 5467 παῦλαν
2004 5414 2122 5483 ἕχον

561 5480 844 5553 κινήσεως,
876 5481 1101 5553 παῦλαν
1121 5481 1230 5551 ἔχει
1270 5482 1431 5552 ζωῆς.
1462 5486 1633 5537 Μόνον
1666 5484 1729 5553 δὴ
1770 5486 1829 5537 τὸ
1862 5484 1992 5538 αὐτὸ
2032 5480 2123 5553 ’κι-

543 5548 702 5633 ινοῦν,
737 5552 957 5633 ἇτεοῦκ
984 5548 1271 5633 ἀπολεῖττον
1304 5548 1488 5633 ἐαυτὸν
1507 5596 1521 5615 ,
1548 5548 1741 5607 οὔποτε
1774 5554 1926 5625 λήγει
1957 5552 2127 5632 κινού-

564 5636 751 5690 μενον*
802 5620 937 5673 ἀλλὰ
993 5624 1085 5674 καὶ
1145 5627 1255 5685 τοῖς
1300 5625 1497 5686 ἄλλοις,
1530 5627 1627 5677 ὅσα
1679 5620 1925 5689 κινεῖται,
1968 5623 2125 5676 τοῦτο

563 5690 712 5764 τνηγῂ
764 5693 855 5764 κα).
903 5694 1042 5763 ἁρχὴ
1099 5695 1383 5764 κινήσεως.
1433 5696 1596 5764 Ἀρχὴ
1629 5695 1684 5746 δὲ
1711 5696 1990 5764 ἀγένητον.
2038 5692 2127 5756 Ἐξ

564 5734 737 5833 ἀρ’)ἑῖίς
763 5734 886 5833 ίῖἇρ
904 5734 1181 5833 ’ἓεὲέγγῗτῖ
1198 5734 1419 5816 ﬁne.
1448 5734 1771 5833 ζᾶτὲιῖἔνὲἱέ
1787 5734 1809 5747 ”
1822 5734 2121 5831 ξέἶᾷὲέτθὲιῖ

566 5829 731 5896 αυτὴν
757 5830 809 5882 δὲ
838 5829 954 5901 μηδ’
988 5829 1215 5897 ὲξένὸς.
1245 5834 1304 5886 ΕΞ
1346 5834 1451 5905 γὰρ
1483 5836 1546 5888 ὲκ
1576 5829 1666 5888 τοῦ
1700 5829 1842 5904 ἀρχὴ
1870 5829 2121 5905 γίγνοιτο,

2219 4649 2424 4713 quidem
2469 4664 2698 4714 unquam
2737 4648 2923 4700 desinit
2964 4662 2982 4700 :
3036 4647 3159 4710 quin
3198 4645 3352 4695 etiam
3412 4644 3621 4697 caueri:
3641 4654 3788 4714 ⁸(μίας

2221 4709 2512 4777 moventur,
2544 4709 2624 4768 hic
2656 4717 2794 4784 fons,
2830 4720 2923 4768 hoc
2947 4709 3262 4784 principium
3291 4722 3365 4765 est
3399 4723 3595 4765 motus.
3631 4709 3786 4763 Prin-

2221 4786 2412 4845 cipium
2444 4798 2610 4839 autem
2643 4783 2717 4839 est
2753 4785 3094 4853 nou-factum.
3134 4783 3219 4835 Ex
3251 4784 3511 4849 principio
3534 4784 3675 4835 enim
3697 4795 3786 4853 tte-

2220 4871 2359 4907 cesse
2383 4868 2454 4909 est
2486 4857 2598 4923 ﬁeri
2626 4873 2774 4909 omne
2806 4848 2941 4923 quod
2985 4855 3040 4922 ﬁt
3064 4893 3078 4916 ,
3129 4848 3297 4923 ipsum
3328 4863 3505 4903 autem
3554 4869 3619 4904 ea:
3644 4848 3785 4902 nullo

2220 4927 2281 4991 ﬁt
2307 4941 2323 4977 :
2352 4943 2469 4978 nam
2488 4922 2537 4978 si
2557 4922 2869 4992 principium
2899 4940 2962 4977 ea:
2987 4924 3164 4991 aliquo
3199 4922 3365 4988 ﬁeret,
3404 4938 3508 4973 non
3546 4922 3692 4992 ﬁeret
3719 4934 3789 4971 ex

2220 4990 2502 5063 principio.
2535 4990 2757 5059 Quando
2804 5010 2922 5047 vero
2976 4990 3301 5063 nonJactum
3338 4999 3457 5046 est.
3508 5008 3601 5063 nec
3652 4990 3786 5063 ideo!

2221 5056 2367 5127 posse
2394 5056 2653 5134 corrumpi
2682 5081 2882 5117 necesse
2908 5075 3002 5117 est.
3057 5056 3120 5115 Et
3147 5060 3302 5134 paulo
3335 5069 3456 5126 post
3489 5076 3503 5111 :
3542 5060 3702 5113 Porro
3737 5056 3787 5110 si

2222 5135 2294 5185 ita
2321 5148 2522 5188 estnon
2548 5132 2694 5187 aliud
2717 5150 2825 5187 esse
2867 5134 2920 5185 id
2963 5134 3099 5200 quod
3145 5132 3369 5194 seipwm
3407 5140 3574 5182 movet
3628 5144 3787 5198 quam

2222 5205 2474 5267 animant,
2516 5222 2715 5257 necesse
2748 5204 2979 5273 profecto
3001 5202 3155 5270 fuerit
3197 5201 3427 5273 animum
3448 5215 3559 5273 esse
3575 5211 3621 5253 et
3648 5214 3786 5273 non:

2225 5275 2418 5341 factum
2462 5266 2507 5327 et
2540 5266 2905 5327 immortalem.
2937 5266 3207 5324 Hactenus
3240 5268 3411 5329 Plato,
3443 5270 3532 5335 qni
3558 5266 3785 5341 tametsi

2225 5336 2327 5397 hoc
2355 5346 2406 5396 in
2446 5346 2563 5399 loco
2613 5345 2846 5397 animam
2877 5342 3202 5408 non-factam
3234 5353 3354 5392 esse
3400 5339 3616 5403 asserit,
3657 5336 3785 5389 alibi

2226 5424 2426 5476 tamen,
2459 5417 2509 5468 in
2539 5414 2732 5467 Timmo
2764 5413 3029 5475 videlicet,
3069 5425 3097 5462 a
3134 5423 3345 5463 summo
3400 5408 3511 5463 Deo
3548 5415 3786 5464 creatam

2224 5483 2391 5537 fuisse
2428 5487 2625 5538 diserte
2650 5483 2822 5536 docet.

2226 5624 2249 5638 κ
2296 5554 2406 5625 (Si)
2443 5556 2533 5608 Sic
2562 5553 2693 5621 Reg.
2721 5565 2775 5607 et
2812 5552 2975 5609 Basil.
3013 5555 3083 5605 At
3128 5546 3294 5603 editio
3325 5545 3592 5603 Commel.
3638 5542 3789 5596 αὐτὰ

2222 5641 2326 5678 οτι.

2296 5695 2407 5763 (55)
2444 5694 2555 5747 Οὐκ
2610 5693 2758 5747 deest
2801 5695 2852 5749 in
2908 5691 3143 5763 editione
3187 5687 3605 5763 Commeliniana
3636 5698 3649 5733 :
3682 5681 3789 5763 sed

2226 5757 2455 5819 habetur
2479 5769 2529 5818 in
2559 5782 2685 5818 mss.
2721 5764 2851 5825 Reg.
2888 5772 2940 5816 et
2978 5760 3139 5815 Basil.
3194 5768 3357 5827 atque
3409 5759 3481 5811 ita
3536 5757 3787 5823 legerunt

2226 5836 2409 5889 Anthr.
2444 5835 2676 5891 Camald.
2720 5846 2771 5889 et
2800 5832 3064 5887 Nannius.
