3978 6498
226 400 325 454 ‘69

1285 408 1370 464 DE
1409 407 1751 465 DECRETIS
1794 411 2093 468 NICJENzE
2137 412 2406 468 SYNODL

3372 418 3477 473 470

227 518 572 588 διηγησάμην
592 536 604 550 ’
642 523 737 574 καὶ
770 521 920 576 αὐτοὶ
943 523 1020 585 δὲ,
1051 524 1208 597 εἴπερ
1231 526 1337 597 ἄρα
1367 527 1640 588 δύνανται,
1674 528 1808 581 ἀπο-

1920 532 2143 601 synodus
2173 533 2270 586 has
2304 546 2462 586 voces
2505 547 2570 585 ex
2602 531 2893 585 substantia
2921 538 2976 584 et
3007 531 3478 588 consubstantialis

231 609 598 676 κρινέσθωσαν
635 613 752 678 πῶς
779 611 934 686 εὗρον
971 618 1068 687 τὴν
1111 618 1354 688 ἄγραφον
1391 619 1598 690 ταύτην
1640 619 1808 684 λέξιν.

231 699 261 768 ἢ
299 699 426 770 ποίᾳ
460 701 672 775 διανοίᾳ
701 705 792 758 τὸν
837 706 967 760 Θεὸν
1013 708 1277 779 ἀγένητον
1326 708 1572 776 λέγουσι’
1627 709 1811 776 διαφό-

237 793 500 865 ρουςαγάρ
550 798 826 867 σημασίας
875 799 1018 870 ἔχειν
1065 800 1124 854 τὸ
1175 801 1346 872 ὄνομα
1398 803 1632 872 ἀκήκοα.
1700 801 1808 854 Λέ-

233 883 416 951 γεσθαι
446 887 557 959 γάρ
590 906 752 957 φασιν
785 891 894 962 (56)
927 893 1186 963 ἀγένητον
1224 894 1285 946 τὸ
1316 895 1482 964 μήπω
1519 894 1619 964 μὲν
1658 892 1811 962 γενό-

238 994 412 1047 μενον,
442 979 743 1052 δυνάμενον
773 983 828 1036 δὲ
878 985 1164 1053 γενέσθαισ
1217 987 1311 1038 καὶ
1353 986 1514 1040 πάλιν
1561 987 1622 1039 τὸ
1675 988 1808 1057 μήτε

237 1068 494 1140 ὑπάρχον,
534 1073 672 1144 μήτε
705 1075 994 1146 δυνάμενον
1021 1077 1099 1139 εἰς
1129 1076 1189 1129 τὸ
1231 1073 1364 1130 εἶναι
1397 1077 1646 1145 γενέσθαι
1668 1095 1680 1107 °
1711 1077 1806 1130 καὶ

243 1161 412 1230 τρίτον
441 1163 590 1217 ἐστὶν
629 1165 791 1218 αὐτοῦ
840 1168 1257 1239 σημαινόμενον,
1299 1169 1360 1222 τὸ
1407 1170 1651 1240 ὑπάρχον
1688 1167 1808 1239 μὲν,

241 1255 372 1324 μήτε
403 1257 459 1310 δὲ
499 1260 749 1328 γενητὸν,
789 1262 923 1332 μήτε
969 1263 1140 1334 ἀρχὴν
1171 1264 1404 1333 ἐσχηκὸς
1436 1265 1515 1327 είς
1543 1265 1604 1316 τὸ
1651 1259 1808 1324 εἶναι,

241 1348 346 1401 ἀλλ’
395 1350 566 1404 ἀΐδιον
594 1351 656 1404 ὃν
703 1353 795 1405 καὶ
840 1353 1186 1423 ἀδιάφθορον.
1219 1355 1378 1418 Ἴσως
1426 1353 1524 1425 μὲν
1571 1350 1662 1407 οὖν
1713 1354 1811 1417 τὰς

242 1438 455 1509 πρώτας
497 1439 592 1494 δύο
627 1442 865 1506 διανοίας
912 1444 1200 1516 παρελθεῖν
1251 1444 1587 1516 ἐθελήσουσι,
1632 1445 1719 1498 διὰ
1749 1445 1810 1497 τὸ

243 1531 444 1584 ἐκεῖθεν
485 1533 598 1604 (57)
643 1535 866 1588 ἄτοπονο
902 1535 1042 1589 κατά
1082 1537 1191 1608 γάρ
1223 1537 1321 1608 τὴν
1373 1535 1614 1608 πρώτην,
1662 1535 1810 1590 ἔσται

243 1623 306 1679 τά
339 1641 399 1676 τε
443 1624 544 1696 ήδη
578 1626 847 1697 γενόμενα
879 1629 972 1682 καὶ
1002 1628 1068 1682 τά
1102 1627 1529 1699 προσδοκώμενα
1561 1627 1811 1696 γενέσθαι

243 1715 506 1786 ἀγένητα·
550 1717 612 1770 τὸ
669 1720 777 1792 γὰρ
829 1719 1079 1792 δεύτερον
1141 1721 1302 1774 πλέον
1350 1721 1464 1791 ἔχει
1517 1721 1704 1774 τούτου
1751 1721 1812 1774 τὸ

244 1805 456 1862 ἄτοπον.
498 1808 620 1862 Ἐπὶ
648 1809 704 1862 δὲ
743 1811 839 1882 τὴν
881 1813 1069 1883 τρίτην
1115 1812 1297 1865 λοιπὸν
1335 1812 1656 1883 βαδιοῦνται,
1692 1813 1809 1864 κατ’

245 1896 406 1969 αὐτὴν
443 1899 801 1972 ὀνομάζοντες
848 1902 909 1955 τὸ
960 1902 1271 1972 ἀγένητον.
1309 1902 1469 1956 Ἀλλά
1515 1904 1608 1956 καὶ
1659 1901 1814 1956 τοῦτο

245 1989 502 2057 λέγοντες,
547 1993 700 2046 οὐδὲν
739 1988 900 2064 ἧττόν
950 1997 1085 2047 εἰσιν
1130 1995 1366 2058 ἀσεϐεῖς.
1400 1995 1459 2048 Et
1493 1994 1600 2065 γὰρ
1630 1993 1691 2046 τὸ
1739 1994 1812 2064 μὴ

247 2081 360 2150 ἔχον
394 2083 568 2155 ἀρχὴν
611 2087 692 2148 εἰς
737 2086 796 2138 τὸ
830 2081 992 2150 εἶναι,
1031 2088 1162 2157 μηδὲ
1216 2087 1441 2157 γενητὸν
1489 2087 1522 2158 ἦ
1575 2086 1812 2149 κτιστὸν,

245 2170 350 2223 ἀλλ’
379 2173 546 2228 ἀΐδιον
567 2173 646 2238 ὂν,
679 2176 834 2230 τοῦτο
864 2177 1107 2246 λέγουσιν
1131 2177 1411 2248 ἀγένητον,
1433 2177 1738 2230 τούναντίον
1757 2176 1813 2228 δὲ

244 2262 419 2316 τοῦτον
449 2263 561 2335 (58)
592 2262 732 2320 εἶναι
772 2268 863 2321 τὸν
895 2269 1026 2322 Θεοῦ
1062 2269 1259 2338 Λόγον·
1296 2269 1377 2332 τίς
1407 2270 1464 2322 οὗ
1495 2271 1690 2340 ωνορᾷ
1718 2268 1814 2340 τὴν

247 2360 572 2428 πανουργίαν
611 2357 720 2412 τῶν
741 2359 1063 2430 Θεομάχων;
1103 2362 1198 2424 Τίς
1220 2362 1318 2414 οὐκ
1351 2360 1414 2414 ἂν
1453 2361 1646 2427 αὐτοὺς
1674 2360 1816 2414 οὕτω

249 2449 597 2518 μαινομένους
623 2450 1046 2505 καταλιθώσειεν
1065 2469 1078 2516 ;
1098 2452 1315 2524 Ἐπειδὴ
1344 2452 1452 2524 γὰρ
1475 2453 1818 2521 αἰσχύνονται

249 2542 534 2613 προφέρειν
561 2543 642 2596 ἔτι
675 2543 744 2598 τὰ
779 2543 969 2616 πρῶτα
990 2545 1097 2598 τῶν
1133 2545 1314 2616 μύθων
1341 2544 1548 2598 ἑαυτῶν
1569 2546 1814 2617 λογάρια,

242 2634 322 2699 ἐφ’
341 2630 421 2696 οἷς
449 2635 926 2706 κατεγνώσθησαν,
955 2636 1129 2699 ἄλλως
1162 2637 1324 2690 πάλιν
1361 2636 1501 2690 αὐτά
1535 2638 1817 2708 σημαίνειν

242 2725 539 2795 ἐπενόησαν
568 2730 617 2780 οἱ
647 2727 867 2782 δείλαιοι
900 2729 986 2781 διά
1015 2728 1108 2782 τοῦ
1137 2729 1395 2800 ὀνόματος
1419 2728 1532 2793 τοῦ,
1562 2729 1637 2793 ὡς
1657 2728 1820 2783 ἀὐτοὶ

240 2811 502 2881 λέγουσιν,
531 2818 816 2888 ἀγενήτου.
843 2819 903 2872 Εἰ
936 2819 1048 2890 γὰρ
1074 2821 1103 2872 ό
1127 2819 1251 2883 Υἱὸς
1280 2820 1388 2872 τῶν
1414 2819 1653 2891 γενητῶν
1682 2821 1816 2883 ἐστι,

240 2904 479 2974 δηλονότι
518 2907 579 2972 ἐξ
611 2911 710 2962 οὐκ
742 2910 907 2964 ὄντων
945 2912 1038 2964 καὶ
1071 2912 1230 2974 αὐτὸς
1260 2912 1447 2980 γέγονε
1468 2929 1480 2942 ·
1517 2911 1610 2964 καὶ
1649 2912 1696 2963 εί
1729 2912 1822 2982 ἀρ-

241 2997 338 3066 κῆν
371 2999 612 3070 ἔχειτοῦ
648 2998 816 3064 εἶναι,
857 3004 956 3056 οὐκ
1001 3000 1068 3074 ἦν
1103 3003 1208 3075 ἄρα
1250 3004 1377 3074 πρὶν
1424 3003 1684 3075 γεννηθῇ
1727 3004 1822 3056 καὶ

240 3092 291 3143 εί
315 3093 388 3164 μὴ
423 3093 573 3146 ἔστιν
599 3095 788 3158 ἀΐδιος,
813 3091 879 3166 ἦν
909 3113 1035 3149 ποτε
1058 3097 1146 3144 ἴτε
1177 3097 1274 3149 οὐκ
1297 3092 1379 3166 ἦν.

1911 636 2270 694 congruenter
2305 626 2410 691 his,
2453 640 2572 695 qua:
2625 639 2692 679 ex
2741 623 3038 691 Scripturis
3082 625 3149 678 de
3192 624 3477 678 Salvatore

1911 719 2048 772 dicta
2075 726 2218 782 sunt,
2247 719 2476 773 ediderit
2507 735 2522 772 :
2559 719 2648 788 qui
2682 719 2808 771 item
2838 716 3025 770 Patres
3059 728 3185 771 ante
3209 717 3474 787 synodum

1909 808 2098 861 iisdem
2137 810 2214 863 usi
2261 809 2459 864 fuerint
2487 825 2502 862 :
2531 809 2628 880 ipsi
2665 817 2866 872 autem,
2901 808 2946 862 si
3003 808 3190 877 utique
3239 807 3474 876 possint,

1910 898 2288 966 respondeant,
2333 913 2566 968 quonam
2609 899 2766 951 modo
2813 899 2914 951 hoc
2956 895 3302 960 vocabulum,
3332 896 3477 964 quod

1909 992 2121 1059 quidem
2159 990 2209 1044 in
2243 990 2523 1058 Scriptura
2551 1005 2658 1044 non
2683 998 2883 1053 exstat,
2912 990 3234 1057 repererint,
3269 987 3351 1041 vel
3374 1001 3481 1054 quo

1911 1097 2071 1136 sensu
2122 1082 2286 1135 Deum
2341 1081 2682 1135 non-factum
2723 1081 2942 1134 dicant:
2975 1081 3243 1148 siquidem
3285 1076 3484 1131 multas

1910 1173 2036 1228 huic
2072 1174 2187 1227 voci
2221 1173 2396 1228 inesse
2435 1174 2858 1243 signiﬁcationes
2891 1173 3091 1227 audivi.
3129 1173 3295 1226 Aiunt
3333 1171 3478 1225 enim

1913 1263 2256 1317 non-factum
2293 1264 2419 1327 dici,
2455 1265 2595 1332 quod
2638 1265 2875 1317 nondum
2929 1263 3132 1318 factum
3166 1272 3270 1328 est,
3301 1267 3484 1332 potest

1911 1363 2091 1408 tamen
2127 1353 2241 1406 ﬁeri
2271 1371 2283 1408 :
2319 1354 2466 1416 item,
2501 1355 2643 1423 quod
2689 1370 2788 1409 nec
2825 1355 3058 1420 exsistit,
3095 1369 3193 1408 nec
3227 1353 3342 1407 ﬁeri
3376 1367 3477 1422 po-

1915 1455 2016 1499 test
2054 1455 2112 1499 ut
2146 1445 2214 1498 sit
2243 1463 2256 1500 :
2293 1445 2473 1509 tertio,
2501 1447 2642 1513 quod
2667 1447 2880 1500 exsistit
2910 1447 3148 1514 quidem,
3175 1461 3273 1500 nec
3301 1454 3479 1499 tamen

1911 1548 1996 1592 est
2042 1538 2268 1600 factum,
2311 1553 2486 1605 neque
2521 1539 2846 1608 principium
2881 1537 3067 1591 habuit
3105 1546 3161 1590 ut
3193 1546 3359 1602 esset,
3387 1537 3481 1591 sed

1911 1631 2052 1700 quod
2079 1640 2341 1684 :eternum
2370 1639 2420 1681 ει
2454 1631 2827 1698 incorruptum
2857 1639 2959 1684 est.
2988 1628 3253 1682 Fortassis
3267 1628 3482 1697 quidetn

1913 1723 2120 1791 priores
2161 1721 2295 1776 duas
2335 1721 2763 1788 signiﬁcationes
2804 1719 3109 1788 rejeceriut,
3155 1719 3224 1772 ob
3267 1735 3328 1773 ea
3365 1733 3484 1788 quae

1916 1812 2039 1866 inde
2072 1813 2411 1882 proveniunt,
2441 1812 2694 1865 absurda.
2737 1812 2792 1867 Si
2822 1812 2964 1866 enim
3010 1813 3183 1881 prima
3233 1813 3488 1866 admitta-

1845 1882 1886 1938 Β
1917 1915 2003 1957 tur
2039 1904 2359 1974 signiﬁcatio
2383 1946 2398 1971 ,
2439 1916 2587 1959 certe
2627 1921 2746 1974 quae
2789 1906 2901 1975 jam
2935 1903 3071 1958 facta
3109 1913 3258 1969 sunt,
3283 1915 3334 1957 et
3360 1918 3487 1974 qua

1919 1997 2032 2050 ﬁeri
2063 1997 2278 2059 debent,
2307 1997 2585 2050 non-facta
2613 2007 2771 2049 erunt
2802 1998 3048 2050 dicenda.
3087 1995 3218 2049 Nam
3247 1996 3388 2065 quod
3419 1994 3488 2046 ad

1917 2088 2205 2141 secundam
2262 2089 2476 2151 attinet,
2523 2105 2585 2142 ea
2625 2089 2810 2154 utique
2853 2087 3023 2152 magis
3057 2087 3228 2140 adhuc
3261 2086 3365 2140 erit
3392 2085 3488 2137 ab-

1917 2181 2098 2234 surda.
2137 2179 2324 2234 Restat
2352 2181 2516 2250 igitur
2545 2190 2600 2232 ut
2631 2183 2843 2234 tertiam
2870 2179 3290 2248 amplectantur,
3325 2188 3487 2245 atque

1919 2287 1982 2326 eo
2009 2287 2166 2324 sensu
2198 2273 2338 2326 hanc
2368 2287 2576 2331 vocem.
2620 2272 2978 2340 non-factum,
3029 2271 3350 2339 intelligant.
3391 2267 3492 2322 Ve-

1924 2381 2040 2419 rum
2069 2367 2279 2419 etiamsi
2314 2366 2363 2418 id
2397 2366 2652 2428 dixerint,
2684 2367 3031 2420 nihilominus
3064 2365 3212 2434 impii
3251 2362 3484 2417 habendi

1924 2469 2068 2513 sint.
2100 2458 2154 2512 Si
2183 2460 2326 2513 enim
2351 2462 2492 2529 quod
2526 2461 2727 2513 nullum
2757 2460 2919 2514 habet
2948 2457 3269 2526 principium
3293 2472 3359 2510 ex
3382 2471 3489 2525 quo

1925 2551 2016 2616 sit,
2053 2551 2301 2620 quodque
2341 2566 2437 2606 nec
2463 2551 2663 2606 factum
2703 2552 2783 2604 vel
2811 2562 3076 2612 creatura,
3107 2549 3198 2603 sed
3229 2559 3487 2603 aeternum

1925 2654 2028 2708 est,
2081 2644 2134 2697 id
2187 2643 2528 2698 no‘n-l‘actnm
2579 2643 2869 2714 appellent,
2926 2644 3362 2710 contendantque
3395 2641 3488 2695 Dei

1929 2731 2160 2786 Verbum
2195 2733 2468 2786 contrario
2502 2747 2560 2787 se
2589 2732 2788 2787 habere
2817 2733 2994 2795 modo,
3015 2732 3126 2796 cui,
3147 2746 3350 2798 quaeso,
3385 2745 3490 2784 non

1926 2823 2207 2890 perspicua
2251 2833 2334 2877 est
2375 2823 2660 2891 itnpiorum
2700 2825 2937 2876 astutia?
2971 2825 3101 2888 Quis
3145 2823 3265 2877 illos
3299 2823 3369 2875 ita
3405 2821 3491 2873 in-

1925 2914 2198 2968 sanientes
2222 2913 2487 2982 lapidibus
2527 2931 2632 2967 non
2671 2915 2902 2968 obruat?
2930 2915 3061 2967 Cum
3102 2914 3244 2968 enim
3283 2913 3492 2981 priores

1927 3021 2145 3060 suarum
2196 3005 2496 3059 fabularum
2548 3005 2788 3069 voculas,
2841 3016 3062 3073 propter
3113 3019 3248 3074 quas
3296 3001 3492 3056 merito

1929 3105 2053 3148 sunt
2078 3095 2443 3156 condemnati,
2469 3093 2579 3163 jam
2611 3093 2853 3162 proferre
2883 3093 3232 3157 erubescant,
3275 3091 3489 3145 easdem

243 3203 426 3244 rursus
456 3189 564 3245 alio
595 3197 772 3254 modo,
806 3191 1023 3246 nomine
1049 3205 1151 3245 non
1180 3191 1405 3257 lacti,ut
1446 3191 1543 3260 ipsi
1578 3191 1893 3260 loquuntur,
1923 3191 2252 3260 excogitato,
2286 3191 2531 3260 ingerere
2592 3198 2716 3243 sunt
2776 3189 2977 3244 conati.
3047 3187 3178 3242 Nam
3221 3187 3264 3241 si
3323 3184 3493 3240 Filius

244 3282 380 3336 inter
413 3297 503 3338 res
549 3282 724 3336 factas
763 3295 1094 3347 nmneretur,
1134 3295 1280 3339 certe
1339 3285 1452 3351 ipse
1500 3300 1715 3353 quoque
1744 3300 1808 3337 ex
1852 3283 2022 3337 nihilo
2050 3293 2132 3338 est
2160 3283 2374 3337 factus:
2409 3283 2453 3336 si
2491 3283 2618 3336 item
2687 3283 3008 3350 principium
3071 3281 3364 3334 exsistendi
3395 3279 3494 3333 ha-

243 3375 344 3434 bet,
383 3392 518 3430 sane
551 3391 658 3427 non
683 3386 802 3428 erat
835 3384 961 3429 ante
995 3391 1154 3445 quam
1190 3376 1404 3444 genitus
1433 3386 1513 3430 est
1542 3393 1556 3430 :
1585 3375 1815 3444 denique
1855 3375 1898 3429 si
1932 3385 2166 3428 :eternus
2215 3389 2318 3427 non
2365 3382 2468 3437 est,
2498 3374 2594 3427 fuit
2625 3374 2912 3442 aliquando
2957 3388 3077 3425 cum
3111 3387 3213 3424 non
3257 3381 3420 3425 esset.

306 3465 392 3521 29.
440 3468 590 3521 Ἔδει
629 3463 744 3528 οῦν,
784 3467 956 3522 ταῦτα
1009 3468 1169 3521 πάλιν
1219 3470 1414 3532 αὐτοὺς
1465 3468 1817 3540 φρονοῦντας,

2001 3467 2159 3538 185
2216 3467 2308 3522 29.
2368 3467 2617 3521 Profecto
2665 3465 2782 3520 illos
2835 3466 2904 3519 ita
2971 3465 3146 3518 denuo
3195 3457 3492 3517 sentientes

241 3560 296 3614 έν
333 3561 520 3625 αὐτοῖς
563 3563 677 3622 τοῖς
719 3559 866 3624 ἰδίοις
911 3559 1088 3613 αὐτῶν
1133 3561 1242 3629 (59)
1293 3563 1498 3631 ῥήμασι
1543 3563 1825 3632 σημαίνειν

242 3653 450 3706 ἑαυτῶν
485 3654 585 3723 τὴν
620 3653 975 3724 έτεροδοξίαν,
1003 3654 1097 3706 καὶ
1133 3653 1206 3724 μὴ
1253 3656 1317 3721 τῇ
1358 3653 1499 3719 λέξει
1529 3653 1689 3723 δῆθεν
1733 3653 1823 3706 τοῦ

242 3747 508 3817 ἀγενήτου
563 3745 788 3798 σκέπειν
839 3745 1044 3798 ἑαυτῶν
1094 3744 1190 3815 τὴν
1243 3746 1550 3800 κακόνοιαν.
1590 3744 1726 3798 Ἀλλ’
1761 3746 1820 3798 οὐ

241 3838 454 3891 ποιοῦσι
488 3836 650 3890 τοῦτο
680 3838 730 3890 οἱ
766 3837 1076 3906 κακοήθεις,
1118 3837 1293 3890 πάντα
1323 3837 1379 3890 δὲ
1421 3836 1559 3890 κατά
1594 3837 1683 3889 τὸν
1717 3853 1822 3889 πα-

240 3929 371 4002 τέρα
409 3929 626 3982 ἑαυτῶν
669 3927 762 3980 τὸν
805 3927 1046 3980 διάϐολον
1095 3926 1230 3996 μετά
1280 3927 1609 3998 πανουργίας
1653 3925 1825 3998 πράτ-

240 4037 439 4073 τουσιν.
485 4019 576 4082 Ὠς
618 4017 727 4089 γάρ
766 4018 971 4079 ἐκεῖνος
1016 4015 1153 4086 μετά
1189 4014 1484 4086 ἀλλοτρίων
1517 4016 1825 4086 ἐνδυμάτων

240 4119 453 4188 ἀπατᾷν
483 4117 771 4186 ἐπιχειρεῖ,
797 4113 968 4176 οὓτως
991 4107 1133 4167 οὗτοι
1161 4112 1220 4165 τὸ
1253 4112 1512 4182 ἀγένητον
1540 4108 1824 4181 ὀνομάζειν

243 4211 562 4281 ἐπενόησαν,
605 4208 714 4269 ἵνα,
757 4203 1209 4276 προσποιούμενοι
1241 4203 1330 4255 τὸν
1364 4204 1495 4256 Θεὸν
1537 4203 1822 4272 εὐφημεῖν,

242 4301 634 4374 κεκρυμμένην
656 4299 821 4368 ἔχωσι
838 4299 936 4368 τὴν
960 4297 1100 4350 κατά
1116 4296 1208 4349 τοῦ
1227 4297 1430 4366 Κυρίου
1457 4294 1823 4366 βλασφημίαν,

243 4395 331 4448 λαὶ
385 4394 526 4466 μετά
589 4391 947 4462 καλύμματος
994 4389 1159 4460 αὐτὴν
1223 4389 1400 4453 ἄλλοις
1466 4388 1822 4459 σημαίνωσιν.

254 4486 407 4539 Ἀλλά
439 4487 535 4539 καὶ
575 4483 768 4537 τούτου
809 4481 900 4535 τοῦ
950 4481 1279 4551 σοφίσματος
1325 4479 1502 4532 αὐτῶν
1544 4477 1653 4546 (40)
1690 4493 1828 4544 γνω-

244 4573 564 4640 σθέντος,’τί
596 4575 704 4644 ἄρα
757 4573 916 4626 πάλιν
955 4573 1136 4635 αὐτοῖς
1180 4571 1366 4641 ’έτερον
1416 4568 1824 4640 περιλείπεται,

243 4668 566 4736 λεγέτωσαν.
607 4666 876 4736 Εὖρομεν,
905 4666 1068 4734 φασιν
1097 4665 1144 4716 oi
1178 4662 1494 4735 κακοῦργοι,
1527 4661 1620 4715 καὶ
1663 4677 1829 4731 προσ.

243 4760 476 4822 τιθέντες
542 4762 655 4822 τοῖς
717 4759 1037 4828 προτέροις·
1066 4756 1314 4824 λέγουσιν
1367 4755 1625 4823 ἀγένητον
1691 4747 1826 4804 εἶναι

1929 3578 2141 3630 :equnm
2169 3569 2286 3614 erat
2319 3560 2508 3613 iisdem
2533 3559 2643 3612 suis
2670 3558 2848 3611 verbis
2870 3557 3140 3625 propriam
3168 3553 3491 3608 sententiam

1926 3652 2258 3721 signiﬁcare,
2289 3666 2392 3703 non
2433 3659 2612 3703 autem
2643 3663 2795 3702 suam
2831 3647 3150 3715 pravitatem
3199 3659 3329 3697 voce
3358 3657 3495 3696 non-

1926 3745 2049 3799 l‘arti
2086 3743 2358 3812 obtegere.
2395 3743 2589 3796 Verum
2632 3739 2683 3794 id
2724 3752 2886 3807 agere
2920 3737 3209 3791 noluerunt
3253 3731 3494 3803 perversi

1925 3837 2192 3898 homines,
2225 3835 2316 3891 sed
2349 3836 2526 3888 omnia
2570 3832 2794 3887 subdole
2821 3830 2886 3883 ad
2938 3829 3244 3897 exemplum
3280 3826 3361 3881 sui
3395 3839 3494 3894 pa-

1927 3929 2024 3982 tris
2048 3928 2245 3981 diaboli
2291 3927 2488 3981 fecere.
2526 3925 2594 3980 Ut
2626 3925 2766 3978 enim
2807 3925 2898 3978 ille
2929 3923 3122 3976 alienis
3148 3921 3366 3974 indutus
3400 3930 3497 3969 ve-

1925 4020 2099 4074 stibus
2144 4020 2330 4074 fallere
2376 4018 2595 4083 nititur;
2635 4019 2705 4072 ita
2742 4018 2826 4072 isti
2874 4014 3196 4070 vocabulum
3229 4007 3496 4064 non-facti

1927 4109 2326 4177 excogitavere,
2381 4117 2437 4161 ut
2470 4109 2629 4178 digne
2679 4107 2744 4161 de
2796 4107 2905 4158 Deo
2961 4103 3105 4170 loqui
3158 4100 3496 4161 simulantes,

1926 4199 2136 4253 occulte
2203 4199 2460 4252 adversus
2515 4198 2798 4250 Dominum
2868 4193 3180 4262 proferrent
3235 4188 3492 4256 blasphe-

1926 4293 2126 4356 miam,
2190 4307 2352 4358 quam
2419 4289 2631 4343 scilicet
2679 4303 2801 4340 eum
2860 4281 3172 4352 huiusmodi
3217 4277 3499 4332 involucro

1929 4380 2052 4432 aliis
2085 4379 2393 4431 iunuerent.
2428 4377 2627 4430 Verum
2659 4391 2780 4429 cum
2822 4374 3096 4441 cognitum
3132 4371 3200 4424 sit
3238 4371 3337 4421 hoc
3377 4366 3500 4418 illo-

1929 4488 2044 4525 rum
2083 4471 2396 4534 artiﬁcium,
2428 4471 2554 4539 quid
2574 4469 2680 4536 jam
2711 4468 2852 4520 aliud
2879 4467 2977 4522 sibi
3010 4464 3245 4534 supersit
3280 4475 3502 4528 respon-

1929 4566 2112 4620 deant.
2154 4565 2488 4625 lnvenimns,
2535 4563 2786 4630 inquiunt
2832 4559 3084 4627 improbi,
3117 4552 3501 4625 quinimirum

1929 4667 2130 4726 prteter
2167 4659 2379 4725 priores
2428 4653 2855 4723 signiﬁcationes
2888 4653 3040 4704 aiunt
3073 4650 3124 4702 id
3164 4645 3500 4701 non-factum

1931 4766 2075 4815 esse,
2109 4751 2251 4818 quod
2284 4765 2391 4804 non
2434 4747 2592 4802 habet
2619 4743 2909 4799 exsistendi
2938 4756 3153 4794 causam
3187 4739 3300 4792 sive
3323 4743 3506 4790 aucto-

242 4851 414 4915 τοῦτο,
459 4851 521 4904 τὸ
574 4849 649 4920 μὴ
699 4849 819 4919 ἔχον
851 4847 941 4902 τοῦ
978 4844 1114 4900 εἶναι
1167 4848 1256 4900 τὸν
1302 4848 1492 4910 αἴτιον,
1543 4845 1676 4899 ἀλλά
1730 4845 1817 4898 καὶ

1933 4857 2068 4906 rem,
2111 4841 2204 4894 sed
2243 4841 2418 4910 ipsum
2455 4838 2614 4891 rebus
2671 4836 2831 4889 factis
2859 4831 3155 4886 exsistendi
3185 4845 3347 4886 causa
3397 4836 3501 4882 est.

243 4945 347 5006 τοῖς
378 4945 631 5012 γενητοῖς
676 4941 837 4992 αὑτὸν
881 4941 1052 4992 αἴτιον
1097 4941 1174 5001 είς
1215 4939 1275 4990 τὸ
1316 4939 1568 5006 γενέσθαι
1618 4938 1821 5006 τυγχά·

242 5050 416 5088 νοντα.
458 5033 770 5103 Ἀχάριστοι
800 5030 894 5084 καὶ
925 5029 1002 5099 τῷ
1035 5030 1146 5081 ὄντι
1179 5028 1284 5080 τῶν
1318 5027 1550 5099 Γραφῶν
1580 5028 1821 5098 ἀνήκοοι,

244 5127 290 5178 οί
325 5126 396 5196 μὴ
431 5126 520 5178 διὰ
564 5123 728 5194 τιμὴν
759 5121 856 5192 τὴν
895 5123 973 5185 εἰς
1013 5121 1102 5174 τὸν
1135 5121 1287 5181 Θεὸν,
1332 5120 1465 5173 άλλά
1497 5119 1584 5172 διὰ
1617 5119 1711 5189 τὴν
1747 5119 1824 5180 είς

245 5219 332 5272 τὸν
356 5219 483 5271 Υἱὸν
513 5215 740 5286 ἀτιμίαν
764 5216 938 5268 πάντα
967 5214 1056 5266 καὶ
1090 5211 1369 5274 ποιοῦντες
1397 5213 1489 5264 καὶ
1515 5210 1822 5272 λαλοῦντες,

245 5310 338 5363 οὐκ
370 5309 603 5369 εἰδότες,
649 5307 730 5358 ὅτι
762 5307 790 5358 ό
822 5305 910 5358 τὸν
944 5303 1068 5356 Υἱὺν
1116 5301 1396 5372 ἀτιμάζων
1435 5301 1689 5370 ἀτιμάζει
1735 5298 1823 5351 τὸν

248 5401 482 5473 Πατέρα.
522 5399 750 5470 Πρῶτον
787 5397 884 5468 μὲν
925 5395 1053 5467 γὰρ,
1096 5393 1196 5447 κᾶν
1233 5393 1373 5446 οὕτω
1407 5393 1494 5445 τὸν
1538 5393 1668 5444 Θεὸν
1709 5392 1824 5443 ὀνο-

252 5494 509 5561 μάζωσιν,
558 5491 621 5544 οὐ
674 5489 947 5543 δείκνυται
999 5486 1106 5540 τῶν
1143 5486 1385 5555 γενητῶν
1416 5487 1444 5537 ὁ
1479 5484 1667 5552 Λόγος.
1714 5483 1824 5552 Τῆς

245 5585 348 5657 γὰρ
391 5585 581 5647 οὐσίας
622 5581 715 5635 τοῦ
762 5580 974 5650 Πατρὸς
1021 5580 1096 5643 ὡς
1139 5579 1384 5648 γέννημα
1454 5575 1637 5639 πάλιν,
1684 5573 1824 5627 οὕτω

315 5724 422 5788 (36)
454 5725 547 5778 Sic
579 5720 967 5792 Regius._Editi
997 5735 1145 5792 vero,
1180 5737 1359 5790 φησιν.

317 5796 522 5919 Quieta
549 5787 692 5863 Reg:
718 5801 772 5848 et
797 5790 960 5848 Basil.
995 5790 1172 5846 Editio
1196 5787 1382 5844 autem
1421 5787 1684 5844 (Iommcl.
1727 5787 1812 5840 διά

340 5883 449 5919 ςκει
489 5882 566 5917 εν.

249 5878 306 5916 τε
340 5871 566 5919 ἐκεῖθεν.

1929 4932 2130 4999 ingrati
2187 4945 2319 4985 sane
2374 4931 2447 4983 illi
2497 4942 2732 4998 vereque
2783 4926 3187 4994 Scripturarum
3245 4919 3500 4991 imperiti,

1931 5027 2023 5098 qui
2057 5041 2160 5080 non
2192 5035 2246 5077 ut
2283 5025 2447 5078 Deum
2488 5025 2774 5084 honorent,
2825 5020 2918 5075 sed
2963 5027 3019 5071 ut
3048 5016 3242 5072 Filium
3277 5011 3504 5083 ignowi-

1932 5117 2020 5171 nia
2051 5115 2308 5176 aﬁieiant,
2341 5113 2471 5165 nihil
2508 5127 2612 5165 non
2659 5110 2865 5164 faciunt
2899 5106 2982 5160 vel
3014 5106 3220 5160 dicunt.
3245 5101 3503 5156 Nesciunt

1932 5207 2183 5260 videlicet
2216 5205 2357 5272 quod
2408 5204 2497 5271 qui
2555 5202 2750 5255 Filium
2797 5199 3022 5268 spernit,
3057 5195 3264 5262 spernit
3306 5201 3357 5246 et
3393 5188 3498 5242 Pa-

1931 5309 2087 5353 trem.
2125 5297 2366 5364 Namque
2399 5298 2596 5364 primo,
2628 5294 2838 5349 etiamsi
2864 5293 3030 5346 Deum
3073 5289 3144 5341 ita
3189 5282 3497 5353 appellave-

1928 5392 2056 5454 rint,
2091 5404 2194 5442 non
2241 5388 2365 5441 inde
2413 5398 2588 5441 tamen
2638 5385 2923 5440 conﬁcitur
2955 5380 3187 5432 Verbum
3238 5390 3302 5428 ex
3337 5372 3496 5426 factis

1930 5481 2091 5534 rebus
2116 5495 2258 5534 esse.
2315 5477 2382 5532 Ut
2433 5479 2575 5532 enim
2618 5477 2728 5544 ipse
2762 5474 2899 5527 fetus
2931 5479 3016 5524 est
3056 5466 3368 5524 substantiae
3393 5463 3496 5518 Pa-

1930 5573 2050 5637 tris,
2083 5571 2161 5626 sic
2184 5572 2322 5641 apud
2357 5569 2504 5623 illum
2537 5576 2798 5638 perpetuo
2827 5563 3062 5618 exsistit.
3089 5559 3198 5615 Nec
3223 5557 3364 5614 enim
3390 5556 3496 5613 hoc

1993 5713 2106 5777 (58)
2141 5712 2280 5780 Lege
2310 5711 2531 5780 τούτων.

1993 5784 2102 5849 (59)
2138 5778 2265 5850 ηυξ.
2302 5778 2528 5832 ἑαυτῶν.

1992 5846 2102 5922 (to)
2134 5846 2228 5906 Sic
2256 5851 2382 5916 ltcg.
2426 5852 2490 5901 At
2518 5849 2606 5903 alii
2641 5857 2692 5903 et
2713 5846 2866 5911 editi,
2897 5846 3099 5908 αὐτοῖς.
