3978 6514
521 425 627 482 467

1124 421 1183 479 S.
1223 418 1591 477 ATHANASII
1630 417 1783 473 OPP.
1824 412 2003 470 PARS
2041 413 2083 468 l.
2123 436 2194 451 --
2230 408 2604 466 HISTORICA
2638 408 2726 470 ΕΤ
2764 404 3177 464 DOGMATICA.

3671 402 3773 458 468

523 545 718 610 lisque
761 538 993 609 primum
1054 536 1385 613 impietatem
1436 534 1571 588 hanc
1616 530 1983 591 inseminavit,
2030 542 2092 581 ac

2212 526 2456 597 ὒμέτερα,
2486 522 2621 577 ἀλλά
2651 522 2820 576 ταῦτα
2850 520 3209 592 γεγράφασιν,
3238 516 3382 588 ἅπερ
3409 514 3460 569 οἱ
3487 513 3583 567 ἀπ’
3605 515 3776 585 ἀρχῆς

522 632 686 688 etiam
726 645 869 684 nunc
889 628 1079 685 suadet
1102 637 1158 681 ut
1189 629 1580 683 mcumenicam
1612 624 1877 694 synodum
1903 622 2095 675 vestris

523 720 829 776 maledictis
876 719 1240 780 insectemini,
1291 718 1412 787 quia
1467 715 1717 770 videlicet
1764 730 1869 768 non
1918 722 2094 767 vestra

524 813 617 866 sed
657 812 747 865 illa
784 810 1063 865 deﬁnierit
1116 826 1237 879 qua:
1287 811 1355 862 ab
1409 808 1561 862 initio
1614 807 1884 860 tradidere
1933 813 2095 858 testes

524 902 726 957 oculati
756 903 845 972 qui
878 912 932 957 et
959 902 1190 955 ministri
1219 900 1376 954 Verbi
1409 900 1577 955 fuere.
1612 899 1747 953 Nam
1773 898 1903 954 ﬁdes
1931 911 2092 967 quam

528 994 767 1064 synodus
812 993 1017 1061 scripto
1054 994 1301 1048 confessa
1332 1000 1436 1053 est.
1473 993 1585 1060 ipsa
1631 1006 1759 1045 vere
1799 1000 1881 1042 est
1907 988 2090 1042 catho~

529 1086 649 1142 lica:
709 1085 979 1151 Ecclesiae,
1027 1101 1184 1151 quam
1242 1094 1299 1137 ιιι
1344 1092 1645 1150 tuerentur,
1680 1083 1877 1151 placuit
1927 1078 2096 1135 beatis

532 1176 784 1232 Patribus
838 1178 910 1231 ita
953 1176 1209 1239 scribere,
1246 1176 1613 1244 Arianamque
1662 1173 1911 1227 haeresim
1950 1185 2094 1225 icon-

529 1269 805 1323 demnare.
861 1270 993 1323 llinc
1056 1268 1126 1323 illi
1191 1269 1526 1338 potissimum
1578 1269 1645 1321 ob
1695 1267 1832 1320 hanc
1877 1277 2093 1317 causam

530 1362 794 1432 synodum
837 1360 1157 1415 caluumiari
1200 1368 1491 1413 conantur.
1543 1358 1676 1411 Nam
1716 1372 1819 1411 non
1856 1364 1960 1408 tam
1998 1353 2097 1405 bu—

2196 618 2458 671 αὐτόπται
2487 615 2579 668 καὶ
2622 613 2891 685 ὑπηρέται
2922 612 3014 663 τοῦ
3065 610 3240 677 Λόγου
3286 607 3571 677 γενόμενοι
3605 622 3779 676 παρα-

2192 710 2503 764 δεδώκασιν.
2536 708 2637 759 Ἢν
2665 706 2773 775 γάρ
2811 708 2843 775 ἡ
2875 704 3090 765 σύνοδος
3131 700 3429 772 ἐγγράφως
3461 698 3781 768 ὡμολόγησε

2194 804 2397 864 πίστιν,
2442 800 2580 869 αῦτη
2622 799 2719 869 τῆς
2772 797 3064 866 καθολικῆς
3098 794 3425 864 Ἐκκλησίας
3460 790 3601 844 ἐστί.
3635 789 3781 842 Ταῦ·-

2191 908 2288 961 την
2316 888 2652 950 ἐκδικοῦντες
2678 888 2725 939 οἱ
2760 887 3014 956 μακάριοι
3044 884 3287 955 Πατέρες
3312 882 3483 945 οὕτως
3512 880 3782 950 ἔγραψαν,

2202 985 2296 1036 καὶ
2328 981 2653 1050 κατέκριναν
2679 979 2776 1048 τὴν
2812 978 3091 1049 Ἀρειανὴν
3132 977 3346 1046 αἵρεσιν
3368 992 3380 1004 ·
3417 974 3499 1027 διὸ
3548 972 3785 1043 μάλιστα

2202 1076 2296 1129 καὶ
2340 1074 2642 1128 διαϐάλλειν
2695 1072 2791 1143 τὴν
2840 1071 3055 1125 σύνοδον
3094 1068 3486 1140 ἐπιχειροῦσιν.
3548 1067 3625 1119 Οὐ
3678 1065 3786 1136 γὰρ

2200 1168 2255 1221 αἱ
2291 1167 2461 1232 λέξεις
2501 1167 2694 1227 αὐτοὺς
2724 1163 3002 1227 λυποῦσιν,
3034 1162 3147 1215 ἀλλ’
3189 1163 3274 1214 ὅτι
3308 1162 3366 1213 ἐν
3400 1159 3594 1222 αὑταῖς
3648 1158 3785 1210 ἀπε-

2202 1255 2487 1326 δείχθησαν
2522 1255 2808 1327 αἱρετικοὶ,
2838 1254 2932 1306 καὶ
2974 1252 3081 1305 τῶν
3131 1252 3308 1305 ἄλλων
3356 1250 3625 1320 αἱρέσεων
3676 1245 3783 1315 (52)

2200 1349 2290 1400 τολ
2297 1365 2370 1418 μη
2380 1348 2497 1419 ρότε
2505 1365 2586 1419 ροι
2595 1387 2606 1399 .

525 1449 760 1519 jusmodi
806 1451 1132 1506 dintionibus
1180 1451 1515 1517 cruciantur,
1561 1464 1722 1519 quam
1780 1444 1922 1516 quod
2004 1440 2128 1497 inde
2202 1441 2438 1495 convicti
2488 1447 2613 1495 sunt
2670 1452 2777 1493 non
2831 1436 3003 1492 solum
3048 1437 3287 1492 haeretici
3318 1451 3463 1504 esse,
3518 1435 3618 1491 sed
3664 1433 3784 1487 aliis

528 1544 694 1599 etiam
730 1544 1000 1598 haereticis
1037 1544 1375 1597 audaciores.

520 1632 526 1689 Ξ
600 1632 691 1686 28.
734 1630 921 1700 itaque
969 1648 1092 1686 cum
1139 1647 1264 1688 suas
1313 1633 1431 1687 illas
1479 1630 1700 1687 voculas
1740 1630 1923 1685 futiles
1974 1644 2093 1685 esse

2263 1634 2353 1690 28.
2404 1634 2619 1705 Ἀμέλει
2650 1631 2758 1685 τῶν
2795 1631 3062 1698 λεεειδίων
3096 1631 3276 1685 αὐτῶν
3314 1631 3639 1701 δειχθέντων
3664 1630 3783 1685 τότε

534 1732 663 1779 tunc
696 1732 925 1793 pateret,
974 1738 1206 1793 cumque
1254 1733 1362 1777 tam
1411 1722 1568 1778 facile
1616 1738 1800 1777 eorum
1852 1722 2099 1789 impietas

533 1830 752 1885 semper
768 1817 1202 1883 convinceretur,
1224 1832 1407 1871 vocem
1431 1815 1591 1887 184
1614 1816 1902 1886 ἀγενήτου,
1920 1814 1970 1868 id
1993 1824 2097 1881 est,

534 1922 641 1964 non
672 1907 819 1974 facti,
860 1924 889 1962 a
922 1909 1125 1964 Graecis
1149 1926 1242 1964 seu
1277 1908 1579 1963 Gentilibus
1609 1918 1734 1963 sunt
1758 1909 2007 1971 mutuati,
2043 1915 2101 1959 ut

534 1998 841 2067 huiusmodi
878 2000 1044 2055 innixi
1075 2002 1337 2058 vocabulo
1372 2017 1558 2056 rursus
1582 2002 1720 2055 inter
1739 2015 1823 2055 res
1841 2000 2010 2054 factas
2049 2007 2103 2054 et

534 2100 749 2145 creatas
779 2091 868 2145 Dei
909 2092 1164 2159 Verbum,
1196 2108 1294 2162 per
1322 2092 1461 2162 quod
1500 2108 1586 2146 res
1612 2093 1741 2159 ipsa:
1772 2091 1921 2144 facta:
1953 2102 2098 2153 sunt,

534 2191 917 2236 numerarent:
945 2193 1092 2238 tanta
1124 2200 1311 2239 eorum
1341 2194 1422 2239 est
1470 2185 1520 2237 in
1569 2184 1785 2251 propria
1828 2182 2103 2250 impietate

533 2274 824 2328 asserenda
847 2274 1196 2344 impudentia,
1220 2285 1435 2329 tantavc
1459 2274 1750 2342 pertinacia
1776 2274 1826 2325 in
1855 2270 2103 2340 blasphe-

535 2364 663 2420 niis
692 2365 951 2420 adversus
989 2367 1273 2421 Dominum
1306 2365 1661 2435 proferendis.
1697 2364 1752 2418 Si
1791 2365 1952 2433 igitur
1985 2373 2105 2417 tan-

536 2466 651 2511 tam
700 2472 810 2526 prae
851 2473 907 2511 se
941 2457 1120 2513 ferunt
1158 2458 1566 2526 impudentiam,
1605 2457 1727 2525 quia
1770 2455 1926 2524 huius
1959 2456 2104 2512 vocis

537 2548 991 2615 signiﬁcationem
1048 2552 1317 2620 ignorant,
1360 2565 1491 2605 sane
1550 2550 1602 2603 id
1647 2552 1713 2604 ab
1760 2550 1845 2604 his
1886 2550 2036 2618 ipsis,
2073 2564 2103 2603 a

539 2640 736 2708 quibus
766 2656 883 2694 eam
922 2656 1205 2710 accepere,
1232 2641 1578 2697 ediscendum
1633 2653 1768 2695 erat.
1814 2639 1875 2693 lli
1914 2655 2106 2709 nempe

540 2740 778 2785 mentem
809 2746 969 2801 quam
1005 2747 1071 2786 ex
1102 2732 1262 2796 bono,
1289 2744 1343 2786 et
1381 2733 1616 2785 animam
1648 2747 1809 2801 quam
1832 2746 1898 2785 ex
1928 2742 2107 2785 mente

541 2835 661 2875 esse
691 2822 863 2884 aiunt,
905 2823 1151 2891 quamvis
1189 2826 1329 2877 unde
1361 2823 1461 2877 illae
1495 2824 1601 2877 sint
1646 2825 1723 2876 eis
1769 2838 1872 2875 non
1919 2822 2104 2885 lateat,

543 2918 722 2963 tamen
756 2909 1059 2965 non-factas
1088 2913 1266 2967 dicere
1293 2913 1422 2967 nihil
1441 2923 1563 2966 sunt
1584 2913 1767 2978 veriti,
1798 2928 1901 2966 non
1930 2913 2100 2981 ignari

2201 1726 2436 1795 φαύλων,
2470 1726 2566 1779 καὶ
2607 1726 2693 1778 ἀεὶ
2744 1725 2801 1778 δὲ
2850 1724 3183 1793 εὑελέγκτων
3229 1724 3399 1777 ὄντων
3437 1723 3514 1786 ὡς
3550 1724 3781 1787 ἀσεϐῶν,

2200 1819 2497 1889 ἐχρήσαντο
2557 1817 2685 1887 παρ’
2749 1816 3014 1887 Ἐλλήνων
3074 1815 3258 1868 λοιπὸν
3319 1815 3416 1885 τὴν
3482 1814 3631 1878 λέξιν
3691 1814 3782 1867 τοῦ

2200 1911 2462 1979 ἀγενήτου
2508 1910 2639 1980 (55),
2688 1909 2777 1963 ἵνα
2824 1909 3089 1980 προφάσει
3134 1908 3228 1960 καὶ
3283 1906 3477 1960 τούτου
3528 1905 3625 1959 τοῦ
3667 1906 3784 1958 ὀνό-

2204 2019 2370 2072 ματος
2425 2004 2480 2055 ὲν
2536 2003 2647 2064 τοῖς
2694 2003 2937 2069 γενητοῖς
2986 2000 3147 2054 πάλιν
3197 2000 3291 2053 καὶ
3346 2002 3460 2062 τοῖς
3521 1999 3784 2068 κτίσμασι

2204 2093 2577 2165 συναριθμῶσι
2624 2093 2714 2146 τὸν
2748 2094 2841 2147 τοῦ
2888 2093 3022 2147 Θεοῦ
3080 2092 3272 2159 Λόγον,
3314 2090 3381 2142 δι’
3410 2083 3474 2142 οὗ
3528 2088 3674 2142 αὑτά
3718 2086 3784 2140 τὰ

2203 2185 2404 2256 γενητά
2454 2185 2707 2253 γέγονεν’
2756 2185 2927 2248 οὓτως
2976 2185 3082 2237 εἰσὶ
3130 2183 3267 2255 πρὸς
3321 2182 3584 2236 ἀσέϐειαν
3632 2179 3755 2234 aut

2205 2294 2447 2348 σχυντοι,
2491 2279 2583 2331 καὶ
2618 2277 2752 2348 πρὸς
2782 2277 2881 2339 τὰς
2913 2275 3005 2328 τοῦ
3041 2276 3249 2345 Κυρίου
3303 2274 3660 2345 βλασφημίας
3699 2291 3784 2343 φι-

2202 2368 2450 2422 λόνεικοι.
2492 2368 2553 2421 Εί
2609 2369 2704 2438 μὲν
2746 2364 2858 2431 οῦν,
2881 2366 3197 2435 ἀγνοοῦντες
3246 2365 3307 2418 τὸ
3354 2364 3567 2434 ὄνομα,
3619 2363 3786 2427 οὕτως

2204 2459 2665 2529 ἀναισχυντοῦσιν,
2694 2460 2799 2511 ἔδει
2832 2458 3020 2529 μαθεῖν
3055 2458 3249 2520 αὐτοὺς
3277 2456 3428 2527 παρὰ
3457 2456 3569 2509 τῶν
3610 2458 3787 2519 αὐτοῖς

2204 2550 2507 2604 δεδωκότων
2533 2550 2683 2613 αὐτὸ,
2715 2551 2796 2603 ὅτι
2814 2551 2923 2617 (35)
2948 2549 3041 2603 καὶ
3059 2549 3116 2601 ὃν
3139 2549 3389 2616 λέγουσιν
3414 2548 3481 2599 ὲκ
3509 2546 3607 2600 τοῦ
3655 2548 3787 2614 ἀγαο

2206 2638 2298 2691 θοῦ
2336 2640 2459 2693 νοῦν
2508 2641 2600 2692 καὶ
2636 2639 2733 2709 τὴν
2779 2641 2842 2691 ὲκ
2874 2638 2965 2692 τοῦ
3016 2638 3105 2691 νοῦ
3140 2637 3337 2708 ψυχὴν,
3390 2638 3571 2691 καίτοι
3624 2635 3783 2704 γινώ-

2208 2747 2426 2795 σκοντες
2468 2732 2529 2784 τὸ
2574 2731 2631 2798 ἐξ
2678 2728 2752 2783 ὧν
2795 2733 2949 2793 εἰσιν,
2983 2731 3083 2783 οῦκ
3126 2728 3477 2800 ἐφοϐήθησαν
3511 2730 3665 2799 ὅμως
3698 2728 3787 2780 καὶ

2207 2823 2347 2876 αῦτά
2390 2827 2562 2877 εἰπεῖν
2611 2824 2865 2893 ἀγένητα,
2894 2822 3121 2886 εἰδότες,
3151 2822 3254 2883 ὅτι,
3282 2821 3379 2873 καὶ
3408 2821 3574 2874 τοῦτο
3605 2820 3785 2887 λέγον-

2207 2934 2318 2979 τες,
2351 2919 2450 2970 οὐκ
2490 2915 2769 2969 ἐλαττοῦσι
2799 2916 2859 2968 τὸ
2897 2915 3132 2986 πρῶτον,
3177 2910 3236 2977 ἐξ
3264 2908 3323 2967 οῦ
3357 2914 3451 2965 καὶ
3483 2912 3663 2966 ταῦτα
3694 2910 3790 2964 πέ-

539 2998 750 3054 scilicet
780 3016 839 3054 se
874 3001 973 3056 hoc
1006 3003 1284 3067 vocabulo,
1313 3002 1444 3057 nihil
1490 3003 1554 3057 de
1602 3003 1774 3070 primo
1816 3003 2103 3072 principio,

2212 3027 2378 3078 φυκε·
2412 3010 2505 3062 καὶ
2532 3009 2563 3078 ἦ
2594 3010 2685 3061 καὶ
2714 3007 2909 3071 αὐτοῦς
2940 3006 3080 3059 οὕτω
3121 3006 3319 3073 λέγειν,
3350 3004 3383 3075 ἢ
3424 3004 3677 3074 μηδόλως
3705 3003 3787 3055 λέ-

539 3107 605 3147 ex
642 3108 750 3163 quo
799 3094 926 3163 ipsa!
967 3111 1179 3165 quoque
1230 3109 1433 3152 exorta:
1474 3106 1622 3161 sunt,
1669 3097 1972 3152 detrahere.
2009 3095 2106 3161 ita,

540 3181 786 3251 inquam,
817 3183 934 3239 illos
964 3201 1176 3255 quoque
1210 3186 1352 3253 loqui
1388 3190 1632 3250 decebat,
1656 3196 1747 3240 aut
1791 3198 1938 3241 certe
1964 3187 2108 3240 nullo

543 3276 701 3331 modo
734 3277 799 3332 de
841 3278 924 3332 bis
948 3294 1064 3348 qua:
1096 3280 1360 3348 ignorant,
1398 3281 1682 3333 disserere.
1719 3279 1871 3345 Quod
1907 3280 1950 3333 si
1978 3280 2107 3348 quid

541 3366 657 3420 huic
695 3382 797 3421 vox
834 3370 1121 3439 signiticet,
1168 3385 1228 3425 se
1280 3372 1580 3439 intelligere
1624 3380 1838 3436 putant,
1882 3388 2106 3427 necesse

542 3458 765 3513 omnino
796 3469 877 3513 est
910 3471 965 3513 ut
1000 3462 1142 3529 ipsos
1177 3462 1594 3529 interrogemus,
1630 3463 1864 3518 maxime
1892 3478 2013 3516 cum
2046 3480 2107 3517 ea

544 3564 612 3603 ex
637 3551 830 3606 divinis
862 3552 1057 3607 litteris
1077 3570 1179 3608 non
1208 3554 1277 3609 sit
1300 3553 1661 3618 collecta,sed
1687 3555 1829 3608 nulla
1866 3554 1939 3608 illi
1966 3554 2114 3610 Scri-

547 3654 719 3710 ptime
755 3647 1075 3701 auctoritate
1106 3646 1219 3701 fulti
1257 3662 1353 3717 pro
1381 3647 1494 3714 ipsa
1532 3656 1787 3716 pugnent.
1826 3648 2113 3702 Enimvero

550 3746 651 3799 ego
683 3735 900 3804 quidem
946 3738 1243 3793 memoravi
1292 3754 1395 3808 qua
1431 3738 1497 3792 de
1531 3753 1691 3793 causa
1730 3753 1907 3807 quove
1949 3753 2111 3794 sensu

624 3946 734 4021 (52)
764 3946 941 4021 Editio
990 3948 1345 4021 Parisiensis',
1393 3952 1699 4021 αἱρετικῶν.
1757 3953 1825 4006 At
1876 3970 2005 4010 mss.
2058 3964 2112 4009 et

552 4018 719 4071 editio
771 4018 1030 4071 (lauitnel.
1072 4020 1358 4090 αἱρέσεων.
1412 4018 1770 4078 Nihilominus
1830 4024 2111 4080 commode

558 4090 804 4141 redditur
835 4101 928 4153 per
962 4104 1143 4142 vocem
1178 4091 1455 4143 Itwreticis.

627 4157 734 4233 (55)
764 4156 853 4233 Sic
885 4157 1014 4233 lleg.
1045 4170 1094 4211 et
1127 4159 1314 4233 _Basil._
1342 4161 1424 4214 hic
1456 4171 1508 4213 et
1557 4162 1827 4233 deinceps.
1864 4163 1936 4217 lta
1975 4179 2111 4232 quo-

554 4244 661 4296 que
718 4228 842 4351 legit
892 4229 1208 4310 Atiilirositts
1277 4228 1759 4294 Camaldulensisf
1796 4236 1883 4303 qui
1942 4228 2111 4297 ipsam

554 4312 738 4351 vocem
819 4312 1008 4351 raucam
1050 4315 1101 4351 tn
1154 4315 1248 4351 sua
1284 4302 1527 4351 versione
1584 4306 1793 4351 retinet-
1849 4304 1902 4351 In
1949 4304 2111 4351 Regio

554 4312 738 4353 vocem
767 4298 1008 4351 Graecam
1050 4301 1101 4352 in
1154 4315 1248 4352 sua
1284 4302 1527 4355 versione
1584 4298 1902 4357 retinetfln
1949 4304 2115 4367 Regio

555 4368 739 4443 codice
786 4367 991 4443 aliquot
1018 4368 1077 4443 in
1118 4369 1250 4422 locis
1292 4385 1354 4424 ea
1383 4388 1480 4443 vox
1506 4387 1627 4426 cmn
1659 4374 1853 4443 duplici
1879 4392 1905 4425 ν
1940 4374 2113 4426 fuerat

555 4438 779 4507 scripta,
812 4440 903 4490 sed
961 4438 1156 4492 ibidem
1205 4455 1312 4494 uno
1363 4442 1539 4495 deleto
1573 4438 1851 4497 emendata
1883 4451 1981 4497 est.
2016 4442 2114 4496 Le-

555 4513 785 4590 gendutn
815 4522 933 4561 esse
966 4509 1438 4590 ἀγενήτουρςιιςι,
1470 4512 1742 4590 quiahaac
1764 4530 1864 4567 vox
1891 4514 2116 4581 Opponi-

2210 3120 2327 3171 γειν
2359 3102 2485 3171 περὶ
2514 3094 2587 3153 ὧν
2614 3101 2713 3153 οὐκ
2754 3100 2958 3152 ῖσασιψ
2992 3100 3039 3150 εί
3070 3099 3125 3151 δὲ
3164 3095 3445 3168 νομίζουσι
3476 3094 3784 3162 γινώσκειν,

2210 3194 2503 3261 ἀναγκαῖον
2564 3190 2757 3252 αὐτοὺς
2832 3188 3144 3259 ἐρωτῆσαι,
3203 3186 3321 3238 ὲπεί
3384 3184 3629 3253 μάλιστα
3698 3182 3786 3234 καὶ

2208 3283 2309 3335 οὐκ
2344 3282 2451 3351 (55)
2485 3280 2629 3332 ἔστιν
2659 3282 2721 3331 ἐκ
2761 3278 2866 3331 τῶν
2913 3277 3069 3330 θείων
3114 3277 3151 3327 Γ
3156 3275 3342 3347 ραφῶν
3453 3274 3624 3341 λέξις,
3655 3274 3786 3326 ἀλλά

2213 3372 2374 3423 πάλιν
2414 3372 2676 3442 ἀγράφως
2713 3368 2999 3431 λαλοῦντες
3038 3366 3451 3436 φιλονεικοῦσιν.
3502 3364 3648 3433 Ἐγὼ
3693 3365 3786 3435 μὲν

2212 3463 2320 3534 γὰρ
2344 3462 2441 3533 τὴν
2482 3463 2658 3515 αἰτίαν
2686 3463 2777 3515 καὶ
2806 3460 2901 3532 τὴν
2941 3460 3197 3524 διάνοιαν,
3233 3458 3353 3511 καθ’
3395 3459 3463 3530 ἢν
3502 3460 3535 3529 ἡ
3576 3458 3788 3520 συνόδος

2213 3556 2272 3610 τὸ
2297 3556 2364 3609 ἐκ
2394 3555 2503 3622 τῆς
2529 3556 2741 3619 οὐσίας
2770 3554 2860 3607 καὶ
2886 3554 2948 3606 τὸ
2984 3553 3307 3622 ὀμοούσιον
3335 3548 3651 3620 συμφώνως
3680 3553 3787 3612 τοίς

2214 3650 2279 3700 ἐκ
2310 3646 2418 3699 τῶν
2451 3648 2680 3717 Γραφῶν
2719 3646 2844 3717 περὶ
2889 3645 2981 3699 τοῦ
3016 3644 3267 3716 Σωτῆρος
3314 3644 3660 3714 εἰρημένοις,
3699 3642 3788 3693 καὶ

2215 3737 2329 3789 ὅσοι
2393 3736 2500 3807 πρὸ
2565 3737 2741 3790 αὐτῶν
2790 3736 3031 3803 ἐξέθεντο
3074 3735 3313 3805 Πατέρες
3367 3734 3461 3788 καὶ
3521 3733 3785 3805 ἔγραψαν,

2214 3952 2313 4007 οῦκ
2374 3954 2439 4007 ἂν
2497 3954 2557 4019 ἐξ
2595 3955 2766 4026 ἀρχῆς
2826 3950 3357 4026 γίγνοιτοηἜπειδὴ
3406 3950 3787 4026 δὲ’-ἀγένητόν

2216 4028 2352 4085 ἐστι.
2389 4026 2482 4077 καὶ
2513 4018 3232 4095 ἀδιαφθόροναῦτὸῌάνάγκη
3262 4018 3422 4095 εἶναι.
3478 4020 3546 4095 Et
3598 4018 3789 4095 paucis

2219 4095 2511 4163 interjectis
2550 4114 2562 4148 :
2597 4090 2661 4147 Εί
2693 4090 2889 4148 δ”ἔστι
2922 4092 3075 4163 τοῦτο
3112 4090 3715 4163 οὕτωςίέχονημὴᾲάλλο
3738 4107 3789 4142 τι

2218 4160 2369 4216 εἶναι’
2395 4166 2453 4217 τὸ
2492 4166 2621 4218 αὐτὸ
2678 4165 2809 4217 αὐτὸ
2871 4162 3050 4217 κινοῦν
3095 4161 3127 4230 ἢ
3167 4160 3379 4229 ψυχὴν,
3421 4160 3479 4225 ἐξ
3549 4160 3789 4230 ἀνάγκης

2218 4234 2478 4305 ἀγένητόν
2540 4248 2595 4288 τε
2636 4236 2729 4288 καὶ
2782 4234 3073 4305 ἀθάνατον-γ
3107 4228 3273 4300 ψυχή
3302 4228 3375 4305 ἀν
3421 4232 3529 4305 sit}.
3569 4228 3625 4280 ld
3660 4228 3783 4283 est:

2223 4300 2404 4357 Omnis
2435 4307 2613 4357 anima
2661 4314 2737 4357 est
2794 4300 3125 4355 immortalis.
3171 4300 3323 4365 Quod
3387 4301 3529 4352 enim
3593 4314 3789 4364 semper

2224 4384 2477 4433 mouetur,
2514 4374 2805 4427 immortale
2834 4384 2908 4425 est
2936 4388 2953 4425 :
2982 4374 3117 4437 quod
3166 4382 3336 4422 autem
3394 4382 3565 4421 movet
3624 4368 3785 4430 almd,

2221 4454 2265 4495 et
2296 4444 2358 4494 ab
2387 4444 2492 4496 alio
2524 4456 2773 4505 movetur,
2827 4443 3241 4511 quandoquidem
3301 4438 3457 4511 ﬁnem
3488 4439 3641 4511 habet
3682 4453 3789 4511 tuo:

2223 4524 2327 4571 tus.
2357 4506 2855 4583 vita’qunqueﬁnem
2886 4506 3054 4563 habet.
3087 4509 3460 4583 Solumigitur
3490 4510 3627 4561 illud
3653 4506 3789 4583 quod

557 4590 644 4631 tur
671 4579 784 4632 VOtfl
836 4579 1063 4647 γενητοῦ
1088 4576 1189 4642 ,ἰιι
1246 4576 1297 4633 in
1350 4576 1728 4636 Admonitione
1776 4576 2115 4638 observatum
2151 4576 2193 4631 D
2222 4588 2444 4643 seipsum
2487 4576 2668 4646 movet,
2698 4576 2818 4646 quia
2860 4584 3082 4648 seipsum
3122 4596 3223 4631 non
3250 4578 3462 4641 deserit,
3486 4594 3551 4630 ne
3600 4576 3787 4630 mereri

556 4658 659 4722 est.
693 4648 955 4722 l’razterea
987 4650 1219 4719 Cyrillus
1254 4651 1667 4716 Alexandrinus,
1699 4656 1788 4722 qui
1854 4654 1903 4706 id
1956 4668 2118 4705 voca-

560 4717 741 4789 bulum
774 4720 825 4770 in
854 4717 1137 4784 Thesauro,
1168 4724 1462 4774 assertione
1490 4724 1657 4789 prima
1680 4763 1694 4783 ,
1718 4717 1907 4777 eodem
1962 4723 2121 4775 modo

559 4788 950 4865 explicitumque
982 4791 1121 4865 inira
1163 4788 1516 4865 Atlmnasius,
1555 4793 1680 4865 illud
1723 4809 1815 4861 per
1846 4796 2062 4865 unirtnn
2092 4808 2121 4841 ν

559 4857 770 4933 scribit.
811 4857 943 4933 Hinc
975 4862 1136 4912 etiam
1182 4862 1347 4933 editio
1382 4857 1808 4915 Commeliniana
1852 4873 1905 4933 et
1958 4860 2119 4933 Pari—

560 4926 756 5000 sicnsis
780 4928 967 5000 __paulo
1003 4938 1123 5000 post
1169 4928 1408 5000 ἀγένητα
1442 4946 1533 4995 per
1567 4934 1780 4985 unicum
1826 4949 1853 4983 ν
1885 4931 2117 4993 habent;

561 4992 690 5073 licet
742 4994 949 5073 aliis-in
1002 4992 1130 5073 locis
1183 4992 1673 5073 litig't'ocalntlttttt
1731 5016 1823 5068 per
1871 5002 2063 5067 duplex
2095 5017 2122 5050 ν

561 5064 829 5119 scribant.
860 5066 1021 5119 l’nrro
1042 5067 1176 5120 forte
1208 5084 1236 5119 a
1266 5068 1487 5121 Platone
1529 5071 1665 5124 hanc
1694 5064 1981 5123 dictionem
2008 5085 2124 5120 mu-

564 5134 696 5186 tuati
730 5146 855 5186 sunt
882 5136 1065 5188 Ariani
1113 5155 1126 5190 :
1160 5138 1207 5190 is
1246 5141 1388 5191 enim
1416 5140 1468 5191 in
1500 5138 1726 5192 Pltwdro
1756 5143 1989 5193 animam
2047 5138 2124 5190 ait

560 5218 681 5259 esse
710 5204 990 5276 ἀγένητον,
1021 5221 1140 5274 qua:
1178 5222 1277 5259 vox
1318 5223 1528 5275 quoque
1555 5225 1647 5276 per
1674 5225 1833 5261 unmn
1877 5228 1904 5262 ν
1930 5209 2121 5262 ibidem

540 5276 836 5346 scribitur.
890 5274 1013 5346 [lare
1064 5288 1197 5346 sunt
1249 5274 1485 5330 Platonis
1532 5274 1691 5331 verba
1739 5281 1942 5332 εΠᾶσα
1980 5276 2124 5346 ψυχὴ

557 5342 844 5417 ἀθάνατος.
891 5344 965 5417 Τὸ
988 5416 993 5417 ί
1015 5344 1123 5417 γάρ
1151 5345 1466 5417 ἀεικίνητον
1510 5347 1802 5401 ἀθάνατον’
1834 5350 1893 5402 τὺ
1929 5348 1971 5401 δ’
1994 5342 2126 5400 ’ἄλλο

561 5415 765 5488 κινοῦν,
824 5416 919 5468 καλ⁸
1131 5416 1289 5488 ἄλλου
1358 5415 1692 5485 κινούμενον,
1754 5420 1962 5471 παῦλαν
2006 5418 2124 5488 ἕχον

562 5486 846 5559 κινήσεως,
878 5485 1103 5559 παῦλαν
1122 5486 1231 5557 ἔχει
1272 5486 1434 5557 ζωῆς.
1464 5490 1635 5559 Μόνον
1668 5489 1732 5559 δὴ
1773 5491 1832 5541 τὸ
1865 5488 1995 5543 αὐτὸ
2035 5485 2126 5559 κικ-

544 5553 704 5639 1νοῦν,
739 5557 959 5639 (ire.on
986 5553 1273 5639 ἀπολεῖἇτον
1306 5553 1490 5639 έαῦτὸν
1510 5601 1523 5620 ,
1551 5553 1744 5612 οὔποτε
1776 5560 1929 5630 λήγει
1960 5558 2129 5637 κινρύ-

566 5641 753 5695 μενον·
805 5626 938 5680 ἀλλά
994 5630 1086 5680 καὶ
1146 5632 1257 5691 τοῖς
1302 5630 1499 5691 ἄλλοις,
1533 5631 1630 5682 ὅσα
1681 5626 1928 5694 κινεῖται,
1971 5628 2127 5681 τοῦτο

566 5696 715 5783 ῖῖλῖἐπ
766 5698 857 5783 κῆἱ
904 5700 1043 5783 ἀρχὴ
1100 5701 1407 5783 κινήσξωςχ
1436 5700 1601 5783 Ἀρχὴ
1632 5700 1687 5751 δὲ
1714 5701 1993 5783 ἀγένητον.
2019 5697 2129 5783 ΑἘξ

566 5764 739 5840 ἀρχῇς
765 5766 888 5840 Δγάρ
921 5764 1152 5840 ἀνάγκη
1206 5764 1312 5821 ἀτᾶν
1360 5771 1420 5822 τὸ
1454 5764 1772 5838 γιγνόμενον
1824 5764 2124 5837 γίγνεσθαι,

568 5834 733 5901 αυτὴν
760 5835 812 5888 δὲ
840 5834 956 5908 μηδ’
990 5834 1216 5904 silex-"3;.
1246 5841 1305 5893 Ei
1348 5840 1453 5913 γὰρ
1485 5834 1548 5894 ὲκ
1578 5834 1669 5894 τοῦ
1703 5834 1846 5911 ἀρχῆ
1872 5834 2124 5910 γίγνοιτο,

2221 4654 2425 4719 quidem
2471 4669 2699 4719 unquam
2738 4652 2925 4704 desinit
2966 4667 2983 4705 :
3037 4652 3160 4715 quin
3199 4649 3354 4699 etiam
3413 4648 3622 4701 caeteris
3642 4659 3789 4719 _qrta?

2224 4714 2513 4783 moventur,
2545 4714 2626 4773 hic
2658 4722 2795 4788 fons,
2831 4724 2925 4772 hoc
2948 4714 3262 4786 principium
3293 4727 3367 4769 est
3400 4727 3597 4769 motus.
3632 4714 3787 4768 Prin-

2223 4791 2413 4849 cipium
2446 4802 2613 4843 autem
2646 4802 2719 4844 est
2755 4790 3095 4857 nou-factum.
3136 4788 3219 4840 Ea:
3252 4789 3511 4854 principio
3536 4788 3676 4839 enim
3701 4800 3786 4857 rte-

2222 4876 2361 4912 cesse
2385 4873 2456 4913 est
2487 4862 2600 4928 ﬁeri
2629 4877 2776 4913 omne
2808 4852 2943 4927 quod
2986 4860 3041 4927 fit
3066 4898 3079 4921 ,
3131 4852 3298 4928 ipsum
3329 4868 3505 4907 autem
3556 4874 3621 4909 ex
3646 4852 3785 4906 nullo

2222 4932 2282 4996 ﬁt
2309 4946 2325 4982 :
2353 4927 2539 4983 namsi
2559 4932 2871 4997 principium
2901 4945 2964 4983 ex
2989 4930 3166 4996 aliquo
3200 4927 3365 4993 ﬁeret,
3404 4942 3508 4977 non
3548 4928 3705 4997 ﬁeret,
3726 4939 3788 4975 ex

2223 4995 2503 5066 principio.
2538 4995 2759 5064 Quando
2807 5016 2924 5052 vero
2977 4995 3302 5066 non—[actum
3339 5004 3415 5046 est
3443 5034 3458 5050 .
3508 5012 3603 5066 nec
3656 4995 3786 5066 idem

2223 5061 2369 5131 posse
2395 5061 2655 5139 corrumpi
2685 5086 2885 5122 necesse
2910 5080 3003 5122 est.
3060 5061 3122 5120 Et
3149 5064 3304 5139 paulo
3336 5073 3457 5130 post
3490 5080 3503 5114 .'
3545 5064 3709 5117 Porro
3742 5061 3786 5114 si

2224 5139 2296 5190 ita
2324 5153 2394 5192 est
2425 5157 2524 5193 non
2550 5136 2696 5192 aliud
2719 5155 2828 5192 esse
2869 5140 2922 5190 id
2964 5138 3102 5205 quod
3147 5136 3371 5198 seiptum
3407 5143 3579 5186 movet
3633 5149 3785 5203 quam

2224 5210 2476 5272 animum,
2518 5226 2718 5262 necesse
2750 5209 2979 5278 profecto
3003 5207 3157 5275 fuerit
3199 5206 3428 5278 animum
3449 5218 3563 5278 esse
3580 5215 3627 5257 et
3656 5219 3785 5278 non:

2227 5279 2421 5345 factum
2465 5270 2509 5332 et
2543 5270 2907 5332 immortalem.
2940 5270 3209 5329 Hactenus
3241 5272 3412 5331 Plato,
3444 5273 3535 5339 qui
3563 5270 3783 5345 tametsi

2227 5341 2329 5401 hoc
2357 5350 2408 5400 in
2448 5350 2565 5403 loco
2615 5350 2848 5402 animum
2880 5346 3203 5413 nou-[actam
3235 5356 3355 5395 esse
3401 5343 3624 5413 asserit,
3668 5341 3783 5394 alibi

2228 5428 2428 5481 tamen,
2461 5422 2511 5472 in
2541 5419 2735 5471 Timtco
2767 5411 3031 5478 videlicet,
3071 5429 3099 5466 a
3135 5426 3347 5467 summo
3400 5411 3515 5467 Deo
3554 5421 3784 5468 creatam

2226 5488 2393 5541 fuisse
2430 5492 2628 5542 diserte
2653 5487 2824 5540 docet.

2228 5628 2251 5643 κ
2298 5559 2409 5627 (54)
2445 5560 2535 5613 Sic
2564 5557 2696 5626 Reg.
2724 5569 2777 5611 et
2814 5556 2977 5612 Basil.
3015 5558 3085 5609 At
3131 5551 3296 5607 editio
3326 5549 3601 5609 Commel.
3652 5548 3786 5603 αὐτὰ

2224 5646 2328 5683 οτι.

2298 5700 2409 5767 (55)
2446 5699 2558 5751 Οὐκ
2612 5698 2760 5752 deest
2804 5699 2855 5753 in
2911 5696 3145 5767 editione
3189 5691 3618 5767 Commeliniana
3652 5705 3665 5740 :

2228 5762 2457 5824 habetur
2481 5773 2531 5823 in
2561 5786 2687 5822 mss.
2724 5769 2854 5831 Reg.
2891 5776 2943 5821 et
2980 5765 3141 5819 Basil.
3196 5772 3358 5831 atque
3411 5763 3486 5815 ita
3544 5762 3782 5831 legerunt

2229 5841 2410 5894 Anthr.
2445 5840 2679 5896 Camald.
2722 5850 2774 5894 ct
2803 5837 3067 5892 Nannius.
