3978 6508
225 415 323 469 469

1286 420 1372 477 DE
1411 420 1750 476 DECRETIS
1793 422 2094 478 NlCJENzE
2137 422 2406 478 SYNODL

3371 425 3475 480 ΠΟ

227 532 570 602 διηγησάμην
590 549 604 563 ·
643 535 738 587 καὶ
771 535 922 590 αὐτοὶ
945 537 1021 598 δὲ,
1053 537 1210 610 εἴπερ
1233 539 1339 610 ἄρα
1370 539 1642 600 δύνανται,
1675 540 1809 592 άπο-

1927 543 2144 612 ;ynodus
2173 543 2272 597 has
2304 556 2463 596 voces
2505 557 2570 595 ex
2603 539 2893 594 substantia
2921 547 2975 593 et
3007 539 3476 595 consubstantialis

231 623 597 691 κρινέσθωσαν
635 626 753 692 πῶς
782 624 936 699 εὗρον
973 631 1070 700 τὴν
1114 631 1356 700 ἄγραφον
1394 632 1599 703 ταύτην
1641 631 1809 696 λέξιν,

232 713 262 784 ἦ
299 714 424 785 ποίᾳ
457 715 672 788 διανοίᾳ
703 719 794 771 τὸν
840 719 969 773 Θεὸν
1016 721 1280 792 ἀγένητον
1328 721 1574 788 λέγουσι·
1628 721 1812 789 διαφό-

240 807 498 879 {tow—7&9
547 812 828 881 σημασίας
877 813 1020 883 ἔχειν
1067 813 1126 866 τὸ
1177 814 1348 884 ὄνομα
1400 815 1634 884 ἀκήκοα.
1703 813 1810 866 Λέ-

237 898 415 966 γεσθαι
444 901 555 973 γάρ
589 920 753 972 φασιν
787 904 896 974 (56)
930 906 1189 977 ἀγένητον
1227 907 1287 958 τὸ
1318 907 1485 976 μήπω
1522 905 1620 976 μὲν
1660 903 1814 973 γενό-

242 1009 411 1062 μενον,
441 993 745 1065 δυνάμενον
776 997 831 1049 δὲ
881 998 1166 1066 γενέσθαι-
1219 1000 1313 1051 καὶ
1355 999 1517 1052 πάλιν
1564 999 1624 1052 τὸ
1677 1000 1812 1068 μήτε

241 1083 493 1155 ὑπάρχον,
533 1088 673 1158 μήτε
707 1088 996 1159 δυνάμενον
1023 1091 1102 1152 εἰς
1131 1089 1191 1142 τὸ
1234 1085 1367 1142 εἶναι
1399 1089 1682 1158 γενέσθαι·
1714 1089 1808 1142 καὶ

248 1175 412 1245 τρίτον
441 1177 591 1231 ἐστὶν
629 1179 793 1233 αὐτοῦ
843 1181 1259 1253 σημαινόμενον,
1301 1181 1362 1234 τὸ
1410 1182 1654 1252 ὑπάρχον
1691 1178 1812 1251 μὲν,

245 1270 373 1340 μήτε
403 1271 459 1324 δὲ
499 1274 750 1342 γενητὸν,
791 1276 925 1346 μήτε
971 1276 1144 1347 ἀρχὴν
1174 1276 1406 1346 ἐσχηκὸς
1439 1277 1519 1339 είς
1547 1276 1606 1328 τὸ
1654 1271 1811 1336 εἶναι,

245 1363 349 1416 ἀλλ’
395 1365 566 1418 ἀίδιον
595 1365 656 1417 ὂν
706 1367 798 1419 καὶ⁵
842 1367 1189 1436 ἀδιάφθορον.
1221 1368 1381 1429 Ἴσως
1430 1366 1528 1437 μὲν
1574 1362 1666 1418 οὖν
1716 1366 1815 1428 τάς

246 1453 456 1524 πρώτας
498 1454 593 1508 δύο
629 1456 868 1520 διανοίας
914 1457 1203 1529 παρελθεῖν
1254 1457 1591 1528 ἐθελήσουσι,
1635 1457 1722 1510 διὰ
1753 1456 1814 1508 τὸ

246 1545 445 1598 ἐκεῖθεν
486 1548 600 1618 (⁸57)
644 1549 868 1602 ἄτοπον’
905 1548 1044 1603 κατὰ
1085 1550 1194 1620 γάρ
1226 1549 1325 1620 τὴν
1376 1548 1618 1620 πρώτην,
1665 1547 1814 1601 ἔσται

247 1637 308 1692 τά
341 1655 400 1691 τε
445 1639 546 1711 ήδη
580 1640 850 1710 γενόμενα
882 1643 974 1694 καὶ
1005 1641 1072 1694 τά
1105 1639 1533 1712 προσδοκώμενα
1566 1638 1815 1708 γενέσθαι

246 1731 508 1801 ἀγένητα·
552 1732 614 1784 τὸ
671 1733 780 1805 γάρ
833 1733 1082 1806 δεύτερον
1145 1734 1305 1787 πλέον
1354 1733 1467 1803 ἔχει
1521 1733 1708 1785 τούτου
1754 1733 1815 1784 τὸ

247 1820 457 1876 ἄτοπον.
501 1823 623 1876 Ἐπὶ
651 1822 709 1876 δὲ
746 1825 842 1896 τὴν
885 1826 1073 1897 τρίτην
1119 1825 1300 1878 λοιπὸν
1338 1823 1660 1895 βαδιοῦνται,
1695 1823 1813 1876 κατ’

247 1911 407 1984 αὐτὴν
445 1913 805 1985 ὀνομάζοντες
851 1915 912 1969 τὸ
963 1915 1275 1985 ἀγένητον,
1313 1914 1473 1968 Ἀλλὰ
1520 1915 1612 1968 καὶ
1663 1913 1818 1966 τοῦτο

247 2004 504 2072 λέγοντες,
549 2007 705 2060 οὐδὲν
743 2001 904 2078 ἧττόν
954 2010 1089 2061 εἰσιν
1134 2008 1370 2070 ἀσεϐεῖς.
1404 2007 1464 2059 Ei
1497 2006 1605 2077 γὰρ
1634 2005 1695 2057 τὸ
1743 2005 1816 2076 μὴ

248 2096 361 2166 ἔχον
396 2097 570 2170 ἀρχὴν
613 2100 696 2162 είς
741 2099 800 2152 τὸ
835 2095 996 2165 εἶναι,
1035 2100 1167 2170 μηδὲ
1221 2099 1445 2169 γενητὸν
1493 2099 1526 2170 ἣ
1580 2097 1816 2160 κτιστὺν,

245 2185 351 2237 ἀλλ’
380 2188 550 2242 άῖδιον
570 2187 650 2252 ὃν,
682 2190 839 2244 τοῦτο
868 2190 1112 2260 λέγουσιν
1135 2189 1416 2260 ἀγένητον,
1438 2188 1742 2242 τούναντίον
1762 2187 1818 2240 δὲ

245 2277 422 2331 τοῦτον
452 2279 564 2350 (58)
595 2276 737 2333 εἶναι
777 2282 867 2334 τὸν
899 2281 1030 2335 Θεοῦ
1065 2282 1264 2350 Λόγον⁸
1301 2281 1382 2344 τίς
1411 2282 1469 2334 οὑ
1500 2283 1695 2352 συνορᾷ
1722 2280 1819 2351 τὴν

249 2373 574 2442 πανουργίαν
615 2371 726 2426 τῶν
745 2372 1068 2443 Θεομάχων;
1107 2375 1203 2436 Τίς
1225 2375 1322 2426 οὐκ
1356 2373 1419 2426 ἂν
1457 2372 1652 2439 αὐτοὺς
1679 2371 1820 2424 οὕτω

251 2464 600 2533 μαινομένους
627 2463 1050 2519 καταλιθώσειεν
1070 2482 1083 2529 ;
1103 2465 1321 2536 Ἐπειδὴ
1349 2464 1457 2536 γὰρ
1481 2465 1823 2533 αἰσχύνονται

251 2557 536 2628 προφέρειν
565 2557 646 2610 ἔτι
680 2556 750 2611 τὰ
785 2557 974 2629 πρῶτα
995 2558 1102 2611 τῶν
1138 2557 1320 2628 μύθων
1346 2556 1553 2611 ἑαυτῶν
1575 2557 1820 2628 λογάρια,

249 2649 325 2715 ἐφ’
344 2644 425 2710 οἷς
451 2649 932 2720 κατεγνώσθησαν,
961 2649 1135 2712 ἄλλως
1168 2649 1329 2703 πάλιν
1367 2648 1507 2702 αὐτὰ
1541 2650 1822 2720 σημαίνειν

250 2741 542 2810 ἐπενόησαν
571 2744 621 2794 οἱ
652 2741 873 2796 δείλαιοι
906 2741 992 2795 διὰ
1021 2741 1114 2795 τοῦ
1143 2742 1401 2812 ὀνόματος
1425 2740 1538 2804 τοῦ,
1568 2741 1643 2804 ὡς
1662 2739 1826 2794 αὐτοὶ

248 2827 506 2896 λέγουσιν,
534 2832 821 2902 ἀγενήτου.
849 2833 909 2885 El
942 2832 1055 2904 γὰρ
1081 2834 1109 2885 6
1132 2832 1257 2895 Υἱὸς
1287 2832 1394 2884 τῶν
1421 2831 1660 2902 γενητῶν
1689 2831 1822 2896 ἐστι,

249 2919 483 2990 δηλονότι
522 2922 582 2987 ἐξ
615 2925 716 2976 οὐκ
749 2924 913 2977 ὄντων
951 2925 1044 2978 καὶ
1077 2925 1238 2986 αὐτὸς
1267 2924 1454 2992 γέγονε
1475 2941 1487 2953 ’
1524 2923 1617 2976 καὶ
1655 2923 1702 2974 εί
1736 2924 1828 2994 ἀρ-

250 3012 343 3082 χὴν
377 3014 489 3085 ἔχει
520 3014 616 3068 τοῦ
653 3013 822 3078 εἶναι,
863 3018 963 3070 οὐκ
1007 3013 1074 3088 ἦν
1109 3016 1216 3088 ἄρα
1256 3017 1383 3087 πρὶν
1431 3015 1690 3087 γεννηθῇ·
1733 3015 1828 3068 καὶ

250 3107 297 3158 εί
323 3109 394 3179 μὴ
428 3108 577 3161 ἔστιν
603 3109 794 3172 ἀΐδιος,
820 3105 885 3180 ἦν
916 3127 1042 3163 ποτε
1065 3111 1153 3158 “re
1183 3109 1281 3161 οὐκ
1305 3104 1386 3178 ἦν.

1913 647 2271 704 congruenter
2306 637 2410 702 his,
2454 651 2574 704 quae
2627 648 2693 689 ex
2741 633 3038 701 Scripturis
3082 633 3148 686 de
3191 631 3476 685 Salvatore

1913 730 2050 784 dicta
2076 737 2220 793 sunt,
2248 729 2477 783 ediderit
2509 745 2522 782 :
2559 729 2650 798 qui
2683 728 2808 780 item
2838 725 3026 780 Patres
3059 734 3184 779 ante
3208 724 3473 795 synodum

1911 819 2100 872 iisdem
2138 821 2215 874 usi
2263 819 2460 874 fuerint
2489 835 2502 872 :
2531 819 2628 889 ipsi
2666 826 2865 881 autem,
2901 817 2946 871 si
3003 816 3189 885 utique
3239 814 3473 882 possint,

1912 909 2289 978 respondeant,
2334 923 2567 978 quonam
2609 908 2767 960 modo
2813 908 2914 960 hoc
2956 903 3300 968 vocabulum,
3331 902 3475 971 quod

1912 1002 2123 1071 quidem
2161 1001 2211 1055 in
2244 1000 2524 1068 Scriptura
2552 1015 2659 1054 non
2684 1008 2882 1062 exstat,
2912 998 3233 1065 repererint,
3268 994 3350 1048 vel
3373 1007 3480 1061 quo

1914 1108 2073 1147 sensu
2125 1093 2286 1146 Deum
2342 1091 2682 1145 non-factum
2722 1090 2897 1143 dicant
2927 1105 2941 1142 ι
2975 1089 3242 1156 siquidem
3285 1083 3483 1138 multas

1913 1185 2038 1239 huic
2074 1184 2188 1238 voci
2222 1184 2397 1238 inesse
2436 1183 2857 1253 signiﬁcationes
2891 1181 3090 1236 audivi.
3127 1180 3293 1232 Aiunt
3332 1177 3477 1232 enim

1915 1274 2257 1328 non-factum
2295 1275 2419 1337 dici,
2456 1274 2595 1342 quod
2638 1274 2874 1326 nondum
2929 1271 3131 1326 factum
3165 1279 3269 1335 est,
3300 1273 3482 1338 potest

1914 1374 2092 1420 tamen
2128 1364 2243 1418 ﬁeri
2272 1382 2284 1418 :
2320 1365 2467 1426 item,
2502 1365 2644 1433 quod
2689 1379 2787 1418 nec
2825 1364 3058 1428 exsistit,
3095 1376 3192 1416 nec
3227 1359 3341 1414 ﬁeri
3376 1373 3476 1429 po-

1918 1466 2018 1510 test
2056 1466 2114 1510 ut
2148 1457 2215 1509 sit
2245 1474 2258 1510 :
2295 1456 2475 1519 tertio,
2503 1456 2643 1523 quod
2669 1456 2881 1509 exsistit
2911 1455 3148 1522 quidem,
3175 1468 3274 1507 nec
3301 1461 3479 1506 tamen

1915 1559 1999 1602 est
2044 1548 2271 1611 factum,
2314 1563 2488 1615 neque
2524 1548 2848 1616 principium
2882 1545 3068 1600 habuit
3106 1553 3163 1598 ut
3193 1553 3360 1609 esset,
3387 1543 3482 1598 sed

1915 1641 2055 1710 quod
2082 1651 2344 1694 mternum
2373 1649 2424 1691 et
2457 1641 2830 1707 incorruptum
2859 1648 2962 1694 est.
2990 1637 3255 1690 Fortassis
3269 1635 3483 1705 quidem

1916 1734 2124 1802 priores
2164 1732 2298 1786 duas
2338 1731 2766 1798 signiﬁcationes
2806 1728 3112 1797 rejecerint,
3158 1727 3226 1781 ob
3269 1742 3330 1780 ea
3367 1741 3486 1796 quae

1920 1823 2042 1878 inde
2075 1823 2414 1892 proveniunt,
2445 1821 2698 1875 absurda.
2740 1821 2796 1876 Si
2824 1821 2967 1875 enim
3012 1821 3185 1890 prima
3235 1819 3490 1873 admitta-

1850 1893 1890 1948 Β
1921 1925 2007 1968 tur
2042 1915 2362 1984 signiﬁcatio
2386 1956 2402 1980 ,
2443 1925 2590 1969 certe
2631 1931 2750 1983 qua:
2793 1914 2904 1984 jam
2938 1912 3074 1966 facta
3112 1920 3260 1977 sunt,
3286 1922 3338 1965 et
3363 1925 3490 1981 qum

1922 2007 2035 2060 ﬁeri
2067 2008 2282 2070 debent,
2311 2007 2588 2060 non-facta
2617 2015 2774 2058 erunt
2806 2007 3052 2058 dicenda.
3089 2003 3221 2057 Nam
3251 2003 3391 2073 quod
3423 2001 3491 2054 ad

1922 2099 2209 2152 secundam
2266 2099 2480 2162 attinet,
2527 2114 2588 2151 ea
2628 2099 2814 2164 utique
2856 2096 3027 2161 magis
3060 2095 3231 2148 adhuc
3264 2093 3368 2148 erit
3395 2092 3491 2144 ah-

1922 2193 2102 2245 surda.
2141 2190 2328 2245 Restat
2356 2191 2520 2260 igitur
2549 2199 2604 2242 ut
2635 2192 2846 2243 tertiam
2873 2188 3293 2256 amplectantur,
3329 2195 3490 2252 atque

1923 2297 1987 2336 eo
2014 2297 2170 2336 sensu
2203 2283 2342 2336 hanc
2373 2297 2580 2340 vocem.
2624 2281 2982 2349 nou-factum,
3033 2279 3354 2347 intelligant.
3394 2275 3495 2330 Ve-

1929 2391 2045 2430 rum
2074 2377 2284 2429 etiamsi
2318 2376 2368 2428 id
2401 2376 2656 2437 dixerim,
2688 2375 3035 2428 nihilominus
3068 2373 3216 2441 impii
3255 2369 3488 2426 habendi

1930 2479 2073 2524 amt.
2105 2469 2159 2522 Si
2188 2470 2331 2522 enim
2356 2471 2496 2538 quod
2531 2469 2732 2522 nullum
2762 2469 2923 2522 habet
2953 2466 3274 2534 principium
3297 2479 3363 2518 ex
3386 2477 3493 2532 quo

1930 2561 2022 2627 sit,
2058 2561 2306 2629 quodque
2345 2575 2442 2614 nec
2467 2560 2668 2614 factum
2707 2560 2788 2612 vel
2816 2570 3080 2620 creatum,
3111 2557 3204 2611 sed
3234 2567 3492 2610 mternum

1931 2664 2034 2718 est,
2087 2655 2139 2707 id
2192 2652 2533 2708 ndnvlactum
2585 2651 2874 2722 appellent,
2932 2651 3366 2717 contendantque
3399 2648 3493 2701 Dei

1935 2742 2165 2796 Verbum
2201 2743 2474 2795 contrario
2507 2755 2566 2796 se
2595 2741 2794 2795 habere
2822 2741 3000 2802 modo,
3021 2739 3132 2803 cui,
3152 2752 3355 2804 qttteso,
3391 2751 3495 2791 non

1932 2833 2213 2900 perspicua
2257 2842 2340 2887 est
2381 2832 2666 2901 impiorum
2706 2831 2942 2884 astutia?
2977 2831 3107 2896 Quis
3151 2829 3270 2884 illos
3305 2829 3374 2882 ita
3411 2828 3496 2880 in-

1931 2925 2204 2978 sanientes
2228 2924 2493 2993 lapidibus
2533 2939 2638 2977 non
2677 2924 2908 2976 obruat?
2936 2923 3068 2976 Cum
3108 2921 3250 2976 enim
3289 2919 3498 2989 priores

1933 3032 2152 3072 suarum
2203 3015 2502 3069 fabularum
2553 3014 2795 3078 voculas,
2849 3025 3068 3082 propter
3119 3026 3255 3082 quas
3303 3008 3499 3063 merito

1936 3115 2060 3160 sunt
2085 3105 2449 3167 condemnati,
2477 3104 2586 3173 jam
2617 3103 2860 3172 proferre
2890 3103 3240 3166 erubescant,
3282 3098 3496 3154 easdem

254 3218 432 3259 rursus
461 3204 568 3258 alio
600 3211 779 3268 modo,
813 3205 1030 3259 nomine
1055 3218 1158 3258 non
1187 3203 1413 3269 facti,ut
1454 3202 1550 3272 ipsi
1585 3203 1900 3272 loquuntur,
1930 3202 2259 3271 excogitato.
2293 3201 2538 3270 ingerere
2599 3208 2723 3254 sunt
2784 3199 2984 3254 conati.
3054 3197 3186 3251 Nam
3228 3197 3272 3250 si
3331 3193 3500 3248 Filius

253 3297 385 3350 inter
420 3311 509 3352 res
553 3296 730 3351 factas
769 3309 1102 3360 muneretur,
1141 3307 1288 3351 certe
1346 3297 1459 3363 ipse
1507 3311 1722 3364 quoque
1752 3311 1815 3349 ex
1859 3294 2030 3348 nihilo
2057 3303 2140 3348 est
2167 3294 2382 3348 factus:
2416 3293 2460 3346 si
2499 3293 2624 3346 item
2694 3293 3016 3361 principium
3079 3289 3372 3345 exsistendi
3402 3287 3502 3341 ha-

253 3389 351 3448 bet.
390 3406 524 3444 sane
556 3405 664 3442 non
691 3400 809 3442 erat
842 3397 968 3442 ante
1001 3404 1162 3458 quam
1197 3389 1412 3456 genitus
1441 3398 1520 3442 est
1549 3405 1564 3442 :
1593 3387 1822 3456 denique
1862 3387 1906 3440 si
1939 3395 2173 3440 aeternus
2222 3400 2325 3438 non
2372 3393 2476 3448 est,
2505 3384 2602 3437 fuit
2632 3383 2920 3452 aliquando
2965 3398 3085 3435 cum
3120 3397 3221 3433 non
3265 3389 3428 3434 esset.

313 3480 400 3536 29.
446 3482 596 3535 Ἔδει
636 3477 752 3542 οὖν,
791 3481 962 3535 ταῦτα
1016 3481 1176 3534 πάλιν
1227 3483 1422 3544 αὐτοὺς
1472 3480 1823 3553 φρονοῦντας,

2009 3478 2166 3549 185
2224 3479 2315 3532 29.
2375 3477 2625 3532 Profecto
2672 3476 2790 3530 illos
2843 3476 2912 3529 ita
2979 3475 3153 3527 denuo
3204 3465 3500 3526 sentientes

250 3575 304 3628 ἐν
341 3575 526 3639 αὐτοῖς
567 3576 684 3636 τοῖς
727 3573 873 3637 ἰδίοις
919 3573 1095 3627 αὐτῶν
1141 3574 1250 3643 (39)
1301 3575 1506 3644 ῥήμασι
1551 3575 1832 3644 σημαίνειν

249 3668 456 3721 ἑαυτῶν
491 3667 591 3737 τὴν
627 3666 982 3738 ὲτεροδοξίαν,
1010 3667 1104 3718 καὶ
1140 3665 1214 3737 μὴ
1260 3669 1325 3734 τῇ
1366 3664 1506 3731 λέξει
1537 3664 1696 3735 δῆθεν
1740 3664 1831 3718 τοῦ

249 3762 516 3832 ἁγενήτου
568 3759 796 3811 σκέπειν
847 3758 1052 3811 ἑαυτῶν
1101 3757 1198 3828 τὴν
1250 3758 1558 3812 κακόνοιαν.
1599 3757 1734 3809 Ἀλλ’
1768 3758 1828 3809 οὐ

248 3853 461 3906 ποιοῦσι
495 3851 657 3904 τοῦτο
689 3851 738 3903 οἱ
774 3850 1083 3919 κακοήθεις,
1125 3850 1301 3904 πάντα
1331 3849 1387 3902 δὲ
1429 3848 1567 3902 κατὰ
1602 3848 1691 3901 τὸν
1725 3865 1830 3901 πα-

247 3943 379 4016 τέρα
417 3942 632 3996 ἑαυτῶν
678 3941 770 3994 τὸν
814 3939 1054 3993 διάϐολον
1103 3939 1238 4010 μετὰ
1288 3938 1617 4010 πανουργίας
1661 3937 1832 4009 πράτ-

247 4051 446 4087 τουσιν.
493 4033 581 4096 Ὠς
625 4031 736 4102 γὰρ
775 4031 979 4092 ἐκεῖνος
1024 4028 1161 4100 μετὰ
1197 4027 1492 4098 ἀλλοτρίων
1526 4027 1832 4097 ἐνδυμάτων

248 4134 460 4202 ἀπατᾷν
490 4130 781 4200 ἐπιχειρεῖ,
806 4127 977 4190 οὕτως
999 4121 1142 4181 οὗτοι
1169 4126 1228 4179 τὸ
1261 4125 1520 4194 ἀγένητον
1549 4119 1832 4192 ὀνομάζειν

252 4225 570 4295 ἐπενόησαν,
613 4221 724 4282 ἵνα,
768 4217 1217 4290 προσποιούμενοι
1249 4217 1338 4269 τὸν
1372 4215 1504 4267 Θεὸν
1545 4213 1831 4282 εὐφημεῖν,

251 4316 642 4388 κεκρυμμένην
666 4313 830 4382 ἔχωσι
848 4311 944 4382 τὴν
969 4311 1108 4364 κατὰ
1125 4309 1216 4363 τοῦ
1235 4308 1438 4380 Κυρίου
1467 4305 1831 4377 βλασφημίαν,

252 4409 342 4462 λαὶ
395 4408 535 4480 μετὰ
599 4404 956 4475 καλύμματος
1003 4402 1167 4474 αὐτὴν
1231 4402 1409 4464 ἄλλοις
1475 4399 1832 4470 σημαίνωσιν.

265 4500 417 4553 Ἀλλά
448 4501 544 4553 καὶ
584 4496 778 4551 τούτου
819 4494 910 4548 τοῦ
959 4494 1289 4564 σοφίσματος
1334 4490 1511 4545 αὐτῶν
1553 4488 1662 4558 (40)
1698 4504 1836 4556 γνω-

254 4587 574 4654 σθέντος,’τί
605 4588 714 4658 ἄρα
768 4586 926 4639 πάλιν
964 4586 1145 4648 αὐτοῖς
1189 4585 1375 4654 ἓτερον
1425 4579 1833 4652 περιλείπεται,

254 4682 576 4750 λεγέτωσαν.
617 4679 886 4750 Εὖρομεν,
915 4679 1076 4746 φασὶν
1107 4679 1154 4729 οἱ
1187 4674 1504 4746 κακοῦργοι,
1537 4673 1630 4726 καὶ
1672 4687 1838 4742 προσ-

253 4774 486 4837 τιθέντες
551 4776 666 4835 τοῖς
727 4771 1010 4841 προτέροις
1035 4787 1046 4797 ·
1075 4769 1324 4837 λέγουσιν
1377 4766 1635 4834 ἀγένητον
1701 4759 1835 4815 εἶναι

1937 3589 2148 3642 :equnm
2177 3579 2293 3625 erat
2327 3570 2515 3623 iisdem
2540 3569 2651 3623 suis
2678 3569 2856 3621 verbis
2878 3566 3148 3635 propriam
3177 3562 3498 3617 sententiam

1933 3664 2266 3733 signiﬁcare,
2297 3677 2400 3713 non
2441 3668 2620 3714 autem
2651 3673 2803 3713 suam
2839 3657 3158 3725 pravitatem
3206 3667 3337 3705 voce
3365 3664 3503 3704 non-

1933 3757 2056 3810 facti
2093 3754 2365 3822 obtegere.
2402 3753 2597 3807 Verum
2640 3750 2690 3804 id
2732 3762 2894 3816 agere
2928 3747 3218 3801 noluerunt
3261 3739 3502 3811 perversi

1933 3848 2199 3908 homines,
2233 3846 2324 3901 sed
2357 3846 2534 3899 omnia
2578 3842 2802 3897 subdole
2829 3840 2894 3893 ad
2946 3837 3252 3906 exemplum
3289 3834 3369 3889 sui
3403 3846 3504 3902 pa-

1934 3940 2031 3992 tris
2055 3939 2253 3992 diaholi
2299 3938 2495 3992 fecere.
2534 3935 2602 3990 Ut
2633 3935 2774 3988 enim
2815 3935 2907 3987 ille
2937 3931 3130 3986 alienis
3157 3929 3375 3982 indutus
3408 3937 3506 3977 ve-

1933 4031 2106 4085 stibus
2152 4031 2338 4084 fallere
2383 4028 2604 4093 nititur;
2643 4029 2713 4082 ita
2750 4027 2834 4082 isti
2882 4023 3205 4078 vocabulum
3237 4013 3506 4071 non-facti

1935 4121 2334 4188 excogitavere,
2388 4128 2445 4171 ut
2479 4119 2637 4187 digne
2687 4118 2753 4170 de
2804 4116 2914 4168 Deo
2971 4112 3114 4178 loqui
3168 4107 3506 4168 simulantes,

1934 4211 2144 4264 occulte
2210 4210 2469 4262 adversus
2525 4208 2808 4260 Dominum
2879 4202 3190 4270 proferrent
3245 4195 3504 4262 blasphe-

1935 4304 2134 4367 miam,
2198 4317 2360 4369 quam
2427 4299 2641 4352 scilicet
2689 4312 2811 4350 cunt
2871 4289 3183 4360 hujnsniodi
3227 4283 3510 4339 involucro

1937 4391 2060 4442 aliis
2093 4390 2402 4442 innuerent.
2438 4387 2638 4441 Verum
2670 4400 2791 4438 cum
2833 4382 3108 4448 cognitum
3144 4378 3212 4431 sit
3249 4377 3349 4428 hoc
3389 4371 3513 4424 illu-

1937 4499 2053 4536 rum
2092 4481 2407 4544 artiﬁcium,
2439 4481 2565 4550 quid
2585 4479 2692 4546 jam
2723 4476 2865 4528 aliud
2891 4475 2989 4529 sibi
3023 4471 3258 4541 supersit
3292 4481 3516 4534 respon-

1938 4577 2124 4631 deant.
2165 4574 2501 4636 lnvenimns,
2547 4571 2800 4638 inquiunt
2845 4565 3098 4634 improbi,
3131 4558 3516 4631 quinimirum

1939 4678 2142 4737 printer
2178 4669 2391 4735 priores
2441 4663 2869 4734 signiﬁcationes
2902 4660 3054 4712 aiunt
3088 4657 3139 4709 id
3178 4652 3515 4708 non-facturn

1941 4778 2086 4826 esse,
2121 4761 2263 4829 quod
2297 4774 2404 4812 non
2448 4757 2607 4813 habet
2633 4751 2924 4808 exsistendi
2953 4763 3168 4802 causam
3202 4745 3314 4798 sive
3338 4750 3520 4796 aucto-

253 4865 424 4930 τοῦτο,
469 4865 530 4918 τδ
585 4863 661 4934 μὴ
710 4863 830 4932 ἕχον
862 4861 951 4914 τοῦ
988 4857 1123 4914 εἶναι
1177 4862 1266 4913 τὸν
1313 4859 1502 4920 αἴτιον,
1553 4855 1687 4910 ἀλλὰ
1738 4856 1823 4908 καὶ

1943 4869 2078 4916 rem,
2123 4852 2215 4906 sed
2255 4851 2430 4918 ipsum
2469 4848 2628 4901 rebus
2684 4845 2845 4898 l'aetis
2873 4838 3168 4895 exsisteudi
3199 4851 3361 4892 causa
3411 4843 3515 4888 est.

253 4960 358 5020 τοῖς
389 4958 642 5025 γενητοῖς
688 4953 848 5006 αὐτὸν
892 4954 1062 5005 αἴτιον
1108 4953 1185 5014 είς
1226 4952 1286 5004 τὸ
1325 4949 1578 5018 γενέσθαι
1628 4948 1830 5018 τυγχά-

253 5065 427 5102 νοντα.
469 5046 782 5116 Ἀχάριστοι
812 5043 904 5096 καὶ
935 5041 1013 5112 τῷ
1045 5042 1157 5094 ὖντι
1189 5040 1295 5094 τῶν
1327 5038 1560 5111 Γραφῶν
1590 5039 1830 5108 ἀνήκοοι,

255 5142 301 5193 οί
337 5140 405 5211 μὴ
441 5140 530 5192 διὰ
575 5136 740 5207 τιμὴν
771 5134 866 5205 τὴν
905 5137 984 5198 είς
1023 5135 1113 5187 τὸν
1147 5133 1297 5195 Θεὸν,
1342 5132 1477 5185 ἀλλά
1508 5131 1595 5184 διὰ
1627 5130 1721 5201 τὴν
1757 5131 1833 5192 είς

255 5233 342 5287 τὸν
365 5233 494 5285 Υίὺν
524 5229 752 5300 ἀτιμίαν
775 5229 948 5281 πάντα
977 5227 1067 5279 καὶ
1101 5223 1380 5287 ποιοῦντες
1408 5225 1500 5277 καὶ
1526 5221 1832 5284 λαλοῦντες,

256 5324 350 5378 οὐκ
381 5322 615 5382 εἰδότες,
662 5321 742 5372 ὅτι
774 5321 801 5371 6
833 5318 921 5370 τὸν
953 5317 1078 5369 Υίὸν
1127 5314 1407 5385 ἀτιμάζων
1447 5312 1699 5382 ἀτιμάζει
1746 5309 1834 5362 τὸν

257 5415 494 5486 Πατέρα.
534 5413 761 5484 Πρῶτον
799 5411 894 5481 μὲν
935 5409 1064 5480 γὰρ,
1106 5407 1206 5460 κᾶν
1245 5405 1384 5459 οὕτω
1418 5405 1506 5457 τὸν
1549 5404 1679 5456 Θεὸν
1719 5403 1835 5455 ὀνο-

262 5508 522 5576 μάζωσιν,
572 5504 634 5557 οὐ
686 5502 957 5556 δείκνυται
1009 5499 1116 5552 τῶν
1154 5498 1396 5567 γενητῶν
1428 5499 1456 5549 6
1490 5495 1678 5563 Λόγος.
1725 5495 1836 5564 Τῆς

255 5599 362 5670 γὰρ
404 5599 595 5660 οὐσίας
636 5593 727 5648 τοῦ
773 5593 985 5664 Πατρὸς
1031 5593 1106 5656 ὡς
1150 5592 1395 5660 γέννημα
1466 5587 1649 5650 πάλιν,
1695 5585 1836 5638 οὕτω

331 5737 437 5800 (36)
469 5738 562 5791 Sic
594 5733 978 5805 Regius._Editi
1007 5748 1156 5805 vero,
1192 5750 1371 5803 φησιν.

334 5798 536 5931 (gnata
564 5798 705 5876 Reg:
730 5815 783 5860 et
809 5803 971 5862 Basil.
1007 5803 1184 5859 Editio
1205 5798 1394 5856 autem
1433 5798 1696 5856 (lommel.
1739 5799 1824 5851 διά

357 5895 464 5931 ικει
502 5895 582 5930 εν.

258 5892 323 5928 τε
357 5892 582 5932 εκειυεν.

1939 4943 2142 5011 Ingrati
2198 4955 2330 4996 sane
2384 4941 2458 4994 illi
2511 4952 2744 5008 vereque
2795 4935 3199 5002 Scripturarum
3256 4926 3513 4998 imperiti,

1941 5038 2033 5109 qui
2068 5053 2170 5091 non
2203 5046 2257 5089 ut
2294 5036 2457 5089 Deum
2499 5035 2784 5092 honorent,
2836 5028 2929 5084 sed
2974 5035 3031 5080 ut
3059 5024 3254 5080 Filium
3289 5019 3517 5091 igneini-

1942 5128 2031 5182 nia
2061 5125 2319 5185 alliciant,
2351 5123 2482 5176 nihil
2518 5137 2623 5175 non
2670 5119 2876 5174 faciunt
2911 5115 2993 5170 vel
3025 5115 3230 5169 dicunt.
3258 5109 3515 5164 Nesciunt

1943 5217 2194 5271 videlicet
2226 5215 2367 5283 quod
2418 5214 2507 5282 qui
2565 5212 2760 5266 Filium
2807 5208 3033 5278 spernit,
3068 5203 3276 5270 spernit
3318 5209 3368 5254 et
3406 5196 3510 5249 Pa-

1941 5320 2099 5364 trem.
2135 5308 2377 5374 Namqne
2410 5308 2607 5374 primo,
2639 5303 2848 5360 etiamsi
2875 5303 3041 5355 Deum
3083 5297 3156 5350 ita
3200 5290 3508 5360 appellave-

1939 5403 2068 5464 ΐὶηι,
2102 5415 2205 5453 non
2252 5399 2375 5452 inde
2423 5407 2598 5452 tamen
2648 5394 2934 5450 conﬁcitur
2966 5389 3197 5442 Verbum
3249 5398 3313 5436 ex
3348 5379 3508 5433 factis

1941 5492 2102 5546 rebus
2128 5505 2270 5544 esse.
2325 5487 2393 5543 Ut
2443 5490 2586 5542 enim
2628 5487 2739 5554 ipse
2771 5484 2910 5536 fetus
2942 5487 3026 5533 est
3067 5474 3379 5532 substantiae
3406 5471 3507 5524 Pa-

1941 5584 2061 5648 tris,
2094 5583 2172 5637 sic
2195 5583 2333 5652 apud
2368 5580 2514 5633 illum
2547 5585 2809 5648 perpetuo
2837 5570 3072 5626 exsistit.
3099 5567 3208 5622 Nec
3233 5564 3376 5622 enim
3401 5565 3506 5621 hoc

2004 5731 2020 5789 (
2029 5726 2117 5786 58)
2153 5724 2292 5792 Lege
2320 5721 2542 5792 τούτων.

2150 5788 2277 5860 Reg.
2314 5788 2538 5841 ἑαυτῶν.

2005 5854 2114 5933 (40)
2146 5854 2239 5916 Sic
2268 5861 2395 5926 Reg.
2439 5861 2503 5910 At
2529 5857 2618 5911 alii
2653 5855 2876 5920 elcditi,
2907 5854 3109 5916 αὐτοῖς.
