3978 6516
484 448 584 506 471

1096 447 1154 504 S.
1196 447 1568 504 ATHANASII
1605 449 1757 504 OPP.
1800 449 1979 505 PARS
2020 451 2060 505 l.
2101 482 2171 494 —
2210 452 2583 509 lllSTORlCA
2624 453 2712 509 EI‘
2751 454 3172 510 DOGMATICA.

3632 452 3735 507 ιη

486 576 682 621 nomen
729 576 979 619 naturam
1013 558 1134 619 Filii
1169 565 1420 633 destruit,
1450 580 1622 634 neque
1648 581 1750 620 vox
1783 566 1883 621 ista
1912 582 2051 621 non-

2156 568 2285 639 παρ’
2332 567 2481 639 αὖτῷ
2526 570 2674 622 ἐστιν
2725 569 2931 633 ἀϊδίως.
2977 570 3052 623 Ub
3097 568 3208 639 γὰρ
3248 569 3309 621 τὸ
3354 567 3524 638 ὖνομα
3582 563 3735 619 τοῦτο

484 656 613 713 faCti
656 657 888 712 refertur
919 658 983 711 ad
1015 655 1231 723 Filium,
1257 658 1351 713 sed
1384 659 1450 712 ad
1494 673 1557 713 ea
1593 673 1711 727 quae
1737 672 1835 727 per
1857 656 2052 711 Filium

486 750 630 805 facta
680 761 854 805 sunt:
900 764 964 804 ac
1014 748 1463 819 quemadmodum
1515 748 1606 818 qui
1666 748 2049 814 architectum,

487 843 681 898 domus
704 842 786 895 vel
817 842 967 896 urbis
1014 842 1395 897 tediiicatorem
1427 840 1681 910 appellat,
1718 855 1824 896 non
1864 840 2052 909 hujus-

489 935 631 988 modi
681 934 948 990 vocabulo
979 934 1145 989 illium
1179 948 1247 988 ex
1295 934 1409 1003 ipso
1437 934 1674 1001 genitum
1702 934 2055 1003 comprehen-

489 1028 587 1091 dit,
619 1028 713 1082 sed
750 1028 849 1081 hoc
886 1028 1123 1089 nomine,
1156 1026 1296 1095 quod
1342 1026 1558 1096 quidem
1614 1025 1687 1079 illi
1722 1026 1791 1080 ob
1821 1042 1971 1080 suam
2000 1025 2052 1079 in

487 1118 732 1175 aediliciis
764 1120 1141 1175 construendis
1175 1130 1345 1172 artem
1378 1127 1432 1172 et
1462 1118 1745 1172 scientiam
1776 1118 2051 1181 tribuitur,

488 1213 759 1282 significat
805 1228 925 1267 eum
967 1212 1196 1266 similem
1246 1227 1353 1265 non
1399 1226 1517 1265 esse
1565 1211 1652 1265 his
1691 1226 1809 1278 qua:
1838 1211 1905 1263 ab
1939 1211 2055 1278 ipso

489 1302 629 1359 facta
683 1316 809 1358 sunt
838 1323 851 1358 :
884 1320 1005 1358 cum
1060 1313 1239 1357 autem
1288 1302 1573 1355 architecti
1634 1310 1879 1355 naturam
1914 1301 2053 1355 idem

488 1408 592 1447 non
626 1392 858 1460 ignoret,
889 1392 1042 1447 novit
1076 1408 1291 1462 quoque
1326 1407 1472 1453 eum,
1506 1392 1594 1457 qui
1626 1406 1691 1444 ex
1726 1391 1813 1443 illo
1842 1391 2055 1458 genitus

488 1496 589 1549 est,
616 1488 778 1541 alium
806 1487 1026 1541 omnino
1048 1500 1167 1540 esse
1197 1483 1264 1537 ab
1301 1483 1406 1537 illis
1434 1482 1677 1537 mdiliciis
1703 1498 1715 1534 :
1742 1498 1804 1537 ac
1832 1484 2056 1552 proinde

487 1590 705 1648 propter
758 1579 949 1642 ﬁlium,
998 1580 1171 1647 ipsum
1223 1586 1432 1644 patrem
1492 1585 1679 1640 vocat;
1732 1584 1785 1628 et
1837 1585 2057 1644 propter

486 1684 671 1738 Opera,
697 1678 995 1722 creatorem
1028 1675 1082 1721 et
1106 1664 1447 1720 effectorem:
1481 1666 1667 1718 eodem
1694 1663 1848 1730 plane
1877 1663 2053 1728 modo,

486 1761 576 1828 qui
610 1760 775 1813 Deum
813 1758 1146 1813 non-laetum
1180 1757 1330 1819 dicit,
1368 1771 1432 1810 ex
1476 1756 1606 1826 ipsis
1639 1755 1891 1824 operibus
1932 1769 2055 1808 eum

488 1850 561 1903 ita
610 1850 874 1911 nominat,
920 1848 1294 1919 signiﬁcatque
1348 1846 1496 1900 illum
1559 1861 1665 1899 non
1728 1845 1900 1901 solum
1947 1860 2052 1897 non

486 1958 607 1997 esse
642 1942 867 2006 factum,
899 1943 990 1995 sed
1034 1941 1211 2010 potius
1242 1955 1423 1994 rerum
1470 1939 1737 1993 factarum
1774 1950 2052 1992 auctorem
2085 1927 2126 1981 Β

485 2048 624 2090 esse.
658 2034 892 2086 Verbum
934 2045 1114 2086 autem
1138 2032 1281 2085 aliud
1318 2047 1345 2085 a
1382 2031 1538 2086 factis
1570 2030 1728 2085 rebus
1760 2046 1879 2085 esse
1915 2031 2052 2085 idem

486 2125 654 2187 novit,
706 2124 986 2194 solumque
1028 2122 1304 2193 pmprium
1360 2120 1535 2176 Patris
1565 2121 1734 2176 fetum
1787 2137 1926 2185 esse,
1959 2136 2056 2191 per

482 2232 640 2287 quem
676 2217 837 2270 etiam
869 2218 1048 2271 omnia
1075 2218 1213 2271 facta
1246 2225 1371 2270 sunt
1401 2230 1464 2269 ac
1497 2214 1815 2269 consistunt.

553 2307 642 2362 30.
684 2306 797 2363 Nec
828 2309 971 2363 enim
1012 2308 1109 2378 ipsi
1150 2321 1364 2377 quoque
1417 2307 1716 2375 prophetze,
1747 2306 1838 2374 qui
1880 2307 2049 2360 Deum

483 2401 908 2469 omnipotentem
959 2399 1324 2469 appellabant,
1373 2413 1496 2453 eum
1557 2400 1658 2453 hoc
1713 2400 2053 2455 exornabant

484 2495 725 2557 nomine,
752 2500 811 2543 ut
845 2491 1150 2545 iudicarent
1175 2489 1411 2544 Verbum
1444 2508 1608 2545 unum
1636 2506 1755 2546 esse
1794 2507 1858 2546 ex
1883 2493 2055 2546 omni-

484 2583 620 2646 bus;
670 2582 869 2652 quippe
927 2597 1046 2633 cum
1101 2582 1207 2635 illis
1258 2591 1597 2651 perspectum
1662 2590 1803 2636 esset
1859 2580 2052 2635 Filium

484 2672 649 2725 alium
691 2685 811 2725 esse
862 2685 891 2723 a
938 2670 1093 2725 lactis
1145 2670 1343 2735 rebus;
1379 2684 1610 2740 eumque
1636 2671 1705 2724 oh
1742 2685 1895 2725 suam
1928 2684 2052 2724 cum

483 2762 645 2818 Patre
685 2763 1119 2828 similitudinem,
1152 2765 1393 2819 omnium
1438 2778 1656 2833 quoque
1691 2778 1813 2819 esse
1870 2762 2053 2818 Domi-

488 2873 613 2909 num
646 2857 779 2910 :sed
818 2857 942 2924 quia
976 2858 1214 2910 omnium
1261 2872 1379 2925 qum
1408 2871 1503 2923 per
1534 2854 1727 2909 Filium
1758 2855 1905 2919 fecit,
1941 2856 2055 2926 ipse

488 2948 744 3001 Dominus
768 2957 874 3012 est,
896 2964 1192 3017 eorumque
1224 2956 1542 3017 potestatem
1577 2948 1713 3003 Filio
1750 2949 1917 3014 dedit,
1948 2965 2053 3019 qua

482 3040 627 3106 data,
660 3040 771 3108 ipse
802 3055 987 3093 rursus
1008 3042 1259 3095 omnibus
1299 3056 1394 3111 per
1422 3039 1655 3094 Verbum
1701 3040 2008 3095 dominatur
2035 3061 2048 3097 :

482 3134 732 3188 similiter
757 3133 959 3197 Deum,
990 3132 1272 3187 Dominum
1304 3132 1555 3185 virtutum
1576 3132 1781 3199 dixere,
1801 3148 1903 3186 non
1929 3133 2053 3203 quia

483 3223 716 3279 Verbum
744 3241 847 3279 una
874 3228 1037 3278 etiam
1066 3236 1210 3279 esset
1237 3237 1303 3277 ex
1338 3222 1440 3277 illis
1472 3222 1778 3287 virtutibus,
1809 3224 1902 3277 sed
1930 3223 2051 3290 quia

480 3329 535 3373 et
572 3318 691 3373 Filii
730 3319 908 3383 Pater,
937 3328 991 3372 et
1013 3318 1273 3371 virtutum
1300 3332 1395 3386 per
1424 3314 1619 3371 Filium
1653 3316 1917 3369 factarum
1951 3316 2053 3370 Do-

482 3409 659 3463 minus
703 3419 806 3462 est.
846 3407 981 3461 Nam
1023 3417 1078 3464 et
1124 3409 1297 3478 ipsum
1329 3408 1491 3463 etiam
1526 3405 1759 3461 Verbum
1792 3409 1932 3475 quod
1970 3416 2055 3462 est

482 3502 536 3555 in
570 3501 749 3566 Patre,
802 3501 994 3555 horum
1040 3503 1283 3555 omnium
1338 3500 1599 3556 Dominus
1628 3509 1731 3564 est,
1764 3500 2055 3568 omniaque

481 3594 647 3647 habet
682 3594 732 3647 in
764 3603 1053 3661 potestate,
1084 3594 1523 3663 quandoquidem
1561 3591 1681 3646 Filii
1715 3602 1839 3645 sunt
1870 3590 2052 3644 oniuia

479 3698 600 3751 qua:
630 3681 789 3737 Pater
819 3683 1000 3737 habet.
1036 3681 1109 3737 Ut
1146 3682 1311 3753 igitur
1352 3682 1440 3735 hic
1473 3692 1559 3736 est
1610 3680 1822 3735 illarum
1864 3681 2054 3735 dictio-

482 3790 608 3827 num
641 3788 856 3836 sensus,
879 3774 958 3827 sic
994 3774 1084 3842 qui
1122 3774 1286 3827 Deum
1315 3772 1653 3828 non-laetum
1680 3773 1823 3841 cupit
1852 3772 2053 3837 dicere,

482 3866 631 3919 dicat
670 3880 801 3919 sane
836 3866 881 3920 si
912 3881 1139 3935 prorsus
1171 3867 1243 3919 ita
1296 3867 1395 3935 ipsi
1432 3866 1649 3919 videtur
1674 3883 1689 3919 :
1718 3880 1904 3918 verum
1948 3880 2052 3918 nou

480 3971 546 4012 co
575 3967 758 4011 utatur
791 3958 1009 4009 nomine
1041 3966 1098 4010 ut
1138 3955 1409 4025 signiﬁcet
1440 3956 1675 4011 Verbum
1711 3955 1872 4009 rebus
1899 3956 2053 4011 factis

483 4054 949 4103 annumerandum
987 4064 1145 4115 esse;
1180 4048 1273 4102 sed
1307 4049 1433 4119 quia
1457 4050 1616 4110 Deus.
1647 4058 1703 4100 ut
1725 4064 1884 4116 supra
1922 4049 2053 4113 dixi,

484 4158 591 4196 non
634 4142 807 4197 solum
844 4158 948 4195 non
987 4152 1068 4196 est
1097 4142 1295 4207 factus,
1331 4142 1423 4195 sed
1467 4150 1522 4197 et
1556 4156 1741 4196 rerum
1779 4140 2050 4194 factarum

482 4251 581 4305 per
620 4236 895 4304 proprium
932 4234 1166 4291 Verbum
1202 4234 1427 4290 ell'ector
1454 4245 1559 4290 est.
1605 4234 1847 4304 Namque
1888 4234 2053 4288 etiam

482 4346 601 4381 cum
639 4330 761 4383 talis
798 4330 993 4383 dicitur
1017 4328 1198 4393 Pater,
1246 4330 1407 4401 186
1438 4330 1787 4383 nihilominus
1823 4325 2052 4381 Verbum

481 4427 535 4471 et
578 4420 753 4489 imago
800 4418 977 4473 Patris
1013 4429 1067 4473 ct
1114 4421 1286 4474 eidem
1342 4418 1805 4473 oonsuhstautiale
1851 4426 1955 4481 est,
1991 4431 2054 4470 ac

482 4512 703 4579 proinde
748 4528 871 4567 cum
929 4514 1046 4581 ejus
1088 4512 1158 4565 sit
1207 4512 1574 4581 imago,aliud
1628 4522 1773 4566 certe
1812 4525 1839 4562 a
1894 4510 2052 4563 rebus

2154 662 2414 730 παραιρεῖ
2430 660 2528 731 τὴν
2548 659 2643 714 τοῦ
2661 661 2830 728 Λόγου
2854 660 3033 730 φύσιν,
3060 662 3179 715 οὐδὲ
3202 661 3365 714 πάλιν
3393 660 3454 712 τὸ
3474 658 3733 729 ἀγένητον

2154 752 2289 823 πρὸς
2326 754 2416 806 τὸν
2446 754 2573 808 Υίὸν
2616 753 2729 825 ἔχει
2779 754 2840 807 τὸ
2871 755 3288 825 σημαινόμενον,
3320 752 3456 806 ἀλλὰ
3497 751 3637 823 πρὸς
3671 751 3736 803 τὰ

2154 845 2242 899 διὰ
2285 845 2378 899 τοῦ
2426 845 2555 900 Υίοῦ
2599 846 2895 918 γενόμενα·
2945 849 3037 901 καὶ
3082 847 3273 919 ὥσπερ
3310 849 3339 900 ὁ
3375 845 3467 899 τὸν
3513 844 3733 916 ἀρχιτέ-

2154 955 2319 991 κτονα
2368 937 2703 1010 προσφωνῶν
2748 939 2840 992 καὶ
2885 939 3056 1007 λέγων
3098 937 3431 1008 δημιουργὸν
3484 933 3666 996 οίκίας
3703 933 3735 1002 ἦ

2155 1029 2361 1094 πόλεως
2393 1030 2452 1083 οὐ
2490 1030 2813 1102 συναριθμεῖ
2856 1029 2931 1100 τῷ
2964 1030 3187 1099 ὀνόματι
3220 1029 3396 1099 τούτῳ
3424 1026 3516 1079 τὸν
3549 1025 3613 1090 ἐξ
3641 1025 3735 1077 αὒ-

2154 1121 2245 1175 τοῦ
2274 1121 2599 1192 γεννηθέντα
2630 1122 2743 1175 υίὸν
2762 1163 2775 1187 ,
2821 1122 2955 1175 ἀλλὰ
2981 1123 3067 1175 διὰ
3109 1122 3209 1193 μὲν
3243 1121 3343 1191 τὴν
3370 1121 3450 1181 είς
3490 1118 3561 1172 τὰ
3604 1116 3738 1188 ἔργα

2153 1214 2345 1285 τέχνην
2371 1216 2465 1267 καὶ
2492 1215 2589 1285 τὴν
2614 1216 2944 1286 ἐπιστήμην,
2977 1214 3260 1285 σημαίνων
3293 1214 3367 1284 μὴ
3402 1206 3545 1264 εἶναι
3578 1209 3739 1264 αὐτὸν

2154 1307 2389 1360 τοιοῦτον
2416 1304 2503 1361 οἷά
2534 1310 2649 1360 ἐστι
2688 1307 2757 1361 τὰ
2788 1308 2916 1379 παρ’
2955 1307 3118 1361 αὑτοῦ
3152 1306 3441 1376 γενόμενα,
3476 1304 3740 1374 δημιουρ-

2154 1399 2249 1467 γὸν
2282 1400 2442 1453 αὑτὸν
2468 1400 2649 1453 καλεῖ·
2682 1400 2779 1472 τὴν
2804 1400 2858 1453 δὲ
2891 1400 3048 1467 φύσιν
3076 1399 3167 1452 τοῦ
3203 1399 3529 1467 ποιήσαντος
3560 1393 3735 1457 εἰδὼς,

2154 1487 2291 1546 οἶδεν
2334 1492 2489 1546 ἄλλον
2523 1488 2657 1545 εἶναι
2692 1491 2843 1563 παρὰ
2887 1490 3057 1544 ταῦτα
3098 1490 3190 1542 τὸν
3236 1488 3293 1555 ἐξ
3338 1486 3505 1541 αὐτοῦ
3548 1502 3740 1556 γεννη-

2156 1583 2344 1637 Θέντα·
2375 1584 2469 1637 καὶ
2513 1584 2599 1637 διὰ
2631 1585 2729 1654 μὲν
2762 1584 2853 1636 τὸν
2888 1583 2998 1635 υἱὸν
3019 1624 3033 1646 ,
3087 1581 3301 1651 πατέρα
3342 1579 3507 1633 αὐτὸν
3549 1577 3735 1636 καλεῖ,

2154 1676 2241 1729 διὰ
2290 1676 2346 1729 δὲ
2401 1675 2469 1729 τὰ
2524 1675 2662 1747 ἔργα
2712 1674 2937 1747 κτίστην
2983 1674 3075 1727 καὶ
3118 1675 3382 1743 ποιητήν
3424 1671 3518 1723 τὸν
3580 1668 3739 1721 αὐτὸν

2153 1768 2402 1839 τρόπονὸ
2450 1768 2625 1837 λέγων
2672 1767 2814 1821 οὓτω
2872 1767 2963 1820 τὸν
3006 1766 3137 1819 Θεὸν
3189 1765 3453 1833 ἀγένητον
3518 1763 3587 1814 ἐκ
3632 1759 3738 1811 τῶν

2154 1862 2329 1933 ἔργων
2360 1860 2537 1914 αὐτῶν
2572 1860 2683 1931 (41)
2726 1860 2999 1931 ὀνομάζει,
3037 1858 3317 1930 σημαίνων
3349 1855 3424 1926 μὴ
3463 1854 3629 1924 μόνον
3666 1852 3737 1921 μὴ

2154 1948 2291 2005 εἶναι
2320 1951 2481 2004 αὐτὸν
2514 1950 2758 2022 γενητὸν,
2800 1950 2913 2003 ἀλλ’
2945 1950 3026 2003 ὅτι
3064 1948 3157 2001 καὶ
3196 1945 3304 1997 τῶν
3344 1941 3595 2013 γενητῶν
3631 1938 3737 2008 (49.)

2154 2044 2383 2115 ποιητής
2411 2045 2584 2096 ἐστιν’
2621 2038 2726 2095 οἶδε
2760 2041 2942 2111 μέντοι
2974 2040 3063 2094 τὸν
3091 2038 3260 2107 Λόγον
3287 2036 3444 2091 ἄλλον
3477 2035 3609 2086 ὄντα
3635 2029 3739 2115 τῶν

2152 2132 2416 2204 γενητῶν,
2446 2132 2542 2185 καὶ
2572 2132 2729 2204 μόνον
2766 2131 2896 2184 ἴδιον
2922 2129 3015 2183 τοῦ
3047 2128 3260 2201 [ἰατρὸς
3287 2126 3561 2196 γέννημα,
3585 2122 3650 2174 δι’
3680 2114 3739 2172 οὗ

2154 2223 2249 2275 καὶ
2272 2220 2341 2273 τὰ
2367 2222 2541 2274 πάντα
2574 2220 2762 2289 γέγονε
2793 2220 2887 2273 καὶ
2921 2219 3236 2287 συνέστηκε.

2225 2312 2312 2367 50.
2353 2313 2463 2366 Καὶ
2491 2312 2599 2384 γὰρ
2632 2312 2723 2365 καὶ
2760 2312 3173 2384 παντοκράτορα
3201 2308 3292 2361 τὸν
3337 2307 3473 2361 Θεὸν
3513 2306 3563 2358 οἱ
3612 2319 3741 2375 προ-

2156 2404 2319 2475 φῆται
2354 2402 2621 2471 λέγοντες,
2664 2403 2724 2456 οὐ
2754 2402 2843 2456 διὰ
2871 2402 2931 2455 τὸ
2974 2398 3113 2455 εἶναι
3154 2401 3243 2455 τὸν
3272 2399 3444 2469 Λόγον
3487 2397 3589 2450 ἕνα
3636 2396 3740 2449 τῶν

2155 2496 2392 2558 πάντων,
2434 2495 2603 2559 οὕτως
2634 2496 2794 2548 αὑτὸν
2838 2493 3219 2559 ἐπεκαλοῦντο,
3253 2493 3476 2564 ⁴ᾔδεισαν
3512 2490 3625 2562 γὰρ
3652 2489 3741 2541 τὸν

2155 2588 2280 2641 Υἱὸν
2323 2588 2479 2643 ἄλλον
2516 2587 2643 2640 ὄντα
2685 2588 2792 2641 τῶν
2822 2587 3084 2659 γενητῶν,
3130 2587 3222 2639 καὶ
3250 2585 3473 2638 πάντων
3512 2583 3610 2639 καὶ
3649 2580 3744 2635 αὑ-

2154 2682 2244 2735 τὸν
2278 2680 2611 2755 κρατοῦντα,
2661 2680 2801 2736 κατὰ
2851 2682 2949 2753 τὴν
2996 2680 3089 2735 τοῦ
3145 2680 3358 2751 Πατρὸς
3405 2678 3737 2751 ὁμοιότητα’

2155 2772 2269 2827 ἀλλ’
2298 2774 2381 2827 ὅτι
2429 2773 2667 2839 πάντων,
2708 2765 2781 2826 ὧν
2813 2772 2903 2826 διὰ
2932 2772 3025 2825 τοῦ
3060 2772 3189 2825 rio-3
3222 2771 3549 2839 πεποίηκεν,
3583 2766 3741 2829 αὐτὸς

2156 2868 2365 2937 κρατεῖ,
2404 2864 2607 2918 τούτων
2632 2882 2692 2918 τε
2719 2865 2817 2935 τὴν
2848 2864 3095 2928 ἐξουσίαν
3138 2863 3215 2933 τῷ
3244 2861 3363 2931 Υἱῷ
3393 2860 3621 2919 δέδωκε,
3650 2858 3742 2912 καὶ

2154 2956 2421 3020 δεδωκὼς,
2458 2956 2620 3011 πάλιν
2659 2956 2820 3020 αὐτὸς
2870 2955 2979 3008 τῶν
3031 2955 3247 3008 πάντων
3278 2952 3368 3006 διὰ
3419 2951 3514 3004 τοῦ
3569 2950 3741 3019 Λόγου

2156 3048 2418 3119 κυριεύει·
2463 3048 2625 3101 πάλιν
2668 3065 2727 3100 τε
2763 3046 2967 3117 Κύριον
2999 3046 3106 3100 τῶν
3156 3044 3439 3115 δυνάμεων
3489 3042 3743 3111 λέγοντες

2155 3141 2244 3194 τὸν
2271 3141 2424 3204 Θεὸν,
2452 3141 2512 3193 οὐ
2540 3140 2628 3194 διὰ
2652 3140 2713 3192 τὸ
2745 3134 2886 3192 εἶναι
2921 3140 3013 3192 καὶ
3058 3138 3149 3191 τὸν
3181 3138 3351 3204 Λόγον
3390 3136 3491 3189 ἕνα
3536 3133 3743 3188 τούτων

2156 3234 2263 3287 τῶν
2295 3232 2598 3303 δυνάμεων,
2624 3231 2767 3286 τοῦτ’
2799 3232 2981 3300 ἔλεγον
3027 3228 3140 3300 (45)
3163 3270 3176 3291 ,
3222 3229 3334 3283 ἀλλ’
3368 3229 3452 3281 ὅτι
3502 3225 3598 3279 τοῦ
3645 3225 3744 3295 μὲν

2155 3324 2284 3379 Υἱοῦ
2317 3327 2507 3396 Πατήρ
2542 3328 2685 3388 ἐστι,
2729 3324 2839 3377 τῶν
2876 3324 2932 3377 δέ
2972 3322 3059 3376 διὰ
3107 3322 3200 3375 τοῦ
3250 3320 3383 3373 Υἱοῦ
3435 3318 3743 3389 γενομένων

2153 3417 2435 3487 δυνάμεων
2460 3417 2665 3489 Κύριός
2693 3418 2829 3471 ἐστι.
2853 3416 2963 3469 Kal.
2990 3414 3097 3486 γὰρ
3128 3414 3219 3468 καὶ
3247 3413 3410 3476 αὐτὸς
3438 3413 3554 3483 (44)
3580 3410 3742 3464 πάλιν

2153 3510 2183 3562 ὁ
2206 3508 2375 3577 Λόγος
2408 3509 2465 3561 ἐν
2494 3507 2571 3577 τῷ
2605 3506 2783 3578 Πατρὶ
2833 3504 2930 3568 ῶν,
2968 3505 3184 3559 πάντων
3224 3504 3431 3557 τούτων
3472 3502 3590 3555 ἐστὶ
3628 3500 3741 3554 Κύ-

2157 3618 2302 3672 ριος,
2343 3601 2438 3655 καὶ
2486 3601 2703 3654 πάντων
2761 3603 2985 3671 κρατεῖ’
3036 3600 3212 3653 πάντα
3255 3596 3365 3668 γὰρ
3411 3597 3515 3649 ὅσα
3563 3596 3674 3664 ἔχει
3715 3597 3743 3645 ὁ

2156 3694 2364 3765 Πατὴρ,
2402 3693 2495 3746 τοῦ
2539 3692 2670 3745 Υίοῦ
2715 3692 2879 3745 ἐστιν.
2913 3692 3121 3761 Ὠσπερ
3164 3686 3255 3743 οὖν
3304 3687 3466 3741 τοῦτο
3504 3685 3742 3739 τοιοῦτον

2155 3784 2268 3855 ἔχει
2313 3786 2403 3837 τὸν
2442 3785 2566 3838 νοῦν
2601 3784 2733 3853 (45),
2775 3783 2947 3847 οὕτως
2987 3783 3015 3834 ὁ
3052 3781 3373 3851 βουλόμενος
3424 3778 3609 3846 λέγειν
3652 3775 3741 3828 τὸν

2156 3874 2287 3928 Θεὸν
2314 3875 2576 3944 ἀγένητον
2604 3874 2808 3942 λεγέτω
2854 3874 2981 3945 μὴν,
3008 3875 3052 3926 εί
3094 3872 3239 3935 ams.
3269 3869 3443 3933 οὕτως
3472 3868 3623 3938 αὑτῷ
3659 3868 3741 3920 δο-

2156 3968 2261 4028 κεῖ,
2298 3967 2371 4039 μὴ
2409 3966 2591 4037 μέντοι
2633 3966 2720 4019 διὰ
2747 3966 2806 4019 τὸ
2850 3964 2987 4019 εἶναι
3016 3964 3106 4018 τὸν
3134 3964 3304 4031 Λόγον
3334 3962 3442 4015 τῶν
3476 3959 3736 4031 γενητῶν,

2154 4056 2270 4112 ἀλλ’
2299 4058 2402 4120 ὅτι,
2445 4056 2588 4111 καθὰ
2637 4059 2922 4128 προεῖπον,
2949 4058 2976 4108 ὁ
3016 4056 3147 4118 Θεὸς
3188 4054 3245 4107 οὑ
3297 4054 3461 4124 μόνον
3493 4053 3594 4105 οὐκ
3629 4052 3739 4104 ἔστι

2154 4148 2401 4220 γενητὸς,
2431 4148 2565 4202 ἀλλὰ
2594 4148 2687 4201 καὶ
2717 4148 2824 4203 τῶν
2850 4146 3093 4217 γενητῶν
3116 4146 3347 4215 ποιητής
3372 4146 3489 4197 ἐστι
3526 4144 3615 4197 διά
3648 4142 3737 4195 τοῦ

2158 4238 2289 4291 ἰδίου
2328 4239 2521 4306 Λόγου.
2554 4240 2664 4291 Καὶ
2718 4238 2823 4309 γὰρ
2871 4239 2964 4291 καὶ
2995 4236 3137 4290 οὕτω
3174 4235 3471 4305 λεγομένου
3504 4234 3597 4287 τοῦ
3633 4234 3710 4285 Πα

2156 4332 2301 4403 τρὸς,
2342 4331 2501 4405 πάλιν
2534 4329 2706 4411 εἰκὼν
2736 4332 2764 4382 ὁ
2796 4331 2965 4398 Λόγος
3016 4330 3131 4382 ἐστὶ
3170 4328 3265 4382 καὶ
3304 4328 3595 4398 ὁμοούσιος
3645 4324 3735 4378 τοῦ

2155 4425 2365 4495 Πατρός
2385 4440 2397 4455 ·
2432 4423 2596 4477 εἰκὼν
2618 4421 2683 4475 ’δέ
2722 4421 2795 4475 ὣν
2822 4422 3007 4486 αὐτοῦ,
3044 4421 3201 4484 ἄλλος
3231 4421 3297 4475 ἂν
3327 4423 3412 4491 εἴη
3442 4419 3553 4472 τῶν
3582 4435 3738 4487 γενη-

2154 4514 2262 4568 τῶν
2308 4514 2401 4568 καὶ
2449 4514 2557 4565 τῶν
2600 4514 2843 4566 πάντων·
2878 4509 2939 4565 οὗ
2971 4512 3079 4583 γάρ
3122 4512 3270 4565 ἐστιν
3317 4510 3505 4573 εἰκὼν,
3550 4509 3734 4562 τούτου

481 4600 641 4654 factis
690 4611 745 4655 et
789 4603 856 4656 ab
908 4602 1162 4655 omnibus
1209 4615 1331 4655 esse
1391 4598 1675 4655 dicendum
1724 4608 1825 4652 est.
1878 4595 2047 4666 Cujus

2156 4606 2245 4659 κα)⁸
2284 4606 2383 4678 τὴν
2435 4588 2668 4676 ἰδιότητα
2713 4604 2807 4657 καὶ
2847 4603 2944 4675 τὴν
2983 4603 3241 4673 ὁμοίωσιν
3274 4602 3423 4673 ἔχει,
3466 4601 3608 4654 ὥστε
3649 4598 3736 4651 τὸν

478 4691 621 4745 enim
651 4703 736 4746 est
771 4694 970 4763 imago,
999 4694 1112 4759 ejus
1147 4704 1200 4746 et
1233 4694 1617 4761 proprietatem
1659 4698 1713 4744 et
1739 4688 2049 4742 similitudi-

480 4799 601 4837 nem
646 4785 831 4845 habet,
858 4786 993 4836 adeo
1042 4793 1096 4838 nt
1130 4784 1222 4852 qui
1254 4783 1466 4835 Patrem
1499 4779 1836 4835 non-factum
1862 4791 1914 4834 et
1937 4797 2053 4834 om—

2151 4696 2376 4767 λέγοντα
2424 4696 2685 4767 ἀγένητον
2734 4696 2829 4749 καὶ
2882 4694 3323 4773 πανέέράῃῇ
3346 4694 3439 4746 τὸν
3489 4691 3729 4763 Πατέρα,

2151 4788 2288 4841 νοεῖν
2322 4789 2379 4840 ἐν
2410 4786 2487 4856 τῷ
2520 4786 2769 4856 ἀγενήτῳ
2803 4790 2898 4839 καὶ
2924 4774 3156 4854 (λϐ)
3184 4774 3608 4854 mulcatam
3646 4780 3732 4833 καί

480 4876 811 4943 nipotentem
840 4876 1094 4946 appellat,
1123 4879 1167 4932 is
1205 4878 1255 4930 in
1286 4875 1577 4929 non—facto
1606 4885 1661 4929 et
1689 4875 2053 4942 omnipotente

2156 4878 2240 4932 τὸν
2267 4879 2457 4931 τούτου
2487 4878 2659 4946 Λόγον
2688 4878 2781 4929 καὶ
2811 4876 2912 4947 τὴν
2952 4876 3162 4947 σοφρν,
3196 4875 3315 4945 ἥτις
3345 4876 3496 4929 ἐστὶν
3534 4877 3563 4927 ὁ
3589 4874 3727 4935 Υἱός.

480 4967 642 5035 hujus
675 4966 902 5021 Verbum
936 4978 988 5022 et
1034 4969 1376 5038 sapientiam,
1420 4983 1539 5037 qua:
1593 4968 1705 5037 ipse
1749 4977 1831 5022 est
1862 4966 2054 5035 Filius,

479 5059 766 5129 intelligat.
805 5060 1003 5115 Verum
1050 5063 1249 5131 egregii
1287 5060 1362 5114 illi
1410 5070 1576 5129 atque
1622 5063 1686 5114 ad
1717 5062 2050 5130 impietatem

480 5152 748 5221 proclives
799 5153 1047 5208 homines
1093 5169 1284 5207 nomen
1350 5153 1614 5207 non-facti
1677 5154 2054 5221 excogitavere

479 5258 586 5297 non
638 5252 694 5295 ut
729 5240 892 5295 Deum
946 5242 1299 5306 honorareut,
1326 5244 1419 5296 sed
1452 5253 1511 5295 ut
1548 5243 1756 5313 signum
1792 5259 1902 5298 sine
1924 5259 2051 5313 erga

489 5334 827 5389 Salvatorem
867 5334 1253 5388 malevolentia:
1297 5334 1638 5388 exhiberem.
1690 5335 1747 5390 Si
1774 5335 1917 5389 enim
1954 5335 2045 5390 Dei

480 5424 653 5480 honor
694 5436 749 5480 et
788 5427 1067 5481 veneratio
1108 5424 1214 5480 illis
1253 5440 1397 5481 cura:
1444 5426 1654 5493 fuisset,
1701 5428 1871 5482 satius
1919 5442 2049 5483 sane

548 5656 663 5720 (Η)
695 5657 856 5711 Basil.
887 5659 1069 5712 αὐτόν.

551 5726 664 5848 (VH)
698 5732 789 5782 Sic
812 5728 944 5798 Reg.
983 5732 1049 5783 At
1077 5730 1167 5785 alii
1201 5739 1254 5784 et
1286 5731 1451 5787 editio
1478 5731 1739 5788 Commel.
1774 5730 2049 5801 γεννημάο

479 5815 557 5849 τω
596 5834 607 5846 .

514 5816 607 5849 ων.

555 5866 668 5936 (43)
709 5865 799 5920 Sic
861 5868 990 5939 Reg.
1036 5880 1088 5924 et
1138 5870 1300 5925 Basil.
1338 5870 1439 5929 Alii
1473 5886 1597 5929 vero
1644 5883 1694 5928 et
1726 5872 1874 5937 editi,
1908 5871 2049 5925 τοῦτ’

2165 4970 2304 5024 Ἀλλ’
2327 4972 2377 5024 οἱ
2406 4969 2711 5040 Θαυμαστοὶ
2739 4969 2833 5023 καὶ
2864 4969 2944 5032 εἰς
2966 4967 3217 5021 ἀσέϐειαν
3248 4968 3517 5039 εὐχερεῖς,
3544 4968 3604 5020 οὐ
3638 4965 3729 5035 τῆς

2157 5068 2237 5127 είς
2267 5065 2357 5117 τὸν
2388 5064 2518 5116 Θεὸν
2546 5063 2711 5133 τιμῆς
2757 5060 3159 5132 φροντίζοντες,
3207 5058 3440 5129 ἐφεῦρον
3475 5059 3538 5112 τὸ
3569 5058 3729 5129 ὄνομα

2157 5155 2252 5209 τοῦ
2284 5158 2566 5227 ἀγενήτου,
2612 5156 2710 5226 τῆς
2746 5154 2804 5207 δὲ
2849 5153 2991 5207 κατὰ
3018 5152 3111 5205 τοῦ
3151 5151 3405 5222 Σωτῆρος
3446 5152 3604 5223 χάριν
3639 5166 3727 5203 κα-

2157 5247 2399 5310 κονοίας·
2426 5249 2472 5299 εί
2501 5245 2610 5317 γὰρ
2655 5244 2878 5316 ἔμελλεν
2908 5244 3087 5308 αὐτοῖς
3115 5246 3279 5313 τιμῆς
3300 5243 3394 5295 καὶ
3429 5242 3722 5313 εὐφημίας.

2156 5338 2262 5391 ἔδει
2301 5336 2499 5409 μᾶλλον
2532 5338 2626 5391 καὶ
2658 5336 2815 5390 τοῦτο
2866 5334 3070 5405 βέλτιον
3111 5330 3179 5405 ἦν
3211 5334 3436 5405 Πατέρα
3480 5334 3573 5387 τὸν
3604 5332 3724 5385 Θεὸν

2152 5428 2349 5485 ειδέναι
2390 5447 2451 5484 τε
2499 5430 2593 5483 καὶ
2640 5428 2820 5497 λέγειν
2851 5429 3068 5495 αὐτοὺς,
3111 5427 3143 5498 ἢ
3194 5426 3421 5491 ἐκείνως
3449 5427 3723 5499 ὀνομάζειν

2156 5660 2463 5799 Sic
2492 5727 2618 5797 Reg.
2646 5729 2713 5781 At
2741 5729 2826 5799 alii
2854 5737 2907 5783 et
2929 5727 3080 5791 editi,
3111 5728 3221 5799 Καὶ
3245 5726 3356 5799 γὰρ
3378 5726 3560 5791 αὐτός.

2227 5797 2340 5865 (45)
2370 5798 2498 5869 Reg.
2528 5799 2618 5850 τὸν
2657 5798 2889 5852 τοιοῦτον
2914 5799 3023 5869 ἕχει
3056 5797 3196 5851 νοῦν.

2230 5869 2341 5941 (l6)
2374 5868 2461 5925 Sic
2492 5869 2620 5938 ιιι-ε.
2650 5869 2754 5923 Alii
2782 5866 2972 5923 autem
3000 5877 3056 5923 et
3083 5868 3206 5922 editi
3238 5866 3323 5934 τῷ
3341 5868 3604 5923 omittunt.
