3978 6506
181 365 280 424 473

1231 359 1320 414 DE
1353 358 1699 415 DECRETIS
1735 357 2040 416 ΝΙΟᾹΣΝλΕ
2084 358 2360 415 SYNODI.

3323 362 3430 417 476

181 483 396 549 αὐτούς’
437 482 698 552 λέγοντες
744 481 842 554 μὲν
886 480 996 553 γὰρ
1024 480 1220 534 ἐκεῖνοι
1260 479 1354 534 τὸν
1384 479 1516 533 Θεὸν
1562 479 1746 552 ἀγένη-

1861 491 1978 536 erat
2016 481 2414 552 priestabatque
2454 480 2578 536 illos
2620 480 2810 543 Deum,
2862 479 3080 536 Patrem
3133 493 3428 550 agnoscere

178 593 278 642 τον,
305 578 368 630 ὲκ
397 574 512 628 τῶν
541 575 850 646 γενομένων
879 573 1062 640 αὑτὸν,
1108 571 1251 626 καθὰ
1283 573 1746 644 προεῖπον,’ποιη⁴

1857 579 1912 625 et
1949 571 2149 636 dicere,
2198 586 2361 641 quam
2407 585 2530 626 eum
2589 569 2894 641 bujosmodi
2947 571 3164 627 nomine
3207 587 3427 629 vocare.

179 669 266 742 τὴν
299 667 463 740 μόνον
496 667 770 734 λέγουσιν,
799 666 885 718 ἵνα
931 665 1024 720 καὶ
1064 664 1160 719 τὸν
1201 665 1371 734 Λόγον
1406 664 1614 736 ποίημα
1663 681 1758 735 ση-

187 761 383 831 μάνωσι
432 758 578 811 κατὰ
624 758 722 828 τὴν
775 757 910 810 ίδίαν
955 756 1177 828 ἡδονήν·
1213 759 1242 809 6
1273 757 1329 810 δὲ
1361 757 1451 810 τὸν
1481 756 1612 810 Θεὸν
1644 756 1758 808 Πα-

182 853 300 922 τέρα
331 848 506 918 λέγων
542 848 707 913 εὐθὺς
752 850 809 901 ἐν
841 847 990 919 αὐτῷ
1039 849 1134 900 καὶ
1167 848 1256 902 τὸν
1302 847 1430 901 Υἱὸν
1474 847 1756 918 σημαίνει,

1858 661 1992 718 Cum
2030 663 2172 718 enim
2220 664 2293 717 illi
2343 663 2510 718 Deum
2556 665 2897 719 non-factum
2947 665 3239 734 appellant,
3273 665 3424 719 illum

1859 767 1924 807 ex
1971 754 2130 809 rebus
2174 755 2356 821 faetis,
2393 767 2453 811 ut
2497 773 2658 826 supra
2702 757 2835 822 dixi,
2879 757 3183 813 eﬂ‘ectoretn
3216 768 3426 812 tantum

1858 845 2066 914 dicunt,
2119 857 2177 903 ut
2226 851 2436 904 scilicet
2482 851 2717 906 Verbum
2769 867 2985 922 quoque
3044 853 3246 905 factum
3306 865 3428 906 esse

181 944 263 995 καὶ
291 942 386 994 οὐκ
415 941 700 1010 ἀγνοήσει,
736 941 840 1004 ὅτι,
881 939 1010 992 Υίοῦ
1064 939 1245 1004 ὄντος,
1286 939 1374 993 διὰ
1405 938 1498 993 τοῦ
1527 938 1655 992 Υἱοῦ
1688 936 1746 991 τό

1856 938 2184 1007 signiﬁcent,
2207 945 2348 1009 quod
2398 945 2614 1014 quidem
2676 945 2965 1013 plurimum
3018 945 3149 1014 ipsis
3202 945 3426 999 arridet.

182 1037 434 1105 γενόμενα
454 1031 687 1102 ἐκτίσθη
714 1032 908 1086 πάντα.

1856 1028 1956 1096 Qui
2007 1046 2136 1084 vero
2191 1031 2378 1101 Deum,
2420 1035 2636 1089 Patrem
2685 1037 2950 1098 nominat,
3000 1035 3183 1089 statim
3238 1035 3291 1090 in
3341 1036 3432 1089 illo

185 1125 360 1182 Fdium
392 1140 617 1196 quoque
644 1125 919 1196 intelligit,
954 1139 1054 1180 nec
1092 1124 1343 1180 dubitare
1388 1113 1569 1195 potest
1613 1123 1764 1193 quin,
1807 1120 1853 1176 si
1890 1119 2058 1177 Filius
2121 1125 2370 1192 exsistat,
2415 1142 2502 1182 res
2536 1127 2690 1182 facta:
2723 1142 2914 1183 omnes
2954 1142 3050 1194 per
3076 1127 3274 1182 Filiqu
3322 1128 3434 1182 sint

183 1231 381 1276 creatm.

242 1318 324 1373 5|.
368 1315 583 1370 Οὐκοῦν
619 1317 713 1370 καὶ
767 1315 966 1387 μᾶλλον
1013 1316 1046 1387 ἢ
1101 1315 1211 1387 (47)
1269 1315 1630 1387 ἀληθέστερον
1687 1313 1752 1368 ἂν

181 1409 256 1480 εἴη
287 1410 374 1461 τὸν
403 1408 537 1462 Θεὸν
570 1410 637 1462 ὲκ
675 1407 768 1461 τοῦ
799 1408 929 1461 Υίοῦ
966 1409 1249 1478 σημαίνειν
1289 1408 1382 1460 καὶ
1409 1407 1627 1478 Πατέρα
1671 1406 1754 1459 λέ-

181 1516 304 1566 γειν,
345 1498 471 1570 ἧὲκ
524 1499 702 1569 μόνων
742 1497 850 1550 τῶν
889 1498 1063 1570 ἔργων
1108 1496 1393 1568 ὀνομάζειν
1439 1497 1532 1550 καὶ
1574 1495 1752 1563 λέγειν

181 1591 324 1644 αὐτὸν
368 1591 663 1660 ἀγένητον·
712 1589 870 1641 τοῦτο
907 1589 1003 1660 μὲν
1049 1588 1156 1660 γὰρ
1189 1588 1258 1641 τὰ
1304 1589 1369 1640 ἐκ
1420 1587 1512 1641 τοῦ
1561 1586 1751 1658 βουλή-

179 1700 334 1754 ματος
379 1681 474 1735 τοῦ
523 1680 658 1736 Θεοῦ
705 1681 791 1734 διὰ
819 1681 912 1734 τοῦ
946 1681 1120 1750 Λόγου
1166 1680 1434 1750 γενόμενα
1479 1680 1616 1752 ἔργα
1652 1697 1740 1749 ση-

178 1775 373 1845 μαίνει·
423 1774 486 1825 τὸ
529 1773 588 1826 δὲ
645 1771 738 1826 τοῦ
785 1770 998 1844 Πατρὸς
1045 1773 1216 1843 ὸνομα
1259 1773 1320 1824 τὸ
1359 1771 1486 1825 ἴδιον
1536 1773 1600 1823 ἐκ
1650 1770 1748 1840 τῆς

173 1865 346 1928 οὐσίας
383 1863 553 1917 αὐτοῦ
597 1863 845 1934 γέννημα
887 1863 1163 1934 γνωρίζει.
1204 1864 1354 1933 Ὄσῳ
1400 1862 1455 1914 δὲ
1503 1864 1530 1914 6
1581 1861 1750 1929 Λόγος

172 1957 267 2010 τῶν
304 1955 555 2026 γενητῶν
581 1954 851 2027 διαφέρει,
882 1954 1134 2008 τοσοῦτον
1161 1955 1252 2007 καὶ
1283 1955 1444 2006 πλέον
1472 1954 1532 2006 τὸ
1571 1953 1748 2022 λέγειν

169 2050 250 2103 τὸν
268 2049 400 2103 Θεὸν
417 2048 642 2120 Πατέρα
657 2049 752 2102 τοῦ
775 2049 952 2118 λέγειν
975 2049 1238 2119 ἀγένητον
1265 2047 1508 2119 διαφέροι
1526 2047 1588 2102 ἄν
1604 2064 1618 2076 ·
1657 2047 1750 2100 καὶ

170 2143 266 2214 γὰρ
281 2140 443 2194 τοῦτο
461 2140 563 2211 μὲν
586 2140 834 2211 ἄγραφον
858 2141 952 2193 καὶ
969 2139 1232 2203 ὕποπτον,
1251 2139 1502 2211 ποικίλην
1519 2139 1638 2210 ἕχον
1654 2139 1750 2210 τὴν

171 2233 437 2303 σημασίαν
471 2230 642 2284 ἐστίν·
671 2221 842 2284 ἐκεῖνο
870 2231 978 2302 (48)
1005 2231 1063 2284 δὲ
1096 2229 1298 2283 ἁπλοῦν
1329 2231 1424 2283 καὶ
1451 2229 1748 2300 ἔγγραφον,

170 2328 251 2378 καὶ
269 2324 663 2398 ἀληθέστερον,
689 2327 783 2379 καὶ
814 2325 970 2396 μόνον
988 2328 1247 2396 σημαῖνον
1266 2324 1357 2377 τὸν
1374 2324 1521 2378 Υἱόν.
1554 2325 1665 2377 Καὶ
1692 2324 1752 2376 τὸ

170 2419 256 2488 μὲν
285 2420 556 2489 ἀγένητον
587 2419 720 2489 παρ’
756 2417 1022 2489 Ἑλλήνων
1053 2415 1282 2488 εὓρηται
1316 2416 1423 2468 τῶν
1469 2416 1543 2486 μὴ
1584 2432 1748 2484 γινω-

167 2499 396 2567 σκόντων
435 2506 530 2566 τὸν
571 2512 734 2564 Υίόψ
775 2511 836 2564 τὸ
867 2509 924 2562 δὲ
972 2510 1163 2581 Πατὴρ
1215 2509 1366 2580 παρὰ
1413 2506 1505 2560 τοῦ
1547 2508 1750 2579 Κυρίου

164 2608 310 2677 ἡμῶν
351 2604 610 2675 ἐγνώσθη
660 2605 755 2657 καὶ
789 2601 1146 2674 κεχάρισται·
1180 2601 1274 2654 καὶ
1315 2599 1423 2671 γὰρ
1463 2597 1616 2662 εἰδὼς
1655 2599 1753 2653 αύ-

163 2701 245 2766 τὸς
286 2699 434 2762 τίνος
475 2697 625 2751 ἐστὶν
665 2697 814 2761 Υἱὸς,
860 2695 1070 2765 ἐλεγενο
1111 2692 1253 2764 Ἐγὼ
1299 2693 1370 2746 ὲν
1408 2690 1488 2757 τῷ
1539 2690 1748 2758 "arpi,

164 2793 251 2846 mi
277 2796 308 2846 ὁ
329 2789 542 2859 Πατὴρ
565 2789 638 2843 ἐν
662 2788 793 2858 ἐμοί
810 2805 824 2818 ·
851 2788 966 2854 καὶ,
1001 2787 1062 2840 '0
1080 2782 1354 2854 ἑωρακὼς
1371 2782 1496 2852 ἐμὲ,
1523 2781 1747 2850 ἑώρακε

152 2873 259 2937 ’τὸν
285 2881 555 2950 Πατέραο
605 2881 720 2943 καὶ,
763 2878 904 2950 Ἐγὼ
941 2879 1037 2932 καὶ
1086 2879 1119 2930 ό
1165 2873 1368 2942 Πατὴρ
1412 2872 1481 2926 ἐν
1526 2873 1744 2942 ἐσμεν·

1784 1736 1821 1790 Β

1924 1313 2012 1370 3|.
2047 1313 2234 1384 Itaque
2273 1313 2464 1368 melius
2506 1314 2754 1369 veriusve
2795 1313 2958 1370 fuerit
2989 1315 3156 1370 Deum
3186 1331 3252 1371 ex
3293 1315 3433 1371 Filio

1853 1407 2157 1475 signiﬁcare
2206 1406 2532 1477 Patremque
2578 1408 2784 1472 dicere,
2823 1424 2985 1478 quam
3025 1425 3148 1464 eum
3192 1425 3258 1466 ex
3297 1412 3428 1466 solis

1851 1499 2107 1567 opeiibus
2157 1497 2496 1555 non-factum
2561 1500 2852 1569 appellare.
2917 1499 3048 1554 Nam
3093 1501 3145 1554 id
3209 1502 3425 1570 quidem

1853 1605 2044 1644 nomen
2079 1605 2242 1658 opera
2292 1606 2356 1645 ex
2405 1591 2494 1644 Dei
2542 1590 2816 1646 voluntate
2856 1607 2953 1661 per
2998 1592 3230 1648 Verbum
3281 1594 3420 1648 facta
3470 1577 3474 1580 ’

1853 1679 2300 1735 indicat:Patris
2354 1691 2533 1735 autem
2593 1693 2786 1736 nomen
2849 1684 3127 1752 preprium
3181 1699 3246 1737 ex
3307 1684 3426 1752 ejus

1851 1772 2152 1827 substantia
2199 1771 2370 1825 fetum
2421 1771 2710 1841 signiﬁcat.
2762 1774 3034 1841 Quantum
3099 1788 3280 1829 autem
3341 1785 3424 1830 est

1850 1863 2177 1917 discriminis
2211 1863 2445 1917 Verbum
2487 1863 2630 1918 inter
2668 1873 2722 1919 et
2758 1881 2844 1920 res
2891 1864 3084 1932 factas,
3125 1876 3330 1920 tantum
3371 1876 3425 1923 et

1851 1953 2079 2022 amplius
2099 1952 2275 2008 diﬁ‘ert
2311 1955 2499 2022 Deum,
2532 1953 2744 2009 Patrem
2779 1957 2978 2020 dicere,
2998 1969 3050 2012 et
3081 1974 3184 2012 non
3205 1957 3418 2013 factum

1849 2046 2137 2115 appellare.
2175 2045 2290 2100 Hoc
2318 2047 2462 2101 enim
2493 2063 2685 2103 nomen
2733 2050 2784 2103 in
2844 2049 3144 2118 Scripturis
3177 2067 3283 2105 non
3321 2067 3424 2106 ex—

1849 2147 1956 2190 stat
1991 2148 2409 2209 suspectumque
2450 2148 2555 2206 est,
2599 2156 2662 2194 ac
2699 2141 2904 2195 variam
2947 2142 3109 2196 habet
3147 2143 3426 2212 signitice-

1852 2230 2072 2284 tiouem.
2112 2232 2178 2285 At
2203 2232 2432 2300 simplex
2462 2242 2544 2288 est
2573 2233 2714 2288 aliud
2747 2248 2967 2301 nomen,
2995 2235 3332 2305 habeturque
3363 2237 3417 2292 in

1851 2322 2167 2392 Scripturis,
2228 2339 2291 2377 ac
2341 2323 2556 2378 veritati
2615 2327 2788 2397 magis
2837 2337 2919 2383 est
2965 2339 3417 2390 consentaneum.

1849 2428 2021 2482 eoque
2077 2414 2222 2469 solus
2271 2414 2436 2471 Filius
2482 2417 2842 2488 significatur.
2880 2417 3180 2484 Prtetcrea,
3217 2437 3412 2476 nomen

1851 2505 2114 2561 non-facti
2159 2523 2191 2562 a
2223 2509 2515 2576 gentilibus
2556 2511 2645 2580 qui
2682 2509 2877 2565 Filium
2933 2526 3037 2564 non
3087 2520 3422 2581 cognoscunt

1853 2597 2126 2651 inventum
2176 2610 2296 2653 est:
2327 2608 2382 2653 at
2433 2598 2608 2654 Patris
2661 2616 2854 2656 nomen
2903 2601 2970 2656 ab
3023 2600 3140 2671 ipso
3195 2601 3422 2656 Domino

1849 2696 2036 2740 uestro
2065 2690 2346 2756 probatum
2380 2698 2435 2743 et
2469 2691 2652 2744 datum
2682 2702 2783 2745 est.
2810 2689 2922 2760 Ipse
2947 2690 3114 2754 enim,
3145 2691 3233 2760 qui
3271 2702 3425 2746 certe

1849 2781 2002 2848 cuius
2022 2780 2190 2834 Filius
2210 2792 2372 2846 esset,
2408 2799 2513 2836 non
2545 2784 2837 2848 nesciebat,
2870 2783 2945 2837 ait
2975 2802 2988 2837 :
3013 2781 3124 2855 Ego
3149 2786 3201 2838 in
3233 2782 3418 2850 Patre,

1853 2883 1900 2924 et
1934 2869 2100 2924 Pater
2133 2875 2186 2925 in
2219 2889 2301 2926 me
2337 2885 2407 2926 est
2430 2873 2605 2936 “,et:
2633 2874 2737 2938 Qui
2775 2876 2908 2948 videt
2937 2891 3036 2939 me,
3062 2875 3198 2928 videt
3226 2884 3274 2927 et
3311 2873 3423 2928 Pa-

163 2978 246 3028 καὶ
278 2974 524 3046 οὐδαμοῦ
565 2973 814 3043 φαίνεται
853 2971 945 3024 τὸν
993 2969 1210 3040 Πατέρα
1259 2967 1441 3021 καλῶν
1483 2967 1746 3038 ἀγένητον

1853 2971 1978 3017 irent
2000 2965 2064 3029 ",
2093 2977 2146 3018 et
2176 2979 2191 3018 :
2221 2966 2329 3034 Ego
2367 2974 2414 3017 et
2454 2964 2617 3019 Pater
2653 2982 2812 3019 unum
2848 2967 3110 3020 sumus“.
3141 2965 3297 3019 Nullo
3325 2981 3424 3020 au-

161 3071 313 3133 αὑτός
333 3087 346 3100 ο
373 3068 515 3122 ἀλλὰ
552 3068 647 3120 καὶ
673 3067 820 3136 ἡμᾶς
847 3062 1102 3136 εὔχεσθαι
1134 3062 1399 3115 διδάσκων
1430 3059 1528 3114 οὐκ
1560 3055 1710 3113 εἶπεν
1729 3076 1743 3090 ο

1853 3063 1956 3107 tem
2009 3054 2060 3106 in
2111 3053 2231 3108 loco
2281 3053 2496 3108 Patrem
2533 3055 2646 3124 ipse
2677 3055 3016 3109 non-factum
3064 3064 3241 3111 vocat.
3273 3054 3418 3122 Quin

163 3164 321 3216 Ὅταν
371 3161 429 3214 δὲ
483 3155 885 3230 προσεύχησθε,
919 3155 1136 3224 λέγετεο
1185 3151 1285 3206 Θεὲ
1323 3151 1552 3223 ἀγένητε
1603 3149 1742 3219 (49)’

158 3252 286 3305 ἀλλὰ
339 3251 572 3323 μᾶλλον·
609 3249 779 3301 Ὅταν
831 3243 1242 3318 προσεύχησθε,
1292 3243 1511 3312 λέγετε·
1555 3240 1748 3309 Πάτερ

159 3346 322 3414 ἡμῶν
355 3349 388 3399 ό
433 3345 507 3397 ἐν
555 3341 684 3407 τοῖς
740 3339 1047 3408 οὐρανοῖς-ο
1104 3339 1198 3390 καὶ
1245 3336 1306 3389 τὸ
1350 3334 1643 3404 κεφάλαιον
1689 3333 1748 3386 δὲ

157 3431 245 3500 τῆς
285 3431 528 3494 πίστεως
577 3428 736 3501 ἡμῶν
777 3430 855 3492 εἰς
913 3426 1071 3480 τοῦτο
1116 3425 1408 3479 συντείνειν
1461 3422 1744 3494 ἠθέλησεν.

168 3525 450 3577 Ἐκέλευσε
503 3522 615 3594 γὰρ
667 3523 813 3594 ἡμᾶς
868 3519 1224 3592 βαπτίζεσθαι
1289 3519 1389 3572 οὐκ
1448 3519 1528 3580 είς
1578 3518 1748 3588 δνομα

155 3618 422 3687 ἁγενήτου
461 3616 560 3669 καὶ
593 3613 848 3686 γενητοῦ,
882 3612 1002 3666 οὐδὲ
1034 3615 1113 3675 εἰς
1158 3611 1327 3682 ὄνομα
1368 3609 1623 3663 ἀκτὶστου
1657 3609 1747 3662 καὶ

157 3707 490 3777 κτίσματος,
538 3701 654 3757 ἀλλ’
699 3705 778 3766 είς
833 3701 1006 3773 δνομα
1049 3701 1262 3772 Πατρὸς
1320 3700 1412 3754 καὶ
1479 3699 1610 3752 Υἱοῦ
1655 3701 1748 3754 καὶ

153 3797 302 3863 ἁγίου
352 3795 713 3866 Πνεύματος’
767 3791 908 3846 οὕτω
939 3792 1045 3864 γὰρ
1087 3790 1448 3862 τελειούμενοι
1475 3789 1746 3842 υἱοποιού-

157 3888 288 3955 μεθα
319 3888 422 3941 καὶ
453 3888 617 3957 ἡμεῖς
649 3882 885 3956 ἀληθῶς,
918 3884 1012 3937 καὶ
1040 3883 1100 3937 τὸ
1126 3883 1221 3937 τοῦ
1252 3881 1467 3953 Πατρὸς
1493 3880 1748 3952 δὲ’δνομα

152 3979 438 4048 λέγοντες,
492 3975 932 4048 ὲπιγινώσκομεν
980 3977 1047 4029 ὲκ
1092 3973 1188 4027 τοῦ
1241 3973 1505 4043 ὀνόματος
1553 3971 1746 4024 τούτου

151 4072 239 4124 καὶ
268 4070 368 4125 τὸν
405 4072 465 4124 ὲν
495 4069 573 4141 τῷ
612 4067 789 4141 Πατρὶ
810 4066 1002 4136 Λόγον.
1043 4067 1109 4120 Ei
1140 4066 1196 4120 δὲ
1225 4065 1323 4120 καὶ
1353 4062 1572 4133 Πατέρα
1598 4061 1742 4117 θέλει

149 4160 322 4232 λέγειν
377 4160 540 4233 ἡμῶν
581 4158 677 4212 τὸν
720 4158 848 4213 ἴδιον
885 4157 1077 4212 ἑαυτοῦ
1123 4156 1364 4228 Πατέρα,
1402 4155 1461 4208 ού
1507 4151 1612 4225 χρὴ
1658 4153 1746 4206 διὰ

147 4255 301 4310 τοῦτο
332 4253 710 4309 συνεκτείνειν
739 4251 962 4314 ἑαυτοὺς
990 4251 1068 4324 τῷ
1107 4248 1222 4320 Υἱῷ
1250 4247 1391 4302 κατὰ
1425 4246 1524 4318 τὴν
1549 4244 1708 4315 φύσιν
1727 4262 1741 4276 ⁸

147 4328 236 4401 καὶ
259 4348 431 4401 τοῦτο
463 4347 575 4418 γὰρ
600 4345 670 4398 δι’
698 4345 858 4396 αὑτὸν
897 4343 1113 4412 λέγεται
1150 4342 1278 4412 παρ’
1304 4343 1336 4414 ἡ
1347 4340 1485 4412 μῶν.
1525 4340 1741 4412 Ἐπειδὴ

145 4438 245 4511 γὰρ
279 4440 345 4492 τὸ
374 4438 650 4508 ἡμέτερον
680 4436 708 4487 ὁ
734 4433 906 4502 Λόγος
933 4435 1162 4505 ὲφὸρεσε
1193 4433 1374 4502 σῶμα,
1405 4431 1500 4484 καὶ
1521 4431 1742 4500 γέγονεν

1853 4430 2086 4487 Voroum
2136 4448 2333 4502 corpus
2373 4443 2618 4486 nostrum
2659 4431 2972 4500 assumpsit,
3028 4440 3078 4482 et
3133 4432 3272 4484 inter
3317 4444 3414 4482 nos
3518 4503 3530 4513 .

144 4533 196 4586 ἐν
221 4534 360 4605 ἡμῖν
377 4549 398 4563 ο
427 4529 742 4590 ἀκολούθως
769 4526 858 4580 διὰ
885 4526 975 4579 τὸν
1000 4528 1057 4580 ἐν
1089 4528 1222 4596 ἡμῖν
1251 4524 1423 4591 Λόγον
1450 4525 1546 4577 καὶ
1583 4521 1739 4595 ἡμῶν

141 4629 168 4678 6
194 4627 329 4702 Θεὸς
379 4626 610 4695 λέγεται
637 4622 851 4692 Πατήρ.
888 4620 962 4673 Τὸ
993 4619 1102 4692 γὰρ
1130 4621 1189 4672 ἐν
1214 4621 1347 4690 ἡμῖν
1389 4616 1612 4688 Πνεῦμα
1645 4614 1739 4669 τοῦ

144 4716 312 4784 Λόγου
359 4716 431 4768 δι’
479 4712 641 4785 ἡμῶν
681 4712 772 4765 τὸν
814 4709 1007 4764 ἑαυτοῦ
1043 4711 1263 4782 Πατέρα
1310 4710 1387 4774 ὡς
1426 4710 1582 4781 ἡμῶν
1625 4709 1742 4762 ὀνο-

144 4807 338 4875 μάζει·
386 4801 549 4867 οὗτος
589 4804 645 4856 δὲ
675 4801 785 4872 (50)
831 4800 925 4854 τοῦ
965 4802 1287 4854 Ἀποστόλου
1325 4801 1449 4864 νοῦς
1495 4802 1611 4854 ἐστι
1655 4800 1740 4852 λέ-

139 4914 323 4966 γοντος
343 4914 359 4928 ·
438 4893 907 4958 Ἐξαπέστειλεν
949 4896 982 4945 ό
1029 4891 1176 4957 Θεὸς
1225 4891 1290 4945 τὸ
1341 4891 1582 4960 Πνεῦμα
1634 4890 1740 4943 τοῦ

147 4991 280 5044 Υὶοῦ
312 4987 517 5042 αὐτοῦ
554 4989 644 5052 εις
670 4984 777 5051 τὰς
803 4983 1048 5054 καρδίας
1079 4983 1248 5052 ἡμῶν
1276 4984 1491 5052 κράζον-
1509 4999 1522 5012 ·
1573 4980 1738 5040 Ἇϐϐᾶ.

137 5085 165 5134 ό
205 5081 426 5149 Πατήρ
438 5120 450 5133 .

203 5175 295 5227 31.
357 5170 508 5224 Ἀλλ’
567 5169 699 5232 ἴσως
745 5169 840 5221 καὶ⁴
891 5168 982 5222 διὰ
1030 5170 1090 5223 τὸ
1136 5168 1306 5239 ὄνομα
1348 5168 1410 5220 τὸ
1475 5165 1737 5235 ἀγένητον

138 5266 518 5339 ἐλεγχθέντες,
569 5265 797 5336 πονηροὶ
843 5265 933 5318 τὸν
965 5266 1162 5337 τρόπον
1194 5264 1378 5327 ὄντες,
1426 5263 1740 5334 ἐθελήσουσι

1849 3146 2010 3200 etiam
2038 3162 2158 3200 cum
2181 3162 2276 3202 nos
2303 3161 2458 3201 orare
2488 3146 2690 3208 docuit.
2717 3163 2819 3200 non
2848 3147 2980 3200 dixit
3008 3163 3023 3201 :
3053 3145 3186 3200 Cum
3219 3149 3412 3211 oratis,

1849 3239 2009 3292 dicite
2042 3257 2055 3292 :
2088 3240 2225 3293 Dens
2270 3239 2571 3293 non-facte.
2608 3237 2712 3293 Sed
2745 3241 2922 3308 potius
2949 3255 2963 3290 :
2987 3237 3118 3292 Cum
3154 3239 3400 3292 oraveri-

1851 3331 1939 3395 tis,
1980 3331 2175 3384 dicite:
2210 3328 2369 3384 Pater
2398 3343 2572 3385 noster
2601 3332 2768 3400 quies
2823 3331 2876 3384 in
2918 3331 3056 3384 caelis
3083 3329 3148 3386 Η⁵.
3207 3330 3417 3386 Nostra

1849 3435 2061 3488 quoque
2090 3420 2214 3475 ﬁdei
2243 3430 2402 3490 caput
2426 3423 2614 3475 eodem
2645 3421 2811 3476 voluit
2837 3432 3099 3491 spectare.
3133 3421 3240 3476 Nec
3269 3423 3413 3477 enim

1849 3528 1949 3568 nos
1998 3514 2051 3568 in
2115 3515 2330 3568 neruine
2386 3513 2649 3569 non-facti
2699 3523 2752 3569 et
2799 3514 2949 3580 facti,
2977 3513 3060 3568 vel
3097 3515 3151 3569 in
3197 3515 3415 3569 nomine

1851 3605 2157 3660 non-creati
2188 3615 2244 3661 et
2273 3607 2438 3660 creati
2483 3606 2745 3675 baptizari
2773 3606 2953 3676 jussit,
2983 3607 3075 3662 sed
3114 3607 3166 3662 in
3199 3608 3417 3662 nomine

1848 3696 2026 3752 Patris
2067 3707 2121 3752 et
2162 3696 2286 3752 Filii
2311 3707 2365 3753 et
2400 3698 2636 3768 Spiritus
2676 3701 2872 3754 sancti.
2918 3699 2994 3754 Ita
3023 3701 3166 3754 enim
3199 3715 3296 3753 nos
3322 3699 3419 3753 ini-

1852 3789 1968 3843 tiati
2005 3803 2130 3844 vere
2173 3790 2434 3844 ellicimur
2470 3790 2560 3844 lilii
2595 3790 2710 3854 Dei,
2744 3801 2798 3846 et
2831 3793 3008 3846 Patris
3044 3805 3238 3846 nomen
3288 3805 3412 3860 pro-

1849 3881 2184 3949 nuntiantes,
2208 3897 2274 3936 ex
2305 3881 2406 3935 boe
2446 3882 2663 3937 nomine
2697 3881 2950 3946 Verbum.
2985 3883 3128 3953 quod
3176 3883 3228 3936 in
3255 3880 3418 3936 Patre

1847 3983 1952 4040 est,
1981 3974 2378 4046 cognoscimus.
2420 3972 2572 4028 Licet
2602 3989 2764 4044 porro
2815 3975 3091 4045 preprium
3115 3974 3216 4029 -sni
3251 3974 3419 4044 ipsius

1847 4064 2086 4132 Patrem,
2124 4078 2365 4124 nostrum
2409 4083 2626 4139 quoque
2664 4067 2879 4122 Patrem
2925 4067 3184 4136 appellari
3224 4081 3418 4122 conce-

1847 4158 1959 4224 dat,
2000 4173 2107 4214 non
2149 4168 2328 4214 tamen
2386 4161 2592 4215 idcirco
2635 4175 2732 4214 nos
2773 4174 2895 4214 cum
2937 4157 3074 4214 Filio
3121 4159 3418 4213 secimdnm

1846 4260 2094 4304 naturam
2138 4265 2425 4319 exaequare
2465 4251 2746 4304 debemus.
2784 4247 2987 4317 Nempe
3022 4249 3066 4302 is
3101 4248 3214 4316 ipse
3251 4263 3416 4302 causa

1845 4351 1932 4394 est
1983 4355 2082 4395 cur
2124 4342 2197 4395 ita
2246 4343 2410 4395 etiam
2455 4357 2485 4394 a
2515 4341 2670 4395 nobis
2713 4340 3034 4409 appelletur.
3073 4339 3208 4405 Quia
3265 4339 3413 4392 enim

1846 4526 2050 4580 versari
2081 4524 2284 4591 voluit;
2314 4526 2706 4579 convenienter
2727 4525 2795 4578 ob
2841 4523 3072 4578 Verbum
3105 4522 3246 4590 quod
3275 4523 3415 4591 apud

1847 4631 1947 4670 nos
1979 4625 2083 4680 est,
2132 4625 2319 4669 noster
2362 4629 2577 4684 quoque
2629 4613 2792 4668 Pater
2839 4613 2980 4668 Deus
3022 4617 3136 4682 ipse
3194 4612 3416 4666 dicitur.

1848 4701 1981 4760 Nam
2013 4706 2172 4762 Verbi
2205 4706 2437 4775 Spiritus
2468 4707 2558 4777 qui
2591 4707 2644 4762 in
2676 4705 2826 4760 nobis
2861 4716 2964 4768 est,
3003 4721 3103 4775 per
3136 4718 3233 4759 nos
3257 4719 3414 4758 suum

1848 4801 2018 4871 ipsius
2053 4799 2264 4855 Patrem
2297 4808 2552 4869 tauquam
2589 4810 2833 4853 nostrum
2885 4799 3142 4868 appellat.
3176 4797 3246 4851 Ea
3283 4811 3416 4851 sane

1848 4907 2003 4946 mens
2041 4900 2126 4946 est
2173 4890 2415 4960 Apostoli
2467 4892 2739 4945 dicentis:
2773 4889 2919 4944 Misit
2970 4889 3108 4942 Deus
3157 4886 3412 4954 Spiritum

1846 4983 1982 5038 Filii
1997 4986 2080 5038 sui
2114 4985 2168 5037 in
2190 4983 2351 5037 corda
2378 4995 2557 5038 nostra
2579 4983 2890 5037 clamantem
2915 4998 2934 5038 :
2957 4983 3102 5036 Abba
3121 4981 3281 5034 Pater
3300 4979 3365 5037 ³⁸.

1915 5166 2004 5222 ’62.
2039 5165 2236 5221 Verum
2278 5166 2526 5220 fortassis
2557 5165 2655 5234 ipsi
2691 5162 2906 5218 tandem
2957 5159 3188 5216 convicti
3221 5170 3412 5211 nomen

1847 5259 2114 5314 non-facti
2164 5259 2343 5324 inepte
2379 5274 2688 5328 usurpaSse,
2721 5259 2833 5310 haec
2879 5255 3034 5310 nobis
3066 5267 3163 5320 pro
3192 5266 3285 5303 sua
3315 5247 3415 5300 im-

137 5336 444 5414 και-αὑτοὶ
495 5359 710 5427 λέγειν·
750 5358 894 5410 Ἔδει
945 5336 1038 5411 καὶ
1089 5361 1216 5430 περὶ
1265 5358 1357 5410 τοῦ
1396 5357 1602 5430 Κυρίου
1649 5357 1743 5408 καὶ

1853 5354 2114 5421 probitate
2146 5350 2310 5402 velint
2338 5365 2597 5418 reponere
2630 5366 2644 5401 :
2677 5349 2954 5402 Decuisset
2989 5344 3151 5410 igitur
3184 5336 3317 5392 nihil
3348 5336 3413 5388 de

139 5453 398 5528 Σωτῆρος
445 5451 606 5524 ήμῶν
640 5449 812 5523 Ἰησοῦ
860 5451 1096 5523 Χριστοῦ
1140 5428 1204 5505 ὲκ
1247 5451 1357 5507 τῶν
1399 5428 1632 5522 Γραφῶν
1674 5450 1742 5504 τὰ

1853 5445 2078 5500 Domino
2129 5451 2185 5498 et
2233 5442 2518 5496 Salvatore
2565 5451 2752 5494 nostro
2781 5438 2908 5492 Jesu
2950 5431 3168 5488 Christo
3208 5428 3418 5493 dicere,

233 5641 276 5673 "
308 5639 486 5696 Joan.
518 5651 630 5700 xiv,
669 5633 754 5689 10.
832 5634 876 5666 ’³
904 5634 1030 5699 ibid.
1057 5633 1112 5690 9.
1191 5634 1236 5666 ¹⁸
1263 5632 1423 5690 Joan.
1458 5649 1515 5699 ι,
1545 5633 1638 5690 30.
1715 5633 1758 5664 “
1785 5629 1978 5685 Matth.
2013 5642 2087 5690 vi,
2117 5627 2171 5682 9.

200 5761 328 5833 ⁴(ΓΙ)
369 5760 453 5833 :H
486 5757 822 5833 deletumest
849 5758 899 5811 in
939 5755 1109 5826 Regio
1133 5755 1342 5833 codice.

211 5827 328 5902 (-58)
363 5830 466 5886 Sic
501 5828 630 5897 Reg.
665 5830 768 5884 Alii
798 5839 974 5884 autem
1009 5836 1062 5882 et
1090 5828 1241 5889 editi,
1276 5827 1410 5880 ἐκεῖ.

2248 5623 2292 5659 ⁵⁸
2321 5625 2497 5681 Galat.
2533 5639 2607 5689 tv,
2635 5619 2688 5675 6.
2791 5659 2797 5664 -
2859 5666 2866 5680 ..

1917 5747 2029 5819 (ιθ)
2062 5746 2151 5800 Sic
2177 5743 2423 5819 _Reg._At
2459 5743 2550 5819 alii
2580 5749 2634 5795 et
2661 5738 2812 5803 editi,
2841 5735 2971 5819 Θεὸς
2986 5734 3295 5819 ⁸ᾁγέννητε.

1914 5806 2026 5889 (50}
2053 5819 2144 5875 Sic
2176 5806 2304 5885 ιιεεῖ
2337 5813 2392 5868 lu
2422 5813 2542 5869 aliis
2568 5827 2692 5867 vero
2714 5821 2766 5865 et
2797 5811 2956 5867 editis
2981 5806 3038 5862 δέ
3071 5806 3240 5864 deest.
