3954 6494
475 401 583 459 475

1039 398 1097 453 S.
1138 394 1508 450 ATHANASII
1543 393 1691 447 Ol‘P.
1733 390 1911 444 PARS
1953 390 1993 443 Ι.
2026 420 2091 429 —-
2133 388 2501 444 HISTORICA
2543 390 2628 443 ΕΤ
2667 388 3087 444 DOGMATICA.

3624 387 3728 446 A76

478 518 583 573 nisi
611 530 731 585 qua:
760 513 827 568 de
880 511 971 566 illo
1007 513 1059 565 in
1104 510 1400 579 Scripturis
1452 509 1740 569 habentur,
1771 520 1875 558 non
1913 518 2039 555 vero

2149 504 2267 572 περὶ
2297 504 2459 555 αὑτοῦ
2490 506 2849 574 γεγραμμένα
2876 506 3151 573 λέγεσθαι,
3184 505 3278 557 καὶ
3304 506 3417 575 (51)
3448 507 3525 577 μὴ
3555 506 3728 576 ἀγρά-

479 606 766 667 vocabula,
800 618 917 672 qua:
948 604 999 656 in
1027 600 1326 671 Scriptnris
1355 615 1460 653 non
1494 608 1729 660 exstent,
1762 595 2041 649 inducere.

478 697 555 754 Ita
585 712 715 752 sane
741 696 1043 765 oportuisse
1074 710 1173 761 ego
1206 708 1417 760 quoque
1438 690 1803 745 consenserint
1830 705 1846 742 :
1875 688 2044 755 siqui-

408 794 419 806 ⁶
480 792 605 845 dem
642 790 794 857 longe
821 788 1025 854 aptiora
1059 796 1186 839 sunt
1215 786 1459 838 veritatis
1490 796 1803 853 argumenta
1830 796 1948 848 qua:
1979 796 2044 833 ex

482 886 777 952 Scripturis
842 890 1123 939 eruuntur,
1197 877 1355 947 187
1412 893 1573 944 quant
1634 891 1753 944 quae
1809 874 2043 925 aliunde.

481 974 698 1035 Verum.
756 974 830 1025 uti
882 974 994 1039 jam
1049 970 1185 1033 dixi,
1240 969 1570 1038 perversitas
1635 966 1938 1034 astutiaque
1994 973 2048 1017 et

477 1067 749 1122 versatilis
797 1065 1223 1118 Eusebianorum
1265 1062 1513 1130 impietas
1548 1061 1830 1130 episcopos
1873 1058 2045 1123 impu-

477 1160 555 1219 lit,
590 1166 646 1209 ιιι
678 1158 860 1217 verba,
896 1158 1093 1223 quilms
1140 1154 1355 1206 illorum
1393 1153 1643 1221 impietas
1684 1158 2043 1211 everteretur,

482 1250 735 1317 tiquidius
765 1258 1117 1316 exponerent.
1152 1247 1335 1313 Itaque
1370 1247 1721 1313 probavimus
1752 1258 1836 1307 ea,
1869 1256 1990 1309 qua:
2016 1255 2046 1292 a

482 1344 682 1413 ~ynodo
713 1344 914 1411 scripta
969 1353 1112 1403 sunt,
1166 1350 1371 1393 rectum
1409 1354 1624 1391 sensum
1657 1336 1965 1389 continere:
1996 1343 2049 1385 at

484 1446 665 1487 :outra
698 1446 973 1487 ostensum
1010 1444 1091 1487 est
1122 1443 1176 1485 et
1203 1431 1383 1484 futiles
1414 1430 1697 1482 admodum
1729 1428 2045 1481 Arianorum

482 1527 718 1592 voculas,
748 1539 803 1580 et
835 1542 1030 1595 pravos
1066 1540 1243 1578 mores
1286 1540 1424 1577 esse.
1468 1523 1601 1576 Nam
1630 1533 1682 1575 et
1714 1521 1885 1588 ipsum
1913 1534 2047 1571 non-

486 1620 623 1676 Iacti
652 1618 971 1672 vocabulum
1020 1619 1161 1686 quod
1202 1616 1472 1685 propriam
1505 1615 1663 1667 habet
1696 1611 2048 1677 significatio-

489 1727 609 1766 nem
641 1722 694 1765 et
728 1713 814 1779 pie
865 1709 1094 1778 proferri
1136 1720 1329 1777 potest,
1366 1709 1438 1761 illi
1477 1709 1542 1760 ad
1581 1704 1883 1759 Salvatoris
1918 1718 2048 1756 con-

484 1802 785 1866 tumeliam,
817 1812 979 1869 prout
1021 1801 1150 1869 ipsis
1191 1800 1386 1869 placet,
1455 1805 1738 1864 usurpant,
1783 1796 1941 1861 idque
1980 1808 2045 1846 eo

2146 613 2278 663 φους
2317 596 2699 662 ἐπεισάγεσθαι
2747 596 2940 663 λέξεις.
2986 599 3092 651 Ναὶ
3139 598 3283 662 ἔδει,
3316 600 3482 670 φαίην
3523 599 3591 651 ἂν
3639 601 3729 652 καὶ

2144 689 2346 755 ἔγωγε·
2381 689 2743 758 ἀκριϐέστερα
2774 692 2883 760 γὰρ
2929 692 2991 742 ἐκ
3033 691 3140 743 τῶν
3185 692 3419 760 Γραφῶν
3466 691 3668 762 μᾶλλον

3589 786 3728 838 ⁹Αλλ¹

2145 872 2179 939 ἡ
2219 870 2513 940 κακοήθεια
2544 872 2636 923 καὶ
2686 874 2821 941 μετά
2854 876 3195 944 πανουργίας
3234 876 3570 945 παλίμϐολος
3605 877 3715 929 ἀσέη

2146 962 2264 1012 Est:
2311 961 2417 1012 τῶν
2449 964 2574 1032 περί
2617 963 2875 1016 Εὐσέϐιον
2909 966 3210 1033 ἠνάγκασε,
3256 966 3400 1019 καθά
3445 969 3725 1037 πῳείπον,

2146 1055 2272 1115 τους
2319 1054 2649 1116 ἐπισκόπους
2696 1055 3011 1128 λευκότερον
3044 1058 3305 1110 ἐκθέσθαι
3356 1059 3425 1111 τά
3466 1062 3568 1130 τὴν
3608 1063 3729 1113 άσέ·

2147 1145 2295 1196 ϐειαν
2324 1146 2500 1198 αὐτῶν
2537 1146 2907 1216 ἀνατρέποντα
2938 1151 3194 1218 ρήματα’
3223 1152 3316 1202 καὶ
3349 1151 3417 1203 τά
3449 1152 3549 1221 μὲν
3582 1152 3730 1222 παρὰ

2145 1238 2243 1306 τῆς
2276 1238 2491 1290 συνόδου
2527 1240 2804 1309 γραφέντα
2845 1240 3080 1293 διάνοιαν
3121 1241 3290 1312 ὀρθὴν
3331 1242 3525 1313 ἔχοντα
3560 1244 3728 1297 δέδει-

2146 1347 2269 1382 κται
2292 1348 2304 1357 ·
2340 1331 2447 1382 τῶν
2485 1332 2527 1383 δ’
2569 1332 2860 1402 Ἀρειανῶν
2894 1336 2986 1387 καὶ
3014 1336 3079 1387 τὰ
3115 1337 3346 1405 λογάρια
3381 1337 3594 1408 σαθρὰ,
3641 1339 3730 1390 καὶ

2145 1423 2174 1473 ό
2202 1423 2397 1492 τρόπος
2436 1424 2668 1493 πονηρὸς
2713 1425 2905 1495 ἐφάνη.
2944 1426 3048 1479 Καὶ
3082 1428 3195 1497 γὰρ
3225 1429 3318 1480 καὶ
3357 1428 3419 1480 τὸ
3466 1430 3728 1499 ἀγένητον

2146 1516 2313 1585 ὄνομα
2359 1517 2491 1569 ἰδίαν
2535 1518 2657 1587 ἔχον
2706 1517 2963 1581 διάνοιαν,
3009 1520 3102 1572 καὶ
3145 1519 3444 1589 δυνάμενον
3490 1522 3730 1585 εὐσεϐῶς

2148 1607 2535 1678 προφέρεσθαι,
2565 1610 2718 1661 αὐτοὶ
2752 1610 2910 1663 πάλιν
2941 1612 3078 1664 κατά
3106 1612 3209 1682 τὴν
3241 1612 3376 1664 ἰδίαν
3410 1612 3729 1684 ἐνθύμησιν,

2145 1704 2219 1765 ὼς
2253 1703 2541 1773 ἠθέλησαν,
2568 1704 2920 1774 ὀνομάζουσιν
2953 1706 3036 1757 ἐπ’
3071 1705 3268 1776 ἀτιμία
3309 1705 3404 1759 τοῦ
3447 1708 3729 1778 Σωτῆρος,

2148 1796 2231 1847 ἴνα
2270 1796 2424 1865 μόνον
2453 1795 2529 1857 ὡς
2555 1796 2809 1863 γίγαντες
2843 1796 3125 1864 θεομαχεῖν
3164 1795 3561 1865 φιλονεικῶσιν.
3597 1796 3730 1849 Ἀλλ’

2145 779 2201 842 ἐξ
2235 780 2433 849 ἐτέρων
2474 780 2589 830 ἐστὶ
2624 781 2690 832 τά
2734 782 2831 850 τῆς
2882 782 3135 850 ἀληθείας
3167 785 3549 855 γνωρίσματα.

485 1905 689 1949 tantum
716 1911 899 1949 animo
937 1906 993 1948 ιιι
1025 1895 1183 1947 veluti
1209 1896 1452 1963 gigantes
1488 1909 1607 1944 cum
1656 1892 1761 1942 Deo
1790 1897 2043 1956 pugnent.

2149 1886 2268 1940 οὔτε
2310 1889 2490 1939 ἐκεῖνα
2542 1887 2611 1939 τὰ
2653 1887 2882 1958 λογάρια
2920 1889 3285 1959 προφέροντες
3334 1890 3555 1959 ἔμειναν
3596 1891 3731 1942 ἀκαο

484 1988 679 2043 Vermn
716 2002 890 2056 neque
923 2002 1045 2041 cum
1089 1986 1207 2039 illas
1238 1984 1452 2037 voculas
1488 1990 1871 2051 proponerent,
1906 1981 2049 2031 dam-

483 2077 755 2131 nationem
787 2086 1077 2145 potuerunt
1118 2073 1385 2143 eﬂ‘ugere;
1427 2088 1523 2127 nec
1568 2073 1688 2139 ipsi,
1724 2086 1847 2124 cum
1879 2070 1928 2122 id
1958 2084 2049 2122 vo-

480 2169 731 2223 cabulum
766 2165 1059 2225 non-facti,
1094 2168 1235 2234 quod
1265 2165 1479 2233 quidem
1512 2174 1657 2216 recte
1689 2173 1744 2215 et
1778 2162 1863 2230 pie
1894 2158 2051 2212 adhi-

481 2263 593 2315 beri
640 2271 842 2330 potest,
890 2274 1141 2329 perverse
1190 2257 1579 2325 intelligerent.
1617 2255 1787 2306 latere
1818 2266 2049 2319 usquam

480 2364 814 2425 potuerunt:
848 2355 939 2406 sed
978 2368 1191 2420 semper
1225 2366 1345 2403 cum
1390 2349 1584 2401 rubore
1644 2346 1861 2399 luerunt
1903 2344 2046 2405 victi,

479 2460 779 2513 eorumque
821 2444 1043 2497 haeresis
1080 2440 1279 2511 ubique
1320 2452 1404 2492 est
1434 2442 1758 2507 proscripta.
1791 2435 1915 2488 llzec
1937 2434 2051 2503 qui-

479 2544 600 2592 dem
630 2555 752 2606 qnaa
786 2547 912 2590 tunc
956 2537 1007 2589 in
1035 2537 1245 2605 synodo
1272 2542 1392 2585 acta
1423 2546 1544 2584 esse
1586 2529 1825 2591 metnini,
1864 2537 1920 2580 ut
1955 2540 2049 2595 po-

481 2630 579 2689 tui,
629 2625 1097 2679 memoraviznee
1153 2634 1333 2675 tamen
1391 2635 1478 2673 me
1545 2619 1683 2687 fugit
1740 2618 2048 2686 pertinaces

478 2718 682 2772 Christi
720 2718 908 2769 hostes
954 2729 1130 2782 neque
1178 2713 1261 2767 his
1315 2712 1513 2766 auditis
1556 2726 1676 2763 esse
1720 2726 1747 2761 a
1780 2708 2048 2762 sententia

478 2812 843 2869 disceSsuros.
874 2808 965 2861 sed
1015 2822 1182 2861 novas
1229 2808 1407 2875 potius
1446 2806 1679 2858 rationes
1722 2803 2050 2872 perquisita-

484 2920 591 2965 rus,
631 2902 860 2969 istisque
898 2900 1033 2953 alias
1066 2915 1253 2953 rursus
1294 2900 1593 2951 addituros.
1633 2895 1791 2961 Nam,
1828 2905 1885 2947 ut
1930 2910 2049 2963 pro-

478 2994 653 3060 pheta:
686 2994 862 3045 verbis
898 3001 1037 3051 utar.
1070 2988 1126 3044 Si
1165 3000 1365 3042 mutare
1396 2998 1555 3056 potest
1584 2985 1831 3053 xEthiops
1865 2986 2048 3053 pellem

477 3102 651 3147 suam,
672 3094 761 3136 aut
789 3084 983 3151 pardus
1016 3086 1288 3136 varietates
1315 3098 1437 3135 suos
1458 3082 1523 3146 ’⁵,
1576 3094 1704 3133 sane
1729 3078 1804 3131 illi
1840 3092 2049 3145 quoque

478 3178 565 3245 qui
607 3176 755 3243 itnpii
804 3190 926 3227 esse
975 3172 1303 3236 didicerunt,
1334 3172 1417 3240 pie
1456 3171 1666 3224 sentire
1710 3169 1764 3222 in
1805 3168 2044 3221 animum

481 3272 763 3322 inducent.
792 3265 872 3320 Tu
903 3278 1106 3329 autem,
1137 3265 1480 3328 charissime,
1518 3264 1632 3317 hzec
1656 3271 1713 3315 ut
1749 3261 2046 3330 acceperis,

478 3372 681 3422 tecum,
719 3375 919 3427 quaso,
972 3359 1185 3427 perlege
1220 3372 1235 3410 :
1265 3374 1385 3425 quze
1416 3356 1459 3409 si
1501 3357 1594 3410 tibi
1638 3366 1781 3409 recta
1819 3370 1938 3409 esse
1971 3356 2049 3408 vi-

474 3453 769 3513 debuntur,
803 3466 864 3505 ea
898 3451 1159 3504 fratribus
1185 3450 1275 3519 qui
1305 3462 1433 3501 tunc
1464 3448 1603 3502 forte
1637 3449 1870 3501 aderunt
1902 3447 2050 3516 legas

476 3542 662 3605 velim,
701 3552 757 3594 ut
788 3542 883 3605 illi,
912 3542 995 3595 bis
1028 3541 1245 3605 auditis,
1301 3540 1473 3594 zelum
1526 3541 1741 3608 quidem
1769 3541 1955 3608 synodi
1998 3540 2048 3593 in

480 3636 677 3685 tuenda
720 3636 964 3695 veritate,
992 3642 1046 3687 et
1091 3634 1142 3686 in
1190 3634 1513 3703 explicanda
1558 3633 1827 3687 sententia
1892 3648 2049 3686 accu-

478 3728 746 3779 rationem
829 3728 1156 3795 approbent;
1218 3728 1545 3781 Arianorum
1602 3734 1779 3779 autem
1844 3722 2047 3778 Christi

481 3822 717 3875 hostium
750 3822 1114 3873 condemnem
1137 3818 1495 3887 pervicaciam
1513 3827 1568 3871 et
1592 3832 1759 3870 vanas
1787 3817 2045 3881 rationes,

479 3926 614 3977 quas
648 3911 825 3976 impia
867 3924 978 3963 sua:
1037 3910 1255 3962 haaresis
1304 3908 1704 3977 prapugnaudm
1746 3922 1911 3961 causa
1944 3906 2049 3961 sibi

482 4005 615 4073 ipsis
637 4014 764 4055 sunt
793 4003 1086 4055 commenti
1118 4018 1133 4053 :
1165 4004 1417 4070 quoniam
1446 4002 1609 4054 [leum
1628 4010 1681 4054 et
1706 4000 1922 4053 Patrem
1956 4000 2049 4053 de-

471 4108 568 4150 cet
618 4098 817 4165 gloria,
855 4098 1031 4150 honor
1079 4106 1135 4149 et
1172 4098 1437 4161 adoratio,
1479 4112 1583 4149 una
1640 4111 1764 4152 cum
1800 4095 2049 4164 principii

479 4202 704 4254 etperte
734 4191 977 4260 ejusdem
1005 4189 1142 4243 Filio
1170 4200 1224 4243 et
1253 4189 1447 4253 Verbo,
1476 4204 1681 4242 necnon
1712 4189 2052 4243 sanctiSsimo

478 4300 544 4336 ac
575 4284 794 4337 viviﬁco
830 4280 1062 4351 Spiritu,
1112 4298 1255 4337 nunc
1290 4292 1345 4337 et
1383 4282 1435 4336 in
1479 4281 1693 4337 infinita
1731 4281 1927 4337 secula
1963 4296 2055 4337 sae-

475 4376 743 4429 culorum.
773 4378 965 4431 Amen.

542 4489 587 4520 ⁸⁸
612 4488 813 4545 Jerem.
848 4506 967 4553 χιιι,
996 4490 1086 4548 23.

477 4586 662 4708 mihi“)
690 4585 780 4640 Sic
801 4585 935 4656 Reg.
972 4598 1023 4641 et
1053 4586 1218 4642 Basil.
1254 4589 1321 4642 At
1360 4587 1449 4642 alii
1505 4595 1560 4640 et
1598 4584 1726 4640 editi
1752 4583 1847 4637 καί
1888 4583 2047 4636 omit-

556 4671 572 4707 ι
603 4694 615 4707 .

556 4671 615 4707 ιι.

549 4725 665 4797 (52)
686 4728 789 4791 Sic,
807 4726 939 4799 Reg.
966 4738 1019 4784 et
1048 4728 1234 4795 Basil.,
1264 4744 1383 4799 qua:
1411 4736 1465 4782 et
1493 4726 1623 4795 legit
1659 4725 1911 4780 Ambros.
1940 4722 2048 4777 Ca-

2076 3260 2121 3321 C

1304 5020 1863 5136 EUSEBII
1904 5028 1912 5035 ’
1951 5013 2924 5130 ΟᾹΞΞΑΒΙΕΝΞΙΞ

1803 5254 2381 5347 EPISTOLA

1508 5454 1616 5514 AD
1657 5451 1827 5513 SUIE
1873 5450 2279 5513 PAROECIIE
2320 5449 2676 5511 ΗΟΜΙΝΙΕ

2147 1982 2480 2049 τάγνωστοι,
2533 1980 2655 2033 οὔτε
2692 1982 2752 2033 τὸ
2801 1981 3059 2051 ἀγένητον
3108 1981 3291 2044 καλῶς
3333 1982 3429 2034 καὶ
3493 1982 3730 2045 εὐσεϐῶς

2146 2074 2437 2144 δυνάμενον
2485 2072 2876 2143 ὀνομάζεσθαι,
2929 2074 3111 2144 ὅμως,
3159 2074 3342 2137 κακῶς
3393 2075 3549 2127 αὐτοὶ
3604 2093 3731 2146 φρο-

2147 2168 2394 2230 νοῦντες,
2446 2167 2625 2220 λαθεῖν
2676 2171 2777 2219 οὐκ
2843 2166 3219 2237 ἠδυνήθησαν
3272 2164 3734 2238 κατῃσχύνθησαν

2148 2262 2257 2333 γάρ
2284 2264 2338 2313 ἐν
2380 2263 2533 2322 πᾶσι,
2566 2262 2657 2313 καὶ
2691 2262 2723 2329 ἡ
2759 2260 2966 2329 αἵρεσις
2996 2258 3177 2311 αὐτῶν
3206 2258 3567 2329 ἐστηλιτεύθη
3601 2275 3735 2311 παν·

2148 2354 2333 2423 ταχοῦ.
2382 2352 2564 2405 Ταῦτα
2618 2353 2734 2423 μὲν,
2775 2352 2850 2415 ὡς
2891 2350 3180 2422 ἠδυνήθην,
3236 2350 3733 2421 ἀπομνημονεύσας

2148 2450 2217 2502 τὰ
2250 2450 2307 2501 ἐν
2351 2452 2416 2518 τῇ
2474 2446 2672 2515 συνόδῳ
2720 2446 2839 2499 τότε
2897 2443 3205 2517 πραχθέντα
3261 2442 3580 2512 δεδήλωκα·
3618 2437 3732 2494 οἶδα

2148 2542 2225 2605 δὲ,
2257 2544 2336 2594 δτι
2383 2540 2487 2593 τῶν
2516 2540 2908 2610 Χριστομάχων
2944 2539 2990 2591 οἱ
3036 2536 3302 2608 φιλέριδες
3352 2536 3473 2589 οὐδὲ
3529 2535 3731 2588 τούτων

2150 2633 2479 2694 ἀκούσαντες
2530 2629 2955 2702 μεταϐάλλεσθαι
3008 2628 3358 2699 θελήσουσιν,
3408 2626 3549 2679 ἀλλά
3588 2644 3731 2696 περιο

2149 2724 2476 2796 δραμοῦνται
2507 2723 2667 2775 πάλιν
2706 2721 2897 2791 ἐτέρας
2933 2720 3218 2791 ζητοῦντες
3263 2722 3599 2790 προφάσεις,
3639 2719 3730 2773 καὶ

2154 2818 2290 2888 μετά
2334 2816 2539 2880 ταύτας
2586 2814 2743 2867 πάλιν
2788 2814 2977 2882 ἐτέρας
3014 2814 3381 2882 ἐπινοήσουσι.
3422 2812 3575 2866 Κατά
3625 2813 3733 2881 γάρ

2149 2911 2208 2962 τὸ
2259 2909 2619 2981 προφητικόν·
2670 2909 2740 2959 El
2794 2906 3120 2969 ἀλλάξεται
3166 2907 3384 2973 Αἰθίοψ
3425 2905 3492 2958 τὸ
3549 2903 3734 2973 δέρμα

2149 3003 2354 3067 αὑτοῦ,
2397 3002 2495 3055 καὶ
2545 3000 2834 3067 πάρδαλις
2862 3001 2932 3052 τὰ
2965 3000 3323 3067 ποικίλματα
3369 2996 3595 3064 αὐτῆς,
3640 2997 3733 3048 καὶ

2150 3098 2301 3149 αὐτοὶ
2359 3094 2672 3165 θελήσουσιν
2734 3091 2972 3155 εὐσεϐῶς
3038 3094 3287 3161 φρονεῖν.
3348 3091 3731 3161 μεμαθηκότες

2150 3186 2385 3239 ἀσεϐεῖν.
2416 3185 2485 3238 Σὺ
2517 3184 2716 3255 μέντοι,
2742 3184 3008 3254 ἀγαπητὲ,
3034 3183 3347 3253 δεξάμενος,
3372 3182 3567 3252 ἔντυχε
3594 3182 3732 3235 κατά

2154 3278 2376 3331 σαυτόν·
2414 3278 2507 3330 καὶ
2538 3278 2586 3329 εἰ
2630 3278 2979 3347 δοκιμάσειας
3011 3276 3191 3340 καλῶς
3242 3276 3410 3345 ἔχειν,
3455 3276 3732 3343 ἀνάγνωθι

2154 3371 2248 3422 καὶ
2290 3371 2401 3431 τοῖς
2451 3368 2571 3421 τότε
2627 3367 2890 3437 παροῦσιν
2942 3368 3221 3436 ἀδελφοῖς,
3268 3368 3357 3419 ἴνα
3402 3369 3500 3419 καὶ
3556 3368 3728 3428 αὐτοὶ,

2153 3460 2324 3513 ταῦτα
2371 3460 2659 3530 μαθόντες,
2706 3460 3067 3526 ἀποδέξωνται
3107 3459 3205 3530 μὲν
3240 3460 3339 3531 τῆς
3373 3460 3594 3512 συνόδου
3642 3459 3732 3511 τὸν

2157 3551 2316 3621 ζῆλον
2342 3553 2439 3622 τῆς
2463 3550 2736 3621 ἀληθείας,
2766 3553 2858 3604 καὶ
2893 3550 2989 3621 τὴν
3014 3552 3115 3621 τῆς
3146 3551 3383 3613 διανοίας
3414 3549 3727 3620 ἀκρίϐειαν·

2155 3643 2464 3711 καταγνῶσι
2491 3644 2547 3696 δὲ
2573 3644 2673 3714 τῆς
2715 3643 2825 3697 τῶν
2854 3643 3249 3714 Χριστομάχων
3289 3641 3607 3711 Ἀρειανῶν,
3644 3640 3732 3693 καὶ

2154 3734 2263 3788 τῶν
2300 3736 2542 3806 ματαίων
2579 3736 2901 3807 προφάσεων
2941 3734 3145 3798 αὐτῶν,
3188 3734 3253 3797 ἃς
3286 3732 3408 3805 (52)
3460 3733 3563 3803 τῆς
3602 3734 3729 3786 ἀσε-

2155 3827 2282 3891 ϐοῦς
2314 3828 2518 3882 ἐαυτῶν
2556 3828 2715 3899 χάριν
2753 3828 3013 3900 αἱρέσεως
3058 3825 3427 3879 ἀναπλάττειν
3460 3827 3521 3878 ἐν
3550 3827 3727 3887 αὐτοῖς

2159 3918 2613 3990 μεμελετήκασινο
2649 3920 2730 3971 ὅτι
2760 3919 2836 3989 τῷ
2869 3917 2985 3987 Θεῷ
3011 3916 3107 3970 καὶ
3138 3917 3313 3988 Πατρὶ
3347 3916 3553 3987 πρέτπι
3584 3916 3723 3982 δόξα,

2151 4010 2285 4081 τιμὴ
2319 4012 2411 4063 καὶ
2459 4010 2854 4081 προσκύνησις,
2907 4011 3002 4062 σὺν
3050 4008 3131 4079 τῷ
3177 4007 3501 4078 συναναρχῳ
3567 4005 3725 4062 αὑτοῦ

2153 4099 2267 4171 Υἰῷ
2326 4101 2418 4152 καὶ
2466 4100 2655 4170 Λόγῳ,
2702 4100 2819 4169 ἅμα
2881 4098 2956 4169 τῷ
3017 4097 3270 4167 παναγίῳ
3338 4098 3432 4149 καὶ
3485 4096 3726 4165 ζωοποιῷ

2152 4190 2463 4261 Πνεῦματι,
2512 4190 2604 4243 νῦν
2653 4192 2747 4244 καί⁸
2796 4193 2873 4255 εἰς
2917 4190 3041 4252 τους
3094 4188 3489 4261 ἀτελευτήτους
3533 4190 3724 4249 αἰῶνας

2153 4282 2260 4336 τῶν
2288 4284 2518 4339 αἰώνων.
2538 4286 2729 4356 Ἀμήν.

2154 4581 2478 4708 ἓξιξῗῶξξπε
2515 4597 2643 4639 vero
2666 4599 2837 4654 υείιιιε
2864 4584 2931 4640 ad
2961 4586 3044 4639 ὅτι
3070 4587 3267 4643 desunt
3286 4588 3342 4643 in
3370 4587 3493 4644 aliis
3519 4595 3573 4644 et
3597 4584 3720 4641 edit.

1017 5626 1144 5683 Vide
1175 5632 1226 5681 in
1269 5626 1493 5683 Eusebio
1521 5626 1851 5690 Cmarieusi,
1878 5635 2001 5680 tom.
2029 5622 2135 5677 XX
2162 5624 2317 5693 hujus
2342 5624 2587 5681 editionis
2612 5623 2832 5680 Patrum
2861 5620 3179 5677 Gra'corunt.

2062 5764 2134 5782 ﬂ
