3954 6494
180 376 264 435 4η
1016 432 1017 435 η
1119 380 1205 434 DE
1244 380 1627 437 SENTENTIA
1667 382 2064 437 DIONYSII.—
2093 382 2412 439 MONITUM
3274 391 3380 448 418

1400 718 2101 812 ADMONITIO

913 981 995 1042 IN
1035 981 1489 1043 EPISTOLAM
1534 982 1639 1042 DE
1682 982 2127 1041 SENTENTIA
2173 984 2558 1048 DIONYSII.

221 1477 254 1535 I.
284 1476 441 1545 Quam
464 1480 720 1534 hactenus
750 1481 931 1533 sectati
952 1497 1133 1535 sumus
1160 1481 1405 1549 temporis
1435 1482 1712 1547 rationem,
1732 1482 1882 1536 haud
1906 1487 2061 1539 certis
2090 1486 2228 1540 notis
2259 1487 2311 1539 in
2336 1487 2431 1540 hac
2451 1486 2672 1555 epistola
2697 1488 3080 1555 deprehendere
3105 1496 3373 1558 valemus;

167 1569 253 1623 solo
271 1571 443 1639 quippe
474 1567 717 1638 Dionysii
751 1570 1056 1622 vindicandi
1086 1571 1262 1622 studio
1293 1570 1538 1623 incensus
1573 1572 1892 1627 Athanasius
1936 1578 2233 1629 nullatenus
2266 1576 2374 1644 fere
2414 1580 2628 1646 attingit
2666 1578 2878 1633 illorum
2932 1592 3219 1651 temporum
3243 1601 3374 1638 con-

166 1662 397 1713 ditionem.
443 1658 572 1713 Non
604 1663 787 1713 desunt
819 1669 989 1712 tanien
1011 1660 1328 1726 conjectura:
1370 1676 1486 1729 qua:
1519 1678 1610 1714 nos
1644 1673 1882 1716 moveant
1912 1666 1979 1717 ad
2017 1683 2128 1718 eam
2154 1679 2268 1734 post
2306 1676 2587 1721 tractatum
2617 1686 2705 1722 seu
2734 1672 3009 1737 epistolam
3037 1674 3100 1727 de
3135 1673 3373 1727 Nicwnis

167 1756 351 1807 decretis
375 1756 747 1825 reponendum.
791 1753 932 1808 Nam
966 1761 1144 1809 eodem
1175 1755 1335 1822 ferme
1364 1768 1589 1824 tempore
1622 1762 1971 1827 conscriptam
2004 1760 2239 1815 indicant
2269 1779 2387 1832 quae
2418 1780 2564 1816 num.
2595 1764 2661 1818 I9
2696 1765 2965 1835 leguntur,
2999 1768 3228 1821 Arianos
3268 1769 3374 1821 sci-

171 1852 266 1907 licet
292 1852 536 1904 adversus
572 1848 848 1903 Nictrnam
875 1848 1129 1917 synodum
1157 1859 1265 1900 tum
1294 1850 1489 1915 passim
1520 1860 1566 1901 et
1601 1850 1789 1919 ubique
1826 1852 2273 1919 obmurmurasse,
2308 1856 2448 1925 quod
2482 1859 2819 1925 prwcedentis
2865 1860 3100 1926 epistola:
3151 1856 3373 1927 tempori

163 1945 358 2011 apprime
395 1942 665 2011 congruit.
687 1939 821 1992 Item
853 1956 917 1993 ea:
953 1941 1106 1991 modo
1129 1938 1287 2005 huius
1315 1941 1549 2004 epistola:
1574 1942 1839 1994 ordiendte
1868 1942 2011 1995 haud
2036 1944 2140 1997 leve
2174 1948 2387 2000 ducitur
2410 1959 2769 2018 argumentum
2795 1964 2812 2001 :
2835 1952 3023 2004 etenim
3047 1952 3232 2006 iisdem
3262 1951 3374 2020 fere

171 2036 304 2088 verbis
327 2036 473 2088 initio
500 2035 773 2097 adhibitis,
807 2032 938 2085 hanc
970 2032 1183 2101 perinde
1215 2042 1367 2099 atque
1394 2036 1780 2100 prtrcetlentent,
1813 2037 1881 2088 ad
1907 2040 2069 2090 virum
2093 2038 2271 2107 dirigit
2301 2044 2669 2096 controversiis
2712 2042 3007 2099 Catholicos
3036 2046 3175 2098 inter
3197 2046 3367 2097 Aria-

163 2146 320 2196 nosque
340 2129 535 2182 habitis
570 2130 821 2182 interesse
850 2126 1084 2191 solitum,
1110 2126 1245 2178 unde
1269 2123 1520 2195 augurari
1552 2124 1703 2178 liceat
1727 2127 1796 2178 ad
1825 2131 2059 2182 eumdem
2109 2132 2277 2196 ipsum
2322 2146 2592 2203 utramque
2624 2135 2784 2202 fuisse
2819 2138 3053 2190 missam.
3084 2138 3200 2193 Imo
3232 2142 3365 2194 sub-

159 2225 407 2277 odoramur
459 2224 625 2289 hujus
675 2222 965 2277 scribenda:
1022 2223 1349 2273 occasionem
1402 2234 1467 2271 ea:
1516 2221 1829 2286 pra'cedenti
1883 2224 2118 2277 obortam
2146 2240 2294 2278 esse:
2328 2228 2514 2296 quippe
2543 2243 2657 2280 cum
2687 2228 2759 2280 ibi
2798 2227 3034 2298 Dionysii
3061 2231 3234 2285 locum
3274 2249 3371 2299 pro

160 2318 345 2369 tutanda
382 2320 639 2370 adversus
682 2317 904 2369 Arianos
935 2314 1029 2367 τοῦ
1068 2312 1353 2384 ὁμοουσίου
1398 2328 1519 2365 voce
1567 2312 1827 2366 attulisset
1867 2315 2228 2383 Athanasius;
2268 2320 2379 2371 htec
2418 2336 2579 2371 causa
2614 2320 2776 2388 fuisse
2804 2322 3009 2374 videtur
3040 2339 3135 2375 cur
3180 2322 3371 2376 Ariani

161 2404 361 2476 Dionysii
390 2409 592 2473 scripta
627 2406 695 2458 ad
731 2422 880 2459 suam
914 2406 1225 2458 sententiam
1257 2402 1565 2471 detorquere
1596 2404 1948 2473 nequidquam
1979 2417 2257 2463 tentarent.
2292 2407 2392 2462 Sed
2421 2411 2503 2461 Ita:
2530 2412 2848 2479 conjectura:
2878 2429 2979 2465 non
3001 2429 3201 2467 omnem
3221 2431 3373 2483 proro

155 2512 225 2551 sus
249 2510 473 2553 amovent
496 2499 788 2551 dubitandi
816 2497 1009 2549 locum.

208 2607 262 2664 II.
294 2610 470 2664 Ariani
502 2611 683 2679 itaque
712 2607 1107 2662 Catholicorum
1143 2610 1463 2677 argumentis
1492 2611 1688 2678 passim
1711 2610 1992 2677 confutati,
2038 2628 2185 2665 suam
2212 2611 2452 2667 hteresim
2487 2612 2735 2682 Dionysii
2761 2613 3110 2668 Alexandrini
3142 2617 3372 2685 episcopi

154 2708 431 2761 auctoritate
454 2706 654 2775 fulcire
681 2706 781 2757 nisi
806 2714 947 2767 sunt,
969 2705 1190 2772 prolatis
1231 2705 1465 2773 ejusdem
1502 2707 1693 2759 litteris
1729 2722 1866 2758 anno
1893 2706 1997 2759 265
2021 2710 2363 2777 conscriptis:
2398 2710 2485 2761 ubi
2519 2710 2642 2762 dum
2669 2708 3093 2764 Sabellianorum
3126 2712 3374 2781 confuta-

152 2812 207 2849 ret
232 2816 471 2863 errorem,
492 2803 548 2853 in
589 2799 967 2852 similitudines
991 2799 1247 2867 quasdam
1281 2800 1573 2867 inciderat,
1604 2803 1813 2870 quibus,
1837 2803 1955 2854 licet
1985 2814 2175 2868 prieter
2203 2806 2437 2857 auctoris
2478 2815 2726 2869 mentem,
2750 2806 2878 2859 laesa
2906 2808 3173 2860 videretur
3218 2806 3373 2861 Verbi

150 2889 380 2944 dirinitus.
424 2889 620 2944 Verum
649 2907 710 2943 ea
749 2890 813 2942 de
843 2906 895 2941 re
927 2901 1104 2957 postea
1142 2891 1283 2956 apud
1310 2890 1553 2959 gentilent
1589 2907 1739 2943 suum
1773 2891 2081 2960 Dionysium
2110 2891 2406 2946 Romanum
2441 2910 2723 2949 accusatus
2755 2899 2920 2951 libros
2950 2900 3204 2963 quosdam
3232 2900 3375 2968 Apo-

146 2976 406 3049 logiatnque
434 2984 669 3043 conseri;
688 2981 759 3034 sit
793 2981 859 3032 ad
887 2996 1000 3032 eant
1047 2982 1463 3049 propulsandam
1516 2980 1953 3033 crimirtationem.
2002 2980 2085 3033 Ex
2115 2982 2197 3032 Itis
2222 2994 2393 3034 autent
2428 2985 2705 3050 postremis
2728 2986 3019 3039 decessoris
3049 2990 3129 3039 sui
3160 2988 3372 3051 scriptis

148 3068 433 3128 Athanasius
463 3075 741 3128 luculenta
788 3074 1030 3142 quaedam
1054 3074 1280 3130 excerpit
1310 3060 1454 3134 loco,
1485 3072 1672 3136 quibus
1721 3080 2104 3138 peropportune
2136 3072 2442 3125 Arianicam
2474 3073 2705 3126 retundit
2736 3073 3143 3142 impudentiam,
3178 3074 3372 3130 Catho—

146 3156 365 3234 lictanque
396 3167 715 3237 Dionysium
741 3167 894 3235 plane
918 3172 1313 3227 commonstrat,
1338 3174 1387 3216 et
1423 3165 1486 3215 ab
1521 3163 1635 3215 Arii
1670 3170 1928 3218 sententia
1958 3164 2366 3218 alienissimunt.

198 3275 271 3333 III.
303 3278 517 3335 Eximia
554 3296 716 3351 porro
744 3280 827 3332 hic
852 3279 997 3333 obvia
1032 3277 1275 3347 Dionysii
1295 3274 1431 3343 loca,
1465 3278 1653 3347 quibus
1680 3282 1833 3331 tertio
1860 3278 2053 3332 sa’culo
2084 3278 2320 3349 Dionysii
2345 3281 2771 3335 adversariorum
2793 3283 3012 3351 depulsa
3030 3284 3371 3350 criminatio;

142 3386 317 3438 quarto,
345 3375 671 3427 Arianorum
694 3371 954 3423 calumnia
981 3370 1136 3423 simul
1163 3381 1207 3422 et
1230 3387 1390 3437 prava
1417 3371 1651 3421 doctrina
1676 3370 1948 3437 confutata
1972 3384 2083 3433 est;
2121 3375 2237 3437 part
2268 3371 2523 3440 hodieque
2570 3373 2617 3424 vi
2651 3366 2880 3441 polleant
2908 3378 2973 3425 ad
3007 3390 3165 3427 novos
3210 3375 3365 3444 refel-

142 3462 290 3520 lendas
324 3469 575 3527 Arianos,
600 3464 692 3532 qui
736 3461 890 3515 Verbi
934 3464 1180 3516 deitatem
1210 3461 1349 3513 haud
1388 3464 1588 3514 minore
1634 3478 1787 3529 quam
1819 3462 1973 3527 prisci
2014 3460 2091 3512 illi
2139 3462 2405 3528 impietate
2446 3472 2746 3530 oppugnant
2780 3479 2798 3517 :
2832 3465 3021 3531 quique
3070 3480 3221 3518 suam
3250 3483 3371 3519 sen-

142 3561 323 3613 tentiam
354 3562 627 3613 venditant
656 3568 706 3609 ut
735 3554 1248 3625 prioribusEcclesiae
1272 3554 1474 3608 steculis
1510 3554 1659 3623 vulgo
1695 3553 2047 3623 188-191
2075 3566 2349 3615 receptam.
2377 3553 2637 3626 Namque,
2665 3568 2719 3609 ut
2747 3571 2939 3611 ctetera
2964 3571 3187 3621 taceam,
3208 3575 3273 3612 ea:
3303 3560 3370 3611 iis

139 3669 232 3718 quia
256 3670 393 3706 num.
439 3654 506 3707 19
536 3653 799 3704 habentur
843 3649 1060 3717 planum
1108 3658 1186 3702 est
1238 3664 1382 3703 voces
1413 3650 1557 3709 illas,
1589 3651 1653 3701 ὲκ
1698 3671 1700 3680 ι

1823 3646 2030 3709 οὐσίας,
2078 3657 2127 3700 et
2169 3647 2473 3716 ὁμοούσιον,
2505 3649 2613 3714 iam
2637 3662 2747 3701 tum
2772 3653 2997 3702 usitatas
3027 3650 3368 3719 vulgatasque

138 3745 311 3811 fuisse;
343 3749 416 3799 ita
445 3758 501 3799 ut
540 3746 607 3797 de
636 3742 783 3795 Filio
810 3745 1107 3813 loquentem
1135 3760 1197 3797 ea
1229 3744 1383 3796 verba
1414 3744 1749 3813 impugnasse
1782 3758 2057 3796 erroneum
2095 3743 2413 3807 haberetur;
2448 3745 2705 3807 omisisse,
2749 3746 3118 3813 suspiciosum.
3160 3741 3368 3797 Eminet

138 3850 231 3888 vero
257 3839 494 3891 omnibus
522 3837 649 3889 aliis
684 3833 923 3904 Dionysii
953 3834 1136 3897 dictis,
1171 3834 1282 3886 haec
1312 3833 1593 3901 prteclara,
1632 3833 1907 3901 aureisque
1940 3834 2177 3901 apicibus
2216 3835 2489 3886 exoranda
2523 3834 2799 3895 sententia,
2826 3851 2928 3903 qua
2961 3850 3134 3888 omnes
3177 3836 3366 3903 proﬂi-

136 3942 298 3994 gantur
323 3932 583 3985 adversus
610 3928 919 3982 Trinitatem
952 3926 1147 3979 abortat
1179 3925 1424 3991 htereses,
1456 3942 1599 3980 num.
1626 3925 1687 3977 I7

1809 3923 1912 3977 ὗτω
1939 3925 2037 3995 μὲν
2071 3928 2231 3995 ἡμεῖς
2262 3926 2341 3989 εἴς
2382 3942 2442 3977 τε
2491 3925 2587 3997 τὴν
2614 3926 2819 3998 Τριάδα
2852 3925 2948 3998 τὴν
2976 3927 3196 3981 Μονάδα
3231 3927 3370 3982 πλα-

137 4023 332 4094 τόνομεν
367 4025 700 4097 ἀδιαίρετον,
737 4023 827 4075 καὶ
882 4022 980 4091 τὴν
1014 4019 1216 4091 Τριάδα
1265 4019 1426 4071 πάλιν
1454 4019 1724 4089 ἀμείωτον
1757 4021 1836 4082 εἰς
1880 4020 1977 4089 τὴν
2026 4020 2246 4074 Μονάδα
2282 4020 2851 4091 συγκεφαλαιούμεθα.
2885 4022 2976 4075 Sic
3010 4037 3107 4075 tios
3145 4024 3366 4090 quidem

139 4110 381 4173 Unitatem
410 4115 810 4172 itidivisiltilem
845 4116 896 4167 in
922 4112 1249 4166 Trinitatem
1290 4111 1604 4173 dilatamus,
1637 4126 1701 4165 ac
1730 4112 1974 4165 vicissim
2004 4111 2354 4178 Trinitatem,
2381 4129 2501 4183 qua:
2536 4115 2781 4167 imminui
2821 4114 3029 4183 nequit,
3087 4116 3136 4168 in
3178 4115 3369 4169 Uttila-

136 4210 225 4259 tem
247 4211 656 4263 contrahimus.
692 4205 843 4268 ﬂwc,
871 4208 1108 4274 inquam,
1134 4203 1391 4257 sententia
1412 4218 1530 4271 qua:
1564 4202 1616 4255 in
1644 4203 1887 4255 omnibus
1916 4201 2121 4256 ercis
2159 4204 2442 4257 Athanasii
2480 4206 2634 4258 editis
2668 4206 2916 4260 hactenus
2945 4207 3365 4267 desiderabatur.

128 4296 220 4365 jam
245 4304 409 4370 primo
435 4303 628 4358 Greece
659 4302 832 4371 prodit
858 4302 1088 4353 omnium
1122 4298 1227 4367 ﬁde
1248 4298 1727 4365 ntanuscriptorum
1766 4300 2033 4351 restituta.
2060 4298 2307 4367 Collapsa
2347 4300 2533 4367 quippe
2560 4300 2684 4368 fuit,
2712 4302 2851 4368 quod
2883 4316 3027 4353 voces
3059 4299 3265 4352 Τοιάδα
3314 4310 3364 4354 et

131 4390 321 4447 Ηονὰδα
350 4396 609 4448 similiter
643 4394 854 4446 omnino
878 4376 1193 4445 desinerent.

185 4506 264 4561 IV.
291 4509 358 4563 Et
390 4527 514 4565 vero
553 4526 657 4563 non
711 4508 822 4561 lucc
856 4524 961 4561 una
995 4523 1059 4560 ex
1093 4506 1277 4561 Crteco
1310 4515 1453 4559 textu
1484 4503 1751 4557 exciderat
1786 4504 2039 4557 sententia
2065 4518 2083 4555 :
2138 4504 2319 4555 multa:
2374 4502 2560 4571 quippe
2594 4501 2715 4555 alite
2757 4510 2880 4554 sunt
2908 4503 2962 4555 in
3001 4506 3099 4555 hac
3144 4503 3364 4570 epistola

127 4605 509 4656 amanuensium
547 4603 674 4655 vitio
697 4602 926 4663 omissae,
962 4600 1375 4671 qttodqvidelicet
1409 4603 1531 4652 dua:
1579 4609 1954 4665 consequenter
1974 4599 2158 4665 posita:
2188 4595 2471 4660 clausulai,
2513 4598 2587 4649 vel
2629 4596 2808 4648 cadent
2848 4596 2923 4648 vel
2954 4596 3193 4648 similiter
3225 4598 3365 4649 desi-

126 4706 252 4748 nente
282 4714 403 4751 voce
429 4700 689 4750 caderent
720 4711 739 4750 :
774 4711 891 4763 qute
922 4712 1097 4748 omnes
1131 4697 1443 4763 optirnarum
1470 4692 1948 4760 rnanuscriptorum
1980 4707 2072 4759 ope
2091 4690 2205 4759 jam
2232 4700 2353 4744 sunt
2382 4690 2608 4759 feliciter
2629 4690 2904 4746 restitutaz.
2939 4689 3005 4742 Et
3060 4706 3187 4743 sane
3231 4692 3364 4743 nihil

123 4785 429 4857 frequentius
455 4792 516 4844 in
549 4800 660 4842 toto
681 4788 966 4840 Athanasii
992 4802 1207 4855 operum
1233 4787 1458 4840 decursu
1486 4788 1658 4838 videre
1697 4791 1794 4847 est,
1819 4798 1976 4851 quam
2019 4781 2287 4835 clausulas
2324 4783 2551 4851 integras
2592 4783 2688 4834 hoc
2727 4782 2905 4850 lapsus
2932 4799 3116 4851 genere
3150 4795 3365 4853 prazter-

122 4878 309 4940 missas.
343 4880 415 4937 Ut
452 4881 535 4937 vel
567 4880 693 4933 hinc
719 4880 896 4949 palam
927 4878 1167 4933 omnibus
1193 4878 1440 4945 sitquam
1485 4873 1781 4929 necessaria
1806 4873 1965 4941 fuerit
1995 4888 2126 4925 nova
2160 4872 2395 4940 ejusdem
2419 4872 2584 4925 sancti
2615 4873 2845 4927 doctoris
2870 4890 3081 4943 operum
3110 4875 3286 4929 editio.

178 4997 237 5055 Υ.
275 4998 433 5066 Quod
460 5010 645 5053 autem
669 4995 957 5062 Eusebius,
988 4995 1076 5064 qui
1103 4993 1342 5063 Dionysii
1364 5002 1508 5063 gesta
1545 4992 1660 5058 fuse
1688 4992 1814 5043 satis
1841 4989 2200 5057 prosequitur,
2230 5003 2293 5041 ne
2325 4989 2532 5041 verbum
2557 4989 2767 5058 quidem
2801 4989 2864 5041 de
2889 4988 2989 5041 hac
3038 4989 3263 5042 historia
3286 4990 3375 5077 fe-l

119 5089 421 5155 cerit;-hinc
454 5103 591 5143 sane
619 5095 844 5154 augetur
869 5082 979 5151 iam
1018 5081 1231 5152 vulgata
1259 5082 1325 5135 de
1356 5084 1490 5151 ipso,
1521 5081 1775 5148 nimisque
1807 5081 1963 5145 [irma
2003 5080 2291 5133 Arianismi
2346 5078 2597 5147 suspicio.
2658 5077 2863 5135 Callide
2910 5081 3145 5151 profecto
3200 5083 3375 5147 tacuit

117 5176 281 5235 ltteresi
305 5198 419 5236 suta
444 5181 734 5235 exitiosam
758 5175 1031 5229 historiam
1060 5189 1077 5227 :
1112 5191 1273 5244 quam
1309 5175 1602 5239 incautius,
1631 5184 1685 5225 ut
1717 5174 1792 5226 ait
1814 5173 2157 5239 Athanasius,
2182 5171 2273 5225 alii
2307 5174 2515 5238 Ariani,
2550 5175 2606 5227 in
2629 5191 2881 5243 suamque
2916 5176 3196 5244 perniciem
3216 5172 3371 5227 evul-‘

116 5281 305 5337 gerunt.
331 5273 579 5342 Apparet
601 5279 775 5323 autem
805 5284 869 5321 ex
904 5269 1218 5337 quibusdam
1249 5268 1409 5337 hujus
1438 5266 1674 5335 epistola:
1698 5266 1825 5321 locis
1847 5268 2011 5332 ipsum
2033 5266 2216 5320 Arium
2238 5269 2303 5319 de
2330 5265 2579 5335 Dionysio
2601 5283 2861 5321 rumorem
2889 5268 3037 5320 illum
3066 5266 3319 5335 sparsisse
3339 5278 3358 5316 :

116 5362 201 5415 nisi
226 5365 359 5433 forte
394 5365 603 5434 tropice
633 5362 823 5414 Arium
847 5376 941 5427 pro
972 5359 1192 5413 Arionis
1218 5360 1552 5414 Athanasius
1608 5361 1873 5429 signiﬁcet
1900 5374 1917 5411 :
1951 5376 2104 5429 quem
2130 5360 2252 5412 item
2281 5360 2465 5412 Arium
2510 5360 2662 5429 quasi
2699 5360 3026 5427 superstitem
3077 5357 3362 5425 aliquando

114 5450 390 5520 loquentem
412 5456 625 5511 inducit
650 5472 668 5521 ;
702 5453 908 5508 tametsi
928 5451 1063 5506 hanc
1084 5452 1357 5521 epistolam
1382 5461 1498 5522 post
1526 5452 1835 5523 defunctum
1863 5450 2057 5504 Arium
2102 5451 2353 5520 scriptam
2383 5451 2543 5504 fuisse
2574 5451 2659 5503 vix
2692 5448 2948 5519 quispiam
2982 5449 3045 5500 sit
3081 5447 3361 5500 dubitandi

113 5544 261 5606 locus.
