3954 6530
558 451 654 505 491

1127 446 1184 500 S.
1224 445 1596 501 ATHANASll
1635 447 1784 536 OPP.
1829 447 2009 503 PARS
2046 447 2089 502 l.
2128 477 2198 488 -—
2238 445 2608 502 lllSTOBlCA
2648 447 2737 501 ΕΤ
2776 447 3192 504 DOGMATICA.

3714 446 3809 501 492

560 579 680 633 qua
705 563 849 618 edita
888 563 1119 628 inerant,
1143 580 1248 620 nou
1281 565 1536 629 hominis,
1561 565 1654 618 sed
1683 564 1772 620 Dei
1799 581 1938 622 esse.
1974 568 2130 622 Certe

2249 567 2412 633 μένων
2444 567 2684 638 σημείων
2723 567 3032 636 ἐληλυθέναι
3067 567 3157 620 τὸν
3203 567 3464 637 Χριστὸν,
3506 566 3694 619 λοιπὸν
3727 567 3812 620 xui

562 658 756 711 Petrus
804 671 928 709 eum
991 654 1215 709 dixisset
1273 655 1446 709 virum
1494 653 1799 724 passibilem
1853 655 2126 712 Christum

561 760 700 810 esse,
730 744 870 799 illico
903 742 1180 811 subiunxit
1217 761 1231 797 :
1276 743 1380 797 Hic
1403 754 1589 797 auctor
1626 745 1742 798 vim:
1780 756 1855 799 est
1879 746 1956 812 .“,
1991 745 2132 815 ipse-

561 851 666 902 que
701 837 753 890 in
779 835 1070 905 Evangelio
1103 835 1392 890 confitetur
1424 853 1436 889 :
1488 832 1564 888 Tu
1601 852 1653 890 es
1684 835 1920 890 Christus
1956 837 2132 892 Filius

567 925 664 979 Dei
686 927 784 980 rivi
807 925 889 990 ³⁹;
921 934 974 980 et
1007 925 1057 978 in
1089 925 1321 994 Epistola
1350 941 1441 978 sua
1471 927 1546 978 ait
1587 925 1794 994 ipsum,
1821 927 2131 995 episcopum

569 1015 892 1077 animarum,
923 1026 1083 1084 alque
1119 1015 1398 1069 Dominum
1453 1032 1608 1070 suum
1650 1032 1746 1071 nec
1771 1033 1877 1070 non
1917 1017 2135 1086 angelo-

567 1121 686 1160 rum
718 1118 772 1161 et
800 1116 1120 1176 potestatum
1145 1123 1286 1161 esse.
1315 1107 1513 1162 Paulus
1546 1109 1698 1172 item,
1735 1109 1826 1178 qui
1863 1109 1941 1162 ait
1969 1109 2132 1164 Chri-

569 1208 710 1250 stum
734 1213 852 1252 esse
882 1198 1052 1251 virum
1101 1212 1166 1252 ex
1216 1200 1420 1253 semine
1466 1199 1668 1263 David,
1701 1200 1751 1253 in
1795 1199 2026 1267 Epistola
2071 1201 2136 1254 ad

569 1286 824 1342 Hebraeos
865 1289 978 1342 haec
1007 1289 1170 1344 habet
1214 1305 1229 1342 :
1266 1289 1370 1355 Qui
1408 1308 1525 1343 cum
1571 1291 1636 1344 sit
1679 1292 1923 1359 splendor
1959 1292 2138 1360 gloria!

567 1392 614 1434 et
642 1381 815 1450 ﬁgura
863 1383 1168 1436 sttbstantim
1197 1383 1310 1452 ejus
1346 1382 1391 1414 ³⁸
1422 1400 1436 1447 ;
1462 1382 1528 1438 ad
1563 1383 1930 1452 Pbilippenses
1962 1398 2089 1437 vero
2122 1401 2135 1436 :

570 1472 815 1537 Quicum
848 1475 903 1526 in
947 1474 1117 1542 [arma
1169 1473 1265 1527 Dei
1301 1483 1454 1533 esset,
1501 1490 1603 1525 non
1634 1476 1873 1542 rapinam
1917 1475 2141 1527 arbitra-

569 1574 652 1616 tus
678 1574 750 1617 est
775 1580 884 1616 esse
918 1581 971 1617 se
1015 1565 1266 1634 a’qualem
1302 1564 1406 1617 Deo
1430 1564 1494 1616 ³⁷.
1566 1563 1688 1616 Haec
1728 1579 1907 1631 porro.
1956 1574 2140 1617 auctor

569 1657 708 1720 vim,
737 1654 915 1709 Filius
948 1654 1065 1719 Dei,
1091 1655 1354 1718 splendor,
1391 1654 1579 1722 ﬁgura,
1615 1653 1832 1723 wquulis
1859 1652 1968 1707 Deo
1989 1694 2004 1716 ,
2029 1654 2132 1708 Do-

569 1747 766 1806 minus,
800 1747 1071 1812 episcopus
1117 1745 1436 1808 animarum,
1479 1745 1602 1813 quid
1642 1740 1785 1798 aliu'd
1827 1745 1928 1799 sibi
1955 1745 2138 1808 velint,

571 1850 731 1903 qttam
790 1836 843 1889 in
893 1851 1122 1903 corpore
1175 1836 1341 1889 fuisse
1389 1835 1621 1890 Verbum
1686 1835 1798 1898 Dei,
1852 1850 1950 1904 per
1999 1837 2141 1905 quod

2233 657 2312 719 είς
2339 656 2440 726 τὴν
2478 659 2600 726 περὶ
2644 658 2742 727 τῆς
2773 657 3022 727 θεότητος
3062 655 3234 710 αὑτοῦ
3281 655 3357 726 (Ξ)
3402 656 3584 708 πίστιν
3609 656 3812 720 αὐτοὺς

2233 748 2549 815 ἀναγάγωσι
2581 763 2590 774 ·
2639 748 2964 812 δεικνύντες,
3009 749 3090 802 ὅτι
3117 748 3190 801 τά
3223 747 3491 817 γενόμενα
3542 747 3683 818 ἔργα
3721 747 3813 801 οὐκ

2235 837 2382 892 ἔστιν
2432 838 2740 910 ἀνθρώπου,
2791 839 2926 892 ἀλλά
2959 839 3112 896 Θεοῦ.
3169 837 3388 907 ’Δμέλει
3418 838 3630 908 Πέτρος
3667 840 3694 890 ό
3733 837 3814 889 λέ-

2237 947 2347 997 γων
2378 930 2544 1002 ἄνδρα
2579 932 2817 1001 παθητὸν
2839 931 2928 984 τὸν
2949 930 3205 1001 Χριστὸν,
3231 929 3394 992 εὐθὺς
3426 929 3704 997 συνῆπτεν
3724 928 3811 997 ('5)°

2239 1018 2426 1087 Οὗτος
2457 1023 2718 1091 ἀρχηγὸς
2749 1022 2856 1090 τῆς
2883 1021 3029 1089 ζωῆς
3056 1021 3233 1074 ἐστιν
3258 1037 3271 1050 ’
3313 1022 3370 1072 ἐν
3390 1021 3446 1073 δὲ
3477 1019 3556 1090 τῷ
3582 1020 3816 1086 Εὐάγγε-

2235 1114 2334 1184 λίῳ
2365 1115 2646 1184 ὁμολογεῖ·
2683 1115 2766 1168 Σὺ
2808 1115 2864 1168 ετ
2908 1118 2941 1168 ὁ
2976 1113 3255 1182 Χριστὸς,
3297 1116 3329 1166 ό
3368 1113 3498 1177 Tite
3534 1110 3646 1163 τοῦ
3679 1108 3815 1162 Θεοῦ

2237 1205 2345 1258 τοῦ
2377 1204 2610 1272 ζῶντος.
2653 1206 2739 1258 Ἑν
2776 1205 2831 1258 δὲ
2862 1207 2927 1274 τῇ
2972 1203 3261 1274 Ἐπιστολῇ
3302 1218 3466 1274 φησιν
3512 1201 3678 1255 αὐτὸν
3711 1201 3819 1252 ἐπί·-

2241 1313 2441 1348 σκοπον
2470 1294 2678 1365 ψυχῶν,
2733 1295 2828 1348 xui
2867 1294 3070 1366 Κύριον
3120 1293 3318 1347 ἑαυτοῦ
3347 1311 3405 1346 τε
3451 1293 3546 1345 xui
3579 1291 3819 1361 ἀγγέλων

2239 1384 2332 1436 xui.
2385 1384 2666 1453 δυνάμεων
2719 1383 2795 1453 (4)
2843 1379 3000 1436 εἶναι.
3044 1383 3216 1436 Πάλιν
3260 1401 3320 1436 τε
3355 1383 3568 1446 Παῦλος
3600 1385 3628 1435 ὁ
3656 1383 3820 1450 λέγων

2239 1474 2407 1544 ἄνδρα
2441 1475 2504 1526 ὲκ
2536 1474 2846 1544 σπέρματος
2899 1473 3060 1527 Δαϐὶδ
3092 1469 3234 1526 εἶναι
3262 1473 3354 1526 τὸν
3387 1472 3648 1545 Χριστὸν,
3679 1467 3822 1533 οὗτος

2240 1564 2558 1618 ἐπέστελλεν
2603 1565 2871 1636 Ἑϐραίοις
2897 1565 2993 1635 μέν
3016 1582 3030 1596 ο
3071 1568 3168 1630 Ὃς
3195 1563 3282 1616 ὢν
3305 1565 3682 1634 ἀπαύγασμα
3721 1561 3823 1630 τῆς

2242 1653 2446 1722 δόξης,
2496 1656 2594 1708 καὶ
2640 1655 2944 1724 χαρακτὴρ
2983 1655 3086 1724 τῆς
3140 1655 3548 1721 ὑποστάσεως
3605 1653 3819 1708 αὐτοῦ’

2243 1747 2622 1817 Φιλιππησίοις
2642 1747 2698 1800 δέ
2714 1765 2726 1776 ο
2763 1749 2886 1813 Ὃς,
2909 1745 3188 1816 ert-pepugi
3215 1746 3362 1799 Θεοῦ
3386 1745 3700 1814 ὑπάρχων.
3718 1748 3823 1812 οὐχ

2245 1837 2559 1908 ἁρπαγμὸν
2583 1837 2852 1908 ἡγήσατο
2883 1839 2946 1891 τὸ
2967 1839 3118 1891 εἶναι
3145 1838 3253 1891 ἴσα
3283 1837 3424 1902 Θεῷ.
3465 1839 3541 1889 Τὸ
3564 1837 3622 1890 δὲ
3653 1838 3824 1905 λέγειν

571 1925 750 1978 omnia
783 1924 918 1977 facta
950 1932 1073 1977 sunt
1094 1967 1106 1990 ,
1153 1923 1390 1991 illudque
1432 1923 1717 1978 indirisum
1745 1939 1866 1979 esse
1896 1940 1926 1978 a
1955 1924 2136 1991 Patre,

2249 1930 2511 2000 ἀρχηγόν
2531 1930 2642 1998 τῆς
2659 1930 2732 2000 (5)
2750 1929 2918 1998 ζωῆς,
2935 1931 3028 1983 xui
3057 1929 3194 1983 Υιόν
3210 1929 3314 1983 τοῦ
3336 1929 3508 1993 Θεοῦ,
3531 1931 3628 1982 xui.
3651 1931 3827 1984 ἀπαύ-

571 2013 1024 2080 quemadumdum
1061 2013 1314 2081 splendor
1337 2028 1366 2066 a
1400 2013 1560 2067 luce?

2245 2036 2466 2090 τασμα,
2501 2023 2594 2074 xui
2629 2020 2993 2089 χαρακτῆρα,
3028 2022 3122 2074 xui
3162 2020 3267 2073 ἴσα
3293 2019 3438 2085 Θεῷ,
3467 2021 3565 2074 xui
3593 2022 3823 2088 Κύριον,

465 2159 468 2161 _
572 2106 667 2156 xui
692 2104 1035 2157 ἐπίσκοποι·-
1057 2101 1291 2172 ψυχῶν,
1326 2104 1379 2155 τί
1410 2102 1474 2157 ἂν
1504 2105 1588 2174 εἴη
1618 2104 1804 2174 ἕτερον
1837 2103 1932 2173 (6),
1969 2106 2004 2176 ἦ
2034 2105 2114 2158 ὅτι
2146 2108 2202 2160 ὲν
2244 2107 2456 2179 σώματι
2486 2110 2654 2180 Λόγος
2691 2107 2757 2182 ἦν
2783 2110 2938 2178 Θεοῦ,
2965 2110 3030 2162 δι’
3061 2105 3120 2164 οὗ
3153 2110 3220 2163 τὰ
3254 2110 3432 2163 πάντα
3459 2109 3700 2179 ἐγένετο,
3741 2112 3827 2166 καὶ

571 2194 717 2249 ἐστιν
745 2195 1046 2266 ἀδιαίρετος
1071 2193 1165 2246 τοῦ
1197 2194 1428 2266 Πατρδς,
1451 2195 1526 2258 ὡς
1557 2194 1671 2247 ἐστι
1701 2195 1762 2247 τὺ
1789 2195 2128 2267 ἀπαύγασμα
2167 2199 2303 2270 πρὸς
2334 2201 2394 2253 τὸ
2417 2200 2562 2270 φῶς;

641 2291 696 2346 9.
731 2289 962 2358 ldipsum
993 2288 1104 2356 egit
1128 2288 1414 2358 Dionysius
1463 2289 1531 2341 ab
1584 2287 1841 2356 apostolis
1872 2289 2094 2344 edoctus
2129 2310 2140 2345 :

575 2396 699 2438 cum
739 2381 882 2436 enim
906 2380 1016 2450 jam
1048 2379 1358 2448 irrepsisset
1397 2377 1614 2432 Subellii
1649 2379 1896 2445 haeresis,
1928 2391 2146 2434 coactus

573 2483 656 2527 est
680 2470 984 2539 huiusmodi
1021 2469 1326 2539 epistolam,
1351 2480 1412 2524 ut
1440 2469 1572 2534 dixi,
1599 2470 1858 2534 scribere,
1888 2485 1951 2524 ac
1978 2471 2142 2526 verba

571 2578 692 2633 qua:
721 2563 912 2618 humili
968 2573 1023 2616 et
1074 2563 1314 2615 humano
1351 2575 1500 2614 more
1546 2560 1610 2615 de
1665 2561 1826 2632 196
1870 2559 2149 2616 Salvatore

574 2655 715 2710 dicta
739 2664 885 2718 sunt,
940 2653 1046 2707 illis
1072 2652 1340 2722 obiicere,
1373 2660 1431 2706 ut
1473 2667 1570 2720 per
1595 2652 1829 2706 humana
1873 2653 1993 2707 illos
2025 2655 2148 2708 abs-

576 2757 804 2802 terreret
836 2763 864 2800 a
916 2747 1144 2801 dicendo
1167 2787 1181 2811 ,
1213 2746 1406 2800 Filium
1437 2761 1554 2801 esse
1585 2746 1824 2811 Patrem,
1856 2748 2040 2816 sicque
2067 2747 2147 2803 fa-

575 2840 820 2894 ciliorem
858 2838 965 2893 illis
995 2839 1137 2892 viam
1171 2839 1237 2892 ad
1271 2837 1578 2893 doctrinam
1612 2837 1678 2892 de
1704 2838 1826 2892 Filii
1870 2839 2150 2894 divinitate

575 2931 850 2994 muniret,
881 2930 970 2985 ubi
997 2931 1048 2985 in
1082 2931 1535 3000 subsequentibus
1587 2929 1828 2999 epistolis
1881 2929 2029 2984 illum
2081 2945 2146 2984 ex

577 3022 873 3094 Scripturis
914 3025 1085 3078 sacris
1139 3023 1437 3094 appellaret
1484 3021 1756 3087 Verbum,
1804 3022 2149 3092 sapientiam,

574 3117 854 3180 virtutem,
887 3130 1158 3185 vaporem,
1185 3124 1238 3168 et
1261 3113 1601 3182 splendorem
1628 3113 1825 3168 Patris.
1863 3113 1920 3168 ln
1945 3115 2148 3184 episto-

574 3209 642 3261 lis
682 3209 862 3278 itaque
906 3208 969 3261 ad
1022 3209 1103 3263 sui
1157 3207 1530 3262 defensionem
1573 3205 1810 3274 scriptis,
1862 3205 2034 3272 palam
2085 3206 2149 3259 de

575 3300 683 3355 ﬁde
716 3299 972 3372 loquitur,
1000 3302 1366 3371 pietatemque
1388 3313 1515 3368 erga
1537 3295 1810 3352 Christum
1840 3297 2146 3367 proﬁtetur.

574 3393 650 3447 Ut
690 3394 854 3463 igitur
897 3393 1123 3464 apostoli
1156 3390 1444 3447 accusandi
1471 3405 1578 3446 non
1625 3399 1750 3446 sunt
1783 3390 1852 3444 ob
1883 3389 2046 3443 verba
2084 3388 2149 3442 de

2315 2293 2369 2348 9.
2390 2294 2498 2346 Καὶ
2527 2294 2800 2357 Διονύσιος
2823 2294 3002 2348 τοίνυν
3033 2294 3182 2365 παρά
3207 2295 3314 2348 τῶν
3338 2297 3659 2351 ἀποστόλων
3681 2299 3827 2352 τοῦτο

2251 2383 2438 2455 μαθὼν
2495 2386 2821 2457 πεποίηκεν·
2867 2388 3054 2458 ἐπειδὴ
3086 2388 3192 2459 γὰρ
3240 2383 3432 2458 εἷρπεν
3466 2391 3500 2460 ἡ
3547 2391 3825 2444 Σαϐελλίου

2248 2478 2482 2549 αἵρεσις,
2518 2479 2837 2550 ἠναγκάσθη
2885 2480 2983 2550 τὴν
3035 2479 3309 2550 τοιαύτην,
3357 2481 3501 2534 καθά
3553 2470 3823 2554 προεῖπον,

2247 2569 2536 2639 ἐπιστολὴν
2576 2570 2801 2641 γράψαι,
2835 2571 2930 2624 xui
2962 2570 3029 2623 τὰ
3065 2571 3422 2642 ἀνθρωπίνως
3460 2573 3559 2626 xui
3606 2575 3828 2637 εὐτελῶς

2249 2661 2379 2730 περὶ
2401 2660 2494 2713 τοῦ
2527 2661 2780 2733 Σωτῆρος
2813 2661 2887 2732 (7)
2936 2662 3198 2733 εἰρημένα
3255 2663 3409 2732 ῥίψαι
3468 2666 3592 2716 κατ’
3624 2666 3824 2718 αὐτῶν

2250 2750 2358 2814 ἵνα,
2384 2752 2604 2816 τούτους
2625 2735 3010 2824 ἀποσξοινίσας
3043 2753 3133 2807 διὰ
3160 2754 3229 2807 τὰ
3271 2753 3596 2826 ἀνθρώπινα
3633 2757 3726 2808 τοῦ
3757 2756 3824 2826 μὴ

2249 2843 2430 2910 λέγειν
2459 2843 2586 2896 Υἱὸν
2633 2839 2908 2897 εἷναι-τὸν
2957 2844 3197 2914 Πατέρα,
3251 2844 3626 2915 εὐκολωτέραν
3657 2845 3827 2906 αὐτοῖς

2251 2935 2638 3008 κατασκευάσῃ
2669 2935 2766 3007 τὴν
2801 2934 2931 3006 περὶ
2964 2935 3062 3004 τῆς
3097 2934 3349 3004 θεότητος
3389 2935 3485 2989 τοῦ
3527 2937 3656 2989 Υίοῦ
3688 2936 3824 2989 διδα-

2252 3024 2501 3087 σκαλίαν,
2556 3025 2684 3078 ὅταν
2736 3024 2898 3076 αὑτὸν
2928 3024 2985 3076 ὲν
3013 3026 3132 3086 ταῖς
3161 3022 3347 3087 ἄλλαις
3385 3025 3698 3089 ἐπιστολαῖς
3729 3025 3825 3078 ἀπὸ

2248 3114 2356 3168 τῶν
2387 3116 2616 3186 Γραερῶν
2648 3116 2802 3188 λέγῃ,
2838 3115 3028 3183 Λόγον,
3066 3113 3275 3183 σοφίαν,
3333 3115 3584 3187 δύναμιν,
3617 3116 3823 3187 ἀτμίδα,

2254 3208 2348 3262 xui
2378 3207 2722 3277 ἀπαύγασμα
2745 3205 2840 3260 τοῦ
2869 3207 3103 3277 Πατρός.
3147 3209 3235 3261 Ἐν
3268 3207 3400 3277 γοῦν
3443 3210 3566 3271 ταῖς
3601 3207 3670 3278 (8)
3719 3208 3825 3260 ἐπι-

2253 3300 2466 3363 στολαῖς
2497 3300 2596 3370 τῆς
2623 3297 2921 3366 ἀπολογίας
2948 3297 3171 3351 τοιαῦτα
3207 3298 3404 3366 λέγων,
3464 3297 3824 3369 παρρησιάζε-

2249 3409 2340 3444 ται
2367 3391 2425 3444 ὲν
2448 3394 2512 3462 τῇ
2543 3390 2742 3454 πίστει,
2773 3391 2866 3443 καὶ
2894 3392 2961 3460 τῇ
2983 3391 3060 3452 εἰς
3083 3389 3320 3460 Χριστὸν
3337 3389 3608 3460 εὐσεϐείᾳ.
3628 3389 3823 3458 Ὥσπερ

575 3485 783 3538 Domini
825 3485 1161 3540 humanitate
1211 3485 1418 3555 prolata
1475 3481 1633 3556 (nam
1682 3482 1939 3537 Dominus
1986 3481 2145 3535 homo

2250 3479 2343 3538 οῦν
2371 3485 2431 3538 οὑ
2468 3481 2866 3555 κατηγορητέοι
2893 3481 2942 3534 οἱ
2972 3481 3257 3534 ἀπόστολοι
3292 3481 3381 3535 διὰ
3424 3479 3494 3533 τὰ
3527 3478 3822 3551 ἀνθρώπινα

573 3574 748 3629 factus
772 3575 897 3647 est),
932 3578 1058 3647 quin
1101 3553 1281 3647 potius
1329 3553 1690 3630 admiratione
1737 3574 1883 3644 digni
1929 3581 2053 3628 sunt
2081 3573 2145 3628 ob

2261 3577 2482 3648 ῥήματα
2511 3553 2638 3644 περὶ
2684 3571 2778 3625 τοῦ
2811 3572 3015 3643 Κυρίου
3059 3570 3176 3642 (xui
3223 3571 3333 3644 γὰρ
3365 3571 3650 3644 ἄνθρωπος
3678 3571 3821 3639 γέγο-

572 3667 889 3734 prudentem
933 3669 1392 3738 dispensationem
1437 3677 1489 3722 et
1549 3667 1850 3721 doctrinam
1922 3665 2150 3735 tempori

574 3758 1065 3823 accommodatam;
1100 3759 1178 3814 sic
1214 3759 1500 3830 Dionysius
1517 3774 1616 3828 pro
1643 3759 1843 3814 Ariano
1873 3757 2150 3814 habendus

575 3863 681 3901 non
706 3857 815 3915 est,
845 3859 1064 3920 propter
1086 3852 1366 3919 epistolam
1409 3851 1472 3904 ad
1505 3851 1910 3920 Euphranorem
1941 3851 2150 3905 etAm-

576 3941 815 3994 monium
851 3952 1040 3996 contra
1077 3942 1370 3997 Sabellium
1422 3943 1700 4012 scriptam.
1733 3942 1972 3998 Tametsi
2004 3945 2147 3999 enim

579 4027 873 4083 humilibus
901 4031 1078 4084 verbis
1106 4039 1158 4084 et
1188 4030 1450 4100 exemplis
1489 4039 1572 4086 est
1610 4047 1772 4096 usus,
1806 4040 1861 4085 at
1887 4031 1975 4085 illa
2023 4041 2151 4088 sunt

580 4131 646 4168 ex
682 4116 990 4188 Evangeliis
1021 4121 1358 4190 deprompta,
1391 4123 1649 4191 adestque
1682 4122 1753 4176 illi
1779 4122 2012 4194 legitima
2037 4123 2153 4180 lucc

577 4209 953 4263 conscribendi
983 4227 1170 4274 causa,
1196 4212 1494 4267 Salvatoris
1526 4213 1735 4268 scilicet
1767 4213 1818 4266 in
1860 4228 2026 4268 carne
2056 4213 2152 4267 ad-

575 4308 788 4366 ventus,
840 4311 1058 4373 prepter
1104 4319 1261 4373 quem
1309 4306 1422 4360 haec
1447 4314 1497 4360 et
1529 4306 1725 4359 similia
1774 4306 1975 4375 scripta
2004 4314 2146 4359 sunt.

576 4388 709 4444 Nam
762 4402 822 4445 ut
862 4393 975 4463 ipse
1017 4393 1249 4448 Verbum
1300 4405 1383 4451 est
1405 4398 1522 4461 Dei,
1570 4398 1640 4451 ita
1694 4409 1878 4466 postea
1924 4395 2150 4451 Verbum

574 4497 698 4536 raro
745 4483 942 4551 factum
989 4495 1064 4540 est
1107 4486 1184 4552 ³⁸;,
1230 4496 1286 4543 et
1332 4487 1401 4543 In
1467 4489 1726 4558 principio
1775 4489 1990 4559 quidem
2037 4495 2151 4541 erat

645 4641 835 4696 "Act.
871 4658 954 4706 tu,
989 4643 1074 4697 l5.
1153 4645 1196 4677 ³⁸
1228 4643 1420 4699 Matth.
1456 4659 1572 4713 ΧΠ,
1604 4644 1690 4704 16.
1771 4644 1815 4677 ³⁸
1841 4643 2005 4700 Hebr.
2040 4658 2080 4710 ι,
2112 4645 2166 4698 5.

643 4803 720 4872 (2)
746 4805 929 4876 ίᾼύτοῦ
963 4804 1113 4876 deest
1138 4806 1192 4860 in
1229 4804 1462 4860 Taurin.
1727 4873 1748 4876 _
1807 4871 1815 4876 _

644 4876 718 4942 (5)
743 4874 1150 4946 Taurin._Colb.
1195 4876 1287 4932 Fr.
1331 4878 1382 4940 1,
1409 4876 1679 4946 συνεῖπεν.
1717 4873 2148 4946 μῐοέηησυνῆψεν.

765 4953 819 4996 et
873 4944 1024 5016 editi,
1069 4946 1358 5016 συνῆπτεν.
1395 4945 1513 5016 Mox
1566 4945 1814 5016 Taut'in.,
1861 4940 2146 5016 ὡμολόγει.

572 5011 777 5064 Ibidem
813 5011 906 5064 τοῦ
926 5025 1052 5066 ante
1086 5011 1286 5078 ζῶντος
1307 5016 1357 5068 iu
1381 5015 1540 5070 editis
1569 5017 1721 5068 deest
1752 5031 1764 5066 :
1800 5015 1852 5068 iu
1874 5011 2151 5070 codicibus

571 5095 710 5150 vero
731 5082 980 5150 omnibus
1011 5084 1226 5150 legitur.

758 5149 942 5224 ξομε.
975 5154 1008 5204 5
1043 5149 1228 5224 auom,
1264 5154 1357 5206 xui
1381 5153 1671 5224 δαιμόνων.

645 5221 724 5289 (5)
758 5221 813 5273 lu
838 5219 970 5291 Reg.
1003 5231 1056 5291 e_t
1081 5222 1132 5272 in
1161 5225 1319 5274 edit-is
1350 5225 1448 5291 τῆς
1474 5219 1622 5277 deest
1652 5242 1663 5275 :
1695 5221 1788 5278 sed
1833 5223 2064 5278 habetur
2093 5224 2147 5278 in

574 5288 804 5354 Tan-riu.
833 5290 986 5344 Colh.
1017 5288 1126 5343 Jes.
1157 5302 1210 5344 et
1240 5288 1424 5347 Felclt.
1458 5295 1492 5346 5
1512 5307 1676 5346 anon.
1728 5292 1845 5346 Mox
1885 5291 2071 5348 Felck.
2119 5295 2153 5346 5

570 5375 785 5430 anon“:
787 5360 897 5412 ἴσον
921 5359 1059 5430 Θεῷ.

644 5428 719 5497 (6)
744 5427 971 5503 Taurini.
1003 5427 1155 5485 Colb.
1185 5427 1295 5483 Jes.
1328 5427 1576 5503 _Fe1c_k._3
1602 5431 1862 5503 anon.,rl
1897 5432 1964 5485 ἂν
1992 5427 2160 5503 ᾖὲτε-

575 5491 806 5570 οονηοιιί
840 5498 1064 5570 ultimus
1098 5499 1376 5570 sequentia
1409 5499 1488 5552 sie
1529 5499 1690 5570 habet
1833 5502 1914 5554 ὅτι
1958 5491 2025 5554 ἐν’
2057 5500 2158 5552 σώ-

577 5566 724 5641 ματί
742 5570 858 5641 ἐστι
883 5567 1052 5641 ᾼόγος
1093 5566 1168 5620 ὢν
1211 5567 1368 5628 Θεοῦ,
1396 5577 1506 5641 elo.
1535 5567 1654 5641 Mox
1701 5566 1863 5641 idem,
1892 5571 2160 5641 διαίρετος

574 5634 652 5706 τῷ
681 5638 856 5706 Πατρὶ
882 5634 1128 5699 ὼςέστι.
1147 5641 1426 5691 mendose.
1457 5635 1678 5689 Taurin.
1705 5634 1857 5694 Colb;
1889 5634 2160 5694 Jesfaute

575 5704 652 5764 ωξ
676 5704 790 5757 ἐστι
806 5704 1016 5758 habent
1040 5706 1151 5759 xui.

650 5772 727 5844 (7)
762 5773 986 5844 Taurin.
1018 5774 1171 5827 Colb.
1201 5771 1337 5833 Jes.,
1370 5791 1457 5836 πς,
1507 5775 1555 5827 id
1601 5785 1682 5828 est
1727 5774 1959 5844 Πατρός,
1989 5788 2156 5841 prono

579 5841 778 5911 quippe
814 5841 962 5909 lapsu
991 5857 1055 5897 ex
1113 5859 1263 5910 σρος,
1294 5845 1346 5898 id
1401 5853 1484 5901 est
1521 5844 1778 5915 Σωτῆρος
1813 5841 2017 5900 factum
2064 5853 2150 5901 est

2257 3683 2346 3719 νεν
2380 3667 2407 3719 ὁ
2433 3662 2706 3736 Κύριος),
2739 3662 2872 3715 ἀλλά
2901 3663 2995 3716 xui
3030 3662 3105 3734 (9)
3146 3663 3344 3734 μᾶλλον
3378 3663 3653 3733 θαύματος
3697 3661 3820 3725 ἄξιοι

2257 3756 2346 3809 διὰ
2392 3757 2490 3827 τὴν
2523 3754 2831 3824 οἰκονομίαν
2876 3754 2971 3808 xui
3003 3755 3100 3825 τὴν
3149 3756 3205 3808 ὲν
3238 3755 3418 3826 καιρῷ
3457 3753 3816 3814 διδασκαλίαν·

2257 3845 2431 3908 οὕτως
2477 3845 2577 3897 οὐκ
2611 3843 2886 3914 Ἀρειανὸς
2909 3845 2938 3896 ό
2973 3841 3246 3906 Διονύσιος
3278 3844 3416 3913 (l0),
3447 3844 3535 3897 διὰ
3571 3843 3664 3914 τὴν
3698 3841 3818 3912 πρὶς

2255 3937 2580 4008 Εὐφράνορα
2602 3935 2695 3988 καὶ
2730 3933 3035 4006 Ἀμμώνιον
3052 3933 3194 3986 κατά
3213 3933 3505 3986 Σαϐελλίου
3529 3933 3814 4001 ἐπιστολήν.

2256 4030 2322 4082 Ei
2351 4029 2462 4100 γὰρ
2494 4028 2590 4081 xui
2641 4029 2916 4089 ταπεινοῖς
2965 4026 3235 4096 ἐχρήσατο
3284 4025 3464 4094 λόγοις
3517 4027 3608 4079 xui
3653 4040 3816 4093 παρα-

2258 4119 2566 4190 δείγμασιν,
2601 4117 2714 4171 ἀλλ’
2753 4119 2818 4171 ὲκ
2849 4116 2956 4169 τῶν
2982 4116 3328 4185 Εὐαγγελίων
3358 4117 3477 4169 ἐστὶ
3505 4118 3596 4170 καὶ
3619 4114 3776 4168 ταῦτα
3797 4130 3811 4143 ·

2258 4211 2354 4264 xui.
2383 4211 2652 4281 πρόφασιν
2677 4210 2789 4279 ἔχει
2817 4208 3041 4274 τούτων,
3060 4209 3157 4279 τὴν
3181 4207 3273 4260 τοῦ
3304 4209 3555 4279 Σωτῆρος
3575 4207 3812 4276 ἕνσαρκον

2259 4300 2582 4371 παρουσίαν,
2617 4300 2681 4352 δι’
2708 4301 2772 4371 ἣν
2816 4300 2927 4369 (ll)
2965 4299 3057 4352 xui
3091 4298 3264 4351 ταῦτα
3312 4298 3408 4350 xui
3453 4299 3519 4351 τὰ
3553 4299 3700 4369 ὃμοια
3725 4295 3811 4363 γέ-

2259 4409 2520 4464 γραπται.
2551 4391 2661 4446 Καὶ
2693 4393 2802 4463 γὰρ
2827 4391 3014 4463 ὥσπερ
3035 4391 3206 4457 Λόγος
3235 4390 3350 4442 ἐστὶ
3375 4389 3469 4442 τοῦ
3499 4388 3648 4450 Θεοῦ,
3684 4385 3811 4438 οὕτω

2263 4483 2399 4555 μετά
2429 4482 2599 4538 ταῦτα
2634 4484 2696 4536 '0
2730 4485 2918 4554 Λόγος
2961 4483 3115 4553 σὰρξ
3143 4483 3378 4553 ἐγένετο
3417 4483 3526 4554 (19)
3548 4500 3560 4512 ”
3592 4481 3693 4567 καὶ]
3724 4478 3810 4528 Ἑν

2245 4644 2288 4675 ³⁷
2319 4640 2553 4713 Philipp.
2584 4658 2642 4708 tt,
2676 4643 2730 4696 6.
2807 4642 2851 4675 ³⁸
2882 4639 3038 4696 Joan.
3072 4656 3108 4707 ι,
3145 4642 3230 4696 14.

2187 4809 2232 4865 ι)
2259 4799 2417 4873 πρὸς,
2445 4800 2678 4873 Πατρός.
2719 4800 2837 4873 Mox
2863 4799 3047 4873 Feltk.
3075 4799 3114 4873 _'5
3147 4798 3462 4873 ancr.,_i_'vu
3503 4795 3620 4873 τςῦς
3649 4787 3804 4872 τοιού·

2257 4858 2465 4935 τόυξὸ
2505 4858 2904 4940 ἀποσγοινίσας.
2960 4868 3126 4923 Paulo
3178 4858 3506 4939 post-idem,
3538 4858 3803 4916 εὐκολώτε-

2294 4958 2372 4994 ον.

2262 4959 2405 5082 ροῖὲ)
2433 5009 2622 5082 ωεις.
2649 5010 2685 5064 5
2709 5011 3009 5082 anon.,_‘Ev
3030 5007 3137 5078 γὰρ
3169 5008 3305 5082 ταῖς.

2332 5069 2406 5150 (9)
2429 5080 2538 5134 Καί
2569 5081 2736 5150 Adeest
2787 5081 2839 5136 iu
2882 5069 3118 5150 'Taurini
3167 5069 3320 5150 C_u_lb.
3376 5074 3486 5150 ths.
3529 5073 3617 5150 Fr.
3662 5071 3705 5125 Ι.
3743 5069 3796 5150 In

2257 5137 2484 5219 reliquis
2517 5148 2679 5202 editis
2704 5159 2770 5219 et
2782 5165 2913 5203 mss.
2956 5149 3168 5219 legitur.
3197 5143 3677 5219 ploxLoixovottluv
3704 5137 3798 5219 xui.

2256 5212 2525 5340 τήνξῖδίοι
2554 5219 2685 5289 Reg.
2730 5217 2953 5274 Tauriu.
2998 5212 3148 5272 Colb.
3186 5213 3296 5270 Jes.
3336 5215 3427 5270 Fr.
3477 5216 3526 5268 l.
3564 5212 3616 5265 lu
3660 5212 3799 5263 editis

2262 5305 2354 5340 και
2375 5307 2390 5338 ι
2411 5303 2502 5340 ees
2531 5326 2545 5340 .

2262 5303 2354 5342 και
2375 5303 2545 5342 (18881.

2335 5358 2443 5428 (10)
2475 5356 2655 5412 Feb-lt.
2687 5359 2720 5411 5
2746 5372 2932 5420 auom,
2965 5355 3364 5428 οὐκἋρειανὸς
3395 5353 3646 5412 Διονύσιος
3675 5344 3798 5416 πρὸς

2267 5426 2529 5482 eodem;
2556 5428 2651 5481 xui
2682 5427 3111 5497 Euppwwiuﬁie
3144 5426 3242 5479 hoc
3276 5426 3418 5497 loco,
3457 5436 3606 5497 supra
3636 5429 3792 5497 tamch

2278 5498 2588 5567 Ἀμμωνᾶν)
2641 5481 2780 5550 κατᾶ
2811 5481 3105 5548 ’Σαϐελλίου
3151 5481 3435 5567 ἐπιστολὴν
3483 5481 3698 5562 γράφων.
3731 5481 3802 5532 Οἱ

2265 5568 2392 5636 γάρ·
2416 5568 2494 5620 sic
2527 5568 2612 5622 ille
2642 5568 2915 5636 mendose.

2364 5635 2445 5705 ll)
2489 5637 2623 5705 lteg.
2657 5637 2824 5705 solus,
2855 5635 2921 5688 δι’
2944 5637 3023 5689 ὃν.
3203 5702 3213 5705 _
3457 5699 3470 5705 _
3494 5698 3522 5705 __
3676 5690 3688 5705 ι
3735 5689 3748 5705 9

2349 5690 2442 5770 7|?)
2476 5690 2659 5758 Felclt.
2697 5704 2731 5758 5
2757 5690 2948 5767 auom,
2973 5713 3090 5773 post
3125 5702 3360 5773 ἐγένετο,
3399 5690 3694 5773 _ad«lit_._xui
3731 5690 3793 5773 ἐν

2255 5764 2389 5894 igni»:
2411 5764 2709 5845 ἐσκήνωσε.
2741 5774 2891 5841 Quod
2929 5764 3107 5829 itidem
3139 5764 3297 5842 paulo
3334 5770 3472 5824 iul'ra
3515 5765 3642 5820 addit
3680 5764 3795 5827 post

2285 5859 2491 5894 γενετο.

2285 5859 2491 5912 γενετο.
