3954 6496
464 432 570 489 ιον

1036 431 1094 487 S.
1133 430 1506 487 ATIIANASII
1544 428 1694 487 OPP.
1735 429 1914 490 PARS
1946 433 1987 490 l.
2027 463 2095 472 —
2135 430 2507 489 IllSTORlCA
2548 430 2634 486 ET
2674 431 3097 490 DOGMATICA.

3647 436 3743 491 500

462 548 736 618 opistoias.
779 547 910 602 Cum
968 546 1252 616 Dionysius
1286 547 1569 617 episcopus
1594 590 1608 614 ,
1647 561 1932 620 postquam
1975 551 2039 605 de

2146 546 2444 612 ἐπιστολὰς,
2484 546 2630 602 ἐστιν
2659 547 2798 619 αῦτη
2828 549 2963 621 (42).
2992 547 3280 602 Διονυσίου
3315 547 3414 602 τοῦ
3445 549 3740 606 ἐπισκόπου

462 638 989 708 l‘eutapolitanisilla
1021 640 1302 700 didicerat,
1328 639 1634 708 epistolam,
1661 642 1736 694 uti
1761 641 1872 708 jam
1904 642 2040 706 disi,

463 740 651 786 contra
687 730 903 784 Sabellii
938 731 1223 795 hzeresitn,
1254 731 1319 784 ad
1349 731 1693 785 Ammonium
1711 740 1764 786 et
1804 732 2042 801 Euphra-

463 839 677 888 norem,
705 823 884 876 studio
915 823 1190 890 religionis
1215 833 1513 892 permotus,
1551 823 1894 892 scripsisset;
1923 826 2044 894 qui-

357 947 360 950 -
462 911 586 965 dam
617 927 682 965 ex
719 900 961 966 Ecclesia
995 909 1208 974 fratres,
1241 926 1387 965 sana:
1417 912 1629 979 quidem
1663 912 1920 967 doctrinae
1947 914 2043 968 ho-

463 1003 658 1065 mines,
699 1018 802 1056 non
852 1003 1112 1058 sciscitati
1165 1011 1343 1056 tamen
1387 1018 1507 1058 eum
1538 1017 1641 1072 qua
1675 1003 1740 1056 dc
1769 1019 1930 1058 causa
1970 1005 2040 1058 ita

463 1094 792 1162 scripsisset,
823 1093 1050 1148 Romam
1074 1109 1133 1147 se
1163 1093 1438 1147 contulere
1458 1135 1472 1160 ,
1500 1093 1760 1162 illumque
1781 1096 1917 1163 apud
1951 1109 2042 1149 co-

461 1183 773 1251 gnominem
803 1184 1116 1255 Dionysium
1144 1185 1442 1237 Romanum
1479 1184 1788 1253 episc0pum
1819 1200 2043 1239 accusa—

461 1284 609 1330 ruut.
635 1274 841 1341 Quibus
871 1275 959 1328 ille
984 1275 1202 1341 auditis,
1244 1291 1347 1328 una
1380 1277 1597 1344 Scripsit
1636 1285 1689 1330 et
1719 1287 1906 1331 contra
1941 1276 2041 1331 Sa-

455 1363 608 1418 bellii
647 1374 946 1418 sectatores
985 1376 1037 1418 et
1063 1377 1250 1420 contra
1297 1380 1392 1422 eos
1437 1367 1526 1436 qui
1565 1366 1682 1436 ejus
1703 1377 1883 1422 essent
1913 1383 2038 1421 sen-

462 1453 663 1518 tentiae,
693 1469 854 1523 quam
884 1470 1005 1509 cum
1036 1464 1157 1523 post
1190 1455 1355 1509 Arius
1391 1455 1822 1522 protulisset,.ab
1853 1455 2037 1509 Eccle-

461 1542 541 1596 sia
575 1552 656 1596 est
693 1543 900 1612 ejectus
937 1562 950 1596 :
989 1543 1248 1612 aequalem
1295 1545 1443 1597 aiens
1466 1583 1480 1607 ,
1515 1543 1636 1600 licet
1673 1560 1737 1599 cx
1777 1545 2038 1598 diametro

459 1633 783 1699 oppositam,
831 1632 1048 1686 Sabellii
1087 1633 1437 1701 impietatem,
1466 1648 1650 1687 eorum
1697 1632 2039 1701 blasphemiae

461 1723 553 1790 qui
584 1723 805 1786 dicunt,
836 1723 1070 1777 Verbum
1123 1725 1210 1777 Dei
1271 1734 1610 1788 creaturam,
1673 1723 1942 1793 Opiﬁcium
1985 1735 2038 1778 et

461 1826 577 1865 rem
604 1813 806 1866 factam
839 1827 979 1867 esse.
1011 1814 1154 1868 Misit
1187 1829 1399 1884 quoque
1444 1815 1510 1868 ad
1544 1816 1852 1885 Dionysium
1892 1815 2036 1868 litteo

2149 638 2412 709 μαθόντος
2441 638 2570 712 περὶ
2602 639 2710 692 τῶν
2737 641 2793 693 ἐν
2821 640 3177 706 Πενταπόλει,
3211 639 3316 693 καὶ
3346 639 3500 710 ζήλῳ
3532 642 3632 713 τῆς
3661 645 3737 697 sti-

2146 730 2362 792 σεόείας
2397 729 2730 799 γράψαντος,
2775 730 2916 784 καθά
2949 733 3235 804 προεῖπον,
3272 733 3420 786 κατά
3457 733 3558 803 τῆς
3591 735 3734 805 αίρέ-

2146 836 2280 882 σεως
2301 820 2588 874 Σαϐελλίου
2617 820 2715 891 τήν
2745 821 2878 892 πρὸς
2907 823 3239 895 Εὐφράνορα
3289 825 3385 876 κα)¹
3431 824 3728 895 Ἀμμώνιον

2143 910 2460 981 ἐπιστολὴν,
2510 912 2652 974 τινὲς
2698 912 2805 964 τῶν
2858 912 2966 964 ἀπὸ
3030 914 3132 982 τῆς
3199 914 3534 984 Ἐκκλησίας
3582 916 3729 972 ἀδελ-

2143 1001 2258 1070 φῶν
2284 1002 2416 1073 (45),
2449 1003 2770 1074 φρονοῦντες
2799 1005 2897 1074 μὲν
2922 1004 3120 1074 ὀρθῶς,
3151 1007 3228 1076 μὴ
3268 1007 3646 1078 ἐρωτήσαντες
3672 1011 3725 1063 δὲ

2141 1093 2322 1159 αὑτὸν,
2353 1095 2438 1146 ἵνα
2470 1095 2598 1164 παρ’
2624 1096 2788 1148 αὑτοῦ
2825 1096 3034 1167 μάθωσι
3059 1096 3172 1160 πῶς
3205 1097 3464 1169 ἔγραψεν,
3499 1101 3726 1170 ἀνῆλθον

2141 1183 2220 1244 είς
2261 1181 2358 1252 τὴν
2411 1183 2648 1254 Ῥώμην,
2699 1185 2791 1237 καὶ
2825 1189 3216 1258 κατειρήκασιν
3247 1188 3413 1241 αὑτοῦ
3465 1191 3617 1261 παρά
3650 1192 3725 1262 τῷ

2139 1273 2412 1344 ὁμωνύμῳ
2459 1275 2624 1328 αὑτοῦ
2689 1276 2951 1346 Διονυσίῳ
2990 1277 3071 1348 τῷ
3123 1279 3408 1350 ἐπισκὸπῳ
3464 1281 3720 1352 Ῥώμηςο

2139 1365 2386 1428 κάκεῖνος
2407 1367 2666 1430 ἀκούσας,
2705 1367 2942 1437 ἔγραψεν
2971 1368 3110 1439 όμοῦ
3144 1370 3286 1424 κατά
3310 1388 3367 1423 τε
3397 1371 3506 1424 τῶν
3535 1372 3602 1424 τὰ
3623 1374 3724 1427 Σα-

2141 1455 2348 1508 ϐελλίου
2372 1457 2726 1523 δοξαζόντων,
2745 1459 2840 1511 καὶ
2861 1461 3000 1514 κατά
3015 1461 3126 1516 τῶν
3155 1461 3503 1532 φρονούντων
3524 1463 3716 1530 ταῦτα,

2139 1543 2281 1618 ἅπερ
2315 1547 2407 1600 καὶ
2443 1549 2658 1618 ’Λρειος
2685 1547 2856 1617 λέγων
2885 1550 3149 1621 ἐξεϐλήθη
3196 1552 3302 1622 τῆς
3359 1552 3717 1623 Ἐκκλησίας·

2141 1635 2260 1707 ῐσιιν
2291 1639 2384 1690 καὶ
2421 1640 2561 1692 κατὰ
2601 1640 2896 1712 διάμετρον
2933 1643 3188 1696 ἀσέϐειαν
3229 1641 3368 1697 εἶναι
3404 1645 3599 1712 λέγων,
3625 1647 3720 1716 τήν

2137 1744 2196 1780 τε
2221 1729 2507 1782 Σαϐελλίου
2529 1732 2620 1784 καὶ
2637 1732 2736 1802 τὴν
2755 1733 2862 1785 τῶν
2881 1733 3143 1802 λεγόντων
3162 1736 3370 1806 κτίσμα
3394 1737 3489 1789 καὶ
3515 1738 3720 1808 ποίημα

2138 1821 2231 1871 καὶ
2249 1819 2359 1889 (Μ)
2378 1822 2600 1891 γενητὸν
2633 1821 2769 1876 εἶναι
2790 1825 2880 1876 τὸν
2909 1824 3000 1878 τοῦ
3025 1825 3158 1878 Θεοῦ
3190 1827 3382 1894 Λόγον.
3413 1828 3719 1882 Ἐπέστειλε

463 1918 574 1969 ras,
601 1913 660 1957 ut
685 1905 985 1970 indicaret,
1009 1921 1116 1974 qua
1153 1907 1218 1960 de
1244 1921 1302 1960 re
1347 1916 1631 1962 accusatus
1667 1908 1734 1961 ab
1768 1907 1870 1961 illis
1900 1907 2036 1960 fuis-

2146 1909 2194 1962 δέ
2223 1910 2316 1962 καὶ
2343 1911 2599 1981 Διονυσίῳ
2635 1913 2874 1982 δηλῶσαι
2917 1917 3043 1985 περὶ
3079 1910 3151 1969 ὦν
3187 1919 3448 1988 εἰρήκασι
3480 1920 3602 1972 κατ’
3628 1922 3721 1972 αὐ-

462 2007 492 2048 s
511 2003 565 2046 -t.
593 1993 686 2048 ille
707 2009 836 2048 vero
863 1997 1260 2064 quamprimum
1295 1997 1375 2050 sui
1405 1997 1664 2066 purgandi
1691 2013 1850 2051 causa
1871 1997 2038 2050 libros

464 2085 654 2150 edidit,
707 2101 843 2156 quos
884 2087 1177 2155 inscripsit,
1225 2087 1485 2142 Eleuchus
1508 2130 1523 2154 ,
1553 2097 1606 2142 et
1631 2089 1907 2158 Apologia.
1943 2088 2039 2144 llic

465 2176 872 2230 animadvertas
921 2177 1079 2231 velim
1129 2180 1516 2232 exsecrandam
1563 2179 1761 2232 Christi
1809 2178 2038 2232 hostium

465 2267 759 2333 ofﬁcinam,
799 2280 854 2324 et
896 2284 1002 2337 quo
1035 2280 1198 2338 pacto
1242 2272 1306 2324 ad
1350 2286 1499 2325 suam
1545 2272 1644 2341 ipsi
1695 2271 2040 2339 ignominiam

465 2357 583 2413 hzcc
614 2359 882 2413 moverint
918 2377 932 2413 :
965 2377 1086 2414 cum
1119 2363 1263 2416 enim
1302 2361 1588 2434 Dionysius
1620 2361 1893 2416 Romanus
1931 2363 2046 2429 epi-

469 2463 665 2517 sc0pus
717 2449 978 2504 adversus
1024 2465 1118 2504 eos
1156 2451 1314 2505 etiam
1369 2451 1676 2520 scripserit,
1735 2453 1824 2519 qui
1861 2453 2044 2505 dicunt

469 2537 664 2592 Filium
698 2539 789 2593 Dei
820 2549 1121 2594 creaturam
1156 2549 1207 2594 et
1251 2556 1361 2594 rem
1416 2540 1612 2594 factam
1659 2555 1800 2603 esse,
1843 2540 2042 2609 liquido

469 2640 698 2692 constat,
728 2646 829 2684 non
854 2630 1224 2700 jamprimum,
1261 2632 1352 2686 sed
1370 2632 1500 2686 olim
1531 2647 1747 2700 quoque
1773 2631 1839 2684 ab
1869 2632 2042 2685 omni-

469 2721 570 2774 bus
610 2722 949 2776 anathemate
1004 2723 1308 2792 damnatam
1352 2723 1515 2776 fuisse
1552 2723 1751 2776 Christi
1808 2723 2040 2776 hostium

465 2813 788 2868 Arianorum
812 2816 1078 2869 haeresim.
1103 2815 1303 2869 Deinde
1335 2831 1455 2870 cum
1503 2814 1785 2884 Dionysius
1806 2814 2042 2867 Alexan-

467 2907 655 2960 drinus
718 2907 1000 2976 episcopus
1062 2907 1129 2961 de
1173 2906 1398 2975 epistola
1441 2922 1536 2960 sna
1601 2921 1720 2961 sese
1779 2905 2052 2976 purgarit,

466 2999 642 3069 palam
669 3009 751 3055 est
782 3000 932 3053 illum
952 3040 967 3065 ,
995 3015 1092 3054 nec
1139 3000 1254 3070 ejus
1286 2999 1452 3056 fuisse
1489 3002 1773 3054 sententia:
1799 3015 1957 3069 quam
1990 2999 2040 3052 ei

467 3093 770 3155 ascribunt,
802 3106 976 3160 neque
1003 3093 1220 3145 omnino
1255 3107 1415 3161 prava
1450 3091 1568 3146 Arii
1596 3092 1840 3147 doctrina
1870 3091 2048 3145 imbu-

467 3190 580 3235 tum
607 3179 814 3234 fuisser

538 3271 626 3324 14.
690 3271 758 3324 Ει
811 3286 940 3326 sane
990 3271 1122 3324 satis
1165 3281 1306 3325 esset
1363 3271 1427 3324 ad
1487 3271 1748 3340 integram
1807 3271 2036 3326 Ariano-

466 3380 586 3419 rum
635 3361 1079 3428 confutationem,
1124 3373 1176 3417 et
1219 3364 1282 3416 ad
1336 3363 1804 3418 demonstrandam
1849 3379 2034 3418 eorum

469 3453 632 3524 199
661 3453 1008 3514 calumniam,
1043 3455 1183 3522 quod
1221 3453 1507 3524 Dionysius
1536 3454 1600 3506 dc
1623 3454 1690 3508 iis
1714 3454 1875 3508 etiam
1919 3470 2038 3523 qua:

467 3547 847 3614 istijactitant,
869 3561 989 3600 sesc
1020 3546 1325 3614 purgaverit
1348 3564 1362 3600 :
1385 3561 1486 3598 non
1513 3546 1653 3600 enim
1681 3548 2035 3602 contendendi

465 3640 648 3694 animo
691 3639 933 3707 scripsit,
978 3639 1074 3691 sed
1120 3639 1202 3690 sui
1241 3638 1562 3692 defendendi
1610 3639 2038 3710 suspicionisque

465 3731 780 3787 amovenda;
810 3746 1012 3785 causa:
1060 3745 1183 3785 cum
1228 3745 1354 3786 vero
1380 3746 1474 3784 eas
1518 3731 1733 3799 depellit
1778 3733 2036 3787 crimina-

467 3824 669 3886 tiones,
696 3823 826 3890 quid
858 3821 1002 3876 aliud
1035 3823 1145 3892 agit
1172 3838 1334 3891 quam
1370 3823 1510 3890 quod
1545 3838 1759 3876 omnem
1793 3824 2037 3878 criminis

465 3915 831 3983 suspicionem
864 3913 1024 3980 levat,
1072 3924 1126 3968 et
1169 3913 1219 3966 in
1268 3913 1369 3968 hoc
1413 3913 1646 3968 Arianos
1679 3915 2039 3985 sycophantas

464 4021 586 4062 esse
610 4008 819 4077 arguit?
852 4005 956 4061 Sed
983 4016 1042 4060 ιιι
1071 4021 1133 4061 ex
1176 4005 1241 4059 iis
1270 4021 1388 4075 qum
1416 4005 1497 4060 sui
1524 4005 1839 4060 defendendi
1874 4022 2038 4062 causa

465 4099 684 4167 scripsit
732 4099 902 4168 magis
953 4097 1371 4163 confundantur,
1421 4112 1538 4165 age,
1580 4097 1698 4166 ejus
1746 4098 1840 4152 tibi
1878 4101 2036 4153 verba

464 4205 757 4259 proponam
791 4208 802 4244 :
843 4199 899 4242 ut
930 4190 1054 4242 hinc
1090 4189 1323 4254 noveris,
1359 4188 1590 4242 Arianos
1624 4203 1806 4258 prava
1845 4191 2039 4244 mentis

463 4281 709 4334 homines
740 4296 882 4343 esse,
933 4280 1356 4350 Dionysiumque
1412 4280 1480 4333 ab
1527 4294 1712 4334 eorum
1765 4281 2039 4336 erroribus

465 4371 722 4429 alienum.
771 4373 832 4425 Et
866 4373 1042 4443 primo
1083 4371 1302 4440 quidem
1346 4371 1630 4442 epistolam
1660 4386 1808 4425 suam
1841 4373 2038 4426 inscri-

464 4463 590 4530 psit,
621 4463 930 4532 Apologiam
965 4472 1019 4517 et
1061 4461 1372 4516 Elencitum.
1407 4462 1544 4528 Quid
1585 4461 1685 4515 sibi
1723 4461 1837 4514 vult
1884 4462 2035 4524 illud,

2137 1997 2250 2053 τοῦ.
2282 1999 2392 2051 Καὶ
2423 2000 2760 2070 ἀντέγραψεν
2791 2002 2951 2066 εὐθὺς
2974 2004 3157 2070 αὐτὸς,
3205 2007 3302 2058 καὶ
3344 2007 3627 2078 ἐπέγραψε
3655 2008 3722 2061 τά

2143 2087 2324 2158 βιϐλία
2353 2087 2638 2158 Ἐλέγχου
2662 2093 2756 2144 καὶ
2793 2093 3167 2162 Ἀπολογίας.
3217 2096 3484 2149 Ἐνταῦθα
3526 2099 3584 2150 τὸ
3625 2116 3721 2168 μυ-

2143 2180 2306 2250 σαρὸν
2334 2180 2696 2252 ἐργαστήριον
2722 2182 2829 2235 τῶν
2862 2182 3263 2255 Χριστομάχων
3296 2187 3408 2256 (45)
3440 2189 3718 2251 κατανόει,

2142 2271 2233 2322 καὶ
2264 2270 2380 2333 πῶς
2417 2272 2571 2325 αὐτοὶ
2614 2273 2736 2325 καθ’
2759 2275 2963 2328 ἑαυτῶν
2994 2276 3096 2347 τὴν
3137 2278 3398 2349 αἰσχύνην
3431 2280 3716 2350 ἐκίνησαν·

2141 2359 2412 2412 Διονυσίου
2429 2362 2536 2432 γὰρ
2569 2364 2861 2415 ἐπισκόπου
2904 2363 3120 2434 Ῥώμης
3139 2367 3448 2437 γράψαντος
3476 2371 3570 2422 κα).
3586 2370 3722 2424 κατά

2140 2452 2247 2503 τῶν
2269 2451 2531 2519 λεγόντων
2552 2454 2754 2523 κτίσμα
2783 2456 2878 2508 καὶ
2901 2455 3026 2527 ποίη
3037 2474 3112 2526 μα
3146 2458 3234 2511 τὸν
3272 2459 3399 2512 Υἱὸν
3443 2460 3537 2513 τοῦ
3565 2462 3719 2524 Θεοῦ,

2140 2542 2411 2596 δείκνυται
2464 2543 2537 2614 μὴ
2575 2543 2668 2596 νῦν
2714 2546 2960 2616 πρῶτον,
3001 2547 3118 2601 ἀλλ’
3145 2548 3378 2603 ἔκπαλαι
3407 2551 3562 2622 παρά
3602 2552 3723 2605 πάν-

2140 2651 2247 2686 των
2277 2634 2770 2705 ἀναθεματισθεῖσα
2805 2637 2912 2690 τῶν
2943 2639 2985 2690 Χ
2996 2642 3341 2710 ριστομάχων
3366 2641 3478 2711 (46)
3525 2643 3723 2713 Ἀρεια·

2140 2723 2294 2794 νῶνή
2329 2725 2572 2794 αἵρεσις,
2593 2727 2824 2780 Ἔπειτα
2846 2729 3126 2783 Διονυσίου
3164 2730 3259 2784 τοῦ
3289 2732 3594 2786 ἐπισκόπου
3625 2733 3721 2802 τῆς

2155 2814 2559 2886 Ἀλεξανδρείας
2593 2817 3026 2889 ἀπολογουμένου
3057 2821 3184 2893 περὶ
3225 2817 3293 2894 ἧς
3338 2822 3580 2893 ἔγραψεν
3605 2825 3723 2876 ἐπι-

2143 2906 2354 2976 στολῆς,
2388 2906 2638 2975 φαίνεται
2661 2905 2753 2957 καὶ
2784 2907 2946 2970 αὐτὸς
2978 2909 3118 2978 μήτε
3141 2909 3282 2963 οὕτω
3315 2912 3597 2980 φρονήσας
3647 2911 3722 2973 ὡς

2141 2998 2292 3051 αὐτοὶ
2329 2998 2438 3067 (47)
2459 2997 2696 3066 λέγουσι,
2715 2999 2848 3069 μήτε
2871 2998 3006 3063 ὅλως
3033 3000 3130 3073 τὴν
3163 3003 3374 3073 Ἀρείου
3406 3003 3721 3070 κακοδοξίαν

2140 3088 2407 3160 ἐσχηκώς.

2210 3270 2294 3324 Η.
2351 3272 2462 3325 Καὶ
2494 3273 2656 3344 ἀρκεῖ
2711 3274 2806 3344 μὲν
2864 3273 2943 3336 είς
2996 3274 3210 3327 τελείαν
3239 3275 3586 3344 κατάγνωσιν
3616 3277 3720 3331 τῶν

2149 3362 2460 3434 ’Λρειανῶν,
2507 3365 2599 3417 καὶ
2642 3367 2721 3428 είς
2755 3364 3028 3430 ἀπόδειξιν
3069 3365 3168 3436 τῆς
3223 3369 3593 3435 συκοφαντίας
3624 3369 3718 3422 αὒ-

2137 3454 2262 3518 τῶν,
2292 3454 2353 3506 τὸ
2386 3455 2479 3508 καὶ
2517 3456 2674 3524 μόνον
2703 3455 3142 3526 ἀπολογήσασθαι
3186 3458 3277 3510 τὸν
3312 3459 3591 3512 Διονύσιον
3629 3459 3721 3512 καὶ

2137 3543 2266 3614 περῖ
2293 3537 2367 3596 ὧν
2396 3540 2539 3599 οὗτοι
2573 3546 2995 3618 τεθρυλλήκασιν
3015 3566 3028 3578 ·
3063 3549 3122 3602 ού
3150 3549 3258 3620 γὰρ
3297 3549 3374 3612 ὠς
3408 3551 3720 3620 φιλονεικῶν

2137 3633 2498 3706 ἀντέγραψεν,
2545 3635 2659 3690 ἀλλ’
2691 3637 3123 3708 ἀπολογούμενος
3157 3657 3221 3692 πε
3234 3641 3286 3710 ρί
3315 3633 3390 3693 ὧν
3437 3640 3722 3694 ὑπωπτεύ-

2137 3722 2203 3795 θη
2235 3725 2344 3794 (48)
2371 3743 2384 3756 ο
2442 3729 2470 3780 ό
2509 3727 2564 3779 δὲ
2602 3727 3032 3797 ἀπολογούμενος
3071 3729 3198 3800 περὶ
3237 3722 3312 3781 ὧν
3342 3731 3719 3802 κατηγορήθη.’

2137 3817 2189 3869 τί
2217 3817 2402 3888 ἕτερον
2443 3821 2604 3881 ποιεῖ,
2635 3817 2805 3888 ῆλύει
2839 3819 2936 3888 μὲν
2968 3821 3074 3872 πᾶν
3105 3820 3446 3873 ὑποπτευθέν
3477 3821 3720 3892 ἔγκλημα

2138 3909 2258 3960 κατ’
2289 3908 2471 3972 αὑτοῦ,
2498 3910 2703 3980 ἐλέγχει
2735 3911 2790 3962 δέ
2826 3912 2918 3963 καὶ
2947 3913 3003 3964 ἐν
3033 3911 3205 3981 τούτῳ
3234 3913 3579 3982 συκοφάντας
3614 3914 3717 3982 (49)

2137 4000 2261 4059 τοὺς
2286 4001 2727 4070 ’Δρειομανίτας;
2755 4003 2871 4054 Ἵνα
2903 4002 2958 4054 δὲ
2982 4003 3075 4054 καὶ
3098 4000 3156 4066 ἐξ
3181 3996 3254 4056 ὧν
3289 4003 3720 4074 ἀπολογούμενος

2139 4089 2364 4160 ἔγραψε,
2419 4091 2579 4144 πλέον
2620 4093 2977 4162 αίσχυνθῶσιν
3008 4085 3176 4155 οὗτοι,
3212 4093 3343 4162 φέρε
3379 4111 3462 4147 σοι
3508 4096 3602 4148 καὶ
3625 4094 3718 4158 τὰς

2139 4181 2312 4248 λέξεις
2339 4184 2502 4236 αὐτοῦ
2533 4183 2861 4254 παράθωμαι
2889 4184 3028 4254 (50)·
3058 4183 3244 4256 γνώσῃ
3271 4185 3381 4256 γάρ
3412 4187 3505 4239 ἀπ’
3527 4185 3714 4248 αὐτῶν,

2139 4273 2218 4325 ὅτι
2265 4275 2314 4327 oi
2350 4275 2445 4341 μὲν
2494 4275 2758 4344 ’Λρειανοὶ
2791 4274 3124 4344 κακόφρονές
3153 4277 3289 4328 είσιν
3312 4293 3326 4306 ο
3377 4279 3407 4328 ό
3451 4276 3508 4328 δὲ
3544 4276 3718 4328 Διονύ-

2141 4380 2253 4426 σιος
2285 4363 2562 4436 ἀλλότριος
2601 4365 2698 4431 τῆς
2720 4365 2938 4418 ἐκείνων
2975 4365 3309 4434 ἐτεροδοξίας
3341 4366 3478 4418 ἐστί.
3506 4366 3716 4437 Πρῶτον

2144 4455 2240 4524 μὲν
2255 4451 2346 4508 οὖν
2363 4456 2646 4524 Ἐλέγχου
2664 4458 2754 4508 καὶ
2770 4458 3121 4524 Ἀπολογίας
3139 4457 3373 4526 ἔγραψεν
3395 4459 3505 4529 (51)
3534 4457 3713 4512 ἑαυτοῦ

464 4552 568 4607 nisi
605 4555 748 4622 quod
789 4565 842 4608 et
893 4555 1290 4610 obtrectatores
1331 4569 1459 4609 suos
1499 4553 1698 4624 arguit,
1742 4562 1795 4606 et
1835 4553 2036 4621 scripta

2146 4546 2238 4616 τὴν
2271 4547 2577 4617 ἐπιστολήν.
2610 4547 2778 4599 Τοῦτο
2798 4548 2853 4600 δὲ
2879 4549 2930 4600 τί
2955 4550 3120 4612 ἐστιν,
3151 4550 3183 4618 ἢ
3207 4551 3289 4602 ὃτι
3318 4550 3446 4612 τοὺς
3474 4550 3571 4620 μὲν
3595 4549 3714 4619 ψευο

466 4659 560 4697 sua
595 4655 914 4715 propugnat,
945 4647 1240 4700 ostendens
1276 4661 1354 4712 se,
1385 4660 1490 4698 non
1515 4661 1576 4699 ea
1611 4651 1790 4697 mente
1812 4659 1916 4712 qua
1949 4659 2040 4696 su-

465 4732 705 4798 spicatus
739 4744 821 4787 est
855 4735 1040 4796 Arius,
1065 4735 1353 4802 scripsisse
1375 4774 1388 4798 ,
1426 4735 1519 4788 sed
1554 4733 1679 4786 licet
1706 4746 1891 4784 eorum
1928 4744 2041 4783 me-

469 4820 687 4874 mincrit
726 4838 843 4890 qum
898 4823 965 4877 de
1015 4824 1244 4880 Domino
1293 4824 1588 4881 secundum
1645 4822 2036 4878 humanitatem

469 4997 620 5052 Coll).
646 5007 701 5050 et
725 4995 858 5070 Jes.,
885 4999 977 5050 τοῦ
1010 4999 1172 5052 αὐτοῦ
1204 5000 1360 5068 λόγος
1394 4998 1462 5070 β’.
1503 4998 1608 5070 Sed
1651 5004 2044 5067 consequenter

469 5085 529 5120 ea
571 5068 816 5130 ponenda
852 5082 971 5119 csse
1004 5077 1227 5135 patctex
1265 5068 1712 5137 pra-cedentibus.

543 5158 657 5224 (42)
701 5157 880 5209 Ἐστὶν
916 5156 1053 5227 αῦτη
1084 5159 1234 5211 deest
1268 5159 1318 5210 in
1348 5159 1500 5212 Culb.

539 5248 651 5317 (45)
685 5245 1354 5317 Τδιιι-ἱιιᾸιξενάδελφοί.
1405 5247 1547 5300 Infra
1610 5247 1830 5301 Tattrin.
1869 5248 2044 5311 Colb.,

471 5315 555 5389 είς
586 5318 684 5388 τὴν
727 5315 992 5389 Ῥώμηνε
1009 5316 1148 5389 ΕιΙίιί
1173 5317 1428 5389 _et_Reg..
1473 5317 1627 5389 πρὸςΔ
1657 5317 1753 5387 τὴν
1808 5318 2046 5389 Ῥώμην.

471 5380 653 5441 Ροιτό
679 5380 924 5453 epistola}
968 5385 1205 5454 Dionysii
1256 5380 1482 5438 llomaui
1520 5380 1682 5438 'infra
1711 5380 2048 5441 'mentoi-a'tze

474 5455 613 5509 haud
653 5457 846 5526 exigua
893 5472 1018 5526 pars
1056 5455 1281 5509 affertur
1340 5455 1392 5508 iu
1445 5456 1764 5524 praecedenti
1792 5465 2043 5523 tractatu,

474 5540 620 5576 num.
657 5525 746 5577 26.

547 5611 659 5679 (ιρι)
695 5614 802 5665 Καί
829 5614 978 5668 deest
1005 5615 1057 5668 iu
1086 5613 1310 5669 Tattrin.
1339 5621 1394 5668 et
1428 5611 1538 5668 Jes.
1572 5613 1768 5666 Ibidem
1815 5614 2040 5669 Tattrin.

477 5677 1062 5753 et.__Co|h.,_yswmov,
1115 5684 1392 5738 mendose.
1451 5682 1570 5753 hlox
1633 5683 1762 5753 Reg.
1821 5686 2040 5737 'l‘aurin.

478 5744 718 5824 Colliert:
761 5744 947 5824 Jesztit:
993 5744 1059 5809 et'
1087 5754 1176 5808 Fr.
1234 5753 1281 5819 I,
1315 5753 1403 5806 τὸν
1439 5752 1530 5806 τοῦ
1577 5744 1740 5808 Θεοτῗ
1760 5755 1949 5822 Λόγον.
1990 5755 2042 5806 in

478 5812 641 5870 editis
661 5815 749 5868 τόν
781 5817 946 5874 deost.

2144 4638 2400 4708 δομένους
2455 4639 2688 4708 ἐλέγχει,
2733 4641 2862 4712 περ),
2893 4641 2945 4693 δὲ
2978 4633 3051 4692 ὧν
3081 4641 3317 4712 ἔγραψεν
3344 4642 3710 4710 ἀπολογεῖται;

2144 4728 2376 4790 δεικνὺς,
2407 4729 2488 4780 ὃτι
2519 4729 2592 4799 μὴ
2614 4729 2687 4791 ώς
2721 4730 2937 4799 Ἀρειος
2957 4731 3250 4799 ὑπενόησεν
3274 4730 3512 4801 ἔγραψεν
3543 4730 3709 4792 αὑτός·

2144 4819 2256 4872 ἀλλ’
2277 4820 2380 4881 ὅτι,
2401 4818 2508 4872 τῶν
2534 4819 2884 4890 ἀνθρωπίνως
2911 4821 3211 4891 εἰρημένων
3241 4821 3371 4892 περ).
3395 4821 3490 4875 τοῦ
3521 4821 3710 4892 Κυρίου

2223 4994 2336 5060 (45)
2361 4992 2496 5064 Reg.
2525 4991 2747 5047 Taurin.
2774 4992 2924 5047 Coll).
2957 4991 3092 5058 Jes.,
3111 4995 3536 5067 Χριστομάχων.
3557 4994 3706 5058 Editi,

2149 5063 2463 5118 Θεομάγων.

2197 5081 2463 5117 εομαγων.

2225 5081 2767 5202 ῗϊῶχὲρἰπομάχωκθ
2794 5131 2943 5202 deest
2969 5132 3019 5183 in
3043 5131 3262 5202 Taltrin.
3295 5131 3447 5187 Coll).
3475 5131 3585 5188 Jes.

2233 5151 2336 5202 μυ)
2370 5151 2767 5254 δΐριστομαχων
2794 5151 2943 5184 ιιρεει
2970 5151 3019 5183 tn
3053 5151 3240 5220 myrin

2233 5203 2343 5272 (47)
2377 5271 2410 5272 γέ
2433 5219 2607 5254 aurtn.
2641 5204 2792 5272 fiolb.
2815 5200 2950 5272 .les.,
2974 5202 3048 5264 ὡς
3083 5217 3248 5272 ουτοι.

2229 5264 2338 5342 (48)
2371 5271 2587 5342 Tattrin.
2627 5270 2774 5342 Coll).
2811 5269 2943 5342 leg,
2973 5272 3096 5341 περὶ
3143 5264 3216 5322 ὧν
3251 5271 3617 5342 κατηγορήθη.
3649 5270 3707 5323 Et

2156 5333 2331 5401 infra,
2353 5341 2481 5410 περ).
2527 5333 2600 5393 ὧν
2623 5338 2973 5409 ὑπωπτεύθη,
2989 5333 3391 5410 tritusmtttatis'
3407 5333 3640 5393 Racilius.

2230 5412 2340 5480 (49)
2384 5409 2540 5476 lieg.,
2591 5410 2948 5477 συκοφάντας.
2983 5409 3120 5462 Edili
3159 5419 3208 5462 et
3237 5410 3324 5462 alii
3369 5425 3522 5476 tnss.,
3563 5423 3706 5462 συκο-

2155 5495 2505 5549 φαντουντας.

2222 5550 2335 5618 (50)
2368 5547 2589 5618 Tattrin.
2619 5544 2768 5599 Coll).
2796 5545 2903 5600 Jes.
2932 5546 3024 5602 Fr.
3060 5547 3109 5610 1,
3141 5545 3632 5616 παραϐῶμενλῖεε.
3653 5553 3707 5599 ει

2150 5619 2300 5679 editi,
2319 5616 2688 5687 'napaOtLpat.

2221 5688 2334 5756 (51)
2379 5684 2576 5756 Oumes
2629 5698 2756 5756 mss.
2790 5692 2843 5738 et
2885 5684 3012 5738 editi
3055 5685 3460 5756 Eypa¢s~i,_sed
3491 5684 3705 5756 _\'idetur

2155 5751 2434 5824 legendum
2465 5752 2795 5824 ἐπέγραψεν,
2830 5763 2887 5803 ιιι
2907 5768 3065 5820 Supra
3091 5751 3302 5824 legitur.
3333 5753 3454 5808 Mox
3489 5751 3706 5809 Tattrin-

2153 5821 2262 5882 ιυὲ.
2298 5823 2388 5879 Fr.
2429 5824 2478 5892 l,
2511 5822 2546 5896 ἢ
2575 5821 2654 5876 ὅτι
2686 5821 2927 5887 τούτους.
