3954 6498
246 459 337 517 εει

1446 454 1531 509 DE
1572 457 1959 514 SENTENTIA
2000 461 2295 518 DIONYSII

3381 467 3484 522 502

250 576 514 648 μνησθεὶς,
549 576 649 629 οὐκ
675 576 855 643 ἠγνόει
890 576 1079 629 τοῦτον
1113 571 1253 629 εἶναι
1287 574 1458 642 Λόγον
1485 575 1578 627 καὶ
1616 576 1800 643 Σοφίατ

1919 579 2060 633 dicta
2101 591 2244 646 sunt,
2291 596 2393 634 non
2446 580 2723 650 ignorasse
2769 590 2944 635 tamen
2980 583 3153 652 ipsum
3185 597 3305 637 esse
3351 582 3482 635 Ver-

246 666 533 737 ἀδιαίρετον
559 668 649 720 τοῦ
673 667 919 737 Πατρός;
957 669 1184 719 Ἔπειτα
1207 667 1445 719 αἰτιᾶται
1476 665 1602 727 τοὺς
1636 682 1817 718 κατει-

247 759 432 820 πόντας
461 758 626 810 αὑτοῦ
664 759 738 821 ὡς
772 759 843 829 μὴ
874 759 1200 829 ὁλοκλήρους
1224 759 1509 835 λέγοντας,
1546 755 1681 810 ἀλλὰ
1715 775 1815 810 πε-

248 846 587 915 ρικόπτοντας
616 846 778 900 αὐτοῦ
806 846 901 910 τὰς
927 848 1120 913 λέξεις,
1147 848 1241 900 καὶ
1279 848 1353 909 ὡς
1380 847 1453 917 μὴ
1478 846 1614 917 καλῇ
1642 863 1815 898 συνει-

244 937 403 1007 δήσει,
435 936 570 990 ἀλλὰ
592 940 801 1008 πονηρᾷ
825 938 1117 1001 λαλοῦντας
1142 940 1216 1002 ὡς
1237 938 1478 991 θέλουσι·
1510 940 1730 999 τούτους
1754 955 1812 991 τε

245 1027 440 1088 τούτοις
474 1028 761 1091 ἀπεικάζει
795 1032 905 1090 τοῖς
944 1028 1043 1090 τὰς
1078 1028 1171 1080 τοῦ
1214 1027 1483 1098 μακαρίου
1515 1026 1810 1080 ἀποστόλου

242 1116 603 1169 διαϐάλλουσιν
636 1118 973 1180 Ἐπιστολάς.
999 1119 1061 1170 Ἡ
1085 1119 1140 1170 δὲ
1161 1118 1379 1187 τοιαύτη
1413 1119 1477 1187 μέ
1487 1117 1617 1187 μψις
1646 1115 1809 1169 αὐτοῦ

246 1209 449 1269 πάντως
494 1210 601 1261 ἀπὸ
635 1209 843 1278 φαύλης
875 1210 1106 1280 ὑποψίας
1146 1211 1305 1263 αὑτὸν
1338 1210 1579 1264 ἀπολύει.
1608 1211 1670 1262 Εἰ
1702 1209 1809 1280 γὰρ

243 1300 356 1361 τοὶις
374 1298 585 1352 Παύλου
619 1302 977 1365 κατειπόντας
1009 1302 1178 1365 οὕτως
1206 1304 1416 1373 ἡγεῖται
1446 1303 1520 1365 ὡς
1554 1304 1677 1365 τοὺς
1707 1304 1806 1354 αύ-

244 1388 327 1440 τοῦ
355 1390 735 1454 κατειπόντας,
760 1392 907 1444 οὐδὲν
934 1393 1116 1463 ἕτερον
1144 1393 1429 1457 δείκνυσιν,
1463 1394 1493 1463 ἢ
1525 1394 1603 1445 ὅτι
1628 1393 1691 1445 τὰ
1713 1393 1806 1445 τοῦ

245 1479 442 1531 Παύλου
493 1480 604 1550 (52)
668 1481 876 1551 φρονῶν
927 1482 1097 1546 οὕτως
1142 1483 1397 1554 ἔγραψεν.
1462 1484 1675 1553 Ἀμέλει
1712 1485 1808 1537 καὶ

244 1570 369 1640 πρὸς
414 1571 644 1625 ἕκαστον
690 1574 796 1625 τῶν
831 1574 935 1626 ὑπὸ
980 1575 1088 1627 τῶν
1137 1578 1453 1646 κατηγόρων
1504 1576 1807 1645 εἰρημένων

243 1662 506 1725 ἀπαντῶν,
544 1664 721 1716 πάντα
763 1664 829 1717 τὰ
864 1669 992 1736 παρ’
1018 1667 1195 1719 αὐτῶν
1238 1667 1614 1737 προφερόμενα
1644 1667 1804 1737 θερα-

242 1752 415 1803 πεύει’
450 1756 541 1806 καὶ
578 1754 861 1806 Σαϐέλλιον
905 1756 1003 1824 μὲν
1036 1759 1093 1808 ἐν
1130 1758 1355 1819 ἐκείνοις
1394 1757 1706 1827 ἀνατρέπει,
1748 1758 1804 1807 ὲν

241 1844 436 1907 τούτοις
490 1846 546 1897 δὲ
597 1846 864 1900 δείκνυσιν
912 1848 1203 1917 ὁλόκληρον
1236 1848 1427 1900 ἑαυτοῦ
1480 1848 1575 1919 τὴν
1609 1847 1801 1918 εύσεδῆ

243 1934 429 1986 πίστιν.
461 1937 781 1991 Φασκόντων
805 1939 981 1990 τοίνυν
1010 1939 1231 1991 ἐκείνων
1264 1943 1478 2009 φρονεῖν
1504 1940 1593 1992 τὸν
1622 1941 1805 1993 Διονύ-

243 2043 373 2078 σιον·
415 2046 432 2076 ι
471 2028 584 2080 Ούκ
616 2029 702 2081 ἀεὶ
726 2025 792 2099 ἦν
825 2032 853 2081 6
881 2029 1012 2092 Θεὸς
1037 2030 1246 2101 Πατὴρ,
1276 2032 1373 2082 οὐκ
1399 2031 1483 2082 ἀεὶ
1507 2025 1573 2099 ἦν
1598 2033 1627 2083 6
1654 2031 1798 2095 Υἱός

239 2117 343 2169 ἀλλ’
370 2120 397 2169 6
432 2118 530 2188 μὲν
569 2119 699 2183 Θεὸς
722 2116 788 2191 ἦν
816 2120 981 2190 χωρὶς
1003 2119 1096 2172 τοῦ
1125 2121 1317 2188 Λόγου,
1358 2121 1515 2184 αὐτὸς
1548 2121 1603 2172 δὲ
1629 2122 1656 2173 6
1680 2122 1803 2186 Υἱὸς

238 2208 326 2260 οὐκ
352 2204 415 2279 ἦν
451 2211 580 2279 πρὶν
612 2210 879 2281 γεννηθῇ·
916 2211 1030 2265 ἀλλ’
1073 2207 1142 2282 ἦν
1188 2228 1316 2263 ποτε
1355 2212 1442 2264 ὅτε
1484 2213 1583 2265 ούκ
1610 2207 1708 2282 ἦν’
1739 2215 1799 2265 ού

237 2300 334 2370 γὰρ
386 2302 553 2364 ἁῖδιός
605 2303 771 2365 ἐστιν,
832 2302 944 2355 ἀλλ’
990 2303 1215 2375 ὕστερον
1264 2305 1609 2372 ὲπιγέγονενο
1651 2325 1669 2355 ι
1701 2306 1807 2375 ὅρα

238 2392 343 2455 πῶς
401 2393 780 2464 ἀποκρίνεται.
841 2394 921 2446 Τὰ
972 2395 1070 2464 μὲν
1126 2390 1219 2447 οὖν
1273 2395 1498 2448 πλεῖστα
1550 2395 1657 2447 τῶν
1706 2396 1802 2448 αύ-

234 2484 319 2537 τοῦ
376 2486 639 2556 ῥημάτων
698 2486 841 2556 ἅπερ
905 2487 937 2557 ἢ
992 2486 1169 2558 ζητῶν
1221 2486 1556 2558 ὲξετάζει,ἢ
1615 2488 1801 2541 συλλο-

234 2575 509 2646 γιζόμενος
538 2578 781 2645 συνάγει,
812 2579 843 2649 ἢ
880 2579 1096 2649 ἐρωτῶν
1144 2580 1373 2648 ἐλέγχει,
1404 2580 1436 2649 ἤ
1470 2582 1593 2643 τοὺς
1621 2598 1802 2633 κατει-

237 2669 460 2737 ρηκότας
501 2671 763 2732 αἰτιᾶται,
819 2670 988 2722 ταῦτα
1030 2672 1224 2742 παρεὶς
1276 2670 1364 2723 διὰ
1395 2670 1456 2723 τὸ
1495 2671 1667 2739 μῆκος
1693 2671 1800 2723 τῶν

233 2758 426 2826 λόγων,
486 2760 625 2830 μόνα
674 2759 741 2812 τὰ
788 2762 923 2831 πρὸς
986 2762 1083 2830 τὴν
1144 2760 1476 2831 κατηγορίαν
1529 2762 1799 2828 ἀναγκαῖα

232 2847 428 2917 τίθημι.
493 2848 950 2918 ’Λπολογούμενος
1002 2850 1178 2902 τοίνυν
1228 2851 1361 2920 πρὸς
1406 2851 1607 2910 ἐκεῖνα,
1665 2850 1800 2920 γρά-

233 2956 312 3005 φει
372 2942 493 3001 ταῖς
551 2940 728 3005 λέξεσι
783 2940 1005 3002 ταύταις
1061 2942 1117 2992 ὲν
1170 2940 1249 3010 τῷ
1303 2941 1502 3011 πρώτῳ
1558 2941 1633 3011 τῷ
1679 2944 1798 2993 ἐπι-

233 3031 555 3101 γραφομένῳ
570 3031 849 3099 Ἐλέγχου
866 3032 964 3084 καὶ
984 3030 1358 3100 Ἀπολογίας,
1381 3031 1667 3102 μεθ’ἒτερα
1708 3032 1799 3085 οὗ·

230 3137 327 3184 τως
346 3139 359 3152 ⁸

300 3211 377 3265 15.
415 3231 432 3263 ι
466 3213 540 3265 Ού
570 3211 677 3283 γὰρ
704 3206 770 3282 ἦν
800 3212 887 3264 ὅτε
930 3212 958 3264 6
996 3212 1105 3282 (53)
1138 3211 1269 3275 Θεὸς
1299 3213 1401 3265 οὐκ
1439 3208 1504 3284 ἦν
1535 3215 1745 3286 Πατήρ.
1775 3234 1797 3266 ι
1826 3228 1867 3283 C

229 3303 329 3356 Καὶ
352 3304 511 3356 τοῦτο
540 3302 679 3355 οἶδεν
704 3304 761 3356 ἐν
792 3305 903 3365 τοῖς
931 3301 1075 3369 ἑξῆς,
1110 3322 1127 3354 t
1155 3305 1241 3357 ἀεὶ
1260 3304 1349 3356 τὸν
1370 3306 1604 3375 Χριστὸν
1635 3304 1792 3372 εἶναι,

228 3394 388 3461 Λόγον
412 3394 541 3445 ὄντα
576 3394 669 3445 καὶ
694 3394 891 3461 Σοερίαν
918 3394 1009 3446 καὶ
1043 3393 1293 3463 δύναμιν.
1343 3396 1417 3446 Uti
1446 3396 1553 3465 γὰρ
1590 3396 1798 3466 δὴτού-

213 3489 327 3537 ’των
356 3487 549 3553 ἄγονος
591 3483 666 3538 ὢν
718 3485 925 3548 όπΘεὸς,
979 3480 1096 3537 εἶτα
1132 3484 1601 3556 ἐπαιδοποιήσατο.
1658 3486 1796 3539 Ἀλλ’

228 3575 303 3627 ὄτι
336 3577 408 3646 μὴ
443 3579 573 3646 παρ’
606 3575 797 3627 ἑαυτοῦ
826 3577 854 3628 6
893 3576 1039 3638 Υἱὸς,
1073 3575 1185 3627 ἀλλ’
1216 3576 1279 3626 ὲκ
1318 3575 1411 3628 τοῦ
1442 3577 1652 3647 Πατρὸς
1684 3577 1795 3647 ἔχει

226 3663 282 3715 τὸ
307 3661 467 3717 εἶναι.
506 3683 523 3715 ι
562 3664 670 3715 Καὶ
697 3663 812 3733 μετ’
839 3663 993 3731 ὀλίγα
1021 3663 1179 3716 πάλιν
1206 3664 1334 3733 περὶ
1372 3663 1462 3715 τοῦ
1496 3664 1658 3717 αὑτοῦ
1695 3682 1797 3736 φη-

230 3770 335 3805 σιν’
375 3773 393 3805 ι
454 3753 825 3822 Ἀπαύγασμα
855 3753 911 3805 δὲ
932 3750 1007 3806 ὢν
1036 3753 1211 3821 φωτὸς
1242 3753 1432 3819 ἀϊδίου,
1462 3754 1675 3819 πάντως
1703 3756 1796 3808 καὶ

226 3845 380 3907 αὐτὸς
410 3845 580 3906 ἀϊδιός
605 3846 784 3896 ἐστιν·
826 3844 975 3907 ὄντος
1012 3845 1120 3914 γὰρ
1164 3845 1249 3897 ἀεὶ
1289 3845 1381 3897 τοῦ
1411 3847 1605 3914 φωτὸς,
1640 3846 1795 3917 δῆλον

226 3934 295 3998 ὠς
322 3935 468 3987 ἔστιν
492 3937 579 3988 ἀεὶ
604 3936 664 3987 τὸ
689 3935 1025 4005 ἀπαύγασμα
1048 3952 1061 3964 ·
1089 3934 1263 4005 τούτῳ
1301 3936 1408 4007 γὰρ
1442 3938 1535 3989 καὶ
1566 3938 1647 3990 ὅτι
1683 3938 1795 4006 φῶς

226 4026 333 4079 ἐστι
368 4027 446 4097 τῷ
470 4025 834 4094 καταυγάζειν
856 4030 1074 4085 νοεῖται.
1105 4028 1198 4079 καὶ
1238 4027 1351 4095 φῶς
1384 4029 1443 4079 ού
1469 4028 1689 4081 δύναται
1721 4030 1793 4100 μὴ

224 4114 448 4179 φωτίζον
479 4110 639 4167 εἶναι.
682 4115 847 4167 Πάλιν
876 4115 985 4184 γὰρ
1016 4114 1254 4185 ἔλθωμεν
1287 4116 1377 4167 ἐπὶ
1406 4116 1469 4168 τὰ
1502 4117 1794 4188 παραδείγ-

226 4222 388 4273 ματα.
424 4204 487 4258 Εἰ
528 4206 674 4258 ἔστιν
702 4206 852 4275 ἥλιος
883 4206 1016 4275 (54),
1049 4206 1192 4258 ἔστιν
1216 4207 1377 4275 αὐγὴ,
1406 4206 1551 4259 ἔστιν
1577 4208 1789 4277 ἡμέρα·

223 4297 267 4346 εί
323 4297 582 4349 τοιούτων
641 4296 806 4367 μηδὲν
857 4296 994 4361 ἔστι,
1026 4296 1156 4349 πολύ
1198 4313 1260 4365 γε
1294 4296 1373 4348 δεῖ
1413 4297 1506 4348 καὶ
1545 4300 1794 4367 παρεῖναι

219 4387 387 4457 ἥλιον.
421 4390 483 4441 Εἰ
517 4389 616 4458 μὲν
639 4384 729 4440 οὖν
760 4388 927 4451 ἀΐδιος
952 4392 980 4441 6
1000 4389 1169 4459 ἥλιος,
1204 4390 1476 4451 ἄπαυστος
1504 4388 1567 4441 ἂν
1592 4384 1659 4459 ἦν
1702 4390 1793 4441 καὶ

220 4482 259 4550 ην
276 4482 457 4552 ἡμέρα
478 4500 489 4511 ⁸
514 4482 607 4534 νῦν
630 4482 709 4544 δὲ,
732 4480 792 4533 ού
820 4480 926 4551 γάρ
953 4483 1117 4543 ἐστιν,
1143 4480 1445 4551 ἀρξαμένου
1472 4498 1551 4543 τε,
1570 4481 1797 4551 ἤρξατο,

220 4572 305 4623 καὶ
333 4572 669 4641 παυομένου,
713 4572 966 4625 παύεται.
1004 4572 1061 4623 '0
1098 4571 1152 4623 δέ
1187 4588 1248 4637 γε
1276 4571 1405 4634 Θεὸς
1431 4571 1644 4624 αἰώνιόν
1677 4574 1790 4624 ἐστι
1826 4550 1868 4604 θ

220 4661 349 4729 φῶς,
387 4662 508 4715 οὔτε
547 4663 853 4733 ἀρξάμενον
894 4661 1016 4715 οὔτε
1045 4661 1205 4731 λῆξὸν
1244 4679 1372 4714 ποτε
1414 4661 1559 4731 (55)’
1596 4660 1790 4713 οὐκοῦν

218 4753 430 4807 αἰώνιον
453 4753 761 4823 πρόκειται,
803 4756 894 4807 καὶ
932 4753 1175 4805 σύνεστιν
1202 4752 1348 4822 αύτῷ
1373 4752 1433 4804 τὸ
1456 4750 1788 4821 ἀπαύγασμα

217 4842 445 4915 ἄναρχον
497 4845 591 4897 καὶ
639 4845 901 4912 ἀειγενὲς,
969 4842 1396 4913 προφαινόμενον
1450 4840 1559 4911 (56)
1602 4841 1786 4906 αὐτοῦ,

216 4933 349 5007 ὅπερ
394 4936 545 4988 ἐστὶν
593 4937 627 5006 ἡ
669 4935 899 5003 λέγουσα
924 4935 1121 5003 Σοφία·
1171 4933 1316 5002 Ἐγὼ
1354 4934 1516 5004 ήμην
1550 4927 1589 5005 ᾖ
1612 4948 1795 5000 προσ-

216 5025 438 5095 έχαιρε·
468 5027 598 5080 καθ’
623 5026 851 5095 ήμέιοαν
870 5026 937 5078 δὲ
973 5027 1376 5094 εὐφροινόμην
1411 5028 1480 5079 ἐν
1501 5024 1796 5094 προσώπῳ

216 5119 398 5171 αὑτοῦ
418 5119 489 5171 ἐν
516 5119 696 5170 παντὶ
726 5116 921 5184 καιρῷ.
938 5137 954 5168 ι
979 5117 1086 5170 Καὶ
1113 5112 1262 5178 αὖθις
1284 5118 1479 5185 ἐπάγει
1498 5120 1614 5186 μετ’
1643 5116 1795 5184 ὀλίγα

216 5224 276 5259 πε
288 5211 340 5278 ρὶ
366 5209 460 5262 τοῦ
483 5207 652 5263 αὐτοῦ
684 5208 852 5277 λέγων
875 5226 887 5238 ο
928 5228 946 5259 ι
979 5210 1164 5272 Ὄντος
1199 5207 1307 5277 (57)
1333 5206 1427 5262 οὖν
1453 5208 1671 5260 αἰωνίου
1702 5206 1803 5258 τοῦ

279 5324 323 5354 ⁸⁷
365 5324 532 5377 Prov.
566 5338 685 5384 \lll,
733 5322 822 5375 5t).

282 5440 399 5507 (52‘,
434 5440 664 5494 Taurin.
687 5437 836 5493 Coll).
863 5438 996 5503 ’03.,
1034 5440 1101 5492 τά
1129 5438 1364 5493 Παύλου.

280 5505 393 5577 (5‘5)
430 5510 521 5564 Sic
550 5510 772 5561 Tauriu.
806 5510 959 5564 Colb.
998 5508 1087 5561 Fr.
1122 5511 1170 5564 1.
1214 5512 1266 5562 In
1299 5510 1427 5575 Reg.
1460 5516 1511 5559 et
1540 5506 1590 5577 in
1632 5505 1793 5562 editis

213 5576 359 5633 deest
385 5582 434 5633 6.
465 5580 805 5642 Paulo°post,
840 5577 971 5645 Reg.
1002 5578 1225 5646 Tauri".
1254 5578 1386 5641 Jes.,
1423 5577 1509 5628 ἀεὶ
1535 5576 1625 5629 τὸν
1655 5577 1790 5646 Χρι-

214 5660 332 5701 στον
364 5646 502 5701 εῖναι
540 5648 714 5714 Λόγον
739 5646 886 5699 ὄντα.
907 5644 961 5700 In
988 5649 1146 5701 editis
1176 5644 1311 5700 εἶναι
1338 5649 1505 5700 deest.

279 5719 393 5786 (54)
424 5719 513 5773 Sic
542 5718 675 5784 lleg.
700 5716 919 5786 Taurin.
944 5716 1096 5770 Colb.
1122 5715 1232 5770 Jes.
1262 5718 1315 5770 In
1349 5718 1526 5775 etliliS.
1557 5718 1585 5769 6
1614 5716 1785 5786 ἥλιος.

213 5783 326 5840 Mox
356 5783 481 5856 editi
518 5798 572 5840 et
597 5783 752 5856 ηεξ..
788 5784 920 5856 πολύ
956 5803 1018 5852 γε
1038 5787 1309 5856 δεῖίίῐιεκ.
1353 5786 1438 5855 δή)
1472 5786 1565 5837 καὶ
1600 5783 1790 5856 παρεῖ-

214 5871 312 5910 ναι.
349 5855 578 5912 Taurin.
616 5855 768 5911 Coll).
798 5853 931 5925 Jes.,
964 5855 1157 5908 πολλοῦ
1187 5872 1245 5924 γε
1267 5853 1361 5908 δεῖ
1389 5853 1657 5926 παρεῖναι.
1681 5853 1791 5911 Ἐπ’.

1919 669 2042 721 hum
2076 677 2130 723 ct
2162 670 2495 740 Sapientiam
2527 687 2555 722 a
2588 670 2748 725 Patre
2779 671 3202 727 indivisihilent?
3231 674 3483 740 Queritnr

1918 761 2108 814 deinde
2134 761 2272 829 quod
2319 771 2664 815 accusatores
2707 763 3005 817 sententias
3044 779 3169 819 suas
3200 781 3303 817 non
3340 766 3481 819 inte-

1916 863 2039 916 gras
2066 850 2320 916 referant,
2350 856 2440 905 sed
2476 860 2770 913 truncatas,
2803 859 2856 904 et
2885 854 3024 920 quod
3054 868 3156 905 non
3184 854 3317 907 bona
3346 869 3477 907 eon-

1914 939 2160 1001 scientia,
2214 942 2306 994 sed
2346 942 2505 1003 mala,
2555 958 2652 1011 pro
2695 942 2910 996 libidine
2969 944 3301 1012 loquantur:
3340 960 3475 1014 quos

1914 1029 2113 1083 similes
2154 1032 2228 1083 ait
2263 1033 2399 1085 beati
2435 1032 2676 1100 Apostoli
2714 1032 3075 1100 Epistolarum
3122 1036 3477 1088 calumniatoo

1914 1120 2080 1172 ribus.
2113 1120 2233 1174 ilrcc
2266 1137 2425 1189 porro
2454 1124 2552 1176 viri
2581 1125 2939 1192 expostulatio
2966 1124 3236 1178 sinistram
3261 1141 3473 1179 onmem

1912 1219 2126 1263 amovet
2169 1212 2552 1279 suspicionem.
2590 1214 2646 1267 Si
2684 1215 2829 1267 enim
2866 1213 3014 1268 Pauli
3058 1214 3475 1269 calumniatores

1909 1302 1990 1355 sui
2049 1301 2253 1356 similes
2302 1302 2618 1367 arbitratur,
2677 1304 2809 1358 nihil
2860 1320 2989 1359 sane
3037 1305 3183 1359 aliud
3238 1304 3473 1358 declarat

1908 1408 2068 1461 quam
2099 1407 2157 1447 se
2186 1408 2306 1447 cutn
2332 1393 2498 1447 Paulo
2533 1395 2851 1448 sentientem
2885 1396 2955 1448 ita
2988 1396 3288 1465 scripsisse.
3313 1394 3474 1448 Certe

1910 1482 2133 1551 singulis
2198 1493 2576 1537 accusatorum
2630 1485 2805 1538 verbis
2852 1499 3175 1551 occurrens,
3224 1485 3473 1539 omnibus

1908 1587 2093 1625 eorum
2124 1573 2454 1641 argumentis
2480 1573 2801 1628 solutionem
2830 1576 3043 1629 adhibet
3070 1593 3085 1640 ;
3121 1591 3349 1644 eumque
3376 1574 3476 1629 Sa-

1908 1661 2126 1716 hellium
2152 1662 2419 1729 prioribus
2449 1663 2552 1717 illis
2579 1664 2799 1733 scriptis
2825 1663 3134 1734 planissime
3160 1666 3470 1729 conl‘utarit,

1910 1753 1993 1805 bis
2023 1751 2415 1821 posterioribus
2443 1752 2600 1807 (idem
2624 1770 2777 1808 suam
2804 1755 3024 1810 omnino
3047 1756 3188 1824 piam
3213 1756 3472 1810 declarat.

1906 1843 2307 1898 Aﬂirmantibns
2344 1844 2509 1913 igitur
2536 1845 2641 1899 illis
2671 1846 2807 1901 hanc
2829 1861 2949 1901 esse
2980 1847 3216 1917 Dionysii
3252 1855 3472 1900 senten-

1908 1937 2033 1989 tiam
2068 1957 2080 1989 :
2117 1953 2134 1985 ι
2168 1936 2307 1989 Dens
2331 1950 2434 1987 non
2470 1936 2567 1989 fuit
2590 1953 2805 2005 semper
2838 1937 3027 2003 Pater;
3052 1938 3217 1993 Filius
3259 1954 3473 2008 semper

1906 2027 2187 2090 nonfuit,
2231 2030 2323 2082 sed
2377 2027 2517 2082 Deus
2562 2029 2851 2096 aliquando
2898 2030 3075 2085 Verbo
3109 2033 3315 2095 caruit,
3360 2033 3472 2100 ipse

1903 2133 2029 2170 vero
2066 2117 2230 2171 Filius
2256 2133 2357 2170 non
2403 2128 2521 2171 erat
2556 2128 2841 2188 antequam
2870 2122 3201 2191 gigneretur,
3247 2124 3339 2175 sed
3370 2123 3470 2174 fuit

1901 2208 2188 2276 aliquando
2227 2223 2350 2261 cum
2386 2222 2487 2261 non
2522 2218 2661 2262 esset
2700 2227 2714 2263 :
2763 2226 2865 2263 non
2898 2213 3040 2265 enim
3089 2223 3325 2266 mternns
3361 2220 3464 2273 εει,

1901 2298 1993 2350 sed
2036 2297 2371 2365 postmodum
2413 2311 2533 2351 esse
2592 2297 2837 2366 incepit:
2872 2318 2891 2351 ›
2921 2300 3288 2353 animadverte
3334 2314 3468 2367 quo-

1903 2389 2060 2442 modo
2106 2389 2169 2442 ad
2224 2389 2337 2444 haec
2389 2390 2476 2443 ille
2515 2390 2858 2459 respondeat.
2916 2390 3087 2444 Verba
3136 2401 3308 2443 autem
3350 2392 3467 2459 ejus

1900 2480 2312 2549 quamplurima,
2347 2484 2543 2551 quibus
2592 2497 2680 2536 res
2726 2484 2777 2536 in
2816 2485 3164 2551 quastionem
3212 2484 3467 2537 adductas

1901 2573 2172 2639 expendit,
2205 2580 2296 2624 aut
2325 2587 2388 2625 ex
2416 2572 2595 2627 allatis
2627 2573 2929 2627 ratiociniis
2956 2575 3197 2641 quaedam
3228 2574 3463 2642 colligit,

1900 2676 1991 2715 aut
2024 2662 2381 2732 interrogatos
2405 2664 2743 2718 adversarios
2778 2665 3037 2733 coarguit,
3074 2664 3156 2719 vel
3192 2665 3466 2718 obtrecta-

1902 2764 2047 2809 tores
2098 2770 2225 2808 suos
2274 2756 2619 2821 criminatur,
2671 2757 2741 2809 ob
2790 2755 3050 2809 librorum
3103 2755 3464 2824 prolixitatem

1898 2848 2170 2911 omitteus,
2210 2862 2273 2899 ea
2307 2845 2476 2899 solum
2511 2861 2805 2915 proponam
2834 2861 2953 2913 qua:
2998 2862 3182 2901 eorum
3220 2856 3466 2915 spectant

1899 2936 2322 2987 accusationem.
2358 2935 2541 3002 Itaque
2572 2937 2651 2987 sui
2684 2936 2944 3003 purgandi
2979 2950 3162 2997 causa,
3198 2935 3248 2986 in
3291 2935 3465 3002 primo

1899 3026 2035 3079 libro
2071 3026 2154 3078 cui
2190 3024 2399 3089 titulus,
2434 3024 2694 3079 Elenclms
2728 3035 2776 3079 ιι
2818 3025 3092 3093 Apologia,
3142 3023 3463 3094 quibusdam

1899 3116 2209 3186 praemissis,
2244 3117 2322 3168 sic
2353 3116 2418 3168 ad
2451 3117 2671 3170 verbum
2704 3115 2956 3185 scripsit:

1981 3207 2071 3261 15.
2117 3225 2135 3257 ι
2172 3205 2454 3275 Nunquam
2494 3207 2635 3260 enim
2664 3205 2764 3261 fuit
2793 3206 3006 3275 quando
3036 3207 3177 3261 Deus
3206 3222 3308 3261 non
3347 3216 3464 3261 erat

1898 3300 2074 3353 Pater.
2099 3317 2119 3349 ι
2142 3299 2204 3352 Ει
2228 3297 2281 3352 in
2300 3298 2648 3368 sequentibus
2674 3297 2973 3367 proﬁtetur,
2993 3296 3295 3351 «Christum
3322 3312 3464 3352 sem-

1898 3405 1994 3458 per
2047 3390 2234 3453 fuisse,
2290 3404 2353 3441 ac
2410 3386 2662 3451 Verbum,
2713 3388 3050 3457 sapientiam,
3106 3396 3159 3441 et
3210 3387 3462 3441 virtutem

1897 3480 2192 3536 exstitisse.
2227 3478 2407 3546 Neque
2434 3478 2576 3531 enim
2606 3476 2745 3531 Deus
2788 3491 2909 3531 cum
2949 3477 3033 3531 his
3076 3488 3230 3530 antea
3258 3476 3465 3530 caruis-

1898 3581 2001 3633 set,
2028 3579 2210 3639 postea
2237 3570 2427 3622 Filium
2452 3569 2655 3636 genuit.
2688 3567 2871 3638 Neque
2893 3582 2922 3620 a
2951 3568 3127 3637 seipso
3154 3566 3338 3628 Filius,
3368 3568 3461 3622 sed

1898 3678 1925 3713 a
1952 3660 2111 3713 Patre
2134 3660 2290 3712 habet
2316 3674 2454 3712 esse.
2477 3677 2496 3709 ι
2530 3658 2593 3711 Ει
2622 3657 2808 3727 paucis
2837 3657 3152 3726 interiectis,
3188 3658 3373 3711 eadem
3399 3658 3464 3711 de

1899 3764 1955 3802 re
1980 3750 2170 3801 iterum
2207 3748 2334 3801 dicit
2362 3766 2373 3801 :
2401 3765 2418 3797 ι
2445 3747 2574 3801 Cum
2609 3747 2680 3800 sit
2711 3746 2959 3816 splendor
2994 3746 3125 3801 lucis
3150 3756 3383 3811 mternzc,
3411 3756 3466 3801 et

1898 3840 2013 3909 ipse
2059 3839 2279 3893 omnino
2322 3848 2557 3892 aeternus
2601 3847 2702 3891 est.
2749 3836 2893 3892 Luce
2932 3838 3076 3892 enim
3115 3853 3328 3906 semper
3351 3837 3466 3891 exi-

1899 3941 2102 3995 stente,
2151 3929 2496 3983 manifestum
2522 3939 2604 3983 est
2643 3937 2695 3981 et
2730 3928 3068 3997 splendorem
3109 3943 3323 3997 semper
3354 3927 3465 3981 exi-

1897 4034 2067 4089 stere;
2118 4038 2182 4077 eo
2226 4023 2369 4077 cuitu
2410 4023 2527 4091 ipso
2570 4022 2742 4077 lucem
2793 4038 2912 4077 esse
2960 4023 3274 4093 intelligitur
3322 4024 3463 4091 quod

1897 4112 2171 4182 splendeat
2195 4154 2209 4178 ,
2237 4128 2298 4166 ac
2324 4112 2439 4165 fieri
2468 4114 2651 4181 nequit
2678 4124 2731 4166 ut
2758 4113 2847 4166 lux
2875 4131 2977 4168 non
3012 4114 3202 4169 luceat.
3236 4115 3462 4169 Rursum

1897 4205 2038 4259 enim
2069 4206 2135 4258 ad
2166 4204 2411 4272 exempla
2452 4206 2751 4260 veniamus.
2787 4205 2841 4258 Si
2872 4206 2951 4259 sol
2997 4216 3100 4269 est,
3135 4216 3217 4261 est
3250 4222 3465 4274 quoque

1897 4297 2169 4365 splendor,
2194 4305 2278 4350 εει
2306 4306 2359 4351 ει
2387 4297 2539 4351 dies:
2575 4297 2621 4351 si
2651 4311 2776 4351 vero
2809 4299 2998 4351 horum
3030 4298 3160 4350 nihil
3198 4309 3300 4360 est,
3330 4298 3466 4350 tnul-

1901 4398 2013 4442 tum
2044 4390 2196 4442 abest
2232 4390 2420 4443 adesse
2445 4389 2633 4442 solem.
2665 4389 2815 4454 Quod
2845 4390 2887 4442 si
2927 4398 3161 4442 :cternus
3191 4389 3267 4442 sol
3296 4398 3461 4451 esset,

1897 4482 2010 4533 dies
2047 4481 2208 4533 etiam
2245 4495 2515 4545 nunquam
2552 4489 2790 4533 cessaret
2820 4498 2832 4532 :
2865 4495 3003 4533 nunc
3034 4489 3210 4532 autem
3246 4480 3465 4547 (neque

1896 4573 2039 4626 enim
2089 4572 2161 4624 ita
2204 4586 2262 4625 se
2304 4586 2389 4625 res
2432 4571 2627 4641 habet)
2675 4572 2962 4639 incipiente
3011 4570 3121 4625 sole
3171 4570 3357 4638 incipit
3408 4578 3466 4621 et

1897 4664 2030 4726 dies,
2059 4677 2123 4716 ac
2156 4662 2436 4717 desinente
2500 4663 2713 4717 desinit.
2747 4663 2887 4716 Deus
2923 4672 3099 4716 autem
3140 4670 3338 4716 aeterna
3373 4660 3465 4715 lux

1896 4763 1978 4806 est
2011 4768 2130 4821 qua:
2171 4768 2439 4822 nunquam
2470 4753 2691 4822 incepit,
2720 4769 2989 4822 nunquam
3028 4753 3257 4807 desinet.
3288 4752 3466 4806 IEter-

1898 4859 1998 4897 nns
2038 4859 2167 4914 ergo
2208 4844 2461 4913 splendor
2494 4845 2595 4914 ipsi
2640 4844 2895 4914 praelucet
2934 4860 2997 4898 ac
3036 4845 3337 4907 coexsistit,
3372 4842 3464 4913 qui

1901 4933 2103 5002 absque
2144 4934 2299 4988 initio
2336 4944 2436 4997 est,
2482 4943 2532 4987 et
2572 4936 2638 4989 ab
2677 4944 2880 4988 artemo
2929 4936 3142 5003 genitus
3178 4946 3304 4987 ante
3344 4947 3465 4986 eum

1899 5025 2137 5086 emicat,
2208 5024 2371 5093 200
2408 5025 2607 5093 quique
2639 5026 2868 5094 ipsamet
2909 5034 2991 5078 est
3041 5023 3311 5092 Sapientia
3351 5037 3468 5091 quae

1908 5117 2037 5171 dicit
2071 5136 2085 5170 :
2124 5117 2233 5187 Ego
2264 5134 2405 5170 erant
2439 5134 2539 5185 qua
2571 5117 2850 5187 gaudebat,
2880 5126 2928 5170 et
2964 5116 3256 5169 delectabar
3295 5113 3467 5181 quoti-

1901 5208 1987 5260 die
2038 5218 2158 5262 ante
2198 5208 2384 5275 [aciem
2423 5209 2556 5278 ejus,
2592 5209 2731 5262 omni
2776 5217 3000 5277 tempore
3036 5207 3101 5260 ⁵⁷.
3134 5225 3151 5257 ι
3198 5203 3467 5269 Pauloqne

1890 5437 1943 5500 1,
1980 5434 2174 5489 πολλοῦ
2202 5453 2265 5505 γε
2298 5436 2389 5490 καὶ
2420 5436 2503 5489 δεῖ
2526 5426 2799 5506 παρεῖναιΣ

1962 5507 2076 5573 (δεῖ)
2105 5502 2326 5561 Taurin.
2361 5507 2514 5560 Colh.
2546 5502 2680 5573 tes.
2708 5502 2891 5573 λῆξξνο

1961 5562 2072 5644 (565
2114 5575 2333 5628 Tattrin.
2387 5575 2631 5644 Colhert:
2654 5562 2891 5644 Jes:
2931 5568 2981 5634 Ι,
3030 5562 3456 5636 προφερόμενον.

1890 5636 2188 5710 ΡοίιΙορυςί
2225 5645 2443 5703 Taurin,
2474 5644 2530 5693 ὲν
2564 5636 2961 5710 τῷ-προσὼπῳ.

1959 5698 2187 5782 (57)’8ἰε
2221 5713 2348 5780 Reg.
2371 5698 2749 5782 r'lauritt._'._les'.
2776 5698 2938 5782 Editi',
2975 5698 3142 5782 φῦτος
3186 5699 3300 5782 ov3_v,
3335 5719 3456 5782 per-

1886 5774 2090 5851 peram.
2126 5782 2267 5845 Mox,
2287 5774 2377 5833 καί
2399 5789 2521 5851 ante
2559 5776 2780 5851 aitimo;
2809 5777 2956 5851 deest
2987 5777 3036 5828 in
3070 5776 3200 5848 Reg.
3230 5774 3449 5831 Taurin.

1888 5845 2033 5909 Colb.
2060 5850 2169 5910 Jes.
2201 5851 2291 5907 Fr.
2324 5851 2375 5905 1.
2414 5848 2475 5904 in
2506 5849 2661 5905 editis
2693 5861 2816 5904 vero
2855 5845 3064 5917 legitur.
