3954 6500
480 405 582 463 δυ’]

1048 400 1105 453 S.
1149 394 1520 451 ATHANASII
1560 394 1710 449 OPP.
1749 392 1927 446 PARS
1966 392 2006 446 1.
2042 419 2112 429 -
2152 391 2517 447 lllSTORlCA
2556 390 2643 445 ΕΤ
2673 378 3090 446 DOGMATICA.

3614 390 3705 445 508

478 514 780 569 exsistere:
824 524 887 564 ac
929 508 1129 564 fontem
1180 508 1333 577 quasi
1385 506 1596 561 Patrem
1642 519 1782 568 csse,
1818 503 2030 557 ﬂuviqu

2142 498 2299 565 εἶναι,
2332 505 2421 556 τὸν
2452 504 2509 557 δὲ
2534 504 2773 573 ποταμὸν
2797 501 2930 555 εἶναι
2954 504 3015 556 ἐκ
3040 503 3142 572 τῆς
3176 502 3360 573 πηγῆς
3393 502 3559 575 ὕδωρ.
3596 505 3704 557 Ἀλ-

477 620 627 666 vero.
657 617 854 672 aquam
898 616 965 654 ex
994 599 1141 653 fonte
1170 609 1499 652 manantem.
1539 596 1641 650 Sed
1679 594 1797 649 haec
1826 595 2039 664 quidem

479 704 534 747 et
571 691 766 745 similia
800 690 997 758 scripta
1032 703 1091 742 se
1135 703 1239 741 non
1275 688 1458 740 videre
1500 685 1654 753 quasi
1702 687 2043 739 caecutientes

480 782 821 837 dissimulant
840 801 854 835 :
879 781 1087 834 duabus
1110 789 1285 833 autem
1307 778 1508 831 voculis
1532 776 1867 840 iuconnexis,
1887 775 2043 844 quasi

479 872 745 941 lapidibus
777 871 990 925 eminus
1030 886 1115 923 me
1158 870 1416 939 impetere
1457 877 1766 921 conantur:
1812 882 1918 919 non
1951 868 2045 920 ad-

479 972 773 1026 vertentes,
823 959 1168 1030 perobscuris
1212 959 1370 1013 rebus
1423 973 1541 1026 qua:
1582 967 1639 1011 ut
1683 956 2044 1026 intelligantur

480 1050 754 1105 additione
802 1050 1067 1119 indigent,
1116 1048 1431 1118 plerumque
1479 1062 1585 1101 non
1639 1047 1796 1101 tnodo
1844 1047 2040 1108 aliena,

478 1142 570 1196 sed
595 1150 647 1196 et
681 1141 947 1195 contraria
995 1143 1238 1208 exempla
1264 1138 1435 1192 lucem
1477 1137 1689 1193 aflerre.
1723 1156 1741 1189 ι
1788 1137 1843 1190 lu
1886 1138 2043 1191 tertio

477 1242 655 1285 autem
689 1232 825 1289 libro
866 1230 979 1283 ait:
1008 1248 1024 1281 t
1051 1228 1169 1283 Vita
1204 1244 1271 1283 ex
1298 1229 1405 1281 vita
1440 1229 1619 1298 genita
1646 1239 1748 1291 est,
1785 1228 2041 1296 quemad-

477 1322 689 1374 modum
735 1321 933 1374 llumen
965 1335 993 1371 a
1031 1319 1178 1373 fonte
1215 1320 1512 1384 emanavit,
1560 1328 1614 1374 et
1647 1334 1676 1373 a
1724 1318 1843 1373 luce
1887 1318 2042 1371 inex-

475 1414 668 1469 stincta
694 1412 967 1482 splendida
1001 1412 1093 1466 lux
1125 1425 1353 1467 accensa
1382 1419 1483 1467 est.
1515 1427 1533 1461 ι

556 1586 633 1640 19.
676 1585 769 1640 His
808 1587 1024 1649 auditis,
1072 1589 1193 1655 quis
1235 1603 1339 1641 non
1386 1588 1609 1641 insania:
1654 1586 1905 1654 deinceps
1946 1596 2040 1641 eos

474 1680 771 1743 accusabit,
803 1681 891 1748 qui
926 1680 1233 1751 DiOnysium
1266 1680 1515 1735 Arianicc
1544 1680 1743 1734 sentire
1764 1694 2040 1748 susptcan-

474 1772 594 1825 tur?
628 1772 717 1826 Na:
759 1773 866 1838 ille,
898 1774 978 1828 his
1002 1774 1328 1843 argumentis
1365 1773 1432 1827 ab
1460 1772 1571 1839 ipsa
1604 1772 1829 1825 veritate
1858 1769 2036 1838 profe-

2143 592 2209 645 λὰ
2262 593 2431 646 ταῦτα
2477 595 2572 664 μὲν
2626 594 2718 647 καὶ
2756 592 2822 645 τὰ
2853 593 3073 644 τοιαῦτα
3119 593 3251 662 μηδέ
3295 594 3427 662 ὀρᾷν
3471 609 3705 662 γεγραμ-

2146 681 2300 750 μένα,
2337 681 2449 733 ἀλλ’
2494 682 2654 732 οἱονεὶ
2699 679 3023 747 τυφλώττειν
3066 679 3483 751 ὑποκρίνονται·
3513 685 3619 743 τοῖς
3654 682 3704 733 δὲ

2140 769 2258 821 δυσὶ
2291 768 2399 839 (79)
2428 769 2711 838 ῥηματίοις
2742 768 3069 831 ἀσυνθέτοις,
3102 769 3351 839 καθάπερ
3388 769 3573 835 λίθοις,
3612 788 3705 839 μα-

2142 860 2332 929 κρόθεν
2361 858 2694 930 ἐπιχειροῦσί
2732 876 2797 929 με
2832 858 3062 927 βάλλειν,
3110 859 3430 925 ἀγνοοῦντες
3480 861 3557 921 ὼς
3606 860 3704 912 τῶν

2141 948 2537 1016 ἀγνοουμένων,
2570 949 2661 1000 καὶ
2695 951 3054 1018 προσαγωγῆς
3089 951 3167 1011 εἰς
3195 949 3490 1016 ἐπίγνωσιν
3518 950 3703 1019 δεομέ-

2140 1053 2265 1101 νων,
2302 1040 2361 1090 ob
2405 1039 2560 1107 μόνον
2594 1038 2777 1090 ἀλλοῖα
2812 1039 3089 1104 πολλάκις,
3126 1040 3260 1093 ἀλλὰ
3298 1041 3391 1094 καὶ
3419 1042 3702 1093 ὑπεναντία

2140 1128 2414 1198 τεκμήρια
2437 1129 2642 1195 γίνεται
2664 1128 2770 1180 τῶν
2797 1128 3232 1200 ἐπιζητουμένων
3251 1130 3566 1200 δηλώματα.
3582 1151 3599 1183 ι
3622 1131 3701 1185 Ἐν

2139 1216 2195 1268 δέ
2258 1217 2336 1287 τῷ
2386 1218 2494 1285 (80)
2536 1217 2703 1287 τρίτῳ
2757 1216 2942 1288 βιϐλίῳ
2996 1218 3173 1287 φησί·
3211 1237 3229 1269 ι
3270 1220 3391 1288 Ζωὴ
3438 1221 3503 1272 ἐκ
3563 1218 3702 1289 ζωῆς

2140 1307 2431 1379 ἐγεννήθη·
2507 1308 2600 1361 καὶ
2655 1307 2841 1377 ὥσπερ
2908 1309 3146 1377 ποταμὸς
3202 1309 3309 1362 ἀπὸ
3379 1312 3562 1380 πηγῆς
3621 1312 3703 1383 ἔρ-

2141 1403 2328 1470 ρευσεο
2372 1402 2463 1454 καὶ
2502 1401 2608 1454 ἀπὸ
2650 1401 2825 1469 φωτὸς
2866 1402 3127 1455 ἀσϐέστου
3166 1403 3416 1474 λαμπρὸν
3469 1405 3585 1472 φῶς
3618 1405 3702 1457 ἁν-

2138 1490 2304 1562 ήφθη.
2346 1511 2364 1543 ι

2208 1584 2293 1639 19.
2329 1584 2419 1648 Τίς
2443 1586 2646 1638 τούτων
2674 1585 2887 1638 ἀκούων
2912 1586 2971 1638 οὑ
3006 1587 3202 1656 μανίας
3234 1586 3419 1640 λοιπὸν
3455 1588 3699 1660 mutiq-

2138 1677 2351 1746 φίσεται
2403 1677 2508 1729 τῶν
2542 1676 2909 1729 ὑπονοούντων
2946 1678 3035 1730 τὸν
3078 1678 3350 1732 Διονύσιον
3382 1680 3453 1731 τὰ
3498 1681 3698 1750 Ἀρείου

2137 1771 2349 1839 φρονεῖν
2374 1768 2535 1833 meo".
2566 1768 2671 1842 γὰρ
2707 1768 2793 1821 διὰ
2823 1769 3022 1821 τούτων
3051 1770 3297 1839 φανερῶς
3331 1772 3511 1823 πᾶσαν
3542 1771 3697 1824 αὑτοῦ

474 1863 595 1927 ctis,
640 1874 800 1917 totum
830 1866 943 1919 Arii
980 1842 1203 1933 proterit
1246 1864 1512 1918 hzeresim.
1555 1862 1690 1916 Nam
1739 1861 1887 1926 illud,
1918 1859 2030 1915 Non

2141 1862 2299 1911 πατεῖ
2342 1860 2438 1929 τὴν
2482 1860 2692 1930 αἵρεσιν
2735 1862 2845 1922 τοῖς
2880 1860 2976 1931 τῆς
3008 1860 3262 1930 ἀληθείας
3296 1861 3595 1935 λογισμοῖς.
3634 1863 3699 1914 Τὸ

471 1964 587 2006 erat
623 1955 928 2023 priusquam
978 1955 1305 2024 gigneretur,
1358 1964 1431 2018 et,
1494 1954 1622 2008 Erat
1668 1952 1882 2022 quando
1928 1965 2034 2006 non

472 2054 587 2097 erat
626 2046 915 2110 splendoris
949 2046 1205 2099 vocabulo
1241 2045 1498 2108 confutat,
1542 2058 1747 2098 necnon
1797 2044 1879 2096 his
1917 2057 2036 2096 ver-

469 2133 597 2188 bis:
642 2134 805 2189 Pater
845 2135 960 2203 ejus
1003 2150 1271 2204 nunquam
1315 2135 1516 2203 absque
1560 2134 1706 2204 prole
1747 2133 1865 2187 fuit.
1902 2132 2033 2186 lllud

470 2230 651 2276 autem
684 2225 823 2291 quod
870 2226 1039 2288 aiunt,
1079 2240 1142 2279 ex
1181 2242 1282 2279 non
1316 2225 1675 2289 exstantibus,
1705 2222 1919 2287 refellit,
1954 2222 2035 2276 di-

468 2315 661 2379 cendo,
692 2314 922 2369 Verbum
953 2332 1073 2371 esse
1105 2318 1253 2386 quasi
1281 2316 1495 2370 [luvium
1527 2332 1590 2369 ex
1629 2314 1793 2379 fonte,
1833 2324 1889 2367 ut
1915 2330 2033 2383 ger-

470 2421 590 2459 men
617 2420 681 2459 ex
708 2408 903 2467 radice,
936 2408 1101 2462 tilium
1129 2423 1195 2462 ex
1233 2419 1476 2477 parente,
1505 2407 1680 2461 lumen
1715 2422 1779 2460 ex
1807 2405 2028 2468 lumine,

468 2504 522 2548 et
549 2496 712 2549 vitam
739 2512 804 2551 ex
845 2498 972 2551 vita.
1006 2498 1155 2565 Quod
1196 2508 1373 2552 autem
1411 2498 1484 2551 illi
1524 2509 1773 2567 separant
1807 2508 1859 2552 et
1890 2498 2028 2551 divi-

469 2585 602 2639 dunt
633 2586 863 2641 Verbum
896 2604 925 2642 a
960 2590 1085 2653 Deo,
1119 2590 1170 2643 id
1212 2590 1299 2643 ille
1337 2591 1603 2659 improbat
1630 2606 1750 2644 cum
1785 2590 1879 2652 ait,
1912 2590 2030 2643 Tri-

468 2675 717 2742 nitatem,
755 2696 872 2746 qua:
908 2696 1004 2734 nec
1042 2682 1203 2735 dividi
1250 2696 1347 2735 nec
1380 2683 1544 2735 minui
1583 2692 1776 2753 potest,
1822 2684 1873 2735 in
1911 2681 2029 2735 uni-

471 2777 635 2823 tatem
683 2770 843 2840 202
888 2773 1154 2827 contrahi.
1204 2774 1355 2839 Quod
1403 2789 1529 2828 vero
1576 2775 1748 2837 aiunt,
1796 2774 2025 2828 alienum

469 2874 592 2913 esse
620 2859 811 2913 Filium
847 2877 876 2915 a
904 2863 1197 2917 substantia
1224 2864 1417 2928 Patris,
1451 2876 1632 2933 aperte
1669 2867 1869 2933 respuit
1902 2882 2024 2921 cum

412 3004 417 3011 ,
469 2950 618 3014 dicit,
656 2952 1163 3006 consubstantialem
1192 2953 1335 3008 Patri
1371 2969 1492 3010 esse
1524 2954 1736 3010 Filium.
1774 2957 1871 3012 llic
1897 2974 2028 3013 sane

468 3054 804 3110 summopere
845 3044 1086 3097 miranda
1117 3044 1401 3114 impiorum
1441 3048 1716 3101 hominum
1749 3050 2028 3119 impuden-

466 3130 561 3182 tia.
618 3131 869 3202 Dionysio
925 3149 1173 3203 namque,
1206 3151 1364 3204 quem
1409 3138 1663 3192 doctrina:
1712 3154 1822 3193 sua:
1879 3141 2023 3209 paria

467 3220 701 3274 Sensisse
745 3223 1035 3291 allirmant,
1084 3226 1316 3293 dicente,
1362 3230 1875 3284 consubstantialem
1910 3246 2029 3286 esse

466 3306 680 3375 Filium,
730 3311 826 3379 ipsi
875 3324 1052 3367 tamen
1108 3315 1249 3369 haud
1296 3332 1453 3371 secus
1489 3334 1646 3387 quam
1687 3320 1886 3374 culices
1916 3322 2027 3375 cir-

466 3410 803 3468 cumquaque
852 3414 1155 3470 susurrant,
1198 3406 1350 3476 quasi
1395 3410 1630 3477 synodus
1685 3411 2029 3465 consubstan-

466 3489 611 3543 tialis
643 3506 824 3545 vocem
856 3494 994 3548 haud
1035 3506 1178 3550 recte
1220 3499 1422 3567 scripto
1456 3502 1741 3555 mandarit.
1784 3502 1840 3557 Si
1884 3506 2024 3558 enim

465 3579 569 3634 sibi
605 3583 833 3636 anticum
867 3585 1179 3657 Dionysium
1235 3590 1570 3657 existimant,
1618 3610 1685 3647 ne
1724 3594 2026 3649 doctrinam

466 3683 656 3742 negent
684 3675 781 3729 viri
812 3692 992 3731 secum
1024 3682 1327 3736 sentientis.
1358 3681 1512 3750 Quod
1540 3685 1583 3738 si
1615 3694 1806 3754 putant
1838 3687 1887 3741 id
1921 3703 2025 3741 non

465 3775 610 3821 recte
644 3768 842 3822 dictum
879 3770 1062 3836 fuisse,
1105 3787 1272 3839 quare
1301 3772 1636 3845 Dionysium,
1667 3778 1758 3845 qui
1796 3779 2025 3846 idipsum

466 3858 559 3920 ait,
588 3861 740 3926 quasi
776 3876 955 3915 secum
984 3863 1303 3917 sentientem
1322 3864 1571 3933 jactitant
1600 3868 1623 3921 ἲ
1647 3883 1766 3921 cum
1799 3884 2028 3937 praescra

467 3946 562 3999 tim
592 3950 637 4000 is
672 3964 775 4001 non
806 3949 981 4004 obiter
1025 3952 1125 4005 hoc
1158 3952 1320 4016 dicat,
1364 3956 1455 4008 sed
1489 3954 1609 4009 aliis
1645 3966 1801 4010 antea
1850 3960 2027 4012 missis

466 4035 728 4105 epistolis,
759 4052 852 4092 eos
881 4039 973 4108 qui
1003 4054 1059 4092 se
1090 4041 1472 4098 insimulabant
1516 4047 1669 4114 quasi
1706 4047 1910 4101 diceret
1938 4048 2027 4102 Fi-

464 4126 595 4179 liunt
649 4142 750 4179 non
811 4142 932 4182 esse
982 4130 1124 4184 Patri
1180 4132 1710 4201 consubstantialem,
1762 4139 2025 4194 mendacii

465 4229 719 4287 conrguat
749 4235 762 4269 :
795 4220 911 4274 illos
940 4235 1064 4276 vero
1103 4224 1193 4290 qui
1234 4226 1494 4292 putabant
1523 4242 1580 4279 se
1625 4228 1844 4290 dixisse,
1893 4231 2026 4283 Ver-

458 4306 589 4361 bum
625 4323 741 4363 esse
774 4308 993 4375 factum,
1025 4312 1252 4377 refellat,
1288 4330 1490 4385 negans
1536 4331 1592 4371 se
1627 4330 1782 4386 prout
1810 4319 1882 4373 illi
1915 4324 2028 4376 exi-

464 4400 687 4453 stimant
716 4401 917 4456 sentire
951 4454 957 4458 _
994 4405 1085 4457 sed
1120 4409 1329 4461 tametsi
1357 4423 1514 4463 voces
1543 4410 1659 4463 illas
1686 4412 1925 4479 protulit,
1963 4428 2027 4468 eo

2144 1952 2238 2021 μὲν
2272 1950 2400 2020 γὰρ,
2431 1952 2543 2003 Οὐκ
2572 1947 2638 2021 ἦν
2664 1951 2790 2021 πρὶν
2815 1951 3068 2021 γεννηθῇ,
3104 1952 3195 2003 καὶ
3224 1952 3302 2015 τὸ,
3331 1948 3438 2006 Ἦν
3466 1969 3594 2004 ποτε
3619 1954 3698 2006 ὅτε

2139 2038 2333 2114 οὺκῆν,
2361 2044 2569 2112 ἀναιρεῖ
2585 2043 2660 2113 τῷ
2678 2041 2769 2094 τοῦ
2795 2041 3261 2111 ἀπαυγάσματος
3288 2042 3430 2113 λόγῳ
3453 2063 3466 2074 ο
3493 2044 3587 2096 καὶ
3617 2043 3697 2095 λέ-

2138 2150 2268 2202 γων,
2290 2134 2369 2185 ὅτι
2401 2133 2600 2185 Τούτου
2632 2134 2659 2184 ὁ
2684 2133 2867 2204 Πατὴρ
2896 2135 2993 2186 οὐκ
3019 2130 3085 2203 ἦν
3119 2151 3249 2186 ποτε
3270 2134 3459 2201 ἄγονος
3481 2150 3494 2162 °
3532 2134 3593 2186 τὸ
3626 2134 3696 2197 δέ,

2150 2222 2237 2288 Ἐξ
2258 2223 2357 2273 οὐκ
2382 2222 2548 2274 ὄντων
2576 2222 2705 2293 (81),
2730 2223 2924 2287 αὐτῶν,
2961 2225 3171 2293 ἀναιρεῖ
3197 2224 3253 2274 ἐν
3273 2223 3349 2293 τῷ
3382 2223 3581 2291 λέγειν,
3614 2224 3697 2275 τὸν

2136 2314 2306 2381 Λόγον
2326 2310 2462 2366 εἶναι
2489 2313 2563 2379 ὼς
2598 2314 2836 2384 ποταμὸν
2868 2315 2973 2367 ἀπὸ
3000 2315 3201 2384 πηγῆς,
3227 2316 3319 2367 καὶ
3346 2314 3577 2385 βλαστὸν
3600 2312 3698 2367 ἀπὸ

2140 2405 2311 2475 ῥίζης,
2361 2407 2455 2459 καὶ
2491 2406 2674 2459 τέκνον
2724 2406 2830 2459 ἀπὸ
2862 2406 3084 2475 γονέως,
3124 2407 3215 2460 καὶ
3254 2406 3367 2479 φῶς
3410 2408 3475 2458 ἐκ
3506 2406 3695 2476 φωτὸς,

2137 2498 2230 2551 καὶ
2260 2498 2401 2569 ζωὴν
2435 2500 2498 2551 ἐκ
2528 2498 2702 2567 ζωῆςο
2728 2499 2821 2551 καὶ
2856 2498 2915 2549 τὸ
2951 2499 3048 2569 μὲν
3072 2497 3467 2568 ἁποσχοινίζειν
3500 2498 3593 2549 καὶ
3627 2497 3696 2550 δι-

2136 2592 2309 2659 αιρεῖν
2342 2589 2538 2651 αὐτοὺς
2565 2588 2670 2659 (8‘2)
2707 2588 2795 2641 τὸν
2824 2590 2992 2658 Λόγον
3024 2590 3130 2642 ἀπὸ
3161 2588 3250 2640 τοῦ
3300 2588 3458 2653 Θεοῦ,
3493 2589 3697 2657 ἀναιρεῖ

2135 2680 2305 2747 λέγων
2330 2680 2489 2742 αὐτὸς
2516 2680 2814 2751 ἀδιαίρετον
2848 2680 2939 2733 καὶ
2962 2680 3223 2752 ἀμείωτον
3254 2680 3353 2750 τὴν
3387 2679 3595 2749 Τριὰδα
3624 2680 3696 2740 εἰς

2138 2769 2337 2838 μονάδα
2363 2770 2904 2839 συγκεφαλαιοῦσθαι.
2925 2773 2996 2823 Τὸ
3029 2771 3085 2823 δέ
3114 2771 3287 2839 λέγειν
3320 2772 3519 2834 αὐτοὺς
3551 2773 3696 2824 ἀλλό-

2133 2876 2279 2929 τριον
2309 2856 2443 2913 εἶναι
2474 2861 2562 2914 τὸν
2591 2861 2715 2914 Υἱὺν
2737 2864 2833 2932 τῆς
2862 2861 2953 2913 τοῦ
2981 2862 3188 2932 Πατρὸς
3213 2862 3418 2927 οὐσίας,
3447 2862 3697 2933 ἄντικρυς

2135 2955 2295 3005 πατεῖ
2318 2951 2509 3023 λέγων,
2538 2952 2819 3025 όμοούσιον
2856 2950 2990 3006 εἶναι
3034 2954 3127 3006 τοῦ
3168 2954 3379 3024 [ἰατρὸς
3418 2954 3510 3007 τὸν
3556 2956 3693 3011 Υίόν.

2134 3046 2249 3114 Ἐφ’
2281 3041 2323 3113 ᾧ
2348 3048 2441 3099 καὶ
2473 3046 2797 3117 θαυμάσειεν
2834 3048 2897 3101 ἄν
2918 3064 2997 3109 τις
3027 3048 3127 3121 τὴν
3158 3048 3429 3100 ἀναίδειαν
3450 3047 3559 3099 τῶν
3576 3048 3697 3100 δυσ-

2135 3137 2325 3190 σεϐῶψ
2352 3139 2465 3201 πῶς
2498 3140 2798 3203 Διονυσίου,
2841 3139 2899 3192 ὃν
2921 3139 3166 3207 λέγουσιν
3202 3139 3455 3210 ὁμόδοξον
3497 3139 3696 3192 ἑαυτῶν

2135 3228 2242 3300 (85)
2271 3225 2428 3292 εἶναι,
2463 3230 2706 3298 λέγοντος
2722 3230 2999 3303 ὁμοούσιον
3020 3232 3109 3284 τὸν
3134 3233 3280 3294 Υἷὶν,
3305 3232 3460 3285 αὐτοὶ
3484 3232 3699 3303 περιέρ-

2130 3338 2312 3391 χονται
2346 3322 2420 3386 ὡς
2467 3320 2726 3386 κώνωπες
2772 3322 3244 3395 περιϐομϐοῦντες,
3282 3324 3359 3389 ὡς
3398 3325 3499 3376 οὐκ
3529 3324 3697 3397 ὀρθῶς

2129 3413 2415 3484 γραψάσης
2432 3415 2529 3483 τῆς
2544 3415 2759 3467 συνόδου
2780 3415 2840 3467 τὸ
2865 3415 3205 3484 όμοούσιον·
3228 3418 3276 3468 εὶ
3296 3416 3367 3484 γὰ
3382 3433 3411 3489 ρ
3427 3417 3696 3478 Διονύσιός

2129 3505 2275 3557 ἐστιν
2309 3506 2489 3567 αὐτοῖς
2522 3506 2691 3573 φίλος,
2723 3506 2794 3576 μὴ
2834 3505 3202 3579 ἀρνείσθωσαν
3231 3508 3300 3561 τὰ
3328 3507 3424 3561 τοῦ
3461 3510 3695 3581 ὁμόφρο-

2129 3612 2235 3658 νος.
2272 3598 2334 3648 Εί
2361 3596 2416 3651 δὲ
2440 3596 2714 3667 νομίζουσι
2740 3598 2812 3669 μὴ
2832 3597 3005 3669 ὀρθῶς
3034 3597 3301 3668 εἰρῆσθαι,
3330 3598 3445 3660 πῶς
3469 3599 3558 3651 τὸν
3581 3598 3696 3651 τοῦ·

2130 3705 2187 3740 το
2214 3687 2435 3756 λέγοντα
2472 3688 2744 3743 Διονύσιον
2788 3689 3100 3761 θρυλλοῦσιν
3132 3690 3263 3761 (84),
3294 3691 3371 3753 ὠς
3404 3691 3473 3744 τὰ
3524 3692 3695 3745 αὐτῶν

2130 3780 2459 3849 φρονοῦντα;
2496 3781 2728 3851 μάλιστα
2759 3782 2838 3833 ὃτι
2867 3781 2985 3837 οὐδὲ
3012 3784 3075 3833 ἐκ
3104 3784 3380 3854 παρέργου
3415 3782 3588 3836 ταῦτα
3613 3783 3696 3834 λέ-

2127 3888 2239 3939 γων
2266 3872 2535 3940 φαίνεται,
2574 3874 2706 3927 ἀλλὰ
2740 3876 2999 3948 πρότερον
3046 3874 3211 3937 ἄλλας
3249 3875 3540 3939 ἐπιστολὰς
3566 3876 3696 3947 γρά-

2125 3961 2253 4030 ψας,
2278 3965 2404 4027 τοὺς
2436 3964 2533 4034 μέν
2561 3965 2671 4035 (85)
2702 3966 3092 4036 κατειρηκότας
3119 3967 3281 4019 αὑτοῦ
3312 3967 3388 4030 ὡς
3418 3968 3493 4039 μὴ
3518 3967 3696 4035 λέγον-

2126 4072 2215 4117 τος
2242 4056 2521 4127 ὁμοούσιον
2546 4058 2634 4111 τὸν
2664 4058 2790 4111 Υίὸν
2819 4059 2895 4129 τῷ
2924 4060 3098 4130 Πατρὶ
3138 4059 3401 4128 διελέγχει
3439 4059 3695 4129 ψευδομέ-

2126 4164 2275 4210 νους’
2325 4151 2448 4212 τοὺς
2491 4150 2547 4204 δὲ
2578 4150 2891 4222 νομίζοντας
2933 4151 3090 4203 αὐτὸν
3129 4151 3307 4219 λέγειν
3331 4151 3557 4222 γενητὸν
3586 4151 3691 4220 (86)

2126 4238 2215 4290 τὸν
2240 4240 2428 4307 Λόγον,
2462 4243 2885 4315 παρακρούεται·
2920 4244 3001 4295 ὅτι
3031 4243 3104 4313 μὴ
3128 4242 3297 4304 οὕτως
3338 4243 3415 4305 ὡς
3444 4242 3693 4312 νομίζου-

2130 4345 2212 4381 σιν
2238 4332 2554 4401 ἐφρόνησεν,
2578 4333 2687 4384 ἀλλ’
2710 4334 2757 4385 εἰ
2792 4334 2884 4385 καὶ
2908 4333 3005 4397 τὰς
3034 4334 3203 4398 λέξεις
3225 4336 3433 4405 εἴρηκε,
3468 4334 3552 4387 διὰ
3574 4333 3693 4386 τοῦ·

2128 4421 2189 4473 τό
2216 4439 2376 4492 φησιν
2398 4423 2696 4493 εἰρηκέναι,
2738 4424 2873 4492 πρὸς
2903 4422 2963 4475 τὸ
3014 4424 3170 4494 μόνον
3200 4423 3390 4490 δεῖξαι,
3425 4425 3507 4477 ὅτι
3554 4424 3625 4494 μὴ
3667 4426 3694 4479 ὁ

464 4489 633 4542 solum
679 4491 804 4544 illud
849 4508 907 4547 se
948 4495 1153 4550 dixisse
1200 4507 1447 4563 testatur,
1477 4509 1535 4553 ttt
1570 4504 1882 4558 ostenderet
1918 4521 2023 4559 non

2137 4489 2317 4583 Πατήρ
2346 4489 2517 4575 ἐστιν,
2547 4514 2658 4566 ἀλλ’
2687 4516 2714 4566 ὁ
2736 4489 2879 4576 Υίὸς,
2912 4517 2940 4567 ό
2968 4489 3029 4567 τό
3054 4514 3301 4585 γενητὸν,
3334 4517 3429 4569 καὶ
3460 4489 3689 4577 κτιστον,

463 4577 675 4634 Patrem
707 4584 798 4636 sed
834 4583 1027 4638 Filium
1063 4602 1180 4641 esse
1214 4591 1302 4657 qui
1341 4591 1636 4657 conditum,
1672 4605 1937 4659 creatum,
1971 4606 2026 4651 et

463 4664 658 4722 factum
705 4687 897 4740 corpus
942 4676 1113 4729 induit
1155 4695 1167 4731 :
1222 4681 1475 4747 quocirca
1529 4683 1699 4739 Filius
1749 4687 2020 4753 conditus,

465 4754 639 4812 factus
668 4772 721 4813 et
744 4775 957 4819 creatus
988 4764 1154 4821 fuisse
1178 4768 1391 4825 dicitur.

464 4995 593 5086 τῆς,
609 5012 728 5086 qum
748 5002 797 5054 in
830 5003 1555 5086 editislegebatttur,idemtnt
1573 5017 1625 5070 in
1644 5018 1777 5086 Reg.
1798 5019 2020 5083 Taurin.

646 5066 782 5155 des...
805 5073 895 5155 sed
928 5066 1189 5132 Itabe‘ittur
1221 5081 1272 5133 itt
1304 5066 1393 5135 lib.
1433 5066 2025 5155 υεὲῂὶὶᾶὰῖἵξ

388 5194 391 5195 ν
464 5138 623 5187 verha
652 5136 976 5193 referuntur.

534 5204 645 5291 (7.9)
715 5208 992 5291 Sicmlleg.
1050 5212 1299 5291 Τριιτίηκ
1333 5219 1443 5277 Jes.
1510 5223 1670 5289 Editi,
1707 5227 1821 5290 τοῖς
1879 5228 2018 5284 δυσί.

463 5271 534 5365 Ra
647 5285 777 5365 lpos}
796 5276 926 5365 “Tan
938 5271 1051 5365 Fin.
1072 5282 1221 5339 Colb.
1238 5271 1388 5365 _J
1401 5271 1463 5343 et
1486 5271 1670 5357 ΡῙΪῙῙ

461 5346 770 5466 ιζσῗείι
795 5358 947 5403 vetus
978 5349 1204 5422 interpr.
1237 5356 1379 5410 Edili
1409 5373 1535 5415 vero
1559 5346 2024 5438 ευὼἹὶθξςίᾷἐξιξῘ

465 5545 510 5599 Μ
533 5480 644 5601 (80)
672 5484 760 5578 Sic
782 5484 911 5554 Reg.
933 5487 1154 5546 Taurin.
1172 5491 1324 5548 Colb.
1342 5493 1451 5550 Jes.
1473 5496 1562 5552 Fr.
1582 5502 1630 5555 1.
1662 5503 1824 5570 Editi,
1849 5505 2018 5577 ἐντῷ.

516 5564 582 5600 ox
650 5568 725 5603 es.
754 5556 1003 5603 ἐγενήθη-

681 5568 725 5627 εἶτ
754 5557 1003 5627 ἐγενήθηο

537 5616 647 5701 (Sl)
673 5623 758 5674 Sic
783 5616 909 5701 lli-g3
932 5616 1301 5701 'l‘attrin.Jes.,
1322 5633 1482 5689 Basil.
1514 5638 1603 5694 Fr.
1632 5644 1683 5696 1.
1719 5642 1861 5701 Editi
1890 5660 2019 5701 vero

453 5688 738 5753 (mendose,
764 5688 956 5755 τοῦῖε,
983 5697 1072 5762 Ἐξ
1091 5700 1188 5753 οὐκ
1216 5688 1381 5757 ὄντων
1415 5688 1595 5764 αὖτόν.

2131 4601 2224 4653 καὶ
2254 4601 2473 4672 ποιητὸν
2499 4603 2853 4672 ἐνδυσάμενος
2888 4604 3073 4674 σῶμα’
3124 4606 3203 4658 διὸ
3227 4608 3320 4659 καὶ
3350 4606 3689 4678 γεγενῆσθαι,

2132 4690 2226 4741 καὶ
2252 4692 2597 4760 πεποιῆσθαι,
2617 4696 2710 4746 καὶ
2730 4694 2973 4748 ἐκτίσθαι
3000 4695 3216 4763 λέγεται
3245 4699 3272 4749 ό
3303 4697 3450 4760 Υἱός.

2204 5030 2314 5099 (8‘2)
2366 5031 2542 5092 Colb.,
2576 5030 2786 5093 αὐτούς.
2859 5031 2974 5084 Mox
3006 5033 3231 5086 Taurin.
3275 5034 3431 5087 Colb.
3452 5034 3563 5089 19s.
3596 5034 3685 5088 Fr.

2123 5100 2445 5235 ὶέγὲζαιρεϊ
2493 5100 2686 5169 λέγων.
2749 5102 2879 5170 lleg.
2930 5101 3096 5157 Basil.
3145 5113 3198 5157 et
3242 5104 3689 5167 εάὶιί,διαϐἀλλει

2190 5237 2299 5306 (83)
2328 5237 2547 5291 Taurin.
2589 5238 2738 5295 Colb.
2770 5239 2859 5293 Jes
2888 5279 2901 5301 ,
2920 5238 3114 5294 αὐτῶν.

2196 5307 2307 5428 (84)
2361 5306 2513 5373 Reg.,
2569 5308 2635 5360 de
2670 5324 2839 5371 more,
2872 5309 3174 5378 θρυλοῦσιν.
3232 5310 3433 5364 Ibidem
3466 5310 3682 5363 Taurin.

2196 5389 2232 5428 Ξ.
2303 5375 2375 5428 ⁴“1’.
2443 5378 2494 5428 1.
2549 5375 2618 5428 τὰ
2672 5378 2830 5428 αὑτά.
2886 5379 3011 5428 Mox
3073 5379 3160 5428 Fr-
3225 5381 3280 5428 1-
3351 5380 3579 5428 μάλιστα
3640 5379 3684 5428 δ’

2120 5372 2232 5449 J_es.
2286 5372 2375 5428 Fr.
2443 5372 2494 5439 1,
2549 5375 2618 5428 τὰ
2672 5378 2830 5433 αὑτά.
2886 5372 3011 5432 Ilo:
3073 5379 3160 5434 Fr.
3225 5381 3280 5443 1,
3348 5380 3579 5449 μάλιστα
3640 5379 3669 5430 δ

2126 5443 2587 5599 ὅτῇὢβίοτῐὶθε.
2609 5514 2830 5570 Taurin.
2860 5515 3011 5571 Colb.
3032 5516 3141 5573 Jes.
3165 5519 3256 5574 Fr.
3290 5520 3344 5573 1.
3373 5519 3510 5572 Editi
3538 5532 3678 5579 vero,

2125 5583 2249 5644 τοὺς
2268 5583 2365 5652 μέν
2387 5583 2498 5636 οὖν.
2539 5583 2553 5585 ’
2580 5589 2587 5596 ’

2156 5653 2305 5731 ,(8β)
2330 5652 2526 5731 Taurin
2586 5652 2733 5731 Colb.
2772 5653 3207 5731 Jes.,_yzw~q16v,
3246 5662 3517 5718 mendose.
3548 5658 3682 5713 Tau-

2126 5722 2230 5774 rin.
2254 5722 2377 5775 item
2405 5722 2561 5788 ittl'ra,
2587 5725 2615 5776 ὁ
2637 5724 2696 5778 τὸ
2718 5726 2990 5797 γεννητόν.
