3954 6558
284 421 372 476 509

1424 410 1514 463 DE
1554 411 1941 467 SENTENTIA
1980 412 2305 470 DIONYSII.

3369 423 3478 485 5w

334 529 408 583 20.
433 526 627 596 Ἀμέλει
661 523 848 596 ἐπειδὴ
897 522 1210 596 προελήφθη
1285 509 1401 596 (87)
1445 524 1651 595 γράψαι
1705 524 1802 587 τὰς

1974 527 2063 582 20.
2106 527 2265 583 Certe
2289 544 2408 584 cum
2439 529 2526 584 illa
2559 532 2720 584 verba
2748 548 2900 601 prius
2933 535 3232 605 scripserit,
3261 536 3481 592 Arianis

279 617 493 679 τοιαύτας
518 616 706 679 λέξεις,
735 619 847 677 τοῖς
883 615 981 684 μὲν
1030 617 1330 687 Ἀρειανοίς
1386 615 1572 687 μακρὰ
1608 615 1802 686 φράζει

276 712 464 783 χαίρειν,
499 707 646 778 παρὰ
689 707 748 760 δὲ
777 707 884 761 τῶν
909 709 1212 761 ἀκουόντων
1248 709 1549 779 συνείδησιν
1595 707 1802 779 ἀγαθὴν

239 781 248 792 λ
275 781 476 856 anausi-
502 800 558 852 τὸ
579 799 838 870 δυσχερὲς
866 800 899 869 ἢ
928 801 1067 870 τάχα
1081 802 1173 853 καὶ
1194 800 1256 852 τὸ
1281 801 1675 871 ἀπερίδρακτον
1697 799 1803 853 τῶν

275 891 571 962 ζητουμένων
587 890 1041 960 προϐαλλόμενος,
1062 891 1146 943 ἵνα
1166 892 1238 962 μὴ
1254 892 1351 956 τὰς
1367 890 1804 960 λέξεις,ἀλλὰτὴν

274 983 472 1036 διάνοιαν
493 981 579 1032 τοῦ
609 981 907 1052 γράφοντος
933 981 1039 1051 (88)
1061 982 1302 1052 κρίνωσι’
1335 985 1427 1036 καὶ
1453 981 1662 1053 μάλισθ’
1678 983 1804 1035 ὅταν

270 1076 324 1124 τὰ
353 1072 554 1124 πλεῖστα
591 1074 840 1142 μαρτυρῇ
895 1075 959 1142 τῇ
1011 1072 1203 1125 τούτου
1252 1075 1528 1143 φρονήσει.
1595 1074 1805 1145 Ἐφησε

270 1164 375 1232 γοῦν
395 1166 477 1216 καὶ
497 1164 785 1226 αὐτὸς,οὸτι
803 1180 815 1191 ·
839 1182 857 1214 ι
881 1162 999 1215 Τῶν
1031 1164 1129 1233 μὲν
1159 1165 1412 1218 τοιούτων
1431 1165 1504 1228 ὡς
1534 1164 1806 1236 ἀχρειοτέ-

269 1273 377 1324 ρων,
405 1256 456 1321 ἐξ
475 1255 791 1326 ἐπιδρομῆς,
819 1250 968 1307 εἷπον
1005 1254 1070 1308 τὰ
1129 1255 1566 1326 παραδείγματα,
1619 1255 1680 1308 τὸ
1708 1273 1806 1324 φυ-

269 1348 340 1401 τὸν
381 1348 466 1400 καὶ
505 1348 593 1400 τὸν
627 1345 889 1416 γεωργόν·
948 1349 1056 1409 τοῖς
1096 1347 1155 1400 δὲ
1197 1347 1658 1418 προσφυεστέροις
1693 1346 1803 1416 (89)

266 1437 554 1508 ἐνδιέτριψα,
592 1437 688 1490 καὶ
719 1436 876 1489 πλέον
901 1435 1174 1507 διεξῆλθον
1228 1437 1484 1508 περὶτῶν
1518 1436 1808 1507 ἀληθεστέ-

269 1546 376 1598 ρων.
424 1549 441 1582 ι
501 1529 557 1582 '0
594 1529 651 1581 δὲ
686 1526 844 1580 τοῦτο
893 1527 1068 1596 λέγων
1120 1527 1393 1581 δείκνυσιν
1447 1527 1806 1598 ἀληθέστερον

261 1613 379 1670 εἶναι
420 1617 476 1670 τὸ
524 1617 707 1686 λέγειν
751 1617 918 1670 ἀΐδιον
964 1618 1056 1670 καὶ
1097 1618 1164 1670 ὲκ
1206 1617 1299 1671 τοῦ
1328 1618 1538 1689 Πατρδς
1560 1618 1648 1671 τὸν
1681 1618 1806 1671 Υἱὸν

259 1705 381 1776 ἥπερ
409 1707 650 1778 γενητόν·
689 1706 755 1759 ἐκ
781 1704 966 1758 τούτου
997 1706 1095 1776 μὲν
1127 1707 1233 1776 γὰρ
1271 1707 1332 1758 τὸ
1369 1707 1676 1777 σωματικὸν
1714 1707 1806 1760 τοῦ

257 1795 436 1865 Κυρίου
465 1797 811 1867 σημαίνεται,
847 1796 904 1860 ἐξ
937 1795 1156 1849 ἐκείνων
1177 1797 1234 1850 δὲ
1265 1796 1326 1850 τὸ
1366 1797 1532 1849 ἀΐδιον
1568 1799 1667 1869 τῆς
1690 1797 1809 1852 θεό-

256 1901 391 1954 τητος
412 1886 595 1940 αὑτοῦ.
626 1887 717 1941 Ἐν
738 1887 944 1949 τούτοις
975 1887 1104 1956 γοῦν
1129 1889 1222 1940 κα).
1251 1886 1515 1958 ὴλέγχθαι
1550 1892 1678 1960 παρ’
1706 1890 1807 1944 αὐ·
1839 1879 1880 1932 Β

254 1975 332 2027 τοῦ
356 1979 472 2041 τοὺς
499 1978 930 2046 ἑγκαλέσαντας,
951 1977 1025 2040 ὡς
1053 1978 1129 2048 μὴ
1154 1977 1402 2045 λέγοντος
1431 1977 1594 2030 αὐτοὗ
1619 1979 1809 2048 ὁμοού-

255 2069 469 2122 σιοντοῦ
523 2070 767 2141 Πατρὸς,
821 2069 1220 2122 διαϐεϐαιοῦται
1267 2071 1362 2141 οὐχ
1408 2069 1624 2134 ἁπλῶς,
1675 2071 1808 2125 ἀλλὰ

252 2160 720 2232 μετὰφρονήσεως
778 2161 871 2214 καὶ
923 2160 1248 2226 ἀποδείξεως
1297 2160 1554 2232 ἀληθοῦς,
1609 2161 1804 2229 λέγων’

254 2249 342 2300 «Εἰ
370 2251 458 2302 καὶ
488 2253 567 2320 μὴ
591 2251 692 2321 τὴν
725 2251 867 2316 λέξιν
893 2251 1096 2322 ταύτην
1125 2245 1283 2322 εὗρον
1319 2254 1375 2304 ἐν
1397 2254 1516 2314 ταῖς
1541 2253 1805 2322 Γραφαῖς,

247 2339 344 2392 ἀλλ’
382 2343 438 2406 ἐξ
474 2343 660 2396 αὐτῶν
721 2343 827 2396 τῶν
873 2331 1101 2416 Γραφῶν
1150 2346 1242 2398 τὸν
1287 2344 1409 2398 νοῦν
1467 2343 1806 2413 συναγαγὼν,

244 2430 417 2498 ἔγνων,
449 2435 558 2498 ὅτι,
602 2435 732 2497 Υίὸς
765 2433 838 2486 ὣν
865 2437 956 2488 καὶ
983 2437 1171 2505 Λόγος,
1200 2438 1260 2490 οὐ
1299 2436 1447 2500 ξένος
1479 2435 1544 2488 ἂν
1587 2436 1672 2506 εἴη
1709 2436 1810 2506 τῆς

244 2521 410 2584 οὐσίας
455 2523 554 2576 τοῦ
611 2524 844 2593 Πατρός.
891 2544 908 2574 ι
962 2525 1084 2576 Ὅτι
1141 2524 1247 2595 γὰρ
1293 2525 1354 2576 ου
1406 2524 1632 2594 κτίσμα,
1692 2525 1810 2577 οὐδὲ

244 2611 440 2682 ποίημα
469 2616 669 2685 φρονεῖ
702 2613 792 2665 τὸν
814 2613 940 2667 Υἱὸν
970 2611 1109 2668 εἶναι
1132 2631 1146 2644 °
1172 2615 1263 2668 καὶ
1286 2615 1392 2686 γὰρ
1427 2614 1519 2667 καὶ
1552 2616 1608 2667 ἐν
1636 2613 1811 2684 τούτῳ

241 2699 660 2775 τεθρυλλήκασιν
693 2704 887 2758 αὐτόν·
923 2703 1093 2768 οὕτως
1136 2706 1192 2758 ὲν
1239 2704 1317 2774 τῷ
1358 2705 1591 2774 δευτέρῳ
1622 2704 1810 2775 βιϐλίῳ

241 2791 421 2861 φησίνσ
457 2812 477 2846 ι
535 2795 665 2848 Ἐὰν
703 2795 760 2848 δέ
791 2813 873 2856 τις
901 2795 1010 2848 τῶν
1047 2797 1417 2864 συκοφαντῶν,
1466 2796 1650 2866 ἐπειδὴ
1702 2794 1810 2848 τῶν

241 2880 480 2938 ἁπάντων
543 2886 776 2957 ποιητὴν
829 2887 919 2939 τὸν
959 2886 1089 2941 Θεὸν
1136 2887 1229 2940 καὶ
1273 2888 1601 2958 δημιουργὸν
1633 2883 1808 2952 εἷπον,

237 2973 400 3043 οἴηται
448 2994 523 3047 με
577 2978 673 3029 καὶ
734 2977 827 3031 τοῦ
861 2979 1095 3050 Χριστοῦ
1145 2979 1345 3047 λέγειν,
1392 2981 1678 3033 ἀκουσάτω
1709 2998 1810 3051 μου

238 3065 490 3136 πρότερον
544 3067 768 3136 Πατέρα
815 3069 1082 3139 φήσαντος
1115 3068 1292 3131 αὐτὸν,
1335 3071 1390 3121 ἐν
1426 3063 1470 3136 ᾧ
1502 3069 1596 3122 καὶ
1628 3073 1655 3122 6
1687 3069 1812 3133 Υἱδς

235 3155 687 3233 προσγέγραπται
712 3160 853 3229 (90)’
914 3161 1050 3231 μετὰ
1102 3160 1210 3231 γὰρ
1257 3162 1316 3214 τὸ
1365 3163 1538 3214 εἰπεῖν
1593 3164 1813 3235 Πατέρα

235 3251 474 3321 ποιητὴν,
515 3251 804 3320 ἐπαγὴοχοι
823 3267 834 3279 ⁸
864 3252 974 3306 Καὶ
1010 3250 1131 3304 οὔτε
1160 3253 1340 3325 πατήρ
1369 3255 1515 3304 ἐστιν
1549 3247 1622 3306 ὧν
1655 3270 1812 3325 ποιη-

232 3338 323 3410 τὴς
351 3344 490 3412 (91),
535 3345 584 3395 εί
619 3342 826 3412 κυρίως
849 3345 877 3394 6
901 3344 1167 3412 γεννήσας
1201 3344 1382 3415 πατὴρ
1405 3344 1686 3397 ἀκούοιτο·
1715 3346 1814 3415 τὴν

232 3431 333 3501 γὰρ
365 3434 694 3504 πλατύτητα
736 3436 835 3504 τῆς
861 3433 953 3486 τοῦ
986 3435 1190 3505 πατρὸς
1219 3436 1589 3506 προσηγορίας
1617 3437 1673 3488 ὲν
1704 3439 1815 3499 τοῖς

233 3520 350 3591 ἑξῆς
384 3523 879 3594 ἐπεξεργασὸμεθα
911 3525 1048 3592 (92)·
1080 3525 1201 3576 οὕτε
1226 3526 1452 3596 ποιητὴς
1477 3527 1504 3577 δ
1533 3527 1736 3596 πατὴρν
1767 3528 1814 3579 εί

235 3613 385 3679 μόνος
429 3618 459 3667 6
507 3615 862 3685 χειροτέχνης
907 3615 1134 3686 ποιητὴς
1162 3609 1390 3684 λέγοιτο.
1429 3617 1563 3688 Παρ’
1591 3618 1816 3687 Ἕλλησι

231 3701 334 3774 γὰρ
367 3707 596 3774 ποιηταὶ
631 3705 728 3758 καὶ
759 3705 864 3758 τῶν
885 3706 1046 3759 ’ίδίων
1093 3706 1380 3760 καλοῦνται
1428 3707 1602 3775 λόγων
1647 3708 1696 3759 οἱ
1732 3723 1818 3758 σο-

229 3791 330 3857 φοί’
360 3794 462 3845 καὶ
485 3791 770 3860 Ποιητής,
796 3796 825 3845 6
850 3793 1171 3858 Ἀπόστολος
1191 3791 1331 3860 εἶπε,
1359 3797 1547 3864 νόμου
1568 3795 1696 3866 (95)·
1725 3795 1818 3848 καὶ

230 3881 334 3935 τῶν
380 3885 696 3954 ὲγκαρδίων
749 3885 856 3959 γὰρ
898 3885 1100 3958 ἀρετῆς
1136 3889 1168 3958 ἢ
1205 3889 1400 3952 κακίας
1435 3888 1654 3958 ποιηταὶ
1686 3886 1820 3939 καθ-

231 3971 504 4040 ίστανται,
559 3976 638 4039 ὡς
689 3971 841 4030 εἶπεν
869 3980 897 4030 6
940 3979 1112 4042 Θεός⁶
1151 3981 1392 4049 Ἕμεινα
1418 3978 1524 4032 τοῦ
1576 3977 1819 4046 ποιῆσαι
1859 3993 1866 4000 ’

229 4064 456 4130 κρίσιν,
491 4066 745 4132 ἐποίησε
780 4065 844 4119 δὲ
872 4066 1148 4137 ἀνομίαν.
1195 4086 1212 4117 ι

295 4153 390 4208 21.
420 4157 613 4208 Ἔστιν
641 4156 873 4226 ἀληθῶς,
897 4158 1164 4213 ἀκούοντα
1187 4158 1357 4211 ταῦτα
1393 4156 1692 4228 μνησθῆναι
1727 4156 1820 4210 τοῦ

226 4240 370 4296 Θείου
413 4247 600 4317 λογίου
638 4245 917 4314 λέγοντος·
965 4245 1049 4304 Οὗ
1085 4247 1194 4302 ἐὰν
1236 4244 1472 4315 στραφεῖ
1505 4247 1536 4297 ὁ
1574 4244 1821 4312 ἀσεϐὴς,

223 4333 580 4401 ἀφανίζεναι
625 4336 758 4405 (94).
797 4337 926 4389 Ἰδοὺ
990 4339 1102 4409 γὰρ
1148 4337 1408 4399 ποικίλως
1435 4380 1448 4387 -
1472 4335 1822 4406 στρεφόμενοι

227 4424 350 4476 καο’
382 4428 626 4496 ἑκάστην
675 4428 725 4478 oi
756 4426 1034 4494 δυσσεϐεῖς
1073 4429 1446 4497 ἀφανίζονται,
1501 4428 1573 4497 μὴ
1613 4425 1824 4497 ἔχοντες

1907 620 2121 688 quidem
2168 618 2436 674 facessere
2464 619 2655 690 jussis,
2695 622 3013 678 benevolum
3043 627 3280 680 animum
3316 628 3384 682 ab
3415 629 3480 682 iis

1908 709 2165 778 postulat,
2229 709 2296 762 ad
2343 725 2573 778 quorum
2618 725 2778 766 aures
2831 712 2946 766 hate
2991 715 3370 782 pervenerint;
3420 723 3482 770 ut

1909 801 2278 854 animadversa
2331 802 2523 854 harum
2573 803 2931 870 qumstionum
2980 803 3312 873 difﬁcultate,
3370 808 3481 864 imo

1911 888 2089 957 potius
2125 889 2795 959 incomprehensibilitate,
2835 909 2939 948 non
2975 896 3167 960 verba,
3199 898 3291 951 sed
3342 897 3479 952 scri-

1910 982 2081 1052 ptoris
2137 983 2374 1037 animum
2421 983 2748 1052 judicarent,
2800 1000 2922 1039 cum
2978 986 3319 1054 potissimum
3371 988 3478 1042 alia

1911 1072 2264 1142 complurima
2300 1089 2479 1128 veram
2506 1075 2620 1142 ejus
2649 1084 2879 1130 mentem
2913 1077 3177 1144 aperiant.
3200 1077 3289 1129 Ait
3319 1079 3482 1148 igitur

1912 1165 2027 1234 ipse
2060 1185 2073 1219 :
2112 1182 2131 1216 ι
2173 1165 2440 1234 Ejusmodi
2476 1167 2723 1235 exempla
2772 1175 2829 1219 ut
2866 1169 3043 1222 minus
3091 1169 3242 1222 utilia
3279 1171 3479 1224 cursim

1911 1257 2137 1326 protuli,
2170 1256 2424 1310 nimirum
2462 1257 2526 1311 de
2551 1257 2726 1326 planta
2760 1267 2814 1312 et
2839 1258 3073 1327 agricola
3103 1277 3118 1313 :
3153 1270 3359 1314 natura:
3389 1275 3482 1315 ac-

1911 1349 2334 1405 commodatiora
2375 1348 2541 1403 fusius
2583 1350 2929 1416 pertractari,
2966 1364 3030 1403 ac
3068 1352 3277 1405 veriora
3319 1352 3486 1420 pluri-

1911 1438 2012 1494 bus
2067 1439 2312 1508 exposui.
2348 1457 2366 1489 ι
2426 1436 2542 1491 Jam
2591 1439 2680 1507 qui
2731 1440 2847 1493 haec
2906 1439 3161 1507 loquitur,
3213 1443 3479 1508 ostendit,

1913 1530 2096 1585 verius
2123 1531 2225 1584 dici
2259 1529 2454 1583 Filium
2496 1539 2752 1584 aeternum
2786 1538 2839 1583 et
2868 1544 2936 1583 ex
2963 1531 3119 1584 Patre
3145 1547 3285 1597 esse,
3317 1548 3480 1601 quam

1912 1635 2030 1676 esse
2062 1620 2261 1674 factum
2289 1640 2302 1674 :
2343 1636 2463 1674 nam
2498 1623 2600 1676 hoc
2627 1621 2841 1690 quidem
2867 1621 3152 1686 vocabulo,
3185 1625 3328 1690 quod
3364 1639 3487 1678 cor-

1911 1725 2132 1780 poreum
2155 1719 2240 1765 est
2273 1711 2323 1764 in
2354 1711 2578 1765 Domino
2608 1711 2914 1771 indicatur;
2946 1711 3050 1765 illis
3081 1728 3230 1775 vero,
3262 1714 3484 1769 aaterni-

1915 1811 2000 1855 tas
2043 1802 2336 1855 divinitatis
2368 1802 2504 1869 ejus.
2551 1801 2654 1856 Eos
2698 1802 2863 1871 igitur
2905 1803 2995 1870 qui
3044 1817 3103 1856 se
3133 1805 3483 1871 accusabant,

1910 1902 1967 1945 ut
2001 1893 2091 1962 qui
2120 1903 2339 1960 negaret
2367 1891 2565 1946 Filium
2596 1908 2719 1946 esse
2751 1892 2893 1946 Patri
2936 1894 3479 1960 consubstantialem,

1909 1984 1991 2037 bis
2020 1983 2354 2052 argumentis
2381 1998 2410 2035 a
2443 1997 2501 2036 se
2535 1983 2840 2037 confutatos
2887 1985 3150 2048 declarat,
3194 1987 3337 2040 haud
3375 1987 3479 2041 levi

1910 2072 2087 2134 unedo,
2139 2069 2230 2123 sed
2267 2071 2684 2138 sapientissime,
2734 2080 2789 2125 et
2834 2087 2955 2126 cum
2990 2089 3113 2126 vera
3145 2075 3486 2129 demonstra-

1911 2161 2077 2224 tione,
2108 2160 2232 2212 dum
2263 2160 2380 2214 haec
2413 2161 2490 2212 ait
2517 2179 2529 2214 :
2569 2179 2588 2212 ι
2623 2162 2736 2216 Etsi
2766 2164 2901 2216 hanc
2929 2179 3113 2218 vocem
3151 2166 3203 2218 in
3237 2165 3486 2234 Scriptu-

1911 2252 1983 2304 ris
2019 2266 2122 2304 non
2169 2251 2380 2316 inveni,
2414 2262 2651 2306 attamen
2702 2256 3012 2309 earumdem
3065 2256 3474 2325 Seripturarum

1911 2347 2138 2392 mentem
2190 2340 2471 2409 colligens,
2522 2341 2735 2408 agnovi,
2792 2343 2986 2411 ipsum,
3046 2359 3166 2397 cum
3218 2344 3388 2399 Filius
3427 2355 3484 2400 et

1911 2429 2145 2485 Verbum
2177 2431 2272 2497 sit,
2302 2448 2407 2485 non
2437 2446 2600 2510 posse,
2626 2432 2856 2504 axPatris
2877 2435 3176 2489 substantia
3205 2451 3325 2490 esse
3356 2437 3487 2492 alie-

1911 2537 2059 2578 num.
2094 2539 2113 2573 ι
2143 2520 2296 2588 Quod
2329 2533 2507 2577 autem
2540 2523 2733 2578 Filium
2777 2540 2884 2579 non
2928 2529 3159 2581 senserit
3197 2543 3318 2582 esse
3368 2543 3482 2582 rem

1909 2623 2148 2667 creatam
2177 2623 2274 2666 aut
2299 2612 2530 2678 factam,
2557 2624 2615 2669 ut
2638 2615 2709 2668 illi
2737 2616 3137 2686 pervulgarant,
3171 2618 3225 2672 in
3251 2620 3487 2673 secundo

1910 2703 2044 2758 libro
2068 2713 2295 2758 testatur
2316 2706 2400 2760 his
2415 2706 2624 2760 verbis:
2650 2724 2668 2756 ι
2694 2705 2747 2760 Si
2771 2707 2892 2775 quis
2911 2717 3090 2762 autem
3109 2724 3176 2762 ex
3195 2709 3492 2780 sycophan-

1912 2795 2001 2856 tis.
2023 2809 2088 2850 eo
2117 2795 2259 2863 quod
2295 2796 2483 2860 Deum,
2511 2797 2751 2850 omnium
2775 2797 2887 2851 dixi
2917 2799 3175 2853 factorem
3200 2809 3253 2853 et
3274 2809 3489 2854 creato-

1910 2899 2046 2949 rem,
2078 2886 2352 2938 existimat
2397 2900 2482 2938 me
2511 2885 2673 2939 etiam
2699 2885 2899 2940 Christi
2928 2897 3226 2942 creatorem
3261 2889 3482 2955 dixisse,

1910 2975 2154 3029 advertat
2185 2992 2268 3028 me
2296 2976 2446 3043 prius
2477 2975 2688 3028 Patrem
2718 2976 2892 3044 ipsum
2936 2977 3255 3046 appellasse,
3289 2978 3486 3047 in'quo

1911 3067 2172 3122 vocabulo
2198 3066 2366 3120 Filius
2409 3066 2680 3134 ascriptus
2720 3073 2822 3119 est.
2877 3065 3163 3134 Postquam
3196 3068 3339 3120 enim
3377 3068 3488 3122 dixi

1917 3157 2126 3212 Patrem
2178 3158 2434 3212 factorem
2482 3171 2622 3218 esse,
2665 3155 2875 3210 subdidi
2917 3174 2931 3210 :
2972 3155 3157 3224 Neque
3187 3157 3348 3210 Patre
3395 3174 3489 3213 eo-

1917 3265 2034 3302 rum
2066 3257 2146 3303 est
2181 3263 2410 3317 quorum
2439 3249 2610 3301 factor
2644 3255 2747 3307 est.
2777 3248 2820 3300 si
2855 3249 3070 3316 proprie
3105 3246 3264 3300 Pater
3291 3249 3490 3302 intelli-

1915 3350 2071 3410 gatur
2100 3353 2220 3392 esse
2263 3339 2309 3392 is
2351 3339 2443 3406 qui
2495 3339 2680 3408 genuit
2732 3338 3110 3407 (latitudinem
3147 3339 3288 3392 enim
3323 3353 3486 3394 voca—

1915 3428 2022 3482 buli
2055 3427 2426 3496 bujus,Pater,
2446 3428 2497 3483 in
2515 3427 2864 3497 sequentibus
2891 3427 3283 3497 inquiremus):
3315 3443 3490 3497 neque

1918 3520 2087 3574 factor
2110 3520 2267 3573 Pater
2296 3528 2398 3583 est,
2429 3519 2471 3572 si
2496 3519 2643 3572 solus
2665 3519 2844 3588 Opifex
2875 3518 3046 3573 factor
3068 3519 3281 3572 dicatur
3307 3537 3320 3573 :
3345 3520 3487 3590 apud

1916 3608 2132 3663 Grtei-os
2146 3610 2288 3662 enim
2315 3609 2348 3662 ii
2379 3608 2468 3676 qui
2498 3607 2768 3676 sapientes
2795 3617 2941 3674 sunt,
2970 3623 3190 3662 suorum
3223 3609 3485 3663 librorum

1917 3698 2149 3753 factores
2179 3709 2465 3752 vocantur:
2491 3698 2888 3768 Apostolusque
2913 3700 3009 3764 ait,
3036 3697 3084 3750 Γ
3087 3708 3236 3752 actor
3258 3700 3386 3769 legis
3399 3701 3446 3732 “
3470 3716 3486 3759 :

1885 3793 2041 3843 'nain
2089 3806 2265 3844 rerum
2319 3791 2481 3844 etiam
2532 3791 2973 3856 intrinsecarum,
3022 3791 3317 3860 cujnsmodi
3361 3801 3491 3846 sunt

1918 3881 2090 3936 virtus
2133 3891 2188 3936 et
2235 3881 2448 3944 vitium,
2491 3881 2725 3935 factores
2767 3891 2892 3935 sunt
2938 3882 3304 3943 boinines,'ut
3353 3880 3492 3938 dixit

1920 3972 2106 4026 Deus:
2149 3971 2460 4039 Exspectavi
2498 3983 2550 4024 ut
2594 3972 2790 4043 faceret
2829 3971 3106 4039 iudicium,
3150 3971 3272 4042 fecit
3315 3979 3488 4026 autent

1919 4061 2252 4130 iniquitatem
2286 4061 2354 4116 σί.
2390 4078 2407 4110 ι

1988 4151 2077 4204 21.
2121 4151 2220 4216 Qui
2278 4151 2392 4205 haec
2445 4150 2613 4214 audit,
2671 4150 2838 4205 divini
2891 4165 3024 4204 sane
3074 4149 3278 4205 oraculi
3328 4149 3491 4221 203

1923 4241 2248 4308 meminerit,
2280 4243 2508 4297 dicentis
2544 4261 2559 4296 :
2610 4243 2931 4310 Quocunque
2968 4259 3022 4296 se
3066 4251 3226 4295 vertat
3275 4243 3489 4309 impius,

1921 4335 2179 4386 evanescit
2196 4334 2260 4386 ".
2288 4335 2499 4387 Etenim
2524 4349 2683 4404 quam
2706 4349 2765 4388 se
2787 4348 2996 4402 cunque.
3019 4334 3069 4386 in
3090 4341 3296 4401 partem
3321 4330 3493 4399 quoti-

1922 4421 2010 4476 die
2061 4429 2378 4475 convertant
2428 4423 2576 4488 impii
2629 4421 2730 4485 illi,
2784 4429 3134 4483 evanescunt,
3180 4432 3246 4471 ne
3291 4417 3344 4470 in
3389 4418 3492 4471 hoc

226 4515 366 4585 μηδὲ
424 4519 506 4580 είς
554 4516 718 4570 τοῦτο
761 4519 1030 4588 πρόφασιν
1077 4521 1206 4590 περὶ
1238 4519 1532 4573 Διονυσίου.
1572 4518 1814 4588 Φανερῶς

1927 4514 2142 4583 quidem
2193 4514 2355 4567 ullam
2401 4513 2664 4566 rationem
2714 4510 3057 4564 inrei'Iientes
3111 4507 3346 4576 Dionysii
3387 4507 3490 4560 sibi

227 4603 330 4672 μὲν
381 4606 492 4676 γὰρ
547 4606 811 4670 διδάσκει,
888 4607 962 4678 μὴ
1018 4605 1158 4662 εἶναι
1207 4609 1451 4678 ποίημα,
1521 4603 1653 4675 μηδὲ
1707 4604 1824 4656 κτί-

299 4828 351 4859 “
396 4827 555 4884 Rom.
590 4842 652 4893 ιι,
685 4828 767 4881 l5.
845 4827 881 4857 "
927 4825 1030 4884 lsa.
1067 4841 1118 4892 v,
1151 4827 1204 4880 7.
1281 4829 1324 4860 ⁸³
1357 4827 1516 4882 Prov.
1550 4841 1626 4880 xit
1681 4823 1734 4878 7.

301 5049 426 5119 (87)
449 5048 678 5120 Taurin.
697 5049 850 5120 Colb.
879 5047 1016 5113 Jes.,
1041 5048 1267 5120 ἐλήφθη.
1288 5048 1408 5102 Mox
1434 5047 1565 5117 Reg.
1588 5046 1810 5112 Taurin.

222 5117 378 5182 les...
405 5117 591 5190 μακρά
613 5136 628 5150 ⁸
662 5119 792 5190 editi
824 5134 974 5190 vero,
1004 5117 1236 5190 μακρᾴν.

305 5185 430 5257 (88)
465 5185 647 5254 Colb.,
679 5188 773 5240 τοῦ
797 5185 1267 5258 φράζοντοςζΜοχ
1291 5189 1429 5242 idem
1461 5202 1581 5241 cum
1601 5185 1828 5239 Taurin.

227 5267 288 5310 et
310 5260 459 5330 des,
487 5259 728 5330 μάλιστα
748 5259 898 5312 ὅταν.

311 5322 637 5401 (89)(ξο1ῠτ,
661 5327 1244 5401 προφυεστέροις.Μοχ
1270 5327 1492 5382 Taurin.
1517 5322 1824 5389 Colb.Jes.,

229 5397 436 5469 ττλεζον
461 5399 708 5469 ἐξῆλθον.

343 5467 440 5534 90)
474 5467 703 5520 'l'aurin.
739 5467 890 5538 coll).
925 5468 1058 5532 Jes.,
1090 5467 1528 5538 προγέγραπται.

343 5472 440 5534 90)
474 5472 703 5520 'l'aurin.
739 5472 890 5521 Coll).
925 5472 1058 5532 Jes.,
1090 5472 1528 5538 προγέγραπται.

316 5472 440 5606 Et“)
468 5540 559 5606 Sic
613 5539 744 5604 Reg.
778 5537 1002 5591 Taurin.
1044 5538 1178 5603 Jes.,
1207 5550 1348 5591 ettta
1389 5536 1518 5606 legit
1565 5533 1826 5606 Nannius.

234 5603 431 5668 Etliti,
454 5605 528 5660 ὢν
550 5603 805 5676 ποιητής,
840 5608 992 5676 longe
1015 5609 1222 5661 diverso
1251 5603 1579 5660 sensu.iMox
1614 5606 1664 5656 in
1690 5603 1832 5657 Tau-

234 5677 547 5748 rinatlolb.
579 5677 717 5742 Jes.,
753 5678 936 5748 πατήρ
958 5679 1328 5748 desideratur.

1840 5167 1844 5172 .
1936 5115 2093 5185 μόνος

1931 4604 2251 4658 conciliandi
2283 4619 2297 4658 :
2343 4603 2540 4672 quippe
2577 4603 2670 4672 qui
2701 4612 2885 4670 aperte
2915 4600 3122 4661 doceat,
3161 4598 3355 4654 Filium
3395 4611 3495 4650 nec

1920 5038 1982 5097 οὗ
2016 5041 2206 5114 Πατὴρ
2232 5038 2303 5166 ἶγν
2336 5042 2513 5111 μόνος.
2539 5037 2790 5121 Ϊςιυτίηη
2823 5035 2946 5090 οὔτε
2977 5034 3205 5107 ποιητὴς
3223 5026 3284 5088 οὗ
3308 5033 3496 5106 Πατὴρ

1936 5115 2093 5166 μόνος
2111 5108 2199 5166 ἦν.
2283 5126 2365 5166 e2.
2395 5121 2451 5164 ut
2477 5111 2628 5164 editi.

2005 5130 2093 5177 νος
2111 5111 2199 5182 ἦν’.
2232 5111 2365 5180 Reg.
2395 5121 2451 5164 ut
2477 5111 2628 5164 editi.
3431 5170 3457 5183 _

2003 5183 2114 5255 (93)
2143 5186 2195 5236 In
2231 5182 2451 5255 Taurin.
2480 5179 2629 5235 Colb.
2665 5177 2774 5234 Jes.
2809 5175 3213 5255 illutl,_rr0tnrqi‘t
3248 5172 3340 5226 καὶ
3388 5187 3499 5250 των

1933 5245 2106 5319 ἰδίων,
2126 5267 2294 5322 usque
2316 5251 2382 5305 ad
2404 5265 2636 5319 sequens
2658 5249 2881 5320 ποιηταὶ
2919 5246 3020 5316 τῆς
3054 5245 3269 5304 κακίας,
3297 5245 3497 5293 omissa

1927 5334 2408 5465 ὲυῗέοιλᾼιίιῑιτιιιιις
2439 5390 2589 5465 deest
2623 5389 2676 5441 in
2706 5384 2934 5465 Taurin.
2974 5380 3126 5435 Colb.
3149 5374 3494 5465 Jes.‘lli!id£m

1927 5445 2062 5533 lim‘c,
2095 5445 2235 5533 ’Ἰδοὺ
2270 5461 2380 5532 γὰρ
2422 5458 2676 5533 ποικίλως
2704 5455 3058 5533 στρεφᾴμενοι

1928 5535 1976 5584 0i
2008 5516 2294 5593 δυσσεϐεῖς
2322 5516 2696 5598 ὀίφανίζονται,
2729 5516 2784 5598 iri
2825 5516 2980 5598 editis
3028 5516 3496 5598 desiderabantur,

1929 5580 2455 5655 ubisimili—tudinem
2502 5580 2696 5648 vocuni
2731 5588 3077 5666 Δἀφανίζει-ται
3111 5593 3168 5666 et
3215 5580 3502 5666 εφανίςον-

1928 5652 2268 5730 annos”
2297 5687 2310 5721 :
2347 5672 2434 5720 sed
2463 5667 2709 5722 leguntur
2731 5662 2781 5712 in
2803 5652 2943 5730 Reg.
2963 5653 3368 5730 'I‘auriri.“Colb.
3387 5652 3497 5730 Jes.

324 5744 446 5814 (92)
481 5718 717 5800 Taurin.’
747 5718 1078 5811 Colbfrles”
1110 5743 1550 5815 ὲπεργασὸμεοα.
1587 5741 1719 5809 Reg.
1774 5757 1808 5815 _e

1931 5718 2444 5815 eti—lirvjivflbidem
2479 5718 2698 5815 Taurin.
2743 5718 3055 5787 Colb'Jes.,
3097 5721 3319 5793 μηδέἰς
3341 5718 3502 5776 τοῦτο

233 5810 941 5886 εᾶιιὶ,’ὲπεξεργασὸμεθα.
978 5816 1094 5870 Mox
1123 5810 1272 5870 Colb.
1301 5810 1432 5880 les},
1455 5813 1575 5866 οὗτε
1607 5810 1832 5880 ποιητὴς

1933 5809 2202 5879 πρόφασιν
2226 5805 2374 5875 παρὰ
2403 5799 2692 5854 Διονυσίου.
