3954 6528
501 341 597 397 511

1070 335 1128 394 S.
1169 333 1542 391 ATIIANASII
1576 331 1728 390 OPP.
1770 329 1950 386 PARS
1990 331 2032 382 ι.
2073 356 2144 366 -
2184 325 2552 382 lllSTORlCA
2589 325 2679 380 ET
2716 326 3140 381 DOGMATICA.

3640 330 3736 386 5l2

501 457 700 513 factam
727 469 825 511 nec
845 460 1082 510 creatam
1115 469 1227 508 rem
1254 468 1410 518 esse;
1447 451 1622 522 carpit
1646 458 1825 504 autem
1853 445 2062 517 apposi-

2175 459 2283 513 σμα
2323 442 2434 512 (95)
2469 442 2561 495 τὸν
2591 441 2743 494 Υἰόν·
2781 444 3018 496 αἰτιᾶται
3071 440 3127 493 δὲ
3155 442 3245 495 καὶ
3279 441 3569 515 θεραπεύει
3623 443 3740 506 τοὺς

503 561 660 624 teque
685 548 878 604 refellit
898 561 994 601 eos
1016 547 1108 617 qui
1135 561 1193 601 se
1214 545 1706 607 calumniabantur,
1733 540 1887 612 quasi
1911 537 2072 592 dixis-

501 652 604 705 set,
619 643 876 695 factorem
888 653 1009 693 esse
1027 638 1215 704 Deum,
1237 638 1376 708 quod
1400 651 1502 690 non
1525 633 1857 689 adverterint
1873 644 1929 685 se
1947 638 2071 684 ante

501 735 721 796 dixisse,
749 731 961 786 Patrem
986 745 1104 786 esse
1127 731 1314 794 Deum,
1342 729 1394 782 in
1415 741 1521 796 quo
1544 735 1597 779 et
1619 723 1788 778 Filius
1807 721 2071 790 ascriptus

498 835 602 881 est.
636 825 728 879 His
759 833 936 878 autem
965 823 1145 877 verbis
1187 821 1444 882 declarat,
1470 817 1668 870 Filium
1718 829 1825 869 non
1853 828 1972 868 esse
2000 827 2065 867 ex

500 933 724 972 numero
755 930 934 970 rerum
954 914 1236 977 factarum,
1264 920 1316 966 et
1338 912 1500 964 Deum
1535 925 1640 962 non
1661 907 1946 966 factorem,
1976 904 2069 959 sed

498 1017 705 1079 patrem
733 1006 935 1076 proprii
965 1003 1130 1059 'Verbi
1163 1016 1302 1056 esse.
1332 999 1668 1067 Quibusdam
1696 1005 1874 1051 autem
1904 996 2070 1062 impe-

491 1089 600 1153 rite
631 1079 750 1167 (vel
787 1095 925 1149 mala
954 1092 1314 1162 conscientia)
1347 1090 1444 1159 ipsi
1483 1088 1890 1167 reponentibus,
1924 1083 2066 1166 quod

499 1161 666 1241 Deum
698 1186 922 1239 dixisset
951 1183 1152 1239 Christi
1182 1161 1463 1242 factorem,
1501 1161 1581 1233 sui
1610 1175 1873 1246 purgandi
1905 1164 2069 1228 causa

497 1279 640 1332 varia
674 1275 918 1329 adhibuit
943 1282 1263 1344 argumenta
1288 1289 1301 1324 :
1330 1285 1507 1339 neque
1539 1269 1638 1335 sic,
1664 1268 1838 1330 aiens,
1883 1280 2066 1334 repre-

495 1367 771 1424 bendenda
801 1380 922 1420 esse
946 1379 1042 1420 sua
1073 1364 1237 1418 verba
1265 1379 1278 1414 :
1314 1377 1372 1416 se
1415 1361 1560 1415 enim
1603 1353 1826 1428 factoris
1854 1354 2070 1411 nomine

493 1475 649 1513 usum
692 1456 943 1523 aﬂirmat,
983 1465 1209 1526 propter
1247 1468 1466 1508 carnem
1513 1465 1674 1520 quam
1713 1448 1946 1502 Verbum
1981 1461 2070 1500 as-

494 1556 816 1616 sumpserat,
846 1531 1029 1614 utique
1071 1543 1292 1599 factam.
1329 1561 1348 1594 ι
1399 1541 1554 1608 Quod
1597 1539 1640 1594 si
1681 1541 1804 1607 quis
1834 1536 1960 1591 illud
2003 1536 2070 1590 de

493 1641 673 1695 Verbo
698 1640 896 1693 dictant
926 1637 1091 1690 fuisse
1113 1635 1439 1704 suspicetur,
1473 1648 1537 1686 eo
1563 1633 1723 1686 etiam
1755 1630 1912 1683 modo
1941 1626 2068 1682 abs-

495 1745 601 1798 que
647 1727 1009 1783 contentionis
1041 1726 1219 1780 stndio
1262 1724 1479 1778 audisse
1517 1721 1798 1790 nportuit:
1836 1726 1893 1771 nt
1923 1716 2066 1770 cnim

499 1819 730 1874 Verbum
773 1833 884 1871 rem
934 1818 1132 1871 factam
1171 1831 1292 1870 esse
1319 1829 1426 1868 non
1453 1812 1650 1880 sentio,
1677 1823 1730 1865 et
1759 1811 1926 1864 Deum
1960 1823 2068 1862 non

488 1910 779 1984 factorem,
804 1910 896 1964 sed
934 1909 1150 1963 Patrem
1180 1908 1298 1975 ejus
1327 1906 1482 1969 dico;
1516 1905 1560 1959 si
1589 1891 1806 1972 quando
1841 1902 1908 1954 de
1933 1898 2068 1954 Filio

495 2001 765 2054 disserens
795 2000 960 2054 Deum
989 1999 1162 2052 obiter
1189 1995 1381 2052 dixero
1416 1995 1678 2048 factorem
1711 1991 1848 2062 ejus,
1898 1989 2063 2044 etiam

496 2099 623 2146 tunc
668 2105 754 2144 res
787 2088 1103 2143 defensione
1141 2103 1246 2141 non
1289 2085 1529 2141 caruerit
1571 2101 1587 2139 :
1636 2068 1760 2148 nam
1800 2083 2070 2152 sapientes

492 2181 666 2237 Graeci
705 2194 766 2234 se
791 2193 1010 2233 suorum
1043 2179 1304 2232 librorum
1352 2177 1590 2231 factores
1639 2175 1933 2245 appellant,
1987 2184 2070 2227 tae

492 2273 649 2328 metsi
688 2271 848 2326 iidem
890 2271 1236 2340 propriorum
1265 2269 1526 2323 librorum
1561 2275 1744 2336 patres
1779 2276 1904 2320 sunt
1936 2284 1950 2320 :
1985 2266 2067 2319 di-

491 2365 614 2420 vina
660 2374 840 2419 autem
882 2363 1163 2431 Scriptura
1205 2375 1304 2414 nos
1335 2360 1514 2414 cordis
1550 2368 1792 2412 motuum
1837 2355 2070 2412 factores

493 2462 786 2521 nuncupat,
821 2467 946 2507 cum
989 2465 1086 2505 nos
1120 2450 1274 2513 dicit,
1304 2448 1537 2502 factores
1565 2447 1698 2517 legis
1727 2445 1987 2515 etjudicii
2015 2455 2068 2500 et

487 2545 733 2616 iustitia.
767 2561 787 2596 ι
825 2543 1012 2613 Itaque
1040 2554 1366 2612 quacunque
1387 2553 1451 2592 ex
1479 2548 1630 2608 parte
1651 2553 1750 2612 res
1773 2547 2065 2614 spectetur,

493 2635 660 2703 probe
687 2610 1082 2688 commonstrat
1111 2631 1306 2686 Filium
1342 2643 1441 2684 nec
1473 2610 1710 2682 creatam
1746 2641 1844 2682 nec
1872 2610 2066 2680 factam

494 2736 608 2777 rem
642 2736 784 2788 esse,
815 2735 981 2791 seque
1032 2735 1062 2792 a
1108 2733 1270 2791 prava
1299 2718 1622 2772 Arianorum
1654 2715 1901 2786 doctrina
1941 2713 2069 2769 alie-

493 2829 646 2868 num.

561 2905 652 2960 22.
687 2904 910 2968 Verum,
949 2916 1016 2957 ne
1053 2902 1176 2972 quis
1204 2901 1530 2954 Arianorum
1585 2914 1707 2954 eum
1763 2898 2068 2966 suspicetur

491 2997 717 3060 dixisse,
773 2992 973 3048 Filium
1007 2993 1080 3047 ita
1140 2991 1290 3046 Patri
1343 2990 1697 3054 coexsistere,
1745 2999 1806 3043 ut
1834 2989 2063 3054 nomina

489 3091 706 3161 quidem
738 3089 842 3143 sibi
873 3087 1108 3141 invicem
1138 3084 1468 3145 cohaereant,
1507 3095 1591 3134 res
1635 3088 1815 3134 autem
1851 3096 1879 3132 a
1911 3094 1968 3133 se
1990 3079 2066 3132 in-
2093 3116 2137 3177 Ο

487 3183 662 3236 vicem
703 3180 996 3248 plurimum
1034 3177 1262 3242 distent,
1299 3182 1376 3238 et,
1404 3187 1579 3242 neque
1605 3171 1802 3226 Filium
1853 3185 2063 3240 semper

486 3271 634 3326 Patri
671 3269 1016 3325 coexstitisse
1047 3287 1060 3321 :
1087 3282 1150 3322 ex
1188 3279 1294 3334 quo
1321 3273 1500 3319 autem
1529 3261 1699 3318 Filius
1729 3277 1847 3317 esse
1876 3263 2060 3330 Cthil,

487 3376 555 3417 ex
614 3375 680 3414 eo
734 3359 904 3414 Deum
951 3357 1158 3423 dictum
1196 3355 1366 3409 fuisse
1389 3353 1628 3416 Patrem,
1675 3361 1730 3405 et
1760 3351 1957 3405 dehinc
1988 3351 2061 3404 illi

487 3451 842 3515 coexsistere,
895 3456 953 3502 ut
996 3448 1066 3501 lit
1098 3447 1239 3515 apud
1279 3445 1550 3500 homines.
1607 3443 1714 3497 Sed
1758 3442 2064 3496 meminerit

486 3556 674 3597 eorum
705 3556 824 3610 quae
849 3555 1011 3610 supra
1035 3539 1173 3593 dicta
1205 3547 1352 3602 sunt,
1384 3545 1605 3605 tumque
1624 3533 1864 3604 Dionysii
1899 3534 2060 3588 fidem

487 3641 691 3688 rectam
727 3641 1000 3702 agnoscet.
1033 3629 1165 3684 Nam
1188 3644 1310 3692 cum
1339 3628 1483 3700 dicat
1520 3646 1534 3682 :
1572 3646 1591 3678 ι
1623 3626 1738 3682 Non
1769 3627 1913 3680 enim
1947 3633 2063 3680 erat

486 3737 608 3776 cum
633 3721 772 3776 Deus
801 3737 905 3776 non
935 3731 1076 3776 esset
1100 3730 1281 3790 pater;
1302 3728 1391 3772 iet
1418 3720 1643 3774 iterum:
1667 3737 1686 3770 ι
1709 3717 1852 3774 Deus
1879 3727 2061 3773 autem

486 3825 686 3867 aeterna
723 3813 812 3866 lux
855 3821 960 3873 est.
1001 3827 1120 3881 qua:
1156 3826 1432 3880 nunquam
1489 3811 1731 3879 incepit,
1783 3824 2058 3879 nunquam

486 3904 738 3959 desinet:
796 3915 1030 3960 aeternus
1078 3917 1208 3972 ergo
1239 3902 1495 3970 splendor
1555 3901 1658 3970 ipsi
1693 3900 1955 3969 prwlucet
2005 3910 2061 3955 et

485 3994 788 4060 coexsistit,
822 3993 914 4063 qui
942 3994 1150 4062 absque
1175 3993 1330 4046 initio
1358 4000 1464 4056 cst,
1495 4000 1550 4045 et
1590 3992 1658 4044 ab
1683 4001 1888 4044 aztcrno
1908 3992 2060 4062 geni-

488 4095 575 4158 ttts
612 4095 740 4140 ante
771 4100 895 4139 eum
926 4085 1130 4139 emicat
1161 4103 1175 4138 :
1206 4103 1226 4140 ι
1259 4099 1361 4154 par
1391 4097 1520 4146 sane
1548 4081 1651 4136 fuit
1679 4082 1950 4149 neminem
1985 4092 2061 4138 ta-

486 4179 555 4234 lia
573 4182 639 4234 de
669 4179 758 4233 illo
775 4179 1063 4248 suspicari.
1091 4176 1348 4245 Exempla
1367 4189 1580 4246 quoque
1600 4174 1764 4232 fontis
1782 4190 1859 4230 ac
1887 4175 2055 4234 ﬂuvii.

487 4272 688 4326 radicis
717 4280 770 4326 et
803 4271 1089 4344 germinis,
1119 4269 1345 4338 spiritus
1377 4262 1434 4322 ei
1465 4269 1706 4344 vaporis,
1730 4267 1934 4324 Christi
1961 4269 2059 4322 bo-

484 4374 594 4419 stcs
628 4365 718 4433 qui
751 4365 1025 4426 contraria
1059 4365 1126 4419 de
1155 4363 1244 4418 illo
1265 4361 1652 4426 disseminant,
1701 4361 1910 4432 pudore
1939 4361 2055 4414 suf-

481 4455 726 4514 fundunt.

2173 533 2552 597 διαϐάλλοντας
2577 533 2758 596 αὑτὸν,
2793 534 2868 596 ὼς
2919 533 3140 586 εἰπόντα
3186 536 3416 605 ποιητὴν
3465 535 3556 588 τὸν
3597 535 3736 600 Θεὸν,

2171 627 2252 680 ὅτι
2293 626 2368 697 μὴ
2396 626 2631 679 συνεῖδον
2658 625 2878 678 εἰπόντα
2907 625 3069 678 αὑτὸν
3105 626 3365 697 πρότερον
3403 626 3624 697 Πατέρα
3660 625 3735 678 τὸν

2170 717 2302 770 Θεὸν
2326 716 2458 788 (96),
2484 719 2542 770 ὲν
2573 710 2617 784 ᾧ
2641 718 2733 770 καὶ
2775 719 2803 778 ὁ
2831 717 2959 780 Υίὸς
2994 718 3466 789 προσγέγραπται.
3501 719 3666 772 Τοῦτο
3689 718 3733 772 δὲ

2170 809 2374 878 λέγων,
2410 808 2648 862 δείκνυσι
2684 810 2759 880 μὴ
2793 805 2931 862 εἶναι
2981 808 3088 861 τῶν
3130 810 3451 879 ποιημάτων
3482 809 3572 861 τὸν
3601 808 3729 875 Υἱὸν,

2174 903 2305 973 μηδὲ
2336 902 2586 971 ποιητὴν,
2615 901 2750 955 ἀλλά
2775 901 2992 971 Πατέρα
3020 899 3110 952 τοῦ
3138 900 3266 952 ἰδίου
3296 901 3473 967 Λόγου
3505 901 3593 952 τὸν
3619 901 3729 953 Θεὸι

2170 991 2328 1048 εἶναι.
2361 995 2470 1047 Καὶ
2497 993 2683 1064 ἐπειδὴ
2710 993 3068 1063 ἀσυνειδήτως
3093 993 3236 1056 τινὲς
3267 994 3550 1062 ἐπήγαγον
3585 992 3739 1062 αὐτῷ,

2169 1088 2250 1140 ὃτι
2283 1085 2510 1156 ποιητὴν
2560 1081 2680 1138 εἷπε
2707 1086 2798 1138 τὸν
2843 1084 2976 1137 Θεὸν
3013 1084 3106 1137 τοῦ
3152 1083 3414 1154 Χριστοῦ,
3466 1083 3554 1136 διὰ
3600 1084 3742 1136 τοῦτο

2170 1177 2427 1240 ποικίλως
2461 1177 2912 1247 ἀπολογούμενος,
2946 1177 3078 1247 φησὶ
3125 1177 3245 1247 μηδ’
3287 1174 3462 1238 οὕτως
3503 1176 3715 1248 ὲπιλήῷι

2173 1284 2271 1340 μον
2306 1262 2442 1320 εἶναι
2479 1269 2572 1320 τὸν
2619 1268 2809 1337 λόγον·
2850 1268 3130 1338 εἰρηκέναι
3173 1267 3283 1336 γὰρ
3321 1269 3557 1338 ποιητήν
3601 1285 3740 1338 φησ.,

2163 1358 2254 1412 διὰ
2276 1357 2372 1430 τὴν
2397 1359 2594 1429 σάρκα,
2631 1359 2696 1430 ἣν
2742 1357 2969 1411 ἀνέλαϐε
3015 1359 3149 1428 (97),
3177 1358 3413 1430 γενητὴν
3445 1355 3613 1415 οὖσαν
3661 1361 3746 1414 αὖε

2169 1450 2287 1522 τὴν,
2315 1439 2343 1504 ὸ
2367 1453 2556 1522 Λόγος.
2584 1471 2601 1502 t
2624 1453 2684 1504 Εἰ
2718 1451 2774 1505 δὲ
2803 1452 2896 1504 καὶ
2925 1451 3053 1522 περὶ
3080 1450 3174 1503 τοῦ
3205 1453 3380 1520 Λόγου
3415 1470 3499 1516 τις
3530 1453 3748 1523 ὑπονοή-

2172 1559 2252 1594 σοι
2302 1543 2412 1612 (98)
2463 1542 2619 1596 τοῦτο
2669 1542 2935 1613 λελέχθαι,
2970 1543 3063 1594 κα)⁸
3084 1542 3259 1606 οὕτως
3303 1543 3542 1614 ἔπρεπεν
3564 1544 3747 1604 αὐτοὺς

2171 1633 2520 1708 ἀφιλονείκως
2553 1634 2802 1687 ἀκοῦσαισ
2834 1634 2911 1697 ὡς
2941 1634 3046 1705 γὰρ
3077 1634 3189 1702 (99)
3221 1635 3278 1686 οὐ
3326 1637 3537 1705 ποίημα
3580 1635 3748 1705 φρονῶ

2170 1728 2259 1782 τὸν
2290 1728 2490 1796 Λόγον,
2543 1729 2638 1781 καὶ
2669 1728 2730 1779 ού
2768 1727 2994 1798 ποιητὴν
3017 1767 3030 1792 ,
3067 1727 3206 1780 ἀλλά
3238 1727 3460 1800 Πατέρα
3499 1727 3593 1787 τὸν
3621 1728 3749 1786 ,Θεὸν

2169 1818 2331 1887 αὐτοῦ
2377 1819 2538 1887 λέγωο
2591 1819 2691 1871 κᾶν
2742 1819 2800 1885 ἐξ
2844 1819 3146 1890 ἐπιδρομῆς
3202 1819 3340 1873 εἴπω
3405 1819 3641 1888 ποιητὴν
3667 1819 3749 1874 τὸν

2169 1909 2320 1972 Θεὸν,
2379 1908 2734 1978 διηγούμενος
2782 1909 2910 1979 περὶ
2954 1909 3044 1961 τοῦ
3081 1909 3238 1974 Υἰοῦ,
3272 1909 3407 1963 ἀλλά
3449 1911 3551 1971 Δκαὶ
3591 1911 3752 1973 οὕτως

2169 2001 2610 2071 ἀπολογήσασθαι
2638 2001 2888 2054 δυνατόν’
2935 2000 3167 2071 ποιητὰς
3207 2001 3315 2072 γὰρ
3348 2002 3426 2070 (Ι)
3458 2002 3571 2054 τῶν
3618 2003 3752 2054 ἰδίων

2168 2093 2340 2162 λόγων
2384 2093 2653 2165 Ἑλλήνων
2683 2093 2782 2162 μὲν
2823 2093 2868 2144 οἰ
2915 2092 3066 2161 σοφοί
3101 2109 3257 2160 φασι,
3302 2094 3479 2146 καίτοι
3517 2094 3754 2164 πατέρας

2170 2185 2389 2246 ἑαυτοὺς
2417 2183 2576 2247 ὄντας
2605 2183 2712 2237 τῶν
2745 2183 2889 2236 ἰδίων
2921 2184 3112 2252 λόγων·
3153 2185 3262 2255 ήδὲ
3297 2185 3413 2236 θεία
3444 2185 3640 2256 Γραςρὴ
3665 2187 3754 2240 καὶ

2168 2273 2274 2326 τῶν
2327 2276 2433 2328 ἀπὸ
2485 2277 2710 2346 καρδίας
2743 2277 3055 2346 κινημάτων
3102 2276 3335 2346 ποιητὰς
3387 2278 3536 2348 ἡμᾶς
3575 2277 3756 2345 διαγο-

2169 2367 2336 2440 ρεύει,
2377 2367 2605 2437 ποιητὰς
2654 2367 2818 2438 νόμου
2855 2369 2949 2420 καὶ
2991 2368 3228 2438 κρίσεως
3277 2369 3372 2422 καὶ
3411 2369 3755 2439 δικαιοσύνης

2168 2458 2587 2525 λέγουσα.’Ὡστε
2613 2457 2950 2528 πανταχόθεν
2978 2459 3067 2510 τὸν
3099 2458 3200 2528 μὲν
3221 2459 3350 2512 Υίὸν
3380 2460 3456 2530 μὴ
3486 2456 3628 2514 εἶναι
3646 2461 3756 2513 κτί-

2170 2566 2300 2619 σμα,
2331 2549 2465 2621 μηδὲ
2493 2542 2725 2618 ποίημα,
2762 2549 2952 2602 ἑαυτὸν
2993 2549 3049 2601 δὲ
3091 2550 3372 2622 ἀλλότριον
3417 2551 3755 2624 τῆςἈρεια-

2167 2642 2263 2722 vi);
2303 2641 2378 2713 ('2)
2413 2641 2729 2718 κακοδοξίας
2763 2640 3161 2698 ἀποδείκνυσιν.

2235 2907 2325 2962 22.
2354 2908 2448 2981 Μὴ
2501 2907 2609 2981 γὰρ
2652 2907 2713 2978 δή
2763 2924 2847 2970 τις
2912 2905 3206 2976 Ἀρειανὸς.
3269 2907 3406 2976 μηδὲ
3466 2910 3526 2962 ἐν
3587 2910 3757 2965 τούτω

2168 2998 2462 3054 ὑπονοείτω
2495 3001 2614 3052 κατ’
2637 2996 2798 3052 αὑτοῦ
2850 2996 2926 3061 ὡς
2957 2997 3098 3050 οὕτω
3133 2998 3407 3067 λέγοντος,
3439 2999 3696 3054 Σύνεστιν
3728 3003 3756 3054 ὁ

2169 3088 2298 3152 Υίὸς
2311 3089 2390 3162 τῷ
2411 3091 2603 3163 Πατρὶ,
2637 3089 2712 3151 ὡς
2737 3090 2804 3141 τὰ
2829 3090 2927 3159 μὲν
2965 3089 3206 3158 ὀνόματα
3273 3091 3548 3161 συνῆφθαι
3600 3091 3758 3163 ἀλλή-

2171 3181 2304 3244 λοις,
2331 3181 2402 3234 τὰ
2422 3182 2479 3234 δὲ
2528 3180 2828 3252 πράγματα
2868 3179 3117 3233 πλεῖστον
3153 3180 3399 3251 ἀλλήλων
3444 3182 3752 3237 διεστάναι’

2169 3275 2264 3326 κα)⁶
2303 3272 2376 3344 μὴ
2410 3274 2496 3326 ἀεὶ
2529 3273 2625 3343 μὲν
2659 3273 2894 3324 συνεῖναι
2927 3271 3015 3324 τὸν
3051 3271 3180 3324 Υίὸν
3203 3270 3280 3340 τῷ
3317 3273 3492 3344 Πατρί
3518 3289 3531 3301 ·
3575 3274 3668 3342 ἀρ’
3699 3265 3757 3329 οὗ

2168 3366 2225 3420 δὲ
2254 3366 2475 3434 γέγονεν
2521 3366 2549 3417 ὁ
2592 3363 2739 3426 Υἱὸς,
2775 3362 2832 3429 ἐξ
2866 3361 3072 3416 ἐκείνου
3112 3365 3205 3417 καὶ
3240 3364 3464 3435 Πατέρα
3503 3365 3596 3419 τὸν
3628 3365 3756 3420 Θεὸν

2168 3453 2422 3525 εἰρῆσθαι
2443 3470 2455 3484 ο
2481 3453 2580 3510 ,καὶ
2610 3452 2793 3506 λοιπὸν
2840 3451 2990 3522 αὐτῷ
3024 3456 3282 3519 συνεῖναι,
3317 3453 3511 3526 ὥσπερ
3543 3456 3638 3509 καὶ
3668 3457 3756 3508 ἐπ’

2168 3545 2470 3617 ἀνθρώπων
2495 3545 2651 3599 τοῦτο
2678 3545 2903 3613 γίνεται.
2947 3544 3086 3597 Ἀλλ’
3116 3545 3455 3615 ἐνθυμείσθω
3482 3549 3577 3600 καὶ
3626 3565 3758 3619 μνη-

2171 3637 2443 3709 μονευέτω
2472 3637 2584 3692 τῶ.)
2615 3635 3025 3708 προειρημένων
3049 3636 3148 3706 (5),
3201 3638 3294 3689 καὶ
3333 3637 3527 3707 ὄψεται
3575 3641 3756 3694 Διονυο

2168 3730 2285 3783 σίου
2307 3729 2406 3800 τὴν
2437 3729 2616 3781 ariam;
2641 3728 2828 3799 ὀρθήν.
2858 3726 3046 3795 Δέγων
3075 3728 3185 3799 γάρ
3205 3747 3218 3760 ·
3258 3747 3276 3778 t
3311 3730 3384 3782 Ού
3412 3730 3526 3806 γᾲρ
3554 3725 3623 3802 ἧν
3667 3733 3754 3806 ὅτε

2166 3823 2196 3874 ὁ
2228 3793 2487 3884 Θεὸς-οὑκ
2513 3793 2813 3891 ἧνΠατέξρ
2833 3836 2888 3892 ’ἰ
2923 3793 3018 3871 καὶ
3051 3793 3210 3872 πάλιν
3232 3836 3246 3848 ·
3282 3838 3300 3870 ι
3335 3820 3393 3872 '0
3621 3793 3754 3883 Θὲὸς

2167 3913 2382 3968 αἰώνιόν
2409 3914 2524 3966 ἐστι
2544 3910 2680 3980 φῶς,
2712 3907 2836 3962 οὒτε
2876 3908 3202 3982 ἀρξάμενον,
3232 3909 3356 3962 οὔτε
3389 3910 3553 3981 λῆξόν
3587 3926 3748 3964 ποτε·

2165 4005 2360 4059 οὐκοῦν
2393 4001 2608 4058 αἰώνιον
2633 4001 2917 4074 πρόκειται
2945 3999 3044 4070 (4),
3067 4000 3160 4053 καὶ
3188 4000 3436 4056 σύνεστιν
3494 4002 3643 4072 αὐτῷ
3689 4001 3752 4055 τὸ

2164 4095 2524 4164 ἀπαύγασμα,
2577 4071 2810 4163 ἄναρχον
2875 4090 2969 4143 καί⁸
3017 4090 3278 4157 ἀειγενὲς,
3320 4071 3750 4162 προφαινόμενον

2165 4185 2366 4240 αὐτοῦ·
2408 4205 2426 4236 ι
2489 4184 2652 4254 ἐχρῆν
2710 4181 2914 4252 μηδένα
2967 4179 3030 4232 τὸ
3065 4179 3285 4232 σύνολον
3332 4181 3581 4235 ὑπονοεῖν
3630 4197 3750 4236 τινα

2163 4275 2387 4329 τοιαῦτα
2412 4275 2530 4328 κατ’
2563 4271 2746 4325 αὑτοῦ.
2785 4270 2859 4340 (5)
2886 4271 2994 4322 Καὶ
3014 4269 3082 4322 τὰ
3117 4269 3538 4342 παραδείγματα
3569 4270 3623 4324 δὲ
3649 4271 3747 4338 τῆς

2164 4367 2368 4437 πηγῆς,
2422 4363 2516 4418 καὶ
2553 4361 2647 4426 τοῦ
2703 4357 2974 4430 ποταμοῦ,
3033 4359 3272 4429 καί-τῆς
3324 4359 3507 4430 ῥίζης,
3535 4359 3628 4411 καὶ
3647 4355 3746 4409 τοῦ

553 4617 664 4686 (95)
688 4617 777 4671 Sic
794 4618 926 4688 Reg.
945 4617 1165 4672 Taurin.
1185 4615 1461 4672 Colb.Jes.
1480 4614 1620 4670 Editi
1640 4629 1767 4671 vero
1781 4615 1942 4681 male,
1961 4633 2060 4689 μη·
2092 4619 2138 4675 D
2168 4614 2375 4689 pientes
2395 4623 2634 4689 suorum
2649 4607 2907 4689 libi-ornant
2948 4612 3310 4689 patresuesﬁeg
3326 4598 3742 4689 _(_A3[e;{1ffj§_‘l_'9[':

478 4687 535 4739 δὲ
551 4689 645 4740 καὶ
674 4687 900 4757 κτίσμαζ

550 4779 660 4853 (96)
692 4780 950 4853 Ιιςιιεηὸτι
971 4781 1043 4853 μὴ
1080 4779 1311 4853 συνεῖδον
1344 4779 1566 4853 εἰπόντα
1593 4779 2054 4853 αὐτὸν-πρότερον

480 4849 699 4918 Πατέρα
713 4850 803 4902 τὸν
829 4849 982 4911 Θεόν,
1013 4849 1064 4903 ἰίι
1083 4852 1238 4904 Colb.
1258 4851 1648 4911 desiderantur,
1669 4849 1870 4903 omissa
1902 4849 2055 4914 lapsu

479 4921 844 4988 amanuensis,
864 4922 982 4972 ideo
999 4922 1227 4988 decepti,
1251 4918 1391 4987 quod
1416 4919 1717 4984 praecedens
1733 4919 1946 4988 phrasis
1963 4932 2056 4984 per

478 4987 570 5038 τὸν
595 4986 725 5038 Θεόν
761 4989 1006 5043 similiter
1032 4986 1322 5050 desineret.
1367 4988 1507 5059 Infra
1545 4988 1710 5062 idem,
1739 4987 2055 5061 ,προγέγρα-

483 5073 631 5110 πται.

549 5127 660 5198 (97)
692 5125 909 5179 Taurin.
929 5126 1085 5198 golb.
1120 5126 1254 5191 Jes.,
1287 5128 1353 5198 ἢν
1381 5126 1568 5198 ἔλαϐε,

549 5195 660 5267 (93)
690 5199 813 5269 iteg.
845 5207 897 5249 et
916 5195 1170 5269 _T:iurin.,
1201 5195 1506 5269 ὑπονοήσει.
1541 5196 1702 5269 Εδιίιί,
1733 5195 2046 5269 ύπονοήσρι.

476 5265 592 5319 tta;
624 5265 713 5318 καί
737 5275 858 5319 ante
881 5266 1053 5328 οὕτως
1071 5269 1218 5321 deest
1248 5270 1298 5320 in
1323 5265 1540 5320 Taurin.
1560 5265 1709 5320 Coll).
1739 5265 1850 5319 Jes.
1887 5265 2047 5318 etFr.

477 5337 668 5458 ἓῖήδὲιι
722 5337 774 5389 in
821 5337 952 5406 Reg.
987 5347 1044 5390 et
1071 5337 1124 5390 in
1178 5339 1336 5402 editis
1375 5337 1619 5408 habetur,
1649 5347 1716 5398 et
1753 5344 2052 5406 Opportune

639 5423 708 5458 tn.
1817 5415 1821 5420 '

474 5415 708 5474 quidem.
1817 5415 1821 5420 '

547 5495 910 5569 (99)_Taurin.
933 5495 1238 5563 Colb.Jes.,
1264 5497 1371 5561 ἕως
1403 5498 1532 5569 γάρ.
1568 5495 1732 5557 fidem
1764 5493 1924 5562 infra,
1957 5493 2054 5556 καὶ

475 5563 538 5628 ἐξ
557 5563 879 5637 ἐπιδρομῆς.

545 5652 622 5733 (l_)
651 5654 891 5733 ln_Col_b.
927 5656 1100 5733 (ξι-Ἐπ’.
1139 5657 1191 5722 1,
1227 5655 1337 5733 γάρ
1357 5654 1642 5733 omissum,
1672 5661 1727 5707 et
1768 5653 1819 5706 in
1861 5653 2050 5733 eodem

473 5721 635 5791 paulo
655 5723 793 5778 infra
815 5725 945 5779 ὄντα
983 5728 1110 5781 item
1132 5721 1416 5782 omissum.
1444 5725 1599 5790 Quod
1644 5733 1821 5778 autem
1854 5723 1930 5777 ait
1959 5738 2050 5777 sa-

2167 4667 2582 4742 rAlexandrinus,
2623 4678 2775 4731 initio
2836 4667 3190 4734 Stromatum,
3226 4668 3406 4738 ψυχῆς
3439 4667 3641 4735 ἔγγονοι
3689 4667 3742 4716 οἰ

2167 4753 2340 4820 λόγοι,
2373 4750 2566 4822 anima:
2599 4748 2751 4800 liberi
2789 4755 2910 4797 sunt
2935 4743 3076 4795 libri.

2229 4839 2556 4915 (2)1es._F_r.
2576 4839 2626 4904 1,
2653 4829 3160 4915 Ἀρριφικῇςέἰίόπ
3181 4828 3319 4899 Reg.
3346 4827 3564 4882 Taurin.
3583 4822 3740 4879 Colb.

2155 4899 2301 4979 16s.,
2322 4899 2689 4965 ἀποδείκνυσι.
2719 4899 2884 4966 Editi,
2926 4899 3281 4954 ἐπιδείκνυσι.

2228 5005 2306 5074 (5)
2337 5002 2556 5074 Taurin.
2576 4998 2725 5060 Colb.
2765 4995 2892 5074 εἶρξε.⁹
2921 4993 3012 5046 Fr.
3042 4992 3092 5054 1,
3131 4989 3372 5060 πρόσθεν
3416 4986 3738 5060 εἰρημένων.

2101 5087 2103 5089 ’
2159 5063 2300 5143 Reg:
2328 5083 2380 5126 et
2411 5071 2561 5133 editi,
2590 5063 3027 5138 προειρημένων.

2231 5165 2311 5234 (-1)
2339 5163 2474 5231 Reg.
2508 5161 2730 5214 Taurin.
2949 5152 3084 5234 les?
3114 5150 3422 5234 πρόκειται,
3463 5143 3741 5234 etmsic‘ie—

2192 5216 2388 5290 enditm
2423 5216 2495 5283 ‘itt
2542 5243 2727 5298 supra.
2755 5225 2915 5298 Editi,
2955 5216 3301 5298 πρόσκειται.
3340 5219 3468 5298 ⁵μοι
3515 5216 3734 5298 Τιιρξὶιι.

2202 5282 2451 5360 ὅῑιῖῖέτς
2483 5282 2970 5368 ιίπὸοφερόμερέρν
3002 5282 3188 5368 ’γετοῦ
3235 5290 3469 5368 seems!
3495 5282 3738 5368 ,μηίξναο

2306 5356 2713 5442 πῳφερόμένον
2733 5356 3149 5442 ἀὺτοῦ-εκκλείει
3168 5359 3393 5430 μηδένα.
3411 5356 3738 5442 Helms-lies.

2157 5427 2372 5499 ὲῐείιίιῖ
2403 5427 2863 5508 ιίιιόε’δυ‹ιιιίηιιιι·.
2900 5427 3240 5508 νὶιίεζδιιριτι
3266 5445 3413 5508 num.

2229 5513 2306 5584 (5)
2355 5498 2717 5584 Τὲτιιιιιὶιιιίιιε
2741 5499 3281 5584 αιιυενειισληααεαηι
3315 5498 3735 5584 hzecrip‘sftnitfio:

2157 5566 2268 5638 fer‘t
2286 5566 2531 5648 exempla
2558 5597 2572 5630 :
2603 5575 2714 5630 Nec
2744 5576 2939 5648 fratem,
2967 5573 3058 5648 ait,
3091 5588 3126 5622 a
3146 5570 3344 5648 radice,
3383 5583 3472 5648 nec
3488 5566 3738 5648 (inniti?

2155 5626 2704 5721 "(SitifiiEtl-"rédidi
2744 5626 2778 5699 ξι
2828 5626 2937 5697 sole
2989 5626 3341 5703 discernitur,
3384 5626 3510 5693 sicut
3548 5647 3576 5684 α
3612 5626 3734 5680 Deo

2155 5721 2361 5776 Sermo.
