3954 6548
207 444 287 505 515

1351 444 1437 499 ora
1476 439 1860 498 SENTENTIA
1893 400 2246 493 DlONYSll.‘

3276 432 3379 486 5M

206 536 426 612 βλαστοῦ,
458 538 669 592 καὶτοῦ
693 538 1013 609 πνεύματος,
1043 540 1135 593 καὶ
1172 540 1274 611 τῆς
1318 539 1536 611 ἀτμίδος
1562 535 1905 605 καταισχύνει
1971 534 2093 596 τοὺς
2156 529 2560 601 Χριστομάχους
2610 528 2863 581 τάναντία
2934 527 3279 598 θρυλλοῦντας
3309 528 3384 596 (6)

205 636 294 687 κατ’
316 631 503 687 αὐτοῦ.

257 725 330 780 i5.
376 725 591 797 Ἐπειδὴ
651 725 708 777 δὲ
766 725 899 795 πρὸς
950 728 1082 780 πᾶσι
1127 729 1237 789 τοῖς
1270 725 1458 779 ἑαυτοῦ
1488 727 1676 788 κακοῖς
1707 726 1735 776 6

1904 736 1995 789 25.
2027 734 2160 789 Cum
2202 740 2379 785 autem
2414 729 2575 785 Arius
2615 727 2680 783 ad
2710 738 2900 782 caetera
2945 742 3039 781 sua
3086 725 3222 779 mala
3248 725 3388 778 hanc

207 820 392 888 ΙἌρειος
421 820 515 872 καὶ
562 818 719 871 τοῦτο
776 819 1194 890 συμπεφόρηκεν
1242 819 1416 889 ἑαυτῷ
1448 818 1730 889 ῥημάτιον,

202 910 258 972 ὡς
283 912 340 962 ἐκ
362 910 612 980 κοπρὶας,
645 912 739 964 καὶ
767 910 1135 982 προστίθησιν,
1158 911 1232 974 ὡς
1269 912 1377 983 ἄρα
1425 931 1442 963 ι
1490 913 1518 963 6
1567 910 1736 979 Λόγος

203 1001 280 1054 οὐκ
300 1001 441 1053 ἐστιν
472 1000 601 1064 ἴδιος
620 1002 712 1055 τοῦ
733 1003 962 1073 Πατρὸς.
993 1002 1107 1055 ἀλλ’
1136 1003 1291 1066 ἄλλος
1327 1004 1424 1072 μὲν
1454 1001 1596 1055 ἔστιν
1619 1004 1647 1053 ὁ
1679 1003 1735 1053 ὲν

203 1090 264 1162 τῷ
298 1092 413 1163 Θεῷ
466 1093 667 1161 Λόγος·
713 1088 863 1157 οὗτος
913 1094 969 1147 δὲ
1025 1095 1053 1146 6
1096 1094 1295 1165 Κύριος
1329 1095 1475 1161 ξένος
1510 1095 1604 1164 μὲν
1644 1094 1737 1146 xai.

204 1181 451 1253 ἀλλότριός
515 1184 631 1234 ἐστι
664 1182 739 1253 (7)
804 1184 901 1253 τῆς
954 1184 1047 1237 τοῦ
1090 1185 1299 1255 Πατρὸς
1350 1184 1563 1247 οὐσίας’
1617 1183 1736 1236 κατ’

202 1271 416 1324 ἐπίνοιαν
451 1270 509 1324 δὲ
541 1271 698 1339 μόνον
723 1271 937 1339 λέγεται
967 1273 1154 1341 Λόγος,
1208 1275 1300 1326 καὶ
1340 1276 1439 1327 οὐκ
1476 1274 1589 1326 ἔστι
1642 1274 1739 1343 μὲν

203 1360 318 1415 κατὰ
348 1361 510 1430 φύσιν
542 1363 635 1415 καὶ
658 1361 904 1433 ἀληθινὸς
943 1363 1036 1416 τοῦ
1075 1364 1207 1418 Θεοῦ
1250 1365 1396 1428 Υἱὸς.
1432 1366 1573 1419 κατὰ
1595 1365 1740 1419 θέσιν

201 1453 245 1505 δὲ
281 1452 487 1522 λέγεται
545 1455 639 1508 καὶ
687 1448 840 1518 οὗτος
874 1456 1008 1527 (8-9)
1034 1456 1182 1521 Υἱὸς,
1206 1458 1281 1521 ὡς
1333 1457 1566 1528 κτίσμα·
1598 1479 1616 1510 ι
1649 1458 1741 1511 καὶ

201 1545 398 1600 τοιαῦτα
421 1546 595 1615 λέγων
627 1548 782 1616 αὐχεῖ
814 1549 963 1620 παρὰ
1000 1552 1113 1613 τοῖς
1148 1550 1449 1618 ἀγνοοῦσιν,
1473 1550 1546 1612 ὼς
1571 1551 1663 1603 καὶ
1684 1551 1742 1602 ἐν

202 1636 380 1702 τούτοις
411 1637 551 1708 ἔχων
579 1638 827 1708 ὁμόδοξον
876 1640 968 1693 τὸν
1024 1641 1324 1695 Διονύσιον·
1357 1644 1459 1711 ὅρα
1516 1641 1609 1694 καὶ
1643 1641 1743 1711 τὴν

201 1732 304 1802 περὶ
332 1730 539 1784 τούτων
567 1733 747 1785 πίστιν
777 1732 868 1786 τοῦ
900 1735 1170 1787 Διονυσίου
1196 1775 1210 1799 ,
1237 1736 1330 1788 καὶ
1355 1734 1470 1797 πῶς
1517 1736 1742 1805 μάχεται

199 1827 297 1887 ταῖς
343 1824 621 1887 τοιαύταις
660 1825 868 1894 Ἀρείου
910 1826 1232 1890 κακονοίαις.
1289 1827 1489 1897 Γράφει
1536 1826 1642 1897 γὰρ
1686 1826 1743 1878 ὲν

203 1916 282 1986 μὲν
312 1914 389 1987 τῷ
416 1914 618 1987 πρώτῳ
645 1915 831 1986 βιϐλίῳ
854 1915 1024 1979 οῦτως
1042 1933 1053 1947 ο
1094 1935 1112 1967 ι
1153 1916 1476 1987 Προείρηται
1506 1916 1601 1986 μὲν
1630 1911 1742 1978 οὖν,

200 2007 266 2060 ὅτι
313 2008 465 2078 πηγὴ
522 2007 631 2060 τῶν
660 2008 876 2076 ἀγαθῶν
917 2008 1169 2061 ἁπάντων
1202 2007 1306 2077 (10)
1338 2009 1483 2060 ἐστὶν
1532 2007 1741 2072 ὁΘεὸςο

1839 843 2053 898 quoque
2094 826 2413 880 sententiam
2441 822 2593 892 quasi
2622 837 2689 875 ex
2717 818 3055 887 sterquilinio
3102 817 3202 873 sibi
3258 832 3390 871 con-

1840 919 2146 981 sarcinarit,
2186 925 2240 970 et
2292 916 2405 968 haec
2451 912 2751 980 adjecerit:
2793 929 2813 962 ι
2856 910 3088 977 Verbum
3145 923 3252 961 non
3306 916 3390 961 εει

1840 1012 2111 1082 proprium
2143 1007 2310 1070 Patri,
2341 1006 2432 1059 sed
2459 1005 2600 1058 aliud
2637 1018 2720 1057 εει
2770 1004 2823 1056 in
2854 1002 2962 1055 Deo
2988 998 3223 1055 Verbum
3252 1012 3266 1050 :
3304 997 3390 1049 hic

1841 1118 1967 1155 vero
1997 1099 2270 1161 Dominus,
2294 1105 2580 1151 extrancus
2610 1096 2825 1163 quidem
2863 1102 2917 1149 et
2964 1093 3171 1146 alienus
3223 1102 3307 1144 est
3359 1104 3391 1142 a

1842 1190 2019 1245 Patris
2045 1166 2367 1249 substantia,
2395 1194 2449 1240 et
2494 1188 2751 1239 duntaxat
2794 1185 3082 1239 secundum
3118 1181 3390 1250 cogitandi

1844 1283 2082 1345 modum,
2112 1280 2309 1334 dicitur
2337 1277 2592 1343 Verbum,
2624 1289 2677 1332 et
2710 1293 2816 1333 non
2846 1286 2929 1332 est
2968 1277 3259 1331 secundum
3295 1290 3394 1328 na-

1847 1387 2015 1430 turam
2051 1372 2213 1444 2(MI
2240 1378 2310 1427 'ac
2337 1387 2495 1426 verus
2526 1371 2621 1425 Dei
2659 1372 2867 1437 Filius;
2902 1371 2993 1426 sed
3029 1386 3123 1440 per
3150 1370 3395 1439 adoptio-

1846 1484 1967 1523 nem
1996 1467 2085 1521 hic
2114 1480 2324 1534 quoque
2359 1465 2500 1517 lilius
2541 1464 2740 1517 dicitur
2764 1506 2779 1529 ,
2831 1472 3015 1532 utpote
3061 1472 3340 1525 creatura;
3370 1479 3390 1512 ι

1845 1570 1899 1614 ει
1930 1560 2055 1614 dum
2091 1558 2206 1613 haec
2240 1559 2335 1622 ait,
2370 1557 2510 1625 apud
2564 1570 2656 1610 eos
2689 1554 2780 1623 qui
2808 1555 2882 1608 rei
2915 1554 3195 1608 veritatem
3247 1553 3398 1622 igno-

1849 1663 1970 1708 rant
2009 1652 2288 1723 gloriatur,
2321 1651 2473 1720 quasi
2509 1650 2561 1703 in
2591 1652 2693 1703 hoc
2718 1647 3004 1717 Dionysius
3036 1661 3215 1701 secum
3271 1661 3397 1700 seu-

1851 1747 1986 1801 tiat:
2027 1756 2139 1799 tute
2166 1758 2350 1814 quasso
2386 1743 2569 1796 videas
2599 1756 2717 1809 quae
2748 1741 2813 1794 de
2842 1740 2908 1792 iis
2960 1737 3121 1793 fuerit
3160 1737 3397 1808 DiOllYaii

1849 1837 2001 1901 ﬁdes,
2039 1847 2093 1891 et
2120 1850 2221 1904 qua
2254 1836 2301 1888 vi
2327 1833 2445 1888 illos
2466 1832 2578 1886 Arii
2617 1842 2884 1901 oppugnet
2909 1846 3122 1885 errores
3155 1846 3169 1894 ;
3208 1830 3261 1881 in
3286 1830 3399 1896 pri—

1850 1942 1936 1982 mo
1955 1928 2097 1982 enim
2133 1926 2269 1980 libro
2326 1924 2405 1979 sic
2449 1923 2677 1979 scribit:
2721 1941 2739 1974 ι
2767 1923 2971 1977 Dictum
3026 1930 3110 1975 est
3158 1920 3403 1990 superius

1851 2019 2017 2075 Deum
2047 2032 2167 2074 esse
2198 2016 2401 2072 fontem
2435 2016 2676 2071 omnium
2721 2016 3006 2078 bonorum,
3062 2012 3230 2067 Filius
3274 2027 3401 2065 vero

200 2099 419 2169 ποταμὸς
469 2098 528 2151 δὲ
580 2098 671 2150 ὑπ’
707 2098 869 2151 αὐτοῦ
902 2098 1260 2170 προχεόμενος
1316 2101 1344 2151 6
1374 2097 1500 2161 Υἱὸς
1551 2099 1742 2167 ἀναγέ-

1852 2112 2019 2165 dictus
2046 2119 2131 2165 est
2149 2109 2341 2163 ﬂuvius
2378 2109 2444 2163 ab
2476 2109 2591 2175 ipso
2625 2101 2884 2161 emanans
2914 2124 2926 2158 :
2956 2104 3175 2157 verbum
3201 2104 3401 2172 quippe

199 2207 450 2261 γραπταιο
511 2191 776 2262 ἀπόρροια
810 2190 917 2262 γὰρ
956 2190 1047 2244 νοῦ
1082 2190 1269 2259 λόγος’
1307 2192 1400 2245 καὶ
1425 2191 1501 2254 ὡς
1531 2192 1617 2244 ἐπ’
1648 2193 1745 2246 ἁν-

199 2280 408 2352 θρώπων
440 2284 636 2345 εἰπεῖν,
661 2284 770 2335 ἀπὸ
792 2282 1015 2354 καρδίας
1040 2282 1127 2336 διὰ
1148 2283 1409 2353 στόματος
1441 2282 1742 2354 ὲξοχετεύε-

198 2390 271 2426 ται
297 2374 427 2443 (11),
462 2374 649 2445 ἕτερος
679 2374 964 2445 γενόμενος
994 2374 1087 2428 τοῦ
1109 2378 1164 2428 έν
1188 2376 1381 2447 καρδίᾳ.
1401 2375 1581 2444 λόγου,
1600 2378 1628 2428 6
1659 2377 1745 2431 διὰ

197 2462 427 2534 γλώσσης
458 2464 585 2527 νοῦς
614 2464 928 2536 προπηδῶν.
992 2466 1050 2517 '0
1085 2466 1181 2536 μὲν
1234 2466 1341 2537 γὰρ
1384 2465 1564 2537 ἔμεινε
1614 2484 1744 2539 προ-

199 2552 418 2622 πέμψας,
434 2555 527 2607 καὶ
554 2553 698 2607 ἔστιν
724 2548 833 2618 οἶος
859 2550 927 2626 ἦν
944 2572 958 2585 ·
982 2557 1010 2609 6
1035 2556 1091 2608 δὲ
1124 2555 1320 2627 ἐξέπτη
1344 2556 1741 2627 προπεμφθεὶς,

196 2647 277 2698 καί
300 2647 521 2716 φέρεται
548 2646 821 2717 πανταχοῦ
840 2663 854 2677 ο
883 2647 977 2700 καὶ
1005 2647 1173 2710 οὕτως
1196 2648 1341 2701 ἐστὶν
1378 2647 1632 2716 ἑκάτερος
1687 2648 1745 2699 ὲν

198 2738 444 2811 ἐκατέρῳ,
503 2740 689 2813 ἔτερος
740 2740 815 2795 ὢν
875 2740 1135 2811 θατέρου’
1173 2742 1266 2795 καὶ
1322 2740 1380 2792 ἓν
1413 2742 1567 2805 εἰσιν,
1597 2740 1747 2803 ὄντες

197 2827 305 2882 δύο·
338 2830 479 2884 οὓτω
501 2831 610 2901 γὰρ
642 2833 734 2885 καὶ
766 2832 878 2902 (12)
905 2833 933 2883 6
973 2832 1161 2904 Πατὴρ
1192 2833 1283 2885 καὶ
1310 2834 1338 2885 6
1367 2832 1491 2895 Υἱὸς
1544 2831 1621 2893 ἓν,
1653 2831 1747 2883 καὶ

198 2920 246 2973 ὲν
269 2920 515 2992 ἀλλήλοις
544 2922 840 2994 ἐλέχθησαν
865 2921 1025 2977 εἶναι.
1077 2942 1095 2975 ι
1169 2924 1255 2975 Ἐν
1283 2923 1339 2975 δὲ
1372 2921 1450 2993 τῷ
1505 2922 1746 2992 τετάρτῳ

197 3008 391 3082 βιϐλίῳ,
419 3011 593 3075 οὕτως
638 3012 817 3079 λέγει’
883 3032 901 3064 ι
951 3014 1037 3076 Ὠς
1080 3013 1187 3083 γὰρ
1247 3012 1275 3063 6
1325 3012 1587 3083 ἡμέτερος
1626 3011 1747 3074 νοῦς

196 3104 465 3175 ἐρεύγεται
497 3106 595 3176 μὲν
619 3108 711 3176 ἀφ’
732 3106 922 3159 ἑαυτοῦ
950 3107 1039 3160 τὸν
1071 3106 1246 3174 λόγον,
1281 3105 1355 3168 ὼς
1382 3101 1531 3158 εἶπεν
1555 3107 1582 3158 6
1614 3105 1749 3174 Προ-

198 3198 357 3267 φήτης
372 3214 384 3226 °
425 3197 813 3265 ἐεηρεύξατο
842 3200 880 3267 ἡ
907 3198 1116 3267 καρδία
1138 3216 1256 3267 μου
1289 3198 1471 3266 λόγον
1488 3198 1743 3267 ἀγαθόν·

197 3290 279 3341 καὶ
310 3289 420 3341 ἔστι
456 3290 554 3359 μὲν
588 3291 844 3361 ἑκάτερος
873 3291 1055 3360 ἕτερος
1083 3289 1332 3359 θατέρου,
1366 3288 1491 3340 ἴδιον
1526 3288 1619 3341 καὶ
1653 3288 1746 3341 τοῦ

1843 2210 1927 2256 est
1948 2190 2141 2256 mentis
2155 2199 2447 2263 emanatio,
2469 2207 2523 2253 et
2575 2198 2655 2269 (ut
2678 2198 2912 2251 humano
2932 2210 3080 2249 more
3102 2196 3399 2263 loquamur)

1845 2308 1911 2349 ex
1939 2296 2102 2349 corde
2138 2308 2235 2363 per
2260 2307 2323 2347 os
2356 2290 2639 2346 emittitur.
2676 2287 2824 2344 Mens
2850 2303 2974 2343 vero
3006 2302 3124 2356 qua:
3164 2300 3257 2355 per
3301 2284 3399 2338 liii-

1843 2400 2000 2455 guam
2034 2384 2267 2454 prosilit,
2295 2382 2504 2437 diversa
2552 2389 2637 2435 est
2684 2396 2714 2433 a
2748 2381 2912 2435 verbo
2966 2376 3189 2447 quodin
3235 2376 3401 2431 corde

1844 2476 2054 2532 exsisut
2082 2494 2095 2529 :
2138 2474 2280 2529 istud
2314 2475 2457 2527 enim
2482 2483 2761 2543 postquam
2788 2470 2915 2525 illud
2944 2468 3284 2537 praemiserit,
3312 2482 3399 2519 re-

1848 2578 2045 2634 manet,
2076 2577 2130 2623 et
2160 2576 2244 2623 est
2272 2567 2428 2636 quale
2455 2576 2610 2620 antea
2643 2574 2761 2619 erat
2791 2582 2806 2621 :
2838 2563 2966 2617 illud
2989 2576 3121 2617 vero
3153 2558 3397 2629 praemia-

1846 2674 1963 2715 sum
2015 2658 2192 2714 evolat
2245 2666 2301 2712 et
2352 2657 2772 2724 circumquaque
2819 2652 3033 2708 fertur:
3092 2659 3147 2704 et
3208 2649 3287 2704 sic
3321 2659 3404 2702 est

1846 2749 2206 2818 utrumquein
2240 2747 2431 2814 altero,
2466 2745 2679 2801 tametsi
2702 2744 2975 2799 diversum
3000 2751 3084 2796 est
3113 2742 3178 2795 ab
3211 2740 3403 2794 altero:

1847 2850 1905 2894 et
1932 2855 2093 2893 unum
2122 2847 2269 2904 sunt,
2296 2838 2423 2892 licet
2454 2838 2560 2891 dun
2586 2838 2712 2890 sint.
2746 2835 2839 2889 Sic
2879 2846 3111 2901 namque
3141 2832 3307 2885 Pater
3351 2842 3408 2884 et

1846 2931 2018 2986 Filius
2043 2945 2207 2984 unum
2235 2935 2382 2990 sunt,
2408 2936 2463 2980 et
2485 2927 2538 2980 in
2576 2940 2634 2980 se
2676 2924 2904 2979 invicem
2936 2923 3054 2977 illos
3083 2936 3203 2976 esse
3260 2936 3409 2975 com-

1849 3024 2127 3093 probatum
2154 3031 2255 3075 est.
2283 3040 2301 3073 ι
2334 3019 2389 3073 lu
2421 3018 2654 3073 secundo
2678 3026 2856 3071 autem
2883 3015 3018 3069 libro
3052 3015 3166 3068 haec
3199 3014 3358 3067 habet
3390 3030 3406 3066 :

1854 3134 1873 3168 ι
1907 3116 1973 3171 lit
1994 3116 2136 3169 enim
2169 3128 2317 3167 mens
2345 3123 2533 3166 nostra
2577 3118 2784 3163 eructat
2819 3122 2846 3160 a
2878 3107 3052 3176 seipsa
3082 3107 3325 3167 verbum,
3352 3115 3409 3158 ut

1849 3209 1925 3261 ait
1947 3208 2214 3278 Propheta
2236 3224 2248 3259 :
2284 3203 2554 3257 Eructavit
2577 3218 2665 3255 cor
2681 3217 2849 3254 meum
2867 3200 3076 3253 verbum
3102 3197 3294 3251 bonum
3314 3198 3359 3233 ⁸³
3386 3211 3402 3248 :

1850 3306 2037 3367 estque
2063 3308 2346 3359 utrumque
2375 3295 2605 3348 alterum
2639 3293 2707 3346 ab
2736 3291 2927 3353 altero,
2945 3289 3406 3359 propriumetab

195 3377 366 3433 λοιποῦ
420 3383 819 3451 κεχωρισμένον
871 3380 1097 3451 εἰληχὼς
1146 3380 1338 3443 τόπον,
1387 3382 1414 3432 6
1450 3380 1547 3449 μὲν
1593 3381 1650 3431 ὲν
1682 3380 1742 3449 τῇ

1852 3388 2021 3443 altero
2045 3388 2355 3441 distinctum
2378 3386 2627 3441 obtinens
2660 3383 2857 3447 locum,
2884 3396 3005 3435 cum
3033 3379 3161 3435 illud
3196 3379 3411 3448 quidem

196 3470 400 3542 καρδίᾳ,
453 3472 483 3523 6
526 3471 583 3523 δὲ
643 3471 734 3523 ἐπὶ
788 3471 886 3540 τῆς
927 3468 1170 3538 γλώττης
1224 3468 1446 3521 καὶτοῦ
1483 3468 1742 3539 στόματος

1852 3480 1903 3535 in
1941 3479 2138 3546 corde,
2175 3478 2315 3533 istud
2340 3479 2393 3532 in
2415 3477 2595 3545 lingua
2625 3484 2680 3528 et
2705 3490 2799 3530 ore
2822 3482 3184 3528 commoretur
3214 3478 3267 3527 et
3300 3486 3414 3523 mo-

196 3563 349 3615 οίκῶν
374 3581 433 3616 τε
484 3564 579 3616 καὶ
621 3563 966 3633 κινούμενοςο
995 3562 1053 3613 οὐ
1089 3562 1193 3631 μὴν
1222 3561 1582 3631 διεστήκασιν,
1623 3561 1742 3614 οὐδὲ

1852 3581 2077 3625 veatur:
2121 3584 2225 3623 non
2259 3578 2434 3622 tamen
2487 3568 2714 3621 alterum
2752 3567 2818 3620 ab
2850 3564 3025 3617 altero
3098 3562 3279 3624 distat,
3314 3574 3415 3613 nec

197 3655 437 3723 καθάπαξ
468 3656 710 3728 ἀλλήλων
744 3655 1021 3726 στέρονται
1058 3655 1186 3724 (15),
1220 3653 1337 3706 οὐδέ
1380 3655 1523 3706 ἐστιν
1574 3652 1692 3706 οῦτε
1721 3656 1742 3707 6

1852 3677 1908 3717 se
1929 3661 2161 3716 invicem
2189 3661 2464 3731 privantur
2495 3676 2508 3712 :
2561 3672 2734 3727 neque
2776 3670 2931 3709 mens
2970 3655 3085 3708 sine
3118 3653 3281 3707 verbo
3305 3660 3411 3715 est,

196 3748 315 3811 νοῦς
366 3750 575 3818 ἄλογος,
606 3748 729 3802 οὔτε
780 3749 938 3812 ἄνους
978 3749 1005 3800 ὁ
1048 3747 1232 3815 λόγος’
1265 3745 1379 3799 ἀλλ’
1436 3747 1464 3798 δ
1516 3763 1579 3813 γε
1629 3745 1742 3808 νοῦς

1852 3762 2026 3817 neque
2051 3748 2271 3802 verbum
2311 3748 2428 3801 sine
2457 3756 2672 3801 mente:
2711 3745 2803 3800 sed
2848 3758 3001 3797 mens
3061 3743 3279 3795 verbum
3335 3739 3415 3794 fa-

197 3844 337 3894 ποιεί
377 3842 467 3895 τὸν
518 3842 677 3910 λόγον
725 3842 783 3894 ὲν
826 3839 973 3911 αὐτῷ
998 3839 1107 3910 (14)
1147 3838 1359 3909 φανείςο
1402 3840 1495 3891 καὶ
1522 3841 1550 3891 6
1600 3836 1742 3905 λόγος

1860 3838 1959 3901 cit,
1985 3845 2042 3892 et
2067 3837 2117 3889 in
2140 3836 2255 3905 ipso
2289 3846 2531 3907 apparet,
2571 3845 2625 3889 et
2657 3833 2873 3888 verbum
2905 3840 3137 3887 mentem
3174 3831 3412 3894 exhibet,

200 3932 423 3988 δείκνυσι
466 3936 560 3989 τὸν
621 3934 746 3987 νοῦν
797 3936 855 3987 ἐν
903 3933 1049 4003 αὐτῷ
1094 3933 1378 4002 γενόμενος
1405 3947 1419 3962 ·
1454 3932 1547 3984 καὶ
1579 3932 1607 3982 6
1660 3929 1742 3998 uti

1860 3922 1914 3977 iu
1939 3938 2045 3990 qua
2074 3920 2272 3977 factum
2302 3935 2385 3978 est
2412 3941 2427 3976 :
2461 3937 2717 3991 mensque
2743 3932 2825 3975 est
2862 3920 3015 3989 quasi
3047 3920 3273 3974 verbum
3305 3919 3410 3971 im-

197 4025 315 4088 νοῦς
337 4028 497 4092 ἐστιν,
513 4021 623 4079 οἷον
645 4025 799 4093 λόγος
829 4025 1139 4094 ἐγκείμενος
1154 4039 1169 4052 ⁸
1185 4024 1213 4076 ὀ
1236 4022 1293 4074 δὲ
1319 4021 1473 4088 λόγος
1501 4019 1624 4081 νοῦς
1640 4016 1742 4088 (15]

1857 4030 2101 4078 manens,
2150 4016 2372 4069 verbum
2429 4025 2608 4069 autem
2664 4014 2817 4083 quasi
2864 4028 3015 4067 mens
3074 4011 3411 4082 prosiliens:

198 4118 479 4189 προπηδῶν
500 4135 514 4147 '
551 4117 646 4170 καὶ
681 4116 997 4187 μεθίσταται
1025 4116 1120 4186 μὲν
1150 4117 1178 4167 6
1206 4114 1328 4177 νοῦς
1353 4115 1431 4175 είς
1456 4112 1544 4164 τὸν
1576 4111 1742 4177 λόγον,

1863 4122 2015 4161 mens
2041 4107 2094 4161 in
2126 4108 2348 4162 verbum
2406 4108 2615 4171 transit,
2663 4106 2883 4159 verbum
2936 4112 3164 4158 mentem
3205 4104 3260 4156 in
3306 4102 3416 4156 cir-

194 4208 224 4259 6
252 4208 307 4260 δὲ
323 4209 470 4278 λόγος
485 4208 578 4261 τὸν
610 4208 734 4260 νοῦν
759 4208 838 4269 εἰς
861 4208 985 4270 τοὺς
1004 4205 1277 4277 ἀκροατὰς
1310 4203 1583 4271 ὲγκυκλεῖ.
1643 4200 1742 4253 ΚαἸ

1854 4208 2189 4253 cumstantes
2242 4200 2515 4254 auditores
2569 4199 2861 4252 insinuat:
2917 4206 2971 4250 et
3030 4196 3108 4249 sic
3138 4209 3289 4248 mens
3321 4208 3416 4263 per

195 4299 361 4366 οὕτως
400 4304 428 4355 6
484 4301 610 4365 νοῦς
666 4300 753 4354 διὰ
809 4299 902 4352 τοῦ
936 4301 1092 4368 λόγου
1133 4300 1251 4360 ταῖς
1303 4297 1408 4349 τῶν
1448 4294 1749 4348 ἀκουόντων

196 4391 385 4462 ψυχαῖς
408 4393 706 4465 ὲνιδρύεται
734 4390 866 4461 (16),
903 4389 1179 4443 συνεισιὼν
1200 4389 1275 4460 τῷ
1298 4388 1458 4457 λόγῳ·
1488 4386 1580 4439 καὶ
1602 4384 1746 4435 ἔστιν

196 4484 226 4535 ὁ
245 4483 339 4557 μὶν
364 4481 470 4541 οἷον
503 4486 689 4557 πατὴρ
714 4486 742 4538 6
769 4484 891 4548 νοῦς
924 4484 1016 4538 τοῦ
1041 4483 1220 4551 λόγου,
1244 4483 1316 4535 ὢν
1355 4481 1438 4548 ἐφ’
1467 4476 1657 4531 ἑαυτοῦ
1676 4493 1689 4504 ·
1722 4477 1750 4527 6

1854 4292 2076 4347 verbum
2100 4291 2153 4344 in
2178 4292 2477 4345 auditorum
2508 4291 2700 4344 animis
2719 4288 3037 4351 collocatur,
3065 4296 3118 4341 et
3157 4301 3258 4339 una
3292 4303 3414 4339 cum

1856 4383 2024 4437 verbo
2052 4382 2237 4435 intrat.
2262 4383 2340 4435 Ac
2366 4396 2516 4435 mens
2539 4381 2751 4449 quidem
2778 4388 2859 4433 est
2874 4378 3027 4447 quasi
3056 4385 3205 4444 pater
3243 4374 3413 4438 verbi,

1857 4476 1912 4530 in
1935 4477 2109 4543 seipsa
2123 4475 2388 4529 exsistens
2413 4489 2427 4527 :
2458 4475 2679 4527 verbum
2712 4482 2889 4526 autem
2917 4470 3067 4539 quasi
3095 4468 3233 4521 [ilius
3270 4481 3415 4521 men-

232 4715 280 4748 ⁸³
302 4715 438 4774 Psal.
489 4731 643 4780 mv,
698 4715 734 4767 2

246 4899 346 5039 Pg5)
381 4900 531 4970 Reg.,
563 4900 628 4952 de
659 4912 826 4960 more,
850 4895 1192 4967 θρυλοῦντας.
1226 4893 1343 4945 Mox
1370 4891 1588 4944 Taurin.
1614 4887 1742 4953 Jes.,

338 4974 482 5024 πᾶσι.
504 4970 731 5039 Ibidem,
745 4966 774 5017 6
799 4980 922 5039 ante
943 4968 1151 5039 :Apsmg
1179 4965 1325 5017 deest
1352 4963 1403 5016 in
1435 4962 1612 5023 editis,
1656 4964 1742 5013 sed

1855 4895 1958 4940 est.
1994 4864 2097 4939 Alii
2126 4896 2182 4940 et
2203 4886 2355 4952 editi,
2398 4882 2713 4954 ἐλέχθησαν.
2750 4876 3154 4933 lbidem'mnnes
3181 4892 3334 4942 mss.,
3360 4879 3418 4933 ἐν

1853 4958 1915 5039 δέ.
1958 4955 2038 5028 τῷ
2061 4956 2525 5039 τετάρτ.ῳ.ΜΕάὶῑίὴ,
2553 4952 2722 5039 ’ξξνρὲ
2867 4948 2917 5018 β.
2950 4948 3070 5003 Mox
3104 4946 3270 5016 λέγει,
3302 4960 3418 5018 post

197 4986 243 5021 π

338 4946 1325 5037 Ἰἰιίξῖειιῖξδνιῖιιίε-’ξᾸρειοξόεεει
1352 4963 1403 5016 in
1435 4962 1612 5023 editis,
1656 4946 1742 5013 sed

1853 4958 1915 5037 δέ.
1958 4955 2038 5028 τῷ
2061 4946 2525 5037 τετάρτῳέΕάὶῑίῖ,
2553 4946 2722 5037 ’ἓνδὲ
2758 4949 2841 5037 τῷ
2867 4948 2917 5018 β.
2950 4948 3070 5003 Mox
3104 4946 3270 5016 λέγει,
3302 4960 3420 5018 post

1860 5020 2051 5089 οὕτως.
2082 5020 2230 5080 deest
2251 5020 2302 5079 in
2328 5027 2547 5079 Taurin.
2574 5024 2719 5076 Colb.
2750 5020 2861 5075 Jes.

1846 5114 1857 5125 ·
1933 5098 2041 5169 (15)
2062 5095 2280 5169 tamin.
2308 5094 2442 5169 {es.,
2479 5092 2791 5169 στερῶνται.

1929 5155 2040 5239 (lt)
2072 5155 2455 5239 Tauginﬁollj.
2478 5155 2612 5225 JesI,
2646 5164 2917 5226 mendose,
2941 5157 3136 5228 ἐαυτῷ.
3164 5156 3285 5211 Mox
3308 5155 3415 5211 Jes.

1852 5235 2018 5296 solus.
2045 5235 2238 5306 ἐαυτῷ,
2267 5236 2543 5306 ιιιειιιιοίεε.

1925 5294 2036 5377 (15)
2064 5294 2373 5375 ιιεεὶέοιυε,
2400 5307 2427 5357 6
2449 5305 2505 5377 δὲ
2533 5303 2846 5377 νοῦς-λόγος,
2869 5299 3023 5377 male.
3043 5296 3227 5377 Mox.6
3253 5294 3308 5347 δὲ
3333 5295 3417 5346 λό-

1853 5367 1947 5447 γος
1964 5367 2051 5432 τὸν
2064 5367 2184 5429 νοῦνν
2201 5378 2280 5439 εἰς
2295 5367 2419 5438 τοῦς
2439 5376 2508 5427 ὰκ
2517 5367 2996 5447 ροατὰς-ἔγκυκλεί,
3032 5381 3196 5447 genus
3210 5367 3421 5447 loquen-

1854 5433 1906 5502 di
1928 5433 1967 5502 ἰι
2003 5433 2279 5501 Clemente
2315 5433 3138 5508 Aldxan'drino'frequeutatuin._
3165 5433 3265 5508 Sic‘
3280 5434 3423 5508 Προ-

280 5500 951 5595 ζῖῧῖιξνῐῖξὲῗίιῖξὴῖει
978 5524 1126 5585 editi.
1158 5522 1381 5595 Taurin.
1425 5523 1646 5595 et_.!es.,
1674 5516 1742 5595 5}:-

1854 5500 2053 5595 ipsa.
2114 5500 2177 5595 ρ.
2226 5517 2293 5570 50
2325 5536 2336 5569 :
2369 5511 2759 5595 innumesz
2805 5500 3417 5595 Badrpgihfobfddegiif.

193 5569 1646 5669 ,δι’ἀςᾱῐαξξξξιξ’έζδῖςιδεῑαξδςξξῑηξξιέιάιξιτξζῑς
1674 5569 1742 5642 ιι.

1857 5569 1992 5669 ﬁeri;
2022 5590 2076 5641 in
2095 5569 2351 5669 theatrum
2388 5569 2605 5667 inducit.
2639 5569 2807 5669 Alias,
2842 5569 3269 5669 έγκῦκλείχ
3297 5569 3419 5669 diu:

196 5642 450 5738 ἐν,ᾜῶ
464 5642 813 5738 ’3ῖᾶᾆέῖὶςῖἷά
823 5642 1100 5735 ’ςέἑέγῖσίέἇς
1116 5642 1412 5735 ἓξὲἓχὲὶᾷἶζ
1424 5642 1742 5718 dolia—item

1859 5663 1998 5725 ταῖς,
2029 5658 2392 5738 spectatoribus
2416 5656 2695 5738 insinuqre:
2720 5642 3070 5718 Apud‘ipsum
3092 5642 3418 5698 Clementem

194 5721 614 5810 ίξέρχεταιοζῖ
686 5721 771 5810 ’,
843 5806 883 5810 _
939 5721 1000 5810 ’-
1511 5802 1566 5810 ..

1864 5721 2183 5810 quarum-que
2221 5728 2414 5810 legitur
2434 5721 2736 5810 ἐκκυκλεξν.

584 5806 734 5881 deest
758 5806 1062 5881 in__'l‘aurin.
1089 5803 1241 5859 Colb.
1273 5804 1407 5865 Jes.,
1433 5802 1605 5881 sedin
1624 5799 1742 5877 aliis

1873 5780 2047 5881 :(H‘i‘i
2076 5780 2457 5881 R93..l‘;§il.et
2484 5793 2632 5855 editi,
2663 5786 2980 5858 ὲνιδρύεται.
3010 5783 3234 5837 Taurin.
3267 5780 3419 5837 Colb.

320 5864 449 5936 etitr.
482 5882 603 5933 Mox
633 5878 786 5945 Reg.,
811 5876 1163 5944 ὲλέγχθησαν,
1206 5890 1363 5943 quem
1396 5864 1547 5942 Sequi
1590 5870 1742 5924 visuu

1867 5864 1974 5924 les.
2001 5867 2091 5921 Fr.
2124 5867 2172 5929 1,
2204 5864 2491 5930 ἐνίδρυται.

500 5977 791 6069 ιΡΑτιιοι..
817 5976 935 6036 Gtt.
973 5971 1174 6033 XXV.
1755 5960 1759 5965 ⁷

199 5034 423 5093 habetur
458 5042 509 5093 in
538 5038 671 5103 Reg.
691 5036 911 5089 Taurin.
940 5034 1089 5091 Coib.
1122 5034 1233 5089 Jes.

275 5108 347 5180 (7)
381 5110 523 5180 11ιυε,
559 5098 1138 5180 καῖ-ἀλλότριός-ὲστι,
1188 5103 1396 5180 desunt,
1432 5099 1484 5180 in
1525 5098 1744 5180 Taurin.

196 5168 353 5298 ξᾶξιιῌ.
404 5168 520 5235 δεεξ
565 5192 620 5234 ει
645 5176 735 5230 Fr.
781 5168 996 5231 l.'Sed
1054 5177 1319 5228 habentur
1360 5174 1411 5224 in
1443 5168 1574 5240 Reg.
1608 5180 1662 5221 et
1694 5172 1745 5224 in

276 5263 289 5298 ι
318 5264 376 5298 IS.

196 5257 376 5303 editis.

277 5316 403 5387 (8-9)
434 5316 840 5387 Taurin.7Colb.
868 5315 1002 5377 Jes.,
1037 5316 1217 5387 αὐτός.

281 5382 628 5456 (10)’Τειυτίη.
658 5386 809 5441 Colb.
828 5386 1063 5449 Jes.,xa‘t
1093 5386 1362 5441 ἁπάντων.
1390 5384 1507 5438 Mox
1536 5382 1615 5445 δέ,
1635 5390 1754 5451 post

198 5459 460 5528 ποταμός,
476 5461 630 5512 deest
660 5460 709 5511 in
734 5456 887 5511 Colb.

3036 5951 3110 6007 17
