3954 6492
577 432 679 490 515

1138 428 1191 482 5.
1234 426 1601 483 ATIIANASII
1638 424 1788 480 OPP.
1828 421 2006 477 PARS
2044 425 2086 481 ῐ.

2243 418 2609 481 lllSTORlCA
2648 427 2735 481 ΕΤ
2774 425 3193 482 ΒΟΟΜΛΤῘΕᾹ.

3701 429 3794 485 516

580 558 669 619 tis,
704 569 806 608 non
835 560 959 605 ante
983 550 1149 618 ipsam
1178 549 1416 617 quidem,
1444 548 1536 603 sed
1572 561 1747 615 neque
1776 555 1933 598 extra
1961 543 2124 612 ipsam

2234 546 2288 598 δὲ
2324 547 2569 618 καθάπερ
2593 548 2723 611 υἱὸς,
2745 550 2771 601 6
2798 549 2966 617 λόγος,
2995 548 3087 601 τοῦ
3117 548 3209 601 νοῦ
3234 565 3246 575 ·
3301 547 3404 618 πρὸ
3452 546 3665 599 ἐκείνου
3706 547 3796 617 μὲν

578 646 776 700 factum
807 656 927 697 esse
947 649 1140 711 potest,
1162 641 1255 695 sed
1281 655 1400 693 eum
1431 639 1542 707 ipsa
1579 634 1811 697 exsistit,
1835 646 1890 688 et
1918 635 1985 688 ab
2015 636 2130 703 ipsa

580 735 925 808 geminavit.
949 733 1145 787 Eodem
1172 745 1386 801 quoque
1432 729 1590 783 modo
1634 726 1795 780 Pater
1824 726 1909 780 ille
1956 728 2131 781 maxi-

578 840 717 889 mus,
750 837 803 881 et
830 838 982 879 mens
1012 822 1102 876 illa
1146 819 1489 884 universalis,
1541 828 1668 873 ante
1717 818 1898 871 omnia
1934 816 2129 873 Filium

577 917 761 983 habet,
813 915 1069 979 Verbum,
1102 915 1449 983 interpretem
1482 921 1536 966 et
1573 909 1816 979 angelum
1850 924 2028 964 suum.
2066 928 2086 962 ι

646 1030 890 1088 24..Ha:c
909 1030 989 1085 vel
1022 1043 1293 1096 nunquam
1324 1027 1528 1081 audivit
1562 1026 1747 1091 Arius,
1787 1026 1872 1081 vel
1905 1026 1948 1080 si
1980 1026 2131 1080 audi-

576 1126 657 1179 vit
677 1141 787 1181 non
814 1124 1073 1179 intellexit
1096 1122 1255 1176 homo
1290 1120 1575 1175 indoctus:
1606 1134 1727 1173 nam
1751 1119 1795 1174 si
1832 1118 2125 1173 intellexis-

576 1228 681 1285 set,
704 1231 808 1270 non
848 1225 997 1270 tanta
1032 1213 1315 1270 mendacia
1350 1212 1415 1267 de
1447 1212 1702 1281 episcopo
1730 1210 2127 1280 pervulgasset;

575 1311 684 1364 imo
704 1310 882 1379 potius
926 1309 1093 1374 illum,
1131 1317 1190 1360 ut
1226 1321 1349 1370 nos,
1392 1305 1461 1359 ob
1496 1304 1712 1358 insitum
1749 1304 1799 1357 in
1848 1303 2127 1357 veritatem

574 1403 755 1458 odium
780 1402 1033 1457 eonvitiis
1062 1402 1352 1455 insectatus
1373 1398 1579 1454 fuisset.
1614 1395 1749 1451 Nam
1776 1411 1896 1452 cum
1922 1394 2127 1450 Christi

573 1494 644 1548 sit
671 1494 859 1559 hostis,
894 1492 1249 1547 libentissime
1272 1498 1625 1559 persequetur
1663 1490 1818 1553 illos,
1871 1488 1962 1557 qui
2010 1501 2129 1558 qu:e

574 1582 775 1637 Christi
801 1591 925 1637 sunt
947 1582 1182 1650 sapiunt,
1213 1589 1270 1634 ut
1301 1580 1416 1649 ipse
1456 1579 1705 1649 praedixit
1736 1577 1995 1632 Dominus
2024 1597 2035 1631 :
2066 1574 2128 1630 Si

574 1691 657 1729 me
678 1676 934 1744 persecuti
963 1683 1103 1737 sunt,
1128 1683 1174 1727 et
1218 1688 1305 1726 vos
1334 1679 1706 1741 persequentur
1735 1668 1802 1722 ⁸³⁵.
1832 1668 1939 1722 Aut
1961 1668 2005 1722 si
2032 1682 2128 1737 pu-

577 1776 697 1821 tant
723 1765 1015 1835 impietatis
1045 1764 1258 1835 patroni
1308 1777 1490 1819 secum
1520 1761 1723 1817 sentire
1769 1760 2082 1831 Dionysium
2109 1802 2124 1825 ,

576 1859 760 1914 eadem
782 1873 900 1928 qua:
930 1858 1019 1911 ille
1046 1857 1304 1921 scribant,
1366 1858 1549 1911 eadem
1573 1852 1925 1923 proﬁteantur
1951 1871 1965 1915 ;
1990 1854 2127 1908 scri-

2236 638 2514 701 ἀδύνατον,
2545 640 2657 692 ἀλλ’
2688 640 2807 692 οὐδὲ
2851 639 3047 707 ἔξωθέν
3098 639 3263 692 ποθεν
3286 639 3389 691 ’σὺν
3438 638 3633 708 ἐκείνῳ
3665 637 3799 705 γενό-

2240 748 2415 801 μενος,
2447 730 2751 802 βλαστήσας
2805 731 2861 784 δὲ
2921 731 3015 783 ἀπ’
3060 730 3247 785 αὑτοῦ.
3284 729 3469 793 Οῦτως
3495 731 3525 782 6
3560 730 3748 799 Πατὴρ
3773 732 3799 782 ὁ

2238 823 2493 891 μέγιστος
2546 822 2655 891 (17)
2714 822 2807 874 καὶ
2836 820 3061 873 καθόλου
3107 819 3236 883 νοῦς
3260 860 3277 886 ,
3311 819 3525 891 πρῶτον
3558 818 3652 872 τὸν
3682 818 3798 871 Υἱὸν

2235 910 2403 979 Λόγον
2426 911 2663 981 ἑρμηνέα
2696 912 2788 963 καὶ
2819 910 3047 979 ἄγγελον
3074 909 3265 965 ἑαυτοῦ
3291 909 3423 981 ἔχει.
3464 930 3482 963 ι

2303 1024 2392 1078 24.
2421 1022 2686 1093 Τούτωνῆ
2714 1024 2814 1077 οὐκ
2845 1023 3043 1094 ἢκουσέ
3076 1041 3207 1078 ποτε
3237 1024 3473 1096 Ἄρειος,
3498 1023 3533 1095 ἢ
3566 1022 3797 1087 ἀκούσας

2234 1117 2331 1168 οὐκ
2354 1116 2567 1185 ἐνόησεν
2604 1114 2712 1187 (18)
2746 1118 2775 1168 6
2814 1116 3030 1188 ἀμαθής
3058 1134 3070 1145 ·
3101 1118 3203 1169 ούκ
3238 1116 3303 1170 ἂν
3332 1117 3469 1187 γὰρ,
3519 1118 3680 1187 εἴπερ
3734 1111 3798 1188 ἦν

2234 1208 2447 1276 νοήσας,
2492 1206 2847 1277 κατεψεύδετο
2879 1207 3123 1261 τοσοῦτον
3158 1207 3301 1261 κατά
3342 1207 3436 1260 τοῦ
3467 1207 3795 1260 ὲπισκόπουσ

2233 1297 2366 1350 ἀλλὰ
2417 1300 2630 1362 πάντως
2687 1301 2779 1353 καὶ
2829 1300 2988 1354 αὐτὸν
3027 1301 3100 1364 ὡς
3147 1303 3300 1371 ἡμᾶς
3350 1299 3717 1369 ἓλοιδόρειδιά
3742 1299 3798 1352 τὸ

2234 1389 2368 1460 πρὸς
2400 1391 2497 1461 τὴν
2525 1391 2779 1461 ἀλήθειαν
2818 1395 2990 1462 μῖσος.
3021 1392 3397 1464 Χριστομάχος
3432 1392 3540 1463 γάρ
3586 1391 3681 1455 ὢν,
3705 1390 3797 1443 οὖν

2232 1481 2449 1551 ὀκνήσει
2478 1484 2570 1536 καὶ
2596 1483 2721 1547 τοὺς
2744 1483 2814 1537 τὰ
2836 1484 3070 1555 Χριστοῦ
3095 1485 3423 1565 φρονοῦντας
3450 1484 3687 1552 διώκειν,
3727 1486 3797 1547 ὡς

2232 1573 2438 1635 αὑτὺςὸ
2470 1574 2673 1646 Κύριος
2713 1576 3068 1648 προείρηκενο
3098 1579 3170 1630 Ei
3221 1577 3323 1646 ἐμὲ
3372 1576 3649 1641 ἐδίωξαν,
3702 1577 3795 1630 καὶ

2231 1660 2385 1730 ὑμᾶς
2408 1662 2747 1727 διώξουσιν.
2785 1665 2857 1717 Ἦ
2882 1667 2929 1717 εί
2961 1664 3269 1735 νομίζουσιν
3292 1665 3342 1715 οί
3378 1664 3679 1734 προστάται
3705 1663 3796 1731 τῆς

2231 1752 2480 1815 ἀσεϐείας
2532 1754 2808 1823 ὁμόφρονα
2872 1755 2961 1807 τὸν
3034 1754 3304 1807 Διονύσιον
3367 1754 3583 1815 ἑαυτοῖς
3644 1748 3794 1812 εἶναι,

2232 1844 2597 1915 γραψάτωσαν
2628 1844 2801 1898 ταῦτα
2828 1845 2921 1899 καὶ
2948 1845 3401 1915 όμολογείτωσαν·
3434 1844 3795 1913 γραψάτωσαν

575 1951 704 2005 bant
736 1922 977 2019 exempla
1002 1948 1114 2015 illa,
1144 1948 1210 2003 de
1233 1949 1387 2002 vinea
1421 1960 1609 2014 nempe
1652 1954 1705 1999 et
1751 1945 2005 2014 agricola,
2060 1946 2124 2001 de

2231 1936 2327 2005 τὴν
2380 1934 2620 2005 ἄμπελον
2670 1937 2761 1988 καὶ
2820 1936 2911 1989 τὸν
2955 1935 3219 2006 γεωργὸν,
3253 1936 3314 1988 τὸ
3339 1934 3547 2004 σκάφος
3583 1933 3675 1987 καὶ
3712 1933 3795 1985 τὸν

574 2044 772 2112 scapha
802 2052 852 2096 et
886 2042 1069 2104 fabro;
1104 2050 1156 2095 et
1188 2053 1290 2093 una
1327 2037 1685 2093 conﬁteantur
1715 2052 1835 2107 qua:
1865 2037 1981 2106 ipse
1999 2052 2127 2091 con-

574 2131 1042 2188 substantialitatis
1081 2128 1480 2199 prepugnanda:
1507 2142 1669 2182 causa
1710 2128 1931 2196 tradidit
1959 2147 1974 2183 :
2001 2143 2129 2183 sen-

579 2230 795 2283 tentiam
822 2226 946 2278 item
978 2238 1083 2293 qua
1122 2220 1498 2286 dicit,'Filium
1545 2234 1667 2275 esse
1718 2235 1784 2275 ex
1828 2222 2127 2276 substantia

576 2320 775 2380 Ρδιι-ιδ,
809 2330 1016 2370 necnon
1042 2315 1393 2369 aeternitatem
1421 2312 1559 2381 ejus,
1587 2313 1961 2381 cognationem
1985 2328 2131 2366 men-

578 2413 647 2461 tis
675 2423 795 2460 cum
826 2406 1009 2469 verbo,
1046 2405 1210 2459 fontis
1236 2418 1358 2459 eum
1409 2403 1571 2457 ﬂuvio
1595 2411 1649 2457 et
1676 2414 1905 2468 caetera;
1944 2412 2004 2457 ut
2046 2403 2130 2457 vel

577 2512 641 2549 ex
713 2497 825 2564 ipsa
882 2509 1059 2549 rerum
1116 2494 1471 2564 discrepantia
1549 2480 1795 2551 noverint
1863 2495 2129 2564 quomodo

577 2589 755 2657 priora
794 2588 1008 2655 quidem
1065 2586 1151 2639 illa
1194 2600 1291 2654 per
1318 2588 1677 2641 oeconomiam
1730 2585 1956 2651 dixerit;
2016 2587 2127 2640 hzee

577 2693 724 2740 vero,
760 2688 814 2731 ut
849 2677 949 2745 pia:
982 2676 1100 2731 lidei
1134 2676 1367 2745 postulat
1414 2677 1571 2731 ratio.
1613 2678 1691 2731 Ae
1723 2676 1977 2746 deinceps
2015 2676 2127 2731 haec

579 2768 910 2835 proﬁtentes,
939 2765 1099 2836 205
1130 2779 1256 2820 suas
1303 2765 1385 2820 his
1438 2765 1785 2821 adversantes
1824 2764 2127 2820 sententias

579 2857 878 2926 repudient.
905 2856 1041 2923 Quid
1068 2855 1210 2910 enim
1252 2854 1336 2908 vel
1377 2856 1679 2925 proximum
1730 2854 1978 2909 habuerit
2010 2854 2126 2908 Arii

576 2948 894 3017 malignitati
928 2946 1163 3018 Dionysii
1203 2945 1575 3000 ﬁdes?Nonne
1609 2946 1772 3000 Arius
1829 2944 2123 3000 secundum

570 3039 845 3109 cogitandi
879 3038 1093 3094 modum
1118 3040 1381 3092 duntaxat
1408 3037 1643 3092 Verbum
1673 3051 1793 3092 esse
1818 3037 1971 3103 dicit,
2003 3036 2128 3091 Dio-

573 3132 759 3200 nysius
791 3138 967 3183 autem
1005 3142 1132 3183 vere
1151 3136 1203 3182 et
1230 3137 1422 3182 natura
1446 3141 1541 3182 sua
1573 3125 1805 3181 Verbum
1837 3126 1929 3183 Dei
1968 3127 2126 3183 esse?

572 3215 663 3269 lle
686 3215 922 3270 Verbum
953 3215 1100 3269 Patri
1128 3224 1447 3271 extraneum
1482 3215 1650 3270 dicit:
1697 3216 1783 3271 hie
1810 3217 1968 3272 docet
2006 3232 2125 3273 esse

565 3308 846 3377 proprium
889 3319 945 3363 et
977 3308 1296 3364 indivisibile
1354 3324 1385 3363 a
1430 3307 1606 3363 Patris
1635 3309 1959 3375 subStantia,
1993 3310 2130 3365 sicut

570 3402 795 3455 verbum
824 3415 855 3455 a
883 3410 1083 3464 mente,
1117 3410 1171 3457 et
1191 3400 1391 3458 ﬂumen
1445 3416 1477 3456 a
1522 3401 1692 3458 fonte.
1722 3402 1781 3458 Si
1812 3404 1933 3473 quis
1964 3404 2127 3474 igitur

562 3494 769 3561 poterit
796 3494 1035 3548 dividere
1065 3501 1120 3548 et
1158 3495 1398 3551 alienare
1438 3495 1659 3550 verbum
1696 3510 1726 3549 a
1777 3504 1953 3551 mente
1982 3535 1997 3561 ,
2043 3496 2129 3552 vel

569 3584 790 3639 ﬂuvium
820 3600 851 3639 a
889 3585 1039 3640 fonte
1063 3600 1346 3655 separare,
1370 3595 1425 3642 et
1454 3587 1609 3656 quasi
1641 3602 1796 3643 muro
1850 3596 2125 3643 exstructo

568 3676 855 3741 dirimere;
886 3677 969 3731 vel
999 3677 1139 3731 ausit
1166 3677 1348 3732 dicere
1374 3676 1593 3732 ﬂuvium
1621 3679 1846 3734 diversae
1870 3680 2122 3733 substan-

569 3767 659 3821 tia:
696 3781 727 3820 a
781 3767 951 3830 fonte,
990 3781 1055 3821 ac
1109 3767 1376 3821 diversam
1407 3768 1473 3821 ab
1504 3783 1569 3823 eo
1600 3783 1793 3837 aquam
1845 3782 2125 3823 common-

562 3868 778 3925 strare;
811 3860 892 3915 vel
920 3859 1254 3929 splendorem
1286 3874 1315 3912 a
1348 3858 1466 3913 luce
1487 3859 1763 3924 dirimere,
1782 3870 1835 3915 et
1860 3859 2125 3916 aﬂirmare

565 3968 636 4007 ex
659 3953 830 4007 aliena
888 3950 1186 4006 substantia
1236 3964 1355 4005 esse
1391 3950 1767 4020 splendorem,
1800 3967 1900 4007 nec
1946 3968 1976 4005 a
2007 3952 2126 4009 luce

569 4043 808 4112 prodire,
875 4042 920 4096 is
969 4056 1089 4096 cum
1118 4040 1246 4095 Ario
1302 4040 1577 4094 insaniat:
1615 4040 1877 4111 ejusmodi
1926 4043 2124 4112 quippe

566 4136 727 4188 homo
769 4150 837 4189 ne
888 4143 1123 4189 mentem
1156 4132 1373 4203 quidem
1400 4134 1687 4187 humanam
1741 4134 1942 4189 habere
1981 4134 2121 4188 ultra

566 4226 859 4282 videbitur.
886 4225 1037 4293 Quod
1068 4226 1112 4280 si
1143 4226 1259 4280 ha-c
1296 4224 1640 4279 indivisibilia
1667 4239 1788 4280 esse
1830 4225 1943 4293 ipsa
1970 4226 2121 4280 novit

570 4329 781 4381 natura,
822 4331 1116 4385 eorumque
1142 4314 1324 4386 proles
1365 4314 1497 4384 ipsis
1527 4316 1743 4386 propria
1771 4324 1885 4381 est;
1919 4318 2121 4387 nequis

568 4410 729 4479 igitur
758 4410 1009 4477 deinceps
1040 4423 1164 4463 cum
1190 4407 1323 4463 Ario
1344 4407 1560 4472 sentiat,
1588 4418 1680 4462 aut
1702 4408 2008 4477 Dionysium
2031 4423 2121 4464 ca-

566 4501 813 4555 lumnlari
840 4501 1010 4566 ausit;
1046 4499 1141 4555 sed
1182 4499 1353 4568 magis
1379 4498 1505 4553 hinc
1537 4498 1656 4569 ejus
1690 4512 1811 4553 cum
1852 4499 2117 4556 sermonis

562 4595 1021 4660 persuicuitatem,
1048 4602 1163 4648 tum
1201 4602 1406 4649 rectam
1436 4593 1595 4649 tidem
1619 4594 1939 4649 admiretur.

639 4814 690 4877 ⁸⁵,
704 4811 858 4871 Joan.
888 4830 977 4879 xv,
1005 4815 1094 4871 20.

2233 2026 2528 2095 ναυπηγὸν.
2563 2028 2671 2080 Καὶ
2700 2028 2813 2097 ἃμα
2859 2027 3283 2097 ὁμολογείτωσαν
3330 2028 3422 2081 καὶ
3466 2028 3612 2095 ἅπερ
3654 2022 3797 2077 εἶπεν

2232 2118 2663 2189 ἀπολογούμενος
2693 2120 2800 2189 (19)
2825 2120 2886 2172 τὸ
2908 2122 3218 2190 όμοούσιον·
3252 2121 3342 2173 καὶ
3389 2120 3449 2171 τὸ
3479 2120 3544 2171 ὲκ
3573 2118 3672 2187 τῆς
3710 2117 3794 2169 ού-

2233 2211 2351 2275 σίας
2380 2208 2517 2265 εἶναι
2546 2213 2634 2265 τὸν
2661 2212 2807 2273 Υίὸν,
2844 2214 2936 2265 καὶ
2963 2212 3024 2264 τὸ
3046 2212 3213 2266 ἀΐδιον
3233 2253 3247 2275 ,
3276 2214 3369 2265 καὶ
3396 2213 3486 2265 τὸν
3517 2210 3645 2263 νοῦν
3668 2210 3794 2281 πρὸς

2233 2303 2322 2356 τὸν
2372 2304 2546 2373 λόγον,
2574 2306 2671 2375 τήν
2720 2322 2778 2357 τε
2829 2303 3034 2375 πηγὴν,
3080 2305 3288 2358 καὶτὸν
3320 2305 3585 2374 ποταμὸν,
3615 2303 3707 2357 καὶ
3732 2301 3795 2353 τὰ

2233 2398 2403 2452 ἄλλα’
2456 2399 2541 2450 ίνα
2591 2398 2832 2469 κᾶν(20)
2878 2402 2941 2452 ἐκ
2986 2400 3087 2471 τῆς
3140 2400 3400 2467 διαφορᾶς
3466 2397 3658 2465 γνῶσι,
3688 2397 3793 2458 πῶς

2233 2492 2415 2544 ἐκεῖνα
2449 2492 2544 2561 μὲν
2588 2492 2705 2545 κατ’
2735 2493 3064 2563 οἰκονομίαν,
3087 2492 3258 2546 ταῦτα
3283 2492 3359 2552 δὲ,
3410 2491 3486 2553 ὡς
3517 2492 3547 2542 6
3588 2490 3687 2558 τῆς
3713 2489 3794 2540 εύ-

2236 2582 2425 2645 σεὸοῦς
2459 2583 2691 2645 πίστεως
2740 2582 2983 2652 βούλεται
3005 2582 3180 2651 λόγος,
3210 2582 3416 2653 εἴρηκε.
3451 2581 3565 2633 Καὶ
3618 2581 3796 2632 λοιπὸν

2231 2674 2405 2728 ταῦτα
2461 2675 2709 2743 λέγοντες
2763 2676 3054 2748 ἀναιρῶσιν
3101 2676 3211 2745 (21)
3256 2677 3396 2744 ἆπερ
3450 2672 3571 2726 κατ’
3625 2672 3795 2725 αὐτῶν

2232 2766 2432 2820 τούτων
2486 2768 2806 2838 ἐφρόνησαν.
2866 2768 2929 2821 Τί
2988 2768 3097 2840 γὰρ
3152 2767 3250 2821 κᾶν
3312 2768 3481 2835 ἐγγὺς
3544 2766 3657 2835 ἔχει
3694 2764 3795 2817 τῶν

2244 2859 2452 2928 Ἀρείου
2512 2858 2696 2911 κακῶν
2750 2860 2783 2929 ἡ
2841 2860 3115 2912 Διονυσίου
3177 2860 3393 2922 πίστις;
3448 2858 3562 2926 Οὐχ
3612 2858 3640 2909 6
3704 2856 3795 2926 μὲν

2236 2952 2448 3021 ’Δρειος
2474 2949 2594 3003 κατ’
2614 2950 2851 3003 ἐπίνοιαν
2882 2950 3027 3019 λέγει
3055 2950 3145 3003 τὸν
3176 2949 3367 3017 Λόγον,
3398 2948 3497 3001 ὁδὲ
3530 2947 3794 3009 Διονύσιος

2229 3041 2479 3111 ἀληθινὸν
2512 3043 2604 3094 καὶ
2636 3041 2793 3110 φύσει
2821 3042 2992 3111 Λόγον
3025 3042 3119 3095 τοῦ
3155 3041 3320 3105 Θεοῦ;
3348 3042 3456 3094 Καὶ
3486 3042 3515 3092 6
3542 3041 3640 3110 μὲν
3666 3040 3794 3091 ἁπο-

2232 3133 2370 3198 ξενοῖ
2423 3134 2515 3186 τὸν
2567 3133 2720 3201 λόγον
2772 3133 2879 3187 ἀπὸ
2909 3132 3023 3201 γτοῦ
3080 3132 3319 3199 Πατρός
3352 3132 3380 3183 6
3437 3130 3494 3183 δὲ
3541 3129 3674 3182 ἴδιον
3710 3127 3795 3181 καὶ

2232 3223 2528 3295 ἀδιαίρετον
2564 3223 2662 3291 τῆς
2693 3221 2787 3275 τοῦ
2834 3222 3044 3293 Πατρὸς
3087 3220 3273 3283 οὐσίας
3300 3218 3462 3271 αὑτὸν
3497 3215 3639 3271 εἶναι
3667 3217 3795 3270 διδά-

2232 3330 2379 3366 σκειο
2409 3313 2483 3375 ὠς
2512 3313 2656 3365 ἔστιν
2676 3314 2705 3364 6
2735 3313 2888 3381 λόγος
2919 3314 3053 3384 πρὸς
3094 3312 3185 3365 τὸν
3226 3310 3370 3375 νοῦν,
3407 3310 3501 3363 καὶ
3558 3308 3793 3379 ποταμὸς

2231 3407 2365 3477 πρὸς
2395 3405 2491 3477 τὴν
2527 3408 2729 3477 πηγήν.
2772 3407 2834 3459 Ei
2866 3407 2961 3476 μὲν
2977 3402 3067 3459 οὖν
3092 3406 3315 3477 διαιρεῖν
3345 3406 3437 3458 καὶ
3500 3403 3792 3471 ἀποξενοῦν

2227 3497 2319 3550 τὸν
2344 3497 2495 3565 λόγον
2526 3498 2619 3549 καὶ
2655 3497 2744 3549 τὸν
2774 3496 2895 3549 νοῦν
2923 3514 3005 3560 τις
3030 3496 3267 3559 δύναται,
3311 3495 3345 3566 ἢ
3403 3495 3495 3548 τὸν
3555 3494 3791 3565 ποταμὸν

2228 3590 2321 3641 καὶ
2344 3590 2439 3659 τὴν
2469 3588 2649 3659 πηγὴν
2679 3588 2917 3659 μερίσαι,
2951 3588 3043 3641 καὶ
3091 3588 3330 3657 τειχίσας
3360 3587 3588 3640 διελεῖν·
3644 3587 3678 3657 ἢ
3706 3586 3791 3638 τὸν

2228 3680 2465 3751 ποταμὸν
2512 3680 2815 3753 ἐτερούσιον
2863 3681 3033 3733 εἰπεῖν
3089 3680 3225 3751 πρὸς
3283 3679 3382 3750 τὴν
3434 3680 3639 3751 πηγὴν,
3698 3678 3788 3731 καὶ

2227 3770 2374 3837 ξένον
2406 3770 2465 3823 τὸ
2497 3769 2639 3841 ὕδωρ
2684 3770 2885 3835 δεῖξαι,
2921 3771 2953 3841 ἢ
2987 3771 3048 3825 τὸ
3101 3770 3440 3840 ἀπαύγασμα
3483 3771 3655 3841 τολμᾷ
3680 3768 3784 3839 (22)

2224 3862 2415 3916 διελεῖν
2460 3862 2565 3915 ἀπὸ
2624 3861 2715 3914 τοῦ
2749 3863 2924 3930 φωτὸς
2956 3863 3049 3916 καὶ
3086 3864 3258 3916 εἰπεῖν
3288 3862 3349 3927 ἐξ
3388 3863 3581 3935 ἐτέρας
3610 3861 3784 3921 οὐσίας

2225 3951 2361 4009 εἶναι
2397 3955 2458 4007 τὸ
2488 3954 2843 4025 ἀπαύγασμα,
2863 3957 2956 4010 καὶ
2982 3956 3055 4027 μὴ
3083 3957 3144 4008 ὲκ
3170 3956 3260 4008 τοῦ
3293 3956 3493 4025 φωτὸς,
3521 3954 3781 4025 μαινέσθω

2228 4045 2364 4116 μετά
2398 4046 2604 4117 Ἀρείου
2629 4062 2641 4075 ·
2667 4048 2695 4098 6
2723 4048 2830 4116 γὰρ
2860 4046 3097 4109 τοιοῦτος
3128 4046 3256 4116 μηδὲ
3286 4045 3411 4097 νοῦν
3452 4042 3778 4116 ἀνθρώπινον

2222 4135 2359 4205 ἔχων
2390 4135 2467 4187 ἔτι
2493 4136 2600 4207 (25)
2622 4137 2951 4207 φανήσεταιο
2982 4136 3031 4189 εί
3064 4136 3118 4188 δὲ
3145 4135 3422 4206 ἀδιαίρετα
3455 4135 3622 4189 ταῦτα
3647 4128 3777 4185 οἶδεν

2223 4229 2255 4299 ἡ
2286 4228 2464 4296 φύσις,
2492 4230 2584 4281 καὶ
2612 4228 2670 4281 τδ
2698 4229 2899 4281 τούτων
2929 4228 3039 4300 (24)
3083 4227 3327 4299 γέννημα
3366 4228 3518 4292 ἴδιον,
3545 4229 3674 4299 μήτε
3710 4224 3773 4278 τὰ

2236 4317 2440 4388 ’Λρείου
2487 4334 2570 4380 τις
2614 4316 2693 4369 ἔτι
2745 4316 2929 4370 λοιπὸν
2986 4318 3268 4388 φρονείτω,
3323 4321 3459 4387 μήτε
3516 4313 3771 4369 Διονύσιον

2218 4407 2544 4461 διαϐαλλέτω
2564 4426 2577 4437 ·
2602 4407 2737 4461 ἀλλά
2771 4410 2863 4461 καὶ
2895 4408 3095 4479 μᾶλλον
3123 4410 3188 4461 ὲκ
3231 4408 3436 4461 τούτων
3464 4406 3577 4477 (25)
3614 4400 3770 4458 αὺτοῦ

2218 4500 2541 4570 Θαυμαζέτω
2568 4502 2666 4571 τήν
2691 4518 2750 4553 τε
2774 4500 2867 4554 τοῦ
2896 4501 3050 4570 λόγου
3074 4501 3394 4573 λευκότητα,
3430 4502 3525 4555 καὶ
3553 4499 3644 4570 τὴν
3674 4495 3768 4564 τῆς

2220 4592 2450 4654 πίστεως
2473 4590 2779 4663 ὀρθότητα.¹

633 5042 744 5115 (17)
798 5044 1017 5115 Taurin.
1066 5044 1215 5100 Colb.
1285 5042 1394 5100 Jes.
1426 5043 1563 5109 soli,
1611 5045 1639 5098 ὁ
1672 5042 2122 5115 εηιεᾲμέγιατοςν

2231 5110 2262 5115 _
2289 5039 2401 5115 (22)
2432 5038 2593 5115 Βρερ
2609 5039 2669 5093 τδ
2699 5039 3135 5115 ἅμαομηλεῃᾶρεθ.
3162 5036 3389 5115 Taurin.
3413 5035 3675 5115 Colh._1es.
3705 5044 3759 5115 et

561 5112 879 5195 Raulogpost
909 5114 1021 5195 καί,
1061 5123 1186 5195 apte
1213 5115 1460 5195 ἄγγελον,
1508 5117 1656 5170 deest
1708 5112 1937 5195 inoReg.
1972 5114 2115 5195 Tau-

560 5184 669 5238 rin.
712 5184 864 5240 Colb.
912 5182 1023 5239 Jes.
1076 5182 1387 5253 Opportune
1446 5194 1625 5241 tamen
1677 5182 1911 5254 positum
1971 5185 2116 5241 vide-

560 5265 739 5391 un(.68)
770 5322 989 5377 Taurin.
1021 5322 1173 5380 Colb.
1196 5320 1317 5393 les.
1338 5321 1518 5393 Fr._l,
1548 5323 1845 5393 ὲνενόηκεν.

630 5396 739 5464 (19)
758 5394 845 5448 Sic
871 5394 998 5460 Reg.
1024 5393 1244 5464 Taurin.
1264 5391 1539 5464 Colb..les.
1558 5394 1649 5464 Fr.
1680 5391 1731 5449 1.
1749 5394 1805 5448 In
1834 5393 1991 5448 editis
2018 5392 2113 5447 καί

556 5461 909 5550 desideratur.
945 5464 1144 5520 Ibidem
1170 5461 1307 5529 Jes.,
1336 5462 1782 5536 ὁμολογούμενος,
1801 5479 1899 5533 pro
1924 5464 2119 5517 ἀπολο-

554 5550 653 5603 γου
730 5552 839 5597 νος.

760 5604 980 5685 Iaurin.
1005 5603 1178 5685 .Colb..
1197 5600 1655 5685 Jes.,'_ixav&_3¢&v.

629 5675 739 5793 (ξι)
762 5672 980 5759 Taurin.
998 5672 1133 5760 J‘es.,
1155 5674 1485 5757 ἀναιροῦσιν.
1506 5674 1624 5729 Mox
1648 5676 1805 5731 iidem
1830 5689 1949 5757 cum
1966 5673 2117 5730 Colb.

684 5759 727 5793 r.
748 5743 799 5793 1.
820 5759 920 5793 κατ
965 5746 1124 5793 αυτὸν
1144 5762 1349 5793 τουτον.
1378 5744 1576 5793 lhtdem
1609 5745 1739 5793 Rea-
1770 5744 2116 5793 TanrmJes-

558 5753 617 5817 ει
639 5743 727 5817 Fr.
748 5743 799 5817 l_,
820 5743 1349 5817 κατζαύτὸνῌτοῦτον.
1378 5744 1576 5817 Ibidem
1594 5745 1753 5817 _Reg._
1770 5744 1990 5817 Taurin.
2006 5744 2116 5817 Jes.

563 5807 652 5886 lfr.
691 5809 1090 5886 t._£m_._§:ttiti,
1124 5814 1256 5883 ἔχει.
1292 5814 1407 5869 Mox
1430 5810 1668 5871 'Taurin.
1690 5807 1872 5873 'Colb.
1905 5813 2043 5881 εει,
2082 5816 2116 5886 ή

562 5877 834 5931 Διονυσίου
846 5877 1003 5942 δόξα.

2220 5104 2607 5183 Ρτξ1ξίτολμᾲ,
2637 5104 2802 5183 recte:
2832 5109 3153 5183 Editi,_&p.st.
3174 5110 3293 5165 Mox
3324 5111 3457 5183 haec,
3495 5110 3756 5183 καὶείπεῖν

2220 5165 2278 5249 ἐξ
2303 5165 2713 5252 ἔτ’ἑραςρῦσίας
2746 5176 2882 5252 εἶναι
2903 5180 2960 5232 τὸ
2981 5165 3347 5252 Ῐάτὲαύγασμα,
3364 5165 3468 5252 ,καὶ
3492 5180 3646 5252 μήᾲὲκ
3666 5173 3754 5227 τοῦ

2219 5249 2421 5322 φωτός,
2453 5251 2710 5322 ineditis
2748 5251 2943 5322 omissa
2976 5249 3204 5322 fuerant,
3235 5249 3379 5319 quod
3404 5249 3603 5322 phrasis
3621 5254 3755 5322 esset

2216 5314 2972 5391 praecedentiﬁpomrélsutoq.
2990 5318 3091 5374 Sed
3119 5314 3383 5375 habentur
3405 5314 3460 5375 in
3492 5320 3610 5387 Reg.
3627 5314 3754 5369 Tau-

2217 5388 2321 5445 i'in.
2350 5391 2502 5445 Colb.
2533 5388 2642 5444 Jes.
2668 5389 2758 5443 Fr.
2795 5392 2841 5444 1.

2285 5461 2395 5531 (25)
2422 5460 2515 5516 Sic
2548 5461 2679 5530 Reg.
2738 5458 2955 5515 Taurin.
2994 5457 3106 5516 les.
3146 5458 3203 5515 In
3224 5459 3385 5517 editis
3430 5458 3507 5513 ἔτι
3553 5454 3750 5512 deside-

2214 5541 2382 5584 ratur.

2305 5601 2396 5671 24)
2430 5598 2519 5655 Sic
2544 5599 2692 5671 Reg.
2729 5598 2949 5671 Taurin.
2977 5598 3283 5669 Colb.Jes.,
3304 5600 3507 5654 τούτου.
3532 5593 3653 5654 Editi
3684 5599 3747 5644 et

2212 5667 2560 5724 Felckmanni
2596 5670 2828 5733 codices,
2843 5670 3063 5724 τούτων.

2285 5740 2394 5811 (25)
2441 5732 2832 5822 Reg..Taur.in.
2860 5740 3009 5799 Colb.
3032 5742 3167 5808 Jes.,
3198 5742 3265 5798 ὲκ
3294 5742 3511 5807 τούτων,
3546 5732 3745 5795 rectius

2213 5809 2383 5882 quam»
2411 5809 2563 5879 editi,
2582 5810 2647 5866 ὲκ
2676 5809 2887 5868 τούτου.
