3954 6504
126 438 214 495 N7

1288 428 1379 485 DE
1418 430 1802 487 SENTENTIA
1842 432 2185 491 DIONYSHQ

3231 441 3333 496 518

180 552 265 605 ,5.
301 551 425 602 ὀτι
452 546 563 619 γὰρ
610 547 743 618 πρὸς
776 545 875 617 τὴν
935 547 1130 617 μανίαν
1169 547 1376 620 ’Λρείου
1423 548 1703 617 λέγοντος.

1839 550 1930 603 25.
1966 548 2117 616 Quod
2148 558 2357 617 spectat
2378 557 2554 605 autem
2589 550 2733 605 illam
2761 552 2876 606 Arii
2908 552 3199 619 insaniam,
3229 570 3335 623 qua

126 643 263 699 ἄλλον
293 636 432 693 εἶναι
462 640 552 691 τὸν
568 641 625 691 ὲν
654 638 731 708 τῷ
762 637 880 708 Θεῷ
911 640 1080 706 Λόγον
1103 679 1118 702 ,
1146 640 1241 692 καὶ
1272 640 1428 694 ἀλλον
1458 640 1584 710 περὶ
1613 634 1673 693 οὗ

127 751 271 807 φησιν
318 736 348 785 6
399 733 651 801 Ἰωάννης
681 770 695 795 ,
746 732 846 786 Ἐν
892 730 1047 800 ἀρχιῖ
1109 728 1186 801 ἦν
1231 734 1263 785 ό
1323 733 1539 800 Λόγυςο
1586 734 1681 782 καὶ

128 826 275 896 ἄλλην
306 821 417 894 (26)
465 824 561 893 μὲν
596 822 728 875 ἰδίαν
766 822 952 890 σοφίαν
986 818 1123 875 εἶναι
1150 825 1206 875 ὲν
1242 821 1319 892 τῷ
1343 822 1480 891 Θεῷ,
1516 822 1680 892 ἄλλην

126 918 172 970 δὲ
199 915 320 987 περὶ
345 910 414 985 ἧς
442 930 606 986 φησιν
642 915 671 967 6
726 913 1069 977 Ἀπόστολος’
1104 913 1353 981 Χριστὸς
1388 913 1534 966 Θεοῦ
1573 912 1682 965 Δύ-

128 1022 285 1075 ναμις
314 1005 413 1058 καὶ
433 1004 581 1058 Θεοῦ
617 1004 796 1072 Σοφία
819 1022 832 1035 ο
873 1004 1032 1057 πάλιν
1068 1007 1096 1057 6
1128 1004 1397 1067 Διονύσιος
1434 1003 1683 1058 ἀνθίστα-

128 1118 201 1152 ται
232 1100 323 1152 καὶ
350 1096 625 1151 διαϐάλλει
662 1096 761 1166 τὴν
788 1095 1042 1166 τοιαύτην
1072 1097 1405 1161 κακοδοξίαν·
1442 1097 1542 1166 ὅρα
1578 1095 1683 1147 πά-

130 1194 197 1245 λιν
228 1190 346 1253 πῶς
376 1192 434 1243 ἐν
461 1189 538 1259 τῷ
567 1187 803 1259 δευτέρῳ
832 1188 1018 1259 βιϐλίῳ
1040 1186 1148 1258 (2Ἲ)
1173 1190 1369 1261 γράφει
1402 1189 1528 1259 περὶ
1564 1187 1685 1240 τού-

130 1301 221 1337 των
250 1281 425 1345 οὕτως
444 1299 457 1311 ⁸
499 1300 517 1332 ι
564 1282 659 1333 Ἐν
684 1281 840 1351 ἀρχῇ
883 1281 962 1349 ἦν
985 1285 1017 1335 ὀ
1043 1282 1229 1349 Λόγος
1249 1298 1262 1311 ·
1292 1280 1405 1333 ἀλλ’
1471 1282 1570 1333 οὐκ
1620 1273 1686 1350 ἦν

132 1376 282 1444 Λόγος
313 1373 425 1443 (28)
455 1376 485 1426 ὁ
515 1374 603 1427 τὸν
635 1375 804 1441 Λόγον
836 1373 1157 1444 προέμενος·
1189 1370 1255 1444 ἦν
1300 1373 1406 1444 γὰρ
1446 1376 1477 1425 6
1518 1374 1687 1441 Λόγος

132 1466 252 1537 πρὸς
304 1465 399 1518 τὸν
431 1464 582 1518 Θεόν.
639 1466 806 1533 Σοφία
835 1466 1123 1535 γεγένηται
1160 1468 1189 1517 ὁ
1223 1465 1423 1536 Κύριος
1446 1482 1459 1494 θ
1491 1466 1589 1517 οὐκ
1620 1460 1687 1535 ἦν

133 1554 211 1611 οὖν
256 1556 417 1625 σοφία
464 1556 492 1606 ὁ
546 1556 644 1625 τὴν
702 1556 889 1625 σοφίαν
934 1556 1112 1618 ἀνείς·
1160 1554 1305 1625 Ἐγὼ
1352 1555 1459 1626 γὰρ
1506 1554 1685 1624 ἤμην,

136 1650 304 1720 φησὶν,
346 1642 387 1719 ᾖ
432 1648 846 1717 προσέχαιρεν.
910 1648 1159 1717 Ἀλήθειά
1191 1650 1334 1699 ἐστιν
1363 1648 1390 1699 6
1421 1646 1649 1715 Χριστός
1673 1664 1685 1676 σ

136 1741 466 1808 Εὐλογητὸς
491 1739 579 1799 δὲ,
615 1741 797 1807 φησὶν,
824 1741 856 1792 ό
888 1738 1030 1802 Θεὸς
1054 1737 1157 1803 τῆς
1200 1737 1537 1803 ἀληθείας.)
1585 1737 1691 1788 Ἐν-

135 1831 290 1884 ταῦθα
321 1832 418 1884 καὶ
447 1830 727 1882 Σαϐἐλλιον
754 1830 845 1883 καὶ
871 1831 999 1899 Ἀρε
1011 1846 1084 1881 ιον
1110 1828 1422 1898 ἀνατρέπει,
1450 1828 1543 1880 καὶ⁴
1584 1828 1687 1896 ἀμ-

1781 642 1929 704 dicit,
1959 642 2104 695 aliud
2133 656 2253 695 esse
2290 643 2431 710 quod
2465 642 2517 694 in
2560 642 2668 695 Deo
2696 651 2778 696 est
2816 642 3069 708 Verbum,
3106 654 3162 699 et
3188 646 3337 699 aliud

1782 733 1846 785 de
1878 746 1986 801 quo
2019 732 2227 786 locutus
2250 743 2333 785 est
2364 730 2603 786 Joannes
2631 750 2644 785 :
2674 731 2740 785 In
2770 734 3023 801 principio
3051 746 3165 787 erat
3203 733 3336 788 Ver-

1784 822 1905 875 bum
1921 824 1968 858 "
1998 841 2012 876 :
2040 834 2094 877 et
2123 824 2283 877 aliam
2308 824 2577 893 propriam
2606 838 2727 879 esse
2760 824 2813 877 in
2862 823 2970 878 Deo
2995 826 3336 894 sapientiam,

1780 912 1941 966 aliam
1994 928 2123 967 vero
2181 931 2339 983 quam
2385 916 2466 969 bis
2514 918 2695 970 verbis
2740 915 2941 969 indicat
2992 917 3324 984 Apostolus:

1780 1000 2017 1058 Christus
2048 1006 2143 1059 Dei
2174 1005 2350 1059 Virtus
2381 1016 2426 1058 et
2462 1004 2561 1060 Dei
2578 1005 2849 1075 Sapientia
2871 1008 2949 1071 ⁶⁶;
2978 1007 3104 1059 illud
3134 1022 3343 1060 summa

1781 1097 1834 1147 vi
1866 1094 2146 1164 impugnat
2186 1094 2497 1166 Dionysius,
2554 1111 2888 1165 pravamque
2922 1097 3065 1150 illam
3120 1110 3342 1152 senten—

1783 1184 1911 1239 tiam
1946 1196 2165 1241 strenue
2217 1188 2512 1241 insectatur
2542 1208 2558 1243 :
2615 1190 2756 1249 vide,
2791 1204 2994 1256 quaeso,
3027 1204 3133 1257 quo
3190 1203 3346 1258 pacto

1784 1276 1837 1329 in
1890 1278 2123 1333 secundo
2156 1277 2292 1331 libro
2342 1278 2427 1333 his
2481 1280 2549 1333 de
2581 1282 2748 1335 rebus
2788 1283 2954 1335 verba
2980 1281 3183 1335 faciat:
3217 1300 3238 1331 ε
3280 1281 3346 1334 1η

1784 1369 2038 1437 principio
2064 1381 2173 1423 erat
2214 1368 2439 1424 Verbum
2458 1387 2477 1424 :
2506 1373 2601 1426 sed
2649 1388 2753 1427 non
2784 1383 2901 1426 erat
2945 1374 3175 1429 Verbum
3205 1377 3345 1443 quod

1789 1461 2022 1515 Verbum
2060 1462 2342 1531 protulerit
2365 1480 2379 1528 ;
2407 1473 2526 1517 erat
2553 1464 2694 1518 enim
2719 1463 2952 1520 Verbum
2978 1468 3116 1537 apud
3140 1465 3306 1521 Deum
3331 1486 3345 1520 :

1788 1550 2052 1607 Dominus
2096 1555 2357 1621 sapientia
2408 1566 2529 1623 est;
2584 1572 2690 1611 non
2720 1568 2838 1612 erat
2871 1560 3036 1630 igitur
3084 1560 3349 1626 sapientia

1789 1649 1878 1717 qui
1915 1649 2230 1717 sapientiam
2269 1650 2519 1717 produxit
2550 1670 2563 1705 :
2600 1667 2746 1717 nam,
2788 1652 2898 1721 Ego
2946 1669 3123 1716 eram,
3157 1653 3348 1720 inquit,

1789 1756 1892 1808 qua
1921 1740 2274 1793 delectabatur
2319 1742 2384 1793 ⁸⁷.
2429 1742 2641 1795 Veritas
2677 1754 2761 1797 est
2793 1743 3081 1798 Christus:
3125 1742 3352 1797 Benedi-

1793 1842 1905 1884 ctus
1936 1842 2127 1897 autem,
2153 1832 2246 1895 ait,
2285 1831 2421 1885 Deus
2443 1836 2677 1888 veritatis
2698 1835 2762 1889 (⁵⁸.
2791 1854 2809 1885 ι
2832 1835 2903 1888 lbi
2934 1851 3035 1888 una
3064 1835 3356 1898 Sabellium

138 1924 351 1993 φοτέρας
379 1922 477 1985 τὰς
501 1922 741 1993 αἱρέσεις
776 1921 894 1983 ἴσας
910 1922 967 1972 ἐν
996 1919 1216 1989 ἀσεϐείᾳ
1241 1919 1533 1970 δείκνυσιν·
1568 1915 1691 1969 οὔτε

1807 1931 1848 1976 at
1877 1923 2061 1975 Arium
2090 1924 2309 1986 evertit,
2333 1925 2631 1995 ambasque
2660 1926 2893 1980 haereses
2930 1926 3075 1992 paris
3107 1925 3355 1992 impieta-

139 2014 229 2085 γὰρ
258 2016 432 2081 Λόγος
459 2014 606 2067 ἐστὶν
634 2014 663 2063 6
707 2012 801 2065 τοῦ
840 2012 1012 2080 Λόγου
1074 2010 1283 2081 Πατὴρ,
1311 2009 1433 2062 οὔτε
1482 2009 1692 2078 ποίημά

139 2106 319 2159 ὲπιτὺ
340 2108 410 2158 ἐκ
436 2105 531 2157 τοῦ
571 2104 799 2175 Πατρὸς,
828 2104 960 2157 ἀλλὰ
1000 2104 1129 2157 ἴδιον
1154 2102 1253 2173 τῆς
1298 2102 1484 2164 οὐσίας
1528 2101 1692 2154 αὑτοῦ

140 2197 386 2267 γέννημα.
419 2196 590 2249 Πάλιν
616 2213 674 2247 τε
708 2196 806 2248 οὑκ
827 2194 939 2248 ἐστι
969 2196 1157 2266 Πατὴρ
1188 2197 1216 2246 6
1274 2194 1547 2264 προελθὼν
1597 2194 1697 2247 Λό-

142 2304 249 2353 γος·
279 2286 403 2340 οὐδὲ
439 2285 600 2340 πάλιν
652 2288 715 2339 ἐκ
768 2284 977 2337 πολλῶν
1011 2281 1091 2348 εἷς
1120 2286 1265 2339 ἐστιν
1322 2280 1474 2349 οὗτος
1505 2286 1695 2353 Λόγος,

143 2378 259 2431 ἀλλὰ
289 2379 452 2448 μόνος
480 2378 597 2429 ἐστί
625 2378 716 2429 τοῦ
756 2376 965 2448 Πατρὸς
1000 2378 1152 2441 Υἱὸς,
1184 2378 1431 2449 ἀληθινὸς
1461 2379 1552 2431 καὶ
1598 2378 1698 2448 φύ-

144 2486 211 2522 σει
237 2471 479 2540 γνήσιος,
515 2472 543 2521 6
564 2470 656 2521 καὶ
687 2468 779 2521 νῦν
800 2468 871 2521 ὢν
897 2470 1005 2539 (29)
1042 2472 1100 2524 ὲν
1150 2470 1315 2541 αὐτῷ,
1372 2472 1465 2523 καὶ
1518 2471 1701 2534 ἁῖδίως

145 2562 225 2614 καὶ
257 2561 582 2633 ἁδιαιρέτως
628 2559 703 2614 ὢν
742 2560 800 2625 ἐξ
836 2563 1019 2615 αὑτοῦ.
1064 2562 1216 2615 Οὕτω
1255 2563 1349 2616 καὶ
1389 2563 1546 2630 σοφία
1610 2564 1703 2615 καὶ

145 2650 357 2722 ἀλήθειά
380 2652 529 2703 ἐστιν
558 2651 585 2703 6
624 2649 847 2720 Κύριος,
879 2651 971 2703 καὶ
991 2652 1090 2704 οὐκ
1133 2650 1280 2703 ἔστιν
1310 2651 1471 2719 ἄλλης
1510 2651 1701 2719 σοφίας

146 2742 378 2813 δεύτερος
405 2760 417 2772 ·
449 2740 587 2794 ἀλλά
614 2742 772 2811 μόνος
802 2734 954 2805 οὗτός
985 2743 1098 2796 ἐστι
1129 2743 1194 2795 δι’
1226 2738 1285 2795 οὗ
1303 2742 1371 2795 τὰ
1400 2742 1574 2795 πάντα
1606 2760 1703 2794 πε-

149 2834 358 2906 ποίηκεν
387 2837 415 2887 6
471 2832 679 2904 Πατὴρ,
730 2834 824 2886 καί⁵
880 2835 935 2886 ὲν
980 2833 1129 2904 αὐτῷ
1180 2835 1543 2904 συνεστήσατο
1598 2833 1705 2887 τῶν

149 2925 374 2995 γενητῶν
399 2925 498 2988 τὰς
524 2924 771 2989 ποικίλας
798 2925 1013 2988 οὐσίας’
1041 2926 1109 2979 δι’
1138 2924 1300 2978 αὐτοῦ
1340 2942 1400 2977 τε
1449 2924 1707 2995 γνωρίζε-

150 3034 223 3069 ται
253 3012 334 3080 οἷς
361 3016 427 3070 ἂν
447 3015 623 3069 ὲοέλοι
644 3016 755 3087 (50)
773 3033 785 3045 ·
814 3017 907 3069 καὶ
933 3017 989 3070 ὲν
1033 3014 1179 3085 αὐτῷ
1205 3013 1302 3085 τὴν
1334 3016 1441 3067 τῶν
1494 3017 1707 3069 πάντων

150 3112 391 3181 πρόνοιαν
435 3110 667 3162 ποιεῖται
706 3109 799 3166 καὶ
828 3109 1138 3179 ἐργάζεται.
1171 3110 1345 3163 Μόνον
1373 3107 1480 3177 γὰρ
1524 3107 1709 3160 τοῦτον

148 3198 242 3255 οἶδε
265 3202 358 3255 τοῦ
398 3200 535 3254 Θεοῦ
561 3200 729 3269 Λόγον
762 3201 854 3253 καὶ
886 3202 1178 3266 Διονύσιος.
1202 3200 1348 3271 Αὕτη
1384 3200 1475 3253 τοῦ
1526 3202 1709 3254 Διονυ-

152 3292 253 3344 σίου
300 3294 333 3363 ἡ
381 3291 567 3354 πίστις
590 3307 603 3319 ·
656 3290 811 3359 ὀλίγα
832 3290 939 3361 γὰρ
966 3292 1030 3344 ὲκ
1065 3292 1172 3344 τῶν
1207 3290 1501 3344 ἐπιστολῶν
1546 3290 1709 3344 αὐτοῦ

155 3382 462 3451 συναγαγὼν
516 3381 750 3452 ἔγραψα,
805 3382 1077 3452 δυνάμενα
1136 3386 1431 3455 παρασχεῖν
1473 3400 1554 3436 σοι
1614 3382 1712 3452 μὲν

154 3475 391 3547 ἀφορμὴν
413 3477 494 3539 εἰς
521 3474 583 3527 τὸ
606 3473 826 3528 πλείονα
858 3476 1223 3545 προστιθέναι,
1263 3478 1374 3538 τοῖς
1399 3475 1455 3527 δὲ
1505 3476 1714 3545 Ἀρεια-

155 3570 251 3628 νοίς
283 3568 545 3639 μεγίστην
575 3565 835 3636 αἰσχύνην
867 3566 955 3619 διὰ
980 3566 1077 3635 τὴν
1110 3566 1250 3618 κατὰ
1285 3565 1392 3634 (51)
1448 3563 1541 3616 τοῦ
1592 3564 1713 3615 ἐπι-

156 3659 343 3711 σκόπου
369 3659 753 3728 συκοφαντίαν.
798 3659 885 3711 Ἐν
913 3660 1043 3712 πᾶσι
1070 3657 1177 3729 γὰρ
1206 3658 1297 3710 καὶ
1331 3656 1449 3709 καθ’
1489 3656 1714 3709 ἕκαστον

157 3747 211 3799 δι’
234 3742 306 3801 ὧν
354 3748 619 3821 ἔγραψεν,
653 3749 874 3819 ἤλεγξεν
924 3748 1101 3803 αὐτῶν
1144 3748 1241 3820 τὴν
1272 3746 1721 3818 κακοφροσύνην,

159 3841 240 3891 καὶ
262 3841 359 3912 τὴν
394 3841 607 3911 αἵρεσιν
630 3841 807 3894 αὐτῶν
831 3842 1223 3913 ὲστηλίτευσεν.

216 3932 301 3987 26.
326 3934 537 3987 Οὐκοῦν
564 3934 673 3987 ἀπὸ
720 3934 922 3987 τούτων
970 3934 1239 3987 δείκνυται
1269 3934 1359 3987 καὶ
1388 3934 1419 4003 ἡ
1463 3930 1595 4001 πρὸς
1622 3931 1721 3983 Εὐ-

160 4026 389 4096 φράνορα
424 4028 520 4079 καὶ
566 4026 865 4097 Ἀρμὼνιον
894 4026 1167 4097 ἐπιστολὴ,
1196 4026 1401 4095 διανοίᾳ
1444 4024 1576 4093 ἄλλῃ
1607 4023 1716 4093 (52)

159 4119 267 4167 κατ’
287 4117 602 4186 οἰκονομίαν
629 4119 901 4186 γραφεῖσα
929 4118 1059 4187 παρ’
1078 4116 1241 4168 αὑτοῦ
1265 4134 1276 4144 ·
1311 4115 1467 4167 τοῦτο
1492 4116 1597 4183 γὰρ
1627 4114 1721 4166 καὶ

158 4206 187 4275 ὴ
220 4209 482 4277 ἀπολογία
505 4207 669 4261 αὑτοῦ
692 4208 947 4261 δείκνυσι.
988 4208 1096 4260 Καὶ
1125 4208 1269 4261 ἐστιν
1304 4207 1514 4275 ἁληοῶς
1552 4222 1720 4267 τυπος

158 4290 300 4363 οὗτος
328 4302 553 4363 πιθανὸς
578 4300 716 4371 πρὸς
740 4301 1045 4371 ἀνατροπὴν
1062 4300 1159 4368 τῆς
1182 4299 1466 4351 Σαϐελλίου
1505 4296 1717 4366 μανίας,

1795 2012 1863 2066 ιὶε
1886 2012 2128 2067 declarat
2160 2031 2173 2066 :
2204 2029 2377 2082 neque
2410 2015 2554 2068 enim
2587 2014 2818 2069 Verbum
2854 2024 2941 2071 est
2967 2017 3129 2071 Verbi
3180 2028 3355 2084 pater,

1795 2116 1975 2170 neque
2012 2103 2213 2158 factum
2239 2115 2322 2159 est
2342 2106 2484 2174 quod
2509 2121 2572 2161 ex
2600 2106 2759 2162 Patre
2792 2108 3060 2176 procedit,
3112 2110 3203 2163 sed
3233 2124 3358 2177 pro-

1798 2195 1911 2263 pria
1944 2195 2058 2263 ejus
2112 2198 2428 2253 substantiae
2475 2199 2679 2269 proles.
2734 2200 3078 2269 Rursumque
3122 2200 3357 2255 Verbum

1799 2287 2098 2353 procedens
2132 2303 2236 2342 non
2267 2298 2349 2342 est
2375 2288 2576 2343 Pater:
2607 2303 2703 2343 nec
2736 2289 2969 2343 Verbum
3004 2290 3163 2352 istud,
3192 2306 3359 2343 unum
3470 2343 3477 2349 ,

1800 2389 1864 2429 ex
1893 2377 2075 2430 multis
2104 2388 2206 2440 est,
2251 2378 2343 2432 sed
2373 2379 2520 2439 solus
2560 2387 2644 2432 est
2684 2378 2858 2432 Patris
2891 2378 3079 2443 Filius,
3111 2394 3271 2434 verus
3307 2390 3364 2433 et

1805 2477 1994 2521 natura
2036 2470 2324 2537 genuinus,
2355 2470 2444 2538 qui
2476 2479 2530 2524 et
2561 2485 2704 2525 nunc
2740 2471 2791 2523 in
2825 2471 2939 2538 ipso
2969 2470 3207 2535 exsistit,
3228 2471 3363 2526 etin

1802 2566 2060 2613 aeternum
2086 2569 2246 2629 atque
2290 2561 2688 2617 indivisibiliter
2713 2576 2783 2615 ex
2815 2575 2879 2616 eo
2906 2571 3008 2616 est.
3051 2560 3143 2617 Sic
3175 2573 3229 2617 et
3259 2561 3365 2617 Sa-

1804 2650 2006 2719 pientia
2044 2662 2099 2707 et
2124 2653 2337 2707 Veritas
2364 2661 2447 2709 est
2470 2654 2749 2719 Dominus,
2775 2662 2828 2708 et
2873 2669 2979 2707 non
3012 2666 3094 2709 est
3136 2654 3205 2709 ab
3256 2655 3365 2710 alia

1805 2743 2071 2810 sapientia
2124 2746 2423 2811 secundus;
2479 2745 2574 2799 sed
2619 2745 2765 2801 solus
2804 2747 2893 2800 hic
2936 2755 3019 2800 est
3052 2761 3150 2816 per
3201 2762 3365 2817 quem

1805 2834 1985 2887 omnia
2017 2831 2179 2887 Pater
2217 2834 2549 2897 condidit,in
2580 2835 2803 2903 ipsoque
2826 2835 3151 2904 multiplices
3184 2850 3367 2889 rerum

1807 2924 2085 2978 constituit
2118 2924 2492 2991 substantias;
2524 2940 2619 2995 per
2640 2941 2801 2994 quem
2829 2926 2994 2980 etiam
3030 2928 3225 2995 quibus
3257 2927 3371 2981 vult

1810 3014 2095 3081 innotescit
2126 3030 2140 3067 :
2174 3016 2227 3067 in
2253 3016 2366 3085 ipso
2396 3015 2520 3069 item
2555 3016 2793 3069 omnium
2848 3016 3237 3085 providentiam
3272 3031 3370 3086 ge-

1813 3105 1905 3169 rit,
1930 3106 2112 3160 omnia
2163 3108 2291 3176 agit.
2342 3105 2454 3161 Hoc
2510 3107 2654 3160 enim
2710 3108 2927 3160 unicum
2986 3106 3084 3161 Dei
3134 3106 3369 3163 Verbum

1814 3194 2032 3265 agnovit
2058 3204 2110 3249 et
2138 3192 2447 3264 Dionysius.
2482 3192 2605 3248 Haec
2632 3205 2716 3249 est
2748 3194 2985 3265 Dionysii
3008 3195 3161 3251 ﬁdes.
3195 3196 3374 3251 Pauca

1812 3287 1957 3341 enim
1997 3302 2063 3342 ex
2089 3288 2208 3358 ejus
2239 3287 2482 3358 epistolis
2508 3287 2735 3341 collecta
2775 3290 3111 3359 conscripsi;
3150 3304 3268 3358 qua:
3293 3300 3376 3341 ta-

1814 3392 1937 3431 men
1999 3378 2149 3448 plura
2213 3378 2442 3434 addcndi
2490 3378 2586 3431 tibi
2642 3380 2981 3434 occasionem
3042 3380 3362 3449 prazbeant:

1814 3467 2044 3523 Arianos
2070 3485 2197 3524 vero
2220 3468 2453 3524 maximo
2478 3468 2684 3538 pudore
2711 3467 3039 3535 suffundam,
3095 3471 3163 3524 ob
3220 3484 3375 3524 suam

1816 3561 2075 3617 adversus
2105 3564 2413 3633 episcopum
2446 3562 2797 3617 calumniam.
2832 3563 2889 3617 In
2914 3564 3165 3620 omnbus
3181 3564 3380 3633 quippe

1818 3655 2037 3723 scriptis
2086 3656 2202 3711 suis
2230 3671 2414 3711 eorum
2452 3656 2713 3710 malitiam
2749 3656 2991 3727 coarguit
3039 3666 3094 3712 et
3126 3656 3381 3711 haresim

1819 3747 2075 3801 traduxit.

1820 3930 1839 3997 ί
1892 3930 2093 3984 26υΕκ
2129 3931 2213 3986 bis
2240 3931 2420 4002 itaque
2445 3919 2592 4001 pate't
2621 3930 2903 4001 epistolam
2944 3932 3013 3985 ad
3070 3931 3387 4001 Euphrano-

1820 4036 1934 4076 rem
1973 4030 2030 4076 et
2059 4020 2398 4078 Ammonium
2418 4023 2519 4078 alia
2556 4035 2733 4079 mente
2762 4037 2815 4079 et
2842 4039 2905 4079 ex
2924 4025 3226 4078 oeconomia
3256 4040 3388 4093 qua-

1822 4114 1943 4167 dam
1974 4116 2042 4167 ab
2078 4117 2193 4183 ipso
2215 4117 2472 4186 scriptam
2504 4132 2663 4172 esse:
2694 4116 2837 4186 quod
2869 4116 2996 4170 item
3031 4132 3094 4170 ex
3126 4116 3241 4185 ejus
3264 4131 3389 4185 apo-

1823 4204 1961 4272 logia
2012 4207 2417 4275 comprobatur.
2458 4208 2523 4260 Et
2574 4218 2657 4262 εει
2684 4221 2813 4260 vere
2847 4216 2973 4275 apta
3026 4207 3389 4276 persuadendi

1824 4295 1987 4366 206
2010 4296 2205 4361 forma,
2234 4299 2298 4350 ad
2340 4298 2601 4352 insaniam
2634 4298 2855 4352 Sabellii
2898 4298 3245 4352 evertendam
3271 4335 3286 4360 ,
3332 4306 3391 4350 ut

157 4386 285 4443 ὥστε
307 4391 395 4443 τὸν
425 4391 743 4460 βουλόμενον
767 4390 973 4460 ταχέως
988 4390 1277 4458 διελέγχειν
1301 4389 1426 4450 τοὺς
1454 4387 1703 4439 τοιούτους

1825 4386 1916 4452 qui
1940 4399 2204 4453 sequaces
2233 4385 2349 4453 ejus
2380 4385 2487 4440 cito
2519 4400 2817 4455 coarguere
2858 4385 3009 4449 velit,
3054 4402 3159 4440 non
3201 4387 3272 4440 ab
3295 4401 3389 4439 ar-

163 4479 228 4549 μὴ
258 4483 364 4535 ἀπὸ
418 4482 528 4534 τῶν
571 4481 939 4551 σημαινόντων
975 4481 1073 4551 τὴν
1128 4479 1357 4551 θεότητα
1405 4478 1496 4530 τοῦ
1548 4478 1703 4546 Λόγοι

1828 4476 2096 4545 gumentis
2122 4475 2238 4545 ejus
2268 4475 2610 4529 divinitatem
2642 4474 3009 4528 indicantibus
3044 4476 3255 4528 initium
3287 4477 3391 4528 du-

161 4574 419 4627 ποιεῖσθαι
466 4573 563 4643 τὴν
610 4571 819 4642 ἀρχήν·
865 4572 946 4624 ὅτι
994 4572 1184 4638 Λόγος,
1245 4571 1338 4623 καὶ
1404 4569 1589 4636 Σοφία,
1631 4585 1701 4621 κα

1830 4576 1947 4630 cat;
1987 4582 2177 4635 nempe
2212 4565 2404 4619 Filium
2455 4580 2575 4620 esse
2607 4566 2862 4628 Verbum,
2909 4564 3242 4633 Sapientiam
3271 4604 3287 4630 ,
3340 4574 3396 4620 et

161 4662 386 4734 Δύναμίς
420 4666 568 4716 ἐστιν
590 4665 618 4715 6
656 4662 801 4725 Υἱὸς,
831 4662 923 4714 καὶ
948 4662 1028 4714 ὅτι
1073 4661 1218 4729 Ἐγὼ
1242 4662 1334 4713 καὶ
1362 4663 1392 4713 ό
1425 4659 1624 4726 Πατὴρ
1653 4659 1703 4712 ἕω

1836 4654 2119 4719 Virtutem,
2152 4669 2250 4707 nec
2298 4654 2366 4707 ab
2408 4652 2499 4707 illo
2566 4671 2580 4707 :
2628 4654 2741 4724 Ego
2783 4665 2829 4709 et
2897 4653 3059 4707 Pater
3105 4670 3267 4707 unum
3303 4672 3397 4708 su—

158 4754 362 4823 ἐσμεν·
410 4757 499 4809 ἵνα
527 4754 624 4825 μὴ,
649 4752 713 4806 τὰ
744 4752 922 4815 καλῶς
947 4752 1208 4824 εἰρημένα
1257 4750 1702 4822 παρεξηγούμενο

1831 4761 1947 4798 mus
2005 4743 2085 4809 ⁶⁹;
2126 4760 2192 4798 ne
2241 4743 2316 4798 illi
2377 4759 2498 4814 quae
2533 4754 2679 4799 recte
2720 4746 2859 4800 dicta
2890 4757 3015 4800 sunt
3060 4749 3124 4799 ad
3171 4762 3397 4815 pravum

161 4844 368 4909 ἐκεῖνοι,
413 4846 687 4917 πρόφασιν
731 4844 829 4913 τῆς
851 4843 1203 4913 ἀναισχύντου
1238 4842 1566 4910 φιλονεικίας
1608 4843 1703 4894 ὲαυ

1836 4852 2056 4891 sensum
2082 4837 2484 4906 detorquentes,
2539 4838 2867 4907 impudentis
2902 4840 3269 4893 contentionis
3301 4855 3398 4892 oc-

162 4937 281 5001 τῶν,
308 4939 375 4991 τὰ
394 4936 621 4991 τοιαῦτα
652 4934 998 5005 πορίσωνται,
1017 4933 1325 4997 ἀκούοντες,
1351 4934 1432 4986 ὅτι
1452 4934 1567 5002 (55)
1588 4931 1703 5003 Ἑγι]

1835 4931 2106 4984 casiouem
2130 4929 2258 4984 hinc
2284 4931 2564 4999 arripiant,
2603 4933 2728 4984 dum
2764 4932 2986 4987 audiunt
3018 4951 3031 4987 :
3066 4931 3177 5002 Ego
3203 4942 3251 4986 et
3282 4931 3394 4985 Pa-

230 5054 276 5086 ⁶⁵
308 5054 463 5109 Joan.
494 5068 533 5108 ι.
612 5051 658 5082 ⁸⁸
688 5049 709 5104 l
737 5049 861 5105 Cor.
888 5066 926 5113 ι,
966 5048 1059 5102 ει.
1137 5049 1177 5079 ⁸⁷
1204 5047 1364 5105 Prov.
1386 5064 1504 5111 vm,
1532 5046 1623 5102 30.
1698 5050 1703 5076 ‘

1811 5044 2008 5103 LEsdr.
2039 5058 2112 5107 tv,
2133 5043 2191 5097 4.
2267 5044 2310 5074 θ’
2333 5042 2489 5097 Joan.
2518 5060 2571 5108 ι,
2602 5044 2686 5099 50.

229 5172 341 5242 (26)
369 5172 503 5242 Reg.
530 5170 755 5227 Taurin.
793 5169 955 5242 Colb.
976 5168 1215 5242 Jes._Fr.
1256 5168 1533 5242 haunit,
1562 5177 1615 5223 et
1648 5168 1726 5223 sic

164 5240 298 5296 infra
330 5245 415 5296 ubi
439 5240 675 5310 quatuor
704 5240 959 5308 postremi
997 5240 1209 5310 codices
1239 5240 1331 5310 καί
1367 5241 1572 5310 addunt.
1601 5249 1728 5310 ante

164 5313 344 5383 ἄλλην.
374 5308 491 5383 Mos
518 5312 724 5366 iidemé
747 5310 979 5375 Παῦλος,
1008 5310 1099 5363 ubi
1123 5308 1254 5379 Reg.
1284 5309 1447 5364 Basil.
1488 5320 1543 5363 et
1572 5308 1725 5373 editi,

162 5386 189 5435 ὁ
214 5382 556 5444 Ἀπόστολος.

233 5450 732 5523 (27)γδὶλεί“ειιτίη.
760 5448 914 5505 Colb.
944 5447 1058 5504 Jes.
1100 5448 1194 5502 Fr.
1238 5449 1291 5502 1.
1329 5445 1385 5502 1η
1426 5446 1558 5517 Reg.
1589 5456 1643 5503 et
1674 5447 1727 5501 in

164 5521 336 5579 editis
351 5521 541 5591 βιϐλίῳ
571 5524 742 5574 deest.

235 5587 432 5661 (28)‘|n
464 5587 689 5661 Taurin.
716 5590 867 5645 Colb.
922 5588 1035 5646 Jes.
1065 5590 1093 5643 6
1120 5596 1277 5661 ante
1299 5587 1487 5661 Λόγος.
1534 5587 1637 5661 Se_d
1677 5589 1729 5642 in

167 5658 391 5727 reliquis
406 5672 461 5716 et
500 5663 553 5715 in
572 5660 731 5714 editis
762 5662 910 5715 deest
941 5660 1219 5713 articulus.
1253 5659 1416 5711 Paulo
1438 5669 1557 5727 post
1588 5658 1732 5710 Tau-

169 5730 513 5801 rin.et}es.,
545 5730 892 5801 γεγέννηται.
915 5730 1019 5785 Alii
1038 5743 1246 5793 omnes,
1278 5730 1591 5801 γεγένηται.
1614 5728 1735 5783 Mox

165 5801 323 5859 COIb.
351 5800 437 5853 Fr.
463 5803 513 5865 1,
546 5796 637 5853 οὖν
667 5801 699 5869 ἡ
728 5796 903 5867 σοφία.

239 5870 357 5939 (29)
384 5873 477 5922 Ὧν
501 5872 648 5925 deest
670 5872 722 5924 iu
760 5871 908 5925 Colb.

1903 5164 2016 5237 (‘50)
2060 5164 2151 5219 Sic
2185 5162 2321 5234 Reg.
2355 5162 2581 5221 Taurin.
2610 5164 2761 5221 Colb.
2793 5164 2903 5221 Jes.
2928 5165 3071 5220 Editi
3104 5181 3253 5228 vero,
3287 5164 3404 5216 ἑθέ-

1833 5238 2017 5377 λῃ(31)
2075 5303 2231 5357 Κατά
2282 5303 2531 5377 deest_in
2570 5305 2773 5359 editis:
2809 5306 2909 5377 sed
2966 5304 3160 5377 legitur
3194 5304 3244 5377 in
3270 5302 3401 5369 Reg.

1836 5372 2059 5430 Taurin.
2093 5376 2245 5429 Colb.
2274 5373 2385 5430 Jes.
2421 5375 2512 5430 Fr.
2573 5378 2625 5443 1,
2668 5386 2722 5430 ει
2747 5392 2775 5427 a
2808 5372 3171 5428 Nannio’item
3206 5372 3402 5425 lectum

1834 5458 2018 5586 c5232)
2074 5515 2164 5569 Sic
2214 5515 2346 5582 Reg.
2397 5513 2562 5569 Rasil.
2619 5523 2690 5586 et»
2724 5512 2877 5586 editi,
2929 5519 3089 5577 atque
3126 5507 3405 5586 i.t_a_l_\'_an-

1836 5578 2206 5655 nitim'lcgisse
2242 5578 2406 5653 patet,
2436 5587 2523 5653 qui
2558 5584 2736 5655 vortit,
2765 5582 2869 5655 alia
2909 5593 3107 5655 me:zte_._
3135 5578 3239 5655 sed
3266 5578 3408 5655 Tau-

1841 5646 2117 5740 IJ‘i‘It.‘Cu.ll’).
2151 5646 2259 5709 Jes'.
2287 5657 2377 5709 Fr.
2403 5646 2578 5717 |,'sic,
2610 5648 2862 5718 ἐπιστολὴ
2887 5650 2960 5719 μὴ
2984 5648 3159 5719 φαύλῃ
3178 5646 3404 5721 διανοίᾳ·

1839 5728 1971 5779 ἀλλὰ
1993 5729 2109 5780 κᾶν.

1917 5798 2027 5867 (55)
2053 5799 2172 5848 Ὅτι
2198 5796 2344 5849 deest
2380 5794 2429 5845 in
2460 5788 2807 5845 Taurin.Jes.
2841 5789 2927 5842 Fr.
2966 5790 3013 5841 i.
