3954 6498
566 443 670 499 519

1130 441 1598 502 5.’ΛΤ11ΛΝΛ811
1637 444 1789 501 OPP.
1829 445 2010 500 PARS
2046 443 2085 499 Ι.
2121 473 2190 486 --
2228 442 2610 499 lllSTORlCA
2645 443 2734 498 ET
2773 443 3193 503 DOGMATICA.

3720 451 3819 506 520

566 578 648 617 ter
689 578 852 615 unum
881 578 1081 623 sumus,
1113 571 1189 626 et,
1222 560 1324 627 Qui
1354 564 1480 617 vidit
1513 580 1611 626 me,
1660 564 1789 617 vidit
1817 573 1864 615 et
1922 560 2120 615 Patrem

2236 561 2333 615 καὶ
2392 564 2425 614 ὁ
2471 560 2673 629 Πατὴρ
2731 562 2800 616 ἒν
2847 563 3063 631 ἐσμεν,
3107 563 3237 627 καὶ,
3292 563 3355 616 '0
3398 542 3681 632 ἑωρακὼς
3722 563 3822 635 ἐμὲ

567 670 738 708 meum
768 652 815 684 "
845 669 859 706 :
894 653 989 707 sed
1013 652 1314 709 Salvatoris
1344 655 1587 723 exemplo
1608 653 1900 723 praemittat
1927 667 1990 707 ea
2011 666 2131 721 qua:

567 749 803 803 humano
834 759 982 799 more
1016 744 1083 800 de
1127 744 1217 798 illo
1262 746 1402 801 dicta
1458 745 1768 800 habentur:
1824 742 2128 810 cuiusmodi

567 850 716 905 sunt,
756 840 983 905 esurire,
1039 840 1309 903 laborare,
1353 838 1497 908 quod
1532 838 1656 892 vitis
1688 838 1781 901 sit,
1816 837 1956 906 quod
2011 850 2133 890 ora-

566 936 707 989 verit
736 944 792 989 et
821 949 1012 1003 passus
1058 934 1128 988 sit
1159 951 1171 986 :
1204 942 1405 1000 quanto
1460 932 1605 986 enim
1662 932 1777 986 haec
1806 931 1951 984 dictu
2005 936 2133 983 sunt

565 1028 878 1089 humiliora,
916 1026 1328 1102 tantoliquidius
1356 1025 1761 1079 demonstratur
1784 1022 1993 1077 Patrem
2024 1035 2131 1076 non

564 1135 685 1175 esse
711 1120 912 1174 factum
936 1118 1228 1173 hominem.
1259 1116 1555 1171 Neceésum
1587 1124 1672 1171 est
1702 1116 1848 1170 enim
1880 1130 2001 1169 cum
2028 1114 2133 1169 Do-

562 1212 743 1267 minus
777 1213 903 1266 vitis
941 1210 1263 1281 appelletur,
1290 1210 1583 1282 agricolam
1612 1220 1833 1265 exstare
1862 1228 1874 1263 :
1906 1217 1963 1263 et
2002 1222 2126 1263 cum

564 1313 705 1368 oret,
740 1318 861 1357 esse
898 1306 989 1370 qui
1024 1303 1317 1367 exaudiat;
1363 1318 1488 1356 cum
1542 1302 1772 1371 denique
1804 1310 1971 1370 petat,
2010 1314 2131 1354 esse

565 1396 657 1465 qui
688 1397 968 1450 concedat.
992 1394 1307 1461 Huiusmodi
1336 1395 1533 1464 quippe
1568 1394 1712 1448 dicta
1743 1394 1897 1463 longe
1920 1391 2130 1447 facilius

567 1485 1006 1541 Sabellianorum
1043 1485 1306 1538 insaniam
1352 1491 1803 1547 commonstrant,
1836 1481 1979 1549 quod
2037 1494 2129 1534 ne-

563 1592 719 1631 cesse
739 1576 963 1631 omnino
992 1576 1064 1629 sit
1083 1575 1251 1628 alium
1281 1588 1400 1629 esse
1421 1574 1515 1644 qui
1539 1582 1683 1640 orat,
1711 1572 1874 1627 alium
1903 1571 1994 1641 qui
2033 1586 2130 1624 ex-

560 1671 755 1724 audit:
806 1669 972 1723 alium
1024 1669 1211 1733 vitem,
1259 1668 1423 1721 alium
1483 1666 1797 1736 agricolam.
1851 1665 2127 1736 Quotquot

560 1763 704 1817 enim
733 1764 894 1815 verba
916 1761 1109 1815 Filium
1133 1762 1285 1831 quasi
1315 1760 1549 1814 alienum
1582 1775 1611 1813 a
1641 1758 1801 1813 Patre
1827 1758 2122 1823 declarant;

562 1856 678 1909 lizec
709 1855 775 1907 ad
799 1869 1018 1907 carnem
1044 1854 1294 1918 attinent,
1322 1866 1484 1920 quam
1511 1851 1678 1905 nostri
1728 1864 1890 1904 causa
1947 1858 2118 1920 gesta-

2233 652 2454 721 ἑώρακε
2476 652 2585 705 τόν
2606 654 2837 722 Πατέρα
2851 672 2864 684 ·
2887 655 3024 708 ἀλλὰ
3051 654 3118 707 τὰ.
3140 653 3498 725 ἀνθρωπίνως
3554 658 3821 728 εἰρημένα

2235 745 2364 816 περὶ
2393 744 2485 798 τοῦ
2520 745 2771 817 Σωτῆρος
2791 746 3137 817 προϐάλλειν,
3166 745 3359 820 ὥσπερ
3403 748 3572 813 αὐτὸς
3594 751 3823 821 πεποίη-

2232 852 2360 887 κεν·
2391 830 2481 889 οἷά
2529 839 2645 889 ἐστι
2672 836 2733 889 τὺ
2780 840 2969 910 πεινᾷν
3199 838 3262 892 τὸ
3309 841 3535 912 κοπιᾷν,
3568 842 3691 905 καὶ,
3743 820 3822 894 ὅτι

2232 926 2607 997 ἄμπελος,Μὶ
2638 927 2857 1001 ηὔχετο,
2885 931 2981 984 καὶ
3010 931 3279 986 πέπονθεν
3298 950 3312 962 ·
3367 932 3483 1003 ὅσῳ
3506 932 3619 1005 γὰρ
3656 932 3823 987 ταῦτα

2230 1020 2463 1074 ταπεινά
2487 1020 2724 1089 λέγεται,
2744 1022 2983 1093 τοσούτῳ
3009 1024 3118 1093 (55)
3140 1023 3413 1079 δείκνυται
3448 1025 3525 1097 μὴ
3567 1027 3598 1078 6
3638 1025 3822 1096 Πατὴρ

2230 1113 2522 1185 γενόμενος
2569 1116 2876 1189 ἄνθρωπος.
2928 1118 3166 1189 Ἀνάγκη
3224 1119 3368 1189 γάρ,
3422 1120 3520 1173 καὶ
3576 1119 3820 1191 ἀμπέλου

2231 1205 2521 1277 λεγομένου
2547 1207 2642 1261 τοῦ
2673 1210 2901 1281 Κυρίου,
2933 1206 3187 1266 εἶναικαὶ
3222 1212 3472 1281 γεωργόν
3491 1230 3505 1242 ·
3546 1212 3646 1265 καὶ
3674 1213 3823 1283 εύχο-

2234 1298 2397 1368 μένου
2430 1297 2616 1363 αὐτοῦ,
2643 1294 2783 1354 εἶναι
2809 1301 2901 1355 τὸν
2922 1303 3272 1356 ἐπακούοντα
3290 1303 3401 1375 (56)
3428 1320 3441 1333 ’
3488 1303 3589 1356 καὶ
3612 1301 3821 1357 αἰτοῦν-

2231 1408 2321 1453 τος
2346 1390 2531 1455 αὑτοῦ,
2570 1390 2823 1447 εἷναιτὸν
2846 1394 3071 1448 διδόντα.
3102 1394 3187 1448 Τὰ
3236 1396 3293 1449 δὲ
3335 1377 3565 1449 τοιαῦτα
3627 1396 3822 1467 μᾶλλον

2230 1482 2595 1556 εὐκολώτερον
2622 1486 2722 1556 τὴν
2744 1486 2853 1538 τῶν
2880 1487 3254 1541 Σαϐελλιανῶν
3287 1488 3485 1558 μανίαν
3512 1488 3785 1544 δείκνυσιν
3805 1505 3818 1519 ⁸

2229 1576 2311 1628 ὅτι
2336 1575 2521 1647 ἔτερος
2552 1579 2581 1630 6
2630 1577 2943 1648 εὐχόμενος,
2969 1578 3152 1650 ἕτερος
3180 1580 3209 1631 6
3233 1578 3523 1632 ἐπακούων
3547 1579 3686 1651 (37),
3724 1580 3815 1633 καὶ

2228 1666 2386 1731 ἄλλος
2414 1670 2447 1738 ἡ
2477 1669 2741 1739 ἄμπελος,
2772 1670 2867 1723 καὶ
2895 1670 3049 1735 ἄλλος
3068 1674 3095 1725 6
3122 1672 3389 1742 γεωργός.
3420 1673 3566 1725 Ὅσα
3603 1672 3714 1743 γάρ
3748 1673 3821 1737 ὡς

2229 1759 2596 1823 άποξενοῦντα
2624 1761 2717 1814 τὸν
2743 1762 2867 1815 Υἱδν
2898 1762 3005 1816 ἀπὸ
3038 1762 3130 1815 τοῦ
3160 1763 3375 1834 Πατρός
3406 1763 3634 1831 λέγεται
3666 1764 3819 1835 ῥητὰ,

2229 1850 2401 1903 ταῦτα
2441 1850 2532 1904 διὰ
2564 1850 2662 1921 τὴν
2707 1851 2905 1923 σάρκα,
2929 1852 2994 1922 ἥν
3028 1851 3095 1905 δι’
3115 1854 3268 1923 ἡμᾶς
3299 1854 3565 1925 ὲφόρεσε,
3607 1854 3819 1922 λέγεται

559 1947 654 1999 vit.
676 1944 899 2016 Opiﬁcia
924 1945 1124 2015 quippe
1152 1912 1449 1999 secundum
1481 1950 1734 1995 naturam
1789 1956 1818 1995 a
1868 1912 1977 1995 Deo
2003 1948 2120 1995 sunt

2232 1942 2360 2012 περὶ
2392 1941 2577 1995 αὐτοῦ.
2613 1912 2752 1996 ὲὲνα
2780 1912 2890 2015 γάρ
2925 1912 2993 1997 τά
3050 1912 3262 2016 rev-qva
3308 1912 3451 1999 κατὰ
3500 1912 3820 2015 φύσιν-ἐστὶ

557 2040 735 2094 aliena
771 2057 785 2093 :
815 2040 934 2092 ideo
964 2052 1087 2092 cum
1111 2051 1239 2092 caro
1265 2034 1540 2107 opiﬁcium
1558 2034 1654 2100 sit,
1682 2033 1930 2097 Verbum,
1962 2032 2126 2102 quod,

558 2142 616 2187 ut
638 2133 715 2187 ait
740 2129 996 2195 Joannes,
1020 2146 1145 2183 caro
1165 2130 1370 2199 factum
1395 2128 1634 2193 eum",
1663 2126 1788 2182 licet
1824 2124 2121 2180 secundum

555 2234 807 2279 naturam
832 2222 1105 2293 proprium
1122 2222 1193 2277 sit
1208 2220 1378 2285 Patri,
1399 2229 1454 2275 et
1477 2221 1543 2274 ab
1559 2233 1624 2273 eo
1640 2216 1965 2272 indivisibile
1989 2232 2004 2282 ;
2044 2225 2127 2271 at-

556 2328 737 2371 tamen
774 2316 819 2371 si
854 2330 981 2369 caro
1006 2322 1302 2384 Spectetur,
1335 2312 1497 2366 Pater
1523 2311 1719 2367 dicitur
1747 2308 1815 2363 ab
1841 2308 1931 2363 illo
1954 2322 2128 2362 remo-

557 2419 644 2465 tus
672 2428 686 2464 :
720 2424 839 2479 qua:
868 2408 1015 2463 enim
1040 2407 1187 2460 carni
1219 2405 1439 2475 propria
1470 2411 1618 2469 sunt,
1650 2402 1763 2473 ipse
1789 2400 2037 2457 concedit
2067 2406 2126 2453 ut

557 2502 625 2556 de
647 2516 706 2556 se
730 2501 983 2556 dicantur
1010 2518 1023 2565 ;
1058 2514 1167 2568 quo
1192 2497 1317 2552 hinc
1341 2495 1517 2565 palam
1542 2496 1656 2573 fiat,
1687 2508 1792 2549 non
1852 2492 2075 2547 alterius
2106 2534 2121 2557 ,

556 2592 651 2649 sed
680 2608 840 2646 suum
886 2591 1107 2661 praprie
1137 2603 1335 2660 corpus
1382 2586 1575 2642 fuisse.
1611 2584 1745 2640 Cum
1785 2586 1966 2653 itaque
2012 2583 2125 2638 haec

556 2700 622 2740 eo
652 2684 815 2740 modo
849 2683 959 2738 sint
980 2682 1353 2752 intelligenda,
1398 2680 1561 2735 citius
1593 2678 1866 2734 Sabellius
1898 2676 2118 2733 convin-

554 2785 711 2831 cetur
762 2791 866 2831 non
887 2789 1006 2831 esse
1038 2774 1253 2828 Patrem
1288 2773 1382 2843 qui
1426 2786 1554 2828 caro
1599 2771 1775 2826 factus
1828 2778 1953 2835 est;
2021 2767 2119 2825 sed

555 2867 674 2936 ejus
701 2863 938 2921 Verbum
973 2866 1114 2935 quod
1155 2863 1298 2918 illam
1330 2862 1581 2926 redemit,
1622 2860 1882 2931 Patrique
1906 2859 2122 2917 obtulit.

556 2957 626 3013 Et
656 2957 748 3013 ubi
803 2958 924 3027 quis
952 2956 1097 3011 illum
1162 2955 1238 3009 ita
1280 2953 1593 3023 coarguerit
1646 2967 1709 3009 ac
1740 2952 2120 3023 persuaserit,

554 3050 685 3105 hinc
717 3048 1052 3104 divinitatem
1092 3061 1308 3116 quoque
1350 3044 1516 3100 Verbi
1560 3044 1775 3100 facilius
1825 3044 2118 3099 edocebit:

554 3142 733 3211 ipsum
766 3154 958 3210 nempe
987 3154 1107 3193 esse
1145 3136 1379 3193 Verbum
1417 3145 1473 3192 et
1512 3136 1871 3207 Sapientiam,
1922 3135 2118 3191 Filium

2229 2031 2323 2086 τοῦ
2362 2032 2518 2089 Θεοῦ.
2544 2033 2644 2088 Διὰ
2676 2034 2832 2088 τοῦτο
2862 2036 2992 2104 γοῦν
3033 2037 3223 2108 ἐπειδὴ
3259 2038 3359 2109 τῆς
3410 2039 3619 2109 σαρκὸς
3662 2056 3819 2109 γενη-

2227 2126 2329 2197 τῆς
2371 2126 2538 2199 οὔσης
2587 2128 2827 2196 γέγονεν,
2858 2128 2933 2192 ώς
2986 2131 3015 2182 6
3051 2129 3304 2199 Ἰωάννης
3335 2130 3524 2200 φησὶν,
3576 2132 3607 2184 6
3658 2130 3820 2193 Λόγος

2230 2218 2384 2289 σὰρξ,
2414 2220 2587 2273 καίτοι
2614 2219 2757 2274 κατά
2784 2220 2944 2290 φύσιν
2975 2221 3101 2285 ἴδιος
3133 2222 3229 2275 καὶ
3250 2221 3561 2292 ἀδιαίρετος
3611 2222 3689 2275 ὣν
3730 2222 3817 2274 τού

2228 2311 2462 2382 Πατρὸς,
2494 2313 2645 2384 ὅμως
2686 2313 2754 2367 δι’
2783 2314 2951 2386 αὐτὴν
2984 2314 3202 2383 λέγεται
3260 2313 3355 2369 καὶ
3400 2315 3430 2368 6
3488 2313 3685 2386 Πατὴρ
3723 2331 3818 2385 μα-

2226 2402 2364 2475 κρὰν
2386 2404 2479 2455 ἀπ’
2515 2403 2714 2457 αὐτοῦ’
2750 2403 2822 2457 τά
2842 2405 2951 2476 γάρ
2982 2405 3083 2475 τῆς
3117 2406 3319 2480 σαρκὸς
3354 2404 3463 2458 ἴδια
3507 2406 3676 2470 αὐτὸς
3727 2408 3814 2459 άν-

2227 2494 2409 2565 ἐχεται
2441 2495 2551 2566 (58)
2578 2496 2706 2568 περὶ
2734 2496 2901 2551 αὑτοῦ
2926 2496 3182 2566 λέγεσθαι
3201 2515 3215 2529 ο
3253 2499 3342 2552 τνα
3368 2497 3580 2570 δειχθῇ,
3616 2500 3698 2552 ὅτι
3725 2498 3819 2553 οὐκ

2227 2586 2411 2653 ἄλλου,
2438 2588 2553 2641 ἀλλ’
2585 2588 2751 2642 αὐτοῦ
2784 2584 2850 2662 ἦν
2882 2590 3010 2643 [διον
3036 2589 3099 2642 τὸ
3126 2589 3306 2661 σῶμα.
3341 2590 3619 2661 Τοιαύτης
3643 2591 3700 2645 δὲ
3725 2591 3819 2661 τῆς

2224 2678 2466 2742 διανοίας
2494 2677 2660 2750 οὔσης
2688 2720 2703 2745 ,
2738 2678 3035 2750 ταχύτερον
3066 2679 3459 2751 ἐλεγχθήσεται
3509 2680 3815 2747 Σαϐέλλιος,

2225 2769 2307 2822 ὅτι
2330 2769 2405 2841 μὴ
2431 2768 2577 2823 ἔστιν
2606 2758 2653 2823 6
2675 2771 2865 2842 Πατὴρ
2891 2772 2921 2825 6
2962 2770 3255 2841 γενόμενος
3286 2770 3445 2842 σάρξ,
3470 2771 3587 2825 ἀλλ’
3641 2773 3671 2825 6
3702 2770 3816 2825 τού-

2225 2873 2319 2909 του
2376 2855 2551 2925 Λόγος
2606 2856 2751 2929 (59),
2801 2859 2831 2910 6
2907 2859 3001 2912 καὶ
3051 2858 3258 2929 ταύτην
3306 2859 3676 2932 λυτρούμενος
3728 2862 3815 2914 καὶ

2226 2948 2519 3020 προσάγων
2546 2947 2626 3019 τῷ
2647 2950 2842 3020 Πατρί.
2880 2948 3036 3003 Οὕτω
3065 2948 3123 3002 δὲ
3155 2949 3438 3017 διελέγξας
3471 2953 3569 3005 καὶ
3603 2952 3810 3014 πείσας,

2224 3041 2410 3095 λοιπὸν
2440 3044 2535 3095 καὶ
2568 3043 2698 3113 περὶ
2724 3043 2823 3113 τῆς
2851 3042 2945 3095 τοῦ
2973 3042 3148 3111 Λόγου
3181 3042 3438 3113 θεότητος
3470 3044 3811 3114 ἑτοιμότερον

2221 3134 2423 3200 διδάξει
2443 3150 2457 3165 ο
2485 3135 2567 3188 ὃτι
2625 3134 2797 3203 Λόγος
2826 3134 2938 3207 (40)
2966 3134 3061 3187 καὶ
3093 3135 3265 3204 Σοφία
3292 3174 3306 3199 ,
3338 3135 3471 3199 Υἱὸς
3502 3135 3812 3205 ,καὶθΔύνα-

553 3244 611 3290 et
636 3233 923 3297 Virtutem,
952 3232 1293 3304 splendorem
1324 3241 1379 3285 et
1409 3232 1653 3302 ﬁguram.
1676 3230 1905 3286 Necesse
1926 3230 2120 3301 quippe

2231 3246 2341 3300 μις,
2376 3226 2714 3300 ἀπαύγασμα
2768 3228 2862 3282 καὶ
2908 3230 3216 3301 χαρακτήρ.
3265 3230 3504 3300 ’Δνάγκη
3566 3229 3674 3301 γάρ
3721 3228 3810 3282 καὶ

553 3335 638 3383 est
659 3327 771 3398 jam
831 3328 1006 3381 denuo
1040 3325 1315 3397 colligere,
1365 3339 1488 3379 cum
1523 3324 1759 3378 Verbum
1792 3325 2042 3389 exsistat,
2070 3332 2120 3377 et

2231 3320 2460 3376 ἐνταῦθα
2522 3322 2633 3393 (41)
2710 3322 2873 3376 πάλιν
2902 3324 3077 3386 νοεῖν,
3108 3323 3225 3385 ὅτι,
3274 3321 3368 3375 τοῦ
3413 3322 3592 3391 Λόγου
3640 3322 3808 3385 ὄντος,

552 3419 717 3475 Verbi
757 3418 969 3472 Patrem
1008 3434 1128 3473 esse
1184 3426 1465 3489 oportere;
1524 3414 1806 3485 Sapientia
1860 3431 1981 3471 cum
2030 3416 2120 3481 sit,

551 3496 669 3582 ejus
699 3522 973 3581 parentem
1002 3526 1157 3577 esse;
1186 3520 1240 3564 et
1262 3509 1517 3580 splendor
1562 3523 1683 3563 cum
1718 3509 1812 3571 sit,
1841 3522 1965 3563 esse
1989 3521 2123 3577 quo-

542 3619 659 3674 que
686 3603 881 3669 lucem,
917 3612 1080 3673 atque
1110 3603 1186 3657 ita
1226 3601 1445 3657 Patrem
1471 3610 1527 3655 et
1546 3599 1746 3654 Filium
1783 3615 1949 3654 unum
1977 3614 2116 3656 esse.

621 3779 710 3833 27.
747 3778 871 3832 llaec
901 3792 1021 3832 cum
1051 3777 1221 3847 probe
1256 3777 1420 3831 sciret
1451 3776 1759 3847 Dionysius,
1802 3776 1889 3831 illa
1954 3774 2122 3832 edidit

552 3869 776 3938 scripta,
803 3867 1185 3937 prioribusque
1217 3869 1397 3923 verbis
1430 3868 1726 3922 Sabellium
1759 3868 2118 3936 compressit:

554 3959 639 4014 his
669 3973 797 4013 vero
824 3959 1077 4012 Arianam
1114 3960 1413 4027 prosternit
1450 3958 1721 4012 haeresim.
1754 3957 1823 4013 Ut.
1848 3958 1989 4011 enim
2020 3959 2121 4012 hu-

554 4063 713 4102 mana
733 4046 1030 4101 Salvatoris
1048 4057 1169 4115 apta
1196 4058 1321 4102 sunt
1343 4048 1407 4101 ad
1429 4046 1722 4102 Sabellium
1742 4047 2116 4111 evertendum,

553 4154 585 4192 e
616 4153 877 4194 converso
912 4141 962 4192 in
995 4140 1390 4203 Ariomanitas,
1432 4155 1535 4194 non
1573 4154 1638 4194 ex
1694 4139 1976 4207 humanis,
2003 4141 2123 4196 ’sed

550 4248 617 4288 ex
653 4233 719 4289 iis
746 4248 863 4304 qua:
887 4232 1048 4287 Verbi
1110 4233 1454 4288 divinitatem
1501 4232 1763 4298 indicant,
1803 4242 2119 4304 argumenta

552 4333 677 4380 sunt
703 4323 1029 4391 mutuanda;
1064 4334 1122 4379 ut
1149 4340 1216 4380 ne
1241 4324 1341 4390 illi,
1384 4342 1504 4395 qua:
1533 4326 1599 4380 de
1625 4325 1851 4379 Domino
1872 4325 2119 4394 corporis

549 4431 713 4471 causa
760 4416 1011 4471 dicuntur
1055 4431 1216 4485 prave
1271 4418 1729 4486 interpretantes,
1805 4417 2120 4472 existiment

545 4507 807 4577 ejusmodi
839 4523 955 4563 esse
982 4507 1240 4576 Verbum,
1277 4510 1469 4579 quales
1505 4526 1603 4564 nos
1625 4510 1870 4563 homines
1893 4524 2106 4574 sumus,

2225 3407 2465 3465 εἶναιδεῖ
2494 3414 2589 3466 καὶ
2610 3413 2703 3467 τὸν
2733 3414 2953 3485 Πατέρα
2976 3412 3070 3466 τοῦ
3102 3412 3275 3482 Λόγου
3299 3430 3315 3445 ο
3351 3414 3448 3467 καὶ
3505 3414 3695 3482 σοφίας
3720 3410 3811 3464 οὓς

2228 3520 2345 3575 σης,
2377 3499 2514 3557 εῖναι
2544 3506 2638 3558 καὶ
2686 3504 2777 3558 τὸν
2801 3505 3003 3576 ταύτης
3028 3504 3190 3574 γονέα
3208 3522 3221 3535 ο
3259 3504 3355 3558 κα)⁵
3380 3505 3808 3576 άπαυγάσματος

2223 3594 2393 3659 ὖντος,
2424 3592 2561 3649 εἶναι
2609 3596 2705 3650 καὶ
2730 3596 2790 3650 τὸ
2816 3596 2932 3667 φῶς
2956 3614 2969 3627 ·
3003 3597 3098 3649 καὶ
3126 3595 3301 3660 οὕτως
3335 3592 3478 3651 εἶναι
3537 3596 3628 3650 τὸν
3679 3595 3807 3649 Υιὺν

2224 3685 2319 3737 καὶ
2343 3684 2432 3737 τὸν
2451 3684 2673 3757 Πατέρα
2692 3685 2773 3739 ἓν.

2294 3775 2383 3828 27.
2413 3775 2601 3830 Ταῦτα
2629 3775 2905 3839 Διονύσιος
2945 3774 3099 3839 εἰδὼς
3140 3774 3381 3847 ἔγραψε*
3421 3775 3518 3829 καὶ
3564 3774 3622 3829 ὲν
3664 3772 3805 3828 ὲκεί-

2223 3885 2335 3932 νοις
2390 3868 2491 3939 μὲν
2542 3869 2834 3923 Σαὸἐλλιον
2892 3870 3205 3939 ἐφίμωσεν,
3266 3871 3327 3923 ὲν
3385 3868 3597 3933 τούτοις
3628 3868 3682 3920 δὲ
3707 3867 3806 3937 τὴν

2236 3960 2518 4030 ’Λρειανὴν
2547 3960 2756 4031 αἵρεσιν
2790 3960 3127 4032 κατέστρεψε
3167 3959 3303 4033 (42).
3341 3963 3451 4016 Kal.
3490 3962 3592 4033 γὰρ
3618 3959 3803 4028 ὥσπερ

2222 4050 2516 4123 ἀνατρέπει
2533 4050 2819 4104 Σαὸἐλλιον
2834 4052 2904 4104 τὰ
2918 4050 3235 4122 ἀνθρώπινα
3256 4052 3350 4105 τοῦ
3370 4054 3635 4123 Σωτῆρος,
3659 4049 3803 4103 οὕτω

2223 4143 2317 4196 καὶ
2346 4142 2481 4213 πρὸς
2510 4144 2638 4206 τοὺς
2680 4144 3091 4215 Ἀρειομανίτας
3120 4145 3224 4197 οὐκ
3251 4145 3361 4199 ἀπὸ
3393 4144 3499 4198 τῶν
3531 4142 3799 4215 ἀνθρωπί-

2222 4251 2330 4287 νων
2354 4273 2368 4298 ,
2403 4234 2516 4287 ἀλλ’
2550 4234 2657 4288 άπὸ
2694 4235 2808 4289 τῶν
2854 4236 3227 4307 σημαινόντων
3277 4234 3378 4309 τὴν
3430 4236 3650 4307 θεότητα
3696 4233 3795 4286 τοῦ

2221 4324 2393 4393 Λόγου
2430 4324 2698 4379 ποιεῖσθαι
2726 4325 2830 4397 χρὴ
2852 4326 2977 4389 τοὺς
3008 4327 3128 4379 κατ’
3172 4326 3353 4379 αὐτῶν
3397 4326 3674 4396 ὲλέγχους’
3712 4324 3800 4375 ἵνα

2226 4413 2299 4485 μὴ
2342 4415 2435 4467 καὶ
2477 4408 2643 4477 οὗτοι.
2668 4415 2737 4469 τά
2789 4415 2878 4469 διὰ
2907 4415 2969 4469 τὸ
3022 4415 3184 4487 σῶμα
3227 4417 3489 4488 λεχθέντα
3532 4416 3651 4488 περὶ
3700 4413 3799 4467 τοῦ

2222 4506 2426 4578 Κυρίου
2446 4507 2931 4579 παρεξηγούμενοι,
2968 4510 3231 4581 νομίσωσι
3268 4510 3509 4565 τοιοῦτον
3542 4505 3671 4563 εἶναι
3704 4508 3799 4561 τὸν

548 4615 613 4654 ac
642 4602 854 4656 demum
889 4602 939 4655 in
966 4602 1173 4657 insania
1200 4617 1295 4656 sua
1320 4612 1691 4672 perseverent.
1720 4601 1820 4669 Qui
1851 4600 1898 4656 si
1938 4601 2003 4654 de
2034 4601 2084 4654 di
2106 4628 2119 4641 -

2231 4598 2411 4667 Λόγον,
2444 4593 2546 4652 οἷοί
2574 4602 2739 4671 ἐσμεν
2770 4602 2927 4671 ἡμεῖς
2954 4603 3001 4654 οί
3022 4601 3321 4673 ἄνθρωποι,
3344 4603 3439 4656 καὶ
3460 4600 3634 4655 λοιπὸν
3668 4601 3799 4651 ἐπι-

547 4690 771 4745 vinitate
804 4692 1116 4754 doceantur,
1174 4709 1331 4748 suum
1377 4692 1477 4761 ipsi
1527 4706 1771 4746 errorem
1833 4691 2113 4759 improba-

547 4781 681 4835 bunt
713 4798 727 4835 :
766 4797 997 4851 cumque
1028 4784 1315 4838 didicerint
1356 4782 1593 4837 Verbum
1627 4796 1844 4836 carnem
1910 4781 2110 4836 factum

540 4884 691 4939 esse,
729 4871 961 4926 humana
1004 4873 1056 4927 in
1096 4883 1370 4943 posterum
1408 4872 1619 4927 facilius
1660 4871 1999 4942 distinguent
2045 4872 2112 4925 ab

616 5069 662 5101 ’θ
687 5066 839 5123 Joan.
871 5070 1050 5133 x:v,9.
1127 5072 1244 5104 ⁷¹·⁷²
1266 5071 1419 5127 Joan.
1456 5089 1493 5136 ι,
1521 5071 1605 5126 11.

614 5256 726 5327 (54)
765 5257 898 5329 Reg.
930 5256 1154 5311 Taurin.
1180 5258 1313 5329 Jes.,
1340 5258 1549 5327 πεινῇν.
1596 5256 1719 5311 Mox
1751 5253 2104 5311 Taurinensis

538 5327 778 5383 Colhert.
803 5327 939 5397 168.,
963 5330 1057 5383 καὶ
1079 5330 1159 5382 ὅτι
1180 5327 1395 5397 ηὔχετο.

612 5397 724 5468 (55)
754 5399 974 5455 Taurin.
1004 5400 1152 5455 Colb.
1180 5396 1315 5468 les},
1342 5398 1501 5467 τόσῳ.
1538 5396 1659 5451 Mox
1693 5396 1849 5468 “03.,
1877 5399 1973 5450 καὶ
2004 5396 2107 5467 ἀμ-

542 5466 726 5523 πέλου.
755 5470 810 5523 ln
844 5469 1067 5525 Taurin.
1105 5468 1258 5524 Colb.
1285 5466 1420 5531 Jes.,
1445 5466 1535 5521 καί
1566 5470 1735 5521 deest.

612 5539 722 5610 (56)
748 5540 902 5595 Colb.
924 5540 1034 5595 .les.
1074 5539 1165 5593 Fr.
1197 5538 1628 5610 lyslraxoéovm.
1677 5537 1815 5592 Editi
1861 5546 1914 5591 et
1948 5535 2103 5604 Reg,

543 5600 901 5663 ὑπακόύοντα.
935 5610 1055 5664 Mox
1078 5600 1237 5679 80.3.,
1256 5600 1519 5679 διδοῦντα.

614 5680 724 5748 (5⁷7)
764 5680 913 5734 Colb.
947 5679 1060 5735 Jes.
1088 5676 1181 5733 Fr.
1204 5681 1257 5739 1.
1282 5677 1589 5733 ἐπακούων.
1623 5677 1757 5747 Reg.
1800 5676 2025 5748 Taurin.
2052 5686 2105 5748 et

2231 5676 2400 5748 ταῦτα,
2428 5685 2733 5748 {grperatnz

542 5746 1025 5813 εάιιί,ύπακούων.
1071 5749 1191 5803 Most
1226 5749 1451 5801 Taurin.
1478 5750 1627 5803 Colb.
1660 5746 1769 5803 Je’s.
1806 5747 1898 5801 Fr.
1928 5749 1976 5811 1,
2011 5746 2103 5799 καὶ

544 5815 725 5885 ἕτερος
765 5820 794 5868 ό
830 5835 940 5885 γεω
1013 5818 1090 5881 ὁς.
1133 5818 1236 5871 Alii
1272 5826 1329 5869 ut
1363 5819 1514 5872 editi.
1554 5818 1607 5872 In
1636 5818 1820 5874 iisdem
1857 5833 1977 5873 mox
2026 5817 2101 5879 ὣς

544 5887 711 5938 deest.
733 5886 917 5938 Iidem.
944 5835 1157 5938 ςῖγεται
1194 5888 1427 5938 ῥήματα.

544 5887 711 5939 deest.
733 5886 917 5950 Iidem,
944 5886 1157 5951 λέγεται
1193 5888 1427 5957 ῥήματα.

2206 5348 2209 5351 -
2282 5318 2394 5393 ('59)
2420 5320 2643 5393 tamin.
2664 5318 3020 5393 διὲκ-τούτου
3041 5321 3135 5374 τοῦ
3169 5324 3212 5374 Λ

2226 4691 2529 4763 μείνωσιτῇ
2564 4692 2770 4747 ἑαυτῶν
2796 4694 2981 4764 μανία.
3020 4694 3115 4747 Ἂν
3145 4694 3202 4748 δὲ
3227 4695 3512 4766 διδαχθῶσι
3540 4694 3623 4747 καὶ
3645 4687 3795 4746 οὗτος

2222 4779 2471 4850 περὶτῆς
2497 4780 2769 4851 θεότητος,
2806 4782 3244 4853 καταγνώσονται
3303 4786 3403 4855 μὲν
3460 4786 3553 4856 τῆς
3585 4781 3799 4836 ἑαυτῶν

2222 4871 2523 4937 κακονοίας,
2591 4873 2954 4947 εὐκολώτερον
2997 4876 3055 4928 δὲ
3106 4876 3391 4948 μαθόντες,
3420 4878 3498 4932 ὅτι
3544 4878 3570 4931 6
3612 4874 3800 4943 Λόγος

2284 5251 2396 5323 (58)
2422 5249 2651 5323 Iauriu.
2675 5248 2833 5323 Colb.
2861 5249 2956 5323 Fr.
2984 5251 3038 5315 1,
3067 5250 3411 5323 ἀναδέχεται.

2285 5321 2394 5393 (59)
2420 5321 2643 5374 Taurin.
2664 5321 2799 5383 .les.,
2830 5321 3020 5373 τούτου
3041 5321 3135 5374 τοῦ
3169 5321 3366 5390 Λόγου,
3396 5321 3660 5377 mendose.

2285 5393 2398 5461 (4U)
2424 5389 2530 5470 _Sic
2555 5389 2955 5470 Taurinl-Colb.
2976 5390 3084 5470 les.
3120 5393 3188 5445 At
3222 5392 3354 5461 Reg.
3386 5392 3595 5470 et_edi_ti,
3636 5392 3671 5443 6
3694 5389 3799 5470 Λό-

2213 5459 2330 5532 γος,
2367 5459 2544 5532 minus
2568 5472 2731 5532 recte.
2764 5459 2883 5532 llo:
2915 5461 3009 5513 καί
3041 5472 3166 5516 ante
3215 5459 3499 5532 χαρακτήρ
3523 5462 3683 5515 deest
3738 5461 3798 5512 in

2216 5529 2345 5601 Reg.
2388 5530 2552 5585 Taur.
2584 5530 2741 5601 Colb.
2765 5529 2876 5586 Jes.

2280 5597 2394 5681 (11)
2427 5602 2517 5655 Sic
2549 5602 2679 5670 Reg.
2700 5599 3091 5658 Taurin.Colb.
3116 5600 3231 5658 Jes.
3262 5601 3354 5657 Fr.
3386 5601 3437 5656 1.
3462 5597 3592 5655 Editi
3624 5612 3794 5661 vero.

2277 5736 2395 5812 με)
2434 5736 2687 5813 Taurin.,
2706 5740 2943 5813 ἔγραψε
2972 5743 3096 5813 καὶῄ
3120 5742 3226 5812 γάρ
3248 5740 3448 5813 ᾲῶσπξρ
3487 5736 3794 5813 ᾲνᾷτρςιξιε,

2204 5809 2421 5897 omissis
2456 5809 2812 5868 iutermediis.
2837 5811 3037 5869 Ibidem
3060 5809 3209 5869 Colb.
3240 5811 3353 5869 Jes.
3373 5809 3458 5867 Fr.
3482 5811 3528 5877 1,
3549 5809 3795 5882 Ἀρεία-

2211 5899 2381 5951 νικην,
