3954 6510
202 426 288 480 Sil
1089 420 1425 479 EPISTOLA
1464 422 1553 475 AD
1594 408 2470 475 DRACONTIUMr—WONITUM.

3302 409 3406 467 522

204 543 326 614 σὰρξ
354 542 570 612 ἐγένετο
592 584 606 608 ,
638 540 965 614 διακρινοῦσι
990 540 1100 612 (ό5)
1132 541 1315 595 λοιπὸν
1367 542 1458 594 καὶ
1496 537 1639 595 οὗτοι
1684 541 1751 593 τὰ

1853 539 1916 592 iis
1942 554 2061 608 quae
2090 540 2154 593 ad
2183 537 2518 592 divinitatem
2570 534 2817 589 attinent.
2874 531 2995 587 Haec
3030 546 3150 586 cum
3207 530 3279 583 ita
3346 541 3406 581 se

201 632 522 705 ἀνθρώπινα,
554 633 741 687 καὶτὰ
774 636 837 704 τῇ
900 632 1109 703 θεότητι
1150 629 1476 704 ἁρμόζοντα.
1540 632 1753 686 Τούτων

200 722 240 774 δ’
268 718 436 784 οὕτως
490 720 759 790 ἐχόντων,
818 722 911 774 καὶ
958 722 1229 774 Διονυσίου
1295 721 1388 775 τοῦ
1458 722 1751 775 ἐπισκόπου

199 811 505 882 δειχθέντος,
534 814 593 877 ἐξ
651 805 725 868 ὧν
766 813 1019 885 ἔγραψεν,
1066 814 1340 878 εὐσεϐοῦς,
1369 816 1422 867 τί
1473 819 1752 885 ποιήσουσι

199 904 368 956 λοιπὸν
391 906 440 956 οἱ
476 904 903 975 Ἀρειομανῖται;
931 904 1085 967 Τίνος
1111 905 1215 974 ἄρα
1248 905 1408 958 πάλιν
1427 946 1441 969 ,
1473 905 1753 975 ἐλεγχθέν-

198 1006 279 1052 τες
308 989 415 1042 ἀπὸ
442 989 646 1043 τούτων
665 1031 679 1055 ,
711 990 1139 1061 καταψεύσονται
1166 1009 1180 1056 ἓ
1221 992 1472 1063 Ἀνάγκη⁹
1506 994 1612 1064 γὰρ
1660 995 1755 1047 “'3'

198 1081 332 1141 τοὺς,
369 1080 699 1144 ἐκπεσόντας
726 1082 833 1134 ἀπὸ
859 1082 951 1135 τοῦ
981 1081 1229 1152 θεμελίου
1256 1081 1363 1135 τῶν
1421 1085 1751 1151 ἀποστόλων,

198 1170 281 1221 καὶ
305 1170 621 1223 εύσὰλευτον
650 1170 869 1241 ἔχοντας
892 1171 988 1242 τὴν
1014 1172 1268 1236 διάνοιαν,
1293 1172 1471 1243 ζητεῖν
1500 1175 1749 1246 ἔρεισμα,

204 1262 288 1314 καὶ
318 1261 391 1332 μὴ
420 1260 788 1330 εὑρίσκοντας,
824 1263 1255 1333 καταψεύδεσθαι
1290 1264 1468 1321 λοιπὸν
1497 1267 1602 1321 τῶν
1644 1269 1755 1322 Πα-

197 1351 375 1420 τὲρων.
419 1351 557 1404 Ἀλλ’
585 1354 759 1417 οὐδεὶς
803 1354 982 1417 αὐτοῖς
1014 1354 1093 1407 ἔτι
1124 1356 1415 1410 ’ίπιστεύσει
1440 1398 1453 1421 ,
1488 1358 1588 1412 κᾶν
1636 1360 1753 1429 βιά-

200 1458 381 1494 σωνται
404 1447 753 1513 συκοφαντεῖν
772 1458 787 1472 '
814 1446 1165 1517 κατεγνώσθη
1187 1448 1338 1521 γὰρὴ
1368 1450 1574 1520 αἵρεσις
1605 1451 1755 1521 παρὰ

198 1534 349 1584 πᾶσιν
376 1532 523 1603 (44)·
580 1536 628 1587 εί
682 1534 755 1606 μὴ
803 1534 911 1606 ἄρα
958 1536 1086 1606 περ)⁸
1135 1536 1226 1589 τοῦ
1285 1537 1530 1593 διαϐόλου
1571 1538 1753 1591 λοιπὸν

200 1622 507 1691 φθέγξδνται
535 1639 551 1654 ⁶
593 1624 753 1688 αὐτὸς
779 1626 888 1696 γὰρ
911 1625 1071 1695 μόνος
1105 1627 1251 1680 ἐστὶν
1298 1628 1481 1691 αὐτοῖς
1533 1628 1753 1698 σύμφω-

1853 630 2109 694 habeant,
2162 628 2551 699 Dionysiusque
2593 627 2879 695 episcopus
2926 638 2992 678 ex
3026 623 3138 677 suis
3189 619 3404 688 scriptis

1854 720 1974 790 pius
2003 720 2400 774 demonstratus
2428 719 2532 783 sit,
2568 716 2697 786 quid
2727 716 2834 785 jam
2876 714 3047 768 acturi
3092 712 3202 768 sint
3250 709 3406 765 Ario-

1852 813 2104 867 ιιιοηίιωῖ
2135 812 2304 879 Quem
2332 812 2467 866 ultra
2500 810 2633 865 falso
2665 823 2923 863 accusare
2951 808 3242 867 audebunt,
3282 817 3404 857 cum

1853 917 1917 956 ex
1972 901 2294 972 supradictis
2351 899 2617 955 mendacii
2686 895 3127 953 convicti'sint?
3176 892 3407 948 Necesse

1852 996 1993 1049 enim
2022 1003 2103 1050 est
2132 994 2251 1049 illos
2281 1011 2310 1048 a
2338 993 2684 1046 fundamento
2706 989 3065 1059 apostolorum
3093 987 3289 1054 lapsos,
3315 983 3407 1037 llu-

1852 1088 2165 1156 ctuantique
2186 1095 2361 1141 mente
2386 1086 2635 1154 prmdilos
2682 1079 3109 1138 sustentaculum
3142 1090 3401 1147 quaerere,

1851 1188 1905 1233 et
1935 1194 2054 1231 cum
2084 1192 2190 1230 non
2230 1176 2528 1237 inveniant,
2564 1173 2751 1227 Patres
2779 1172 2832 1225 in
2859 1180 3133 1241 posterum
3158 1166 3294 1219 l'also
3316 1180 3406 1218 ac-

1851 1285 2062 1325 cusare.
2087 1268 2191 1323 Sed
2216 1282 2372 1323 nemo
2397 1268 2505 1321 illis
2526 1266 2665 1321 ultra
2695 1264 2849 1318 tidem
2877 1262 3171 1324 adhibebit,
3193 1258 3402 1315 etiamsi

1852 1360 2095 1412 nitantur
2126 1356 2426 1412 calumnias
2478 1371 2767 1425 spargere:
2832 1354 2898 1408 ab
2948 1352 3194 1408 omnibus
3240 1347 3400 1418 207

1851 1449 1991 1502 enim
2027 1463 2215 1502 eorum
2245 1446 2466 1501 haeresis
2488 1448 2736 1501 damnata
2766 1454 2848 1500 est
2874 1463 2887 1499 :
2924 1446 3027 1498 nisi
3056 1443 3274 1513 lortelde
3298 1443 3406 1494 dia-

1851 1538 1973 1593 bolo
2021 1538 2272 1607 deinceps
2303 1538 2616 1607 loquantur,
2673 1537 2718 1591 is
2776 1536 2918 1590 enim
2958 1535 3104 1590 solus
3137 1548 3257 1589 cum
3299 1531 3402 1585 illis

1850 1630 2142 1695 consentit,
2185 1632 2292 1685 imo
2310 1632 2486 1700 potius
2515 1629 2630 1699 ipse
2654 1637 2739 1684 est
2768 1629 2856 1699 qui
2878 1627 3119 1681 haeresim
3148 1626 3251 1679 illis
3278 1640 3403 1694 sug-

200 1732 305 1780 νος’
340 1714 542 1784 μᾶλλον
559 1715 616 1767 δὲ
639 1716 800 1780 αὑτός
824 1718 971 1772 ἐστιν
1008 1719 1190 1782 αὐτοῖς
1223 1722 1250 1772 ό
1283 1720 1375 1772 καὶ
1406 1720 1501 1790 τὴν
1545 1722 1752 1791 αἵρεσιν

198 1808 523 1861 ὑποϐάλλων.
554 1810 651 1872 Τίς
674 1804 765 1864 οὖν
793 1809 873 1862 ἔτι
898 1809 1139 1877 τούτους,
1171 1805 1247 1867 ὧν
1300 1814 1327 1864 ὁ
1355 1812 1597 1876 διάϐολός
1640 1816 1753 1866 ἐστι

198 1899 535 1970 καθηγεμὼν,
556 1901 910 1972 Χριστιανοὺς
936 1902 1254 1972 ὁνομάσειεῗ,
1286 1904 1379 1956 καὶ⁵
1432 1905 1505 1973 μὴ
1554 1904 1749 1974 μᾶλλον

1851 1905 2175 1960 diabolicos?
2202 1914 2258 1959 ut
2281 1921 2383 1960 non
2402 1907 2572 1960 soluat
2588 1906 2792 1961 Christi
2816 1907 3017 1966 hostes,
3040 1904 3131 1958 sed
3148 1913 3201 1957 et
3217 1901 3405 1956 diabo-

195 1988 662 2053 διαϐολικοὺς,ῖνα
707 1991 778 2061 μὴ
837 1991 994 2061 μόνον
1039 1993 1427 2063 Χριστομάχοι,
1476 1993 1609 2047 ἀλλὰ
1654 1994 1748 2046 καὶ

1855 1998 1945 2053 lici
1975 1998 2237 2052 audiant?
2261 1998 2374 2053 Nisi
2406 1997 2545 2053 forte
2575 2009 2774 2053 mutata
2802 1998 3092 2059 sententia,
3124 2009 3285 2063 quam
3310 2007 3403 2046 ex-

1851 1724 2039 1794 gessit.
2097 1722 2229 1791 Quis
2278 1723 2442 1793 igitur
2484 1723 2780 1776 etiamnum
2816 1736 2907 1776 eos
2943 1735 3173 1790 quorum
3214 1718 3400 1771 diabo-

1853 1814 1937 1868 lus
1957 1814 2062 1867 dux
2093 1821 2195 1879 est,
2224 1813 2561 1869 Christianos
2610 1814 2923 1875 nominarit,
2970 1821 3023 1867 et
3068 1826 3172 1866 non
3223 1808 3401 1878 potius

196 2081 477 2135 διαϐολικοὶ
525 2082 816 2148 καλῶνται,
845 2084 893 2136 εἰ
927 2084 999 2154 μὴ
1032 2084 1140 2156 ἄρα
1174 2086 1586 2154 μεταϐάλλονται
1614 2087 1745 2159 (45)⁹

196 2174 280 2226 καλ¹
319 2175 383 2244 ἥν
420 2174 520 2245 μὲν
547 2175 843 2244 ἐπενόησαν
868 2176 1120 2229 ἀσέϐειαν
1153 2178 1515 2247 ἀρνήσωνται,
1544 2179 1641 2250 τὴν
1692 2180 1748 2232 δὲ

1855 2090 2230 2160 cegitaverunt
2282 2089 2616 2160 impietatem
2672 2092 2957 2161 abnegent,
3015 2089 3405 2156 veritatemque

1853 2189 2195 2250 agnoscant:
2237 2178 2339 2235 hoc
2362 2181 2503 2233 enim
2532 2197 2562 2234 e
2610 2193 2666 2233 re
2702 2179 2911 2233 illorum
2945 2178 3126 2232 fuerit.
3163 2174 3269 2230 Nos
3296 2189 3403 2263 Onu-

196 2262 438 2333 ἀλήθειαν
467 2264 770 2333 ὲπιγνῶσις
815 2265 970 2318 τοῦτο
1015 2266 1124 2338 γὰρ
1170 2268 1367 2331 αὐτοὺς
1406 2268 1502 2339 μὲν
1541 2269 1751 2341 ὠφελή-

1851 2288 1918 2327 :m
1946 2272 2098 2326 decet
2127 2287 2223 2340 pro
2257 2273 2471 2327 cunctis
2497 2271 2805 2325 errantibus
2876 2273 2987 2326 haec
3025 2275 3259 2340 precari.

198 2371 271 2408 σει
300 2354 406 2427 (46)
427 2373 441 2387 ’
477 2351 706 2428 apage:
739 2358 935 2431 πρέπει
980 2361 1108 2430 περ)⁴
1142 2360 1355 2414 πάντων
1387 2362 1494 2415 τῶν
1538 2363 1897 2435 πλανωμένων
1910 2364 2082 2429 circa;
2106 2365 2377 2437 εὗχεσθαι.

262 2512 368 2594 (έ5)
398 2512 532 2594 Reg.
558 2523 612 2568 et
640 2514 830 2594 Bas_il._,
861 2515 1242 2594 διακρίνουσιν,
1274 2517 1334 2594 in
1353 2520 1623 2594 praesenti.
1649 2518 1754 2594 sed

203 2583 385 2654 melius
416 2583 504 2654 alii
529 2600 649 2637 cum
684 2584 861 2654 editis,
894 2583 1249 2654 διακρινοῦσι.
1289 2583 1405 2639 Mox
1433 2586 1561 2654 Reg.
1583 2587 1745 2641 Basil.

197 2662 244 2721 et
263 2652 410 2721 editi,
436 2647 600 2705 οὗτοι.
643 2652 767 2717 Alii,
797 2654 970 2708 αὐτοί.
1005 2647 1167 2710 Paulo
1196 2666 1314 2721 post
1339 2647 1561 2709 Tauriti.
1595 2656 1747 2710 Colb.

1851 2521 2012 2576 Basil.
2046 2530 2099 2573 et
2150 2521 2302 2587 editi,
2363 2524 2511 2587 παρά
2569 2524 2739 2575 πᾶσιν.

1920 2572 2032 2663 (is)
2056 2572 2766 2663 a.g.;';g.séi;JaV-;aaa
2794 2594 2911 2663 τήν,

1918 2659 2055 2741 μϐ).
2086 2660 2227 2741 Ιῖιξεζ
2253 2659 2482 2741 "lamin.
2530 2664 2681 2741 Colh.
2718 2659 2967 2741 Jes.:Fr.
3016 2659 3397 2741 Epignmus“

196 2718 293 2793 les.
325 2720 412 2775 Fr.
436 2723 504 2793 ii,
535 2722 749 2793 Τούτων
765 2723 821 2776 δὲ
851 2725 1021 2788 οὓτως
1044 2718 1229 2777 ὄντων.
1263 2724 1395 2793 Reg.
1424 2741 1545 2779 cum
1569 2728 1748 2789 editis,

198 2789 401 2862 Τούτων
419 2792 473 2862 ρ’
502 2792 675 2862 οὓτως
698 2793 946 2862 ἑχόντων.

262 2861 373 2931 (Η)
415 2860 583 2915 Taur.
632 2860 781 2918 Colb.
809 2861 919 2920 Jes.
947 2864 1037 2919 Fr.
1072 2865 1124 2929 l,
1161 2861 1313 2933 παρὰ
1347 2864 1580 2917 πάντων.
1615 2864 1746 2935 Reg.

1847 2729 2010 2853 Editg,
2028 2729 2244 2797 ὠφελεῖ.
2273 2730 2392 2786 Mox
2410 2732 2591 2801 iidem,
2611 2732 2990 2801 πλανωμένων.
3021 2729 3179 2796 Editi,
3206 2729 3399 2783 πεπλαο

1849 2816 1959 2853 vna.
1993 2817 2117 2853 νων.

1849 2816 1911 2869 νη
1922 2816 2117 2870 μενων.

913 3280 996 3341 ΙΝ
1052 3278 1510 3341 EPISTOLAM
1554 3281 1661 3341 AD
1704 3280 2229 3343 DRACONTIUM
2274 3280 2670 3342 MONITUM.

2640 3494 2667 3531 ι

261 3662 299 3717 Ι.
342 3664 659 3720 Dracontius
712 3670 994 3725 monachus
1046 3672 1517 3738 monachorumque
1570 3672 1846 3741 prwfectus
1893 3674 1947 3726 in
1994 3672 2341 3741 episcopatum
2380 3669 2723 3724 Alexandrini
2772 3668 2886 3738 agri
2937 3682 3027 3720 seu
3074 3664 3398 3733 Hermapolis

196 3774 357 3824 parate
387 3768 692 3828 cooptatus,
746 3770 854 3813 tttm
892 3770 948 3815 ut
978 3778 1098 3817 mox
1142 3763 1377 3832 futuram
1407 3763 1812 3832 persecutionem
1846 3764 2165 3829 declinaret,
2220 3772 2331 3816 tum
2376 3762 2512 3831 quod
2560 3771 2761 3815 tantum
2807 3760 2977 3814 subire
3021 3774 3207 3812 munus
3241 3757 3401 3827 perti-

198 3865 449 3922 mesceret,
480 3856 687 3926 aufugit
717 3872 925 3927 seseque
951 3856 1247 3911 occultavit.
1290 3856 1443 3921 Quod
1477 3857 1565 3909 ubi
1596 3856 1885 3911 Athanasio
1914 3856 2131 3910 allatum
2161 3867 2273 3925 est,
2322 3857 2663 3912 Dracontium
2698 3855 2786 3911 ille
2829 3857 2897 3910 ad
2948 3854 3246 3925 impositum
3272 3867 3401 3905 onus

199 3966 424 4007 revocare
462 3954 672 4017 nititur,
717 3964 763 4007 et
805 3954 873 4006 ad
906 3952 1230 4005 calamitates
1253 3950 1449 4006 Christi
1478 3952 1747 4021 gregisque
1774 3952 1858 4005 sui
1901 3968 2060 4005 causa
2092 3951 2425 4019 perferendas
2458 3951 2778 4005 cohortatur.
2831 3950 2961 4004 Tum
2988 3949 3137 4019 affert
3170 3946 3402 4017 exempla

199 4042 365 4108 Hosis,
400 4044 557 4109 Elite,
610 4043 789 4098 Ε’ιὶιωὶ
845 4054 891 4097 et
919 4041 1291 4111 apostolorum,
1333 4044 1424 4111 qui
1469 4043 1777 4112 gravissima
1817 4042 1941 4095 olim
1987 4058 2080 4111 pro
2109 4041 2298 4110 populo
2326 4041 2422 4095 Dei
2448 4043 2621 4095 subire
2649 4042 2931 4095 certamina
2961 4058 3063 4095 non
3092 4040 3404 4093 abnuerant.

200 4133 471 4191 Honachos
521 4138 644 4191 item
704 4144 930 4191 recenset
981 4136 1070 4206 qui
1119 4136 1187 4187 ad
1249 4136 1601 4203 episcopatum
1656 4137 1904 4204 promoti,
1956 4136 2011 4188 id
2050 4135 2219 4188 oneris
2262 4149 2379 4187 cum
2426 4134 2581 4186 laude
2626 4132 3032 4201 populorumque
3060 4129 3401 4184 emolumento

198 4231 489 4298 perferrent.
551 4231 651 4285 llis
699 4231 975 4287 Athanasii
1027 4233 1238 4286 monitis
1292 4248 1485 4285 morem
1537 4232 1756 4301 gessisse
1802 4232 2143 4285 Dracontium
2184 4229 2360 4299 palam
2414 4238 2507 4282 est.
2566 4227 2729 4280 Initio
2774 4244 2993 4297 namque
3033 4207 3402 4295 persecutionis

198 4326 255 4375 ab
286 4325 502 4396 Georgio
524 4326 722 4380 Ariona
749 4331 1040 4391 concitatae,
1079 4330 1344 4397 episcopus
1373 4342 1489 4379 cum
1518 4336 1666 4391 esset,
1699 4326 1937 4380 exsulare
1969 4336 2176 4378 coactus
2204 4334 2300 4378 est.
2351 4324 2424 4376 Ac
2454 4324 2509 4374 in
2555 4320 2726 4373 exsilii
2762 4317 2845 4370 sui
2893 4315 3025 4377 loco,
3058 4312 3266 4382 Clysma
3311 4328 3403 4397 no-

199 4421 342 4485 mine,
390 4422 585 4491 aliquot
628 4421 781 4475 annis
834 4428 1207 4484 commoratus,
1259 4417 1463 4470 demunt
1507 4424 1621 4485 post
1667 4416 1865 4469 obitum
1902 4413 2219 4477 Constantii,
2258 4416 2385 4465 data
2430 4408 2674 4463 Ecclesia:
2730 4422 2888 4475 pace,
2933 4403 3130 4472 synodo
3166 4396 3402 4465 interfuit

199 4514 576 4570 Alexandrinae.
612 4515 718 4570 Sed
751 4516 861 4569 hazc
896 4514 1049 4566 alias.
2952 4582 2962 4587 _
3247 4576 3258 4587 .

264 4608 318 4660 ll.
362 4608 680 4663 Imminente
728 4618 902 4661 autem
952 4603 1245 4658 Constantii
1291 4612 1548 4673 postrema
1608 4588 1995 4669 persecutione,
2044 4598 2373 4664 instanteque
2418 4589 2695 4645 Paschatis
2748 4582 3111 4676 solemnitate.
3155 4582 3399 4676 δεζξρζαιη

200 4696 349 4764 fuisse
374 4700 509 4753 hanc
553 4698 824 4769 epistolam
862 4700 1079 4752 suadent
1116 4664 1445 4763 complurimi
1491 4664 1722 4760 ejusdem
1763 4690 1883 4743 loci.
1940 4685 2115 4749 Quare
2155 4684 2221 4736 ad
2267 4698 2462 4736 annum
2505 4678 2607 4732 554
2644 4672 2849 4769 uel-355
2880 4668 3145 4769 refﬂeren‘da
3178 4664 3397 4767 videtur.

203 4759 384 4856 Nequit
409 4759 592 4843 Ienim'
618 4788 758 4842 ultra
803 4802 998 4842 annum
1027 4784 1131 4838 555
1168 4759 1322 4852 huius
1357 4759 1587 4852 epistolis
1630 4788 1830 4847 tempus
1877 4775 2085 4844 di/ferri
2108 4787 2128 4826 :
2161 4789 2283 4827 nam
2316 4772 2467 4825 initio
2498 4770 2621 4823 anni
2652 4762 2757 4819 556
2786 4774 2904 4860 ante
2934 4759 3399 4860 Οξιιξάταθεδίηξαθη

200 4855 417 4944 grassari
444 4882 594 4949 ctepit
627 4880 868 4934 immanis
913 4876 1007 4930 illa
1052 4863 1373 4929 Arianorum
1417 4871 1728 4941 persecutio.
1782 4868 1891 4922 Nec
1924 4875 2088 4936 potest
2116 4864 2207 4917 illa
2241 4873 2360 4917 ante
2389 4877 2584 4915 annum
2615 4859 2718 4912 554
2748 4858 2939 4925 scripta
2971 4855 3132 4921 fuisse
3161 4866 3177 4903 :
3216 4855 3398 4949 quippe

198 4970 286 5018 sub
327 4970 481 5033 finem
519 4945 787 5023 duntaxat
818 4973 942 5026 anni
972 4972 1078 5026 555
1107 4970 1200 5023 diu
1235 4980 1347 5040 post
1382 4966 1871 5034 Quadragesimam,
1913 4961 2095 5013 Ariani
2126 4959 2346 5012 insidias
2373 4954 2873 5023 conspirationesque
2903 4949 2955 5002 in
2980 4945 3399 5007 Athanasiumm}

200 5058 250 5109 in
282 5057 574 5115 Catholicos
606 5070 781 5130 aperte
810 5061 1091 5117 machinati
1122 5070 1261 5115 sunt.
1289 5058 1355 5113 In
1378 5058 1687 5111 alterutrum
1717 5070 1838 5125 ergo
1873 5066 2065 5107 annum
2092 5048 2195 5103 554
2216 5047 2290 5103 vel
2335 5045 2439 5103 555
2474 5042 2784 5113 conferenda
2829 5042 3027 5096 videtur
3060 5053 3077 5092 :
3111 5045 3177 5090 aa
3223 5044 3395 5087 utrum

200 5150 438 5214 pertineat
457 5195 472 5221 ,
513 5152 784 5207 incertum.
