3954 6556
292 413 391 471 εει

1407 416 1739 473 EPISTOLA
1772 418 1863 472 AD
1902 418 2375 477 DRACONTIUM.

3379 424 3482 475 526

353 532 406 587 Ξ.
438 533 575 588 Ποία
604 528 697 588 οὖν
730 534 822 589 ἐπὶ
847 536 1244 618 τοϊςοτοιούτοις
1272 536 1537 605 ἀπολογία
1566 538 1716 609 παρὰ
1744 538 1836 591 σοῦ

2007 542 2060 595 2.
2092 543 2390 608 Quamnam
2422 540 2586 612 igitur
2610 553 2670 595 es
2698 554 2803 609 pro
2823 538 2942 595 istis
2978 538 3379 595 excusationem
3412 544 3491 593 al-

287 625 597 696 δοθήσεταις
631 627 811 690 Ποίοις
842 627 908 682 ἂν
939 627 1295 697 ἀπονίψασθαι
1330 630 1421 682 καὶ
1460 630 1839 701 ἀπομάξασθαι

290 718 456 787 λόγοις
484 718 585 781 τὰς
608 718 859 782 τοιαύτας
882 718 1061 783 αίτίας
1083 719 1285 792 δυνήσῃ
1304 736 1318 783 ;
1342 719 1466 784 Πῶς
1488 720 1839 792 θεραπεύσεις

289 808 403 871 τοὺς
432 806 517 859 διὰ
552 807 611 859 σὲ
639 808 900 873 πεσόντας
929 808 1022 862 καὶ
1045 810 1554 880 σκανδαλιζομένους
1574 828 1588 877 ;
1611 812 1681 864 Ἢ
1700 812 1837 879 πῶς,

292 896 420 967 μετὰ
462 896 523 949 τὸ
568 898 848 969 σχισθῆναι
888 899 987 970 τὴν
1025 901 1272 971 εἰρήνην,
1323 900 1595 973 συρράψαι
1639 902 1838 973 ταύτην

288 987 513 1057 δυνήσης
559 982 632 1039 Ὦ
671 988 920 1059 ἀγαπητὲ
962 989 1269 1061 Δρακόντιε,
1299 990 1419 1044 ἀντὶ
1453 991 1626 1061 χαρᾶς
1663 989 1837 1061 λύπην

287 1081 407 1148 ἡμῖν
433 1078 542 1150 (Si)
592 1079 915 1150 πεποίηκας,
955 1082 1075 1137 ἀντὶ
1121 1081 1468 1153 παραμυθίας
1515 1083 1832 1153 στεναγμόν.

287 1169 710 1242 Προσεδοκοῦμεν
735 1172 843 1244 γὰρ
868 1173 1222 1245 παραμυθίαν
1249 1174 1390 1244 ἔχειν
1422 1191 1483 1226 σε
1515 1173 1632 1245 μεθ’
1657 1174 1833 1245 ήμῶν,

284 1261 367 1312 καὶ
395 1258 487 1312 νῦν
521 1259 787 1330 βλέπομεν
817 1260 1085 1329 φεύγοντά
1109 1278 1189 1325 σε,
1224 1261 1317 1314 καὶ
1346 1259 1579 1331 ὁρῶμεν,
1609 1261 1689 1313 ὃτι
1720 1277 1838 1331 κρι-

284 1351 489 1420 νόμενος
516 1351 614 1421 μὲν
636 1351 957 1423 ὲλεγχθήσῃ,
980 1352 1297 1406 κινδυνεύων
1315 1352 1372 1407 δὲ
1397 1370 1531 1424 μετα
1539 1352 1831 1424 μεληθήσῃ.

283 1443 381 1495 Καὶ
412 1443 494 1504 τίς
539 1443 800 1511 φείσεται,
832 1444 905 1506 ὡς
936 1446 965 1497 ὁ
1010 1445 1293 1516 προφήτης
1327 1445 1563 1515 εἴρηκεν,
1592 1446 1682 1497 ἐπὶ
1715 1446 1831 1509 σοί;

281 1534 368 1596 Τίς
396 1534 705 1603 ἀνακάμψει
746 1535 838 1586 ὲπὶ
872 1535 930 1587 σὲ
960 1535 1041 1598 είς
1071 1537 1311 1607 εἰρήνην,
1353 1536 1494 1606 ὁρῶν
1524 1536 1651 1600 τοὺς
1681 1536 1833 1590 ἁδελ-

281 1628 423 1693 φοῦς,
449 1626 514 1678 δι’
560 1626 653 1690 οὓς
692 1626 922 1697 Χριστὸς
947 1626 1207 1693 ἀπέθανε,
1237 1628 1523 1697 βλαϐέντας
1548 1629 1639 1680 ἐπὶ
1659 1631 1724 1700 τῇ
1765 1632 1829 1699 σῇ

281 1721 414 1788 φυγῇ
442 1717 585 1789 (52);
621 1719 711 1769 Δεῖ
742 1717 848 1788 γὰρ
890 1717 1089 1771 εἰδέναι
1134 1736 1191 1771 σε
1227 1721 1318 1772 καὶ
1352 1720 1425 1790 μὴ
1454 1719 1829 1789 ἀμφιϐάλλειν,

278 1812 350 1863 ὅτι
378 1813 504 1881 πρὶν
543 1811 642 1882 μὲν
680 1810 1019 1880 κατασταθῇς
1065 1810 1243 1880 σαυτῷ
1277 1809 1420 1881 ἔζης,
1477 1811 1831 1873 κατασταθεὶς

1941 631 2183 688 laturus?
2217 632 2420 700 Quibus
2465 631 2992 710 verbis'istiusmodi
3041 634 3226 703 culpas
3274 633 3494 688 abluere

1937 725 2023 779 vel
2053 725 2361 796 abstergere
2388 722 2628 793 poteris?
2676 722 2828 790 Quod
2863 722 2968 778 illis
2997 736 3056 779 es
3084 723 3379 778 remedium
3405 724 3494 776 ad-

1940 814 2229 879 hibiturus,
2260 813 2350 883 qui
2378 822 2432 869 te
2457 821 2675 868 auctore
2709 811 2843 881 lapsi
2872 821 2999 867 sunt
3023 821 3076 866 et
3102 811 3491 868 scandalizati?

1936 906 2046 959 Aut
2100 905 2366 974 quomodo
2422 914 2634 975 ruptam
2685 917 2871 972 pacem
2925 903 3101 959 denuo
3158 904 3491 974 componas?

1936 995 2267 1051 Charissime
2294 994 2569 1057 Draconti,
2607 1007 2704 1063 pro
2747 992 2943 1064 gaudio
2987 1005 3271 1047 mmrorem
3312 992 3487 1057 nobis,

1937 1100 2035 1156 pro
2059 1086 2427 1142 consolatione.
2457 1084 2654 1139 luctum
2687 1084 2930 1139 attulisti.
2961 1084 3321 1153 Sperabamus
3342 1084 3487 1138 enim

1938 1186 1990 1231 te
2034 1175 2188 1232 nobis
2227 1175 2581 1231 consolationi
2613 1173 2853 1228 futurum
2888 1191 2900 1226 :
2935 1182 2991 1227 at
3019 1188 3160 1229 nunc
3197 1183 3248 1228 te
3278 1171 3488 1241 fugien-

1936 1277 2042 1322 tem
2094 1266 2488 1335 conspicimus;
2527 1265 2875 1338 futurumque
2924 1266 3280 1335 praevidemus
3318 1275 3376 1320 ut
3431 1264 3485 1319 in

1929 1358 2188 1426 judicium
2237 1368 2484 1425 vocatus,
2523 1361 2868 1425 convincare,
2901 1358 3063 1428 inque
3092 1357 3326 1427 periculo
3355 1372 3485 1413 con-

1934 1451 2173 1515 stitutus,
2209 1459 2261 1505 te
2305 1449 2435 1505 facti
2471 1452 2744 1521 paeniteat.
2790 1451 2986 1521 Ecquis
3020 1451 3136 1518 tibi,
3170 1458 3226 1504 ut
3256 1448 3332 1502 ait
3361 1463 3486 1518 pro«

1933 1542 2089 1611 pheta
2112 1541 2177 1607 7*,
2211 1542 2420 1596 veniam
2458 1541 2698 1596 tribuat?
2748 1541 2877 1607 Quis
2910 1542 2974 1596 ad
3014 1555 3198 1610 pacem
3234 1541 3324 1594 tibi
3358 1554 3485 1594 con-

1893 1633 2222 1686 .cedendam
2269 1634 2504 1687 animum
2557 1632 2812 1698 inducat,
2853 1648 2972 1686 cum
3029 1631 3222 1686 fratres
3281 1631 3481 1693 videat,

1932 1738 2029 1791 pro
2078 1723 2270 1791 quibus
2320 1732 2559 1777 mortuus
2603 1732 2685 1775 est
2715 1722 2960 1776 Christus
3009 1722 3154 1791 gravi
3205 1723 3273 1775 ob
3306 1721 3481 1789 fugam

1935 1826 2077 1869 tuam
2108 1816 2425 1869 detrimento
2460 1814 2721 1869 allectos?
2755 1812 2923 1867 Nosse
2957 1822 3005 1866 te
3044 1828 3105 1866 ac
3145 1812 3272 1865 nihil
3314 1811 3483 1865 ambi-

278 1903 345 1965 δὲ,
394 1897 473 1966 οἷς
532 1904 887 1973 κατεστάθης.
932 1903 1042 1956 Καὶ
1088 1905 1216 1974 πρὶν
1261 1903 1355 1973 μὲν
1389 1903 1557 1975 λάϐῃς
1594 1903 1692 1974 τὴν
1732 1903 1831 1973 τῆς

1936 1920 2064 1974 gere
2086 1907 2357 1969 convenit,
2402 1916 2449 1960 te
2492 1916 2777 1971 antequam
2806 1904 3117 1959 ordinarere
3155 1903 3245 1956 tibi
3273 1902 3369 1972 ipsi
3400 1903 3481 1958 vi-

278 1994 566 2064 ἐιιισκοπῆς
597 1996 774 2064 χάριν,
822 1996 995 2058 οὐδεὶς
1027 1994 1287 2063 ἐγίνωσκέ
1332 2011 1389 2046 σε
1409 2012 1423 2027 ο
1459 1995 1745 2065 γενόμενον
1774 1996 1829 2049 δὲ

278 2084 468 2151 λοιπὸν,
499 2088 548 2138 oi
590 2086 706 2139 λαοὶ
755 2086 1092 2158 προσδοκῶσι
1125 2086 1358 2157 φέροντά
1399 2103 1456 2138 σε
1485 2086 1594 2159 (55)
1628 2087 1828 2158 τροφὴν

277 2177 463 2242 αὐτοῖς,
491 2179 592 2247 τὴν
620 2180 685 2233 ἐκ
712 2179 817 2233 τῶν
848 2180 1077 2252 Γραφῶν
1108 2177 1448 2233 διδασκαλίαν
1468 2197 1481 2210 ο
1505 2181 1628 2233 ὅταν
1650 2181 1826 2233 τοίνυν

275 2270 319 2322 oi
353 2270 752 2339 προσδοκῶντες
785 2272 1110 2344 λιμώττωσι,
1146 2278 1210 2331 σὺ
1235 2278 1290 2331 δὲ
1322 2275 1639 2344 σαυτὺνβό)
1671 2275 1825 2345 μόνον

273 2358 485 2430 τρέφῃς,
521 2361 615 2413 καὶ
654 2360 779 2433 ἔλθῃ
812 2366 839 2417 ὁ
870 2364 1072 2436 Κύριος
1116 2367 1269 2437 ἡμῶν
1323 2362 1526 2437 Ἰησοῦς
1568 2363 1819 2435 Χριστὸς,

272 2451 421 2519 ἡμεῖς
446 2470 504 2505 τε
530 2453 677 2523 αὐτῷ
708 2457 1090 2528 παραστῶμεν,
1114 2458 1270 2513 ποίαν
1300 2459 1482 2530 σχοίης
1506 2457 1816 2526 ἀπολογίαν,

270 2542 491 2613 ὁρῶντος
531 2547 694 2600 αὐτοῦ
722 2547 787 2600 τὰ
825 2547 930 2603 ἴδια
960 2550 1205 2620 πρόϐατα
1235 2551 1597 2623 λιμώττοντα;
1629 2551 1689 2603 Εἰ
1722 2550 1818 2620 μὲν

271 2636 364 2707 γὰρ
392 2637 464 2709 μὴ
498 2639 742 2709 είλήφεις
783 2639 849 2693 τὰ
896 2640 1142 2713 δηνάρια,
1184 2644 1282 2696 οὐκ
1312 2643 1377 2697 ἂν
1408 2644 1690 2715 ἐμέμψατό
1722 2659 1779 2695 σε
1799 2659 1813 2672 ’

270 2725 486 2782 λαϐόντα
504 2729 561 2782 δὲ
580 2732 673 2783 καὶ
695 2729 941 2800 χώσαντα
966 2733 1079 2801 (55)
1107 2734 1200 2787 καὶ
1229 2734 1525 2805 κρύψαντα,
1554 2734 1817 2806 μέμψαιτ’

267 2817 324 2870 ἂν
356 2822 595 2885 εἰκότως,
630 2822 799 2891 λέγων
843 2826 1020 2878 ὲκεῖνα
1049 2825 1116 2878 τὰ
1152 2828 1387 2897 ῥήματα,
1418 2827 1453 2880 ἂ
1488 2828 1559 2899 μὴ
1589 2829 1814 2896 γένοιτο,

268 2908 359 2961 κᾶν
388 2912 617 2966 ἀκοῦσαι
661 2914 757 2985 τὴν
797 2914 892 2985 σὴν
939 2916 1253 2970 εὐλάϐειαν·
1304 2919 1463 2971 Ἔδει
1496 2936 1569 2972 σε
1599 2920 1816 2983 βαλεῖν

264 2998 327 3051 τὰ
345 3000 595 3070 δηνάριά
618 3022 733 3072 μου
759 3006 881 3073 τοῖς
910 3007 1289 3074 τραπεζῖταις,
1317 3010 1414 3061 ἵνα
1443 3010 1634 3063 ἐλθὼν
1656 3010 1814 3080 κάγὼ

262 3096 387 3159 παρ’
428 3094 677 3149 ἐκείνων
718 3097 1047 3167 ἀπαιτήσω.

1931 1997 2103 2064 xisse;
2130 1996 2458 2059 ordinatum,
2489 1995 2554 2049 iis
2581 1995 2775 2062 quibus
2797 2010 2855 2049 es
2880 1995 3177 2049 ordinatus.
3206 1994 3284 2051 Ac
3311 1995 3481 2063 prius-

1928 2102 2088 2156 quam
2128 2087 2354 2154 gratiam
2406 2087 2744 2155 episcopatus
2780 2086 3106 2152 accepisses,
3146 2085 3280 2146 nulli
3325 2096 3481 2140 notus

1927 2193 2047 2234 eras
2075 2196 2090 2233 :
2117 2177 2226 2245 jam
2254 2191 2411 2241 vero,
2452 2177 2730 2231 ordinatus
2759 2193 2879 2231 cum
2913 2177 3012 2240 sis,
3054 2185 3103 2230 te
3165 2178 3339 2247 populi
3384 2193 3480 2232 ex-

1926 2277 2188 2337 spectant,
2226 2277 2283 2321 ut
2310 2268 2485 2324 cibum
2515 2267 2617 2323 illis
2637 2268 3038 2333 subministres,
3077 2266 3475 2338 Scripturarum

1929 2374 2119 2428 nempe
2150 2359 2467 2414 doctrinam.
2509 2358 2608 2424 Qui
2641 2358 2683 2414 si
2721 2358 2843 2413 dum
2883 2367 3195 2429 exspectant
3226 2360 3366 2415 fame
3394 2359 3476 2413 la-

1927 2449 2152 2516 borent,
2206 2457 2364 2518 teque
2413 2448 2585 2503 solum
2627 2450 2739 2519 ipse
2768 2450 2879 2505 alas
2902 2489 2920 2517 ,
2953 2465 3016 2506 ac
3042 2449 3262 2505 interim
3294 2451 3477 2505 veniat

1927 2542 2181 2598 Dominus
2233 2553 2416 2597 noster
2455 2540 2612 2597 Jesus
2645 2542 2915 2608 Christus,
2954 2558 3159 2612 nosque
3186 2541 3299 2611 ejus
3343 2558 3473 2597 con-

1922 2637 2125 2707 spectui
2156 2638 2438 2703 sistamus;
2488 2652 2671 2707 quam,
2710 2653 2913 2708 quaeso,
2961 2639 3198 2695 invenias
3226 2639 3303 2693 tui
3344 2653 3475 2708 pur-

1923 2728 2082 2797 gandi
2136 2730 2415 2794 rationem,
2474 2745 2595 2783 cum
2650 2730 2767 2799 ipse
2822 2730 3121 2787 esurientes
3171 2746 3297 2786 suas
3347 2744 3475 2785 oves

1920 2821 2249 2890 conspiciat?
2279 2820 2334 2875 Si
2356 2821 2605 2876 denarios
2638 2837 2745 2878 non
2782 2822 3107 2893 accepisses,
3136 2820 3485 2892 nequaquam

1924 2924 1973 2965 te
2014 2913 2103 2967 ille
2130 2911 2465 2983 objurgasset
2494 2931 2508 2970 :
2548 2931 2667 2969 cum
2711 2922 2886 2970 autem
2916 2924 3164 2984 acceptos
3195 2914 3473 2970 sull‘oderis

1920 3012 2080 3072 atque
2129 3003 2436 3067 occultaris,
2471 3003 2592 3072 jure
2644 3019 2707 3059 ac
2754 3005 2949 3059 merito
3004 3014 3053 3060 te
3105 3005 3473 3073 increpaturus

1919 3102 2022 3157 est,
2075 3092 2159 3146 bis
2195 3093 2450 3149 adhibitis
2493 3092 2691 3157 verbis,
2729 3107 2849 3161 quaa
2893 3093 3038 3149 absit
3082 3102 3141 3148 ut
3179 3103 3265 3147 tua
3301 3093 3470 3163 pietas

261 3185 473 3239 audiat:
511 3186 752 3255 Oportuit
792 3198 839 3242 te
871 3192 1122 3259 projicere
1157 3194 1397 3246 denarios
1440 3210 1578 3246 meos
1628 3192 1912 3259 lrapezitis,
1948 3198 2003 3241 ut
2030 3203 2125 3257 ego
2143 3187 2345 3241 veniens
2383 3186 2446 3239 ab
2476 3183 2580 3238 illis
2613 3194 2888 3252 repeterem
2910 3185 2977 3239 ⁷⁸.

320 3275 369 3327 5.
404 3275 712 3347 Παρακαλῶ
757 3284 938 3348 φεῖσαι
987 3283 1207 3336 σεαυτοῦ
1251 3286 1341 3338 καὶ
1382 3286 1565 3356 ήμῶν*
1616 3284 1841 3338 σαυτοῦι

1983 3280 2034 3332 5.
2069 3278 2325 3342 Obsecro,
2370 3278 2460 3331 tibi
2495 3277 2751 3345 nobisque
2798 3290 3027 3345 parcas;
3066 3276 3190 3343 tibi,
3226 3286 3284 3331 ut
3318 3290 3382 3332 ne
3414 3277 3464 3331 in

264 3366 374 3433 μὲν,
407 3368 490 3421 ἵνα
526 3370 600 3439 μὴ
629 3372 973 3445 κινδυνεύσῃς
993 3392 1005 3404 ο
1051 3376 1203 3445 ήμῶν
1230 3378 1305 3440 δὲ,
1338 3378 1422 3432 ἵνα
1460 3379 1532 3449 μὴ
1564 3378 1810 3448 λυπηθῶ-

261 3473 349 3525 μεν
374 3460 463 3511 ἐπὶ
496 3461 595 3513 σοί.
624 3463 875 3532 Φρόντιζε
907 3465 1003 3534 τῆς
1039 3467 1377 3539 Ἐκκλησίας,
1410 3470 1495 3522 ἵνα
1531 3471 1602 3540 μὴ
1636 3470 1721 3524 διὰ
1750 3471 1809 3522 σὲ

258 3546 429 3599 πολλοὶ
460 3549 569 3601 τῶν
600 3551 810 3620 μικρῶν
841 3553 1095 3621 βλαϐῶσι,
1131 3557 1221 3607 καὶ
1252 3557 1299 3608 oi
1328 3556 1472 3611 ἄλλοι
1514 3557 1567 3609 δὲ
1601 3557 1808 3627 πρόφα-

258 3653 332 3688 σιν
362 3638 595 3693 λάϐωσιν
627 3643 707 3705 εἰς
750 3645 809 3696 τὸ
845 3646 1164 3716 ἀναχωρεῖν.
1206 3648 1266 3699 Εἰ
1304 3649 1400 3718 μὲν
1437 3644 1528 3702 οὖν
1566 3650 1655 3703 τὸν
1694 3668 1807 3703 και-

259 3728 337 3797 ρὸν
363 3731 655 3803 ἐφοϐήθης,
700 3737 792 3787 καὶ
827 3738 1173 3810 καταπτήξας
1202 3740 1356 3792 τοῦτο
1386 3743 1665 3814 ἐποίησας,
1708 3743 1805 3796 οὐκ

253 3820 489 3891 ἀνδρικὸν
530 3824 593 3877 τὸ
637 3826 918 3897 φρόνημα·
956 3829 1059 3881 ἔδει
1104 3830 1209 3903 γὰρ
1255 3833 1344 3885 τὸν
1390 3833 1530 3886 κατὰ
1574 3835 1804 3903 Χριστὸν

253 3910 400 3979 ζῆλον
436 3914 493 3965 ὲν
521 3919 633 3979 τοῖς
665 3919 921 3982 τοιούτοις
947 3922 1341 3976 ἐπιδείκνυσθαι
1373 3926 1504 3995 (56),
1553 3927 1644 3979 καὶ
1673 3927 1804 3995 μᾶλ-

251 4002 329 4055 λον
370 4007 426 4057 ἐν
469 4010 587 4071 ταῖς
623 4012 972 4081 περιστάσεσι
1016 4016 1498 4085 παρρησιάζεσθαι,
1540 4018 1714 4085 λέγειν
1744 4036 1801 4070 τε

248 4095 411 4149 τὰτοῦ
438 4101 705 4170 μακαρίου
731 4104 941 4158 Παύλου
965 4108 1183 4177 ῥήματα
1203 4126 1214 4136 ·
1256 4110 1356 4162 Ἐν
1372 4111 1601 4179 τούτοις
1617 4111 1803 4165 πᾶσιν

248 4190 669 4261 ὑπερνικῶμεν
697 4196 789 4247 καὶ
823 4197 1070 4266 μάλιστα,
1092 4201 1171 4252 ὅτι
1203 4202 1261 4253 οὐ
1296 4202 1595 4272 πρέπει.τῴ
1629 4203 1801 4273 καιρῷ

247 4278 524 4347 δουλεύειν,
562 4285 698 4339 ἀλλὰ
734 4287 807 4357 τῷ
835 4290 1021 4360 Κυρίῳ
1042 4308 1054 4320 ο
1088 4293 1134 4343 εί
1163 4292 1218 4345 δὲ
1245 4293 1351 4345 τῶν
1400 4293 1732 4362 Ἑκκλησιῶν
1766 4297 1796 4365 ἠ

245 4368 469 4438 διάταξις
488 4376 589 4427 ούκ
614 4375 833 4447 ἀρέσκει
854 4395 951 4443 σοι,
977 4380 1094 4433 οὐδὲ
1118 4382 1353 4452 νομίζεις
1375 4383 1435 4435 τὸ
1463 4386 1559 4453 τῆς
1582 4385 1799 4437 ἐπισκο-

245 4460 343 4529 πῆς
375 4465 742 4537 λειτούργημα
765 4469 951 4539 μισθὸν
981 4471 1143 4541 ἔχειν,
1162 4473 1293 4526 ἀλλὰ
1310 4474 1419 4543 (57)
1439 4478 1796 4544 καταφρονεῖν

243 4552 326 4604 τοῦ
353 4557 521 4611 ταῦτα
551 4558 941 4630 διαταξαμένου
974 4564 1221 4633 Σωτῆρος
1246 4566 1546 4635 πεποίηκας
1579 4566 1789 4619 σαυτόν·

1911 3371 2203 3441 periculum
2260 3368 2555 3434 adducare;
2614 3370 2797 3435 nobis',
2845 3384 2911 3425 ne
2958 3369 3025 3424 ad
3076 3380 3126 3426 te
3178 3370 3462 3440 lugendum

1910 3463 2316 3532 cumpellamur.
2344 3462 2597 3516 Ecclesiae
2626 3476 2809 3515 curam
2852 3461 3066 3528 habeto,
3098 3476 3164 3515 ne
3191 3463 3264 3516 tui
3302 3479 3462 3517 causa

1862 3594 1863 3597 η
1912 3557 2057 3612 multi
2089 3571 2154 3611 ex
2184 3554 2389 3624 pusillis
2422 3554 2618 3609 damno
2667 3552 3013 3609 afficiantur:
3071 3568 3173 3609 neu
3231 3554 3320 3608 alii
3373 3563 3464 3607 tuo

1907 3647 2151 3718 exemplo
2181 3656 2398 3715 captent
2448 3644 2787 3700 occasionem
2821 3645 3126 3701 secedendi.
3167 3644 3222 3700 Si
3255 3658 3461 3714 tempo-

1908 3743 1982 3796 ris
2006 3739 2366 3795 calamitatem
2394 3737 2804 3808 pertimescens,
2836 3751 2898 3791 ac
2930 3746 3071 3791 metu
3103 3737 3376 3807 perculsus
3409 3737 3460 3789 id

1906 3830 2114 3901 egeris,
2148 3843 2486 3898 nequaquam
2512 3828 2757 3896 generosi
2788 3826 2952 3880 animi
2982 3826 3107 3881 illud
3141 3824 3336 3880 fuerit:
3365 3841 3482 3908 par.

1904 3920 2165 3976 fuitenim
2200 3930 2346 3974 tuum
2378 3934 2474 3991 pro
2496 3917 2711 3973 Christo
2737 3918 2993 3985 Studium,
3027 3918 3079 3972 in
3118 3918 3202 3972 his
3233 3917 3456 3972 calami-

1906 4016 2100 4070 tatibus
2126 4014 2402 4078 exhibere,
2439 4026 2502 4066 ac
2532 4011 2869 4080 potissimum
2917 4012 2969 4065 in
3000 4009 3298 4079 huiusmodi
3329 4021 3458 4065 tem-

1902 4106 2121 4176 poribus
2148 4115 2417 4173 assumpta
2445 4102 2662 4169 fiducia,
2693 4103 2807 4157 haec
2833 4102 2980 4157 Pauli
3002 4103 3163 4156 verba
3193 4101 3454 4171 proferre,

1900 4199 1953 4249 in
1993 4197 2077 4249 his
2101 4196 2336 4250 omnibus
2360 4210 2661 4263 superamus
2690 4195 2755 4257 ⁷⁸,
2803 4209 2922 4249 cum
2954 4194 3184 4249 maxime
3230 4208 3326 4249 nos
3367 4194 3457 4248 de-

1899 4298 2018 4344 ceat
2053 4304 2156 4341 non
2186 4287 2407 4356 tempori
2443 4286 2535 4340 sed
2573 4286 2794 4345 Domino
2831 4285 3053 4339 servire.
3106 4283 3199 4339 Sin
3236 4284 3331 4338 tibi
3357 4286 3453 4338 mi-

1898 4378 2041 4432 nime
2070 4376 2243 4445 placet
2272 4374 2633 4431 Eccle‘siarum
2673 4374 2987 4429 constitutio
3011 4414 3027 4438 ,
3060 4389 3158 4429 nec
3184 4375 3452 4430 arbitrare

1896 4469 2236 4538 episcopatus
2284 4466 2641 4521 ministerium
2686 4481 2781 4521 sua
2829 4466 3075 4522 mercede
3104 4466 3448 4521 donandum:

1896 4563 1988 4615 sed
2033 4576 2095 4616 eo
2143 4574 2316 4629 usque
2344 4559 2582 4613 animum
2619 4558 2869 4629 appulisti
2905 4567 2961 4613 ut
2990 4558 3325 4615 Salvatorem
3356 4560 3447 4629 qui

244 4648 551 4715 παρακαλῶ,
601 4649 674 4721 μὴ
718 4622 937 4705 τοιαῦτα
990 4622 1221 4721 λογίξου,
1278 4622 1647 4725 μηδὲιὰνέχου
1687 4622 1841 4708 τῶν1

1916 4651 2204 4719 ηιυῇυεηιοόί
2232 4666 2318 4706 res
2346 4650 2646 4716 constituit,
2678 4649 2990 4720 vilipendas.
3018 4649 3251 4706 Obsecro
3278 4667 3342 4706 ne
3366 4668 3450 4705 res

238 4736 400 4792 ταῦτα
417 4741 885 4811 συμϐουλευόντων
901 4760 913 4773 ο
933 4746 992 4797 ού
1008 4745 1115 4816 γὰρ
1132 4746 1254 4811 ἄξια
1266 4750 1302 4798 Δ
1308 4746 1584 4815 ρακοντίου
1601 4746 1789 4801 ταῦτα.

246 4827 307 4879 ’Δ
330 4832 432 4904 γὰρ
455 4836 483 4887 ὁ
506 4833 707 4904 Κύριος
727 4836 813 4889 διὰ
838 4835 944 4888 τῶν
970 4837 1275 4890 ἀποστόλων
1296 4838 1595 4901 τετύπωκε,
1620 4839 1791 4893 ταῦτα

240 4922 367 4976 καλὰ
407 4926 499 4978 καὶ
550 4926 742 4996 βέϐαια
789 4930 971 4999 μένειο
1023 4931 1055 4999 ή
1101 4930 1157 4982 δὲ
1195 4929 1301 4983 τῶν
1343 4930 1581 5000 ἀδελφῶν
1619 4930 1787 4986 δειλία

240 5028 511 5070 παύσεται.

1899 4742 2200 4812 huiusmodi
2231 4742 2412 4796 animo
2447 4757 2648 4807 verses,
2703 4758 2807 4797 neu
2859 4742 3054 4798 toleres
3098 4757 3189 4797 eos
3224 4743 3315 4812 qui
3354 4743 3447 4798 tibi

1898 4835 2056 4903 hujus
2096 4832 2306 4889 consilii
2344 4841 2590 4888 auctores
2623 4843 2789 4889 sunt:
2834 4848 2937 4889 non
2968 4834 3109 4889 enim
3144 4834 3259 4889 bzec
3287 4833 3444 4903 digna

1894 4937 2017 4983 sunt
2044 4926 2349 4981 Dracontio.
2377 4925 2588 4981 Etenim
2630 4942 2749 4997 quae
2771 4926 3026 4982 Dominus
3054 4942 3149 4997 per
3178 4926 3444 4997 apostolos

1894 5016 2190 5083 constituit,
2241 5017 2355 5073 hmo
2395 5017 2571 5086 bona,
2612 5018 2728 5073 haec
2775 5018 2925 5073 firma
2964 5026 3323 5086 perseverant.
3370 5016 3444 5069 Eo

236 5114 399 5160 autem
433 5111 591 5165 modo
621 5110 857 5168 futurum
896 5125 979 5170 est
1019 5125 1076 5170 ut
1105 5115 1331 5170 fratrum
1370 5114 1599 5171 formido
1630 5124 2020 5187 compescatur.

262 5196 338 5271 x"
365 5240 564 5322 trem.
608 5264 698 5317 xv,
739 5251 791 5307 5.
864 5254 911 5285 "
937 5252 1127 5308 Matth.
1154 5270 1292 5321 xxv,
1331 5255 1397 5308 Ξῖ
1426 5273 1440 5322 ;

234 5323 342 5370 vm.
374 5313 455 5367 '57.

298 5448 402 5517 (5|)
439 5447 531 5501 Sic
587 5446 716 5517 Reg.
743 5449 898 5517 Angl.
932 5459 987 5504 et
1024 5450 1206 5507 Felck.
1242 5456 1273 5508 7
1301 5469 1462 5507 anon.
1492 5455 1628 5509 Editi
1656 5471 1777 5510 cum

236 5516 359 5582 aliis,
384 5519 550 5587 ἡμᾶς.
597 5516 712 5602 ἣξοκ
736 5516 918 5598 ξειειι.
947 5521 979 5574 '5
1006 5537 1193 5589 anon.,
1224 5524 1657 5595 προσεδοκῶμεν.
1675 5527 1776 5581 ΛΙίί

228 5600 418 5658 (ΜυρίῘή
777 5605 895 5657 μεν.

293 5656 398 5725 (59.)
426 5656 663 5732 Anglic”
693 5656 909 5732 δια-τήν
954 5660 1051 5732 σὴν
1080 5663 1276 5732 φυγήν.
1305 5662 1421 5716 Mox
1449 5664 1577 5717 editi
1627 5682 1775 5721 men-

230 5724 368 5787 dosc,
404 5724 910 5802 μὲνῄκατασταθείς.
958 5724 1101 5800 ile-gf
1141 5724 1291 5802 ringi.
1332 5732 1509 5790 Felck.
1541 5738 1572 5791 3
1612 5753 1768 5791 anon.

230 5796 577 5866 κατασταθῇς.

304 5866 407 5931 (53)
430 5852 663 5921 :é‘liecsi
692 5866 741 5921 in
773 5867 899 5935 Reg.

1495 5255 1624 5312 Luc.
1656 5272 1766 5321 xix,
1824 5256 1893 5310 25
1956 5253 2134 5310 eadem
2175 5256 2453 5321 sententia,
2482 5257 2573 5310 sed
2604 5272 2705 5311 non
2743 5256 2923 5312 iisdem
2950 5255 3130 5312 verbis.

3207 5250 3252 5281 "
3284 5251 3437 5305 Rom.

1956 5457 2069 5597 $54)
2095 5457 2251 5530 Reg.,
2274 5463 2521 5516 σεαυτόν.
2548 5462 2681 5517 Ibid.
2702 5460 2932 5529 Anglic,
2952 5458 3187 5528 τρέφεις.

1980 5527 2066 5595 55)
2087 5528 2598 5597 Βθίζηψυχὼσαντα,
2614 5532 2883 5585 mendose.
2900 5528 3026 5581 Ibid.
3045 5528 3170 5597 μσς.

1980 5522 2066 5595 55)
2087 5522 2598 5601 Βθέ.,ψυχὼσαντα,
2614 5522 3026 5601 mendo-se._lbii:l_.
3045 5522 3170 5601 δίζε.
3188 5534 3237 5601 el
3254 5522 3428 5581 Felck.

1881 5599 1915 5651 3
1954 5596 2138 5691 auom,
2169 5596 2562 5691 καλὶ’κρῖύψα¹ντα
2593 5599 2849 5669 μέμψαιτ’
2873 5598 2956 5651 ἄν.
2985 5596 3250 5660 Ειίὶιὶ,καὶ
3270 5612 3436 5651 κατα-

1881 5667 2157 5739 κρύψαντα
2194 5667 2419 5741 μέμψετ⁵
2449 5670 2533 5722 ἄν.
2595 5667 2603 5669 ’
2667 5667 2674 5668 ί

2094 5739 2547 5816 elck.__5_anon._,
2582 5735 2904 5816 δείκνυσθαι..

1922 5808 2059 5893 ’(57)
2090 5810 2245 5878 “9.3.,
2269 5809 2399 5865 ἀλλὰ
2443 5809 2552 5861 καί.
2586 5806 2701 5863 Mox
2745 5806 2974 5876 Anglia,
3012 5804 3277 5868 πέπεικας
3314 5824 3432 5860 sau-

1878 5894 1983 5931 τον.
