3954 6544
259 406 357 464 525

1374 409 1707 465 EPISTOLA
1740 409 1831 463 AD
1870 409 2343 468 DRACONTIUM.

3349 414 3453 465 526

318 526 371 580 Ξ.
405 526 542 581 Ποία
572 521 665 581 οὖν
698 527 789 582 ἐπὶ
814 529 1211 611 τοῖςροιούτοις
1239 529 1504 598 ἀπολογία
1534 530 1683 601 παρὰ
1712 530 1815 583 σοῦ

1974 533 2029 586 2.
2060 534 2359 599 Quamnam
2392 531 2555 603 igitur
2579 544 2639 585 es
2668 544 2766 600 pro
2794 528 2911 585 istis
2948 528 3349 585 excusationem
3381 534 3460 583 at-

253 619 565 689 δοθήσεταις
598 621 778 683 Ποίοις
809 620 875 675 ἂν
906 620 1263 690 ἀπονίψασθαι
1297 622 1388 674 καὶ
1428 622 1807 693 ἀπομάξασθαι

256 713 422 780 λόγοις
451 712 553 775 τὰς
577 711 827 775 τοιαύτας
851 711 1029 776 αἰτίας
1050 712 1286 785 δυνήσῃ;
1310 712 1433 776 Πῶς
1456 713 1807 784 θεραπεύσεις

256 802 369 865 τοὺς
398 800 485 853 διὰ
520 801 580 853 σὲ
608 802 868 866 πεσόντας
897 802 990 855 καὶ
1013 802 1556 873 σκανδαλιξομένους;
1579 804 1649 856 Ἢ
1668 804 1805 870 πῶς,

259 890 387 962 μετὰ
430 890 492 944 τὸ
536 892 816 963 σχισθῆναι
857 892 955 963 τὴν
994 894 1240 964 εἰρήνην,
1291 893 1562 965 συρράψαι
1607 894 1807 964 ταύτην

255 981 482 1051 δυνήσῃ;
528 977 601 1033 Ὦ
640 981 889 1053 άγαπητὲ
930 982 1238 1054 Δρακόντιε,
1267 982 1388 1037 ἀντὶ
1421 983 1594 1053 χαρᾶς
1631 981 1806 1053 λύπην

254 1075 373 1143 ἡμῖν
401 1072 512 1143 (51)
561 1073 884 1144 πεποίηκας,
924 1075 1043 1129 ἀντὶ¹
1090 1073 1436 1146 παραμυθίας
1484 1075 1801 1145 στεναγμόν.

256 1164 679 1237 Προσεδοκοῦμεν
705 1166 813 1237 γάρ
838 1166 1191 1239 παραμυθίαν
1218 1167 1359 1237 ἔχειν
1391 1183 1450 1219 σε
1484 1166 1601 1237 μεθ’
1626 1166 1803 1237 ἡμῶν,

254 1256 336 1307 καὶ
364 1253 457 1307 νῦν
490 1254 757 1324 βλέπομεν
786 1253 1054 1323 φεύγοντά
1078 1271 1157 1317 σε,
1194 1254 1285 1307 καὶ
1314 1251 1548 1323 ὁρῶμεν,
1578 1253 1658 1306 ὅτι
1689 1268 1807 1322 κρι-

254 1346 459 1415 νόμενος
485 1346 583 1415 μὲν
605 1345 927 1417 ὲλεγχθήσῃ,
950 1344 1266 1399 κινδυνεύων
1285 1345 1341 1398 δὲ
1367 1344 1801 1416 μεταμεληθήσῃ.

254 1439 351 1489 Καὶ
381 1438 463 1499 τίς
509 1438 770 1505 φείσεται,
801 1438 875 1499 ὡς
906 1439 935 1491 ὁ
980 1437 1262 1508 προφήτης
1297 1438 1533 1508 εἴρηκεν,
1562 1438 1652 1490 ἐπὶ
1685 1438 1763 1489 σοι
1788 1454 1801 1501 ;

253 1529 338 1590 Τίς
366 1528 675 1598 ἀνακάμψει
717 1529 808 1580 ἐπὶ
842 1528 901 1581 σὲ
930 1529 1010 1591 εἰς
1040 1530 1281 1599 εἰρήνην,
1323 1529 1463 1599 ὀρῶν
1493 1529 1620 1592 τοὺς
1651 1528 1803 1582 ἀδελ-

253 1623 393 1688 φοὺς,
419 1621 485 1673 δι’
530 1620 622 1683 οὓς
660 1620 892 1691 Χριστὸς
917 1620 1176 1686 ἀπέθανε,
1207 1620 1494 1690 βλαϐέντας
1519 1621 1609 1672 ἐπὶ
1630 1623 1694 1691 τῇ
1736 1624 1800 1691 σῇ

254 1715 383 1782 φυγῇ
412 1712 554 1783 (52);
590 1713 682 1763 Δεῖ
712 1711 819 1783 γὰρ
860 1711 1057 1765 εἰδέναι
1103 1729 1160 1763 σε
1197 1713 1288 1764 καί
1322 1713 1395 1782 μὴ
1425 1711 1799 1782 άμφιϐάλλειν,

252 1806 321 1858 ὃτι
349 1807 475 1875 πρὶν
512 1806 611 1875 μὲν
651 1804 989 1874 κατασταθῇς
1034 1803 1213 1873 σαυτῷ
1247 1803 1390 1873 ἔζης,
1448 1804 1801 1865 κατασταθεὶς

1909 623 2152 679 laturus?
2186 623 2389 691 Quibus
2435 622 2963 701 verbis’istiusmodi
3011 624 3196 692 culpas
3244 622 3463 678 abluere

1906 716 1992 770 vel
2022 717 2330 787 abstergere
2358 713 2598 784 poteris?
2645 713 2798 781 Quod
2833 713 2939 768 illis
2967 727 3026 769 es
3054 713 3349 768 remedium
3375 714 3464 767 ad-

1910 806 2199 870 hibiturus,
2229 804 2319 875 qui
2348 813 2402 860 te
2427 812 2645 858 auctore
2679 802 2813 871 lapsi
2843 812 2970 858 sunt
2993 812 3047 856 et
3072 801 3461 857 scandalizati?

1906 897 2015 951 Aut
2068 896 2336 965 quomodo
2393 905 2604 966 ruptam
2655 908 2840 963 pacem
2896 894 3072 950 denuo
3128 894 3461 965 componas?

1906 986 2237 1041 Charissime
2264 985 2539 1047 Draconti,
2577 998 2675 1053 pro
2718 983 2914 1054 gaudio
2957 996 3242 1037 maerorem
3282 982 3457 1047 nobis,

1906 1091 2005 1147 pro
2029 1077 2398 1132 consolatione
2428 1076 2625 1130 luctum
2657 1075 2901 1129 attulisti.
2932 1075 3291 1143 Sperabamus
3313 1074 3458 1129 enim

1908 1177 1960 1222 te
2003 1166 2158 1223 nobis
2198 1166 2552 1222 consolationi
2584 1164 2824 1219 futurum
2858 1182 2871 1217 :
2906 1173 2962 1218 at
2990 1178 3132 1220 nunc
3169 1174 3219 1217 te
3250 1161 3459 1232 fugien-

1905 1268 2012 1313 tem
2065 1256 2460 1327 conspicimus;
2499 1256 2847 1329 futurumque
2896 1256 3251 1326 praevidemus
3290 1265 3348 1309 ut
3402 1254 3457 1309 in

1898 1350 2160 1418 judicium
2210 1358 2455 1415 vocatus,
2495 1352 2839 1416 convincare,
2872 1349 3035 1419 inque
3065 1347 3298 1417 periculo
3326 1362 3457 1403 con-

1904 1442 2144 1505 stitutus,
2181 1451 2232 1496 te
2276 1440 2407 1496 facti
2442 1443 2715 1511 paeniteat.
2762 1442 2958 1512 Ecquis
2992 1442 3108 1507 tibi,
3142 1448 3198 1494 ut
3228 1439 3304 1492 ait
3334 1454 3458 1509 proc

1903 1534 2060 1602 pheta
2084 1532 2148 1599 ⁷⁸,
2183 1532 2392 1587 veniam
2430 1532 2670 1587 tribuat?
2720 1532 2850 1598 Quis
2882 1532 2946 1586 ad
2987 1546 3170 1601 pacem
3207 1531 3296 1584 tibi
3330 1545 3457 1584 con-

1903 1625 2193 1677 cedendam
2240 1625 2476 1678 animum
2530 1623 2785 1689 inducat,
2826 1639 2946 1676 cum
3001 1622 3196 1677 fratres
3254 1622 3453 1683 videat,

1903 1731 1999 1783 pro
2048 1715 2241 1783 quibus
2292 1723 2531 1768 mortuus
2575 1723 2659 1766 est
2687 1712 2933 1767 Christus
2982 1713 3127 1780 gravi
3178 1714 3246 1766 ob
3278 1711 3454 1779 fugam

1906 1818 2047 1860 tuam
2079 1808 2397 1860 detrimento
2432 1805 2694 1860 allectos?
2728 1802 2895 1858 Nosse
2929 1814 2978 1857 te
3017 1818 3077 1857 ac
3118 1802 3245 1856 nihil
3286 1802 3457 1856 ambi-

251 1898 316 1960 δὲ,
365 1892 444 1960 οἷς
502 1898 858 1967 κατεστάθης.
902 1897 1011 1950 Καὶ
1058 1898 1187 1968 πρὶν
1231 1896 1325 1966 μὲν
1358 1895 1527 1968 λάϐῃς
1566 1896 1662 1966 τὴν
1704 1895 1801 1966 τῆς

1907 1912 2035 1967 gere
2057 1899 2329 1961 convenit,
2373 1907 2421 1951 te
2464 1907 2750 1962 antequam
2778 1895 3090 1950 ordinarere
3127 1894 3218 1947 tibi
3245 1893 3343 1962 ipsi
3373 1893 3454 1949 vi-

252 1990 536 2059 émsxoirﬁ;
568 1990 745 2058 χάριν,
794 1990 965 2052 οὐδεὶς
996 1987 1258 2057 ἐγίνωσκε
1303 2004 1360 2039 σε
1380 2005 1393 2019 ·
1430 1988 1716 2057 γενόμενον
1745 1988 1799 2041 δὲ

251 2078 438 2145 λοιπὸν,
470 2082 518 2133 οἰ
561 2081 677 2134 λαοὶ
726 2080 1061 2152 προσδοκῶσι
1096 2079 1329 2149 φέροντά
1370 2096 1426 2131 σε
1456 2079 1565 2151 (55)
1599 2080 1799 2151 τροφὴν

250 2173 434 2236 αὐτοῖς,
462 2173 563 2242 τὴν
592 2175 656 2227 ἐκ
682 2174 789 2227 τῶν
820 2174 1047 2245 Γραφῶν
1078 2171 1419 2226 διδασκαλίαν
1439 2190 1451 2202 ·
1476 2174 1599 2226 ὅταν
1622 2174 1797 2226 τοίνυν

249 2265 291 2317 οἰ
325 2265 724 2334 προσδοκῶντες
756 2266 1081 2337 λιμώττωσι,
1118 2272 1181 2324 σὺ
1206 2272 1261 2324 δὲ
1293 2267 1609 2335 σαυτὸν(54)
1642 2267 1796 2338 μόνον

247 2354 457 2425 τρέφῃς,
492 2356 586 2407 καὶ
625 2355 750 2426 ἔλθῃ
783 2360 811 2411 ὁ
842 2358 1043 2429 Κύριος
1087 2360 1241 2431 ἡμῶν
1294 2356 1497 2429 Ἰησοῦς
1539 2355 1790 2427 Χριστὸς,

247 2447 393 2513 ἡμεῖς
418 2464 475 2500 τε
501 2447 648 2517 αὐτῷ
679 2451 1062 2522 παραστῶμεν,
1086 2452 1242 2505 ποίαν
1272 2452 1453 2522 σχοίης
1479 2449 1788 2517 ἀπολογίαν,

246 2538 461 2608 ὁρῶντος
502 2542 665 2594 αὐτοῦ
694 2541 759 2594 τὰ
798 2541 903 2597 ἴδια
932 2544 1177 2615 πρόϐατα
1207 2544 1569 2616 λιμώττοντα;
1601 2544 1661 2595 Εἰ
1694 2543 1790 2613 μὲν

249 2632 338 2701 γὰρ
366 2631 435 2703 μὴ
469 2634 714 2703 εἰλήφεις
756 2633 822 2687 τά
868 2634 1114 2706 δηνάρια,
1157 2638 1255 2689 οὐκ
1284 2636 1350 2690 ἂν
1381 2636 1662 2708 ἐμέμψατό
1694 2652 1751 2687 σε
1771 2652 1784 2665 ·

248 2720 457 2776 λαϐόντα
476 2724 532 2776 δὲ
552 2727 645 2778 καὶ
668 2724 913 2794 χώσαντα
939 2727 1051 2794 (55)
1079 2728 1173 2780 καὶ
1202 2727 1498 2799 κρύψαντα,
1527 2727 1789 2798 μέμψαιτ’

246 2812 301 2865 ἂν
331 2816 567 2879 εἰκότως,
602 2817 771 2885 λέγων
816 2820 993 2871 ἐκεῖνα
1022 2819 1089 2872 τά
1125 2822 1359 2890 ῥήματα,
1391 2820 1426 2873 ἃ
1460 2821 1533 2892 μὴ
1561 2821 1786 2889 γένοιτο,

248 2902 334 2955 κᾶν
362 2906 588 2961 ἀκοῦσαι
632 2909 729 2979 τὴν
770 2908 864 2979 σὴν
912 2910 1226 2963 εὐλάϐειαν·
1277 2912 1435 2965 Ἔδει
1470 2929 1542 2965 σε
1572 2914 1789 2977 βαλεῖν

244 2993 303 3045 τὰ
322 2994 567 3065 δηνάριὰ
589 3016 706 3066 μου
732 3000 853 3066 τοῖς
884 3000 1261 3068 τραπεζῖταις,
1290 3004 1387 3055 ἵνα
1416 3003 1607 3056 ἐλθὼν
1629 3003 1787 3073 κάγὼ

244 3090 361 3154 παρ’
401 3090 650 3143 ἐκείνων
691 3091 1020 3161 ἀπαιτήσω.

1902 1989 2073 2055 xisse;
2101 1988 2429 2051 ordinatum,
2461 1987 2525 2041 iis
2553 1987 2747 2053 quibus
2769 2001 2827 2041 es
2852 1986 3149 2039 ordinatus.
3179 1985 3257 2041 Ac
3284 1985 3453 2053 prius-

1898 2094 2058 2147 quam
2099 2079 2325 2146 gratiam
2378 2078 2716 2147 episcopatus
2752 2076 3078 2142 accepisses,
3120 2076 3251 2137 nulli
3297 2086 3454 2130 notus

1897 2185 2018 2226 eras
2046 2188 2060 2225 :
2088 2169 2197 2237 jam
2226 2183 2383 2233 vero,
2424 2168 2701 2222 ordinatus
2731 2184 2851 2221 cum
2885 2168 2983 2231 sis,
3027 2176 3076 2220 te
3137 2168 3312 2237 populi
3356 2183 3453 2222 ex-

1897 2269 2159 2329 spectant,
2198 2269 2255 2313 ιιι
2282 2260 2457 2315 cibum
2486 2258 2588 2314 illis
2608 2258 3010 2324 subministres,
3049 2256 3448 2329 Scripturarum

1900 2366 2090 2419 nempe
2122 2350 2439 2405 doctrinam.
2480 2350 2579 2415 Qui
2612 2348 2655 2405 si
2693 2349 2815 2403 dum
2855 2358 3167 2419 exspectant
3198 2350 3337 2404 fame
3366 2349 3447 2403 la-

1899 2442 2124 2508 borent,
2178 2448 2336 2510 teque
2385 2440 2557 2495 solum
2599 2441 2711 2509 ipse
2740 2441 2851 2495 alas
2874 2480 2891 2507 ,
2924 2456 2988 2495 ac
3014 2439 3233 2495 interim
3266 2441 3449 2495 veniat

1898 2534 2153 2589 Dominus
2206 2544 2388 2588 noster
2428 2532 2583 2587 Iesus
2616 2533 2887 2598 Christus,
2926 2547 3130 2602 nosque
3157 2530 3271 2600 ejus
3315 2547 3444 2587 cou-

1894 2629 2097 2699 spectui
2128 2629 2411 2693 sistamus;
2460 2643 2643 2697 quam,
2683 2644 2885 2697 quaeso,
2932 2629 3170 2684 invenias
3198 2628 3275 2683 tui
3317 2642 3448 2697 pur-

1895 2720 2053 2789 gandi
2108 2720 2387 2785 rationem,
2447 2735 2567 2774 cum
2622 2720 2738 2789 ipse
2794 2720 3093 2776 esurientes
3144 2735 3269 2775 suas
3318 2734 3447 2774 oves

1892 2813 2222 2882 conspiciat?
2251 2812 2307 2867 Si
2329 2812 2578 2867 denarios
2610 2827 2717 2868 non
2755 2812 3079 2882 accepisses,
3108 2826 3445 2881 nequaquam

1897 2917 1946 2959 te
1986 2906 2075 2959 ille
2102 2904 2437 2975 objurgasset
2467 2922 2481 2961 :
2521 2922 2640 2961 cum
2683 2912 2859 2961 autem
2890 2913 3137 2973 acceptos
3168 2903 3447 2959 sutl‘oderis

1893 3004 2053 3064 atque
2102 2995 2409 3059 occultaris,
2445 2994 2565 3063 jure
2617 3010 2679 3051 ac
2728 2995 2923 3050 merito
2977 3004 3027 3050 te
3079 2994 3447 3063 increpaturus

1892 3096 1995 3149 est,
2048 3085 2132 3139 his
2168 3085 2423 3141 adhibitis
2466 3084 2665 3149 verbis,
2703 3098 2822 3153 qua:
2867 3084 3012 3140 absit
3056 3092 3115 3138 ut
3152 3094 3239 3138 tua
3274 3083 3444 3153 pietas

243 3179 404 3231 audiat
432 3197 446 3234 :
482 3181 725 3248 Oportuit
765 3192 812 3236 te
844 3186 1095 3253 projicere
1130 3188 1370 3240 denarios
1414 3204 1551 3240 meo:
1601 3185 1886 3252 trapezitis,
1920 3192 1977 3234 ut
2004 3196 2094 3249 ego
2116 3180 2318 3234 veniens
2357 3178 2420 3231 ab
2448 3176 2553 3231 illis
2586 3186 2862 3244 repeterem
2884 3176 2951 3231 ⁷⁸.

299 3269 346 3321 5.
378 3269 686 3341 Παρακαλῶ
730 3278 911 3342 φεῖσαι
960 3277 1180 3330 σεαυτοῦ
1225 3280 1314 3332 καί
1355 3279 1539 3349 ἡμῶν·
1590 3278 1815 3332 σαυτοῦι

1957 3273 2008 3326 5.
2042 3271 2299 3334 Obsecro,
2343 3270 2433 3324 tibi
2469 3270 2725 3338 nobisque
2772 3283 3002 3337 parcas;
3041 3268 3165 3335 tibi,
3201 3277 3259 3322 ut
3293 3281 3357 3323 ne
3389 3268 3439 3322 in

246 3360 350 3427 μὲν,
381 3363 463 3415 ἵνα
500 3365 573 3434 μὴ
603 3366 946 3439 κινδυνεύσῃς
967 3386 979 3397 ·
1024 3370 1177 3439 ἡμῶν
1204 3372 1279 3433 δὲ,
1312 3372 1395 3425 ἵνα
1434 3372 1505 3442 μὴ
1538 3372 1783 3442 λυπηθῶ-

243 3468 326 3518 μεν
349 3454 436 3505 ἐπὶ
469 3455 568 3508 σοέ.
598 3457 849 3526 Φρόντιξε
882 3459 977 3528 τῆς
1014 3461 1350 3532 Ἐκκλησίας,
1384 3464 1469 3516 ἴνα
1505 3465 1576 3533 μὴ
1609 3464 1694 3517 διὰ
1724 3464 1782 3515 σὲ

240 3541 403 3594 πολλοὶ
434 3543 542 3595 τῶν
574 3546 783 3615 μικρῶν
815 3547 1068 3615 βλαϐῶσι,
1104 3551 1195 3601 καὶ
1227 3550 1274 3602 οἰ
1302 3550 1446 3604 ἄλλοι
1488 3550 1541 3602 δὲ
1575 3551 1782 3621 πρόφα-

240 3646 310 3682 σιν
338 3632 568 3687 λάϐωσιν
601 3637 680 3699 εἰς
724 3638 782 3690 τὸ
819 3640 1138 3709 ἀναχωρεῖν.
1180 3643 1240 3694 Εἰ
1278 3643 1375 3712 μὲν
1411 3638 1501 3695 οὖν
1541 3643 1629 3695 τὸν
1668 3662 1781 3697 και-

239 3722 315 3791 ρὸν
340 3725 629 3797 ἐφοϐήθης,
674 3730 766 3781 καὶ
801 3732 1147 3803 καταπτήξας
1176 3734 1330 3787 τοῦτο
1361 3736 1639 3807 ἐποίησας,
1681 3737 1779 3789 οὐκ

233 3813 461 3884 ἀνδρικὸν
503 3818 567 3870 τὸ
611 3820 892 3891 φρόνημα·
930 3822 1033 3875 ἔδει
1078 3824 1183 3896 γὰρ
1229 3826 1318 3878 τὸν
1364 3827 1504 3879 κατά
1549 3829 1779 3897 Χριστὸν

232 3904 374 3973 ζῆλον
411 3909 467 3960 ὲν
496 3914 607 3973 τοῖς
638 3913 895 3976 τοιούτοις
922 3915 1315 3970 ἐπιδείκνυσθαι
1346 3919 1477 3988 (56),
1527 3920 1619 3971 καὶ
1647 3920 1778 3988 μᾶλ-

230 3996 305 4050 λον
346 4001 400 4051 ἐν
442 4004 560 4065 ταῖς
597 4006 946 4075 περιστάσεσι
990 4010 1472 4079 παρρησιάζεσθαι,
1514 4011 1689 4079 λέγειν
1720 4029 1775 4063 τε

227 4090 384 4144 τὲτοῦ
411 4096 679 4164 μακαρίου
706 4098 915 4152 Παύλου
939 4102 1157 4171 ῥήματα
1178 4119 1188 4129 ·
1229 4103 1330 4155 Ἐν
1347 4105 1575 4173 τούτοις
1592 4104 1777 4158 πᾶσιν

227 4183 642 4255 ὑπερνικῶμεν·
671 4190 763 4241 καὶ
797 4191 1045 4260 μάλιστα,
1066 4194 1146 4245 ὅτι
1177 4196 1235 4246 ού
1271 4195 1570 4265 πρέπει-τῷ
1603 4196 1775 4266 καιρῴ

224 4272 496 4341 δουλεύειν,
535 4279 671 4333 ἀλλὰ
708 4281 781 4351 τῷ
809 4284 996 4354 Κυρίῳ
1017 4302 1029 4314 ’
1064 4287 1109 4337 εἰ
1137 4286 1192 4338 δὲ
1220 4286 1326 4338 τῶν
1374 4287 1706 4356 Ἐκκλησιῶν
1740 4290 1771 4358 ἡ

222 4362 441 4432 διάταξις
461 4370 561 4421 οὐκ
588 4369 808 4441 ἀρέσκει
828 4390 926 4437 σοι,
952 4374 1069 4427 οὐδὲ
1092 4376 1328 4445 νομίζεις
1350 4378 1410 4429 τὸ
1438 4380 1534 4447 τῆς
1557 4379 1773 4430 ἐπισκο-

223 4454 317 4523 πῆς
347 4460 716 4531 λειτούργημα
740 4463 926 4532 μισθὸν
956 4465 1117 4535 ἔχειν.
1137 4466 1267 4519 ἀλλὰ
1286 4468 1394 4537 (57)
1414 4472 1771 4538 καταφρονεῖν

220 4546 300 4599 τοῦ
326 4551 494 4605 ταῦτα
524 4552 916 4624 διαταξαμένου
948 4558 1196 4626 Σωτῆρος
1222 4561 1521 4630 πεποίηκας
1554 4560 1765 4613 σαυτόν·

1884 3364 2176 3433 periculum
2234 3361 2529 3425 adducare;
2589 3362 2772 3427 nobis‘,
2820 3377 2885 3416 ne
2933 3362 3001 3416 ad
3051 3373 3101 3417 te
3153 3362 3436 3432 lugendum

1885 3456 2290 3525 cumpellamur.
2318 3454 2571 3508 Ecclesia:
2600 3469 2783 3529 curam
2827 3454 3041 3520 habeto,
3074 3468 3139 3507 ne
3166 3455 3238 3507 tui
3276 3470 3437 3508 causa

1886 3550 2031 3605 multi
2063 3564 2128 3605 ex
2159 3546 2364 3617 pusillis
2396 3547 2593 3601 damno
2641 3544 2988 3601 adiciantur:
3046 3560 3147 3600 neu
3205 3545 3294 3598 alii
3348 3554 3439 3598 tuo

1881 3641 2125 3710 exemplo
2156 3648 2372 3708 captent
2422 3637 2762 3693 occasionem
2794 3636 3099 3693 secedendi.
3141 3635 3195 3690 Si
3229 3648 3437 3705 tempo-

1883 3736 1956 3789 ris
1980 3732 2339 3789 calamitatem
2369 3730 2778 3800 pertimescens,
2810 3742 2872 3782 ac
2905 3738 3044 3782 metu
3076 3728 3350 3797 perculsus
3384 3727 3434 3779 id

1880 3823 2088 3893 egeris,
2122 3835 2460 3891 nequaquam
2486 3819 2731 3889 generosi
2762 3818 2925 3871 animi
2956 3817 3080 3871 illud
3114 3814 3309 3870 fuerit:
3339 3831 3456 3898 par.

1880 3912 2139 3969 fuitenim
2174 3923 2320 3967 tuum
2352 3926 2448 3983 pro
2470 3910 2684 3965 Christo
2712 3910 2966 3976 studium,
3001 3909 3052 3962 in
3092 3908 3174 3963 his
3207 3907 3431 3961 calami—

1879 4008 2074 4062 tatibus
2100 4006 2376 4070 exhibere,
2414 4019 2476 4058 ac
2506 4004 2844 4073 potissimum
2891 4002 2943 4057 in
2974 4000 3272 4069 hujusmodi
3303 4010 3433 4054 tem-

1877 4099 2095 4168 poribus
2122 4108 2392 4165 assumpta
2420 4095 2636 4161 ﬁducia,
2668 4095 2781 4148 haec
2808 4093 2955 4147 Pauli
2977 4093 3138 4147 verba
3166 4091 3429 4161 proferre,

1874 4192 1927 4242 in
1968 4190 2053 4242 his
2076 4188 2311 4242 omnibus
2335 4202 2636 4255 superamus
2664 4187 2730 4249 ⁷⁸,
2777 4200 2897 4241 cum
2929 4184 3158 4239 maxime
3204 4200 3300 4239 nos
3342 4184 3433 4239 de-

1874 4291 1993 4337 ceat
2028 4297 2131 4334 non
2161 4279 2383 4348 tempori
2418 4279 2511 4332 sed
2548 4277 2769 4337 Domino
2806 4276 3027 4331 servire.
3081 4274 3174 4330 Sin
3211 4274 3306 4329 tibi
3332 4278 3428 4329 mi-

1874 4371 2015 4425 nime
2045 4368 2219 4437 placet
2247 4367 2607 4424 Ecclesiarum
2648 4366 2963 4422 constitutio
2987 4406 3003 4431 ,
3036 4380 3134 4421 nec
3160 4367 3428 4421 arbitrare

1872 4462 2211 4531 episcopatus
2260 4459 2617 4513 ministerium
2661 4473 2757 4513 sua
2805 4459 3051 4515 mercede
3080 4458 3425 4514 donandum:

1872 4556 1963 4609 sed
2009 4569 2072 4608 eo
2119 4567 2293 4622 usque
2320 4552 2557 4605 animum
2595 4550 2846 4621 appulisti
2881 4560 2937 4606 ut
2967 4551 3301 4609 Salvatorem
3334 4553 3425 4623 qui

222 4642 524 4709 παρακαλῶ,
575 4644 648 4715 μὴ
692 4616 911 4699 τοιαῦτα
964 4616 1195 4715 lavit-ou,
1252 4616 1623 4720 μηδὲ-..ἀνέχου
1663 4616 1815 4702 τῶν¹

1891 4644 2179 4713 :iujusmodi
2208 4659 2294 4699 res
2322 4642 2623 4709 constituit,
2654 4642 2966 4713 vilipendas.
2994 4643 3229 4700 Obsecro
3255 4660 3319 4699 ne
3342 4661 3428 4698 res

217 4730 372 4786 ταῦτα
390 4736 861 4805 συμϐουλευόντων
876 4754 888 4767 ·
907 4740 967 4790 ού
983 4739 1051 4807 γά
1060 4758 1089 4809 ρ
1106 4739 1228 4805 ἄξια
1240 4740 1560 4808 Δρακοντίου
1577 4741 1764 4794 ταῦτα.

224 4821 280 4873 ’Δ
305 4826 404 4898 γάρ
428 4831 456 4881 ὁ
478 4828 681 4898 Κύριος
702 4830 788 4882 διὰ
814 4829 919 4882 τῶν
944 4832 1249 4884 ἀποστόλων
1270 4834 1571 4895 τετύπωκε,
1597 4833 1767 4886 ταῦτα

219 4916 341 4970 καλὰ
380 4922 473 4973 καὶ
523 4921 716 4993 βέϐαια
764 4923 945 4993 μένειο
997 4925 1029 4995 ἡ
1075 4925 1131 4977 δὲ
1169 4924 1275 4977 τῶν
1316 4924 1557 4995 ἀδελφῶν
1595 4925 1764 4979 δειλία

221 5022 483 5065 παύσεται.

1876 4735 2176 4804 hujusmodi
2207 4736 2389 4789 animo
2423 4750 2625 4799 verses,
2679 4750 2783 4789 neu
2835 4735 3030 4791 toleres
3074 4751 3166 4790 eos
3201 4737 3292 4805 qui
3330 4737 3424 4790 tibi

1875 4828 2033 4896 hujus
2072 4826 2283 4882 consilii
2321 4834 2567 4881 auctores
2599 4836 2766 4881 sunt:
2810 4841 2914 4881 non
2944 4827 3086 4882 enim
3121 4827 3235 4882 haec
3263 4826 3421 4895 digna

1870 4930 1994 4976 sunt
2022 4919 2325 4974 Dracontio.
2354 4918 2564 4975 Etenim
2606 4934 2725 4989 quae
2748 4918 3002 4974 Dominus
3030 4934 3125 4989 per
3155 4918 3420 4988 apostolos

1870 5010 2166 5075 constituit,
2218 5011 2333 5067 haec
2372 5010 2547 5079 bona,
2589 5011 2705 5066 haec
2751 5010 2902 5065 llrma
2939 5018 3299 5078 perseverant.
3345 5007 3420 5060 Eo

220 5110 375 5155 autem
407 5107 565 5161 modo
594 5106 830 5163 futurum
870 5121 953 5167 est
992 5120 1049 5166 ut
1078 5110 1305 5166 fratrum
1344 5110 1576 5166 formido
1606 5116 1996 5181 compescatur.

244 5192 316 5267 tu
342 5236 537 5317 {Tem-
580 5259 670 5312 κν,
712 5246 764 5302 5.
838 5249 883 5279 ⁷⁵
910 5248 1099 5303 Matth.
1128 5266 1266 5315 xxv,
1305 5249 1414 5317 27;

220 5317 320 5364 Vm,
350 5308 429 5363 57.

278 5444 380 5520 (5η
413 5443 503 5520 Sic
559 5442 688 5520 [λεια.
708 5445 870 5520 ringi.
905 5456 959 5520 e_t
996 5446 1180 5503 Felck.
1216 5451 1247 5503 7
1275 5464 1437 5502 anon.
1466 5449 1605 5520 Editi
1632 5466 1753 5504 cum

222 5510 521 5583 21ἱίς,ήμᾶς.
568 5513 684 5589 hic:
708 5510 889 5589 lfelék.
918 5518 950 5571 5
978 5533 1166 5585 anon.,
1198 5519 1634 5589 προσεδοκῶμεν.
1652 5522 1753 5575 Alii

217 5592 393 5653 Omnes,
419 5583 740 5653 προσεδοκοῦ
748 5601 866 5653 μεν.

276 5650 374 5719 (59.)
402 5650 635 5729 Anglic”
663 5650 880 5729 διὰξτῂν
926 5657 1023 5729 σὴν
1051 5660 1249 5729 φυγήν.
1278 5657 1395 5729 Mpx
1424 5658 1553 5711 editi
1605 5678 1752 5715 men-

219 5717 345 5780 dose.
380 5717 881 5791 μὲνκατασταθείς.
929 5717 1073 5797 Reg:
1114 5717 1265 5798 A'u'gl.
1306 5727 1485 5785 Felck.
1516 5732 1549 5785 ὅ
1589 5748 1745 5786 anon.

219 5792 548 5863 ητασταθῇς.

280 5807 548 5861 τασταυῃς.

286 5860 383 5927 (53)
404 5860 632 5918 Eiidecst
662 5864 711 5918 in
743 5864 870 5931 Reg.

1470 5249 1601 5307 Luc.
1632 5268 1742 5315 XIX,
1801 5250 1869 5303 25
1932 5246 2110 5303 eadem
2152 5249 2430 5314 sententia,
2459 5249 2549 5303 sed
2581 5265 2682 5304 non
2720 5248 2900 5305 iisdem
2927 5247 3105 5305 verbis.

3183 5241 3227 5272 "°
3260 5242 3412 5294 noui.

1957 5451 2046 5523 54)
2070 5451 2227 5523 Beg.,
2252 5456 2497 5509 σεαυτόν.
2526 5454 2657 5509 Ibid.
2679 5452 2908 5523 Anglic._,
2928 5448 3162 5523 τρέφεις.

1957 5451 2046 5519 54)
2072 5451 2227 5523 Reg.,
2252 5456 2497 5509 σεαυτόν.
2526 5454 2657 5509 Ibid.
2679 5452 2907 5520 Anglic.,
2928 5451 3162 5519 τρέφεις.

1933 5451 2044 5591 (55)
2065 5521 2575 5595 Βεςηψυχώσαντα,
2590 5520 3002 5595 mendose._lbit_l_.
3020 5518 3145 5595 λιες.
3164 5523 3214 5595 et
3229 5512 3403 5572 Felck.

1858 5592 1893 5645 3
1932 5585 2114 5662 indm,
2145 5585 2538 5662 ’καῖκρύψαντα
2562 5585 2824 5661 ’μέμψαιτ’
2849 5589 2932 5642 ἄν.
2960 5585 3225 5650 Editi,xal.
3247 5602 3412 5641 κατα-

1858 5612 1893 5645 ο
1932 5612 2114 5659 anon.,
2146 5612 2237 5646 και
2261 5613 2294 5646 κ
2335 5612 2510 5662 υψαντι

1858 5661 2135 5733 κρύψαντα
2171 5612 2396 5733 μέμιίεθ
2425 5664 2510 5715 ἄν.

1927 5726 2039 5797 (56)
2074 5726 2254 5785 Fel'ck:
2280 5726 2313 5785 3
2343 5747 2523 5793 anum,
2558 5726 2879 5781 δείκνυσθαι.

1900 5794 2036 5885 ’(57)
2069 5803 2222 5871 Reg,
2245 5801 2376 5855 ἀλλὰ
2419 5801 2529 5853 καί.
2562 5798 2678 5854 Mox
2722 5796 2950 5866 Anglic,
2988 5794 3253 5859 πέπεικας
3290 5815 3409 5851 σαυ-

1855 5887 1961 5924 τον.
