3954 6500
561 380 666 437 537
1125 384 1181 437 S.
1227 380 1589 437 ATHANASII
1618 379 1764 434 OPP.
1806 378 1984 434 PARS
2021 381 2063 434 l.
2102 410 2171 421 ——
2212 381 2578 437 HISTORICA
2618 384 2701 436 ET
2742 384 3137 441 DOGMATICA
3666 386 3764 444 528

631 501 686 556 4.
720 500 775 555 Si
803 486 944 554 enim
976 512 1161 552 omnes
1187 498 1371 552 eodem
1404 512 1612 564 semper
1640 505 1816 550 mente
1853 495 2103 559 fuissent,

2272 498 2324 549 4.
2361 498 2423 548 Εἰ
2455 497 2563 567 γὰρ
2590 510 2679 549 τον
2715 499 2874 551 αὐτὸν
2917 497 3038 550 νοῦν
3082 492 3231 567 εἶχον
3262 497 3480 561 πάντες,
3524 491 3637 551 οἷον
3678 498 3765 554 νῦν

564 612 667 665 qua
703 609 845 649 nunc
878 592 1169 648 consiliarii
1217 592 1288 645 tui
1345 602 1500 654 sunt,
1551 603 1654 658 qua
1699 589 1903 642 ratione
1935 587 2107 641 Chri-

2216 588 2417 656 ἔχουσιν
2460 591 2508 640 οἱ
2553 587 3005 658 συμϐουλεύοντές
3044 607 3165 651 σοι,
3210 589 3326 652 πῶς
3367 588 3433 641 ἂν
3474 587 3665 656 ἐγένου
3707 592 3766 644 σὺ

564 687 771 741 stianus
817 694 868 738 tu
919 683 1148 745 fuisses,
1196 696 1301 735 non
1334 680 1663 734 exstantibus
1700 679 2007 748 episcOpis?
2048 678 2105 733 Si

2216 677 2548 747 Χριστιανὸς,
2598 678 2903 730 ἐπισκόπων
2956 678 3027 747 μὴ
3074 679 3281 743 δντων;
3342 676 3470 729 Ἐἀν
3512 677 3570 729 δὲ
3604 678 3699 730 καὶ
3723 680 3766 733 οἱ

563 779 727 832 etiam
772 778 862 846 qui
893 774 1233 841 postmodum
1282 772 1441 825 futuri
1488 780 1647 836 sunt,
1680 769 1917 837 ejusdem
1944 770 2105 823 animi

563 872 783 935 fuerint,
839 884 938 937 qua
992 868 1199 922 ratione
1250 875 1496 919 constare
1538 873 1783 931 poterunt
1825 862 2109 917 Ecclesia?

560 964 642 1016 An
698 962 1025 1014 arbitrantur
1071 957 1355 1012 consiliarii
1407 956 1508 1009 tui.
1540 965 1589 1008 te
1642 954 1771 1008 nihil
1816 956 2106 1022 accepisse,

562 1057 652 1121 qui
688 1064 1025 1108 contemnere
1060 1049 1378 1103 videantur?
1405 1046 1508 1103 Sed
1540 1047 1930 1101 hallucinantur
1961 1061 2107 1100 sane.

564 1145 751 1198 Restat
776 1144 917 1199 enim
964 1152 1024 1196 nt
1068 1142 1312 1210 baptismi
1340 1141 1563 1210 gratiam
1603 1139 1750 1193 nihili
1782 1141 2030 1207 pendant,
2066 1140 2107 1192 si

562 1236 778 1304 quidam
806 1236 1142 1304 reperiantur
1168 1234 1258 1303 qui
1282 1248 1399 1287 eam
1437 1233 1748 1301 despiciant.
1787 1232 1891 1286 Sed
1926 1247 2108 1286 revera

563 1328 841 1396 accepisti,
880 1327 1224 1383 dilectissime
1260 1326 1534 1380 Draconti.
1585 1324 1660 1378 Ne
1694 1326 1888 1380 toleres
1928 1327 2113 1389 hujus-

563 1417 705 1470 modi
740 1417 1113 1483 consiliarios,
1165 1432 1263 1471 neu
1325 1419 1602 1484 temetipse
1642 1418 1897 1487 decipias.
1951 1418 2112 1487 209

562 1508 657 1561 Est
684 1510 877 1576 quippe
907 1508 1035 1561 illud
1067 1524 1095 1559 a
1136 1509 1260 1572 Deo,
1296 1510 1384 1576 qni
1417 1510 1580 1572 dedit,
1615 1513 1979 1578 repetendum.
2004 1512 2111 1562 An-

564 1616 668 1653 non
702 1601 896 1655 audisti
924 1600 1232 1670 Apostolum
1265 1602 1376 1655 haec
1410 1602 1731 1670 loquentem,
1787 1602 1912 1654 Noli
1952 1602 2113 1671 negli-

563 1706 682 1758 gere
707 1691 931 1758 gratiam
971 1708 1087 1759 qua:
1123 1700 1196 1744 est
1224 1692 1279 1744 in
1312 1702 1360 1745 te
1380 1692 1470 1743 ’7?
1498 1691 1577 1744 An
1614 1706 1716 1743 non
1754 1690 1946 1759 legisti,
1981 1705 2113 1758 quo-

564 1782 723 1834 modo
769 1796 891 1835 eum
941 1784 1032 1852 qui
1083 1784 1365 1853 pecuniam
1412 1783 1753 1850 duplicasset,
1801 1798 1919 1836 cum
1954 1782 2109 1835 laude

564 1873 833 1941 suscepit;
879 1875 970 1943 qui
1010 1876 1392 1938 abscondisset,
1435 1875 1846 1929 condemnavit?
1900 1873 2108 1929 Utinam

565 1964 961 2033 quamprimum
992 1976 1284 2029 revertare,
1310 1978 1367 2019 ut
1386 1983 1448 2020 ex
1472 1981 1656 2020 eorum
1687 1981 1907 2019 numero
1930 1966 2004 2020 sis
2020 1968 2108 2033 qui

566 2054 940 2109 laudabuntur.
955 2056 1059 2109 Aut
1074 2057 1235 2111 dicito
1252 2058 1403 2121 milii,
1426 2056 1574 2122 cujus
1597 2067 1646 2111 te
1659 2071 1775 2111 esse
1792 2057 2108 2112 imitatorem

565 2146 752 2198 volunt
791 2145 947 2215 hujus
975 2146 1181 2200 consilii
1223 2148 1509 2201 auctores?
1537 2148 1759 2215 Oportet
1784 2148 1977 2215 quippe
2015 2161 2111 2201 nos

565 2238 716 2303 juxta
746 2246 1051 2291 sanctorum
1093 2247 1146 2292 et
1170 2237 1386 2290 Patrum
1422 2253 1639 2306 seopmn
1683 2238 1843 2290 vitam
1873 2246 2110 2291 nostram

565 2327 857 2393 moderari,
891 2327 1113 2396 illosque
1146 2327 1364 2382 imitari.
1416 2326 1527 2382 Nec
1566 2328 1933 2395 ignorandum,
1966 2330 2009 2383 si
2045 2329 2111 2383 ab

568 2418 672 2471 illis
706 2420 1045 2483 secedamus,
1086 2418 1199 2472 fore
1251 2433 1348 2473 nos
1394 2418 1460 2473 ab
1512 2433 1695 2473 eorum
1742 2419 2114 2473 communione

567 2509 792 2563 alienos.
843 2509 1133 2578 Cujusnam
1164 2519 1214 2563 te
1245 2509 1566 2562 imitatorem
1596 2524 1713 2563 esse
1740 2509 1969 2563 suadent
2001 2510 2115 2562 illi?

569 2598 764 2667 Ejusne
790 2600 877 2668 qui
913 2598 1139 2660 haesitat,
1174 2607 1227 2652 et
1265 2598 1414 2667 sequi
1441 2605 1612 2667 optat,
1641 2599 1731 2653 sed
1762 2614 1874 2653 rem
1917 2599 2111 2657 ditlert.

568 2698 624 2742 et
644 2690 711 2743 ob
741 2691 1066 2758 propinquos
1091 2705 1217 2743 suos
1243 2690 1466 2744 consilia
1491 2691 1692 2760 agitat;
1717 2705 1783 2743 an
1810 2692 1945 2745 beati
1965 2692 2112 2745 Pauli

567 2781 900 2850 qui'accepto
929 2782 1268 2849 dispensandi
1298 2796 1552 2846 munere,
1592 2796 1691 2833 non
1725 2781 1861 2834 ultra
1894 2782 2116 2835 adhaesit

569 2873 715 2927 carni
746 2882 801 2927 et
837 2874 1119 2941 sanguini?
1144 2872 1274 2926 Nam
1318 2873 1531 2925 tametsi
1570 2872 1813 2939 dixisset,
1850 2872 1972 2926 Non
1998 2890 2113 2925 sum

570 2966 753 3032 dignus
791 2966 965 3019 uocari
992 2963 1267 3033 Apostolus
1295 2965 1366 3027 ⁷⁸,
1406 2979 1525 3017 cum
1563 2975 1742 3018 nosset
1766 2975 1946 3021 tamen
1974 2968 2115 3034 quod

570 3065 871 3125 acceperat,
905 3071 1001 3111 nec
1042 3057 1262 3126 ignarus
1294 3056 1495 3111 datoris
1526 3065 1689 3120 eSset,
1724 3056 1838 3111 haec
1867 3058 2111 3127 scripsit:

2210 769 2326 838 μεθ’
2378 770 2521 839 ἡμᾶς
2568 768 2871 821 ἀναλάϐωσι
2916 769 3009 821 τὸν
3049 767 3291 822 τοιοῦτον
3332 768 3489 833 νοῦν,
3535 766 3655 830 πῶς
3708 768 3769 822 ἂν

2210 862 2466 931 συστῆναι
2497 860 2959 933 δυνήσωνταιβὸ)
3007 863 3062 914 αἱ
3127 860 3464 929 Ἐκκλησίαι;
3507 861 3577 911 Ἢ
3621 858 3769 929 νομί-

2209 954 2388 1017 ζουσιν
2415 954 2463 1005 οἱ
2504 951 2951 1022 συμϐουλεύοντές
2979 969 3057 1004 σοι
3090 951 3255 1021 μηδὲν
3281 951 3560 1021 εἰληφέναι
3592 967 3674 1013 σε,
3696 950 3770 1002 ὅτι

2208 1044 2665 1115 καταφρονοῦσιν;
2713 1043 2869 1096 ’Λλλὰ
2919 1042 3204 1097 καὶτοῦτο
3236 1042 3444 1112 ψευδῶς
3463 1041 3599 1111 (59).
3642 1042 3771 1112 Ὦρα

2207 1136 2313 1207 γὰρ
2345 1136 2535 1197 αὐτοὺς
2577 1136 2811 1204 νομίζειν
2851 1134 3012 1205 μηδὲν
3041 1130 3184 1187 εἶναι
3232 1135 3365 1204 μηδὲ
3398 1134 3495 1203 τὴν
3521 1132 3617 1185 τοῦ
3650 1132 3769 1184 λου-

2205 1227 2335 1297 τροῦ
2379 1228 2553 1296 χάριν,
2604 1227 2697 1279 ἐάν
2745 1244 2885 1289 τινες
2931 1227 3123 1279 τούτου
3172 1224 3572 1296 καταφρονῶσι.
3638 1224 3769 1277 Ἀλλ’

2207 1318 2449 1388 εἴληφας,
2476 1313 2520 1370 ὦ
2545 1319 2793 1388 ἀγαπητέ
2812 1318 3101 1388 Δρακόντιε
3121 1334 3134 1347 ⁸
3174 1317 3249 1388 μὴ
3275 1317 3467 1387 ἀνέχου
3503 1316 3611 1369 τῶν
3643 1334 3771 1385 συμο

2208 1410 2560 1463 ϐουλευόντων
2593 1427 2694 1473 σοι,
2734 1410 2865 1480 μηδὲ
2894 1410 3076 1463 ἀπάτα
3117 1409 3329 1462 σαυτόν.
3373 1408 3771 1479 ’Λπαιτηθήσε-

2208 1520 2295 1556 ται
2328 1503 2432 1573 γὰρ
2478 1502 2631 1555 τοῦτο
2676 1501 2823 1571 παρὰ
2868 1500 2963 1553 τοῦ
3010 1500 3301 1563 δεδωκότος
3345 1498 3503 1553 Θεοῦ.
3557 1500 3630 1551 Ἢ
3678 1499 3772 1553 οὐκ

2209 1595 2442 1664 ἤκουσας
2469 1593 2561 1646 τοῦ
2613 1592 2930 1645 Ἀποστόλου
2976 1591 3257 1659 λέγοντος·
3298 1591 3392 1659 Μὴ
3436 1591 3645 1660 ἀμέλει
3672 1591 3771 1645 τοῦ

2207 1686 2276 1737 ἐν
2307 1685 2405 1738 σοὶ
2435 1686 2835 1752 χαρίσματος;
2870 1685 2941 1736 ’Ἠ
2974 1684 3073 1736 οὐκ
3103 1683 3363 1750 ἀνέγνως,
3403 1682 3523 1745 πῶς
3554 1682 3655 1753 μὲν
3684 1683 3771 1735 τὸν

2208 1776 2536 1828 διπλάσαντα
2559 1775 2666 1845 (66)
2707 1774 3043 1844 ἀποδέχεται,
3079 1774 3171 1826 τὸν
3212 1773 3267 1825 δὲ
3324 1772 3611 1843 κρύψαντα
3650 1788 3773 1825 κατ-

2211 1867 2420 1920 εδίκασε
2441 1883 2454 1931 ;
2472 1867 2683 1919 Γένοιτο
2710 1867 2763 1919 δὲ
2791 1867 2996 1935 ταχέως
3021 1864 3334 1918 ἐπανελθεῖν
3365 1881 3446 1928 σε,
3466 1864 3555 1917 ἴνα
3587 1864 3679 1916 καὶ
3711 1863 3770 1916 σὺ

2211 1957 2315 2010 τῶν
2340 1957 2735 2026 ἐπαινουμένων
2766 1959 2929 2028 γένῃ·
2969 1957 3041 2008 Ἦ
3080 1956 3220 2019 εἰπὲ,
3254 1957 3398 2037 τίνος
3432 1973 3493 2007 σε
3534 1954 3772 2007 θέλουσιν

2211 2044 2344 2100 εἷναι
2380 2048 2620 2118 μιμητὴν
2652 2050 2699 2100 οἱ
2738 2046 3195 2117 συμϐουλεύοντές
3220 2064 3330 2112 σοι;
3363 2049 3453 2098 Δεῖ
3492 2046 3603 2115 γὰρ
3636 2046 3771 2115 ἡμᾶς

2211 2140 2347 2194 κατά
2376 2140 2570 2193 σκοπὸν
2596 2139 2699 2191 τῶν
2730 2138 2894 2207 ἁγίων
2940 2139 3031 2191 καὶ
3071 2139 3178 2191 τῶν
3218 2139 3478 2209 Πατέρων
3505 2135 3772 2190 πολιτεύε-

2214 2232 2357 2296 σθαι,
2399 2232 2492 2284 κα)⁵
2518 2230 2737 2295 τούτους
2768 2230 3047 2301 μιμεῖσθαι
3066 2247 3080 2261 ο
3107 2230 3303 2283 εἰδέναι
3333 2230 3410 2293 δὲ,
3441 2230 3548 2294 ὅτι,
3578 2229 3773 2283 τούτων

2211 2324 2583 2393 ἀφιστάμενοι,
2615 2323 2878 2393 ἀλλότριοι
2915 2322 3006 2375 καὶ
3033 2322 3133 2392 τῆς
3158 2322 3361 2374 τούτων
3386 2320 3674 2383 κοινωνίας
3696 2338 3773 2389 γε·

2212 2413 2430 2481 νόμεθα.
2462 2413 2591 2465 Τίνα
2625 2414 2718 2483 μὲν
2737 2413 2846 2483 (61)
2879 2411 3161 2481 μιμεῖσθαί
3193 2427 3251 2463 σε
3274 2409 3521 2463 θέλουσιν
3551 2412 3771 2473 ὲκεῖνοι;

2214 2505 2313 2557 Τὸν
2339 2502 2653 2568 διστάζοντα
2687 2506 2777 2557 καὶ
2808 2503 3025 2556 θέλοντα
3060 2503 3157 2573 μὲν
3188 2501 3576 2571 ἀκολουθῆσαι,
3617 2503 3774 2571 ὑπερ-

2214 2595 2489 2665 τιθέμενον
2520 2595 2574 2647 δὲ
2598 2597 2690 2648 καὶ
2712 2613 2775 2647 συ
2786 2595 3206 2665 μϐουλευόμενον
3232 2594 3318 2647 διὰ
3353 2594 3481 2658 τοὺς
3521 2594 3682 2656 ἰδίους
3700 2612 3713 2625 ·
3740 2593 3769 2664 ἢ

2212 2687 2303 2738 τὸν
2348 2687 2611 2756 μακάριον
2655 2686 2882 2753 Παῦλον,
2921 2687 3008 2739 τὸν
3053 2686 3167 2756 ἅμα
3207 2685 3284 2756 τῷ
3332 2685 3429 2755 τὴν
3473 2685 3773 2754 οἰκονομίαν

2215 2779 2632 2850 ἐγχειρισθῆναι,
2664 2779 2735 2849 μὴ
2764 2778 3229 2850 προσαναθέμενον
3249 2778 3412 2849 σαρκὶ
3435 2778 3532 2829 καὶ
3562 2778 3771 2846 αἴματις

2214 2872 2276 2923 Εἰ
2304 2872 2411 2941 γὰρ
2436 2872 2527 2924 καὶ
2550 2870 2750 2939 ἔλεγεν,
2775 2872 2895 2923 Οὐκ
2920 2869 3033 2938 εἰμὶ
3066 2869 3270 2934 ἱκανὸς
3296 2868 3612 2921 καλεῖσθαι
3639 2867 3773 2919 ἀπό-

2215 2967 2453 3027 στολος,
2487 2964 2633 3032 ὅμως
2656 2960 2931 3029 γινώσκων
2955 2960 2982 3013 ὂ
3006 2959 3184 3023 ἔλαϐε,
3214 2962 3308 3014 καὶ
3335 2960 3435 3012 οὐκ
3462 2958 3666 3026 ἀγνοῶν
3690 2958 3771 3010 τὸν

2214 3054 2502 3117 δεδωκότα,
2538 3053 2798 3123 ἔγραφενο
2842 3052 2986 3105 Οὐαὶ
3032 3051 3140 3121 γάρ
3183 3052 3288 3120 μοί
3315 3052 3488 3104 ἐστιν
3511 3050 3643 3121 (62),
3671 3047 3773 3100 ἐὰν·

577 3147 667 3202 Va:
691 3149 825 3201 enim
853 3148 978 3201 mihi
1003 3160 1100 3214 est,
1119 3150 1166 3202 si
1190 3165 1289 3201 non
1317 3150 1731 3215 euangelizavero
1752 3150 1818 3202 ⁷⁸.
1846 3148 1915 3203 Ut
1937 3163 2111 3205 autem

2216 3145 2295 3214 μὴ
2327 3144 2802 3215 εὐαγγελίζωμαι·
2837 3142 3021 3213 ὥσπερ
3055 3143 3110 3195 δὲ
3139 3142 3198 3195 τὸ
3226 3141 3345 3194 οὐαί
3381 3159 3472 3211 μοι
3496 3141 3595 3193 οὐκ
3623 3139 3772 3207 εὐαγ-

568 3253 646 3290 γεε
681 3237 755 3290 illi
786 3236 975 3292 fuisset
1001 3237 1043 3290 si
1080 3253 1182 3290 non
1213 3238 1659 3305 evangelizasset,
1702 3238 1780 3293 sic
1810 3239 2017 3294 docenti
2055 3256 2120 3295 ac

570 3329 875 3393 prtedicanti
927 3330 1177 3397 gaudium
1208 3339 1261 3382 et
1286 3345 1483 3383 corona
1512 3330 1751 3399 discipuli
1782 3331 1952 3386 fuere.
1982 3332 2118 3387 Hinc

570 3418 659 3470 illa
691 3427 877 3472 sancto
911 3420 1027 3473 viro
1056 3434 1185 3473 cura
1221 3419 1321 3473 fuit
1348 3434 1517 3488 usque
1541 3421 1607 3473 ad
1634 3420 1895 3490 Illyricum
1926 3424 2118 3489 praedi-

568 3509 723 3563 candi
755 3510 823 3575 '°,
873 3525 973 3565 nec
1006 3511 1270 3566 dubitavit
1317 3512 1401 3566 vel
1434 3512 1659 3566 Romam
1708 3512 1995 3581 proﬁcisci,
2038 3516 2120 3569 vel

569 3615 740 3668 usque
762 3600 827 3653 ad
864 3601 1149 3670 Hispanias
1190 3616 1501 3672 properare,
1549 3613 1605 3656 ut
1628 3619 1735 3673 quo
1772 3605 1943 3673 magis
1973 3605 2120 3660 labo-

570 3700 779 3753 rasset,
835 3706 899 3743 eo
955 3692 1266 3759 ampliorem
1326 3675 1629 3747 mercedem
1680 3680 2116 3763 consequeretur.

569 3779 915 3835 Gloriabatur
967 3796 1094 3852 ergo
1148 3797 1207 3837 se
1264 3784 1460 3837 bonum
1521 3793 1791 3838 certamen
1842 3796 2116 3852 certasse,

571 3875 930 3941 sperabatque
958 3888 1205 3942 magnam
1240 3889 1299 3927 se
1324 3889 1578 3929 coronam
1605 3885 1963 3944 accepturum.
2012 3879 2120 3933 lta~

570 3978 694 4031 que,
738 3963 1054 4019 charissime
1096 3964 1374 4032 Draconti,
1426 3981 1711 4035 quemnam
1769 3970 1870 4023 hoc
1917 3973 2121 4040 agendo

574 4056 826 4111 imitare?
860 4055 1101 4121 Illumne,
1135 4073 1201 4111 an
1244 4073 1337 4112 eos
1382 4059 1471 4128 qui
1518 4058 1619 4128 ipsi
1647 4071 1770 4114 sunt
1798 4061 2122 4117 dissimiles?

572 4148 682 4215 Ego
707 4162 836 4202 sane
867 4158 916 4201 te
950 4159 1005 4202 et
1039 4149 1300 4216 meipsum
1335 4150 1574 4204 omnium
1609 4159 1913 4205 sanctorum
1943 4154 2119 4209 imita-

571 4252 713 4296 tores
739 4255 858 4295 esse
887 4242 1235 4310 per0ptarim.

640 4332 690 4387 5.
746 4333 827 4386 An
865 4333 1003 4387 forte
1034 4334 1250 4402 quidam
1285 4333 1356 4386 tui
1388 4334 1692 4388 occultandi
1726 4337 1843 4390 ideo
1874 4347 2118 4392 auctores

571 4425 716 4480 fuere
737 4464 750 4489 ,
780 4426 920 4494 quod
952 4441 1056 4479 non
1105 4425 1275 4479 solum
1312 4425 1476 4479 verbo
1503 4429 1596 4480 sed
1626 4427 1784 4480 etiam
1813 4428 2118 4497 juramento

2220 3237 2577 3306 γελιζόμενος,
2602 3235 2769 3299 οὕτως
2792 3232 3051 3287 διδάσκων
3075 3234 3165 3286 καὶ
3192 3231 3481 3304 κηρύσσων
3518 3232 3579 3283 τὸ
3603 3231 3772 3297 Εὐαγ-

2218 3329 2415 3397 γέλιον,
2463 3324 2635 3399 χαρὰν
2666 3327 2755 3379 καὶ
2798 3326 3054 3396 στέφανον
3088 3322 3198 3395 εἶχε
3239 3327 3365 3388 τοὺς
3408 3324 3770 3395 μαθητευομέ·

2218 3437 2372 3484 νους·
2409 3419 2496 3471 διά
2536 3418 2692 3471 τοῦτο
2737 3419 2828 3471 καὶ
2875 3417 3075 3487 σπουδὴ
3112 3417 3219 3469 τῶν
3267 3416 3438 3484 ἁγίων
3483 3416 3641 3485 μέχρι
3682 3413 3771 3466 τοῦ

2230 3510 2520 3581 Ἰλλυρικοῦ
2566 3511 2850 3580 κηρύττειν
2894 3510 3021 3580 (65),
3072 3509 3165 3561 καὶ
3214 3508 3287 3578 μὴ
3316 3508 3495 3559 ὀκνεῖν
3531 3506 3658 3577 μηδὲ
3696 3506 3773 3567 εἰς

2217 3602 2315 3673 τὴν
2350 3600 2565 3671 Ῥώμην
2599 3600 2869 3664 ἀπελθεῖν,
2910 3598 3039 3670 μηδὲ
3069 3600 3149 3661 εἰς
3187 3596 3286 3659 τὰς
3314 3598 3556 3660 Σπανίας
3580 3597 3774 3665 ἀναϐῆ-

2217 3712 2323 3759 ναι,
2352 3696 2439 3748 ἵνα
2456 3695 2575 3747 ὅσον
2596 3694 2779 3763 κοπιᾷ,
2798 3692 3043 3746 τοσοῦτον
3068 3691 3272 3744 καὶτοῦ
3294 3691 3462 3743 κόπου
3484 3690 3571 3742 τὸν
3592 3688 3773 3759 μισθὸν

2221 3786 2438 3857 μείζονα
2461 3785 2705 3858 ἀπολάϐῃ
2731 3784 2859 3855 (64).
2903 3785 3197 3853 Ἐκαυχᾶτο
3236 3778 3328 3837 οῦν
3362 3782 3453 3834 τὸν
3487 3780 3665 3848 ἀγῶνα
3685 3779 3772 3831 τὸν

2218 3884 2378 3937 καλὸν
2410 3884 2833 3953 ἀγωνισάμενος,
2852 3882 2944 3934 καὶ
2966 3881 3182 3951 ἐθάρρει
3208 3878 3297 3931 τὸν
3324 3878 3495 3948 μέγαν
3525 3876 3772 3943 στέφανον

2217 3976 2642 4047 ἀποληψόμενος.
2672 3974 2895 4035 Οὐκοῦν,
2926 3972 3171 4041 ἀγαπητὲ
3201 3970 3515 4041 Δρακόντιε,
3543 3968 3655 4019 τίνα
3687 3983 3774 4036 μι-

2220 4066 2482 4135 μούμενος
2515 4065 2669 4117 τοῦτο
2699 4066 2896 4127 ποιεῖς;
2928 4062 3132 4132 τοῦτον,
3162 4060 3193 4130 ἢ
3223 4061 3349 4122 τοὺς
3388 4061 3461 4130 μὴ
3489 4058 3768 4117 τοιούτουςς

2231 4152 2368 4221 Ἐγὼ
2395 4153 2491 4222 μὲν
2528 4152 2754 4222 εὔχομαι
2785 4168 2842 4204 σε
2866 4152 2959 4204 καὶ
2983 4149 3213 4221 ἐμαυτὸν
3241 4149 3460 4203 πάντων
3483 4146 3584 4200 τῶν
3606 4145 3771 4212 ἁγίων

2222 4246 2462 4315 μιμητὴν
2490 4244 2758 4313 γενέσθαι.

2286 4338 2337 4391 5.
2374 4335 2440 4389 Ἢ
2466 4337 2604 4406 τάχα
2632 4338 2769 4399 τινὲς
2805 4338 2850 4389 οἱ
2888 4335 2975 4389 διὰ
3016 4336 3170 4388 τοῦτο
3200 4331 3647 4404 συμϐουλεύοντές
3688 4348 3771 4384 σοι

2218 4427 2575 4499 κρύπτεσθαι,
2612 4429 2685 4491 ὡς
2713 4428 2865 4494 λόγον
2907 4428 3001 4480 καὶ
3041 4429 3201 4498 ὅρκον
3244 4444 3338 4480 σου
3376 4426 3653 4488 δεδωκότος
3694 4422 3770 4494 μὴ

569 4518 868 4583 aliirmaris,
898 4527 950 4573 te
986 4519 1029 4573 si
1055 4517 1322 4573 ordinaris
1349 4530 1683 4586 nequaquam
1710 4522 2113 4573 remansurum‘i

2224 4520 2431 4590 στῆναι,
2480 4520 2572 4572 ἐὰν
2615 4519 2993 4589 κατασταθῇς;
3028 4518 3262 4571 Τοιαῦτα
3290 4518 3400 4588 (65)
3438 4517 3541 4587 γὰρ
3578 4516 3769 4579 αὐτοὺς

571 4609 690 4665 llaec
736 4611 877 4665 enim
924 4611 1041 4666 illos
1078 4610 1238 4663 audio
1287 4610 1393 4665 tuis
1434 4609 1652 4664 auribus
1688 4611 2112 4677 obmurmurare,

569 4702 675 4753 imo
711 4701 761 4753 in
795 4716 856 4754 ea
885 4716 941 4754 re
987 4717 1046 4756 se
1094 4701 1371 4771 religiosos
1400 4700 1709 4756 existimare
1741 4716 1754 4751 :
1791 4700 1881 4753 sed
1916 4701 1958 4754 si
1990 4717 2115 4756 vere

570 4793 798 4861 religiosi
827 4805 1041 4858 essent,
1076 4797 1238 4849 Deum
1270 4794 1322 4848 in
1354 4792 1539 4863 primis
1563 4792 1653 4861 qui
1699 4792 1800 4845 hoc
1833 4792 1925 4845 tibi
1960 4794 2114 4846 mini-

568 4888 784 4941 sterium
822 4889 1068 4954 contulit,
1122 4890 1393 4945 timerent.
1448 4888 1599 4954 Quod
1633 4887 1679 4942 si
1719 4887 1926 4942 divinas
1958 4887 2114 4958 legis-

2220 4612 2399 4665 ἀκούω
2423 4610 2768 4682 περιϐομϐεῖν
2790 4613 2909 4673 ταῖς
2934 4611 3140 4673 ἀκοαῖς,
3170 4610 3266 4663 καὶ
3295 4609 3473 4663 δοκεῖν
3494 4612 3546 4663 ἐν
3569 4607 3771 4667 τούτοις

2223 4703 2587 4757 εὐλαϐεῖσθαι·
2628 4702 2739 4755 ἀλλ’
2780 4704 2826 4754 εἰ
2874 4698 3009 4772 ἦσαν
3058 4701 3269 4772 ἀληθῶς
3317 4700 3575 4763 εὐλαϐεῖς,
3609 4696 3771 4767 ηὐλα-

2214 4796 2454 4867 ϐήθησαν
2505 4795 2569 4849 ἂν
2613 4794 2842 4866 μάλιστα
2885 4794 2973 4846 τὸν
3008 4793 3262 4847 ἐπιθέντα
3310 4810 3392 4845 σοι
3425 4788 3624 4845 Θεὸντὺ
3658 4787 3771 4839 λει-

2209 4888 2516 4960 τούργημα.
2575 4890 2637 4941 Εἰ
2672 4887 2728 4940 δὲ
2772 4886 3089 4955 ἀναγνόντες
3129 4881 3269 4957 ἦσαν
3313 4883 3422 4956 (66)
3475 4882 3568 4945 τὰς
3617 4879 3771 4941 θείας

637 4982 683 5013 ⁷⁷
711 4981 731 5034 Ι
759 4980 896 5037 Tim.
933 5000 1007 5046 IV,
1036 4984 1122 5038 14.
1198 4984 1288 5037 ⁷⁸1
1324 4983 1448 5037 Cor.
1487 4997 1578 5049 xv,
1610 4981 1662 5035 9.
1737 4963 1788 5013 ¹¹⁹”
1815 4982 1836 5036 1
1865 4982 1989 5039 Cor.
2024 5000 2098 5051 ix,

2216 5025 2218 5037 .
2291 4986 2337 5017 ⁸ο
2369 4985 2522 5039 Rom.
2564 5000 2653 5047 xv,
2692 4983 2776 5037 19.

638 5076 746 5153 (
776 5078 930 5153 Reg.,
959 5082 1294 5153 δυνήσονται.

639 5146 749 5221 (59)
794 5148 848 5201 In
882 5146 1090 5221 Apglic'.
1129 5154 1265 5216 haec,
1301 5152 1435 5205 ἀλλά
1466 5150 1742 5204 καὶτοῦτο
1769 5150 1997 5220 ψευδῶς,
2035 5153 2125 5206 de-

568 5218 1087 5292 sirler_antur._Pattlo
1122 5232 1245 5291 post
1282 5223 1434 5291 Reg.,
1465 5218 1837 5292 ἁπαιτηθήση.

638 5287 746 5357 (66)
779 5289 989 5356 Anglic.
1010 5300 1063 5345 et
1081 5287 1262 5345 Felck.
1290 5293 1325 5345 2
1348 5287 1529 5357 ιιήοη.,
1546 5287 1931 5345 διαπλάσαντα.

637 5356 744 5428 (tit)
777 5358 889 5428 Μέν
918 5360 1066 5413 deest
1094 5362 1146 5415 in
1170 5362 1352 5416 Felck.
1379 5363 1413 5416 5
1444 5377 1601 5417 anon.

638 5425 749 5496 (6‘2)
785 5425 957 5483 Ἐστίν
977 5432 1125 5486 deest
1154 5433 1206 5485 in
1233 5431 1412 5487 Felck.
1444 5434 1479 5487 5
1507 5447 1666 5485 anon.

636 5497 746 5566 (65)
773 5500 1003 5555 Vitiatus
1021 5502 1107 5556 hic
1126 5502 1273 5556 locus
1294 5512 1375 5556 est
1394 5504 1444 5555 in
1469 5503 1718 5558 omnibus
1733 5501 1911 5563 editis,
1932 5517 2121 5554 mann-

569 5569 890 5641 scriptisqne
920 5571 1144 5626 Graecis.
1165 5571 1305 5627 Editi
1331 5588 1561 5641 namque
1584 5585 1771 5624 omnes
1788 5570 2002 5641 habent.
2032 5570 2118 5624 διὰ

566 5638 720 5716 τοῦτο
778 5640 870 5722 καςι
914 5642 1111 5713 σπουδῇ
1176 5643 1284 5698 τῶν
1330 5638 1495 5709 ἁγίων
1549 5642 1707 5712 μέχρι
1750 5640 1842 5692 τοῦ
1894 5640 2116 5731 Ἰλλυρι-

569 5709 665 5758 κοῦ
720 5709 1027 5787 κηρύετειν.
1067 5709 1159 5764 καὶ
1207 5714 1279 5783 μὴ
1311 5715 1508 5770 ὀκνεῖν,
1551 5709 1727 5775 inepte
1777 5725 1926 5788 sape.
1960 5709 2113 5778 Reg“

568 5773 657 5827 διὰ
685 5794 838 5829 τουτο
864 5782 955 5832 καὶ
1001 5782 1197 5852 σπουδὴ
1228 5783 1334 5836 τῶν
1371 5783 1537 5848 ἁγίων
1576 5780 1731 5850 μέχρι
1766 5797 1857 5832 του
1899 5780 2116 5850 Ἰλλυρι-

2229 5081 2324 5136 κοῦ
2355 5080 2633 5153 κηρύττει,
2663 5080 2756 5153 καὶ
2784 5079 2864 5153 μὴ
2896 5078 3472 5153 όκνεῖνεμΕῑ-εἰοηΐετθ
3508 5074 3589 5128 alii
3619 5072 3771 5126 codi-

2225 5167 2335 5214 ces,
2374 5148 2463 5221 qui
2496 5162 2672 5204 tamen
2709 5148 2909 5221 habent
2934 5148 3399 5221 σπουδῇηΑηεςΙῙς.
3436 5155 3624 5221 autem,
3666 5159 3774 5221 κη-

2225 5213 2433 5292 ρύττειν
2462 5222 2553 5275 καὶ
2575 5221 2647 5291 μὴ
2665 5221 2827 5276 ὀκνεῖ.
2854 5218 3060 5286 Optime
3078 5213 3503 5292 legisseﬁidetur
3534 5213 3774 5292 Nannius

2221 5282 2312 5357 qui
2352 5295 2513 5346 habet
2538 5310 2550 5343 :
2575 5282 2917 5355 'Q'uapropter
2957 5282 3182 5339 stu/tium
3214 5287 3314 5355 fuit
3339 5296 3515 5341 sancto
3540 5286 3638 5336 viro
3667 5282 3775 5353 (τῷ

2224 5363 2383 5433 ἁγίῳ)
2415 5378 2576 5430 usque
2597 5362 2662 5412 ad
2698 5359 2981 5433 Illyricum_
3000 5358 3129 5409 illud
3157 5358 3467 5433 praedicare,
3496 5368 3644 5433 neque
3682 5370 3773 5403 se-

2220 5421 2662 5500 gries'c'ere,'neque
2685 5421 2934 5483 omittere.
2955 5426 3113 5481 Juxta
3137 5421 3291 5495 cujus
3325 5421 3599 5481 lectionem
3618 5421 3773 5475 hunc

2220 5504 2395 5555 locum
2429 5502 2712 5555 vertimus.

2289 5571 2399 5638 (64)
2432 5570 2661 5638 Anglic.,
2676 5568 2940 5639 ἀπολαύῃ.

2282 5634 2394 5707 (65)
2420 5634 2598 5693 Felrk.
2625 5640 2658 5692 5
2686 5654 2870 5701 anon.,
2894 5634 3164 5707 τοιαύταςἷ

2290 5698 2401 5798 (66)
2416 5711 2503 5798 S’ic
2517 5708 2645 5794 Re’g.
2666 5698 2876 5798 Anglic;
2886 5720 2937 5759 et
2953 5706 3131 5787 Felclt.
3146 5706 3179 5757 5
3195 5720 3364 5798 σπιοηί
3382 5704 3514 5798 Εὐξξί

2222 5770 2307 5833 δὲ’
2332 5770 2404 5851 μῆ
2445 5770 2805 5847 ἀγνοήσαντες
2846 5772 3002 5847 ἦσαν,
3055 5777 3229 5831 minus
3254 5786 3420 5831 recte.
3463 5770 3607 5833 Paulo
3634 5776 3769 5837 post
