3954 6490
153 382 241 444 διο
1253 376 1591 433 EPISTOLA
1631 377 1720 430 AD
1768 375 2237 434 DBACONTIUM.
3253 371 3361 428 550

153 494 370 569 Γραφὰς,
397 494 501 547 οῦκ
524 492 758 565 ἃννπαρά
779 492 981 556 ταύτας
1012 490 1407 545 συνεϐούλευον.
1438 492 1575 561 Ὦρα
1600 491 1707 560 γάρ
1738 528 1748 555 γ

1852 504 1927 548 ant
1957 493 2287 561 Scripturas,
2327 505 2434 545 non
2462 491 2719 545 adversus
2759 489 2878 544 illas
2925 487 2978 543 id
3021 485 3231 541 consilii
3265 488 3359 541 da-

156 588 322 650 αύτοὺς
366 587 463 640 καὶ
510 586 602 639 τὸν
642 584 907 656 Ἰερεμίαν
952 584 1423 655 καταμέμφεσθαι,
1474 584 1567 636 καὶ
1604 582 1699 634 τὸν

1852 599 1943 642 :nt.
2000 587 2187 642 Restat
2241 594 2420 640 autem
2467 584 2585 639 illos
2623 584 2795 654 ipsum
2840 581 3160 636 Hieremiam
3203 594 3361 634 coar-

159 682 303 754 μέγαν
330 678 608 733 αἰτιᾶσθαι
648 678 872 748 Μωσῆν,
913 659 995 730 ὅτι
1021 678 1119 748 τὴν
1148 676 1352 730 τούτων
1394 674 1699 746 συμϐουλὴν

1852 696 1992 747 uere,
2035 693 2398 750 magnumque
2425 677 2641 749 Moysen
2691 674 3032 741 insimulare,
3063 672 3202 743 quod
3234 686 3362 726 con-

156 774 239 825 οὐκ
264 771 519 841 ἥκουσαν,
554 766 689 821 ἀλλὰ
720 767 811 820 τὸν
850 766 982 821 Θεὸν
1013 767 1358 840 φοϐηθέντες,
1391 767 1489 836 τὴν
1518 766 1701 818 διακο-

158 864 255 917 νίαν
278 862 550 925 ἐτέλεσαν,
579 860 673 913 καὶ
696 859 1125 932 προφητεύοντες
1158 857 1566 927 ἐτελειώθησαν.
1592 855 1704 909 Καὶ

158 955 247 1027 γὰρ
275 954 425 1007 aurei.
458 952 874 1017 ἀποσταλέντες,
918 952 1013 1006 καὶ
1058 951 1309 1015 λαϐόντες
1338 951 1435 1021 ἥδη
1471 949 1569 1020 τὴν
1606 949 1705 1011 τῆς

161 1044 469 1117 προφητείας
502 1044 679 1115 χάριν,
713 1044 1099 1116 παρῃτήσαντο
1131 1042 1248 1113 μὲν,
1286 1040 1628 1112 ἐφοϐήθησαν
1652 1039 1707 1091 δὲ

164 1137 279 1210 μετά
313 1134 508 1201 ταῦτα,
546 1136 639 1188 κα)⁸
673 1135 771 1187 οὐκ
793 1134 905 1205 (67)
948 1134 1299 1199 ἑξουδένωσαν
1329 1133 1418 1184 τὸν
1458 1128 1710 1184 ἀποστεί-

160 1230 323 1283 λαντα.
349 1228 475 1280 Εἴτε
500 1227 677 1279 τοίνυν
711 1227 1032 1297 ἰσχνόφωνος
1060 1221 1127 1287 εἴ,
1156 1224 1250 1276 καὶ
1278 1220 1708 1293 βραδύγλωσσος,

1854 1249 1920 1287 on
1953 1241 2096 1285 sunt.
2148 1231 2273 1284 Sive
2306 1231 2464 1299 igitur
2495 1245 2554 1284 es
2586 1230 2770 1301 gracili
2810 1245 2961 1292 voce,
2991 1230 3105 1284 sive
3136 1228 3369 1285 tardiore

163 1320 275 1375 ἀλλὰ
300 1318 568 1390 φοϐήθητι
599 1319 689 1371 τὸν
721 1318 1001 1371 πλάσαντά
1032 1334 1090 1369 σε
1116 1316 1245 1369 Θεόν
1263 1333 1275 1347 ο
1317 1316 1425 1368 εἴτε
1451 1313 1711 1385 νεώτερον

1857 1342 1991 1396 ngua
2016 1325 2084 1390 ⁸¹,
2129 1333 2185 1376 at
2229 1323 2303 1376 lui
2345 1323 2677 1377 conditorem
2713 1323 2877 1376 Deum
2922 1322 3185 1376 metuito:
3221 1320 3267 1375 si
3317 1330 3370 1374 te

166 1410 333 1465 σαυτὸν
375 1409 555 1479 λέγεις
597 1410 731 1481 πρὸς
767 1410 827 1462 τὸ
871 1410 1150 1480 κήρυγμα,
1197 1407 1309 1461 ἀλλ’
1354 1405 1579 1460 εὐλαϐοῦ
1623 1404 1714 1457 τὸν

1852 1419 2078 1472 miorem
2112 1419 2177 1471 ad
2223 1416 2616 1487 praedicandum
2654 1416 2836 1484 dicas,
2872 1425 2927 1469 at
2959 1416 3086 1470 time
3125 1430 3244 1470 eum
3275 1412 3368 1485 qui

164 1503 480 1572 γινώσκοντά
524 1519 584 1555 σε
615 1502 719 1573 πρὸ
755 1501 848 1554 τοῦ
876 1500 1207 1572 πλασθῆναι·
1245 1499 1355 1552 εἴτε
1382 1498 1535 1566 λόγον
1560 1496 1719 1549 δέδω-

1852 1529 1874 1568 e
1904 1522 2128 1567 noverat
2157 1520 2444 1579 antequam
2492 1508 2787 1564 formarere
2817 1526 2830 1563 :
2867 1509 2909 1563 si
2939 1507 3157 1562 verbum
3183 1507 3371 1561 adver-

165 1612 249 1658 κας
280 1594 327 1663 (ό
367 1592 426 1646 δὲ
453 1591 610 1660 λόγος
636 1595 747 1655 τοῖς
778 1591 949 1660 άγίοις
974 1591 1049 1655 ὡς
1080 1592 1238 1663 ὅρκος
1274 1586 1385 1661 ἦν),
1417 1588 1550 1642 ἀλλὰ
1590 1587 1721 1641 ἀνά-

1852 1622 1935 1659 nm
1975 1603 2295 1675 protuleris,
2349 1612 2537 1672 estque
2585 1603 2806 1657 verbum
2852 1601 3054 1657 sanctis
3098 1615 3193 1671 pro
3220 1599 3371 1667 jura-

165 1690 308 1759 γνωθι
336 1689 428 1743 τὸν
470 1688 757 1759 Ἰερεμίαν,
788 1688 908 1752 πῶς
944 1689 1038 1741 καὶ
1066 1687 1224 1751 αὐτὸς
1252 1684 1507 1758 εἰρηκὼς,
1536 1685 1616 1737 Οὐ
1633 1682 1718 1752 μὴ

1852 1710 2045 1763 uento;
2082 1699 2199 1770 lege
2221 1697 2529 1762 Jeremiam,
2566 1697 2655 1766 qui
2689 1709 2810 1750 cum
2837 1694 3094 1757 dixisset,
3132 1690 3254 1746 Non
3284 1708 3378 1746 no-

167 1778 420 1850 όνομὰονω
440 1778 506 1832 τὸ
526 1779 708 1846 ὄνομα
724 1779 963 1848 Κυρίου,
979 1778 1200 1850 ὕστερον
1222 1778 1278 1831 δὲ
1306 1776 1558 1847 φοϐηθεὶς
1582 1776 1641 1828 τὸ
1662 1777 1720 1829 ἐν

1852 1792 2029 1845 ιὶιιαὺο
2057 1806 2240 1844 nomen
2264 1789 2478 1844 Domini
2500 1788 2568 1855 “,
2595 1796 2650 1841 at
2675 1796 2857 1858 postea
2882 1801 3001 1841 cum
3033 1785 3168 1840 intra
3197 1799 3255 1859 se
3286 1798 3377 1839 ac-

168 1875 293 1944 αὐτῷ
306 1872 413 1943 (68)
431 1872 543 1942 πῦρ
561 1871 867 1942 γενόμενον,
884 1871 1085 1937 ούκέτι,
1096 1870 1170 1933 ὡς
1182 1869 1387 1940 εἴρηκε,
1403 1868 1719 1937 πεποίηκεν,

198 1964 259 1982 ιςὶ
303 1965 316 1982 ο
496 1963 513 1982 ἢ
574 1962 679 1982 ,,n_\
704 1981 713 1982 κ
742 1961 805 1982 _,"
840 1962 950 1982 2---.
971 1979 977 1982 _
1009 1960 1205 1982 1----σεμ-
1228 1977 1240 1982 -
1276 1958 1400 1982 ᾸἻἫᾹ.
1426 1958 1514 1982 -λ..
1543 1960 1684 1982 3...-.-.

1854 1899 2040 1938 ensum
2087 1885 2260 1953 ignem
2291 1880 2681 1945 reformidaret,
2717 1894 3051 1949 nequaquam
3085 1878 3242 1934 dictis
3264 1877 3377 1933 suis

167 1964 268 2018 οὐδὲ
289 1965 361 2028 ὡς
389 1962 716 2033 προληφθεὶς
739 1961 814 2033 τῷ
837 1962 983 2033 ὅρκῳ
1006 1960 1211 2032 ἐκρύϐη
1228 1977 1240 1989 ·
1269 1958 1403 2012 ἀλλὰ
1424 1958 1514 2012 τὸν
1541 1960 1718 2027 ἐγχει-

1854 1979 2072 2032 tandum
2130 1976 2378 2042 censuit,
2431 1989 2529 2030 nec
2580 1974 2731 2043 quasi
2781 1972 3090 2042 iuramento
3142 1972 3379 2042 illigatus

172 2058 371 2128 ρίσαντα
412 2054 828 2125 εὐλαϐούμενος,
877 2051 1191 2105 τετελείωκε
1239 2052 1337 2123 τὴν
1367 2050 1718 2121 προφητείαν.

172 2150 226 2171 In
254 2149 344 2171 ,λη
372 2144 517 2171 -Y§_-
576 2144 818 2171 L-.-_.__I.
884 2144 957 2171 2-.
995 2143 1083 2171 ...Α
1123 2142 1308 2171 ’1....ιζρ
1346 2142 1560 2171 ...ρ-ξυιιυ
1590 2138 1696 2171 (“Cn

1852 2088 1942 2129 ese
1978 2072 2212 2136 abdidit;
2252 2070 2504 2125 sed'eum
2539 2067 2626 2137 qui
2675 2067 2774 2125 sibi
2818 2065 3171 2121 ministerium
3212 2063 3380 2118 tradi-

190 2151 226 2202 H
251 2149 346 2202 οὐκ
368 2144 538 2211 οἶδας,
572 2144 842 2215 ἁγαπητὲ,
882 2144 961 2196 ὅτι
995 2143 1090 2196 καὶ
1123 2142 1308 2205 ’ῐωνᾶς
1346 2142 1560 2210 φεύγων
1589 2138 1721 2209 (69),

190 2242 335 2280 vévnu:
375 2240 472 2280 ηὶιυ
528 2239 604 2280 ,τις
628 2238 834 2280 vivam-1
870 2235 1003 2280 μετὰ
1026 2234 1081 2280 δὲ
1102 2235 1275 2280 ταῦτα
1296 2234 1454 2280 πάλιν
1486 2232 1725 2280 12005013-

1852 2170 1975 2222 Ierat
2027 2166 2269 2229 veritus,
2329 2162 2680 2232 praphetandi
2740 2175 2931 2215 munus
2982 2158 3237 2227 implevit.
3296 2157 3377 2211 An

1864 2277 2035 2280 ,,__-,__
2103 2260 2285 2280 an“..-
2362 2255 2581 2280 r_-_:-._.:
2629 2253 2772 2280 1-.....
2813 2269 2868 2280 ...ι
2909 2268 3025 2280 κη...
3056 2262 3164 2280 ...ιιι
3214 2252 3377 2280 αι-ΛιιΔ

170 2242 336 2311 γέγονε
371 2240 494 2312 μὲν,
528 2239 604 2301 ὡς
628 2238 838 2307 γέγονε,
868 2235 1003 2308 μετὰ
1026 2234 1275 2288 δὲταῦτα
1296 2234 1454 2288 πάλιν
1486 2234 1725 2303 προεφή-

1852 2277 2060 2333 gnoras,
2096 2260 2309 2323 dilecte,
2362 2255 2584 2325 fugienti
2622 2253 2773 2309 Jonze
2810 2269 2870 2309 ea
2906 2268 3027 2323 qnze
3056 2262 3166 2307 tute
3214 2252 3381 2321 probe

172 2350 390 2403 τευσενὶ,
1828 2355 1966 2411 nosti
2007 2353 2292 2418 accidisse,
2336 2351 2430 2405 sed
2474 2363 2595 2403 eum
2630 2357 2812 2418 postea
2863 2347 3209 2403 nihilominus
3250 2359 3379 2417 pro-

1828 2445 2111 2519 phetasse?

230 2570 281 2630 6.
321 2570 413 2641 Μὴ
436 2569 615 2623 τοίνυν
638 2566 769 2621 ἄλλα
793 2564 942 2635 παρά
962 2562 1134 2616 ταῦτα
1166 2559 1554 2631 συμϐουλεῦον.
1579 2558 1729 2611 Μᾶλ-

1899 2541 1949 2593 6.
2005 2537 2079 2592 Ne
2128 2537 2289 2607 igitur
2328 2536 2539 2591 diversa
2583 2533 2650 2587 ab
2694 2533 2811 2588 istis
2865 2531 3088 2588 consilia
3134 2545 3383 2600 sequare.

174 2661 249 2715 λον
271 2661 376 2733 γὰρ
404 2659 562 2731 ἡμῶν
588 2654 727 2711 οἶδεν
753 2658 781 2709 ὁ
808 2656 1008 2727 Κύριος
1037 2654 1103 2706 τὰ
1132 2653 1312 2724 ἡμῶν,
1336 2652 1428 2705 καὶ
1463 2647 1568 2703 οἶδε
1590 2651 1729 2702 τίσιν

1852 2633 2017 2687 lleiins
2050 2631 2190 2684 enim
2222 2645 2381 2698 quam
2414 2628 2612 2697 nosipsi
2638 2644 2756 2695 qua:
2804 2641 2901 2680 nos
2939 2634 3206 2694 spectant,
3240 2623 3390 2677 novit

177 2717 459 2825 ιτχείρὶςεῖ
513 2750 611 2814 τὰς
680 2746 871 2802 ἑαυτοῦ
899 2717 1305 2815 ’Ἐκκλησέαςξ
1336 2742 1452 2795 Κᾶν
1495 2742 1603 2814 γὰρ
1658 2741 1732 2813 μὴ

1852 2726 2131 2779 )ominns:
2166 2737 2262 2776 nec
2311 2722 2521 2790 ignorat
2554 2722 2872 2789 quibusnam
2920 2732 3046 2773 suas
3090 2717 3393 2772 committat

1807 773 1928 828 silio
1977 788 2071 827 suo
2123 787 2225 827 non
2259 770 2704 841 obtemperarint,
2740 768 2833 824 sed
2856 768 3020 822 Deum
3048 767 3223 831 veriti,
3257 767 3360 820 mi-

1808 867 2098 921 nisterium
2138 882 2294 919 suum
2359 864 2725 932 impleverint,
2774 872 2934 934 atque
2985 862 3364 931 prophetantes

1810 958 1918 1012 sint
1963 956 2338 1011 consummati.
2388 956 2768 1025 lllisiqnidem
2818 954 2990 1019 missi,
3039 963 3367 1022 acceptaque

1812 1048 2105 1118 prophetiae
2140 1048 2329 1117 gratia,
2366 1047 2685 1101 recusabant
2714 1046 2896 1101 statim
2927 1063 2941 1100 :
2968 1054 3022 1098 at
3047 1060 3151 1114 prae
3175 1044 3367 1099 timore

1814 1150 2019 1209 postea,
2065 1140 2361 1192 mittentem
2395 1153 2453 1191 se
2488 1138 2836 1207 vilipendere,
2871 1135 3213 1205 abnuercque
3249 1133 3367 1189 ausi

178 2846 305 2911 ἄξιός
340 2862 425 2907 τις
469 2842 732 2913 τυγχάνῃ,
778 2837 913 2892 ἀλλὰ
945 2836 1017 2907 μὴ
1039 2835 1147 2905 (70)
1183 2834 1316 2903 πρὸς
1342 2833 1431 2885 τὸν
1472 2832 1732 2903 πρότερον

181 2937 277 3007 βίον
309 2935 682 2999 ἀποϐλεπέτω,
719 2932 853 2985 ἀλλὰ
878 2930 974 2999 τὴν
1005 2927 1271 2981 διακονίαν
1298 2926 1581 2978 ὲκτελείτω
1608 2942 1619 2954 ·
1649 2925 1734 2976 ἴνα

184 3032 245 3103 μὴ
268 3032 401 3103 πρὸς
442 3029 522 3100 τῷ
558 3028 654 3099 βίῳ
692 3027 785 3081 καὶ
824 3026 921 3096 τὴν
960 3025 1022 3077 ἐκ
1058 3025 1156 3093 τῆς
1199 3019 1454 3091 ἀμελείας
1493 3017 1736 3088 κατάραν

180 3122 555 3189 ἁπενέγκηται.
589 3113 733 3190 Ἀρα
772 3115 899 3187 γὰρ,
932 3113 1179 3183 ἀγαπητὲ
1218 3111 1528 3182 Δρακόντιε,
1566 3108 1738 3161 ταῦτα

179 3214 447 3282 γινώσκων
488 3210 582 3264 καὶ
620 3208 833 3270 συνετὸς
855 3206 1157 3275 τυγχάνων,
1202 3203 1261 3255 ού

179 3308 374 3379 ψυχήνς
402 3306 479 3358 UO
511 3302 812 3376 φροντίζεις
836 3299 910 3371 μὴ
939 3296 1206 3367 ἀπόληται
1246 3313 1330 3358 τις
1368 3294 1476 3346 τῶν
1503 3294 1739 3363 ἐγχειρι-

184 3400 402 3455 σθέντων
432 3416 516 3452 σοι
540 3413 555 3463 ;
576 3396 649 3450 Οὐ
672 3394 846 3465 φλέγῃ
865 3392 939 3455 ὡς
960 3391 1064 3444 ἀπὸ
1088 3388 1196 3459 (71)
1231 3387 1400 3457 πυρὸς
1436 3384 1528 3438 τοῦ
1564 3401 1740 3436 συνει-

181 3492 349 3557 δότος
396 3492 473 3544 Ού
516 3488 653 3559 φοϐῇ
677 3486 774 3556 τὴν
806 3484 1019 3557 ἡμέραν
1053 3482 1152 3551 τῆς
1188 3481 1438 3552 κρίσεως,
1482 3480 1539 3531 ὲν
1622 3476 1742 3529 οῦδ-

185 3584 256 3647 εὶς
284 3582 391 3636 τῶν
440 3577 909 3651 συμϐουλευόντων
936 3573 1031 3627 νῦν
1068 3574 1183 3625 ἐκεῖ
1208 3572 1493 3641 γενήσεται
1518 3567 1742 3638 βοηθός;

188 3676 448 3737 Ἕκαστος
482 3672 591 3744 γὰρ
638 3670 747 3724 τῶν
798 3665 1236 3739 ἐγχειρισθέντων
1283 3662 1432 3732 αὐτῷ
1466 3661 1559 3714 καὶ
1591 3659 1746 3727 λόγον

187 3766 465 3820 ἀποδώσει.
506 3765 572 3817 Τί
610 3765 717 3834 γὰρ
760 3761 935 3833 ὤνησε
973 3757 1062 3811 τὸν
1102 3754 1381 3827 κρύψαντα
1411 3753 1471 3805 τὸ
1500 3752 1748 3822 δηνάριον

189 3862 221 3929 ἡ
264 3859 568 3931 πρόφασις;
620 3857 689 3907 Ἦ
732 3854 784 3906 τί
816 3852 1060 3920 ὠφέλησε
1093 3848 1183 3900 τὸν
1243 3845 1413 3916 Ἀδάμ
1457 3844 1749 3916 εἰρηκότα,

201 3952 266 4005 Ἠ
299 3949 453 4020 γυνή
498 3965 573 4018 με
620 3945 963 4013 ήπάτησεν;
1019 3938 1292 4010 Ἀγαπητέ
1343 3935 1652 4008 Δρακόντιε,
1704 3933 1752 3985 εί

191 4042 279 4094 καὶ
312 4039 527 4111 άληθῶς
559 4037 784 4105 ἀσθενὴς
816 4034 1124 4104 τυγχάνεις,
1158 4029 1292 4082 ἀλλὰ
1325 4027 1608 4081 ἀναλαϐεῖν
1643 4024 1752 4096 (72)

194 4150 250 4186 σε
271 4132 364 4204 τὴν
398 4130 650 4204 φροντίδα
675 4129 892 4199 πρέπει,
918 4127 1003 4179 ἵνα
1032 4124 1125 4195 μὴ,
1148 4126 1246 4193 τῆς
1287 4119 1609 4189 Ἐκκλησίας
1632 4119 1755 4188 ἐρή-

198 4242 290 4296 μου
322 4221 713 4294 τυγχανούσης,
738 4220 787 4271 οἱ
816 4218 996 4291 ἐχθροὶ
1027 4216 1226 4285 ταύτην
1254 4211 1514 4283 βλάψωσι,
1546 4209 1757 4279 πρόφα-

196 4332 275 4368 σιν
304 4314 553 4385 εὑρόντες
582 4310 675 4381 τὴν
708 4311 805 4380 σὴν
834 4310 1027 4378 φυγήν.
1052 4306 1255 4378 Πρέπει
1277 4320 1335 4355 σε
1357 4298 1755 4365 ἀναζώσασθαι,

198 4404 282 4460 ἵνα
315 4405 389 4476 μὴ
431 4404 621 4474 μόνους
674 4402 817 4471 ἡμᾶς
849 4400 991 4469 ἀφῇς
1025 4399 1081 4449 ἐν
1112 4396 1187 4473 τῷ
1233 4394 1429 4464 ἀγῶνι-
1467 4392 1663 4464 πρέπει
1698 4407 1758 4441 σε

200 4499 494 4567 συγκαμεῖν
535 4492 665 4564 (75),
706 4493 793 4546 ἵνα
839 4490 977 4562 μετά
1028 4490 1243 4543 πάντων
1292 4487 1385 4541 καὶ
1434 4484 1525 4539 τὸν
1572 4482 1759 4554 μισθὸν

196 4588 491 4662 ἀπολάϐῃς.

263 4682 319 4735 7.
352 4679 555 4734 Σπεῦδε
596 4675 899 4748 τοιγαροῦν,
930 4674 1194 4744 ἀγαπητὲ,
1243 4671 1435 4742 μηκέτι
1462 4667 1756 4741 βραδύνων,

204 4774 335 4845 μηδὲ
366 4774 558 4843 ἀνέχου
584 4770 689 4822 τῶν
725 4786 781 4821 σε
812 4766 1145 4826 κωλυόντων,
1188 4763 1323 4817 ἀλλὰ
1350 4761 1441 4814 τοῦ
1471 4758 1760 4820 δεδωκότος

206 4866 467 4938 μνήσθητι
485 4884 498 4896 “
529 4864 621 4918 καὶ
645 4858 799 4931 δεῦρο
830 4859 965 4931 πρὸς
990 4860 1135 4928 ἡμᾶς
1163 4858 1286 4919 τοὺς
1318 4852 1642 4923 ἀγαπῶντάς
1678 4868 1758 4915 σε,

201 4958 327 5021 τοὺς
356 4953 816 5027 συμϐουλεύοντάς
863 4968 943 5004 σοι
988 4950 1055 5001 τὰ
1092 4948 1199 5000 τῶν
1241 4945 1467 5015 Γραφῶν
1503 4943 1638 5013 (74),
1679 4942 1763 4994 ἵνα

205 5049 298 5104 καὶ
329 5052 455 5122 παρ’
489 5047 643 5120 ἡμῶν
677 5042 1057 5118 προπεμφθῇς,
1091 5041 1185 5093 καὶ
1213 5035 1533 5107 λειτουργῶν
1560 5034 1617 5087 ἐν
1644 5035 1765 5097 ταῖς

275 5188 319 5220 ⁸⁸
349 5185 520 5242 Exod.
556 5199 632 5253 ιν,
667 5182 754 5238 10.
826 5182 875 5258 ξ’
904 5179 1013 5236 Jer.
1055 5194 1150 5242 xx,
1187 5176 1241 5231 9.
1315 5174 1577 5229 “Genes.
1621 5187 1702 5238 ιιι,
1742 5129 1829 5227 ιεξ

208 5303 505 5380 Pelagio},
531 5296 1110 5380 apon.,f§t_:lspsp£_q.

281 5374 393 5445 (67)
439 5372 531 5428 Sic
559 5360 887 5442 Heg.'Ba'sil.
929 5360 1137 5439 Atiglic.
1161 5364 1343 5421 Felck.
1375 5364 1411 5418 3
1436 5378 1598 5419 anon.
1626 5360 1770 5415 Editi

211 5460 362 5509 vero,
390 5460 486 5567 μὲ.

287 5516 396 5609 ςεξξι
430 5512 609 5609 .3123.-
642 5510 889 5609 333222
925 5507 1012 5560 τδν
1033 5509 1088 5559 ὲν
1113 5505 1281 5577 αὐτῷ’

290 5577 395 5653 ξ69)
422 5582 609 5651 Anglic
641 5621 656 5645 ,
689 5577 895 5653 φυγών.

289 5641 400 5725 (703
419 5641 662 5725 Siciedit.
688 5641 1004 5725 Qninmelin.
1039 5655 1093 5701 et
1119 5662 1306 5725 omnes
1336 5663 1464 5703 mss.
1484 5645 1590 5701 Sed
1622 5641 1774 5725 fari-

222 5714 417 5779 sie‘nsi's
470 5722 630 5783 edit.,
672 5714 824 5780 οὗτος
857 5714 953 5789 μή,
989 5717 1256 5789 nescinttts
1294 5734 1397 5787 qua
1432 5715 1770 5789 auctoritate.

226 5793 365 5873 θροις.
392 5795 521 5861 Reg.
552 5790 715 5873 Basil:
736 5783 889 5873 Angl.
909 5783 962 5841 et
989 5785 1222 5873 Fidele?)
1254 5783 1769 5873 atioln...,_éx':§)tsi:w.

226 5862 367 5919 Editi
432 5854 584 5928 véro,
630 5854 949 5926 ὲκλεγεῖτω,
994 5871 1293 5923 perperam.
1358 5857 1488 5913 lbid.
1546 5854 1773 5915 Αιιιιιίο..

1782 4564 1837 4623 D

1836 2817 2126 2871 Ecclesias.
2166 2814 2297 2866 Nam
2334 2813 2498 2881 210
2534 2812 2577 2866 si
2617 2812 2737 2880 quis
2764 2811 2955 2881 dignus
2995 2825 3098 2863 non
3126 2808 3308 2871 fuerit,
3344 2806 3394 2863 is

1834 2924 1901 2961 ne
1934 2907 2263 2975 praeteritam
2315 2912 2519 2971 spectet
2555 2902 2676 2954 vita:
2711 2902 2993 2963 rationem,
3023 2899 3117 2954 sed
3160 2898 3393 2953 oﬂicium

1837 2998 2054 3067 impleat
2074 3012 2227 3051 suum
2287 3009 2356 3049 ne
2383 2993 2537 3060 juxta
2564 2994 2686 3047 vita;
2707 3008 2816 3048 suae
2850 3002 3012 3062 atque
3058 2990 3395 3060 negligentiae

1846 3090 2275 3145 maledictionem
2314 3086 2532 3141 referat.
2567 3085 2690 3140 Haec
2718 3100 2838 3138 cum
2875 3084 3038 3147 scias,
3075 3080 3395 3136 charissima

1305 3200 1614 3270 κατανύττῃ
1637 3199 1734 3268 τὴν

1852 3185 2115 3248 Draconti,
2168 3182 2510 3251 prndensque
2557 3194 2676 3234 cum
2728 3178 2824 3244 sis,
2886 3192 3011 3230 num
3060 3176 3241 3229 animo
3288 3190 3396 3228 non

1840 3273 2257 3346 compnngeris?
2286 3272 2401 3327 Non
2446 3287 2607 3328 cnras
2635 3286 2701 3326 ne
2748 3268 2868 3339 quis
2930 3282 3115 3323 eorum
3160 3264 3249 3335 qui
3301 3263 3398 3319 tibi

1841 3369 2112 3428 commissi
2145 3377 2271 3422 sunt
2316 3364 2540 3436 pereat?
2586 3362 2701 3419 Non
2742 3362 2897 3416 ardes
2926 3359 3078 3429 quasi
3121 3355 3400 3413 conscien-

1846 3466 1933 3519 tia:
1967 3462 2126 3531 igne?
2177 3462 2368 3514 Annon
2415 3458 2551 3511 diem
2586 3455 2770 3527 indicii
2806 3452 3149 3515 reformidas,
3200 3449 3252 3503 in
3291 3462 3399 3518 qua

1847 3555 2021 3611 nullus
2053 3555 2239 3608 horum
2266 3549 2698 3605 consiliariorum
2723 3544 3015 3616 opitulator
3041 3541 3257 3598 aderit?
3285 3539 3405 3595 Sin-

1848 3647 1957 3717 guli
1994 3657 2223 3711 namque
2255 3643 2322 3697 de
2353 3641 2453 3695 sibi
2494 3638 2814 3694 concreditis
2844 3636 3105 3690 rationem
3145 3630 3405 3687 reddituri

1849 3746 1993 3792 sunt.
2030 3734 2166 3800 Quid
2199 3732 2338 3785 enim
2364 3729 2563 3799 profuit
2587 3728 2639 3782 ei
2668 3728 2758 3796 qui
2792 3724 3072 3782 denarium
3103 3720 3409 3777 occultave-

1851 3838 1934 3883 rat
1982 3841 2076 3880 sua
2129 3820 2443 3878 excusatio?
2510 3819 2617 3872 Aut
2661 3819 2788 3887 quid
2843 3815 3161 3884 profuerunt
3198 3811 3409 3866 Adamo

1852 3919 2013 3973 verba
2058 3916 2183 3978 illa,
2241 3911 2434 3966 Mulier
2480 3924 2560 3961 nte
2604 3907 2801 3977 decepit
2824 3905 2904 3959 ⁸³2
2941 3901 3176 3957 Tametsi
3221 3912 3410 3954 revera

1856 4011 2102 4067 infirmus
2129 4023 2209 4074 es,
2245 4004 2590 4061 dilectissime
2613 3999 2864 4055 Draconti
2892 4015 2907 4065 ;
2941 3996 3036 4052 sed
3067 4006 3118 4050 te
3148 3994 3287 4048 hanc
3315 4006 3413 4046 cu-

1857 4117 1969 4157 ram
1999 4099 2273 4164 suscipere
2302 4094 2573 4160 convenit,
2607 4106 2674 4147 ne
2696 4092 2907 4145 deserta
2928 4085 3189 4150 Ecclesia,
3221 4083 3288 4137 ab
3313 4080 3416 4135 ini-

1857 4196 2037 4259 micis,
2072 4188 2509 4259 occasionemicx
2541 4188 2661 4255 fuga
2690 4194 2779 4238 tua
2813 4182 3007 4245 nactis,
3039 4178 3279 4233 laedatur.
3308 4173 3416 4227 Par

1860 4297 1944 4344 est
1975 4297 2035 4340 ut
2063 4295 2112 4340 te
2140 4284 2390 4352 accingas
2413 4320 2428 4346 ,
2460 4294 2527 4334 ne
2556 4293 2654 4332 nos
2687 4274 2831 4331 solos
2859 4273 2915 4328 in
2947 4268 3239 4327 certamine
3261 4266 3417 4320 dese—

1859 4396 1993 4437 ras:
2031 4379 2187 4432 decet
2230 4385 2281 4430 te
2307 4389 2411 4428 una
2443 4385 2565 4427 cum
2603 4368 2726 4423 aliis
2751 4366 3026 4430 laborare,
3070 4368 3128 4416 ut
3154 4373 3274 4415 cum
3300 4370 3417 4412 om-

1864 4474 2021 4530 nibus
2045 4469 2223 4525 debita
2250 4464 2494 4522 mercede
2519 4461 2756 4517 doneris.

1936 4652 1994 4706 7.
2025 4649 2235 4705 Matura
2290 4645 2470 4717 igitur,
2503 4641 2718 4703 dilecte,
2750 4652 2817 4693 ne
2838 4635 2977 4692 ultra
3007 4631 3254 4698 moreris,
3280 4643 3418 4684 neve

1865 4762 1957 4804 eos
2000 4748 2087 4817 qui
2134 4743 2229 4798 tibi
2274 4739 2655 4810 impedimento
2698 4738 2858 4795 sunt,
2902 4728 3140 4784 toleres:
3171 4723 3264 4781 sed
3306 4736 3423 4778 me-

1872 4812 2052 4897 mento
2092 4837 2207 4907 ejus
2256 4834 2346 4906 qui
2396 4833 2497 4889 hoc
2548 4830 2638 4885 tibi
2677 4826 3031 4884 ministerium
3066 4816 3304 4875 tradidit.
3357 4812 3426 4868 Et

1872 4937 1975 4989 huc
1997 4947 2223 5003 prepera
2259 4930 2327 4984 ad
2356 4942 2455 4983 nos
2491 4926 2580 4996 qui
2614 4933 2665 4980 te
2699 4921 2969 4994 diligimus
2990 4960 3005 4984 ,
3047 4914 3136 4986 qui
3177 4911 3273 4968 tibi
3308 4923 3428 4981 qua:

1873 5027 2272 5099 Scripturarum
2305 5030 2433 5078 sunt
2472 5018 2795 5083 suademus;
2846 5022 2906 5070 ut
2937 5028 2967 5067 a
2997 5009 3150 5066 nobis
3182 5020 3301 5063 cum
3325 5003 3427 5058 ho-

1874 5284 1973 5357 τὴν
2004 5276 2375 5357 τῆνςηοιιιίεεο
2426 5272 2510 5327 ὲκ.
2560 5267 2744 5326 Felck.
2799 5265 2837 5322 5
2884 5275 3048 5319 anon.
3100 5253 3232 5311 ibid.
3266 5246 3431 5304 κατά-

1880 5350 2028 5426 ρέιαν
2041 5423 2048 5426 _
2060 5350 2247 5426 habet.

1947 5399 2418 5495 διιῇἑιὲεοιιιεν
2450 5410 2633 5495 καὶ.οὲ
2655 5399 3081 5495 eameam:

1948 5456 2061 5565 ὶᾶἐς
2081 5456 2999 5560 ἑῖἒ⁵ιὶὲξ.’λῗῖεἰ’ἑιῖεἷέιζ.⁶δ’εηόη.
3033 5465 3137 5522 Alii
3167 5471 3222 5519 et
3264 5456 3430 5525 editi,

1878 5567 2081 5621 λαϐεῖν.
2886 5612 2899 5624 .
3299 5598 3312 5616 ⁸

1950 5636 2065 5703 (⁷⁵)
2094 5631 2323 5703 “eis:
2355 5623 2707 5703 συγκάμνεινε
2742 5602 3408 5703 Μρέ,¹ξ¹ηίῗ¹1’,;ε-.ξᾝὲῗῗὲιξέ

2344 5673 2633 5774 aridi-1:301
2653 5685 2763 5774 τὴν
2777 5676 3133 5774 τίιξινρξραφῶν
3145 5673 3430 5745 ὠφέλειαν·

1881 5750 2113 5834 ἵνά
2286 5750 2527 5837 Anglic,
2552 5750 2944 5831 προπεμφθείς.
