3954 6552
543 451 642 512 53!

542 583 678 625 nore
699 567 988 633 deducare,
1019 575 1073 622 et
1098 568 1222 623 dum
1253 569 1307 624 in
1343 569 1584 625 ecclesiis
1613 583 1766 623 sacra
1802 567 1968 622 facies
1995 581 2090 621 no-

542 660 644 717 stri
676 659 992 716 memoriam
1025 673 1173 730 agas.
1209 657 1393 730 Neque
1425 660 1568 714 enim
1609 669 1664 712 tu
1695 658 1842 712 solus
1871 673 1937 712 ex
1981 671 2097 712 mo-

541 752 730 807 nachis
758 767 818 807 es
844 752 1124 807 ordinatus
1155 769 1169 804 :
1219 767 1388 820 neque
1426 761 1478 804 tu
1521 761 1726 804 tantum
1774 748 2100 804 monasterio

539 842 826 912 praefuisti,
876 843 960 896 vel
1009 847 1156 898 solus
1196 858 1226 897 a
1273 843 1548 896 monachis
1596 842 1820 895 dilectus
1859 856 1964 895 es:
2008 843 2101 894 sed

539 933 686 990 nosti
719 914 1072 1004 Serapionem
1120 934 1438 988 monachum
1489 948 1628 995 esse,
1663 942 1716 985 et
1762 940 1870 986 tam
1921 930 2101 985 multis

542 1027 825 1094 pnniuisse
857 1027 1154 1081 moaachis.
1182 1025 1290 1081 Nec
1321 1036 1373 1080 te
1402 1027 1640 1093 praeterit
1665 1035 1792 1094 quot
1815 1025 2100 1077 monacho-

542 1131 660 1170 rutn
703 1124 855 1185 pater
903 1116 1064 1171 fuerit
1107 1115 1344 1186 Apollas.
1401 1115 1552 1170 Nosti
1595 1115 1952 1185 Agathonem,
2003 1129 2100 1167 nec

458 1209 463 1216 ’
543 1207 764 1276 ignoras
794 1206 1122 1269 Aristonem,
1158 1221 1221 1260 ac
1255 1207 1542 1260 meministi
1567 1205 1830 1258 Ammonii
1857 1220 1977 1258 cum
2005 1203 2100 1258 Se-

543 1298 770 1367 rapione
802 1312 1023 1367 peregre
1046 1297 1298 1364 proiecti.
1331 1296 1600 1350 Fortassis
1623 1296 1784 1348 etiam
1817 1295 1882 1348 ad
1911 1305 1961 1347 te
1989 1309 2101 1363 per-

540 1390 690 1442 venit
728 1389 866 1442 fama
899 1388 1047 1441 Muiti
1080 1388 1131 1441 in
1160 1387 1420 1455 superiori
1453 1386 1722 1440 Thebaide
1760 1400 2098 1439 commoran-

543 1481 634 1543 tis,
673 1491 840 1548 atque
871 1480 1078 1534 discere
1113 1480 1327 1548 potuisti
1358 1479 1482 1547 quid
1519 1477 1712 1531 Paulus
1732 1477 1819 1545 qui
1854 1475 1965 1529 Lati
2007 1477 2098 1529 de-

544 1572 725 1638 gebat,
753 1572 924 1639 egerit
958 1589 971 1624 :
1005 1586 1068 1624 ac
1107 1569 1355 1623 similiter
1381 1569 1468 1622 alii
1504 1568 1862 1636 contplurimi,
1897 1567 1986 1635 qui
2028 1577 2100 1619 ta-

543 1680 668 1718 men
695 1664 952 1726 ordinati,
997 1679 1101 1715 non
1137 1671 1538 1730 repugnarunt;
1586 1660 1677 1712 sed
1708 1659 1881 1712 Elisaai
1915 1673 2096 1712 exem-

543 1756 631 1824 pio
659 1757 825 1822 ducti,
875 1770 972 1810 nec
1000 1755 1308 1822 ignorantes
1341 1755 1465 1822 quid
1507 1753 1674 1821 egerit
1704 1751 1848 1806 Elias
1869 1792 1883 1817 ,
1945 1751 2094 1819 gnari

544 1862 762 1915 quoque
791 1862 972 1901 rerum
1009 1846 1078 1900 ab
1110 1846 1363 1914 apostolis
1408 1857 1703 1915 gestarum,
1741 1847 1879 1898 hanc
1915 1859 2100 1898 susce-

1102 449 1162 510 S.
1199 449 1571 508 A'I'IIANASII
1607 448 1756 506 ΟΡΡ.
1790 444 1969 502 PARS
2006 444 2047 499 l.
2085 475 2154 484 —
2191 439 2561 499 HISTORICA
2601 437 2688 493 ET
2720 432 3135 494 DOGMATICA.

3667 429 3767 486 532

2211 562 2557 634 Ἐκκλησίαις
2598 556 2974 631 μνημονεύσῃς
3005 555 3118 627 (75)
3165 554 3262 608 καὶ
3302 553 3446 624 ὑπὲρ
3485 551 3660 624 ἡμῶν.
3695 553 3765 606 Ού

2197 655 2306 728 γὰρ
2335 656 2399 710 σὺ
2435 655 2594 725 μόνος
2622 655 2688 706 ἐκ
2715 650 2960 724 μοναχῶν
2987 649 3348 719 κατεστάθης,
3367 646 3488 700 οὐδὲ
3515 647 3581 698 σὺ
3615 643 3767 714 μόνος

2198 745 2466 816 προέστης
2493 743 2870 816 μοναστηρίου,
2902 741 2938 811 ἢ
2967 739 3125 811 μόνος
3150 739 3258 794 ὑπὸ
3286 737 3533 810 μοναχῶν
3556 737 3768 807 ἠγαπή-

2199 839 2298 910 θης
2316 854 2331 869 ·
2363 839 2478 892 ἀλλ’
2499 834 2666 902 οἶδας,
2704 839 2784 891 ὅτι
2812 836 2907 889 καὶ
2934 833 3214 908 Σεραπίων
3238 832 3349 903 (76)
3381 831 3612 902 μοναχός
3635 833 3765 894 ἐστι,

2198 933 2292 984 καὶ
2319 931 2490 984 τόσων
2543 929 2790 1002 μοναχῶν
2827 928 3065 998 προέστη
3088 944 3102 956 ·
3131 927 3234 979 ούκ
3268 923 3424 977 ἔλαθέ
3466 941 3550 988 σε,
3591 922 3767 975 πόσων

2201 1022 2446 1094 μοναχῶν
2491 1023 2670 1094 πατὴρ
2711 1021 2931 1090 γέγονεν
2985 1017 3282 1081 Ἀπολλώς.
3326 1013 3485 1080 Οἶδας
3535 1014 3767 1084 Ἀγάθω-

2198 1131 2264 1166 να
2309 1114 2444 1184 (77),
2497 1115 2590 1168 καὶ
2627 1114 2727 1166 οὐκ
2766 1113 2976 1181 ἀγνοεῖς
3039 1112 3367 1183 ’Δρίστωνα·
3413 1107 3767 1179 μνημονεύεις

2212 1205 2540 1275 Ἀμμωνίου,
2584 1203 2676 1256 τοῦ
2718 1202 2852 1272 μετά
2901 1201 3251 1272 Σαραπίωνος
3285 1199 3762 1269 ἀποδημήσαντοςο

2201 1297 2328 1360 ἴσως
2374 1297 2426 1348 δὲ
2464 1297 2701 1366 ἤκουσας
2741 1295 2830 1347 καὶ
2870 1295 2996 1363 περ).
3035 1293 3274 1346 Μουῖτου
3301 1292 3412 1361 (78)
3461 1292 3519 1342 ἐν
3553 1293 3620 1360 τῇ
3661 1290 3766 1342 ἀνω

2199 1385 2441 1455 Θηϐαΐδι,
2487 1386 2578 1437 καὶ
2623 1384 2845 1437 δύνασαι
2895 1381 3082 1452 μαθεῖν
3126 1381 3255 1451 περ).
3309 1379 3522 1432 Παύλου
3577 1378 3670 1431 τοῦ
3711 1381 3764 1432 ἐν

2197 1473 2272 1543 τῷ
2307 1474 2466 1543 Λατῷ
2497 1473 2627 1544 (79),
2677 1474 2769 1525 καὶ
2814 1472 2943 1542 περὶ
2980 1472 3148 1524 ἄλλων
3193 1470 3425 1523 πολλῶν.
3469 1471 3581 1522 Καὶ
3624 1471 3764 1540 ὅμως

2197 1559 2358 1629 οῦτοι,
2398 1563 2842 1626 κατασταθέντες,
2873 1563 2971 1615 οὐκ
2991 1564 3394 1634 ἀντειρήκασιν,
3422 1560 3538 1614 ἀλλ’
3563 1560 3765 1630 ἔχοντες

2197 1658 2361 1711 τύπον
2401 1659 2491 1711 τὸν
2543 1658 2859 1722 Ἐλισσαῖον,
2895 1658 2987 1710 καὶ
3017 1657 3216 1718 εἰδότες
3260 1655 3324 1708 τὰ
3365 1655 3508 1708 κατά
3564 1654 3761 1721 Ἠλίαν,

2201 1750 2459 1820 μαθόντες
2488 1768 2543 1803 τε
2575 1751 2640 1804 τὰ
2685 1750 2823 1803 κατά
2853 1751 2976 1813 τοὺς
3015 1749 3260 1820 μαθητὰς
3298 1750 3391 1801 καὶ
3417 1747 3760 1811 ἀποστόλους,

2195 1842 2546 1896 ἀντελάὅοντο
2571 1844 2668 1913 τῆς
2703 1842 2994 1912 φροντίδος,
3023 1842 3114 1893 καὶ
3140 1841 3202 1894 ού
3235 1839 3651 1911 κατεφρόνησαν
3671 1841 3762 1910 τῆς

541 1952 672 2005 pere
716 1953 923 2001 curam,
976 1953 1073 1992 nec
1125 1937 1477 1990 ministerium
1512 1936 1779 2004 aspernati
1827 1946 1979 1999 sunt,
2011 1936 2093 1989 vel

2198 1933 2552 2004 λειτουργίας,
2579 1935 2669 1986 καὶ
2689 1932 2809 1986 οὔτε
2829 1933 3042 2004 χείρους
3074 1933 3277 1986 ἑαυτῶν
3300 1933 3612 2001 γεγόνασιν,
3638 1933 3763 1986 ἀλλά

547 2038 833 2097 propterea
873 2028 1063 2095 seipsis
1091 2028 1387 2081 deteriores
1425 2026 1548 2080 facti
1588 2035 1742 2090 sunt;
1790 2026 1882 2079 sed
1921 2026 2095 2094 potius

2202 2027 2294 2078 καὶ
2342 2027 2538 2096 μᾶλλον
2576 2025 2666 2081 τοῦ
2718 2025 2962 2096 καμάτου
3026 2024 3114 2078 τὸν
3168 2025 3356 2095 μισθὸν
3398 2025 3762 2096 προσδοκῶσι,

541 2132 664 2171 cum
716 2118 916 2174 laboris
961 2119 1263 2174 mercedem
1310 2127 1644 2188 exSpectent,
1678 2116 1778 2187 ipsi
1814 2117 1865 2170 in
1908 2117 2095 2170 melius

2202 2118 2599 2188 προκόπτοντες
2629 2118 2722 2170 καὶ
2766 2117 3091 2188 προκόπτειν
3133 2117 3324 2180 ἀλλους
3369 2115 3762 2180 νουθετοῦντες.

545 2211 853 2278 proﬁciunt,
905 2213 1029 2265 dum
1085 2211 1222 2266 alios
1273 2211 1338 2264 ad
1391 2210 1685 2278 profectum
1725 2211 2094 2264 cohortantur.

2202 2211 2403 2274 Πόσους
2443 2210 2548 2263 ἀπὸ
2589 2212 2697 2264 τῶν
2739 2209 2968 2264 εἰδώλων
3001 2209 3372 2280 ἐπέστρεψαν;
3416 2211 3626 2274 Πόσους
3666 2213 3764 2264 ἀπὸ

542 2301 684 2366 Quot
713 2304 782 2356 illi
815 2313 1150 2373 quantosque
1180 2305 1246 2357 ab
1276 2303 1534 2356 idolorum
1558 2304 1706 2357 cultu
1741 2302 2095 2358 revocarunt?

2198 2297 2300 2366 τῆς
2327 2297 2706 2368 δαιμονιὼδους
2749 2299 3031 2369 συνηθείας
3072 2298 3316 2352 ἔπαυσαν
3365 2301 3763 2367 νουθετοῦντες;

545 2393 687 2460 Quot
714 2410 742 2447 a
775 2395 1103 2449 dzentoniaca
1133 2396 1521 2450 cansuetudiue
1551 2395 1766 2450 monitis
1795 2394 1906 2449 suis
1939 2407 2095 2447 aver-

2201 2389 2406 2452 Πόσους
2453 2391 2798 2461 παρέστησαν
2839 2389 2916 2461 τῷ
2953 2391 3142 2462 Κυρίῳ
3187 2390 3436 2457 δούλους,
3487 2390 3630 2444 ὥστε
3680 2394 3763 2444 καὶ

543 2486 766 2539 terunt?
805 2485 948 2552 Quot
973 2486 1198 2540 Domino
1227 2489 1496 2540 adduxere
1526 2501 1733 2550 servos,
1767 2485 1902 2540 adeo
1926 2493 1983 2538 ut
2005 2484 2095 2552 qui

2202 2483 2330 2544 τοὺς
2358 2481 2598 2552 ὁρῶντας
2624 2481 2692 2534 τὰ
2734 2485 2931 2552 σημεῖα
2967 2482 3136 2536 ταῦτα
3171 2483 3472 2552 βλέποντας
3496 2483 3609 2552 (80)
3646 2484 3762 2536 θαυ-

540 2576 641 2630 ista
666 2576 819 2647 signa
853 2577 1089 2640 videant,
1117 2576 1474 2632 admiratione
1518 2576 1659 2645 capti
1713 2576 1864 2632 sint?
1904 2576 2095 2631 Annon

2203 2571 2426 2643 μάζεινς
2451 2575 2522 2626 Ἣ
2549 2575 2666 2644 οὐχ).
2707 2573 2847 2645 μέγα
2874 2576 3096 2644 σημεῖον
3120 2575 3288 2646 κόρην
3312 2575 3540 2645 ποιῆσαι
3574 2575 3756 2645 mp0:-

539 2667 735 2738 ingens
764 2667 995 2738 signum,
1023 2668 1257 2738 puellam
1281 2670 1347 2721 ad
1380 2668 1755 2736 virginitatem,
1788 2667 2095 2722 adolescen-

2199 2663 2394 2729 νεύειν,
2414 2665 2507 2717 καὶ
2520 2664 2780 2737 νεώτερον
2800 2666 3248 2737 ὲγκρατεύεσθαι,
3265 2669 3359 2720 καὶ
3379 2667 3762 2738 εἰδωλολάτρην

542 2764 648 2809 tem
685 2756 752 2811 ad
783 2757 1189 2823 continentiam,
1223 2756 1558 2813 idololatram
1587 2757 1653 2812 ad
1680 2757 1880 2814 Christi
1908 2759 2095 2830 cogni-

2199 2755 2490 2824 ἐπιγνῶναι
2517 2757 2607 2810 τὸν
2633 2757 2862 2829 Χριστόν
2884 2757 3025 2830 (81);

541 2847 738 2900 tionem
775 2847 1079 2904 deducere?

609 2935 664 2992 8.
725 2936 802 2992 Ne
857 2940 951 2994 tibi
1007 2940 1166 3011 igitur
1220 2940 1462 2996 monachi
1527 2941 1907 3012 impedimento
1963 2943 2094 3008 sint,

2268 2941 2320 2996 8.
2351 2943 2442 3014 Μὴ
2471 2941 2645 2996 τοίνυν
2680 2943 3032 2998 κωλυέτωσάν
3063 2961 3121 2998 σε
3149 2946 3392 3016 μοναχοὶ,
3423 2946 3501 3010 ὡς
3528 2946 3684 3016 μόνον
3705 2947 3762 2998 ἐκ

538 3030 693 3100 quasi
739 3044 868 3085 vero
921 3032 1069 3086 solus
1119 3047 1185 3088 ex
1239 3032 1518 3089 monachis
1559 3033 1826 3089 ordineris
1867 3054 1880 3088 :
1924 3050 2095 3104 neque

2203 3035 2448 3104 μοναχῶν
2483 3035 2910 3102 κατασταθέντα,
2963 3037 3098 3108 μηδὲ
3145 3040 3209 3092 σὺ
3259 3038 3602 3109 προφασίζου
3637 3038 3760 3110 (8‘2),

539 3121 656 3189 ipse
693 3125 1089 3180 excusationem
1141 3123 1335 3180 ail‘eras
1360 3167 1374 3191 ,
1423 3128 1564 3195 quod
1597 3127 1722 3181 hinc
1751 3127 1826 3181 sis
1861 3127 2094 3180 deterior

2198 3123 2272 3186 ὡς
2299 3125 2491 3197 χείρων
2526 3127 2749 3180 σεαυτοῦ
2791 3128 3076 3198 ἐσόμενος·
3114 3128 3334 3183 δύνασαι
3364 3129 3476 3200 γὰρ
3513 3130 3607 3183 καὶ
3650 3130 3760 3181 καλ⁸

538 3226 803 3268 evasurus
833 3233 847 3269 :
878 3225 1028 3285 potes
1054 3219 1196 3271 enim
1225 3217 1386 3271 etiam
1415 3217 1606 3272 melior
1634 3219 1770 3285 ﬁeri,
1802 3219 1845 3273 si
1871 3219 2090 3274 Paulum

2198 3216 2322 3268 λίων
2360 3217 2607 3285 γενέσθαι
2653 3219 2984 3290 μιμούμενος
3029 3220 3119 3274 τὸν
3167 3220 3398 3286 Παῦλον,
3447 3222 3628 3292 ζηλῶν
3659 3223 3758 3292 (85)

377 5031 382 5040 .
492 4984 501 5044 ἶ
610 5013 700 5080 (75

539 3303 791 3368 imiteris,
832 3315 887 3359 et
916 3305 1235 3360 Sanctorum
1266 3307 1517 3362 :emulere
1548 3317 1718 3377 gesta.
1759 3307 1907 3364 Nosti
1946 3313 2087 3365 enim

2198 3307 2296 3360 τῶν
2323 3309 2490 3376 ἁγίων
2531 3311 2627 3374 τὰς
2670 3312 2916 3382 πράξεις.
2960 3307 3118 3376 Οἶδας
3157 3313 3285 3386 γὰρ,
3321 3316 3403 3367 ὅτι
3433 3317 3483 3368 οἱ
3518 3315 3756 3376 τοιοῦτοι,

539 3389 702 3458 filios,
763 3391 853 3447 ubi
921 3395 1320 3465 dispensatores
1386 3398 1759 3468 mysteriorum
1824 3401 2096 3455 constituti

544 3483 712 3550 fuere,
746 3485 973 3541 rectiore
1010 3488 1095 3540 via
1135 3487 1200 3541 ad
1241 3503 1488 3555 superine
1530 3491 1824 3545 vocationis
1854 3491 2096 3546 bravium

541 3577 901 3633 contendisse.
952 3579 1307 3648 Quandonatn
1343 3581 1541 3635 Paulus
1569 3583 1881 3652 martyrium
1914 3586 2092 3649 subiit,

539 3677 598 3724 et
625 3684 879 3725 coronam
915 3687 973 3727 se
1021 3655 1367 3742 accepturum
1416 3678 1786 3743 exspectavit,
1833 3677 1936 3730 ni.~i
1975 3693 2096 3732 cum

539 3759 732 3816 fuisset
770 3765 836 3816 ad
908 3765 1470 3831 docendumimissus?
1510 3768 1853 3833 Quandonam
1912 3768 2098 3824 Petrus

540 3851 818 3908 confessus
841 3866 956 3920 est,
980 3857 1082 3909 nisi
1113 3871 1234 3910 cum
1271 3857 1610 3927 Evangelium
1643 3861 1993 3927 praedicaret,
2036 3876 2098 3915 ac

541 3943 629 3995 ubi
664 3945 897 4012 piscator
949 3947 1221 4001 hominum
1254 3947 1427 4002 factus
1450 3949 1568 4003 est?
1613 3950 1753 4003 Elias
1773 3953 1985 4019 quando
2007 3968 2097 4008 as-

542 4043 784 4100 sumptus
799 4037 1015 4099 est,nisi
1033 4053 1153 4092 cum
1171 4040 1469 4093 universam
1494 4041 1822 4108 prophetiam
1838 4057 1988 4104 suam
2005 4046 2099 4098 ad-

541 4122 860 4190 implesset?
880 4128 979 4197 21
993 4130 1034 4197 ι
1058 4131 1404 4196 Quandonam
1423 4131 1645 4186 Elisaaus
1661 4132 1712 4186 in
1735 4135 1924 4201 spiritu
1943 4135 2098 4206 dupla

543 4213 792 4279 obtinuit,
844 4219 946 4273 nisi
999 4231 1306 4290 postquam,
1359 4222 1609 4277 omnibus
1659 4223 1876 4290 relictis,
1925 4225 2096 4280 Eliam

541 4317 760 4360 secutus
787 4311 909 4368 est?
952 4311 1061 4366 Cur
1089 4313 1377 4383 discipulos
1416 4315 1572 4385 elegit
1597 4313 1864 4384 Salvator,
1899 4318 2001 4372 nisi
2041 4327 2098 4373 ut

543 4393 664 4464 illos
691 4397 967 4453 mitteret?

607 4507 662 4564 9.
704 4512 1058 4582 Quapropter,
1088 4531 1207 4570 cum
1251 4517 1380 4573 tales
1423 4518 1515 4574 tibi
1549 4521 1645 4574 viri
1692 4521 1746 4576 in
1793 4521 2094 4591 exemplum

2199 3402 2468 3473 οἰκονόμοι
2523 3402 2629 3457 τῶν
2688 3406 2996 3475 μυστηρίων
3050 3407 3518 3472 κατασταθέντες,
3573 3409 3759 3479 μᾶλλον

2199 3496 2336 3548 κατὰ
2365 3497 2561 3550 σκοπὸν
2591 3497 2809 3551 ἐδίωκον
2843 3499 2923 3562 εἰς
2966 3499 3026 3552 τὸ
3060 3499 3308 3570 βραϐεῖον
3340 3503 3442 3572 τῆς
3488 3504 3602 3556 ἄνω
3646 3502 3756 3573 κλή-

2201 3603 2354 3650 σεως.
2390 3589 2524 3641 Πότε
2564 3586 2772 3652 Παῦλος
2819 3589 3185 3662 ἐμαρτύρησε,
3225 3593 3318 3644 καὶ
3361 3593 3453 3646 τὸν
3504 3595 3757 3662 στέφανον

2199 3677 2380 3731 λαϐεῖν
2406 3680 2514 3748 (84)
2566 3681 2975 3752 προσεδόκησεν,
3016 3684 3064 3735 εί
3108 3683 3182 3754 μὴ
3232 3685 3321 3737 ὅτε
3368 3686 3648 3754 ἀπεστάλη
3694 3686 3753 3739 δι-

2197 3769 2440 3833 δάσκειν;
2474 3772 2606 3823 Πότε
2630 3771 2828 3840 Πέτρος
2855 3771 3220 3842 ὡμολόγησεν,
3250 3775 3298 3825 εί
3333 3774 3408 3845 μὴ
3427 3775 3518 3828 ὅτε
3545 3777 3752 3844 εὐηγγε-

2197 3860 2389 3925 λίζετο,
2445 3863 2536 3914 καὶ
2596 3861 2778 3926 ἁλιεὺς
2822 3863 2932 3933 (85)
2985 3862 3284 3934 ἀνθρώπων
3334 3866 3566 3934 γέγονε;
3629 3867 3749 3920 Πότε

2210 3951 2388 4014 Ἠλίας
2411 3951 2704 4022 ἀνελήφθη,
2743 3952 2789 4005 εί
2829 3952 2902 4023 μὴ
2943 3954 3031 4006 ὅτε
3072 3955 3248 4006 πᾶσαν
3292 3953 3390 4026 τὴν
3426 3956 3748 4026 προςητείαν

2198 4043 2508 4114 ἐπλήρωσε;
2540 4043 2673 4096 Πότε
2714 4044 3008 4109 Ἐλισσαῖος
3035 4047 3091 4098 ἐν
3127 4046 3398 4116 πνεύματι
3425 4046 3553 4117 ἔσχε
3579 4047 3744 4110 διπλᾶ,

2197 4136 2245 4186 εί
2288 4136 2362 4205 μὴ
2403 4137 2490 4188 ὅτε
2529 4137 2706 4189 πάντα
2747 4136 3056 4190 καταλιπὼν
3081 4137 3411 4209 ἠκολούθησε
3453 4139 3534 4209 τῷ
3575 4138 3744 4207 Ἡλίᾳ;

2197 4224 2295 4276 Διά
2316 4225 2366 4276 τί
2389 4225 2443 4277 δὲ
2468 4228 2560 4279 καὶ
2583 4224 2856 4291 ἐξελέξατο
2882 4227 3124 4299 μαθητὰς
3149 4229 3177 4280 ὁ
3208 4229 3420 4300 Σωτὴρ,
3465 4232 3514 4282 εί
3558 4229 3630 4300 μὴ
3671 4230 3745 4281 ἴνα

2197 4316 2288 4372 καὶ
2315 4318 2602 4390 ἀποστείλῃ
2619 4335 2634 4384 ;

2194 4521 2236 4567 9
2262 4522 2316 4577 9.
2349 4520 2526 4586 Ὅθεν,
2559 4519 2777 4585 τούτους
2809 4521 2946 4592 ἔχων
2977 4523 3142 4577 τύπον
3174 4523 3306 4595 (86),
3339 4525 3590 4593 ἀγαπητέ
3613 4499 3738 4594 λρας

539 4600 648 4654 sint
671 4604 954 4671 propositi,
981 4606 1172 4661 dilecte
1204 4608 1473 4675 Draconti,
1493 4625 1556 4664 ne
1576 4611 1740 4675 dicas,
1775 4625 1876 4665 neu
1905 4611 2092 4667 credas

2198 4614 2390 4679 κόντιε,
2425 4613 2498 4684 μὴ
2532 4613 2676 4681 λέγε,
2704 4613 2837 4684 μηδὲ
2863 4614 3048 4668 πείθου
3080 4618 3191 4679 τοῖς
3211 4615 3458 4684 λέγουσιν
3486 4615 3738 4688 ἁμαρτίας

538 4692 606 4747 iis
638 4693 729 4763 qui
766 4696 952 4754 dicunt
981 4700 1342 4770 episcopatum
1365 4716 1484 4758 esse
1515 4707 1719 4772 peccati
1747 4719 1988 4769 causam,
2016 4714 2090 4758 at-

537 4799 644 4855 que
689 4787 811 4843 hinc
871 4793 1125 4859 peccandi
1178 4793 1488 4849 occasiones
1540 4796 1785 4864 oboriria
1816 4793 1967 4851 Licet
1999 4797 2091 4852 tihi

705 5015 724 5154 ζ
752 5015 983 5086 Anglic.,
1003 5020 1359 5092 μνημονεύῃς.

754 5085 988 5154 Anglic.,
1018 5091 1325 5154 Σαραπίων.
1357 5138 1359 5143 .

549 5093 552 5096 ’
581 5104 587 5111 ·
610 5083 724 5154 (76)
754 5083 1330 5163 Αηᾲιίο.,’Σαραπίων.
1357 5089 1719 5163 lbid.Anglic.
1745 5101 1799 5149 et
1823 5092 2002 5150 Felck.
2058 5096 2092 5150 5

539 5169 728 5218 anon.,
756 5157 850 5208 καὶ
878 5158 1080 5214 πόσων.

611 5223 1298 5302 (77)-ΑηεΙίοηἋγάθωνα.
1329 5230 1548 5302 Rectius
1576 5249 1734 5302 quam
1754 5234 1840 5288 alii
1874 5235 1963 5302 qui
1992 5235 2089 5288 ha-

538 5297 667 5374 bent
688 5297 944 5374 _’_Aya0dv.
976 5297 1307 5374 Agathonem
1341 5301 1562 5370 legimus
1595 5297 1652 5358 in
1681 5297 2088 5374 subscriptioni-

540 5365 640 5420 hus
665 5364 1460 5439 @gyptiorunfepiscoporum,
1494 5389 1616 5426 cum
1649 5364 2079 5439 Sardiceiisibus,

541 5435 1032 5569 ggiiﬁensibus.
1058 5435 1223 5496 Paulo
1252 5435 1370 5510 post
1417 5441 1597 5497 Felck.
1645 5445 1677 5499 5
1699 5461 1881 5509 anou.,
1917 5435 2084 5515 Σεραὲ

2197 4700 2334 4755 εἶναι
2373 4703 2640 4774 πρόφασιν
2680 4703 2777 4775 τὴν
2808 4705 3127 4778 ἐπισκοπὴν,
3171 4706 3303 4777 μηδὲ
3336 4707 3419 4760 ὅτι
3453 4709 3517 4760 ἐκ
3555 4705 3735 4772 suam;

2196 4794 2414 4867 ἀφορμὴ
2436 4796 2530 4850 τοῦ
2558 4796 2886 4866 ἁμαρτάνειν
2922 4797 3085 4852 ἐστίν.
3126 4798 3339 4866 Ἔξεστι
3377 4799 3486 4871 γὰρ
3516 4800 3603 4853 καὶ
3633 4796 3733 4850 ἐπί.

2235 5023 2566 5084 Ιίο..Λατῶν.

2198 5040 2566 5094 θηρηιιατων.

2268 5095 2378 5166 (80)
2406 5095 2494 5149 Sic
2532 5096 2662 5166 Reg.
2715 5102 2772 5166 et
2819 5092 3146 5166 Basil.iEditi
3174 5109 3300 5150 vero
3345 5094 3502 5156 male,
3528 5093 3723 5165 βλέπον-

2195 5180 2305 5227 τες.
2342 5164 2463 5219 Haec
2493 5181 2592 5219 vox
2617 5164 2955 5234 desideratur
2990 5165 3041 5218 in
3072 5165 3364 5234 Anglicano
3397 5164 3597 5219 codice.

2266 5235 2377 5306 (8i)
2404 5232 2986 5306 Anglic.,'rbvi(dptov,
3015 5245 3067 5287 et
3100 5232 3655 5306 ita'legeratNannius.

2265 5303 2373 5376 (82)
2393 5303 2626 5376 anglic"
2661 5303 2797 5376 μηδὲ
2820 5304 3287 5376 συμπροφασίζου.

2259 5375 2370 5445 (83)
2392 5375 2572 5430 Felrk.
2598 5376 2632 5430 5
2665 5392 2850 5439 anon.,
2884 5375 3064 5445 ζηλοῦ.

2259 5447 2370 5511 (84)
2404 5445 2600 5498 Λαὸεῖν
2623 5446 2771 5500 deest
2798 5445 2850 5500 in
2879 5446 3039 5500 Basil.

2257 5515 2489 5586 (65)_Sic
2515 5518 2643 5586 edit.
2685 5515 3001 5586 Commeliu.
3035 5528 3089 5573 et
3133 5530 3323 5572 omnes
3368 5531 3496 5571 mss.
3532 5516 3584 5571 ln
3611 5512 3713 5568 edi-

615 5576 724 5653 (78)
750 5575 941 5653 Felrk.
960 5580 1174 5653 5_anon.
1195 5581 1360 5653 solus,
1389 5582 1524 5653 περὶ
1558 5586 1740 5637 Κουεί.
1778 5585 1839 5637 Et
1865 5584 1934 5636 ita
1962 5584 2092 5651 legit

2198 5575 2331 5639 Lioite
2351 5575 2561 5649 Ῥούθη
2588 5583 2765 5648 ἀλεύς.

544 5642 782 5725 Ποηηὶιιε
811 5653 898 5725 qui
931 5649 1110 5725 habet,
1132 5655 1200 5725 de
1224 5642 1358 5725 Qua.
1387 5642 1645 5708 Proclivis
1667 5665 1746 5707 est
1771 5642 2092 5707 transmui'a-

545 5720 744 5795 tio-cep
775 5721 895 5795 uin
918 5735 970 5785 κ,
1007 5721 1058 5773 in
1085 5722 1376 5776 codicibus.
1422 5725 1590 5788 Μουϊς
1638 5725 1831 5794 legitur
1878 5725 1930 5775 in
1965 5725 2092 5778 sub-

543 5788 942 5849 scriptionihus.

614 5853 724 5922 (79)
755 5855 906 5924 lieg.,
925 5857 1013 5909 τοῦ
1040 5860 1095 5911 ἐν
1111 5859 1205 5914 τῶ.
1237 5861 1290 5915 In
1316 5863 1493 5928 editis,
1521 5863 1608 5916 τοῦ
1634 5865 1778 5920 deest
1828 5863 1956 5919 Ibid.
1978 5865 2086 5917 An-

2259 5655 2370 5724 (86)
2401 5655 2489 5708 Sic
2515 5657 2644 5710 edit.
2680 5656 2937 5712 Commel.
2990 5665 3040 5710 et
3073 5672 3257 5712 omnes
3303 5675 3432 5712 mss.
3489 5656 3709 5710 Editores

2184 5741 2310 5848 νῖξΐο
2331 5724 2654 5848 Ρδτέξίἷιὶεοε
2679 5739 2954 5797 perperam
2987 5743 3208 5795 posuere
3232 5729 3451 5793 τύπους.
3477 5728 3586 5782 Mox
3614 5728 3706 5778 Au-

2184 5812 2212 5848 α
2240 5811 2328 5848 ιο..
2357 5812 2427 5848 tm
2461 5823 2486 5846 ε
2543 5811 2652 5848 ςγε.

2182 5811 2328 5866 gttc.,
2356 5811 2486 5866 μηοε
2511 5811 2652 5862 Λεγε.
