3954 6512
226 424 319 477 553
1303 423 1637 481 EPISTOLA
1676 426 1768 479 AD
1797 426 2265 483 DRACONTIUM.
3212 454 3221 463 -
3276 428 3379 485 558

223 549 395 588 σκοπόν
425 531 546 585 ὄντα
572 549 629 585 σε
657 538 863 606 πεινᾷν,
904 540 995 592 καὶ
1026 541 1206 611 διψῇν,
1235 541 1308 604 ὼς
1332 545 1361 595 6
1386 543 1621 605 Παῦλοςο
1654 542 1743 595 δύ-
1773 573 1784 600 λ

1844 547 2001 598 etiam
2029 546 2080 597 in
2103 548 2413 613 episcopatu
2444 542 2652 600 esurire
2677 552 2729 598 et
2750 544 2917 611 sitire,
2941 544 3382 614 quemadmodum

219 641 354 679 νασαι
387 623 457 693 μὴ
488 627 624 676 πιεῖν
652 621 817 690 οἶνον,
849 627 923 691 ὡς
954 632 983 681 6
1008 630 1265 701 Τιμόθεος
1285 648 1298 661 ·
1335 634 1427 685 καὶ
1459 632 1736 702 νηστεύειν

1835 636 1943 703 egit
1972 634 2185 688 Paulus.
2206 635 2362 690 Potes
2391 635 2573 688 vinum
2604 649 2708 688 non
2731 635 2933 701 bibere,
2951 646 3008 689 ut
3034 635 3340 690 Timotheus
3364 652 3380 690 :

220 715 299 769 καὶ
322 714 470 777 αὐτὸς
516 716 750 786 συνεχῶς
792 718 922 789 (87),
976 721 1050 785 ὡς
1087 723 1115 775 6
1144 722 1351 787 Παῦλος
1397 724 1565 777 ὲποίει
1589 742 1602 754 ο
1654 725 1738 777 ἴνα

1836 726 2291 795 frequentisssime
2306 724 2575 796 ieiunare,
2594 726 2669 780 uti
2707 725 2910 781 solebat
2932 725 3126 780 Paulus
3147 735 3235 781 :ut
3260 729 3383 781 dum

219 804 321 859 κατ’
346 807 538 858 ἐκεῖνον
583 805 753 869 οὕτως
804 810 1095 880 νηστεύων,
1143 812 1410 885 χορτάζῃς
1452 813 1638 876 ἄλλους
1681 815 1739 867 ὲν

1836 823 1952 888 ejus
1978 819 2220 888 exemplo
2244 818 2476 890 jejunas,
2501 817 2634 873 alios
2671 818 2911 872 doctrina
2943 828 3029 871 tua
3064 818 3260 872 satiare
3298 833 3389 869 va-

216 899 311 960 τοῖς
337 896 522 965 λόγοις,
559 899 653 950 καὶ
684 898 848 967 διψῶν
874 901 930 954 ὲν
967 900 1043 971 τῷ
1072 902 1147 972 μὴ
1182 906 1321 955 πιεῖν
1340 942 1354 966 ,
1398 905 1620 975 ποτίζῃς
1646 904 1741 956 άλ-

1838 912 1949 965 leas
1979 928 1993 964 :
2024 921 2079 966 et
2122 914 2246 967 dum
2285 911 2602 966 abstinendo
2627 926 2657 964 a
2694 921 2818 980 potu
2848 912 2988 965 sitim
3023 910 3241 974 toleras,
3272 909 3390 963 aliis

218 989 322 1051 λους
369 988 645 1042 διδάσκων.
698 991 788 1062 Μὴ
835 987 928 1045 οὖν
982 993 1151 1046 ταῦτα
1197 995 1640 1065 προϐαλλέτωσαν
1691 998 1740 1048 oi

1840 1002 2078 1056 docendo
2114 1014 2295 1069 potum
2338 1000 2598 1069 praebeas.
2623 1001 2700 1055 Ne
2741 1001 2834 1055 tibi
2888 1002 3050 1070 igitur
3098 1000 3218 1054 talia
3253 999 3391 1068 obji-

218 1080 639 1150 συμϐουλεύοντές
691 1100 792 1136 σοι.
845 1083 1077 1155 Οἴδαμεν
1127 1085 1234 1157 γὰρ
1285 1088 1377 1141 καὶ
1420 1089 1745 1149 ἐπισκόπους

1840 1093 1984 1148 ciant
2007 1092 2293 1147 consiliarii
2329 1093 2424 1146 tui.
2452 1090 2709 1147 Novimus
2739 1093 2881 1146 civim
2910 1104 2965 1147 et
2998 1093 3277 1171 episcopos
3302 1088 3392 1158 qui

217 1171 573 1243 νηστεύοντας,
611 1175 705 1226 καὶ
738 1175 1000 1244 μοναχοὺς
1032 1177 1326 1240 ἐσθίοντας.
1373 1179 1603 1248 Οἴδαμεν
1632 1177 1742 1247 (88)

1838 1184 2099 1254 jejunent,
2128 1192 2183 1237 et
2211 1184 2501 1241 monachos
2523 1185 2613 1255 qui
2645 1185 2947 1241 comedant.
2986 1183 3245 1239 Novimus
3284 1180 3399 1250 cpi-

216 1263 295 1317 καὶ
321 1264 642 1327 ἐπισκόπους
673 1266 746 1337 μὴ
791 1267 1040 1330 πίνοντας
1067 1264 1238 1335 οἶνον,
1277 1270 1539 1338 μοναχοὺς
1565 1268 1621 1322 δὲ
1658 1267 1747 1320 πί-

1843 1289 2033 1343 scopos
2064 1274 2154 1341 qui
2184 1272 2308 1327 vino
2331 1274 2655 1341 abStineant,
2693 1283 2749 1328 ut
2782 1284 2833 1329 et
2870 1274 3163 1328 monachos
3184 1272 3276 1340 qui
3310 1272 3399 1326 bi-

215 1371 409 1417 νονταςο
455 1354 672 1425 οἴδαμεν
706 1357 798 1409 καὶ
832 1361 1030 1428 σημεῖα
1073 1359 1356 1422 ποιοῦντας
1400 1361 1744 1423 ἐπισκόπους,

1844 1366 2002 1431 bant;
2032 1366 2314 1434 episcopos
2351 1365 2511 1419 etiam
2546 1368 2787 1421 novimus
2816 1367 2905 1435 qui
2939 1366 3088 1434 signa
3131 1367 3321 1428 edant,
3346 1374 3401 1417 et

218 1445 454 1514 μοναχοὺς
475 1444 531 1496 δὲ
558 1445 632 1515 μὴ
659 1445 961 1509 ποιοῦντας.
993 1448 1181 1499 Πολλοὶ
1206 1448 1260 1500 δὲ
1306 1448 1412 1500 τῶν
1438 1447 1748 1501 ἐπισκόπων

1845 1455 2135 1510 monachos
2162 1454 2252 1523 qui
2288 1455 2341 1509 id
2367 1456 2587 1509 minime
2618 1466 2889 1525 praestent.
2932 1456 3066 1510 Sunt
3093 1470 3306 1525 quoque
3333 1470 3400 1508 ex

215 1532 316 1583 οὐδὲ
344 1533 719 1602 γεγαμήκασι,
756 1536 976 1604 μοναχοὶ
1000 1535 1057 1588 δὲ
1095 1536 1327 1606 πατέρες
1362 1536 1563 1589 τέκνων
1596 1536 1750 1605 γεγό-

1847 1545 2109 1616 episcopis
2148 1546 2294 1600 multi
2355 1548 2446 1615 qui
2493 1562 2761 1614 nunquam
2804 1548 3099 1616 nupserint,
3155 1546 3403 1599 monachi

214 1638 368 1674 νασιν·
412 1621 601 1693 ὥσπερ
642 1625 736 1677 καὶ
770 1625 1097 1689 ἐπισκόπους
1133 1627 1371 1695 πατέρας
1409 1627 1630 1687 τέκνων,
1660 1626 1750 1679 καὶ

1850 1647 2028 1690 autem
2060 1638 2396 1706 reperiuntur
2418 1638 2504 1706 qui
2535 1637 2671 1691 filios
2699 1652 3001 1706 suscepere,
3061 1638 3408 1706 quemadmo-

219 1714 454 1782 μοναχοὺς
477 1712 539 1777 ἑξ
555 1714 846 1785 ὁλοκλήρου
868 1716 1056 1783 γένους
1073 1717 1443 1785 τυγχάνοντας.
1464 1720 1572 1771 Καὶ
1594 1718 1751 1771 πάλιν

1851 1727 1974 1782 dum
1997 1726 2227 1781 vicissim
2259 1728 2533 1795 episcopos
2565 1727 2791 1779 filiorum
2819 1737 3088 1795 parentes,
3114 1727 3407 1780 monachos

215 1802 405 1872 οἴδαμεν
436 1803 544 1873 (89)
579 1804 868 1876 κληρικοὺς
911 1807 1226 1872 πεινῶντας,
1275 1811 1535 1879 μοναχοὺς
1572 1810 1625 1862 δὲ
1664 1824 1754 1881 νη-

1852 1832 1978 1872 vero
2005 1818 2202 1872 nullam
2250 1818 2615 1886 posteritatem
2660 1817 2911 1872 habuisse
2946 1817 3234 1871 cernimus.
3262 1818 3410 1872 Vidi-

217 1894 495 1958 στεύοντας.
534 1897 751 1962 Ἔξεστι
797 1898 905 1969 γάρ
936 1900 1028 1953 καὶ
1063 1898 1262 1965 οὕτως,
1299 1902 1391 1954 καὶ
1438 1901 1656 1960 ἐκείνως
1694 1901 1752 1953 οὐ

1856 1925 1975 1964 mus
2008 1924 2221 1963 rursum
2254 1909 2478 1962 clericos
2513 1909 2605 1978 qui
2637 1908 2831 1963 famem
2868 1908 3177 1974 tolerarent,
3205 1917 3257 1962 et
3292 1923 3408 1961 mo—

217 1984 488 2040 κεκώλυται
534 1985 670 2056 (90).
732 1989 888 2043 Ἀλλά
930 1992 1200 2061 πανταχοῦ
1258 2010 1340 2056 τις
1377 1994 1751 2062 ἀγωνιςέσθω·

1856 2002 2057 2055 nacbos
2092 2001 2180 2069 qui
2204 2000 2531 2069 jejuuarent.
2568 1999 2677 2053 Hoc
2706 2000 2847 2055 enim
2887 1999 3046 2054 modo
3074 1998 3199 2052 licet
3228 2013 3408 2067 agere,

216 2078 292 2129 καὶ
320 2076 422 2148 γάρ
443 2080 472 2131 6
507 2080 771 2147 στέφανος
800 2080 860 2132 οὑ
902 2081 1041 2134 κατά
1072 2081 1267 2147 τόπον,
1309 2082 1443 2137 ἀλλά
1486 2084 1625 2136 κατά
1660 2084 1756 2155 τὴν

1855 2104 1909 2147 et
1945 2092 2049 2145 alio
2097 2090 2223 2145 nihil
2260 2100 2422 2144 vetat.
2475 2091 2579 2144 Sed
2614 2106 2798 2144 omnes
2842 2090 3039 2158 ubique
3080 2091 3354 2143 decertent
3394 2106 3408 2142 :

218 2168 389 2239 πρᾶξιν
415 2170 747 2224 ἀποδίδοται.

1856 2200 2054 2241 corona
2093 2184 2287 2252 quippe
2318 2198 2422 2236 nou
2476 2197 2571 2252 pro
2622 2181 2720 2237 loci
2772 2182 2863 2236 sed
2896 2195 2992 2250 pro
3027 2179 3293 2235 factorum
3327 2194 3413 2233 ra-

1860 2275 2005 2328 tione
2034 2273 2307 2327 tribuitur.

275 2350 349 2405 l0.
364 2353 572 2407 Οὐκοῦν
592 2354 665 2427 μή
683 2354 875 2426 ἀνέχου
891 2358 997 2413 τῶν
1015 2359 1175 2427 ἕτερα
1192 2360 1340 2430 παρά
1352 2358 1521 2413 ταῦτα
1537 2360 1761 2430 συμϐου-

1932 2366 2018 2421 10.
2051 2364 2128 2420 Ne
2153 2365 2342 2419 audias
2377 2365 2562 2433 itaque
2580 2378 2674 2418 eos
2695 2364 2782 2432 qui
2804 2363 2892 2417 his
2912 2363 3133 2416 adversa
3168 2360 3261 2414 tibi
3288 2359 3415 2412 dant

216 2441 468 2509 λευόντων,
500 2445 643 2498 ἀλλά
675 2446 873 2517 μᾶλλον
909 2450 1147 2518 ἐπείγου,
1188 2451 1281 2507 καὶ
1316 2451 1389 2522 μὴ
1431 2451 1588 2521 μέλλε
1607 2470 1618 2481 ·
1659 2454 1761 2522 μά-

1860 2456 2106 2520 consilia,
2133 2456 2240 2509 imo
2286 2454 2464 2522 potius
2516 2463 2745 2517 matura,
2775 2467 2909 2507 neve
2952 2449 3414 2522 comperendines,

216 2536 348 2590 λιστα
376 2538 455 2592 ὅτι
477 2539 577 2593 καὶ
609 2541 641 2608 ἡ
672 2540 801 2608 ἁγία
825 2540 983 2613 ἑορτὴ
1012 2540 1237 2610 ἐγγίζει,
1269 2544 1353 2595 ἵνα
1380 2544 1452 2613 μὴ
1476 2544 1640 2615 χωρὶς
1667 2542 1760 2595 σοῦ

1859 2564 1983 2605 cum
2014 2547 2346 2615 potissimum
2399 2547 2560 2600 instet
2593 2560 2745 2599 sacra
2784 2543 3115 2609 solemnitas,
3155 2557 3223 2596 ne
3258 2540 3309 2594 in
3340 2539 3416 2592 tui

215 2630 255 2680 οί
284 2627 391 2682 λαοὶ
416 2630 737 2701 τὴν’ὲορτὴν
760 2632 1043 2703 ποιήσωσι,
1072 2634 1163 2687 καὶ
1190 2633 1359 2703 μέγαν
1382 2634 1618 2686 κίνδυνον
1647 2634 1765 2686 ἐπι-

1861 2638 2099 2693 absentia
2139 2638 2279 2691 hunc
2318 2635 2511 2692 festum
2551 2636 2689 2690 diem
2732 2634 2908 2704 populi
2949 2631 3420 2694 concelebrent,tu

221 2720 380 2791 σπάσῃ
421 2721 568 2775 κατά
603 2721 820 2774 σαυτοῦ.
866 2723 959 2786 Τίς
995 2725 1101 2794 γάρ
1147 2724 1327 2786 αὐτοῖς
1358 2724 1763 2793 εὐαγγελίσεται

1863 2731 2153 2783 maximum
2187 2743 2316 2782 sane
2349 2730 2424 2781 tui
2470 2727 2662 2797 capitis
2692 2725 3013 2794 periculum.
3048 2723 3180 2790 Quis
3202 2722 3341 2775 enim
3372 2729 3423 2772 te

218 2811 399 2880 (91)“:6
426 2813 625 2882 Πάσχα
673 2812 747 2883 μὴ
797 2814 1061 2883 παρόντος
1117 2830 1240 2878 σου;
1294 2814 1387 2877 Τίς
1437 2814 1620 2877 αὐτοῖς
1667 2814 1764 2884 τὴν

1864 2822 2085 2875 absente
2112 2819 2393 2873 Paschatis
2421 2820 2612 2873 festum
2644 2817 2959 2887 prtedicabit
2987 2817 3009 2869 ?
3038 2816 3168 2882 Quis
3208 2812 3312 2866 illis
3340 2826 3424 2865 re-

217 2903 407 2974 ἡμέραν
460 2903 758 2972 ἀναγγελεῖ
814 2905 910 2975 τῆς
958 2905 1336 2970 ἀναστάσεως,
1396 2906 1765 2980 κρυπτομένου

1865 2911 2214 2969 surrectionis
2230 2911 2367 2964 diem
2401 2919 2453 2964 te
2487 2910 2683 2963 latente
2701 2908 3117 2962 annuntiaturus
3132 2913 3214 2959 est
3237 2904 3261 2956 ’ἒ
3294 2901 3426 2966 Quis

218 3010 325 3057 σονς
383 2994 479 3058 Τίς
528 2994 719 3056 αὐτοῖς
764 2993 1152 3063 συμϐουλεύσει
1196 2994 1418 3058 δεόντως
1471 2995 1765 3065 ἑορτάζειν,

1868 3012 1919 3057 te
1973 3001 2208 3070 fugiente
2262 3000 2571 3053 bortaturus
2613 3007 2669 3051 ut
2710 3012 2947 3066 congrua
2991 2996 3186 3065 pietate
3231 2996 3423 3049 festum

216 3084 485 3155 φεύγοντός
512 3101 646 3149 σου;
680 3086 744 3136 Ὦ
767 3084 923 3137 πόσοι
951 3085 1047 3155 μὲν
1072 3084 1506 3155 ὠφεληθήσονται
1530 3086 1637 3157 (92)
1667 3104 1769 3139 πα-

1868 3100 2028 3161 agant
2052 3092 2074 3144 ’ἶ
2096 3088 2139 3145 Ο
2177 3105 2334 3159 quam
2378 3088 2560 3143 multis
2585 3088 2731 3142 utilis
2763 3089 3022 3142 adventus
3051 3096 3172 3142 tuus
3214 3086 3229 3137 ι
3266 3098 3423 3152 quam

218 3178 566 3248 ραγενομένου
612 3194 735 3240 σου,
789 3178 943 3231 πόσοι
988 3178 1043 3232 δὲ
1081 3178 1434 3249 βλαϐήσονται
1483 3179 1769 3247 φεύγοντός

1874 3183 2055 3237 multis
2102 3183 2259 3235 noxia
2314 3179 2436 3249 fuga
2482 3189 2570 3234 tua
2617 3179 2795 3233 futura
2840 3189 2922 3233 est
2950 3179 2961 3231 !
2992 3177 3188 3245 Ecquis
3228 3185 3277 3229 te
3316 3175 3427 3227 haec

218 3271 329 3323 σουί
361 3271 470 3323 Καὶ
498 3270 591 3332 τίς
617 3270 709 3321 ἐπὶ
747 3270 955 3334 τούτοις
984 3270 1295 3334 ἀποδέξεταί
1328 3287 1416 3337 σε;
1462 3271 1571 3325 Καὶ
1604 3271 1691 3324 διὰ
1716 3271 1768 3323 τί

1871 3284 2114 3346 agentem
2140 3272 2496 3343 approbarit?
2532 3270 2643 3325 Cur
2684 3270 2777 3325 tibi
2822 3278 3065 3323 auctores
3102 3274 3247 3331 sunt,
3278 3274 3333 3318 ut
3363 3281 3429 3317 ne

216 3362 637 3435 συμϐουλεύουσι
666 3380 748 3415 σοι
782 3362 856 3433 μὴ
894 3362 1383 3433 ἀντιλαμϐάνεσθαί
1419 3380 1476 3415 σε
1512 3363 1609 3433 τῆς
1650 3364 1768 3415 ἐπι-

1870 3369 2232 3437 episcopatum
2291 3374 2561 3433 acceptes,
2588 3378 2708 3418 cum
2749 3370 3032 3431 peropteut
3069 3360 3168 3427 ipsi
3212 3357 3428 3426 presby-

216 3455 406 3525 σκοπῆς
427 3496 442 3521 ,
473 3455 638 3508 αὐτοὶ
667 3453 907 3516 θέλοντες
934 3453 1074 3523 ἔχειν
1107 3453 1539 3524 πρεσϐυτέρους;
1574 3454 1633 3505 Ei
1665 3454 1771 3523 γάρ

1873 3467 2013 3510 teros
2053 3456 2248 3509 habere
2277 3455 2300 3508 ?
2330 3454 2387 3509 Si
2409 3454 2548 3507 enim
2582 3451 2750 3505 malus
2789 3467 2867 3516 es,
2901 3464 2966 3503 ne
3006 3458 3175 3501 tecum
3209 3460 3431 3499 versen-

214 3542 396 3609 φαῦλος
424 3544 753 3614 τυγχάνεις,
794 3541 868 3612 μὴ
896 3543 1236 3596 συνέστωσάν
1264 3561 1343 3595 σοι
1368 3560 1383 3575 ο
1420 3545 1467 3595 εί
1502 3544 1557 3596 δὲ
1585 3545 1772 3612 ἐπιτή-

1874 3559 1994 3614 tur;
2030 3547 2109 3602 sin
2150 3555 2199 3601 te
2237 3546 2487 3601 idoneum
2538 3553 2852 3613 agnoscunt,
2881 3556 2944 3595 ne
2978 3539 3099 3593 aliis
3139 3537 3427 3591 invideant.

214 3635 337 3689 δειον
367 3634 509 3690 εἷναί
557 3654 619 3689 σε
662 3636 1109 3704 ἐπιγινώσκουσι,
1145 3637 1217 3706 μὴ
1267 3636 1624 3706 φθονείτωσαν
1664 3640 1771 3700 τοῖς

1872 3640 2005 3695 Nam
2035 3640 2078 3694 si
2104 3654 2169 3693 ex
2198 3638 2408 3692 illorum
2451 3636 2716 3690 sententia
2764 3634 2957 3687 docere
2992 3647 3054 3684 ac
3082 3642 3308 3699 praeesse
3339 3642 3430 3680 oc-

213 3727 375 3793 ἀλλοις
395 3746 408 3759 ·
450 3731 500 3782 εί
532 3729 647 3799 γὰρ
678 3728 739 3779 τὸ
774 3728 1040 3781 διδάσκειν
1068 3730 1159 3781 καὶ
1185 3727 1539 3798 προΐστασθαι
1563 3712 1772 3800 πρόφα-

1874 3734 2019 3787 casio
2072 3730 2327 3800 peccandi
2379 3729 2588 3792 fuerit;
2639 3741 2706 3781 ne
2757 3726 3049 3779 doceantur
3093 3721 3213 3793 ipsi,
3264 3733 3435 3787 neque

216 3821 288 3882 σίς
313 3821 457 3874 ἐστιν
492 3821 773 3891 ἁμαρτίας
808 3820 925 3871 κατ’
958 3818 1215 3881 ἐκείνους,
1248 3818 1320 3888 μὴ
1348 3817 1775 3871 διδασκέσθωσαν

1875 3825 2214 3895 presbyteros
2251 3821 2512 3884 habeant;
2548 3834 2614 3872 ne
2659 3832 2777 3871 cum
2814 3815 2913 3884 ipsi
2964 3824 3071 3868 tum
3124 3827 3304 3867 eorum
3341 3810 3436 3863 do-

214 3914 372 3979 αύτοὶ,
411 3916 555 3986 μηδὲ
594 3913 991 3984 πρεσϐυτέρους
1019 3914 1312 3982 ἐχέτωσαν,
1349 3912 1433 3963 ἵνα
1466 3911 1538 3982 μὴ
1564 3912 1774 3983 χείρους

1932 3928 2053 3969 ores
2101 3912 2397 3967 deteriores
2432 3910 2680 3965 evadant.
2724 3906 2922 3961 Verum
2957 3914 3010 3959 tu
3065 3919 3131 3958 ne
3187 3901 3438 3956 humanis
3486 3968 3489 3971 ἤ

215 4004 406 4058 ἑαυτῶν
444 4006 719 4075 γένωνται
743 4004 892 4056 αὐτοί
917 4022 975 4056 τε
1003 4006 1095 4057 καὶ
1124 4004 1172 4056 οἱ
1203 4004 1539 4065 διδάσκοντες
1558 4001 1773 4079 αὐτούς.

1877 4005 2177 4075 bujusmodi
2217 4004 2397 4058 verbis
2440 4002 2675 4055 animum
2732 3997 3025 4061 adhibeas,
3070 4009 3240 4065 neque
3282 3990 3438 4058 hujus

226 4097 372 4152 Ἀλλά
404 4100 481 4169 μὴ
514 4098 754 4169 πρόσεχε
789 4096 994 4159 τούτοις
1022 4100 1132 4159 τοῖς
1160 4094 1513 4167 ἀνθρωπίνοις
1551 4095 1775 4164 ῥήμασι,

1875 4097 2083 4153 consilii
2118 4095 2429 4149 auctoribus
2452 4108 2635 4146 aurem
2664 4091 2921 4159 praebeas,
2953 4088 3026 4141 uti
3055 4087 3248 4153 sacpius
3278 4084 3382 4137 dixi
3420 4098 3432 4133 :

219 4191 340 4259 μηδὲ
366 4192 571 4261 ἀνέχου
599 4188 704 4242 τῶν
736 4187 907 4241 ταῦτα
936 4187 1404 4260 συμϐουλευόντων
1423 4226 1437 4251 ,
1479 4185 1621 4238 καθά
1649 4184 1776 4236 πολ-

1876 4190 1971 4244 sed
2021 4187 2199 4257 potius
2255 4186 2471 4248 festina,
2509 4183 2575 4237 ad
2622 4182 3009 4248 Domintunque
3037 4188 3334 4239 revertere,
3362 4182 3437 4234 ut,

215 4279 361 4345 λάκις
413 4282 715 4353 προεῖπον⁸
770 4279 964 4333 σπεῦδε
1009 4280 1065 4332 δὲ
1108 4279 1305 4349 μᾶλλον
1351 4277 1443 4329 καλ⁸
1489 4276 1776 4348 ἐπίστρεφε

1879 4282 2003 4335 dum
2032 4282 2209 4334 ovium
2234 4276 2349 4345 ejus
2382 4291 2566 4331 curam
2598 4288 2770 4344 geres,
2806 4273 2972 4326 nostri
3000 4284 3211 4338 quoque
3240 4282 3440 4321 interno-

218 4374 344 4444 πρὸς
384 4374 478 4427 τὸν
527 4373 642 4444 (95)
698 4371 919 4441 Κύριον,
972 4372 1087 4435 ἵνα,
1133 4372 1241 4423 τῶν
1286 4369 1574 4439 προϐάτων
1615 4366 1779 4420 αὐτοῦ

1880 4371 2014 4424 riam
2062 4370 2243 4422 facias.
2280 4367 2389 4421 Hac
2435 4367 2501 4420 de
2543 4380 2706 4420 causa
2745 4365 2968 4418 dilectos
3000 4369 3211 4415 nostros
3254 4357 3440 4411 lliera-

219 4466 537 4534 φροντίζων,
578 4462 954 4534 μνημονεύσῃς
983 4463 1074 4516 καὶ
1101 4462 1275 4533 ἡμῶν.
1307 4460 1503 4513 Τούτου
1535 4460 1589 4512 δὲ
1624 4459 1780 4528 χάριν

1881 4476 1994 4516 cem
2030 4463 2422 4531 presbyterum,
2461 4466 2512 4511 et
2545 4455 2832 4508 Maximum
2875 4453 3125 4506 lectorem
3154 4447 3357 4509 monui,
3384 4452 3442 4497 ut

219 4556 645 4626 προετρεψάμην
675 4553 845 4606 ἐλθεῖν
873 4557 996 4616 τοὺς
1033 4555 1344 4623 ἀγαπητοὺς
1377 4552 1531 4623 ήμῶν
1571 4553 1780 4621 Ἰέρακα

1891 4564 1940 4609 te
1973 4552 2185 4617 adeant,
2216 4550 2302 4619 qui
2344 4559 2395 4603 te
2422 4546 2618 4619 'verbis
2645 4545 2807 4599 etiam
2842 4544 3212 4606 cohortentur,
3245 4545 3302 4592 ut
3329 4536 3442 4590 edi-

216 4648 299 4699 τδν
330 4647 730 4720 πρεσϐύτερον,
771 4645 863 4697 καὶ
894 4646 1140 4715 Μάξιμον
1169 4645 1257 4696 τὸν
1287 4642 1634 4713 ἀναγνώστην
1656 4659 1670 4671 ·
1701 4642 1777 4694 ἵνα

1891 4659 2041 4698 scere
2080 4643 2269 4696 valeas
2309 4655 2415 4710 quo
2466 4641 2578 4694 lucc
2608 4632 2925 4705 scripserim
2948 4633 3143 4689 affectu
3171 4649 3184 4684 :
3217 4639 3271 4685 et
3301 4631 3444 4696 quod

214 4743 300 4793 καὶ
340 4743 431 4795 διὰ
471 4741 656 4807 λόγων
701 4754 759 4789 σε
795 4736 1228 4808 προτρέψωνται,
1262 4736 1355 4787 καὶ
1398 4734 1586 4804 μαθεῖν
1625 4733 1775 4803 δυνη-

1891 4735 1959 4788 sit
2004 4734 2129 4788 illud
2165 4731 2457 4803 periculum
2516 4728 2892 4785 ecclesiastica:
2928 4726 3192 4782 obsistere
3228 4720 3446 4777 ordina-

216 4830 309 4903 Οῇς
353 4834 419 4884 ἐκ
479 4832 676 4883 τούτου
732 4829 830 4898 τήν
871 4845 931 4879 τε
974 4828 1209 4880 διάθεσιν
1260 4829 1325 4897 ἢν
1374 4825 1509 4897 ἔχων
1556 4823 1786 4892 ἔγραψα,
1893 4826 2044 4881 tioni.

216 4923 306 4975 καὶ
328 4923 422 4976 τὸν
450 4924 521 4976 ὲκ
547 4919 644 4973 τοῦ
678 4918 974 4988 ἀντιλέγειν
1006 4922 1072 4991 τῇ
1109 4918 1528 4989 ὲκκλησιαστικῇ
1556 4913 1789 4980 διατάξει

219 5012 486 5069 κίνδυνον.

287 5215 402 5284 (87)
436 5214 679 5285 Anglic,
700 5213 933 5285 συχνῶς.
1061 5283 1086 5285 Α
1272 5282 1300 5285 __
1443 5282 1466 5285 Α
1646 5280 1673 5285 _

849 5213 933 5285 ῶς.
1061 5283 1086 5285 μ
1272 5282 1300 5285 __
1443 5282 1466 5285 Α
1646 5280 1673 5285 _
1894 5201 2050 5285 οὗτος
2062 5209 2410 5285 ⁸καλ-ἐκεῖνος.

421 5266 571 5356 Fidi:
587 5266 1034 5356 Ροῇεηλείδᾶμεν.
1048 5282 1384 5356 Commelin.,
1398 5282 1624 5356 cidousv.
1645 5280 1796 5356 negt,

1968 5266 2079 5351 (οὒ)
2131 5281 2221 5335 Sic
2258 5266 2389 5350 negl
2432 5276 2574 5333 Editi
2608 5292 2735 5334 vero
2789 5274 3061 5337 mendose,
3115 5269 3212 5323 οὐκ
3254 5266 3454 5320 ἐκώλυ-

225 5352 440 5426 ῖδομεν.
461 5352 662 5426 Felck;
677 5354 710 5406 5
732 5352 928 5426 anou._,
950 5353 1192 5426 οἴδαμεν.
1220 5352 1360 5426 Mox_
1373 5353 1505 5426 edit.
1536 5353 1786 5426 (_Jommel.

461 5352 710 5426 [θείοις.μῦ
732 5352 928 5426 anon._,
950 5353 1192 5426 οἴδαμεν.
1220 5352 1360 5426 Mox_
1373 5353 1505 5426 edit.
1536 5353 1796 5426 gommel.
1896 5370 2005 5426 ται.

222 5405 845 5493 éi'iisr'iéglzsapsv.“
877 5405 1034 5495 9163.,
1068 5405 1289 5493 ίδομεν.
1322 5421 1501 5476 Felck.
1546 5421 1579 5474 '5
1609 5437 1783 5487 anon.1

1899 5405 1926 5495 _7
1968 5405 2079 5495 (91)
2111 5422 2277 5495 Reg.,
2298 5418 2743 5495 εὐαγγελίσηται...
2777 5413 3010 5495 Anglic?
3030 5405 3451 5495 εύαγγελίςεταξ.

219 5478 532 5566 omam”.
1284 5562 1294 5566 ῃ
1440 5561 1557 5566 λ-
1683 5558 1726 5566 “-

1898 5478 2074 5566 Pa‘ulo'
2093 5478 2217 5566 pos;
2244 5478 2378 5561 Reg.
2400 5478 2561 5545 Basil.
2589 5478 2824 5557 Anglic,
2848 5478 3255 5551 συμϐουλεύσει.
3290 5478 3451 5539 Editi,

291 5558 408 5634 (89)
447 5565 610 5631 εἴθε..
641 5563 840 5632 ἴδομεν.
878 5563 1014 5634 Edit.
1062 5562 1317 5634 Commcl.
1356 5558 1794 5634 οιΑΡιιῐίεηεῖδα-

1684 5558 1794 5634 ίδα-
1898 5558 2275 5634 συμϐουλεύει.
2332 5558 2382 5634 ’μ
2447 5628 2497 5634 Η
2825 5621 2837 5634 1
2916 5618 2977 5634 η,
3081 5615 3119 5634 Μ
3197 5617 3245 5634 κ,

224 5615 657 5708 95972165161:
672 5615 836 5688 deest
859 5615 913 5687 in
942 5615 1128 5687 Felcli:
1158 5632 1192 5686 5
1218 5615 1376 5686 anon.
1408 5631 1536 5712 Ibid.
1558 5615 1791 5712 Anglic,
1868 5692 1871 5693 ν
1911 5615 1919 5617 ⁷
1946 5615 2079 5704 (98)
2114 5615 2710 5700 Αιιςιίίοηώφρήσονται,
2735 5621 2891 5676 male.
2916 5618 3050 5674 Ilinc
3078 5615 3315 5671 Nannius
3336 5630 3464 5671 ver—

224 5708 453 5759 οἶδαμεν
507 5704 605 5757 καὶ
655 5704 916 5759 μοναγοὺς
970 5702 1342 5759 νηστεύοντας.
1389 5701 1521 5756 Ibid.
1563 5701 1799 5755 Nannius
1901 5704 1969 5759 tit.
1994 5703 2339 5759 apparebunt.

221 5716 453 5759 οἴδαμεν
507 5716 605 5757 και
655 5720 916 5759 μοναγους
970 5716 1342 5759 νηστεύοντας.
1389 5716 1521 5756 lDlO.
1563 5716 1782 5754 Halllllm

777 5721 916 5759 l‘lOUC
970 5716 1342 5759 νηστεύοντας.
1389 5716 1521 5756 IDIO.
1563 5716 1799 5755 malimus
1901 5716 1969 5759 ιιι
1994 5716 2338 5759 αυυανευαηι.

227 5718 453 5776 οιδαμεν
507 5718 605 5757 και
654 5720 916 5773 μοναχους
970 5720 1342 5773 νηστεύοντας.
1389 5718 1521 5756 ιῡια.
1563 5718 1788 5755 malimus

227 5778 460 5841 legerat,
492 5772 788 5843 κληρικοὺς
810 5772 1079 5836 πίνοντας,
1118 5772 1205 5843 qui
1233 5772 1429 5843 vertit,
1457 5771 1669 5843 clericos
1716 5770 1788 5823 bi-

1613 5718 1799 5755 Blllllus
1901 5718 1969 5759 ιιι
1994 5718 2339 5770 apparebunt.

1613 5788 1669 5824 os
1716 5770 1795 5823 bi-
1981 5773 2090 5843 (93)
2114 5770 2169 5827 In
2199 5769 2331 5838 Reg.
2359 5774 2412 5823 et
2443 5765 2622 5822 Felck.
2649 5764 2685 5818 3
2704 5778 2862 5818 anon.
2895 5760 2984 5812 τόν
3010 5760 3174 5815 deest.

228 5840 385 5902 bim.
405 5843 533 5901 Mox
562 5840 665 5915 γάρ
690 5843 909 5901 decstiu
941 5844 1146 5913 Anglic.
1178 5841 1310 5898 Ibid.
1341 5840 1521 5898 Felck.
1553 5843 1587 5900 5
1607 5856 1793 5908 anou.,
