3954 6518
532 429 611 486 53l

604 429 636 487 5
1054 430 1110 486 S.
1150 433 1520 491 ATIIANASII
1558 433 1707 490 OPP.
1747 432 1927 488 PARS
1961 434 2001 488 l.
2041 464 2111 474 —
2151 433 2521 491 HISTORICA
2553 434 2641 489 ET
2679 433 3095 493 DOGMATICA.
3634 431 3735 485 5356

921 746 1610 841 ADMONITIO
1668 750 1789 840 IN
1847 748 2522 842 EPISTOLAM
2592 751 3334 843 ENCYCLICAM

1848 960 1964 1002 SEU
2006 960 2405 1005 CIRCULABEM

1051 1103 1159 1161 AD
1201 1102 1622 1165 EPISCOPOS
1659 1104 1973 1165 EGYPTI
2018 1103 2119 1163 ET
2167 1102 2428 1163 LIBYIE
2472 1102 2790 1165 CONTRA
2833 1103 3205 1165 ARIANOS.

589 1417 751 1487 212
779 1416 817 1471 Ι.
859 1415 989 1472 Ηωσ
1022 1419 1238 1487 epistola
1270 1422 1324 1473 in
1356 1420 1549 1489 aliquot
1591 1419 1785 1475 Grazcis
1825 1424 2191 1492 manuscriptis
2227 1424 2523 1488 codicibus,
2555 1432 2613 1478 ut
2655 1426 2712 1479 in
2751 1425 2903 1479 editis
2945 1423 3167 1489 Latinis,
3198 1423 3512 1478 inscribitur
3547 1422 3733 1478 Oratio

515 1515 685 1583 prima
719 1523 904 1569 contra
933 1515 1168 1570 Arianos
1199 1532 1213 1569 :
1243 1517 1331 1570 sed
1356 1534 1643 1587 perperam,
1670 1529 1723 1571 ut
1737 1519 1852 1587 jam
1886 1520 2051 1573 doctis
2081 1520 2317 1574 omnibus
2343 1530 2418 1575 est
2443 1537 2770 1589 persuasum.
2803 1519 2934 1575 Hazc
2966 1522 3101 1575 enim
3136 1520 3387 1574 distincta
3419 1518 3629 1587 penitus
3656 1528 3728 1571 est

514 1630 546 1665 α
582 1622 806 1683 quatuor
848 1610 1190 1668 Orationibus
1233 1622 1417 1668 contra
1472 1614 1731 1677 Arianos,
1767 1614 1993 1685 nihilque
2014 1632 2125 1669 eam
2166 1616 2295 1669 inter
2323 1625 2370 1668 et
2401 1614 2520 1669 illas
2554 1625 2626 1670 est
2664 1617 3141 1682 connexionis;sed
3185 1626 3231 1669 et
3254 1619 3364 1671 haec
3390 1615 3615 1685 epistola
3642 1630 3733 1681 per

512 1720 567 1759 se
594 1714 667 1760 est
708 1706 915 1760 omnino
946 1706 1205 1770 absoluta,
1233 1716 1277 1760 et
1311 1717 1534 1777 quatuor
1562 1708 1667 1761 illa:
1693 1706 1972 1763 Orationes
2004 1710 2078 1761 ita
2108 1708 2206 1761 sibi
2233 1708 2507 1771 cohaerent,
2543 1718 2597 1761 ut
2628 1724 2719 1763 nec
2748 1710 2918 1777 prima
2953 1710 3111 1763 aliam
3141 1710 3332 1763 indicet
3365 1706 3729 1777 prtepositam,

512 1798 601 1852 sed
638 1798 753 1851 novi
783 1799 850 1851 sit
900 1799 1071 1867 aperis
1118 1799 1347 1862 initium,
1380 1808 1427 1851 et
1457 1811 1642 1869 quarta
1665 1801 1919 1853 duntaxat
1951 1800 2107 1852 trium
2130 1799 2354 1853 aliarum
2378 1800 2443 1853 sit
2486 1800 2608 1869 ﬁnis
2632 1817 2693 1854 ac
2724 1800 3009 1856 conclusio.
3040 1800 3231 1856 Verum
3266 1801 3437 1871 fusius
3462 1803 3563 1853 hac
3587 1800 3649 1852 de
3677 1815 3731 1853 re

511 1892 794 1943 disseretur
817 1890 869 1945 in
897 1890 1279 1945 Admonitione
1304 1891 1359 1942 in
1398 1892 1605 1944 easdem
1636 1902 1863 1958 quatuor
1894 1887 2199 1944 Orationes.

582 1980 643 2034 ll.
678 1981 756 2035 De
791 1990 1014 2049 tempore
1054 1998 1155 2052 qug
1194 1985 1305 2035 Iitzc
1356 1982 1550 2049 scripta
1584 1990 1660 2035 est
1689 1980 1929 2051 epistola,
1966 1980 2140 2034 nullus
2188 1979 2341 2049 plane
2368 1989 2445 2036 est
2478 1982 2771 2053 ambigendi
2809 1982 2974 2038 locus.
3013 1983 3156 2037 Nam
3191 1991 3388 2037 certum
3432 1992 3511 2037 est
3541 1999 3608 2036 ex
3631 2000 3726 2035 nu-

509 2094 647 2130 mero
679 2078 709 2129 7
743 2078 957 2131 missam
988 2077 1168 2146 fuisse,
1201 2092 1317 2130 cum
1343 2076 1571 2146 jamjam
1614 2078 1667 2130 in
1707 2075 1879 2130 sedem
1927 2075 2344 2130 Alexandrinam
2396 2075 2739 2131 intrudendus
2776 2087 2903 2132 esset
2950 2074 3199 2147 Georgius
3243 2076 3556 2146 Cappadox,
3595 2076 3727 2146 quod

506 2169 719 2239 contigit
768 2187 905 2224 anno
946 2170 1071 2236 556,
1120 2182 1346 2240 tempore
1400 2167 1845 2239 Quadragesimte,
1872 2184 1933 2220 ac
1963 2168 2181 2237 proinde
2209 2178 2327 2221 ante
2348 2168 2483 2221 diem
2507 2168 2537 2219 7
2570 2169 2785 2236 Aprilis,
2810 2169 2866 2222 in
2897 2186 3045 2240 quem
3088 2171 3222 2223 diem
3246 2186 3305 2223 eo
3347 2185 3488 2222 anno
3520 2168 3727 2222 Pascha

505 2268 783 2321 insidebat.
813 2265 1029 2320 Constat
1061 2267 1181 2320 item
1224 2267 1571 2335 conscriptam
1610 2264 1771 2332 fuisse
1808 2274 1920 2331 post
1956 2264 2090 2316 diem
2124 2262 2157 2317 9
2186 2264 2372 2317 mensis
2407 2260 2714 2325 Februarii.
2753 2273 3027 2334 postquam
3073 2279 3247 2331 nempe
3278 2262 3336 2316 S.
3376 2262 3725 2323 Athanasius,

506 2360 734 2429 Sgriano
774 2362 825 2414 in
872 2360 1141 2415 ecclesiam
1191 2359 1252 2417 S.
1290 2360 1514 2415 Theona:
1558 2360 1814 2412 hostiliter
1849 2358 2097 2421 irruente,
2139 2358 2456 2411 Arianorum
2495 2375 2680 2412 manus
2722 2368 2875 2429 atque
2921 2358 3143 2412 insidias
3189 2358 3442 2411 divinitus
3474 2358 3727 2427 (πείρασι

503 2464 879 2521 secesseratque
926 2454 1281 2518 Alexandria,
1323 2469 1385 2505 ac
1445 2468 1560 2505 cum
1603 2451 1721 2520 jam
1774 2451 1829 2503 in
1905 2450 2092 2505 alienis
2160 2451 2577 2521 peregrinaretur
2633 2451 2956 2521 regionibus,
3013 2462 3069 2504 ut
3125 2451 3231 2518 ipse
3276 2452 3458 2505 scribit
3512 2466 3658 2503 num.
3694 2450 3725 2503 5

502 2554 551 2598 et
599 2546 690 2599 20.

573 2637 657 2692 ιιι.
705 2636 813 2692 Nec
840 2655 957 2692 vero
1006 2640 1309 2707 ignoramus
1338 2639 1625 2693 Baronium
1657 2638 1724 2691 ad
1756 2654 1950 2690 annum
1985 2634 2179 2691 Christi
2201 2637 2326 2701 506,
2349 2654 2491 2691 num.
2520 2637 2591 2691 44
2614 2653 2679 2691 ex
2703 2637 2799 2690 hac
2834 2637 3053 2706 epistola
3103 2637 3331 2691 schisma
3382 2635 3724 2690 Meletianum

500 2732 569 2783 ad
598 2749 793 2784 annum
818 2732 919 2785 306
952 2711 1207 2798 revocare,
1228 2734 1495 2801 ipsamque
1525 2749 1662 2785 anno
1685 2731 1782 2785 561
1810 2730 2054 2799 scriptam
2086 2747 2194 2784 esse
2219 2730 2526 2785 concludere
2565 2746 2629 2784 ex
2655 2732 2733 2784 his
2760 2729 2819 2785 S.
2855 2731 3132 2784 Athanasii
3170 2729 3332 2783 verbis
3359 2727 3596 2782 σεωτιῆ
3624 2744 3637 2779 :
3663 2726 3724 2780 Oi

502 2822 599 2892 μὲν
622 2822 973 2893 (Μελετιανοὶ)
1015 2824 1120 2895 πρὸ
1156 2826 1487 2894 πεντήκοντα
1511 2824 1604 2876 καὶ
1646 2823 1805 2876 πέντε
1856 2822 1991 2875 ἐτῶν
2048 2823 2391 2893 σχισματικοὶ
2422 2825 2706 2891 γεγόνασιν
2734 2839 2747 2854 ο
2770 2823 2819 2875 οἱ
2856 2822 2912 2875 δὲ
2937 2822 3251 2894 (Ἀρειανοὶ)
3287 2819 3393 2891 πρὸ
3435 2820 3726 2890 τριάκοντα

500 2912 591 2964 καὶ
614 2912 671 2978 ἒξ
707 2913 841 2966 ἐτῶν
874 2913 1267 2985 ἀπεδείχθησαν
1299 2915 1580 2984 αἱρετικοὶ,
1610 2913 1703 2966 καὶ
1729 2914 1826 2984 τῆς
1861 2913 2182 2984 Ἐκκλησίας
2208 2912 2590 2985 ἀπεϐλήθησαν
2622 2915 2685 2967 ὲκ
2734 2912 2963 2985 κρίσεως
3001 2912 3181 2985 πάσης
3212 2912 3310 2982 τῆς
3342 2909 3728 2981 οἱκουμενικῆς

498 3006 737 3059 συνόδου.
770 3007 835 3061 Id
858 3017 971 3062 est:
1012 2990 1278 3063 Melet'iani
1319 2990 1443 3064 ante
1481 3010 1717 3078 quinque
1744 3018 1799 3063 et
1832 3009 2213 3080 quinquaginta
2243 3024 2415 3063 annos
2446 3008 2572 3065 lacti
2608 3016 2733 3064 sunt
2756 3008 3084 3064 schismatici
3118 3023 3131 3059 :
3163 3016 3217 3062 et
3252 3006 3439 3060 Ariani
3478 3016 3605 3059 ante
3634 3020 3725 3059 sex

495 3100 548 3148 et
578 3098 794 3166 triginta
832 3092 1003 3155 annos
1046 3100 1280 3156 lueretici
1328 3110 1454 3155 sunt
1504 3100 1799 3165 declarati,
1830 3101 2098 3169 iidemque
2140 3100 2207 3154 ab
2244 3099 2480 3154 Ecclesia
2525 3100 2687 3155 totius
2728 3098 2993 3171 generalis
3034 3098 3222 3169 synodi
3265 3096 3495 3165 judicio,
3538 3095 3721 3164 rejecti

494 3201 638 3247 sunt.
670 3194 734 3246 At
757 3210 873 3248 cum
904 3195 1013 3263 ipse
1046 3194 1308 3250 Baronius
1339 3211 1403 3250 ex
1422 3194 1821 3250 Testilicatione
1848 3195 2023 3263 populi
2048 3194 2416 3257 Alexandrini,
2436 3211 2552 3265 qua:
2576 3196 2743 3264 pridie
2766 3194 2897 3249 ldus
2928 3195 3118 3248 mensis
3142 3191 3427 3247 Februarii
3457 3200 3577 3258 post
3603 3208 3724 3245 con-

492 3290 721 3343 sulatum
770 3290 1118 3343 Arbtethionis
1166 3297 1215 3343 et
1260 3288 1507 3355 Lolliani,
1551 3288 1645 3342 hoc
1676 3298 1748 3342 est
1787 3295 1904 3357 post
1947 3303 2141 3340 annum
2196 3286 2319 3346 555.
2356 3288 2497 3339 edita
2527 3295 2632 3351 est,
2672 3296 2805 3340 recte
2839 3286 3051 3356 colligat
3088 3284 3366 3355 Georgium
3438 3301 3581 3339 anno
3623 3285 3724 3341 356

493 3383 749 3433 intrusum
776 3380 938 3449 fuisse
958 3397 976 3434 :
1000 3397 1215 3450 cumque
1237 3396 1299 3434 ex
1333 3396 1547 3433 numero
1573 3381 1627 3445 7,
1654 3390 1707 3432 ut
1724 3379 1839 3448 jam
1872 3377 2125 3443 diximus,
2151 3378 2623 3446 exploratissimum
2646 3378 2713 3431 sit
2744 3379 2986 3445 scriptam
3020 3377 3180 3446 fuisse
3204 3377 3397 3431 hancce
3429 3377 3721 3446 epistolam

493 3490 609 3526 cum
644 3474 871 3527 nondum
907 3476 1077 3529 sedem
1103 3474 1435 3529 Alexandria:
1462 3473 1712 3543 Georgius
1750 3481 2042 3540 occuparet,
2069 3473 2158 3527 sed
2191 3488 2310 3525 cum
2348 3473 2487 3527 brevi
2518 3473 2573 3527 in
2600 3488 2714 3528 eam
2743 3481 2873 3527 esset
2905 3471 3199 3536 invasurus,
3235 3470 3509 3541 fatendum
3552 3486 3722 3525 neces-

492 3569 637 3622 sario
665 3580 739 3623 est
772 3570 917 3623 illam
950 3570 1045 3624 hoc
1069 3573 1179 3640 ipso
1201 3585 1338 3623 anno
1364 3569 1467 3623 356
1492 3586 1600 3624 esse
1622 3570 1978 3638 compositam.

564 3659 651 3715 IV.
695 3660 817 3717 Non
859 3664 1075 3717 dubium
1101 3676 1272 3717 autem
1307 3649 1693 3734 quin.errandi
1735 3679 1897 3715 causa
1934 3660 2167 3716 Baronio
2206 3662 2364 3732 fuerit
2397 3662 2507 3716 hazc
2552 3660 2755 3716 Nannii
2788 3660 2952 3716 versio
2985 3676 3006 3716 :
3048 3659 3129 3715 llli
3171 3659 3494 3733 (Meletiani)
3529 3659 3720 3715 abhinc

492 3766 618 3812 ante
644 3758 1150 3828 quinquagesimum
1181 3760 1426 3828 quintum
1463 3774 1660 3811 annum
1701 3757 2032 3812 scliismatici
2076 3758 2201 3813 facti
2236 3769 2391 3812 sunt:
2427 3757 2512 3812 isti
2551 3755 2778 3827 (Ariani)
2814 3770 2941 3811 vero
2980 3764 3105 3810 ante
3145 3754 3481 3825 trigesimum
3510 3764 3717 3810 sextum

492 3832 688 3901 annum
719 3849 955 3903 haeretici
988 3848 1265 3915 declarati,
1296 3860 1348 3904 et
1376 3851 1443 3904 ab
1476 3850 1711 3904 Ecclesia
1739 3850 1991 3915 submoti,
2028 3850 2187 3919 idque
2224 3850 2425 3919 judicio
2463 3849 2651 3921 synodi
2686 3848 3024 3903 universalis.
3055 3845 3140 3903 Ex
3168 3851 3249 3903 his
3291 3850 3428 3902 enim
3461 3849 3717 3903 concludit

492 3939 751 3993 Βίαν·οηὶαι
781 3940 997 4007 triginta
1029 3955 1122 3992 sex
1145 3939 1308 4007 fuisse
1343 3956 1507 3993 annos
1532 3957 1566 3992 a
1596 3940 1817 3993 concilio
1860 3938 2103 4005 Nicteno,
2132 3958 2249 3994 cum
2288 3942 2387 3994 ista
2417 3942 2660 3995 scriberet
2696 3940 3014 3994 Athanasius
3035 3980 3049 4005 ,
3078 3956 3139 3994 ac
3173 3941 3393 4008 proinde
3441 3942 3579 3993 hanc
3616 3940 3717 4007 epi-

492 4036 678 4089 stolam
709 4052 818 4090 esse
850 4036 975 4089 anni
1024 4034 1149 4091 361.
1193 4035 1383 4089 Verum
1418 4038 1552 4089 hunc
1588 4037 1758 4089 locum
1796 4053 1894 4107 par
1918 4047 1992 4091 est
2020 4039 2096 4090 ita
2128 4037 2460 4107 distinguere,
2490 4046 2545 4090 ut
2586 4037 2813 4101 verbum,
2850 4036 3263 4106 ἀπεδείχθησαν,
3291 4046 3419 4089 sunt
3445 4035 3714 4099 declarati,

490 4130 559 4181 ad
588 4129 945 4182 Alexandrum
984 4129 1392 4184 Alexandrinum
1440 4129 1721 4198 referatur,
1782 4131 1872 4201 qui
1923 4133 2170 4187 nimirum
2216 4133 2267 4186 in
2312 4134 2509 4202 synodo
2543 4132 2904 4185 Alexandrina
2944 4132 3127 4184 Arium
3178 4130 3486 4184 hwreticum
3523 4132 3714 4199 primus

490 4221 1021 4287 declaravit;cwtera
1069 4231 1239 4275 autem
1268 4237 1380 4292 qua:
1419 4230 1707 4291 sequuntur
1746 4223 1983 4277 Nicwnte
2020 4224 2378 4278 attribuantur
2423 4223 2642 4294 synodo.
2680 4221 2769 4278 Sic
2809 4239 2988 4293 nempe
3024 4239 3167 4276 num.
3219 4221 3283 4276 12
3317 4232 3366 4275 et
3435 4222 3503 4276 l5
3562 4220 3713 4274 Arius

491 4316 835 4382 blaspliemias
863 4317 1131 4387 proferens
1172 4318 1363 4370 dicitur
1405 4317 1684 4372 hwreticus
1718 4317 2018 4373 declaratus
2051 4355 2052 4364 η

2149 4336 2159 4371 2
2189 4319 2251 4371 ab
2288 4319 2584 4373 Alexandro
2604 4360 2617 4385 ,
2649 4319 2920 4392 αἱρετικὸς
2956 4318 3269 4389 ἀπεδείχθη.
3302 4318 3563 4373 Oratione
3600 4320 3710 4371 item

488 4407 656 4473 prima
708 4419 888 4462 contra
938 4408 1163 4463 Arianos
1210 4426 1353 4463 num.
1389 4409 1662 4464 5sanctus
1685 4411 1880 4480 praesul
1928 4412 2167 4477 testatur,
2200 4423 2471 4481 postquam
2516 4413 2580 4465 ab
2620 4410 2920 4467 Alexandro
2968 4411 3249 4465 damnatus
3294 4410 3454 4464 Arius
3486 4420 3585 4475 est,
3608 4409 3711 4478 ejus

488 4498 713 4553 ssseclas
745 4517 848 4553 non
874 4502 1098 4569 amplius
1128 4500 1449 4555 Christianos
1486 4502 1649 4571 fuisse
1683 4503 1998 4573 appellatos,
2029 4503 2117 4556 sed
2147 4504 2395 4557 Arianos.

561 4590 624 4647 V.
666 4591 838 4647 Porro
862 4595 957 4647 hoc
987 4604 1063 4647 est
1086 4595 1317 4663 epistola:
1354 4609 1738 4664 argumentum.
1768 4596 1825 4651 S.
1859 4598 2179 4650 Athanasius
2206 4598 2469 4667 episcopos
2497 4597 2572 4653 1E
2576 4600 2717 4669 gypti
2740 4607 2785 4653 et
2823 4597 2993 4669 Libyae
3022 4601 3343 4654 vehementer
3379 4597 3634 4661 obsecrat,
3660 4602 3711 4647 ut

487 4681 803 4735 Arianorum
839 4685 1110 4738 conatibus
1134 4692 1183 4738 et
1212 4684 1491 4753 fraudibus
1530 4687 1852 4740 validissime
1882 4689 2209 4756 animoseque
2236 4688 2515 4753 obsistant,
2554 4690 2839 4757 prtesertim
2876 4705 2993 4743 cum
3036 4691 3261 4743 audierit
3303 4688 3509 4757 aliquos
3529 4704 3592 4741 ex
3614 4688 3709 4740 illis

486 4773 642 4825 simul
667 4776 984 4841 convenisse,
1020 4786 1073 4828 ut
1104 4778 1168 4829 de
1194 4777 1295 4845 ﬁde
1328 4778 1627 4843 scriberent,
1656 4795 1715 4831 eo
1747 4779 1920 4832 animo
1955 4789 2008 4831 ut
2033 4779 2102 4831 ad
2143 4780 2279 4849 ipsos
2323 4780 2580 4834 mitterent
2613 4781 2836 4845 litteras,
2864 4781 3047 4851 quibus
3076 4780 3122 4834 si
3167 4780 3349 4834 vellent
3372 4780 3703 4841 subscribere,

486 4864 653 4914 securi
679 4863 962 4949 degerent;
1000 4868 1082 4947 sin
1118 4868 1367 4920 auderent
1413 4868 1802 4931 contradicere,
1830 4870 2161 4925 mitterentur
2199 4873 2255 4925 in
2291 4872 2553 4926 exsilium.
2588 4873 2908 4927 Arianorum
2956 4873 3072 4926 item
3111 4871 3240 4925 mire
3274 4872 3509 4940 exagitat
3540 4871 3706 4923 incan-

484 4954 752 5020 stantiam,
782 4959 871 5025 qui
908 4958 1103 5013 scilicet
1149 4959 1367 5028 singulis
1408 4962 1559 5014 annis
1610 4963 1980 5017 conveniebant
2011 4974 2065 5017 ut
2100 4966 2164 5019 de
2210 4966 2314 5034 fide
2355 4966 2723 5032 decernerent,
2752 4967 2948 5038 ipsique
2985 4965 3326 5020 nihilominus
3351 4983 3414 5019 ea
3456 4966 3704 5020 rescinde-

487 5051 611 5099 bant
639 5063 756 5115 qua:
784 5058 935 5102 antea
966 5049 1297 5117 deﬁnierant.
1344 5049 1521 5105 Variis
1546 5068 1750 5121 quoque
1793 5056 2114 5122 argumentis
2145 5056 2462 5126 impietatem
2501 5060 2797 5112 earumdem
2828 5074 3026 5113 necnon
3059 5057 3488 5119 Meletianorum.
3511 5058 3703 5111 dolum~

483 5153 582 5207 que
609 5152 673 5190 ac
702 5139 803 5192 vim
837 5140 1017 5208 retegit
1045 5157 1106 5193 ac
1133 5142 1355 5210 repellit.
1390 5140 1568 5197 Monet
1603 5144 1814 5213 insuper
1839 5147 2125 5200 cavendum
2158 5149 2388 5202 maxime
2414 5164 2527 5204 esse
2564 5150 2629 5203 ab
2658 5148 2868 5204 illorum
2907 5149 3135 5217 scriptis,
3160 5165 3279 5219 qua:
3321 5150 3520 5203 idcirco
3550 5148 3699 5203 verbis

487 5230 778 5297 Scriptura:
797 5229 1031 5284 solebant
1071 5246 1346 5300 exornare,
1378 5249 1478 5303 quo
1520 5233 1730 5302 facilius
1762 5236 2005 5291 incautos
2033 5236 2350 5307 deciperent.
2395 5240 2567 5295 Paulo
2601 5252 2722 5296 ante
2750 5242 2929 5311 ﬁnem,
2952 5249 3169 5294 mortem
3216 5242 3330 5296 Arii
3357 5250 3570 5295 enarrat
3590 5256 3610 5295 .'
3644 5253 3700 5291 ac

485 5334 747 5391 postremo
779 5328 970 5381 ardore
994 5343 1109 5382 vere
1135 5326 1420 5396 apostolico
1450 5327 1572 5382 illos
1595 5330 1859 5397 episcopos
1896 5332 1965 5386 ad
1989 5332 2234 5387 invictam
2264 5336 2429 5389 animi
2447 5336 2807 5405 fortitudinem
2847 5337 3107 5405 hortatur,
3128 5346 3178 5393 et
3201 5338 3274 5393 ad
3304 5336 3509 5408 quidvis
3539 5338 3698 5408 potius

489 5427 792 5474 constanter
832 5421 1187 5488 tolerandum,
1212 5436 1368 5491 quam
1404 5430 1458 5474 ut
1490 5437 1523 5476 a
1559 5420 1781 5479 Nicwna
1813 5424 1917 5493 ﬁde
1947 5436 1997 5481 et
2024 5428 2237 5482 veritate
2266 5430 2639 5502 propugnanda
2667 5431 2938 5488 desistant.

2050 5673 2117 5696 κ
