3954 6514
560 412 671 470 53')

1123 409 1180 463 S.
1222 407 1589 464 ATilANASII
1629 405 1776 463 OPP.
1800 392 2000 463 PARS
2040 410 2085 464 It
2124 438 2189 445 —
2230 404 2597 462 HISTORICA
2634 406 2720 461 ET
2764 406 3181 463 DOGMATICA.

3694 415 3797 461 5M;

566 530 720 584 tiavit
752 545 766 581 :
806 525 1093 595 Exsurgent
1136 526 1591 593 pseudopropheltu
1624 534 1669 575 et
1720 527 2122 590 pseudoc/trisli,

2243 525 2521 593 προφῆται
2557 524 2651 575 καὶ
2686 524 3127 590 ψειινδίῖγριστοι,
3166 522 3263 573 καὶ
3288 520 3556 573 δώσουσι
3584 521 3803 589 σημεῖα

565 632 614 674 et
638 620 835 674 dabunt
865 619 1015 687 signa
1044 614 1233 686 magna
1260 627 1307 670 et
1338 618 1594 685 prodigia,
1623 618 1695 668 ita
1722 628 1773 668 ut
1810 618 1864 670 in
1891 635 2120 672 errorem

563 710 904 775 inducantur,
937 710 982 764 si
1012 710 1125 777 ﬁeri
1158 712 1340 778 possit,
1371 712 1528 762 etiam
1550 710 1697 763 electi
1728 723 1746 759 :
1768 725 1882 764 ecce
1905 709 2127 778 prwdixi
2148 760 2170 786 .

564 804 705 858 vobis
729 803 795 857 ⁸⁸.
826 802 985 856 Multa
1032 817 1160 855 sane
1201 817 1265 855 ac
1306 816 1462 869 supra
1513 802 1783 855 hominem
1829 815 1955 856 sunt
1984 818 2124 871 prae-

564 905 719 963 cepta
753 903 810 949 et
845 893 1103 949 beneﬁcia
1147 907 1265 960 quae
1298 892 1371 944 illi
1410 891 1461 943 in
1506 892 1659 945 nobis
1687 894 1891 959 placuit
1933 910 2123 948 recon-

566 990 727 1050 dere;
761 1002 822 1041 ea
857 986 1064 1041 scilicet
1094 994 1220 1038 sunt
1248 984 1485 1038 crelestis
1516 985 1635 1037 vitae
1667 985 1859 1048 forma,
1892 994 2126 1055 potestas

565 1079 828 1132 adversus
860 1076 1153 1139 daemones,
1189 1074 1425 1142 adoptio,
1458 1086 1511 1127 et
1541 1076 1685 1143 quod
1730 1090 1890 1130 omne
1924 1076 2125 1130 beneﬁ-

565 1173 709 1226 cium
753 1177 970 1238 superat
1019 1166 1455 1235 prmipuumque
1493 1179 1597 1230 est,
1642 1167 1823 1223 Patris
1855 1177 1907 1221 et
1960 1170 2125 1238 ipsius

564 1261 727 1316 Verbi
769 1260 1037 1331 cognitio,
1071 1269 1233 1328 atque
1276 1258 1512 1326 Spiritus
1545 1261 1717 1313 sancti
1766 1260 1984 1314 donum.
2026 1258 2127 1313 Ve-

564 1370 685 1409 rum
721 1355 959 1407 humana
993 1367 1145 1407 mens
1174 1352 1241 1404 ad
1282 1351 1477 1404 malum
1513 1351 1667 1405 valde
1707 1351 1959 1419 proclivis
1994 1360 2076 1404 est
2110 1365 2125 1403 :

565 1446 912 1503 adversarius
932 1458 1145 1515 quoque
1169 1450 1353 1497 noster
1371 1442 1612 1496 diabolus
1637 1452 1782 1494 tanta
1810 1441 1960 1494 nobis
1990 1442 2128 1493 bona

567 1540 813 1594 invidens
857 1537 1050 1592 circuit
1076 1546 1131 1589 et
1164 1534 1349 1604 vigilat
1372 1534 1439 1596 “7,
1474 1545 1531 1585 ιιι
1562 1546 1683 1600 qua:
1719 1532 1769 1584 in
1805 1531 1959 1584 nobis
1986 1531 2131 1584 exsi—

567 1641 716 1687 stunt
747 1629 895 1684 verbi
926 1628 1133 1683 semina
1163 1627 1389 1680 auferat.
1419 1623 1554 1677 Hinc
1580 1638 1709 1690 ergo
1748 1622 2002 1676 Dominus
2032 1637 2129 1676 sua

568 1728 853 1792 praecepta,
877 1717 1039 1773 veluti
1067 1716 1342 1785 proprium
1373 1716 1705 1775 thesaurum,
1735 1715 1787 1766 in
1815 1715 1968 1767 nobis
1998 1728 2131 1781 prae-

570 1813 805 1867 dictione
830 1809 1121 1879 obsignans
1162 1809 1238 1861 ait.
1265 1825 1278 1859 :
1318 1805 1501 1859 Videte
1540 1822 1601 1858 ne
1628 1807 1743 1873 quis
1779 1821 1867 1858 vos
1896 1806 2128 1857 seducat.

2221 616 2452 687 μεγάλα
2485 616 2582 667 καὶ
2620 615 2852 683 τέρατα,
2887 614 3039 681 ὦστβ
3072 612 3418 667 πλανᾶσθαι
3448 613 3582 683 (98),
3621 616 3672 665 εί
3711 612 3805 666 δυ-

2224 707 2427 774 νατὸν,
2455 708 2550 760 καὶ
2582 708 2722 773 τοὺς
2741 708 3061 771 ἐκλεκτούς
3080 723 3091 735 ·
3141 706 3273 758 ἰδοὺ
3297 706 3623 773 προείρηκα
3644 703 3802 773 ὑμῖν.

2227 800 2306 852 Τὰ
2341 801 2438 871 μὲν
2479 799 2587 870 γὰρ
2626 802 2683 852 ὲν
2730 801 2861 869 ἡμῖν
2897 798 3226 852 ἀποτεθέντα
3262 798 3565 868 μαθήματά
3606 816 3666 851 τε
3697 798 3805 869 (99)

2227 893 2321 945 καὶ
2357 885 2667 962 χαρίσματα
2708 892 2837 962 παρ’
2866 890 3029 943 αὐτοῦ
3069 890 3241 944 πολλά
3282 892 3376 945 καὶ
3415 892 3559 962 ὑπὲρ
3595 890 3805 960 ἀνθρω-

2179 1034 2192 1057 .
2227 986 2327 1038 πόν
2365 986 2510 1037 ἐστιν
2529 1003 2542 1015 ·
2580 984 2830 1055 οὐρανίου
2855 984 2959 1056 γὰρ
2995 983 3271 1048 πολιτείας
3293 984 3460 1048 τύπος
3480 1024 3495 1047 ,
3526 984 3625 1037 καὶ
3648 983 3808 1036 δύνα-

2231 1095 2321 1147 μις
2352 1076 2494 1131 κατὰ
2529 1077 2819 1147 δαιμόνων,
2867 1076 3165 1147 υίοποίησίς
3207 1094 3268 1129 τε
3318 1076 3394 1146 (1)
3446 1077 3544 1131 καὶ
3573 1077 3638 1129 τὸ
3669 1076 3808 1146 ὑπὲρ

2229 1171 2336 1222 πᾶν
2360 1169 2602 1240 χάρισμα
2634 1172 2726 1222 καὶ
2756 1168 3030 1238 ἐξαίρετον
3048 1209 3062 1231 ,
3089 1170 3122 1239 ἡ
3150 1170 3280 1240 περὶ
3312 1168 3405 1222 τοῦ
3430 1168 3649 1240 Πατρδς
3672 1168 3808 1237 γνῶ-

2230 1274 2312 1320 σις
2335 1258 2427 1310 καὶ
2454 1256 2616 1309 αὑτοῦ
2638 1256 2730 1310 τοῦ
2748 1258 2940 1325 Λόγου,
2973 1260 3065 1311 καὶ
3091 1259 3269 1330 δωρεὰ
3285 1258 3606 1329 Πνεύματος
3627 1258 3806 1326 ἁγίου.

2240 1350 2304 1402 Ἡ
2335 1350 2392 1402 δὲ
2431 1349 2537 1402 τῶν
2578 1349 2880 1420 ἀνθρώπιον
2922 1350 3125 1404 διάνοια
3161 1352 3435 1421 ἐπιμελῶς
3479 1353 3576 1403 ἐπὶ
3614 1351 3682 1403 τὰ
3715 1369 3809 1405 πο-

2232 1441 2374 1513 νηρά
2402 1442 2643 1509 ἔγκειται
2678 1442 2753 1512 (9)
2776 1460 2789 1472 ’
2828 1446 2921 1496 καὶ
2958 1443 3061 1513 μὴν
3083 1445 3112 1495 ό
3146 1445 3415 1507 ἀντίδικος
3444 1444 3603 1515 ἡμῶν
3632 1444 3808 1497 διάϐο-

2229 1531 2339 1596 λος,
2368 1532 2574 1601 φθονῶν
2606 1533 2695 1585 ἐπὶ
2723 1536 2835 1595 τοῖς
2857 1533 3125 1597 τοσούτοις
3158 1535 3291 1603 ἡμῖν
3334 1535 3563 1603 ἀγαθοῖς
3584 1534 3809 1604 γενομέ-

2231 1638 2360 1685 νοις,
2407 1623 2750 1693 περιέρχεται
2789 1625 2965 1694 ζητῶν
3008 1627 3249 1694 ἁρπάσαι
3297 1627 3366 1679 τὰ
3418 1628 3501 1689 είς
3533 1626 3684 1695 ἡμᾶς
3715 1625 3809 1678 τοῦ

2233 1713 2746 1786 Λόγου’σπὲρματα.
2789 1718 2887 1768 Διὰ
2919 1716 3072 1769 τοῦτο
3102 1718 3253 1785 γοῦν,
3308 1717 3498 1789 ὥσπερ
3543 1718 3651 1771 ἴδια
3694 1735 3809 1770 κειο

2238 1802 2403 1873 μήλια
2463 1805 2531 1857 τὰ
2582 1805 2882 1877 μαθήματα
2927 1808 3239 1877 σφραγίζων
3280 1813 3337 1861 ἐν
3394 1812 3528 1880 ἡμῖν
3580 1809 3670 1862 διὰ
3712 1810 3812 1881 τῆς

570 1901 730 1955 Multi
768 1903 905 1955 enim
951 1900 1151 1954 venient
1196 1901 1253 1952 in
1292 1899 1498 1951 nomine
1545 1913 1679 1962 meo,
1717 1898 1978 1950 dicentes:
2024 1898 2133 1965 Ego

2243 1897 2588 1967 προρρήσεως
2615 1938 2629 1961 ,
2684 1898 2866 1966 ἔλεγεν
2911 1901 2939 1951 ό
2979 1900 3206 1971 Κύριος·
3258 1900 3524 1955 Βλέπετε
3572 1902 3659 1971 μή
3720 1920 3810 1967 τις

567 2010 683 2047 sum
716 2011 733 2047 :
765 2005 810 2045 et
846 2003 1042 2062 tempus
1074 1990 1520 2059 appropinquavit.
1551 1989 1731 2043 Nolite
1764 2005 1882 2057 ergo
1915 1990 1988 2040 ire
2017 1998 2129 2055 post

569 2102 657 2139 eos
682 2085 748 2138 ⁸⁸.
777 2083 1025 2154 Magnum
1055 2097 1185 2137 sane
1203 2081 1401 2151 aliquid
1426 2082 1579 2135 nobis
1602 2081 1855 2149 praestitit
1876 2079 2128 2142 Verbum,

566 2186 627 2229 ut
654 2175 862 2229 scilicet
894 2189 958 2227 ex
999 2174 1114 2242 ipsa
1149 2188 1329 2227 rerum
1365 2172 1545 2242 specie
1581 2188 1683 2226 non
1718 2172 2128 2241 decipcrcmur;

568 2269 663 2322 sed
700 2268 912 2338 potius,
946 2268 1070 2322 licet
1100 2267 1215 2321 haec
1256 2277 1443 2334 aperta
1475 2266 1585 2319 sint
1613 2276 1668 2320 et
1691 2266 1926 2327 obtecta,
1959 2262 2151 2331 Spiri-‘

572 2370 660 2413 tus
709 2360 882 2427 gratia
932 2372 1214 2426 possemus
1246 2356 1577 2412 discernere.
1614 2357 1749 2422 Quia
1798 2356 1941 2410 enim
1989 2366 2133 2410 totus

569 2465 666 2518 per
698 2466 756 2504 se
782 2451 905 2503 odio
937 2450 1130 2517 dignus
1162 2459 1246 2502 est
1274 2450 1494 2503 malitia:
1531 2448 1781 2503 inventor
1814 2458 1870 2502 et
1910 2463 2133 2517 magnus

572 2544 779 2597 daemon
812 2542 1078 2605 diabolus,
1106 2541 1396 2609 statimque
1420 2555 1484 2594 ac
1507 2544 1838 2611 apparuerit,
1866 2544 1933 2597 ab
1958 2543 2136 2597 omni-

570 2631 997 2699 busrepcllitur.
1028 2639 1085 2683 ut
1111 2645 1355 2700 serpens,
1387 2640 1448 2686 ut
1475 2632 1661 2698 draco,
1687 2644 1744 2687 ut
1782 2634 1864 2688 leo
1892 2649 2135 2704 quaerens

572 2735 709 2787 quos
741 2721 914 2787 rapiat
942 2731 997 2775 et
1034 2726 1257 2776 devoret
1290 2739 1303 2775 :
1340 2721 1542 2778 idcirco
1573 2724 1717 2793 quod
1767 2725 1880 2793 ipse
1919 2727 2133 2794 quidem

573 2820 659 2864 est
704 2811 845 2864 celat
876 2820 932 2865 et
975 2812 1242 2877 occultat;
1285 2822 1339 2866 at
1370 2829 1589 2879 nomen,
1636 2817 1777 2885 quod
1811 2832 2000 2870 omnes
2037 2817 2135 2870 ha-

574 2898 704 2953 bent
739 2900 1023 2967 desiderio,
1059 2902 1223 2975 214
1267 2912 1441 2960 astute
1486 2922 1592 2975 prae
1627 2922 1686 2962 se
1735 2907 1864 2972 fert,
1907 2918 1966 2963 ut
2010 2926 2135 2965 cum

576 2991 822 3046 homines
867 2991 998 3048 falsa
1046 2996 1227 3063 specie
1273 2996 1547 3059 deluserit,
1580 2999 1690 3069 jam
1723 3000 1981 3070 deceptos
2009 3018 2136 3072 pro-

576 3082 713 3152 priis
749 3085 1012 3155 astringat
1052 3087 1304 3141 vinculis.
1345 3087 1550 3158 Nempe
1589 3092 2043 3159 quemadmodum
2093 3096 2137 3148 si

577 3176 702 3243 quis
748 3175 954 3231 alienos
988 3176 1186 3233 liberos
1229 3179 1281 3233 in
1322 3180 1688 3248 captivitatem
1738 3186 2011 3240 attrahere
2044 3202 2137 3240 cu-

2237 1987 2388 2054 ὑμᾶς
2421 1988 2728 2056 πλανήσῃ.
2781 1991 3007 2044 Πολλοὶ
3041 1992 3149 2060 γὰρ
3185 1992 3541 2046 ἐλεύσονται
3587 1993 3685 2045 ἐπὶ
3731 1992 3811 2058 τῷ

2236 2079 2479 2147 ὀνόματί
2513 2098 2655 2148 μου,
2682 2080 2981 2149 λέγοντες·
3028 2082 3173 2153 Ἐγώ
3204 2086 3350 2153 εἰμι’
3394 2084 3493 2138 καὶ
3536 2087 3571 2138 ὀ
3611 2085 3810 2153 καιρός

2237 2170 2438 2239 ἤγγ-ικε
2459 2214 2472 2236 ,
2518 2171 2614 2223 καὶ
2659 2171 2928 2238 πολλοὺς
2976 2175 3397 2239 πλανήσουσι·
3447 2174 3535 2244 μὴ
3581 2171 3695 2229 οὖν
3732 2177 3807 2244 (5)

2228 2263 2563 2339 ,πορευθῆτε
2586 2264 2774 2318 ὀπίσω
2795 2265 3009 2319 αὐτῶν.
3046 2267 3559 2338 Μέγαιμχάρςσμα
3582 2268 3811 2321 δέδωκεν

2202 2340 2433 2433 μῐνςό
2463 2356 2631 2425 Λόγος
2653 2396 2667 2419 ,
2706 2356 2843 2409 ὥστε
2886 2357 2958 2428 μὴ
2992 2359 3057 2410 ὲκ
3089 2360 3197 2411 τῶν
3227 2360 3573 2428 φαινομένων
3605 2361 3809 2413 ἀπατᾶ-

2242 2446 2381 2511 σθαι,
2410 2447 2545 2509 άλλά
2588 2448 2934 2518 καὶμᾶλλον,
2974 2449 3077 2503 κᾶν
3101 2451 3272 2503 ταῦτα
3308 2452 3704 2536 κεκαλομμένα
3735 2451 3809 2521 (ι)

2238 2538 2807 2621 τυγχάνωδιακρίνειν
2824 2543 2887 2610 τῇ
2909 2540 3001 2592 τοῦ
3024 2541 3337 2611 Πνεύματος
3360 2534 3570 2621 χάριτέ
3600 2544 3810 2615 Ἐπειδὴ

2240 2628 2349 2700 γὰρ
2378 2630 2496 2692 ὅλος
2530 2618 2643 2683 ἐστὶ
2674 2632 2896 2700 μισητὸς
2927 2634 2954 2683 6
2980 2632 3075 2702 τῆς
3099 2632 3293 2697 κακίας
3324 2618 3559 2706 εὑρετὴς
3596 2635 3686 2687 καὶ
3719 2635 3812 2705 μέ·-
3892 2624 3899 2671 ί
3952 2684 3954 2733 ἰ

2240 2738 2337 2789 γας
2358 2720 2563 2791 δαίμων
2598 2723 2625 2773 ό
2654 2721 2913 2787 διάϐολος,
2944 2723 3100 2792 μόνον
3129 2741 3187 2775 τε
3214 2726 3543 2795 φαινόμενος
3564 2726 3813 2795 βάλλεται

2243 2812 2391 2883 παρά
2427 2814 2640 2866 πάντων
2676 2813 2773 2883 (5),
2805 2814 2879 2876 ὡς
2905 2814 3049 2883 ὄφις,
3083 2814 3157 2878 ὡς
3181 2815 3416 2885 δράκων,
3456 2820 3537 2883 ὡς
3563 2820 3696 2874 λέων
3722 2822 3814 2894 ζη.

2241 2904 2348 2957 τῶν
2380 2921 2528 2968 τινας
2560 2905 2800 2976 ἁρπάσαι
2830 2906 2921 2959 καὶ
2957 2911 3243 2961 καταπιεῖν
3266 2926 3279 2939 ·
3326 2910 3417 2964 διὰ
3456 2912 3620 2966 τοῦτο
3650 2913 3679 2966 ὃ
3716 2915 3813 2985 μὲν

2244 3000 2388 3053 ἔστιν
2430 3001 2624 3066 αὐτὸς,
2671 3003 3005 3075 ὑποκρύπτει
3053 3005 3145 3057 καὶ
3200 3006 3415 3074 σκέπει,
3467 3009 3531 3061 τὸ
3575 3010 3632 3063 δὲ
3668 3012 3813 3083 παρὰ

2244 3093 2458 3147 πάντων
2503 3093 2829 3165 ποθούμενον
2870 3094 3039 3165 ὄνομα
3089 3096 3443 3166 ὑποκρίνεται
3492 3100 3815 3174 πανούργως

2246 3184 2341 3253 (6),
2368 3186 2472 3251 ἵνα,
2500 3187 2785 3256 ἀπατήσας
2810 3190 2877 3258 τῇ
2910 3188 3201 3260 φαντασίᾳ,
3236 3190 3422 3245 λοιπὸν
3461 3195 3593 3258 τοὺς
3619 3196 3815 3268 πλανη-

577 3268 752 3335 piens,
788 3269 1087 3323 absentium
1123 3282 1405 3339 parentum
1456 3272 1687 3328 similem
1730 3275 1978 3332 indueret
2017 3293 2135 3348 spe-

2243 3279 2429 3343 θέντας
2457 3282 2566 3343 τοῖς
2600 3279 2747 3343 ἰδίοις
2784 3282 3076 3355 περιπείρῃ
3104 3282 3344 3353 δεσμοῖς.
3381 3285 3495 3337 Καὶ
3525 3284 3714 3359 ὥσπερ
3752 3288 3815 3342 ἂν

578 3357 738 3419 ciem.
780 3371 949 3426 eoque
992 3358 1222 3413 artiﬁcio
1254 3359 1412 3425 ﬁlios,
1450 3371 1635 3431 utpote
1674 3377 1958 3432 parentum
1996 3367 2139 3422 desi-

578 3447 727 3501 derio
764 3446 1080 3514 ﬂagrantes,
1133 3450 1338 3507 illectos
1382 3454 1566 3522 procul
1610 3457 1925 3525 abduceret,
1974 3461 2137 3514 mise-

580 3552 775 3605 rosque
811 3538 1142 3597 interimeret
1177 3564 1189 3598 :
1223 3543 1295 3597 ita
1329 3546 1568 3615 profecto
1600 3549 1875 3620 improbus
1908 3554 2135 3619 damon,

580 3638 960 3699 tortuosusque
989 3640 1043 3685 et
1070 3632 1337 3702 malignus
1376 3636 1653 3703 diabolus,
1686 3654 1747 3695 se
1779 3655 1873 3709 per
1902 3645 2137 3713 seipsum

577 3721 838 3777 exhibere
877 3722 1093 3790 quidem
1129 3739 1232 3778 non
1264 3727 1459 3792 audet;
1493 3729 1589 3782 sed
1624 3744 1744 3785 cum
1792 3748 1899 3787 non
1931 3734 2141 3804 ignoret

578 3828 738 3881 quam
770 3813 1013 3867 homines
1059 3814 1167 3868 sint
1199 3817 1442 3872 veritatis
1474 3830 1737 3887 amantes,
1781 3824 1919 3880 hanc
1960 3829 2141 3896 specie

580 3914 736 3957 tenus
762 3904 815 3957 in
846 3920 902 3959 se
938 3906 1107 3976 ﬁngit,
1143 3916 1303 3976 atque
1335 3909 1434 3964 hoc
1462 3921 1621 3980 pacto
1661 3917 1937 3986 proprium
1979 3933 2141 3973 vene-

580 4014 710 4053 num
740 4001 792 4054 in
819 4012 1102 4069 sequentes
1126 4018 1185 4057 se
1206 4006 1429 4074 spargit.

649 4185 707 4239 2.
750 4183 840 4240 Sic
866 4184 953 4240 ille
982 4184 1145 4239 Evam
1175 4185 1301 4242 olim
1331 4188 1560 4259 decepit,
1586 4203 1689 4243 non
1724 4190 1941 4261 propria
1990 4190 2139 4245 scili-

2238 3371 2314 3442 (7)
2346 3372 2399 3424 εἴ
2425 3389 2529 3436 τις,
2552 3371 3038 3442 ἀνδραποδίσασθαι
3066 3374 3231 3426 θέλων
3254 3374 3576 3447 ἀλλοτρίους
3601 3377 3813 3441 παῖδας,

2239 3464 2655 3535 ἀποδημούντων
2706 3464 2813 3516 τῶν
2864 3465 3089 3533 γονέων,
3166 3467 3531 3539 ὑποκρίνηται
3598 3470 3672 3541 (8)
3718 3471 3814 3534 τὰς

2242 3555 2460 3609 ἐκείνων
2492 3554 2675 3623 ὄψεις,
2717 3556 2809 3608 καὶ
2854 3555 3150 3620 ποθοῦντας
3176 3559 3302 3621 τοὺς
3347 3560 3503 3622 υἱοὺς
3539 3562 3812 3634 ἀπατήσῃ,

2242 3647 2333 3700 καὶ
2362 3647 2543 3699 λοιπὸν
2585 3647 2883 3716 ἀπαγαγὼν
2915 3650 3109 3712 αὐτοὺς
3148 3649 3384 3721 μακράν,
3418 3653 3693 3725 ἀπολέσῃ’
3724 3654 3814 3707 τὸν

2246 3738 2410 3791 αὐτὸν
2439 3738 2642 3808 τρόπον
2668 3740 2807 3792 καὶὸ
2834 3741 3172 3812 κακοδαίμων
3201 3744 3291 3796 καὶ
3315 3744 3531 3809 σκολιὸς
3555 3746 3811 3810 διάϐολος,

2241 3830 2341 3881 οὐκ
2371 3828 2508 3899 ἔχων
2546 3831 2643 3899 μὲν
2673 3831 2829 3895 αὐτὸς
2856 3832 3184 3904 παρρησίαν,
3218 3834 3373 3899 εἰδὼς
3402 3836 3457 3889 δὲ
3498 3838 3589 3890 τὸν
3617 3840 3692 3901 είς
3716 3840 3813 3908 τὴν

2243 3920 2498 3992 ἀλήθειαν
2545 3922 2720 3994 ἔρωτα
2775 3924 2883 3977 τῶν
2937 3925 3271 3995 ἀνθρώπων,
3320 3928 3665 4000 ὑποκρίνεται
3712 3931 3812 4001 μὲν

2242 4013 2443 4085 ταύτην
2477 4018 2540 4086 τῇ
2588 4017 2851 4088 φαντασίᾳ
2883 4018 2980 4087 (9),
3026 4018 3115 4071 τὸν
3158 4020 3214 4072 δὲ
3244 4021 3373 4074 ἴδιον
3423 4022 3500 4075 ἰὸν
3541 4024 3811 4077 ἑπιὸάλλει

2243 4106 2353 4168 τοῖς
2382 4108 2875 4179 ἐπακολουθήσασιν
2906 4111 3075 4181 αὐτῷ.

2315 4196 2368 4251 ‘2.
2395 4197 2577 4262 Οὕτως
2613 4200 2703 4252 καὶ
2742 4201 2838 4272 τὴν
2873 4202 3016 4257 Εὕαν
3041 4205 3340 4277 ἠπάτησεν,
3382 4208 3445 4260 οὐ
3479 4208 3548 4261 τά
3588 4209 3691 4262 ἴδια
3715 4210 3809 4261 λα⁸

641 4375 712 4445 (⁸⁸
742 4373 930 4428 Matth.
978 4388 1122 4437 xxnv,
1160 4372 1251 4439 24,
1284 4372 1375 4426 25.
1448 4373 1491 4406 ⁸⁷
1522 4374 1540 4428 l
1568 4373 1711 4429 Petr.
1743 4390 1797 4441 v,
1827 4375 1879 4429 8.
1955 4376 2001 4406 ⁸⁸
2039 4377 2168 4432 Luc.
2194 4394 2305 4439 nl,
2332 4380 2383 4434 8.

617 4484 765 4563 =(98)
814 4484 904 4563 Sic
963 4484 1185 4563 segnior.
1239 4484 1429 4563 lesuit.
1467 4485 1685 4563 Gobler.
1719 4487 1950 4563 Colbert.
1977 4485 2136 4563 ⁵Τειρ-
2169 4494 2212 4547 Ι)
2244 4491 2465 4563 Taurin.
2500 4490 2605 4563 Jes.
2638 4490 2853 4546 Goblcr.
2876 4493 3161 4550 Fclcka
3198 4509 3425 4553 anon.et
3456 4499 3549 4554 Fr.
3582 4501 3628 4560 Ι,
3660 4500 3810 4563 τινὰς

582 4554 686 4610 τίη.
726 4555 816 4628 Fr.
857 4558 881 4608 1
927 4566 980 4628 et
1007 4554 1241 4609 Felckm.
1282 4556 1307 4607 1
1342 4572 1501 4609 anon.
1534 4558 1635 4610 Alii
1673 4568 1724 4628 et
1758 4558 1907 4628 editi,
1936 4557 2137 4628 πλανῆ-

584 4642 695 4687 σαι,
763 4625 817 4676 ἐν
850 4625 1005 4693 paulo
1030 4640 1148 4693 post
1183 4642 1412 4694 sequens
1444 4629 1593 4681 abest
1625 4644 1653 4679 a
1685 4627 1847 4680 Basil.
1918 4631 1924 4637 '
2099 4625 2108 4628 ⁷

655 4643 764 4760 (9;)
791 4697 880 4749 Sic
902 4696 1126 4760 Seguer.
1144 4695 1233 4749 Fr.
1260 4699 1311 4759 1,
1340 4695 1573 4750 Colbert-
1599 4697 1820 4750 Taurin.
1851 4696 2069 4752 Gobler.
2090 4706 2145 4751 et

675 4712 764 4760 au)
791 4712 880 4749 Sic
902 4712 1126 4764 aeguer.
1147 4712 1172 4749 ιε
1191 4713 1233 4749 r.
1260 4712 1311 4759 ι,
1340 4712 1573 4750 nomen-
1600 4712 1820 4750 'taurin.
1851 4712 2069 4752 uouter.
2090 4712 2141 4751 et

581 4712 818 4819 Feickm.
840 4766 865 4818 ‘l
899 4780 1061 4818 anon.
1099 4767 1197 4819 Alii
1228 4782 1358 4821 vero
1394 4776 1446 4820 et
1474 4767 1603 4821 editi
1626 4766 1687 4819 τέ
1717 4767 1989 4821 omittunt.
2020 4767 2141 4822 Mox

586 4835 833 4901 Seguer..
863 4835 1033 4887 πολλά
1053 4853 1132 4888 τε.

660 4903 735 4974 (1)
762 4904 850 4958 Sic
884 4904 1106 4972 Seguer.
1131 4904 1325 4959 Jcsnit.
1356 4904 1601 4961 Colbert.
1631 4906 1851 4961 Taurin.
1877 4913 1931 4961 et
1956 4906 2050 4963 Fr.
2086 4908 2138 4962 Ι.

581 4970 843 5045 At_a|_'ii_et
863 4970 1019 5045 editi,
1046 4975 1349 5045 υἱοποίησις
1369 4975 1448 5030 δέ.

655 5043 731 5111 (2)
751 5041 904 5105 FrJ,
929 5045 1168 5117 _Col_bert.
1188 5041 1443 5117 Taurini”
1467 5046 1737 5117 ἐπιμελῶς
1769 5045 1860 5100 ἐπὶ
1885 5044 1945 5100 τὸ
1976 5046 2141 5101 κακὸν

580 5109 952 5183 ἐνκειται·καὶ
981 5114 1086 5183 μὴν
1116 5116 1208 5167 καὶ
1228 5117 1256 5168 ό
1285 5109 1575 5180 ἀντίδικος,
1595 5128 1700 5172 etc.

658 5184 734 5249 (5)
762 5180 1200 5251 ὃθᾳυθτζιοξιιὶι.
1226 5186 1462 5241 Colbert.
1493 5198 1548 5241 et
1579 5187 1801 5243 Tanrin.
1838 5186 2057 5244 Gobler.
2087 5196 2143 5243 et

582 5250 765 5306 Felck.
794 5249 1009 5306 ration.
1046 5249 1140 5306 οὖν
1174 5256 1443 5309 omittunt.

656 5323 731 5391 (ιι)
799 5320 947 5390 8ος..
980 5322 1113 5375 ἀλλά

580 5392 847 5464 λυμμένα.
888 5393 1020 5464 Ibid.
1050 5392 1266 5449 Gobler.
1298 5405 1351 5448 et
1380 5395 1560 5450 Felck.
1603 5398 1628 5450 1
1672 5413 1854 5459 auom,
1892 5400 1983 5450 καὶ
2016 5395 2143 5450 ταῦ-

576 5463 1087 5589 ἕῖκεκαλυμμένα.
1139 5464 1303 5519 Paulo
1336 5466 1563 5533 postFr.
1604 5469 1630 5521 1
1671 5468 1829 5521 habet
1852 5467 2007 5531 ὅλως,
2040 5480 2137 5535 pro

640 5550 718 5589 ος.

640 5550 718 5595 ος.

652 5602 730 5675 (5,)
778 5605 869 5660 Sic
930 5602 1296 5675 SeguerLJes.
1350 5605 1585 5662 Colbert.
1638 5604 1860 5675 Taurin.
1915 5604 2175 5675 Gobler,

578 5658 757 5727 Fclcit.
792 5658 1034 5729 ianon.“
1052 5686 1107 5728 et
1142 5658 1235 5727 Fr.
1262 5658 1340 5737 Si.
1362 5658 1527 5731 utet
1556 5658 1690 5744 legit
1735 5658 1994 5729 Nannius.
2027 5658 2136 5730 Alii

578 5752 636 5793 et
683 5744 836 5808 editi,
871 5744 1089 5813 ἅλλεται
1142 5745 1277 5813 πρὸς
1324 5747 1554 5808 πάντας,
1608 5745 1772 5798 insilit
1825 5746 1879 5797 in
1936 5762 2135 5808 onmes,

580 5818 741 5877 atque
776 5817 843 5866 ita
898 5814 1022 5881 legit
1062 5812 1413 5871 Omnibonus.
1465 5816 1598 5870 Ibid.
1632 5814 1855 5886 Segucr.
1892 5814 2129 5870 Colbert.

1180 5324 1376 5395 μᾶλλον
1441 5327 1535 5379 καὶ
1591 5326 1760 5380 ταῦτα
1812 5326 1913 5380 κᾶν
1973 5336 2177 5380 κεκα-’

2244 4562 2481 4632 ἁρπάσαι
2503 4560 2594 4614 καὶ
2621 4566 2922 4615 καταπιεῖν.
2953 4566 3051 4617 Alii
3082 4578 3255 4621 autem
3287 4579 3342 4621 et
3371 4570 3528 4633 editi,
3565 4570 3677 4624 τίνα
3696 4560 3805 4641 άρέ

2244 4632 2388 4702 πάσῃ
2416 4633 2506 4703 καὶ
2540 4633 2798 4703 καταπίῃ.
2836 4632 3069 4703 Fglckm.
3103 4636 3134 4689 5
3160 4655 3345 4703 annm,
3372 4642 3469 4692 καὶ
3502 4641 3618 4693 τίνα
3636 4657 3805 4694 κατα-

2242 4682 2388 4774 eiii."
2404 4682 2523 4780 ubi
2561 4682 2779 4780 cum:
2789 4682 2859 4755 Vel
2881 4682 3130 4761 Fet—cidit:
3159 4682 3810 4780 ῖ”ἇιί’ὀὲιξξ”τὲεξ›ἵῖτέηἷὲὧν

2242 4772 2337 4841 pro
2363 4772 2511 4842 παρὰ
2546 4773 2783 4826 πάντων.

2316 4843 2389 4913 (6)
2418 4841 2506 4913 Sic
2539 4845 2760 4911 Seguer.
2810 4842 3000 4899 Jesuit.
3038 4843 3271 4901 Colbert.
3323 4848 3552 4904 Taurin.
3586 4848 3805 4905 Gobler.

2241 4922 2295 4969 et
2320 4911 2578 4992 Eel’cltm;
2606 4914 2628 4966 ί
2660 4929 2848 4992 anon;
2842 4915 2909 4968 At
2933 4915 3020 4992 alii
3047 4926 3103 4992 et
3132 4918 3283 4992 editi,
3310 4921 3347 4992 _6
3370 4920 3687 4992 πανοῦργοςΪ

2312 4984 2387 5052 (7)
2418 4981 2506 5035 Sic
2545 4982 2769 5050 Seguer.
2806 4984 3027 5038 Taurin.
3076 4981 3519 5046 JesuitJGobler.
3550 4981 3796 5045 'F'elckm.

2243 5055 2269 5107 1
2307 5069 2466 5123 anon.
2496 5065 2549 5107 et
2577 5052 2666 5106 Fr.
2700 5053 2959 5109 LCaateri
2994 5066 3168 5110 autem
3186 5067 3241 5110 et
3271 5060 3417 5123 editi
3439 5061 3505 5113 ἄν
3530 5062 3805 5115 omittunt.

2241 5123 2357 5204 M_ox
2387 5122 2602 5206 Goliler.
2622 5132 2675 5176 et
2704 5123 2980 5179 Felcka
3008 5140 3197 5192 anon.,
3224 5122 3648 5200 ἀποδημούντων
3677 5133 3804 5185 ἀπὸ

2239 5208 2346 5245 των
2383 5210 2601 5262 γονεων.
3328 5228 3331 5231 <

2312 5262 2385 5333 (8)
2419 5265 2507 5316 Sic
2529 5264 2748 5331 Seguer.
2791 5262 2981 5318 Jesuit.
3006 5262 3236 5321 Colbert.
3261 5268 3492 5324 Taurin.
3532 5280 3587 5324 et
3614 5268 3705 5322 Fr.
3742 5270 3801 5333 ί,

2240 5338 2331 5408 qui
2359 5342 2411 5385 et
2438 5348 2561 5408 mox
2587 5334 2865 5408 ἀπατήσῃ,
2893 5343 2946 5386 et
2967 5340 3212 5408 (excepto
3244 5337 3337 5391 Fr.
3370 5340 3416 5408 1)
3448 5340 3701 5408 ἀπολέσῃ.
3735 5346 3809 5393 At

2242 5404 2328 5476 alii
2349 5413 2400 5457 et
2413 5404 2951 5476 θόὶιὶ,λύποκρίνλεται,
2971 5406 3260 5476 ἀπατήσει,
3276 5422 3326 5463 et
3343 5404 3606 5462 ἀπολέσει.
3633 5404 3803 5469 ibim,

2240 5473 2699 5597 xaisxaxOBaiptwv
2729 5474 2821 5526 καί
2847 5476 3036 5529 desunt
3062 5479 3114 5530 iu
3141 5473 3363 5533 Coliler.
3411 5493 3465 5535 et
3500 5477 3736 5559 Feickm.
3774 5480 3799 5531 ἰ

2240 5554 2293 5597 et
2374 5561 2534 5597 anon.

2239 5554 2293 5598 et
2319 5554 2352 5597 5
2374 5561 2534 5597 anon.

2308 5613 2381 5684 (9)
2426 5613 2515 5687 Sic
2566 5612 2784 5687 seguer.
2818 5616 2886 5668 At
2919 5614 3153 5672 Fclckm.
3182 5618 3215 5672 5
3246 5634 3434 5682 anon.,
3466 5617 3655 5687 ταύτην
3690 5616 3806 5687 τὴν

2238 5684 2552 5762 φαντασίαν.
2601 5685 2801 5762 (lateri
2841 5697 2894 5762 et
2953 5689 3103 5762 editi,
3149 5690 3322 5762 ταύτῃ
3372 5694 3436 5761 τῇ
3499 5684 3799 5760 φαντασίᾳ

2239 5755 2315 5825 Τῇ
2363 5768 2535 5808 tamen
2572 5756 2723 5810 abest
2756 5758 2822 5812 ab
2850 5758 3158 5826 Anglicano.
