3954 6556
210 438 292 496 51.1
989 442 1319 500 EPISTOLA
1353 448 1443 500 AD
1480 447 1853 504 EPISCOPOS
1891 448 2163 506 IEGYPTI
2203 453 2288 507 ET
2321 454 2573 510 ιιΒῖίΕ.

3293 461 3394 515 5H

207 557 334 622 λῶν,
380 558 498 611 ἀλλ’
534 558 951 630 ὑποκρινόμενος
982 563 1081 633 μὲν
1115 566 1182 618 τά
1216 566 1308 619 τοῦ
1338 568 1471 620 Θεοῦ
1513 571 1724 640 ῥήματα

1820 618 1827 632 ,
1854 581 1938 625 cet
1974 572 2225 642 loquens,
2258 577 2349 629 sed
2374 576 2535 630 verba
2573 575 2661 628 Dei
2691 575 2814 631 ﬁcte
2852 591 3118 648 usurpans
3139 618 3153 643 ,
3183 592 3397 634 eorum-

205 652 291 721 τὴν
328 650 380 703 δὲ
429 650 662 705 διάνοιαν
700 652 872 706 αὐτῶν
915 658 1263 726 παραποιῶνο
1326 660 1465 713 οὕτω
1516 662 1608 713 καὶ
1652 662 1747 733 τὴν

206 746 420 812 γυναῖκα
450 744 542 797 τοῦ
573 743 689 797 Ἰὼϐ
729 746 957 801 ὑπέϐαλε
992 750 1137 819 (10),
1183 751 1375 815 πείσας
1411 754 1579 824 αὐτὴν
1617 758 1746 809 ὑπο-

206 834 475 907 κρίνασθαι
505 837 601 906 μὲν
625 837 953 910 φιλανδρίαν,
981 840 1192 907 διδάξας
1218 844 1272 896 δὲ
1304 845 1643 919 βλασφημεῖν
1669 853 1746 915 είς

204 927 281 979 τὸν
300 926 427 979 Θεόν
450 943 464 956 ·
488 925 657 991 οὕτως
681 930 804 992 τοὺς
832 930 1145 1001 ἀνθρώπους
1174 936 1202 986 6
1234 935 1402 1000 δόλιος
1428 939 1608 1005 παίζει
1626 946 1745 1006 ταῖς

204 1017 524 1085 φαντασίαις,
565 1018 910 1073 ὑποκλέπτων
941 1024 1033 1076 κα)⁹
1067 1023 1243 1095 σύρων
1279 1027 1505 1083 ἕκαστον
1538 1033 1615 1096 είς
1650 1035 1742 1088 τὸν

204 1107 316 1160 ἴδιον
348 1109 445 1177 τῆς
484 1105 680 1169 κακίας
722 1107 928 1179 βόθρον.
974 1111 1145 1167 Πάλαι
1194 1115 1291 1184 μὲν
1324 1113 1417 1169 οὖν
1460 1120 1743 1193 ἀπατήσας

201 1197 280 1250 τὸν
306 1197 519 1268 πρῶτον
556 1197 836 1269 ἄνθρωπον
872 1200 961 1254 τὸν
995 1202 1106 1272 (11)
1146 1204 1316 1276 Ἀδὰμ
1338 1250 1352 1274 ,
1394 1209 1485 1262 καὶ
1516 1212 1742 1281 νομίσας

200 1288 258 1342 δι’
283 1290 489 1341 ἐκείνου
530 1289 868 1361 ὑποχειρίους
896 1293 1186 1363 ἐσχηκέναι
1211 1297 1337 1361 τοὺς
1366 1300 1573 1364 πάντας
1605 1302 1737 1369 (12),

201 1378 429 1449 ἐνήλλετο
457 1377 854 1450 θρασυνόμενος
882 1382 975 1434 καὶ
997 1382 1168 1451 λέγων
1191 1400 1207 1416 ο
1244 1386 1360 1455 Τὴν
1388 1390 1740 1459 οἰκουμένην

200 1470 333 1535 ὅλην
362 1467 781 1537 καταλήψομαι
820 1468 893 1537 τῇ
925 1471 1075 1541 χειρὶ
1109 1473 1189 1537 ὠς
1222 1478 1499 1543 νοσσιὰν,
1534 1480 1629 1533 καὶ
1660 1482 1739 1546 ὡς

199 1564 686 1633 καταλελειμμένα
721 1564 804 1618 ὠὰ
843 1565 980 1635 ἀρῶ,
1029 1568 1126 1621 καὶ
1160 1571 1269 1623 οὐκ
1306 1572 1474 1624 ἔστιν
1510 1573 1577 1640 ὃς
1617 1574 1739 1629 δια-

198 1654 454 1723 φεύξεται
482 1670 578 1723 με,
605 1655 643 1723 ἢ
666 1654 912 1723 ἀντείπῃ
939 1674 1056 1725 μοι.
1102 1658 1229 1711 Ὅτε
1286 1661 1341 1713 δὲ
1369 1664 1396 1714 ὁ
1415 1662 1738 1733 Κύριος-έπ-

198 1748 433 1818 εδήμησε,
478 1748 575 1799 καὶ
614 1750 803 1817 πεῖραν
829 1747 982 1818 ἔσχεν
1007 1750 1034 1801 6
1056 1749 1245 1820 ἐχθρὸς
1280 1750 1388 1822 (15)
1422 1754 1518 1824 τῆς
1539 1756 1737 1827 ἀνθρω-

199 1839 333 1909 πίνης
359 1838 670 1908 οξκονομίας
709 1838 894 1903 αὑτοῦ,
942 1840 1015 1911 μὴ
1060 1841 1304 1911 δυνηθεὶς
1338 1844 1611 1916 ἀπατῆσαι
1636 1847 1733 1918 τὴν

1847 676 1952 731 que
1985 664 2288 719 adulterans
2324 681 2558 721 sensum.
2597 665 2684 721 Sic
2714 667 2873 721 etiam
2902 682 3118 722 uxorem
3146 667 3246 723 Job
3268 670 3398 722 sub-

1844 756 2072 821 ornavit,
2110 757 2183 810 illi
2213 772 2401 827 nempe
2428 762 2660 812 suadens
2684 767 2743 811 ut
2805 772 3041 812 amorem
3075 759 3171 812 viri
3202 774 3310 827 prae
3337 774 3397 813 se

1844 844 2031 911 ferret,
2070 857 2124 901 at
2155 864 2341 904 revera
2374 864 2490 903 eam
2522 850 2719 904 docens
2748 849 3106 917 blasphemias
3142 850 3193 903 in
3228 850 3393 904 Deum

1844 938 2015 1006 ipsum
2044 939 2304 1008 proferre.
2338 940 2428 996 Sic
2468 940 2699 1009 denique
2757 940 3001 994 homines
3041 949 3260 994 externa
3304 954 3392 994 re-

1842 1048 1959 1086 rum
1991 1035 2172 1102 specie
2202 1044 2454 1090 versutus
2482 1036 2687 1090 deludit
2714 1045 2768 1089 et
2798 1035 3017 1103 decipit,
3051 1033 3392 1103 singulosque

1841 1122 1894 1175 in
1924 1123 2192 1192 proprium
2222 1125 2441 1179 malitiae
2469 1135 2685 1195 puteum
2723 1126 2954 1194 subripit
2979 1136 3033 1181 ct
3064 1127 3249 1180 trahit.
3288 1126 3393 1180 Ita-

1840 1228 1944 1281 que
1972 1223 2252 1284 postquam
2285 1216 2411 1270 olim
2440 1216 2668 1283 primum
2704 1216 2977 1270 hominem
3006 1218 3388 1279 circumvenit,

1839 1320 2023 1360 omnes
2044 1320 2141 1374 per
2174 1306 2319 1360 illum
2348 1307 2397 1359 iu
2428 1321 2520 1359 sua
2559 1317 2822 1375 potestate
2869 1315 2923 1360 et
2964 1306 3167 1359 ditione
3199 1317 3387 1379 genere

1838 1405 2011 1459 ratus,
2040 1397 2190 1451 ferox
2230 1405 2285 1450 et
2316 1397 2574 1466 superbus
2603 1398 2906 1467 hujusmodi
2947 1400 3124 1453 verbis
3162 1399 3388 1454 insulta-

1837 1491 1929 1543 bat
1975 1488 2329 1543 :Um'versum
2359 1491 2532 1542 orbem
2578 1488 2704 1541 velut
2743 1490 2919 1542 nidum
2949 1506 3107 1542 manu
3149 1505 3384 1556 compre-

1837 1581 2075 1644 hendam,
2101 1590 2151 1633 et
2178 1591 2425 1648 tanquam
2456 1580 2704 1634 derelicta
2725 1596 2819 1633 ova
2847 1580 3052 1643 tollam,
3078 1596 3165 1633 nec
3192 1590 3267 1632 est
3296 1580 3386 1648 qui

1835 1686 1914 1722 me
1958 1670 2169 1737 e/Iugiat
2206 1679 2295 1722 aut
2330 1670 2648 1722 contradicat
2676 1669 2742 1720 ⁸³.
2787 1667 2980 1721 Verum
3032 1670 3119 1721 ubi
3171 1669 3388 1723 advenit

1837 1760 2110 1823 Dominus,
2154 1758 2551 1826 humanamque
2582 1759 2698 1827 ejus
2733 1758 3185 1826 dispensationem
3221 1771 3387 1825 expe-

1836 1852 2024 1905 rientia
2057 1850 2305 1912 inimicus
2349 1853 2629 1917 cognovit,
2665 1866 2784 1904 cum
2820 1866 2921 1903 non
2958 1860 3137 1918 posset
3168 1865 3384 1904 carnem

196 1930 269 1982 ὑπ’
294 1906 453 1981 αὐτοῦ
500 1906 842 1999 φορουμένην
883 1906 1082 2001 σάρκα,
1117 1906 1235 1985 τότε
1269 1933 1331 2005 δὴ
1366 1934 1400 1988 ὁ
1566 1906 1724 1989 οἰκου·

1835 1942 2099 2009 decipere,
2117 1956 2275 2010 quam
2298 1943 2541 2011 gestabat
2566 1942 2844 2004 Christus;
2879 1951 3003 1995 tunc
3030 1942 3119 1995 ille
3144 1943 3232 2010 qui
3262 1943 3384 1996 uni-

198 2020 339 2090 μένην
354 2019 479 2088 ὅλην
500 2020 959 2090 ἐπαγγελλόμενος
972 2022 1174 2075 καταλα
1182 2023 1347 2093 μϐάνε
1356 2042 1402 2078 ιν
1422 2025 1606 2079 λοιπὸν
1623 2028 1733 2097 (14)

194 2113 241 2175 ἐξ
266 2110 460 2162 ἐκείνου
489 2112 589 2163 καὶ
618 2111 685 2163 δι’
701 2112 902 2164 ἐκεῖνον
938 2112 1186 2177 παίζεται
1222 2117 1314 2169 καὶ
1354 2116 1458 2169 ὑπὸ
1486 2118 1731 2182 παιδίων,

194 2188 259 2267 ὠξ
282 2202 576 2274 στρουθίον,
604 2205 632 2255 6
661 2204 1021 2275 ὑπερήφανος.
1048 2206 1261 2260 Πσιδίοω
1284 2207 1390 2280 γὰρ
1417 2208 1511 2261 νῦν
1546 2210 1734 2281 νήπιον

193 2298 257 2357 εἰς
295 2296 543 2366 τρώγλην
590 2295 699 2365 (15)
747 2295 985 2349 ἀσπίδων
1020 2296 1207 2367 βάλλον
1250 2299 1345 2370 τὴν
1387 2302 1559 2371 χεῖρα,
1602 2301 1735 2373 γελᾷ

191 2388 264 2439 τὸν
288 2387 640 2457 ἀπατήσαντα
682 2387 778 2458 τὴν
813 2385 951 2440 Εὔαν
972 2405 987 2418 ·
1037 2390 1126 2441 καὶ
1155 2389 1350 2453 πάντες
1385 2392 1441 2444 δὲ
1486 2394 1533 2444 οἱ
1562 2392 1733 2462 ὀρθῶς

192 2480 503 2544 πιστεύοντες
532 2482 613 2543 εἰς
636 2480 745 2552 (16)
772 2482 863 2535 τὸν
888 2482 1089 2554 Κύριον
1117 2482 1345 2538 πατοῦσι
1364 2486 1455 2539 τὸν
1478 2489 1695 2543 εἰπόντα
1714 2509 1729 2522 ο

192 2571 421 2641 Θήσομαι
464 2571 579 2625 τὸν
620 2572 831 2639 θρόνον
883 2590 1000 2641 μου
1049 2574 1244 2629 ἐπάνω
1283 2576 1400 2629 τῶν
1444 2578 1727 2647 νεφελῶν.

189 2664 577 2732 ἀναϐήσομαι,
625 2662 821 2732 ἔμοιος
872 2665 1081 2733 ἔσομαι
1125 2666 1204 2731 τῷ
1245 2668 1525 2736 ’Υψίστῳ.
1576 2671 1730 2725 Οὕτω

192 2758 269 2827 μὲν
299 2753 383 2810 οὖν
411 2759 619 2827 πάσχει
656 2758 770 2825 μετ’
814 2756 1070 2829 αἰσχύνης
1100 2761 1332 2823 ἐκεῖνος’
1369 2761 1515 2831 ὅμως
1550 2761 1605 2814 δὲ
1630 2802 1644 2824 ,
1680 2764 1727 2814 εί

187 2850 261 2901 καὶ
279 2850 445 2920 τολμᾷ
485 2849 658 2902 ’πάλιν
685 2852 713 2901 ὁ
742 2849 1089 2919 ἀναίσχυντος
1125 2851 1565 2922 σχηματίζεσθαι,
1595 2856 1727 2909 ἀλλὰ

186 2941 472 3009 γινώσκεται
510 2941 605 2994 καὶ⁹
646 2939 737 2993 νῦν
778 2941 971 3011 μᾶλλον
998 2943 1026 2994 6
1051 2943 1216 3006 τάλας
1254 2944 1355 2995 ὑπὸ
1396 2945 1502 2997 τῶν
1530 2945 1592 2998 τὸ
1632 2963 1728 3017 ση-

191 3034 311 3099 μεῖον
341 3035 397 3086 ὲν
425 3032 515 3102 τῷ
541 3030 776 3103 μετώπῳ
812 3032 1113 3102 φορούντων
1155 3034 1285 3104 (17),
1312 3034 1407 3088 καὶ
1431 3035 1723 3108 δεινότερον

184 3122 561 3193 ἀποστρέφεται
599 3122 1055 3191 τεταπεινωμένος
1108 3123 1200 3175 καὶ
1242 3126 1718 3196 κατῃσχυμμένος.

1834 2050 2044 2088 versum
2091 2035 2276 2087 orbem
2313 2049 2369 2088 se
2404 2036 2914 2103 cotnprehensurum
2964 2036 3230 2104 pollicitus
3277 2036 3378 2091 sibi

1833 2118 2024 2178 fuerat.
2073 2119 2183 2184 iam
2228 2121 2350 2174 inde
2398 2131 2615 2189 propter
2657 2122 2926 2176 Christum
2973 2123 3136 2176 etiam
3176 2126 3377 2192 pueris,

1831 2217 2080 2277 tanquam
2145 2194 2352 2279 passer,
2416 2218 2675 2280 superbus
2731 2213 2894 2280 coepit
2951 2227 3069 2267 esse
3126 2213 3376 2267 ludibrio.

1828 2299 1981 2353 Nunc
2003 2302 2142 2354 enim
2170 2302 2317 2371 pueri
2346 2302 2596 2366 infantes,
2624 2319 2781 2357 manu
2803 2303 2853 2356 in
2876 2306 3109 2357 foramen
3136 2306 3377 2373 aspidum

1830 2390 2019 2458 injecta
2048 2391 2115 2455 9°,
2146 2392 2293 2446 illum
2328 2394 2418 2460 qui
2456 2394 2616 2447 Evam
2648 2394 2838 2448 fefellit
2871 2395 3137 2456 derident.
3166 2410 3379 2448 cumes-

1829 2497 1929 2550 que
1957 2484 2043 2550 qui
2078 2490 2220 2537 recte
2249 2484 2299 2535 in
2334 2484 2613 2536 Dominum
2642 2484 2887 2546 credunt,
2913 2486 3230 2538 conculcant
3254 2500 3375 2538 eum

1827 2573 1916 2639 qui
1950 2574 2083 2626 dixit
2108 2591 2120 2625 :
2156 2572 2329 2640 Supra
2358 2575 2514 2627 nubes
2540 2591 2729 2643 ponam
2762 2574 2951 2627 solium
2978 2590 3169 2638 meum,
3196 2592 3374 2628 ascen-

1825 2664 1945 2715 dam
1979 2674 2027 2717 et
2059 2680 2146 2717 ero
2179 2663 2364 2717 similis
2399 2665 2663 2717 Altissimo
2691 2666 2758 2722 9‘.
2793 2665 2913 2719 llaac
2940 2665 3103 2734 igitur
3140 2667 3229 2720 ille
3268 2684 3373 2721 non

1824 2756 1939 2809 sine
1972 2756 2168 2812 rubore
2197 2758 2417 2827 patitur,
2448 2758 2539 2827 qui
2569 2757 2616 2810 si
2658 2772 2843 2811 rursus
2865 2773 2958 2825 pro
2988 2773 3047 2812 ea
3076 2774 3179 2826 qua
3210 2759 3375 2829 pollet

1823 2847 2171 2916 impudentia.
2228 2851 2453 2903 formam
2502 2858 2707 2903 mutare
2744 2849 2969 2913 audeat,
3022 2850 3372 2905 nihilominus

1824 2940 2005 2994 infelix
2036 2941 2139 2995 illis
2169 2942 2338 2996 latere
2379 2956 2641 3009 nusquam
2692 2950 2888 3010 potest,
2938 2942 3027 3009 qui
3064 2943 3276 3013 signum
3318 2943 3373 2996 in

1823 3033 1994 3088 fronte
2025 3043 2233 3102 gerunt,
2267 3034 2359 3088 sed
2389 3034 2457 3088 ab
2486 3035 2566 3088 eis
2606 3048 2671 3088 eo
2708 3035 2867 3088 etiam
2930 3034 3173 3090 acerbius
3200 3036 3374 3103 repel-

1820 3125 1947 3179 litur
1968 3141 2088 3179 cum
2118 3140 2311 3195 magno
2339 3126 2419 3179 sui
2444 3126 2707 3179 dedecore
2729 3135 2784 3178 et
2806 3125 3024 3193 pudore.
3056 3125 3205 3181 Licet
3226 3126 3370 3180 enim

184 3214 277 3267 Κᾶν
296 3232 347 3267 τε
368 3214 474 3285 γὰρ
518 3213 592 3277 ὡς
626 3213 745 3281 ὄφις
767 3211 860 3266 νῦν
879 3213 1058 3282 ἕρπων
1092 3216 1622 3288 μετασχηματίσηται
1644 3219 1721 3282 είς

1824 3229 1982 3277 nunc,
2014 3214 2183 3268 instar
2214 3212 2417 3267 colubri
2461 3213 2761 3280 serpentis,
2804 3212 2981 3265 fictam
3025 3211 3197 3279 angeli
3229 3211 3369 3264 luci.

181 3304 375 3373 ἄγγελον
404 3304 595 3373 φωτὸς
614 3345 628 3364 ,
654 3303 764 3356 ἀλλ’
793 3304 891 3356 οὐκ
912 3306 991 3367 είς
1024 3304 1203 3373 ὄνησιν
1240 3304 1349 3369 ἔξει
1373 3304 1469 3376 τὴν
1496 3306 1720 3378 ὑπόκρι-

185 3412 251 3449 σιν
271 3414 283 3425 ⁸
318 3396 735 3466 πεπαιδεύμεθα
763 3396 891 3468 γὰρ,
920 3397 1000 3448 ὅτι
1032 3396 1140 3467 (18)
1167 3396 1268 3450 κᾶν
1300 3395 1526 3464 ἄγγελος
1554 3397 1612 3461 ἐξ
1636 3398 1721 3450 ού-

189 3486 321 3554 ρανοῦ
384 3485 805 3557 εὐαγγελίσηται
859 3486 1003 3555 ἡμᾶς
1054 3487 1180 3556 παρ’
1227 3485 1254 3537 ὃ
1314 3485 1712 3557 παρελάσομεν,

186 3580 400 3650 ἀνάθεμα
421 3568 617 3633 τοῦτον
647 3573 804 3631 εἶναι.

238 3664 284 3722 3.
315 3671 434 3724 Ἐὰν
469 3670 527 3723 δὲ
577 3670 671 3721 καὶ
711 3668 867 3721 πάλιν
908 3669 966 3722 τὸ
1005 3668 1133 3722 ἴδιον
1168 3668 1592 3741 κρύψῃψεῢδος,
1623 3672 1715 3724 καὶ

186 3757 330 3813 λαλεῖν
368 3760 729 3830 ὑποκρίνηται
757 3758 841 3812 διὰ
871 3758 1091 3828 χειλέων
1137 3759 1234 3830 τὴν
1278 3759 1534 3830 ἀλήθειαν
1556 3778 1568 3791 ο
1603 3761 1714 3813 ἀλλ’

184 3852 263 3904 οὐκ
295 3853 611 3921 ἀγνοοῦντες
652 3850 814 3904 αὐτοῦ
842 3853 908 3904 τὰ
947 3854 1211 3923 νοήματα,
1238 3851 1509 3922 δυνάμεθα
1539 3852 1713 3921 λέγειν
1743 3868 1746 3872 ‘

183 3942 274 4013 (19)
305 3946 366 3999 τὰ
395 3948 499 3999 ὑπὸ
533 3944 631 3999 τοῦ
656 3942 967 4012 Πνεύματος
992 3946 1069 4005 είς
1096 3944 1254 3996 αὐτὸν
1294 3943 1557 4015 εἰρημένα
1576 3959 1590 3974 ⁸
1633 3942 1714 4008 Τῷ

1820 3304 2047 3360 formam
2085 3304 2341 3368 induerit,
2372 3303 2504 3357 nihil
2540 3312 2714 3356 tamen
2760 3303 2857 3371 ipsi
2890 3304 3144 3372 prodesse
3171 3302 3371 3369 poterit

1818 3396 2123 3462 huiusmodi
2168 3394 2442 3451 simulatio
2489 3412 2501 3448 :
2551 3394 2748 3463 quippe
2794 3409 2914 3449 cum
2950 3394 3120 3447 edocti
3167 3392 3369 3455 simus,

1815 3484 1937 3540 licet
1981 3487 2199 3556 angelus
2238 3500 2270 3540 θ
2312 3485 2450 3541 coelo
2491 3486 2644 3539 nobis
2706 3485 3031 3555 evangelizet
3074 3494 3265 3555 przeter
3316 3486 3370 3540 iu

1812 3576 1953 3645 quod
1985 3577 2307 3644 accepimus,
2342 3576 2625 3629 anathema
2659 3575 2806 3629 illum
2842 3589 2962 3629 esse
2986 3575 3032 3605 ⁹²

1886 3669 1940 3721 5.
1975 3666 2126 3733 Quod
2161 3668 2204 3721 si
2240 3667 2431 3720 iterum
2465 3666 2742 3735 proprium
2774 3666 2902 3720 velit
2932 3674 3109 3736 tegere
3138 3664 3362 3719 menda-

1813 3759 1976 3821 cium,
2010 3767 2063 3813 et
2094 3758 2371 3813 veritatem
2402 3758 2558 3811 labiis
2588 3758 2731 3826 loqui
2762 3757 3019 3822 simulet,
3051 3772 3154 3826 qua
3188 3764 3367 3809 mente

1816 3853 1866 3906 id
1908 3852 2065 3905 faciat
2098 3867 2201 3905 non
2236 3852 2433 3921 ignari,
2477 3866 2594 3920 quae
2623 3866 2651 3903 a
2683 3850 2885 3919 Spiritu
2917 3859 3103 3903 sancto
3135 3849 3185 3901 in
3215 3847 3365 3900 illum

1816 3944 1956 3999 dicta
2008 3955 2133 3999 sunt
2171 3943 2359 3998 merito
2407 3944 2830 4013 usurpabimus:
2879 3941 3151 3995 l’eccatori
3190 3948 3363 3993 autem

172 4168 175 4169 ν
244 4142 400 4198 "lsa.
431 4143 586 4211 3,14.
657 4140 701 4172 9°
735 4136 835 4191 Isa.
874 4153 950 4200 XI.
981 4137 1033 4192 8.
1107 4138 1150 4169 ’ί
1180 4136 1281 4192 lsa.
1318 4152 1429 4203 xw,
1462 4138 1549 4191 14.
1620 4140 1664 4172 θ’
1694 4136 1866 4191 Galat.
1902 4153 1940 4200 I.
1977 4138 2011 4190 8

236 4347 335 4417 (l0)
360 4347 580 4413 Jesuit.,
613 4345 710 4416 τῷ.
737 4344 811 4398 Id.
838 4343 966 4417 ibit_l.
1002 4353 1054 4417 et
1076 4341 1294 4417 Seguer.
1323 4340 1549 4417 .Tat_t_rin.
1591 4339 1701 4394 Go-

179 4411 288 4470 ble'r.
318 4411 605 4473 Felcka
641 4411 798 4470 a'uon.
830 4425 884 4468 et
906 4414 995 4468 Fr.
1020 4416 1068 4479 1,
1094 4411 1345 4465 ὑπέϐαλε.
1372 4411 1471 4464 Alii
1494 4425 1621 4465 vero
1649 4411 1720 4469 et}

178 4488 302 4551 editi,
329 4488 618 4542 ὑπέϐαλλε.
648 4486 765 4539 lllox
797 4485 952 4538 iidem
974 4493 1161 4551 praeter
1190 4482 1278 4536 Fr.
1305 4484 1331 4536 1
1364 4491 1417 4551 e_t
1443 4480 1716 4551 Colbert.,.

1783 4342 1831 4397 «.1
1873 4359 2033 4397 anon.
2071 4345 2136 4396 At
2180 4344 2343 4397 Basil.
2374 4343 2582 4411 Anglic.
2621 4353 2675 4397 et
2714 4343 2950 4399 Felckm.
2982 4346 3014 4399 5
3049 4358 3231 4406 annm,
3266 4346 3357 4398 ἐπὶ

1784 4412 2067 4489 *τρώγληςε
2090 4415 2246 4489 Editi,
2267 4415 2357 4489 ἐπι
2380 4412 2640 4489 γλῴττης,
2676 4424 2732 4489 u_t
2758 4424 2815 4489 et
2849 4414 3357 4489 legeruntotuuiho-

1804 4497 1905 4535 nus
1935 4494 1989 4537 et
2008 4482 2275 4536 Nannius.
2310 4483 2427 4535 Mox
2458 4482 2647 4535 Jesuit.
2680 4482 2917 4538 Colbert.
2954 4484 3194 4544 Tanrin.,
3214 4482 3351 4535 πάν-

172 4548 536 4644 ιὲποκρίνασθε,
564 4568 616 4644 οξ
640 4563 900 4644 prteterea
923 4548 1609 4644 Jésuit.-Tauri'nLCBlb‘ert.
1640 4564 1702 4644 ac

1820 4568 1892 4614 τες
1922 4569 2000 4605 τε.
2033 4553 2161 4605 Ibid.
2196 4553 2416 4617 Seguer.
2451 4552 2507 4603 δέ
2547 4553 2760 4605 omittit.

1877 4622 1982 4644 nm
2019 4621 2173 4644 1--.-..
2225 4621 2437 4644 n..n.-...
2501 4621 2694 4644 m-.._:--

176 4619 375 4699 Seguer.
416 4629 519 4699 μέν
551 4619 772 4699 addunt.
801 4623 904 4677 Alii
932 4637 1059 4678 vero
1089 4632 1144 4676 et
1179 4623 1305 4676 editi
1341 4620 1539 4675 habent
1564 4619 1698 4671 ὑπο-

174 4694 636 4771 κρίνεσθεξεϋεςιυθ
665 4694 785 4771 μέν.
867 4763 879 4771 _
967 4762 1001 4771 _
1039 4762 1071 4771 η
1162 4770 1167 4771 ν
1230 4759 1272 4771 ,..
1376 4759 1388 4771 .

232 4768 332 4835 (11)
360 4768 463 4820 Τόν
492 4755 644 4821 abest
665 4755 703 4818 ἀ
739 4763 927 4818 Jesuit.
962 4762 1193 4819 Colbert.
1230 4759 1451 4815 Taurin.
1481 4755 1697 4814 Gobler.

174 4832 389 4891 Felckm.
426 4838 451 4890 1
476 4848 534 4891 et
562 4837 595 4890 5
622 4848 783 4889 anon.

233 4906 337 4978 (12)
372 4908 463 4961 Sic
486 4909 707 4978 Seguer.
739 4902 969 4978 Qolbert.
994 4901 1225 4978 '_l'a_urin.
1252 4908 1307 4978 et
1338 4897 1526 4955 Jesuit.
1559 4898 1701 4978 Πάν-

173 4968 718 5057 ’ξαςζίιὶιρίιιμεὲξδδθῑη
747 4972 961 5057 βοωετ·
994 4970 1228 5057 fecit“
1267 4972 1290 5025 ί
1324 4978 1585 5057 292w.
1605 4968 1696 5057 lif-

176 5043 219 5099 1.
243 5038 372 5100 Editi
394 5038 447 5101 et
464 5046 576 5108 alii,
602 5046 726 5107 τοὺς
745 5044 990 5106 ἅπαντας
1017 5040 1291 5111 ἐνήλλατο.
1326 5038 1442 5111 Mox
1464 5038 1695 5111 Colbert.

174 5111 383 5187 Taurin.
414 5115 508 5170 Fr.
557 5117 611 5187 1,
637 5117 702 5187 τῇ
738 5111 877 5186 χειρί
914 5129 1035 5184 μου.
1067 5108 1199 5166 Ibid.
1227 5109 1388 5165 Basil.
1419 5123 1539 5163 cum
1566 5108 1695 5160 edit.

168 5183 434 5252 CommeL,
468 5183 701 5239 νοσιάνξ
739 5183 770 5186 ’⁷
827 5183 835 5185 ⁷
919 5183 925 5184 ί
1014 5249 1053 5252 _
1159 5250 1169 5252 _
1220 5242 1223 5243 ,

233 5256 334 5326 (15)
373 5243 465 5326 Sic
494 5253 714 5326 Seguer.
743 5252 977 5326 Colberg
1011 5249 1243 5326 Taurin.
1263 5247 1450 5304 Jesuit.
1474 5243 1693 5326 Gobler.

233 5271 334 5326 (ιο)
373 5271 465 5311 Sic
494 5271 563 5309 ae
601 5271 714 5308 uer.
743 5271 976 5308 nomen.
1022 5271 1233 5305 lauru].
1263 5271 1450 5304 δωυιι.
1474 5271 1693 5326 numer.

169 5319 390 5378 Felcltm.
422 5324 449 5378 1
499 5272 609 5379 αἱ
653 5339 815 5376 anon.
856 5331 909 5378 et
936 5320 1029 5375 Fr.
1058 5323 1111 5375 1.
1140 5320 1245 5373 Alii
1284 5328 1463 5372 autem
1490 5324 1543 5367 et
1568 5317 1695 5369 edlll
1736 5356 1747 5363 .

170 5402 261 5462 art.
296 5397 324 5447 6
351 5395 625 5448 omittunt.
658 5392 821 5446 Paulo
837 5401 953 5462 post
980 5405 1076 5459 pro
1116 5386 1474 5462 φορουμένην,
1505 5383 1695 5439 Jesuit.

169 5459 387 5516 Ctilbert.
425 5471 482 5516 et
517 5463 734 5517 'l‘anrin.
763 5459 960 5542 habent
989 5459 1415 5582 φρουροιὲμένην.

231 5534 334 5582 (14)
366 5533 564 5582 Δοιπόν
587 5534 735 5582 deest
763 5547 815 5582 tn
854 5529 1070 5582 Gobler.
1114 5541 1169 5582 et
1244 5527 1409 5582 elckm

231 5534 334 5601 (11)
366 5533 564 5585 Λοιπόν
587 5534 735 5586 deest
763 5532 815 5585 in
854 5524 1081 5601 Goblér.
1114 5524 1169 5585 et
1200 5524 1433 5582 Felckm.
1534 5538 1694 5601 anon.

166 5594 286 5654 Ibid.
320 5594 575 5659 'Felckm.
616 5603 648 5655 5
678 5616 837 5655 anon.
889 5615 985 5661 pro
1019 5598 1083 5653 δι’
1116 5600 1345 5661 ἐκεῖνον,
1371 5605 1429 5648 ut
1467 5595 1518 5648 in
1577 5594 1697 5648 aliis

167 5680 216 5739 et
241 5672 393 5727 editis
443 5672 653 5739 legitur,
700 5670 861 5725 habet
886 5662 953 5723 δι’
1001 5669 1229 5723 ἐκείνου.
1260 5668 1390 5739 Item
1421 5664 1549 5739 ibid.
1573 5662 1697 5739 _Go-

171 5737 295 5794 bler.
351 5752 406 5798 et
460 5736 696 5798 FElckm.
730 5742 759 5797 1
819 5755 1002 5804 auon.,
1052 5754 1149 5807 pro
1196 5737 1449 5801 παιδίων,
1501 5736 1699 5789 habent

168 5810 460 5951 παὲῗίέἶέίο
481 5881 699 5954 Seguer.
734 5880 954 5939 Taurin.
986 5877 1094 5935 Jes.
1124 5876 1336 5934 Gobler.
1364 5885 1419 5933 et
1457 5873 1688 5931 Felckm.

1875 4622 1983 4693 (16)
2011 4621 2199 4693 Jesuit.
2224 4621 2458 4693 Co_lbert.
2501 4621 2720 4693 Taurini.
2762 4621 2915 4691 πρός.
2946 4619 3106 4693 Iidem
3137 4636 3258 4693 mox
3296 4632 3350 4679 et

1803 4690 2020 4760 Seguer.
2046 4690 2259 4747 Gobler.
2281 4690 2642 4760 Felckm.1Aet
2670 4691 2703 4743 5
2736 4690 2962 4760 auomet
2994 4690 3081 4742 Fr.
3112 4692 3162 4751 1,
3183 4692 3348 4760 θήσω.

1799 4758 2018 4825 Ibidem,
2037 4770 2155 4828 post
2177 4759 2541 4830 ἀναϐήσομαι,
2562 4758 2781 4829 Segner.
2799 4758 3012 4813 Gobler.
3036 4770 3089 4813 et
3114 4758 3347 4816 Felcktn.

1802 4831 1829 4884 1
1866 4845 2021 4883 anon.
2051 4832 2251 4883 addunt
2278 4828 2388 4884 καί.
2413 4828 2541 4883 [tetu
2575 4828 2724 4897 ibid,
2758 4844 2851 4899 pro
2881 4830 3083 4894 ἐπάνω,
3110 4830 3288 4886 Felck.
3317 4831 3350 4885 5

1799 4914 1958 4953 anon.
1993 4899 2151 4953 habet
2173 4900 2284 4953 ὲπί.

1898 4970 1983 5039 1-7)
2015 4968 2104 5022 Sic
2127 4969 2347 5039 Seguer.
2383 4965 2574 5039 {esuiL
2599 4967 2834 5039 Colbert.
2871 4968 3098 5026 Taurin.
3129 4969 3348 5025 Gobler.

1798 5037 2030 5113 Felcltm.
2067 5040 2091 5091 1
2123 5037 2281 5113 anon.
2305 5049 2359 5092 et
2386 5038 2477 5113 Ij‘_r._
2496 5039 2546 5091 1.
2570 5039 2639 5091 Al
2659 5038 2892 5113 Felcltm.
2921 5040 2954 5093 5
2986 5055 3172 5113 anon.,
3196 5057 3351 5113 περι-

1799 5109 2120 5180 φορούντων.
2146 5108 2248 5161 Alii
2280 5119 2336 5180 et
2352 5106 2503 5173 editi,
2538 5110 2956 5180 περιφερόντων,
2975 5111 3063 5179 qui
3103 5106 3161 5163 et
3187 5106 3348 5164 om'it-

1797 5176 1914 5248 tunt
1935 5178 2248 5248 δεινότερον.
2289 5176 2411 5231 Mox
2444 5176 2650 5247 Anglic.
2682 5176 2782 5248 pro
2812 5180 2912 5233 κᾶν
2946 5176 3022 5248 τε
3060 5180 3219 5234 habet
3248 5181 3349 5233 ούκ

1796 5247 1861 5302 ἄν
1906 5265 1986 5300 τε.
2021 5247 2154 5301 Ibid.
2203 5248 2424 5317 Seguer.
2450 5247 2698 5306 Colbert.
2729 5248 2946 5303 'l‘aurin.
2996 5247 3215 5312 Jesnit.,
3252 5266 3348 5317 με·

1795 5318 2283 5439 τασχημριτίσηται.
2327 5318 2431 5372 Alii
2487 5329 2541 5373 et
2587 5320 2737 5383 editi,
2793 5317 3344 5390 μετασχηματίζηται,

1797 5404 1974 5439 ιηιιηιε
2027 5404 2159 5439 tene.

1797 5404 1974 5443 mlllllS
2008 5404 2159 5442 nene.

1866 5458 1976 5531 (18)
2006 5457 2103 5531 Sic
2127 5444 2345 5531 Seguer.
2386 5456 2539 5531 Colb.
2573 5456 2792 5531 Taurin.
2828 5455 3016 5531 Jesttit.
3043 5452 3205 5531 B_asi|.
3227 5451 3340 5531 ᾼη-

1830 5522 1918 5583 lic.
1937 5522 1991 5581 et
2018 5522 2253 5583 Felcktu.
2274 5528 2306 5578 5
2336 5543 2493 5581 anon.
2512 5530 2579 5580 At
2599 5532 2648 5579 in
2667 5528 2785 5580 aliis
2802 5537 2856 5579 et
2875 5526 3032 5578 editis
3060 5525 3209 5576 deest
3235 5522 3336 5577 ὅτι.

1793 5545 1991 5654 {bidem
2022 5596 2254 5652 Fclckm.
2279 5597 2311 5650 5
2350 5613 2531 5654 anon.
2567 5598 2715 5654 ἡμῖν.

1819 5598 1991 5670 bidem
2022 5596 2254 5670 Eclckm.
2279 5597 2311 5650 5
2350 5613 2531 5670 agon,
2567 5598 2715 5670 ἡμῖν.
2917 5662 2932 5670 μ
2961 5661 2973 5670 _
3161 5661 3233 5670 __

1863 5666 1972 5739 (19)
2016 5668 2229 5739 Gohler.
2271 5659 2617 5739 eLFelckml'
2649 5665 2670 5715 1
2726 5677 2885 5739 anon.
2917 5659 3338 5739 ialm-15cc

1794 5731 2136 5808 (ignoranti),
2170 5746 2274 5808 etc.
2309 5735 2426 5808 Mox
2465 5737 2619 5808 iidem
2651 5742 2704 5786 et
2725 5734 2947 5808 Seguer.
2977 5731 3215 5808 _T;tnriu._
3243 5731 3335 5808 Je-

1794 5800 1926 5887 s_t't_it_.'
1954 5807 2042 5887 Fr.
2074 5800 2148 5887 .71,
2193 5804 2401 5887 :Iva_ti
2443 5802 2528 5857 σύ.
2560 5803 2749 5859 Caneri
2784 5813 2836 5857 et
2864 5802 3008 5887 editi,
3034 5801 3133 5856 Διὰ
3163 5802 3215 5855 τί
3245 5800 3333 5855 σύ.

1794 5879 1923 5934 Ibid.
1946 5877 2131 5932 Jesuit.
2146 5917 2158 5941 ,
2188 5875 2366 5943 διηγῇ.
