3954 6506
616 406 732 463 545

1184 403 1239 457 S.
1282 401 1647 457 ATHANASII
1683 398 1829 457 OPP.
1871 399 2047 454 PARS
2085 397 2125 452 I.
2164 430 2234 439 ——
2270 398 2640 456 HISTORICA
2680 399 2766 454 ET
2806 399 3218 457 DOGMATICA.

3730 401 3820 461 5M

627 524 760 577 dixit
786 522 921 576 Deus
942 536 962 574 :
986 520 1159 587 Quare
1180 531 1233 573 tu
1258 536 1473 573 enarras
1498 519 1732 585 institias
1754 516 1913 587 215
1936 535 2073 571 meas
2094 515 2172 568 "?

2277 515 2341 568 δὲ
2372 514 2691 586 ἁμαρτωλῷ
2717 512 2884 569 εἶπεν
2920 520 2952 571 ό
2984 518 3155 582 Θεός·
3199 518 3324 571 Ἵνα
3366 520 3422 573 τί
3462 520 3547 574 σὺ
3588 522 3818 592 ἐκδιηγῇ

626 622 701 677 et,
734 611 855 666 Non
900 624 972 666 est
1018 614 1247 683 speciosa
1280 612 1395 664 laus
1431 612 1485 663 in
1524 626 1612 663 ore
1643 611 1922 673 peccatoris
1942 611 2007 663 “.
2043 609 2174 665 Nam

626 721 725 761 nec
749 707 957 760 etiamsi
986 707 1263 760 veritatem
1290 705 1454 769 dicat,
1477 702 1582 757 ulla
1605 702 1706 756 lide
1734 704 1925 771 dignus
1953 713 2036 758 est
2060 717 2177 757 ver-

624 798 846 867 sipellis,
884 807 941 851 ut
967 814 1032 852 ex
1064 797 1343 866 Scriptura
1385 796 1672 858 discimus,
1701 810 1819 864 qua:
1851 797 2175 863 perversita-

626 898 754 953 tem,
799 904 904 957 qua
956 891 1211 943 adversus
1252 888 1413 940 Evam
1454 901 1581 939 usus
1631 897 1736 949 εει,
1771 899 2173 941 commemorat.

624 980 752 1047 Ejus
791 996 1004 1050 quoque
1035 980 1314 1033 audaciam
1358 978 1618 1046 repressit
1663 978 1941 1042 Dominus,
1973 993 2035 1031 ac
2065 978 2175 1044 pri-

622 1088 768 1126 mum
808 1074 1024 1143 quidem
1070 1073 1123 1126 in
1172 1080 1386 1135 monte,
1428 1071 1516 1124 ubi
1572 1071 1751 1124 varios
1790 1069 1906 1138 ejus
1947 1072 2176 1138 pectoris

621 1165 772 1218 sinus
804 1165 1116 1235 explicavit,
1149 1166 1494 1233 ostenditque
1527 1165 1773 1231 quisnam
1801 1174 1944 1217 esset
1968 1174 2174 1218 vetera-

620 1262 708 1310 tor
734 1255 842 1321 ille,
870 1271 1061 1327 nempe
1089 1272 1197 1311 non
1226 1272 1349 1313 eum
1381 1258 1615 1325 aliquem
1638 1270 1668 1309 e
1697 1258 1924 1320 sanctis,
1944 1258 2035 1310 sed
2054 1271 2173 1311 esse

620 1346 875 1401 Satanam
917 1357 1235 1412 tentantem,
1266 1348 1501 1416 hincque
1532 1349 1607 1401 ait
1634 1364 1649 1400 :
1676 1346 1773 1399 Abi
1797 1357 1907 1413 post
1939 1363 2039 1410 me,
2074 1346 2174 1401 Sa-

617 1449 779 1506 tana;
826 1442 1079 1508 scriptum
1132 1453 1206 1495 est
1250 1442 1385 1495 enim
1433 1456 1452 1494 :
1500 1439 1777 1493 Dominum
1817 1440 1979 1494 Deum
2028 1452 2170 1494 tuum

616 1532 886 1597 adorabis,
920 1542 969 1587 et
1012 1534 1092 1585 illi
1128 1534 1227 1586 soli
1258 1533 1443 1586 servies
1466 1533 1550 1585 "z
1586 1546 1683 1585 nec
1718 1546 1819 1585 non
1861 1532 2007 1596 item,
2052 1547 2171 1586 cum

617 1624 891 1681 daemones
928 1642 960 1681 e
1004 1626 1368 1681 monumentis
1402 1624 1764 1679 vociferantes
1805 1624 1966 1678 silere
1993 1623 2169 1692 jussit.

622 1712 817 1770 Verum
848 1716 1065 1787 quidem
1106 1725 1223 1770 erat
1253 1717 1393 1786 quod
1432 1716 1505 1768 illi
1546 1715 1869 1777 clamabant,
1899 1730 1998 1769 nec
2028 1732 2175 1768 men-

618 1804 891 1859 tiebantur
915 1814 1038 1859 tunc
1065 1806 1307 1860 aientes:
1336 1803 1411 1857 Tu
1444 1821 1496 1859 es
1528 1803 1702 1857 Filius
1738 1804 1829 1857 Dei
1867 1815 1913 1858 et
1949 1804 2173 1859 Sanctus

2275 608 2349 661 τὰ
2376 594 2729 676 δικαιώματά
2747 624 2900 676 μους
2935 609 3050 673 καὶ,
3071 611 3193 677 Οὐχ
3226 611 3438 679 ὡραῖος
3465 610 3639 679 αἶνος
3670 616 3729 669 ἐν
3752 617 3820 682 τῷ

2274 700 2517 767 στόματι
2554 700 2656 753 τοῦ
2692 700 2801 770 (20)
2847 700 3218 768 ἁμαρτωλοῦ.
3260 704 3394 757 Οὐδὲ
3426 706 3535 776 γὰρ
3569 706 3670 777 τὴν
3704 708 3818 779 ἀλή-

2275 787 2423 842 Θειαν
2476 790 2645 857 λέγων
2693 790 3000 858 ἀξιόπιστός
3058 797 3203 847 ἐστιν
3260 798 3289 848 6
3344 798 3673 869 πανοῦργος.
3725 801 3821 853 Καὶ

2272 878 2429 932 τοῦτο
2456 880 2620 945 ἔδειξε
2652 882 2747 951 μὲν
2774 886 2807 951 ἡ
2845 884 3031 955 Γραφὴ
3062 885 3389 956 διηγουμένη
3421 886 3519 958 τὴν
3550 889 3610 940 ὲν
3640 887 3712 957 τῷ
3738 907 3823 942 πα-

2276 967 2499 1039 ραδείσῳ
2538 970 2672 1039 πρὸς
2715 972 2812 1043 τὴν
2845 972 2982 1025 Εὕαν
3022 974 3182 1026 αότοῦ
3224 978 3615 1045 κακοτεχνίαν⁸
3651 977 3822 1046 ἤλεγξε

2272 1059 2329 1112 δὲ
2360 1060 2521 1114 αὑτὸν
2552 1064 2645 1114 καὶ
2683 1064 2793 1131 (9.1)
2827 1066 2854 1116 6
2877 1064 3105 1135 Κύριος,
3142 1065 3356 1136 πρῶτον
3386 1067 3484 1136 μὲν
3510 1068 3570 1119 ἐν
3599 1068 3675 1138 τῷ
3701 1070 3820 1139 δρει,

2273 1154 2490 1227 διαιρῶν
2520 1156 2615 1227 τὴν
2654 1157 2841 1220 πτύξιν
2879 1158 2969 1211 τοῦ
3002 1157 3246 1229 Θώρακος
3281 1160 3440 1213 αὑτοῦ
3462 1202 3477 1226 ,
3512 1162 3609 1214 καὶ
3634 1162 3824 1227 δεικνὺς

2273 1246 2417 1310 ὅστις
2461 1249 2605 1300 ἐστὶν
2637 1251 2664 1301 6
2690 1248 2861 1311 δόλιος
2895 1250 3002 1319 (22)
3025 1289 3041 1313 ,
3073 1251 3167 1303 καὶ
3196 1252 3463 1322 ἐλέγχων,
3504 1254 3589 1306 ὃτι
3633 1254 3704 1324 μὴ
3729 1255 3821 1306 τῶν

2271 1340 2438 1406 ἁγίων
2460 1333 2538 1403 εἷς
2570 1343 2713 1393 ἐστιν
2735 1380 2749 1403 ,
2781 1340 2915 1393 ἀλλὰ
2944 1342 3183 1405 Σατανᾶς
3216 1344 3361 1395 ἐστιν
3389 1345 3417 1395 6
3456 1343 3750 1415 πειράζων,
3774 1348 3825 1398 ὲν

2270 1431 2347 1501 τῷ
2372 1432 2564 1500 λέγειν·
2592 1432 2615 1451 '
2633 1435 2824 1501 Υπαγε
2853 1434 3040 1487 ὀπίσω
3061 1452 3201 1503 μου,
3229 1435 3492 1491 Σατανᾶο
3522 1436 3826 1506 γέγραπται

2270 1523 2404 1591 γάρ·
2444 1525 2660 1591 Κύριον
2703 1524 2809 1577 τόν
2854 1524 3001 1578 Θεόν
3040 1540 3155 1579 σου
3201 1527 3691 1593 προσκυνήσεις,
3735 1530 3825 1583 καὶ

2269 1611 2427 1677 αὐτῷ
2448 1615 2613 1682 μόνῳ
2631 1615 3008 1682 λατρεύσεις·
3058 1615 3152 1667 καὶ
3178 1616 3268 1667 ὅτε
3296 1615 3352 1668 δὲ
3390 1616 3695 1687 κράζοντας
3733 1619 3828 1671 ἀπὸ

2270 1702 2378 1755 τῶν
2414 1704 2694 1774 μνημείων
2728 1704 2971 1775 ἐφίμωσε
3010 1706 3137 1769 τοὺς
3166 1707 3445 1778 δαίμονας.
3472 1703 3585 1761 τΗν
3611 1709 3708 1780 μὲν
3732 1711 3827 1782 γὰρ

2274 1794 2466 1865 ἀληθὲς
2490 1795 2549 1847 τὸ
2576 1795 2704 1867 παρ’
2734 1794 2912 1849 αὐτῶν
2942 1794 3249 1882 λεγόμενον,
3290 1798 3385 1850 καὶ
3415 1799 3518 1851 οὐκ
3560 1799 3829 1882 ἐψεύδοντο

617 1896 716 1951 Dei
750 1897 797 1930 ⁸⁸
833 1906 931 1952 :at
974 1898 1191 1953 nolebat
1236 1912 1330 1966 per
1373 1913 1435 1952 os
1477 1897 1805 1950 immundum
1838 1896 2172 1965 maximeque

2277 1888 2387 1940 τότε
2416 1887 2527 1957 (25)
2553 1887 2819 1955 λέγοντες,
2851 1889 2931 1941 ὅτι
2952 1878 3036 1941 Ei}
3054 1885 3113 1942 εἷ
3130 1892 3162 1942 ό
3181 1890 3311 1953 Υἱὸς
3340 1888 3448 1943 τοῦ
3472 1878 3624 1943 Θεοῦ
3642 1935 3657 1957 ,
3681 1893 3770 1945 καὶ
3800 1896 3829 1947 ό

614 2003 712 2059 per
734 1988 852 2043 illos
890 1992 1167 2044 veritatem
1195 1989 1443 2059 proferri,
1477 2004 1543 2043 ne
1571 1988 1726 2056 hujus
1746 1990 2027 2043 occasione
2052 2005 2172 2059 pro-

616 2080 787 2146 priam
840 2094 949 2133 suae
994 2080 1213 2133 malitiae
1257 2080 1587 2134 voluntatem
1631 2080 2018 2147 admiscentes,
2052 2096 2171 2136 eam

616 2169 1006 2226 dormientibus
1034 2172 1337 2226 hominibus
1366 2173 1939 2241 superseminarent".
1971 2172 2172 2227 Idcirco

617 2274 792 2328 neque
834 2261 947 2328 ipse
980 2275 1072 2314 eos
1100 2259 1174 2315 ita
1208 2259 1349 2329 loqui
1383 2276 1571 2328 passus
1595 2271 1696 2322 est,
1724 2275 1894 2326 neque
1928 2276 2025 2316 nos
2059 2263 2172 2316 haec

615 2350 761 2405 ferre
804 2351 1159 2420 permittens,
1189 2367 1284 2421 per
1312 2352 1546 2419 seipsum
1594 2352 1676 2405 his
1718 2352 1895 2405 verbis
1943 2367 2171 2419 praemo-

615 2443 735 2495 nuit
764 2460 777 2495 :
806 2441 1071 2495 Attendile
1097 2460 1129 2495 (ι
1160 2442 1311 2510 falsis
1332 2443 1615 2509 prophetis,
1646 2444 1731 2510 qui
1762 2444 1961 2495 veniunt
1987 2444 2055 2495 ad
2083 2461 2170 2497 vos

614 2535 670 2589 in
698 2536 1009 2589 uestimentis
1034 2538 1226 2598 ovium,
1260 2537 1571 2588 intrinsecus
1595 2546 1766 2588 autent
1795 2551 1914 2589 sum
1941 2538 2049 2603 lupi
2084 2553 2172 2591 ra—

614 2642 767 2693 paces
812 2628 879 2678 ”.
920 2626 986 2679 Et
1032 2642 1126 2695 per
1171 2637 1389 2681 sanctos
1435 2627 1706 2696 apostolos
1757 2644 1772 2684 :
1819 2628 1992 2682 Nolite
2031 2631 2169 2683 omni

615 2716 827 2784 spiritui
858 2719 1065 2769 credere
1095 2718 1159 2771 9’.
1197 2717 1266 2769 Ea
1292 2718 1553 2786 siquidem
1585 2727 1667 2772 est
1696 2719 1895 2772 indoles
1919 2720 2168 2773 adversa-

617 2807 713 2859 ria:
731 2807 1077 2874 operationis,
1105 2822 1205 2861 nec
1229 2808 1327 2887 alia
1352 2820 1433 2861 est
1457 2809 1717 2863 hzeresum
1739 2812 2127 2880 coagmentatio
2151 2824 2166 2863 :

616 2900 839 2970 singulae
866 2901 1007 2953 enim
1035 2901 1243 2969 proprii
1277 2904 1566 2956 commenti
1596 2913 1797 2972 patrem
1825 2912 1877 2956 et
1897 2912 2165 2958 auctorem

618 2992 931 3047 mendacem
962 2994 1253 3047 daemonem
1281 2992 1498 3057 habent,
1531 2995 1621 3064 qui
1654 2996 1721 3048 ab
1753 2995 1902 3049 initio
1949 3010 2165 3063 perver-

616 3095 732 3144 sus,
762 3082 1025 3135 homicida
1070 3081 1243 3136 lactus
1283 3092 1363 3136 est
1393 3100 1408 3135 :
1444 3083 1599 3153 cujus
1640 3098 1759 3139 cum
1796 3086 2162 3138 detestandum

2270 1979 2435 2049 ἅγιος
2460 1979 2563 2033 τοῦ
2595 1979 2741 2033 Θεοῦ
2760 1997 2773 2010 ·
2819 1980 2931 2034 ἀλλ’
2955 1981 3054 2033 οὐκ
3091 1979 3247 2050 ἧυελε
3277 1980 3341 2033 δι’
3372 1982 3687 2053 ἁκαυὰρτου
3719 1984 3826 2037 στό-

2273 2087 2439 2140 ματος
2473 2070 2571 2140 τὴν
2615 2070 2869 2141 ἀλήθειαν
2902 2070 3014 2142 (24)
3060 2070 3426 2142 προφέρεσθαι
3473 2073 3572 2126 καὶ
3616 2074 3827 2144 μάλιστα

2267 2162 2334 2215 δι’
2371 2162 2624 2228 ἐκείνων,
2671 2161 2759 2215 ἵνα
2792 2161 2901 2232 μὴ,
2943 2162 3209 2232 προφάσει
3248 2162 3453 2233 ταύτης
3494 2165 3829 2234 ὲπιμίξαντες

2267 2254 2327 2307 τὸ
2345 2254 2469 2307 ἴδιον
2487 2254 2692 2325 θέλημα
2716 2255 2815 2323 τῆς
2839 2255 3055 2318 κακίας,
3089 2255 3448 2327 ὲπισπείρωσι
3466 2257 3631 2311 τοῦτο
3647 2259 3825 2312 καθεύ-

2268 2345 2414 2397 δουσι
2435 2348 2545 2408 τοῖς
2570 2345 2889 2417 ἀνθρώποις.
2921 2347 3017 2400 Διά
3064 2347 3220 2400 τοῦτο
3249 2348 3359 2419 (25)
3394 2348 3521 2403 οὕτε
3558 2352 3722 2414 αὐτὸς
3746 2354 3824 2419 ἢν·

2268 2436 2457 2507 ἐσχετο
2487 2438 2707 2491 τοιαῦτα
2732 2438 3028 2493 λαλούντων
3053 2440 3250 2500 αὐτῶν,
3290 2441 3408 2493 οὐδὲ
3434 2444 3587 2511 ἡμᾶς
3620 2443 3826 2511 evaseri-

2270 2530 2389 2583 σθαι
2434 2529 2543 2599 (QG)
2582 2530 2688 2583 τῶν
2730 2531 2982 2583 τοιούτων
3031 2530 3367 2602 βουλόμενος,
3410 2534 3745 2604 παρήγγειλε
3770 2536 3826 2587 δι’

2267 2623 2456 2676 ἑαυτοῦ
2510 2624 2629 2694 μὲν,
2660 2622 3029 2692 Προσέχετε,
3070 2622 3265 2692 λέγων,
3307 2624 3427 2678 ἀπὸ
3463 2625 3585 2678 τῶν
3628 2626 3831 2694 ψευδο-

2267 2716 2602 2787 προφητῶν,
2646 2720 2861 2783 οἵτινες
2889 2717 3161 2787 ἔρχονται
3194 2717 3343 2786 πρὸς
3378 2716 3540 2787 ὑμᾶς
3578 2720 3646 2772 ἐν
3672 2718 3828 2772 ἐνδύ-

2263 2824 2411 2877 μασι
2456 2808 2784 2876 προϐάτων,
2822 2809 3047 2863 ἔσωθεν
3067 2808 3135 2862 δέ
3178 2812 3293 2863 εἱσι
3324 2810 3501 2864 λύκοι
3548 2810 3825 2878 ἅρπαγες’

2265 2901 2353 2955 διὰ
2402 2902 2458 2955 δὲ
2497 2902 2601 2955 τῶν
2632 2902 2800 2970 ἁγίων
2837 2903 3177 2957 ἀποστόλων’
3214 2903 3309 2969 Μὴ
3338 2905 3519 2958 παντὶ
3549 2907 3828 2972 πνεύματι

2264 2995 2590 3048 πιστεύετε.
2623 2994 2869 3057 Τοιοῦτος
2890 2995 2995 3065 γὰρ
3021 2995 3132 3063 ('27)
3171 2998 3198 3049 6
3230 2996 3429 3066 τρόπος
3460 2997 3563 3066 τῆς
3605 2998 3825 3049 ἀντικει-

2269 3084 2434 3157 μένης
2472 3087 2747 3157 ἐνεργείας
2778 3086 2921 3139 ἐστί’
2972 3088 3189 3142 τοιαῦτα
3227 3088 3283 3141 δὲ
3317 3088 3384 3141 τὰ
3422 3088 3533 3140 τῶν
3571 3088 3819 3157 αἱρέσεων

619 3187 812 3226 nomen
841 3173 985 3241 ipsas
1017 3174 1259 3243 proferre
1290 3175 1505 3242 pudeat,
1539 3174 1795 3243 pmclaro
1815 3173 2163 3243 omnibusque

2277 3178 2537 3249 συγκροτή
2548 3194 2686 3247 ματα
2707 3178 2819 3248 (ΞΒ)
2840 3178 3109 3247 τυγχάνει·
3140 3179 3350 3249 πατέρα
3376 3179 3483 3247 γὰρ
3508 3178 3710 3250 ἑκάστη
3732 3178 3825 3246 τῆς

615 3268 990 3335 ιιταιειοηιὶοτε
1027 3265 1321 3320 Salvatoris
1352 3267 1567 3320 nomine
1601 3281 1659 3322 se
1690 3267 1819 3321 falso
1852 3267 2164 3335 insignium,

2277 3237 2671 3328 ιδίαςὲπινοίας
2701 3237 2898 3336 έχούσα
3035 3265 3094 3330 ἐξ
3125 3237 3297 3338 ἀρχῆς
3320 3237 3599 3339 τραπέντα
3745 3237 3831 3336 ys.

613 3366 668 3411 et
693 3357 874 3411 verbis
916 3357 1320 3427 Scripturarum
1348 3373 1407 3414 se
1434 3362 1629 3413 audent
1666 3360 1949 3413 adornare.
1977 3360 2047 3413 At
2075 3373 2167 3411 vo-

614 3464 706 3503 ces
728 3451 940 3519 quidem
966 3450 1266 3520 proferunt,
1293 3466 1477 3505 verum
1502 3462 1678 3506 autem
1703 3452 1877 3505 celant
1903 3465 2117 3505 sensum
2149 3468 2163 3504 :

610 3550 778 3608 atque
818 3540 920 3594 hoc
963 3551 1120 3610 pacto
1162 3540 1406 3609 singulae,
1443 3543 1661 3611 proprio
1701 3551 2003 3596 commento
2032 3541 2167 3596 insi-

613 3629 765 3685 (“an
814 3632 1050 3698 obtecto,
1093 3647 1299 3697 eorum,
1341 3648 1477 3702 quos
1522 3634 1575 3688 in
1622 3648 1865 3689 errorem
1913 3633 2172 3687 inducunt

614 3724 750 3777 ﬁunt
782 3725 1086 3781 homicidzn.

2272 3360 2491 3431 νόμενον
2526 3358 2963 3427 ἀνθρωποκτόνον
3005 3362 3099 3414 καὶ
3142 3360 3380 3431 ψεύστην
3432 3363 3524 3416 τὸν
3574 3362 3828 3423 διάὃολον,

2271 3453 2365 3506 καὶ
2431 3451 2788 3523 αἰσχυνομένη
2833 3452 2892 3506 τὸ
2937 3452 3123 3506 τούτου
3188 3453 3414 3523 μισητὸν
3471 3453 3647 3523 ὄνομα
3704 3470 3830 3522 προ·

2272 3545 2496 3616 φέρειν,
2546 3546 2892 3617 ὑποκρίνεται
2942 3548 3002 3599 τὸ
3034 3546 3195 3599 καλὸν
3248 3547 3340 3599 καὶ
3378 3547 3520 3617 ὑπὲρ
3569 3548 3674 3600 πᾶν
3723 3546 3831 3599 δνο-

2279 3652 2355 3706 μα
2389 3634 2483 3689 τοῦ
2529 3635 2809 3707 Σωτῆρος,
2851 3637 2946 3700 τάς
2985 3652 3042 3689 τε
3081 3636 3190 3688 τῶν
3228 3635 3460 3706 Γραφῶν
3516 3636 3683 3702 λέξεις
3738 3652 3834 3686 πε-

2279 3723 2603 3794 ριϐάλλεται.
2671 3725 2780 3778 Καὶ
2835 3725 2980 3793 λέγει
3030 3724 3127 3795 μὲν
3184 3724 3253 3776 τὰ
3305 3727 3564 3794 ῥήματα,
3616 3721 3830 3775 κλέπτει

612 3814 671 3868 δὲ
709 3816 807 3887 τὴν
842 3816 1078 3869 διάνοιαν
1102 3834 1217 3887 ,την
1267 3816 1442 3887 ἀληθῆ
1477 3814 1620 3885 (Ξ9)·
1666 3816 1758 3869 καὶ
1813 3816 2016 3880 λοιπὸν,
2077 3815 2143 3886 ἣν
2183 3814 2412 3869 ἔπλασεν
2462 3817 2597 3870 ἰδίαν
2648 3818 2888 3871 ἐπίνοιαν
2930 3818 3005 3882 ὡς
3048 3820 3105 3870 ὲν
3156 3817 3293 3888 δόλῳ
3343 3818 3452 3871 τινὶ
3500 3816 3828 3880 σκεπάσασα,

612 3909 1054 3981 ἀνθρωποκτόνος
1097 3912 1191 3964 καὶ
1224 3911 1362 3983 αὐτὴ
1402 3911 1608 3981 γίνεται
1636 3911 1741 3964 τῶν
1780 3912 2158 3984 πλανωμένων.

612 3986 629 3999 ἠ
683 4004 739 4057 4.
782 4003 1066 4057 Enimvero
1092 4004 1219 4073 quid
1250 4003 1507 4058 Marciani
1539 4014 1595 4057 et
1622 4003 1931 4066 Manichzeo,
1962 4006 2051 4072 qui
2094 4005 2167 4057 le-

615 4110 735 4164 gem
788 4105 1010 4163 negant,
1058 4094 1323 4165 profuerit
1368 4093 1749 4163 Evangelium;
1800 4095 2060 4162 siquidem
2110 4109 2175 4147 ex

614 4187 891 4241 veteribus
933 4201 1071 4240 nova
1115 4196 1241 4241 sunt
1289 4194 1499 4250 exorta,
1531 4196 1585 4241 et
1625 4187 1867 4240 vicissim
1905 4185 2177 4240 veteribus

614 4293 754 4331 nova
781 4278 1068 4344 perhibent
1100 4278 1507 4332 testimonium?
1534 4278 1634 4344 Qui
1665 4294 1792 4349 ergo
1825 4289 2005 4332 vetera
2051 4276 2175 4347 rejis

613 4371 786 4434 ciunt,
835 4372 1103 4438 quomodo
1143 4385 1261 4439 qua:
1308 4384 1374 4424 ex
1429 4370 1535 4424 illis
1581 4385 1904 4426 emanavere
1954 4384 2170 4439 possun.

2347 4004 2400 4058 4.
2448 4005 2598 4058 Ἐπεὶ
2630 4004 2791 4056 πόθεν
2818 4005 3101 4075 Μαρκίωνι
3133 4005 3226 4056 καὶ
3259 4003 3546 4079 Μανιχαίῳ
3577 4002 3633 4055 τὸ
3659 4002 3833 4065 Εὐαγ-

2276 4097 2473 4166 γέλιον,
2509 4096 2857 4168 ἀρνουμένοις
2882 4095 2973 4149 τὸν
2996 4097 3155 4163 νόμον
3183 4096 3293 4165 (50)
3317 4111 3331 4159 ;
3363 4097 3428 4148 ἐκ
3453 4095 3562 4165 γὰρ
3588 4093 3687 4146 τῶν
3730 4109 3831 4144 πα-

2275 4187 2441 4241 λαιῶν
2484 4189 2552 4240 τὰ
2585 4188 2698 4248 νέα,
2747 4188 2841 4240 καὶ
2876 4187 2945 4239 τὰ
2985 4187 3079 4241 νέα
3118 4189 3232 4250 τοῖς
3265 4186 3516 4248 παλαιοῖς
3549 4186 3830 4256 μαρτυρεῖ.

2278 4282 2339 4333 Οἱ
2362 4280 2538 4333 τοίνυν
2571 4278 2890 4350 ἀρνούμενοι
2914 4277 3084 4332 ταῦτα
3113 4277 3230 4341 πῶς
3258 4277 3643 4348 ὁμολογήσουσι
3674 4274 3741 4326 τὰ
3774 4273 3832 4336 ἐξ

2275 4371 2537 4434 ὲκείνων;
2591 4368 2801 4432 Παῦλος
2846 4368 2953 4440 γὰρ
3003 4368 3297 4431 ἀπόστολος
3350 4368 3461 4438 (51)
3514 4363 3834 4432 Εὑαγγελίου

682 4545 885 4599 θῬεςιι.
923 4561 1071 4605 ms.
1102 4546 1189 4599 16.
1264 4546 1311 4578 ’⁸
1342 4544 1502 4598 Eccli.
1536 4561 1624 4607 xv,
1652 4546 1703 4597 9.
1779 4545 1825 4576 ⁸⁸
1861 4545 2134 4605 Matln.tv,

2331 4542 2377 4575 “
2406 4542 2586 4596 Matth.
2612 4558 2724 4606 vin,
2756 4542 2854 4609 29;
2878 4542 3040 4596 Marc.
3074 4556 3111 4608 ι,
3138 4542 3227 4597 24.
3304 4543 3349 4574 ⁸⁷
3380 4541 3567 4597 Matth.
3594 4553 3711 4601 sui,
3732 4535 3827 4590 25.

611 4618 658 4649 ⁵⁸
686 4618 872 4671 Matth.
909 4633 1004 4681 vn,
1036 4617 1120 4671 15.
1195 4615 1239 4648 ⁹⁰
1271 4616 1288 4669 ι
1318 4615 1511 4669 Joaun.
1547 4629 1621 4676 tv,
1653 4614 1706 4666 1.

682 4766 794 4838 (9.0)
842 4754 935 4837 Τῷ
959 4776 1013 4821 et
1039 4765 1129 4838 τοῦ
1169 4766 1388 4838 abesta
1413 4763 1602 4819 Jesuit.
1634 4771 1689 4817 et
1732 4761 1952 4817 Taurin.
1978 4762 2068 4831 qui
2114 4770 2169 4817 et
2199 4767 2244 4822 Ι)

612 4834 733 4892 mox
766 4834 963 4906 habent
987 4837 1122 4889 Οὐδὲ
1142 4836 1249 4906 γὰρ
1274 4834 1413 4889 οὐδέ.

685 4906 796 4973 (ει)
832 4905 923 4961 Sic
948 4905 1171 4976 Seguer.
1192 4904 1263 4959 At
1294 4907 1383 4976 alii
1416 4904 1512 4958 καί
1539 4904 1813 4976 omitt_unt.

684 4971 795 5047 (ἓξ)
824 4976 940 5047 Sic
977 4971 1200 5047 Séguer.
1225 4974 1555 5047 A‘t‘Colbert.
1598 4985 1651 5047 et
1676 4973 1939 5047 Taurin.,_
1958 4971 2169 5047 δεικνὺς

611 5041 786 5100 αὐτὸν
817 5046 964 5108 ὅστις
1015 5041 1161 5097 ἐστὶν
1206 5049 1235 5100 6
1263 5044 1454 5107 δόλιος.
1504 5044 1723 5100 Gobler.
1757 5056 1811 5098 et
1850 5041 2085 5097 Felckm.
2141 5043 2168 5093 1

613 5131 775 5171 anon.
836 5116 1092 5170 omittunt
1137 5117 1165 5168 6
1227 5116 1419 5177 δόλιος.
1478 5116 1581 5168 Alii
1634 5124 1689 5169 et
1754 5116 1904 5174 editi,
1957 5112 2170 5175 δεικνὺς

612 5186 778 5241 αὑτὸν
831 5186 978 5249 ὅστις
1020 5187 1165 5238 ἐστὶν
1207 5188 1235 5239 6
1261 5184 1520 5247 διάϐολος.
1584 5184 1629 5237 Α
1664 5184 1899 5237 Felckm.
1943 5183 1977 5236 5
2009 5198 2170 5235 anon.

612 5260 765 5311 abest
806 5254 941 5310 ὲστί.
993 5255 1113 5312 Mox
1148 5271 1245 5326 pro
1287 5249 1366 5327 εἷς
1389 5253 1582 5308 Jesuit.
1629 5263 1684 5309 et
1717 5253 1939 5308 Taurin.
1978 5252 2180 5307 habent

613 5329 719 5391 τίς.

686 5396 800 5465 (23)
830 5396 965 5450 Τότε
995 5398 1146 5451 abest
1171 5411 1201 5451 a
1236 5395 1457 5451 Gobler.
1486 5402 1552 5465 et
1577 5392 1816 5465 Ij‘elckm.
1842 5392 1871 5465 j
1905 5406 2066 5465 anon.

614 5461 792 5590 T34)
824 5467 934 5539 Τὴν
976 5467 1229 5539 ἀλήθειαν
1279 5469 1429 5521 deest
1481 5464 1535 5518 in
1580 5461 1769 5518 Jesuit.
1831 5461 2069 5518 Colbert.
2120 5466 2175 5514 et

663 5553 841 5590 aurm.

663 5553 841 5591 aurm.

686 5606 796 5673 (9.5)
841 5606 964 5662 Haec
993 5608 1172 5669 verba,
1221 5604 1537 5660 καθεύδουσι
1571 5606 1681 5667 τοῖς
1727 5600 2049 5674 ἀνθρώποις.
2078 5598 2174 5652 Διά

616 5676 797 5737 τοῦτο,
832 5678 1031 5731 desunt
1058 5679 1110 5731 in
1139 5677 1339 5732 Jesuit.

689 5746 799 5824 Q6)
834 5747 926 5799 Sic
976 5749 1195 5824 Seguer.
1228 5746 1463 5800 Colbert.
1501 5742 1723 5799 Taurin.
1750 5742 1942 5799 Jesuit.
1995 5740 2085 5795 Fr.
2120 5743 2171 5797 1.

620 5814 760 5867 Editi
793 5830 937 5877 vero,
966 5816 1267 5884 ἀνέχεσθαι.

2340 4759 2452 4829 (27)
2480 4758 2591 4830 Γάρ
2621 4760 2771 4813 abest
2803 4776 2829 4812 a
2858 4759 3078 4827 Seguer.

2341 4832 2455 4902 (2s)
2492 4828 2582 4902 Sic
2613 4832 2835 4902 Seguer.
2868 4830 3086 4902 Taurin.
3118 4828 3320 4902 Jesuit.
3345 4831 3554 4902 Anglic.
3602 4829 3828 4902 Gobler.

2267 4898 2504 4954 Felckm.
2539 4898 2565 4952 1
2591 4908 2646 4953 et
2685 4898 2700 4953 Ξ

2271 4970 2561 5042 meliniana
2627 4968 2829 5042 omittit
2900 4969 3371 5042 Guyxporﬁuam,
3419 4972 3541 5027 Mox
3601 4969 3833 5042 Gobler.

2268 5038 2563 5162 56::ka
2602 5051 2656 5093 et
2696 5039 2729 5092 5
2772 5055 2933 5095 anon.
2971 5038 3191 5105 habent,
3237 5041 3449 5113 πατέρα
3479 5042 3580 5112 γὰρ
3612 5039 3836 5109 αἵρεσις

2302 5127 2335 5162 κ
2378 5126 2498 5162 στη.

2302 5127 2474 5164 καστη
2487 5150 2498 5164 .

2271 5126 2713 5303 Ξκῗὲξςὶέθευωτ.
2743 5179 2964 5234 Taurin.
3011 5178 3246 5234 Colbert.
3282 5180 3499 5250 Jesuit.,
3519 5180 3609 5252 τὴν
3637 5177 3838 5261 ἀληθῆ

2306 5266 2530 5303 ιανοιαν.

2306 5266 2530 5304 ιανοιαν.

2344 5322 2457 5390 (50)
2487 5319 2580 5374 Sic
2603 5318 2830 5387 Seguer.
2857 5315 3098 5390 C_olbert.
3127 5317 3351 5375 Taurin.
3379 5320 3569 5390 Jesuit,
3596 5315 3837 5390 Gobler.

2270 5386 2507 5444 Felckm.
2538 5391 2563 5443 1
2596 5405 2755 5443 anon.
2799 5398 2851 5442 et
2876 5387 2967 5441 Fr.
2996 5390 3048 5442 1.
3073 5389 3144 5442 At
3168 5390 3300 5443 editi
3332 5404 3388 5445 et
3414 5392 3524 5454 alii,
3550 5386 3839 5457 ἀρνουμέ-

2270 5478 2380 5523 νοις
2403 5460 2495 5513 καὶ
2532 5459 2619 5512 τὸν
2648 5459 2829 5529 νόμον.

2343 5531 2457 5600 (51)
2485 5530 2575 5583 Sic
2601 5524 2824 5605 Seguer.
2860 5526 3081 5605 'l‘attrin.
3121 5527 3357 5605 galbert.
3419 5538 3471 5583 et
3500 5524 3841 5605 lesuit:_Alii

2270 5594 2447 5653 autem
2477 5610 2531 5652 et
2551 5594 3093 5668 θόὶιίζόἏπόστολρς.
3106 5594 3229 5668 _lb'id
3276 5600 3514 5668 Seguer.,
3532 5594 3624 5668 τοῇ
3638 5594 3843 5668 Εὐαγο

2269 5669 2472 5791 Efﬁce;
2496 5669 2637 5791 ἕἓιοιιι
2666 5661 2820 5736 ibi'd.,
2852 5683 2946 5737 pro
2979 5661 3060 5735 οὗ,
3098 5665 3288 5724 Jesuit.
3324 5661 3474 5725 (ἴση).
3507 5676 3558 5722 et
3586 5661 3840 5718 Taurin.

2311 5756 2338 5791 J
2381 5757 2445 5791 CII
2531 5782 2542 5791 .

2274 5742 2472 5795 habent
2496 5742 2542 5794 ὃ.

2760 4916 2921 4955 anon.
2950 4911 3005 4953 et
3037 4899 3127 4954 Fr.
3171 4908 3223 4953 1.
3252 4899 3621 4956 Ειιίιὶοέιιῑεηι
3660 4899 3838 4953 Com-
