3954 6520
532 425 641 482 547
1104 428 1161 485 S.
1202 429 1574 487 ATHANASII
1613 432 1762 488 OPP.
1805 431 1987 488 PARS
2024 435 2067 489 l.
2109 466 2176 477 —-
2215 432 2585 490 lllSTORlCA
2618 432 2707 488 ΕΤ
2748 434 3167 517 DOGMATICA.
3675 437 3772 492 548

528 564 653 601 sum
694 546 963 613 Chrisms,
995 559 1049 604 et
1084 553 1225 621 apud
1270 570 1357 609 me
1395 566 1475 612 est
1508 558 1738 622 veritas;
1770 567 2103 628 cunctasque

2222 575 2267 626 re
2300 558 2620 629 παράδοξον,
2651 559 2819 612 πᾶσαι
2848 558 2982 628 πρὸς
3011 556 3208 620 ἑαυτὰς
3245 557 3302 610 αί
3338 556 3577 627 αἱρέσεις
3617 558 3778 625 μαχό-

532 654 757 709 prorsus
796 655 919 694 cum
964 646 1259 713 separatim
1308 657 1419 701 tum
1479 648 1838 703 communiter
1880 650 2097 704 mentiri

2222 668 2362 704 ιεναι
2385 652 2513 722 περὶ
2543 644 2619 704 ὧν
2648 650 2877 703 ἔπλασεν
2905 651 3017 721 (12)
3046 651 3251 721 ἑκάστη
3302 651 3507 713 κακῶν,
3544 653 3604 702 ἐν
3640 651 3777 720 μόνῳ

533 733 711 801 coegit
740 742 1010 789 veterator
1035 753 1047 788 :
1090 747 1144 791 et
1172 740 1313 807 quod
1352 738 1594 809 profecto
1622 741 1816 793 mirum
1848 749 1949 806 est,
1972 755 2097 795 cum

2222 742 2277 812 ζῶ
2308 739 2597 811 ψεύδεσθαι
2632 741 2985 811 συνεδέθησαν
3006 739 3298 811 ἀλλήλαις·
3334 740 3429 792 ’ἐνα
3462 739 3574 809 γάρ
3600 739 3780 808 ἔχουσι

531 839 722 879 omnes
754 825 992 880 haereses
1019 828 1279 883 adversus
1316 831 1522 898 seipsas
1564 830 1845 894 dimicent,
1879 841 1937 885 ut
1967 846 2101 884 una-

534 932 762 987 qumque
808 933 870 972 ea
925 934 1043 988 qua:
1087 931 1386 976 commenta
1442 933 1524 977 est
1560 932 1795 986 tueatur,
1835 922 2009 976 solum
2045 921 2100 975 in

536 998 850 1065 mentiendo
888 1010 1031 1065 inter
1080 1027 1138 1066 se
1188 1014 1536 1068 consentiunt
1580 1030 1594 1067 :
1631 1014 1885 1068 nimirum
1934 1029 2100 1068 unum

534 1116 725 1156 omnes
750 1114 956 1173 patrem
986 1104 1203 1171 habent,
1245 1106 1337 1174 qui
1373 1106 1713 1161 mendacium
1748 1106 1877 1174 ipsis
1908 1119 2101 1174 super-

536 1197 817 1249 seminavit
845 1198 886 1248 ⁸.
937 1196 1103 1267 Igitur
1131 1198 1376 1267 quisquis
1408 1198 1582 1253 lidelis
1615 1209 1698 1254 est
1730 1209 1783 1254 et
1825 1198 2102 1267 Evangelii

535 1286 852 1356 discipulus,
877 1303 939 1343 ac
960 1289 1102 1345 dono
1126 1291 1427 1360 spiritualia
1450 1292 1791 1347 discernendi
1825 1292 2100 1361 praeditus,

535 1379 735 1449 quique
767 1395 919 1435 suam
952 1381 1074 1436 fidei
1104 1384 1322 1437 domum
1355 1384 1407 1437 in
1438 1394 1589 1453 petra
1618 1383 1968 1449 :ediﬁcavlt’,
1996 1390 2105 1437 stat

2202 834 2414 903 πατέρα
2445 833 2535 885 τὸν
2581 834 2781 895 πάσαις
2816 834 3210 905 ὲπισπείραντα
3254 832 3315 884 τὸ
3342 831 3558 902 ψεῦδος.
3598 832 3659 883 Ὀ
3688 832 3780 901 μὲν

2201 919 2294 977 οὖν
2328 925 2519 988 πιστὸς
2548 925 2641 977 καὶ
2673 924 2765 977 τοῦ
2790 925 3121 993 Εὑαγγελίου
3148 924 3421 995 μαθητὴς,
3457 923 3805 1005 ἔχωνχάω

2199 1119 2336 1177 τραν
2378 1100 2971 1180 οἰκοδομῆσαςέαυτοῦ
3009 1110 3107 1181 τὴν
3140 1111 3242 1180 τῆς
3290 1110 3525 1172 πίστεως
3584 1107 3781 1169 οἰκίαν,
3874 1116 3877 1123 ’

2201 1198 2429 1268 ἕστηκεν
2455 1199 2663 1270 ἑδραῖος
2686 1202 2779 1253 καὶ
2802 1198 3045 1272 ἀσφαλὴς
3074 1202 3181 1255 ἀπὸ
3210 1204 3311 1271 τῆς
3335 1200 3541 1255 τούτων
3570 1201 3783 1269 ἀπάτης

2201 1288 2503 1360 διαμένων·
2540 1292 2569 1343 6
2602 1292 2659 1345 δὲ
2701 1292 2927 1356 ἁπλοῦς,
2977 1293 3050 1356 ὡς
3083 1295 3345 1363 προεῖπον
3377 1292 3511 1365 (44),
3569 1294 3667 1346 καὶ
3711 1293 3783 1363 μὴ

2202 1381 2528 1452 κατηχηθεὶς
2574 1382 2828 1455 ἰσχυρῶς,
2868 1386 2896 1437 6
2935 1384 3172 1449 τοιοῦτος
3203 1387 3272 1437 τά
3307 1382 3577 1455 λεγόμενα
3629 1384 3783 1456 μόνον

534 1470 744 1537 ﬁrmus,
788 1482 843 1527 et
879 1482 1023 1527 tutus
1067 1475 1134 1529 ab
1177 1474 1390 1529 illorum
1427 1476 1611 1531 fraude
1658 1483 1859 1529 manet.
1896 1476 1964 1528 At
2013 1473 2103 1543 qui

2222 1470 2441 1535 τκοπῶν,
2474 1474 2568 1525 καὶ
2605 1472 2679 1542 μὴ
2712 1472 2812 1544 τὴν
2837 1473 3070 1527 διάνοιαν
3101 1473 3341 1545 θεωρῶν,
3395 1472 3562 1535 εὐθὺς
3592 1471 3785 1525 ὑποσύυ

535 1564 763 1633 simplex
806 1576 923 1629 est,
953 1574 1011 1619 ut
1048 1566 1187 1629 dixi,
1221 1580 1321 1621 nec
1365 1566 1523 1621 valde
1573 1567 1904 1632 instructus;
1940 1567 1985 1621 is
2036 1564 2103 1619 ad

2222 1579 2355 1615 ›εται
2386 1566 2504 1627 ταῖς
2530 1564 2750 1617 ἐκείνων
2780 1564 3098 1636 μεθοδείαις.
3127 1566 3227 1618 Διὰ
3270 1565 3427 1618 τοῦτο
3473 1562 3641 1617 καλόν
3671 1567 3783 1617 ἐστι

534 1659 700 1710 verba
730 1658 993 1710 duntaxat
1020 1658 1339 1722 attendens,
1370 1673 1471 1713 nec
1500 1672 1720 1713 sensum
1749 1657 2101 1727 perspiciens,

2222 1654 2296 1706 ιαὶ
2324 1654 2617 1731 ἀναγκαῖον
2666 1655 2918 1727 εὔχεσθαι
2964 1657 3257 1728 λαμϐάνειν
3285 1656 3534 1728 χάρισμα
3570 1655 3781 1728 διακρίο

536 1747 821 1802 confestim
860 1748 1234 1803 haereticorum
1290 1751 1536 1805 artificiis
1588 1750 1902 1804 attrahitur.
1945 1748 2107 1815 Quo-

2222 1765 2341 1811 rsw;
2387 1748 2732 1818 πνευμάτων,
2789 1749 2874 1802 ἵνα
2926 1750 3155 1812 ἕκαστος
3203 1748 3449 1821 γινώσκῃ
3505 1746 3650 1800 κατὰ
3692 1747 3782 1801 τοῦ

538 1838 681 1892 circa
716 1853 876 1894 orare
905 1849 959 1894 et
988 1842 1239 1895 convenit
1279 1851 1333 1898 et
1374 1856 1597 1898 necesse
1639 1852 1742 1906 est,
1774 1852 1834 1895 ut
1872 1841 2102 1912 gratiam

2222 1839 2461 1893 Ἰωάννου
2499 1840 2898 1911 παραγγελίαν,
2927 1841 3079 1904 τίνας
3125 1841 3223 1911 μὲν
3253 1839 3589 1893 ἀποϐάλλειν
3639 1838 3782 1907 ὀφεί-

538 1932 879 1988 discernendi
914 1933 1134 2002 spiritus
1162 1948 1580 2003 consequamur,
1624 1944 1682 1988 ut
1711 1934 2101 2003 unusquisque,

2222 1948 2286 1986 tat
2317 1933 2450 2004 (45),
2485 1906 2718 1997 τίνας
2768 1906 3298 2006 προσλαμϐάνεσθαι,
3354 1933 3431 1995 ῶς
3465 1931 3659 2003 φίλους
3683 1906 3785 1983 καὶ

538 2024 990 2091 quemadmodum
1026 2036 1207 2081 monet
1234 2026 1493 2092 Joannes,
1532 2036 1845 2095 cognoscat,
1884 2026 2103 2093 quinam

2222 2026 2306 2097 τῆς
2344 2026 2514 2095 αὐτῆς
2560 2026 2719 2087 ὄντας
2765 2024 3018 2087 πίστεως.
3077 2024 3252 2078 Πολλά
3308 2024 3405 2095 μὲν
3458 2010 3556 2075 οὖν
3602 2018 3667 2075 ἄν
3705 2038 3785 2083 τις

538 2115 753 2184 quidem
789 2115 1099 2183 rejiciendi,
1135 2117 1354 2185 quinam
1388 2131 1517 2171 vero
1552 2126 1809 2185 tanquam
1854 2115 2014 2169 amici
2051 2120 2105 2169 et

2222 2118 2488 2189 γράψειεν,
2524 2119 2571 2169 εί
2604 2116 2845 2187 βούλοιτο
2878 2118 3006 2190 περὶ
3037 2116 3240 2170 τούτων
3268 2114 3746 2188 ὲπεξεργάσασθαι
3768 2132 3781 2143 ·

536 2204 776 2271 ejusdem
804 2206 927 2261 fidei
951 2216 1251 2271 consortes,
1278 2206 1385 2260 sint
1410 2206 1751 2261 admittendi.
1778 2204 1941 2257 Multa
1976 2216 2107 2257 sane

2222 2208 2378 2279 πολλὴ
2406 2207 2512 2277 γάρ
2535 2209 2627 2261 καὶ
2660 2208 2877 2279 ποικίλη
2915 2209 3021 2261 τῶν
3061 2208 3323 2279 αἱρέσεων
3353 2208 3387 2280 ἡ
3418 2207 3534 2280 (46)
3570 2206 3787 2261 ἀσέϐεια

537 2298 591 2351 in
635 2301 772 2353 hanc
805 2314 916 2352 rem
963 2298 1151 2353 liceret
1183 2300 1439 2366 scribere,
1489 2300 1532 2353 si
1580 2298 1668 2352 cui
1716 2298 1817 2352 ista
1853 2303 2106 2349 accurate

2222 2296 2303 2348 mi.
2332 2297 2366 2366 ἡ
2391 2296 2770 2367 κακοφροσύνη
2800 2298 3118 2369 φανήσεται,
3152 2300 3247 2353 καὶ
3274 2298 3419 2368 δεινὴ
3470 2298 3595 2351 λίαν
3626 2299 3662 2369 ἡ
3685 2298 3790 2350 τῶν

537 2400 776 2445 tractare
804 2402 947 2447 esset
973 2392 1204 2446 animus.
1238 2390 1373 2445 Nam
1413 2391 1573 2446 facile
1604 2388 1916 2458 apparebit,
1940 2402 2099 2455 quam

2222 2386 2545 2444 ὶπατώντων
2584 2388 2908 2459 πανουργία.
2959 2390 3175 2461 Ἐπειδὴ
3230 2389 3291 2444 δὲ
3339 2391 3373 2461 ἡ
3429 2390 3555 2444 θεία
3602 2390 3786 2461 Γραφὴ

537 2482 704 2535 multa
733 2482 987 2551 variaque
1012 2482 1081 2536 sit
1106 2484 1368 2545 lizercsum
1395 2483 1644 2552 impietas
1668 2496 1732 2535 ac
1758 2480 2104 2551 perversitas,

2222 2480 2431 2534 πάντων
2463 2481 2609 2534 ἐστὶν
2634 2482 2957 2553 ἱκανωτέρα,
2988 2482 3177 2537 τούτου
3210 2483 3370 2555 χάριν
3400 2485 3517 2547 τοῖς
3550 2484 3789 2553 βουλομέ-

538 2588 809 2641 quamque
839 2575 1120 2628 metuenda
1158 2574 1455 2627 fallentiqu
1492 2574 1712 2628 astutia.
1750 2572 1949 2628 Verum
1981 2572 2103 2638 quia

2222 2588 2323 2635 νοις
2352 2572 2419 2625 τὰ
2457 2571 2627 2625 πολλὰ
2660 2574 2786 2645 περὶ
2830 2573 3034 2627 τούτων
3063 2574 3351 2643 γινώσκειν
3378 2573 3789 2643 συμϐουλεύσας

2212 2662 2560 2733 ἐντυγχάνειν
2607 2666 2719 2727 τοῖς
2774 2664 2939 2728 θείοις
2989 2665 3167 2733 λόγοις
3217 2664 3351 2734 (47),
3402 2666 3571 2728 αὐτὸς
3608 2664 3699 2719 νῦν
3729 2666 3789 2716 τὸ

538 2757 743 2812 idcirco
786 2758 871 2812 his
913 2759 1004 2827 qui
1046 2757 1196 2827 plura
1239 2759 1342 2812 hac
1387 2759 1452 2813 de
1489 2775 1543 2813 re
1574 2759 1775 2813 habere
1815 2755 2103 2817 voluerint,

2222 2756 2535 2822 κατεπεῖγον
2568 2755 2872 2809 ἐσπούδασα
2902 2755 3157 2826 δηλῶσαι,
3189 2755 3268 2808 διὸ
3306 2755 3546 2826 μάλιστα
3575 2756 3667 2808 κα).
3704 2751 3789 2807 οὓ-

539 2860 733 2903 auctor
764 2848 875 2919 ipse
914 2865 1031 2904 sum
1091 2860 1147 2906 ut
1188 2852 1396 2906 divinos
1440 2851 1608 2905 libros
1651 2850 1837 2905 sedqu
1881 2849 2100 2919 legant:

2222 2861 2317 2908 τως
2337 2844 2573 2916 ἔγραψα.

540 2958 639 3015 ego
692 2960 820 3001 vero
872 2962 1047 3013 nunc,
1082 2946 1225 3018 quod
1274 2948 1439 3003 instat
1492 2948 1772 3019 properavi
1821 2947 2094 3011 indicare,
2135 2944 2297 3013 idque
2344 2942 2683 3012 potissimum
2753 2953 2838 2994 me
2903 2939 3113 3009 impulit
3176 2948 3237 2993 ut
3298 2939 3414 2993 haec
3468 2938 3545 2991 ita
3594 2936 3791 2991 scribe-

541 3056 677 3094 rem.

612 3136 665 3187 5.
708 3133 764 3188 ln
811 3134 958 3190 hisce
1017 3134 1327 3205 regionibus
1377 3150 1724 3189 commorans
1774 3134 1977 3200 audivi,
2032 3134 2109 3187 uti

2284 3131 2338 3186 5.
2378 3132 2624 3184 Ἤκουσα
2683 3131 2741 3185 ὲν
2795 3132 2907 3193 τοῖς
2965 3130 3156 3202 μέρεσι
3214 3129 3425 3192 τούτοις
3481 3127 3790 3199 διατρίϐων,

539 2666 719 2718 divina
778 2664 1054 2734 Scriptura
1113 2666 1270 2733 longe
1325 2666 1533 2720 caeteris
1563 2665 1812 2719 omnibus
1866 2672 2103 2733 praastat,

2200 1013 2293 1066 τοῦ
2325 1012 2769 1087 (451διακρίνειιῖ
2794 1016 2865 1069 τά
2896 1015 3263 1085 πνευματικὰ,
3302 1016 3393 1068 καὶ
3433 1015 3527 1067 ἐπὶ
3555 1013 3657 1084 τὴν
3687 1013 3781 1066 πέ-
3826 1020 3867 1074 ,Υ
3900 1068 3903 1071 ,

541 3227 783 3296 germani
809 3236 860 3280 et
881 3227 1166 3281 orthodoxi
1199 3226 1395 3282 fratres
1424 3228 1763 3295 nuntiarunt,
1802 3226 2008 3296 aliquos
2045 3243 2112 3282 ex

541 3319 653 3371 Arii
689 3318 1042 3372 sectatoribus
1086 3317 1242 3371 simul
1274 3319 1611 3378 convenisse,
1636 3332 1698 3371 ac
1722 3318 1787 3373 de
1812 3319 1933 3381 fide,
1958 3327 2113 3388 prout

538 3411 848 3474 voluerunt,
876 3411 1181 3478 scripsisse,
1214 3411 1459 3481 velleque
1486 3412 1646 3482 217
1680 3413 1745 3466 ad
1774 3427 1867 3467 vos
1904 3406 2112 3467 litteras

543 3505 780 3566 mittere,
836 3513 896 3556 ut
952 3502 1055 3567 vel,
1110 3504 1561 3571 quemadmodum
1600 3504 1730 3574 ipsis
1781 3506 1973 3574 placet,
2016 3518 2111 3559 seu

540 3594 719 3662 potius
762 3604 821 3649 ut
850 3593 957 3649 illis
990 3595 1255 3665 suggessit
1290 3595 1558 3662 diabolus,
1602 3596 1993 3661 subscribatis;
2029 3594 2112 3649 vel

542 3685 634 3752 qui
683 3685 1094 3751 contradixerit,
1143 3686 1196 3738 iu
1255 3687 1502 3741 exsilium
1549 3687 1812 3755 ejiciatur.
1870 3687 2114 3757 Namque

544 3776 677 3845 ipsis
729 3776 897 3830 etiam
944 3778 1213 3847 episcopis
1267 3779 1525 3833 harumce
1574 3781 1848 3848 regionum
1904 3780 2114 3835 molesti

540 3867 651 3934 jam
683 3883 804 3923 esse
827 3867 1092 3938 incipiunt
1129 3885 1143 3921 :
1178 3870 1319 3936 quod
1352 3870 1535 3939 utique
1566 3885 1741 3924 mores
1766 3870 2114 3926 scribentium

546 3959 836 4015 manifeste
898 3959 1096 4028 prodit.
1132 3958 1232 4026 Qui
1273 3960 1417 4014 enim
1468 3962 1543 4015 ita
1591 3962 1850 4027 scribunt,
1899 3970 1958 4015 ut
1994 3978 2115 4017 sua~

620 4123 642 4153 ⁸
673 4120 863 4175 Matth.
897 4136 1017 4186 xm,
1038 4119 1130 4175 25.
1209 4121 1231 4152 ⁹
1259 4119 1446 4176 Matth.
1478 4137 1573 4187 vn,
1598 4122 1690 4175 24.

548 4402 575 4455 ἔ
621 4332 733 4453 (42)
755 4333 845 4388 Sic
870 4332 1184 4403 Seguer.At
1206 4330 1427 4386 Taurin.
1454 4331 1738 4385 ἔπλασσεν.
1758 4330 1860 4384 Alii
1888 4339 1943 4385 et
1966 4330 2119 4394 editi,

581 4422 620 4455 π
641 4420 809 4455 .ασαν.

581 4422 809 4456 πλασαν.

618 4420 989 4545 (ῗὸῧαέρειιειξ.
1017 4473 1263 4545 χάρισμα
1291 4472 1368 4526 τό.
1403 4471 1599 4545 Jesuit.
1628 4470 1863 4545 Golbert.
1894 4470 2118 4545 Taurin.

550 4540 865 4616 χαρίσματα
890 4540 1163 4597 τοῦζΜοκ
1189 4540 1441 4612 ’δεειιρικ
1476 4542 1630 4597 Colb.
1674 4543 1895 4597 Taurin.
1926 4540 2116 4622 JeSIIit.

551 4626 604 4668 et
636 4615 723 4668 Fr.
762 4616 814 4668 1.
842 4617 936 4667 καὶ
964 4615 1055 4667 ἐπὶ
1083 4614 1287 4668 πέτραν
1312 4614 1695 4668 οἰκοδομήσας.
1728 4622 1831 4667 etc.
1864 4611 1965 4664 Alu
1993 4624 2116 4662 vero

551 4626 604 4668 et
636 4626 723 4668 Ι⁴Το
762 4626 814 4668 1.
842 4626 936 4667 καὶ
964 4626 1055 4667 επὶ
1083 4626 1287 4668 πετοαν
1312 4626 1488 4667 οἰκοδο

551 4631 604 4668 et
636 4631 662 4668 ι⁴
681 4631 723 4668 r.
762 4631 814 4679 1,
842 4631 936 4667 και
964 4631 1055 4667 επι
1083 4631 1287 4685 πετραν
1312 4631 1488 4667 οικοοο
1535 4631 1695 4683 ησας,
1728 4631 1831 4667 etc.
1864 4631 1965 4664 Alll
1994 4631 2117 4662 vero

550 4695 604 4738 et
638 4685 789 4754 editi,
820 4686 915 4737 καί
944 4686 1166 4747 omisso,
1202 4685 1402 4738 habent
1428 4631 1747 4754 ἐπλιπέτραν
1777 4680 2122 4751 ᾠκοδόμησεν

551 4753 713 4826 αὑτοῦ
748 4755 844 4826 τὴν
870 4757 967 4826 τῆς
999 4754 1233 4826 πίστεως
1258 4754 1453 4826 οίκίαν,
1484 4753 1579 4826 κα).
1605 4753 1857 4826 ,ἔστηκενέ

619 4825 731 4896 (44)
769 4820 991 4896 Segttér.
1021 4824 1209 4896 ῶσπερ
1258 4821 1437 4896 εἷπον.
1483 4822 1697 4896 Gobler.
1726 4820 1779 4877 et
1823 4820 2060 4896 Felclttp.
2091 4820 2117 4873 1

553 4890 722 4947 anon.
767 4890 1040 4957 ὡξεῖπον.
1097 4890 1212 4949 Mox
1251 4894 1474 4964 Seguer.
1527 4892 1743 4947 Gobler.
1785 4890 2121 4964 etFelckm.

554 4966 579 5018 1
606 4965 1052 5038 σηοω-ἰσχυρᾶς.
1084 4965 1185 5038 Alii
1221 4961 1399 5038 autem
1438 4973 1489 5017 et
1518 4964 1666 5038 ed_iti,
1695 4961 1979 5038 άσφαλῶς.

621 5030 955 5106 (45)]θδίιίί.
980 5036 1204 5088 Taurin.
1234 5034 1471 5089 Colbert.
1492 5033 1661 5106 et
1686 5033 1738 5096 1,
1760 5030 1959 5106 omisso
1974 5030 2123 5100 ὀφεί-

554 5102 656 5167 λει,
692 5102 895 5158 addunt
939 5105 1019 5158 δεῖ
1047 5115 1166 5173 post
1191 5106 1449 5168 πίστεως,
1489 5116 1545 5161 ιιι
1573 5104 1732 5173 iidem
1771 5102 1969 5173 habent
1999 5117 2121 5156 cum

556 5175 781 5243 Seguer.
808 5175 969 5230 Basil.
1008 5172 1219 5244 Anglic.
1246 5176 1467 5230 Gobler.
1501 5172 1739 5231 Felckm.
1774 5175 1797 5225 1
1830 5182 1883 5225 et
1904 5172 1937 5225 5
1959 5188 2123 5244 anon.

555 5260 665 5313 quo
688 5245 850 5300 etiam
879 5247 1035 5300 modo
1061 5242 1187 5313 legit
1217 5245 1575 5299 Omnibonus.
1609 5245 1713 5297 Alii
1746 5258 1874 5297 vero
1904 5250 1958 5313 et
1991 5242 2123 5313 editi

556 5311 654 5384 pro
704 5314 939 5380 πίστεως
978 5311 1175 5369 haheitt
1209 5315 1439 5383 φύσεως.
1473 5313 1593 5368 Mox
1646 5314 1870 5383 Seguer.
1930 5311 2122 5366 Jesuit.

556 5394 609 5439 et
642 5384 839 5456 _Fr..l,
893 5390 941 5440 εί
1002 5385 1262 5456 βούλοιτο.
1332 5385 1443 5456 Alﬁ
1476 5395 1527 5437 et
1565 5385 1714 5451 editi,
1750 5383 1818 5456 ᾂν
1865 5382 2121 5456 βούλοιτο.

629 5454 743 5537 (46)
766 5455 856 5537 _Sic
885 5453 1109 5537 Seguer.
1131 5457 1367 5537 Colbert.
1402 5454 1627 5537 Taurin.
1665 5465 1720 5508 et
1750 5453 2035 5537 Jesuit..At
2070 5453 2122 5506 in

557 5524 678 5597 aliis
726 5524 994 5597 'et_editi's
1045 5529 1081 5597 ἡ
1140 5528 1426 5597 omittitur.
1461 5524 1624 5597 _lbid.
1675 5540 1773 5597 pro
1829 5525 2125 5594 φανήσεται

561 5595 653 5653 Fr.
691 5599 741 5665 l.
785 5595 1007 5651 Taurin.
1040 5594 1093 5651 et
1122 5596 1360 5651 Colbert.
1390 5594 1589 5665 habent
1631 5596 1919 5665 φαίνεται,
1945 5602 1999 5665 et
2029 5609 2126 5665 pro

560 5664 890 5719 άπατὼντων
908 5668 1114 5736 Anglic.
1154 5668 1312 5721 habet
1342 5662 1725 5728 ἀπαντώντων,
1755 5675 1808 5718 et
1832 5662 2065 5736 Felckut.
2092 5662 2125 5717 5

563 5750 723 5788 anon.
762 5733 1035 5791 ἁπάντων.
1094 5736 1258 5791 Basil.
1303 5737 1433 5790 item
1482 5751 1577 5804 pro
1626 5733 1929 5803 πανουργία
1970 5733 2127 5786 habet

564 5808 887 5874 κακουργία.

638 5840 917 5942 (ἴθ’)νίῗλ
958 5884 1010 5929 et
1041 5876 1262 5930 Taurin.
1317 5875 1533 5942 λογίοις.
1574 5840 1703 5932 Ibid.
1754 5876 1974 5947 Seguer.
2015 5876 2124 5931 GO-

2222 3220 2440 3292 άδελιροὶ
2466 3221 2574 3293 γάρ
2610 3220 2721 3292 (48)
2765 3224 2975 3292 γνήσιοι
3011 3219 3104 3272 καὶ
3134 3219 3231 3289 τῆς
3265 3217 3433 3288 ὁρθῆς
3460 3215 3622 3285 δόξης
3650 3215 3792 3275 ὅντες

2219 3314 2579 3385 ἀπήγγειλαν,
2599 3312 2673 3377 ὡς
2694 3316 2800 3386 ἄρα
2824 3312 2964 3375 τινὲς
2982 3311 3326 3373 συνελθόντες
3352 3309 3459 3362 τῶν
3475 3307 3546 3361 τά
3589 3307 3791 3377 Ἀρείου

2220 3407 2561 3480 φρονούντων
2590 3407 2831 3478 ἔγραψαν
2858 3404 3014 3475 δῆθεν
3049 3404 3180 3476 περὶ
3204 3404 3461 3464 πίστεως,
3489 3401 3568 3463 ὡς
3602 3399 3793 3469 ἠθέλη-

2220 3516 2315 3552 σαν
2358 3499 2490 3571 (49),
2532 3501 2624 3553 καὶ
2655 3498 2894 3551 θέλουσιν
2925 3497 3238 3550 ἀποστεῖλαι
3265 3494 3402 3565 πρὸς
3434 3494 3601 3563 ὑμᾶς,
3637 3493 3721 3545 ἵνα
3758 3491 3788 3559 ἢ

2218 3594 2569 3664 ὑπογράψητε
2597 3592 2738 3645 κατὰ
2766 3593 2828 3645 τὸ
2856 3590 3044 3644 δοκοῦν
3086 3590 3297 3653 αὐτοῖς,
3349 3588 3553 3659 μᾶλλον
3580 3586 3637 3638 δὲ
3663 3583 3790 3637 καθὸ

2219 3686 2538 3740 ἐνέπνευσεν
2566 3688 2745 3750 αὐτοῖς
2768 3689 2795 3739 6
2823 3685 3061 3749 διάϐολος
3088 3684 3221 3754 (50)·
3257 3680 3290 3752 ἢ
3319 3685 3347 3735 6
3369 3680 3665 3748 ἀντιλέγων
3685 3676 3791 3747 (5i)

2221 3780 2506 3851 ὑπερόριος
2526 3780 2770 3850 γένηται.
2796 3779 2903 3831 Καὶ
2924 3778 3029 3849 γάρ
3055 3777 3153 3829 καὶ
3182 3776 3307 3837 τοὺς
3332 3773 3665 3833 ἐπισκόπους
3690 3768 3789 3820 τῶν

2224 3872 2404 3943 μερῶν
2435 3872 2640 3925 τούτων
2674 3872 2776 3942 ἤδη
2799 3870 3025 3940 διοχλεῖν
3050 3869 3163 3941 (52)
3195 3869 3475 3940 ἄρχονται.
3520 3862 3788 3917 Ἐντεῦθεν

2220 3960 2315 4019 οὖν
2350 3967 2378 4017 6
2415 3966 2614 4037 τρόπος
2650 3964 2757 4019 τῶν
2788 3964 3108 4037 γραφόντων
3140 3961 3295 4033 δῆλος
3334 3958 3569 4029 γίνεται.
3600 3959 3659 4011 Οί
3686 3954 3787 4025 γάρ

2232 4326 2363 4381 bler.
2388 4334 2441 4379 et
2484 4324 2721 4381 Felckm.
2755 4324 2779 4377 l
2818 4338 2980 4378 anon.
3018 4319 3179 4383 αὐτὸς
3211 4316 3305 4371 νῦν
3337 4316 3420 4369 τό.
3454 4314 3640 4370 Jesuit.
3670 4310 3784 4367 Col-

2228 4400 2366 4451 hert.
2398 4397 2617 4450 Taurin.
2670 4404 2723 4450 et
2754 4393 2847 4448 Fr.
2882 4395 2931 4455 1,
2981 4392 3143 4455 αὐτὸς
3171 4390 3370 4442 τοίνυν.
3411 4387 3552 4441 Editi
3590 4394 3643 4439 et
3674 4384 3781 4447 alii,

2224 4468 2553 4609 ffﬁfﬁp
2588 4538 2816 4609 abest_a_
2840 4532 3027 4609 iesuit:
3057 4531 3310 4609 Colhert_.,
3327 4538 3380 4582 et
3409 4523 3782 4609 Taurinilhid.

1535 4592 1706 4683 ησαςξ
1993 4592 2114 4662 vero

2224 4592 2449 4677 Seguer.
2476 4592 2691 4664 beler.
2728 4604 2964 4659 Felckm.
3005 4600 3031 4653 1
3069 4618 3231 4657 anon.
3268 4600 3423 4662 ὄντες
3443 4598 3598 4666 δόξης
3624 4592 3783 4663 ὲγνὼι

2227 4694 2411 4820 ῗιῖἒξ)
2441 4748 2533 4804 Sic
2555 4747 2780 4820 Seguer.
2806 4740 3169 4820 Jesui_t_._Colb.
3193 4738 3417 4820 Taurin..
3437 4737 3542 4820 Fr:

2226 4803 2466 4873 Feickin.
2505 4821 2527 4873 1
2557 4803 2677 4874 et
2710 4834 2874 4872 anon.
2902 4815 3006 4870 Alii
3031 4827 3163 4867 vero
3190 4822 3246 4865 et
3269 4810 3404 4865 editi
3437 4811 3682 4863 omittunt
3710 4803 3784 4865 ὡς

2223 4888 2511 4965 ἠθέλησεν·
2542 4959 2571 4965 -
2636 4954 2645 4965 .

2249 4947 2259 4959 ’
2298 4947 2409 5028 (5(5)
2432 4959 2520 5013 Sic
2539 4954 2663 5029 Seg'.
2695 4958 2887 5014 Jesuit.
2912 4953 3064 5010 Colb.
3090 4952 3256 5005 Taur.
3285 4949 3445 5004 Gobl.
3484 4948 3625 5003 Felc.
3648 4947 3669 4999 1
3692 4959 3781 4997 an.

2226 5039 2279 5083 et
2313 5030 2403 5083 Fr.
2429 5028 2693 5085 LCaateri
2719 5027 2917 5082 etediti
2943 5026 3195 5077 nmittuut
3225 5021 3447 5091 iplbid.
3477 5021 3585 5072 haec
3607 5017 3780 5091 verba,

2224 5102 2365 5154 κατὰ
2386 5100 2446 5152 τὸ
2465 5083 2651 5153 δοκοῦν
2681 5101 2881 5160 αὐτοῖς,
2913 5094 3108 5167 μᾶλλον
3131 5092 3192 5167 δε
3208 5083 3343 5167 καθὸ
3362 5090 3670 5167 ἐνέπνευσεν
3690 5083 3785 5167 αὐτ

2223 5174 2336 5234 τοῖς
2364 5170 2672 5235 ὁδιάϐολος,
2697 5157 2891 5224 desuut
2913 5157 2970 5221 in
3011 5164 3135 5232 Seg.
3169 5159 3364 5223 Jesuit.
3395 5160 3550 5215 Gobl.
3585 5157 3713 5211 Felc.
3750 5157 3777 5206 1

2226 5255 2387 5296 anon.
2416 5241 2651 5295 Culbert.
2685 5249 2739 5293 et
2772 5238 2991 5291 Taurin.

2299 5309 2411 5383 (51)
2445 5311 2668 5380 Seguer.
2695 5308 2914 5365 Gobler.
2959 5316 3015 5361 et
3038 5300 3281 5359 Felckm.
3317 5301 3342 5355 1
3376 5314 3536 5355 anon.
3567 5296 3597 5366 ἢ
3635 5295 3781 5347 dim-

2224 5382 2396 5451 λέγων
2423 5399 2525 5444 τις.
3444 5439 3456 5449 .
3486 5438 3498 5449 θ

2298 5453 2411 5524 (52)
2443 5451 2696 5524 SicSeg.
2729 5448 2885 5524 G_obl.
2921 5444 3142 5524 et_Felc.
3239 5456 3331 5495 an.
3358 5439 3520 5524 pﬁdlll:
3549 5430 3785 5524 Rau/3p

2224 5504 2345 5588 τοῖς
2710 5504 2821 5573 τῶν
2873 5516 3053 5588 μερῶν
3102 5512 3308 5588 τούτων
3353 5508 3452 5588 ήδη
3485 5504 3782 5588 διενοχλεῦδ.

2226 5534 2337 5588 τοῖς
2366 5534 2683 5583 ἐπισκόποις
2710 5536 2821 5573 των
2873 5534 3053 5639 pralwa
3102 5534 3308 5597 τουτων
3353 5534 3452 5594 ηοη
3490 5534 3782 5573 unum...

2226 5596 2431 5651 Jesuit.‘
2467 5594 2617 5649 Colb.
2651 5601 2704 5663 et
2731 5590 2895 5663 Taur.
2973 5587 3030 5663 αὶ
3058 5585 3168 5663 γάρ
3216 5600 3321 5663 και.
3342 5574 3784 5663 τοιςῚὲπισκόξτέις

2225 5642 2789 5735 ῖειξῑξιιέρεῑίῖςρᾱιφνί
2834 5658 2935 5729 ἥδη
2969 5642 3384 5735 δ,ιο)ίλέῖνοη¹¹ξί.ί¹ο
3417 5642 3785 5735 eges-35::

2225 5718 2416 5788 τεῧθέν
2443 5718 2542 5805 μὲν
2570 5732 2683 5787 οὖν.
2713 5718 2869 5805 ιιιεηί
2898 5718 2952 5782 οἰ
2984 5718 3177 5805 testia.
3200 5722 3453 5805 .Colbert.
3476 5718 3788 5805 flagrauit

2228 5807 2318 5860 Fr.
2374 5789 2624 5861 lliabent
2672 5800 3008 5873 γραφόντων.
3054 5796 3156 5849 Alii
3213 5806 3343 5848 vero
3386 5800 3439 5846 et.
3464 5789 3608 5847 editi,
3644 5796 3787 5851 γρα-

2231 5876 2455 5947 φέντων.
