3954 6506
211 405 313 462 56.)

1016 407 1347 462 EPISTULA
1387 409 1478 462 AD
1518 409 1903 470 EPISCOPOS
1940 417 2215 473 XEGYPTI
2256 419 2343 474 ET
2381 410 2640 477 LIBYBE.‘

3339 416 3450 489 350

208 520 343 572 οὕτω
368 520 690 591 γράφοντες,
721 522 858 575 ὥστε
885 523 945 575 τὸ
973 525 1121 587 τέλος
1154 524 1259 576 τῶν
1287 526 1633 595 γραμμάτων
1662 526 1771 597 (55)

1876 549 1990 586 rum
2023 535 2319 589 litterarum
2350 536 2471 591 linis
2496 540 2565 592 sit
2590 538 2836 593 exsilium
2870 540 3056 595 aliaeve
3088 555 3263 612 paena:
3287 563 3301 599 :
3327 548 3449 615 qni-

206 613 377 667 αύτῶν
418 616 705 687 ἐξορισμὸν
739 618 830 669 καὶ
876 618 1040 681 ἄλλας
1084 619 1354 688 τιμωρίας
1387 619 1553 689 ἔχειν,
1601 620 1652 671 τί
1708 621 1775 673 ἂν

204 701 305 757 εἷεν
341 706 391 758 οἱ
436 708 670 760 τοιοῦτοι
716 708 748 778 ἢ
783 710 1122 777 Χριστιανῶν
1152 710 1249 779 μὲν
1277 709 1565 780 ἀλλότριοι,
1600 710 1778 763 διαϐό-

204 798 287 851 λου
316 798 372 851 δὲ
398 800 492 850 καὶ
520 799 627 851 τῶν
655 801 860 853 ἐκείνου
893 801 1158 869 δαιμόνων
1192 801 1364 870 φίλοι;
1419 802 1651 873 μάλιστα
1674 803 1775 865 ὅτι,

209 892 299 943 τοῦ
331 891 750 947 θεοσεόεστάτου
779 894 889 965 (54)
934 894 1193 963 βασιλέως
1236 896 1615 949 Κωνσταντίου
1666 895 1779 965 φιλ-

206 982 489 1052 ανθρώπου
535 983 707 1049 ὄντος,
739 985 885 1057 παρὰ
917 984 1137 1056 γνώμην
1172 985 1335 1039 αὑτοῦ
1387 986 1703 1058 θρυλλοῦσιν
1742 984 1779 1039 ἃ

204 1073 442 1127 θέλουσιν
502 1077 689 1129 αὐτοί·
727 1079 819 1131 καὶ
860 1078 969 1148 γὰρ
1014 1080 1107 1131 καὶ
1152 1078 1309 1132 τοῦτο
1365 1079 1579 1132 ποιοῦσι
1639 1077 1776 1147 μετά

202 1167 396 1235 πολλῆς
429 1167 532 1238 μὲν
560 1170 915 1239 πανουργίας,
964 1170 1057 1222 δύο
1089 1170 1145 1223 δὲ
1180 1170 1381 1224 τούτων
1420 1170 1655 1241 μάλιστα
1687 1173 1779 1243 χά-

204 1274 301 1328 ριν,
332 1257 409 1322 ῶς
454 1259 519 1327 γέ
572 1277 661 1329 μοι
696 1261 978 1329 φαίνεται·
1018 1262 1135 1325 ἑνὸς
1189 1263 1308 1333 μὲν,
1358 1263 1445 1316 ἵνα
1476 1264 1589 1327 καὶ,
1623 1266 1777 1337 ὑμῶν

200 1351 648 1422 ὑπογραψάντων,
699 1353 888 1418 δόξωσι
938 1354 1132 1407 παύειν
1175 1355 1274 1425 μὲν
1303 1356 1403 1427 τὴν
1438 1357 1645 1427 Ἀρείου
1679 1377 1777 1413 κα-

199 1444 494 1514 κωνυμίαν,
522 1443 801 1498 λανθάνειν
834 1445 888 1498 δὲ
914 1446 1069 1499 αὐτοὶ
1094 1446 1169 1509 ὡς
1204 1447 1278 1517 μὴ
1308 1450 1377 1500 τά
1409 1448 1616 1519 Ἀρείου
1643 1466 1775 1520 φρο-

198 1535 407 1599 νοῦντες
426 1552 439 1565 ·
472 1536 661 1608 ἐτέρου
683 1536 739 1588 δὲ
761 1536 893 1607 (55),
932 1538 1015 1591 ἵνα
1038 1538 1209 1591 ταῦτα
1229 1539 1553 1610 γράφοντες,
1583 1541 1774 1607 δόξωσι

199 1629 354 1682 πάλιν
376 1629 744 1700 ἐπικρύπτειν
769 1632 868 1701 τὴν
892 1632 949 1683 ὲν
979 1632 1184 1701 Νικαίᾳ
1208 1633 1503 1703 γενομένην
1535 1633 1772 1698 σύνοδον,

196 1722 285 1773 καὶ
308 1719 407 1791 τὴν
433 1720 748 1774 ὲκτεθεῖσαν
778 1724 835 1775 έν
873 1724 1011 1792 αὐτῇ
1048 1723 1189 1775 κατά
1216 1724 1312 1793 τῆς
1356 1725 1642 1795 Ἀρειανῆς
1664 1724 1771 1796 (56)

196 1814 456 1884 αἱρέσεως
476 1814 678 1867 πίστιν.
717 1814 875 1866 Ἀλλά
905 1814 1177 1867 καὶτοῦτο
1207 1816 1406 1885 μᾶλλον
1430 1816 1639 1886 ἐλέγχει
1669 1819 1769 1870 αὐ-

195 1902 296 1956 τῶν
326 1903 428 1975 τὴν
458 1904 787 1975 κακοήθειαν
819 1906 912 1958 καὶ
943 1906 1040 1976 τὴν
1062 1908 1415 1976 ἑτεροδοξίαψ
1443 1910 1491 1961 εἰ
1514 1909 1622 1979 γάρ
1649 1909 1771 1962 ὲπί-
1804 1897 1846 1951 Β

197 2013 380 2049 στευον
434 1996 644 2068 ὀρθῶς,
692 1998 958 2071 ἠρκοῦντο
1001 2001 1067 2069 τῇ
1123 2000 1181 2051 ἐν
1232 2001 1437 2071 Νικαίᾳ
1484 1996 1767 2074 ἐκτεθείσῃ

195 2088 367 2141 πίστει
412 2088 564 2159 παρὰ
596 2090 777 2161 πάσης
814 2091 914 2161 τῆς
960 2092 1343 2161 οίκουμενικῆς
1378 2093 1596 2145 συνόδου
1622 2110 1635 2123 °
1677 2096 1768 2147 καὶ

195 2181 237 2231 εί
272 2179 524 2248 ἐνόμιζον
554 2181 783 2244 ἑαυτοὺς
815 2183 1267 2249 συκοφαντεῖσθαι
1289 2181 1383 2235 καὶ
1418 2184 1597 2253 μάτην
1623 2184 1770 2253 λεγο-

195 2270 383 2339 μένους
417 2271 752 2341 Ἀρειανοὺς,
779 2273 941 2344 ἐχρῆν
970 2275 1165 2335 αὐτοὺς
1197 2274 1306 2344 (57)
1346 2273 1420 2345 μὴ
1451 2274 1769 2340 σπουδάζειν

192 2361 537 2414 ἐναλλάττειν
572 2361 638 2413 τά
682 2364 822 2416 κατὰ
865 2364 1073 2433 Ἀρείου
1116 2365 1428 2435 γραφέντα,
1473 2365 1559 2417 ἵνα
1593 2364 1666 2435 μὴ
1694 2365 1769 2428 ὡς

194 2456 307 2505 κατ’
340 2454 523 2505 αὐτῶν
648 2454 760 2524 (58)
807 2455 1091 2526 ὁρισθέντα
1124 2455 1191 2508 τά
1234 2457 1352 2508 κατ’
1388 2456 1596 2509 ἐκείνου
1634 2474 1770 2527 γρα-

192 2542 375 2609 φέντα.
424 2542 541 2595 Νῦν
571 2544 627 2596 δὲ
663 2544 819 2596 τοῦτο
862 2544 961 2615 μὲν
1004 2546 1064 2597 ού
1097 2546 1359 2609 ποιοῦσιν,
1411 2547 1485 2609 ὡς
1520 2546 1576 2599 δὲ
1618 2549 1769 2601 αὐτοὶ

190 2634 334 2697 ὄντες
350 2636 571 2706 Ἀρειος
595 2636 735 2706 ὑπὲρ
761 2636 968 2689 ἑαυτῶν
986 2637 1360 2705 ἀγωνίζονται.
1379 2639 1641 2691 Σκοπείτε

191 2726 293 2798 γάρ
323 2727 398 2789 ὡς
417 2727 524 2779 οὐκ
554 2728 813 2797 ἀληθείας
843 2728 994 2799 μέλει
1024 2728 1255 2794 τούτοις,
1290 2729 1426 2782 ἀλλά
1466 2731 1643 2783 πάντα
1681 2732 1768 2784 διὰ

190 2818 282 2887 τὴν
327 2820 616 2890 Ἀρειανὴν
647 2821 854 2891 αἵρεσιν
895 2821 988 2873 καὶ
1019 2820 1237 2889 λέγουσι
1290 2823 1381 2874 καὶ
1416 2823 1765 2892 πράττουσιν.

191 2910 245 2961 Οἱ
278 2910 389 2980 γάρ
432 2911 743 2981 τολμῶντες
791 2911 1092 2965 διαϐάλλειν
1125 2911 1195 2964 τά
1223 2911 1402 2975 καλῶς
1459 2912 1765 2983 ὁρισθέντα,

190 3002 279 3054 καὶ
312 3002 548 3073 γράφειν
579 3003 980 3075 ἐπιχειροῦντες
1012 3004 1145 3057 ἄλλα
1188 3006 1316 3075 παρ’
1347 3006 1552 3069 ἐκεῖνα,
1576 3006 1627 3057 τί
1654 3006 1769 3057 ἓτε-

190 3110 277 3162 ρον
308 3094 577 3158 ποιοῦσιν,
611 3094 644 3165 ἢ
678 3095 1040 3167 κατηγοροῦσι
1071 3098 1167 3166 μὲν
1197 3095 1307 3167 (60)
1342 3096 1448 3148 τῶν
1472 3096 1729 3167 Πατέρων
1750 3137 1764 3161 ,

188 3185 545 3256 προΐστανται
587 3184 644 3237 δὲ
676 3185 773 3255 τῆς
818 3187 1102 3258 αἱρέσεως,
1140 3187 1260 3240 καθ’
1290 3181 1357 3259 ἧς
1385 3188 1583 3240 ἐκεῖνοι
1617 3188 1769 3256 γεγόο

188 3251 306 3331 νασί
336 3296 396 3331 τε
420 3279 519 3331 καὶ
544 3251 926 3349 ἀπεφήναντό;
952 3281 1059 3332 Καὶ
1089 3279 1196 3351 γὰρ
1223 3251 1324 3333 καὶ.
1349 3278 1443 3332 νῦν
1470 3278 1505 3333 δι
1534 3251 1767 3349 γράφου·
1790 3251 1837 3312 c

187 3385 268 3422 σιν
303 3369 437 3439 (6|),
477 3370 580 3422 οὐκ
608 3370 863 3440 ἀληθείας
891 3370 1266 3442 φροντίζοντες
1298 3372 1591 3442 γράφουσι,
1620 3370 1763 3423 καθά

186 3464 468 3531 προεῖπον,
519 3460 656 3514 άλλά
704 3462 901 3532 μᾶλλον
939 3460 1225 3525 παίζοντες
1275 3464 1369 3515 καὶ
1408 3463 1573 3534 τέχνῃ
1605 3460 1763 3514 τοῦτο

187 3553 491 3617 ποιοῦντες,
546 3553 681 3625 πρὸς
726 3553 939 3625 ἀπάτην
985 3552 1094 3606 τῶν
1136 3552 1461 3624 ἀνθρώπων,
1494 3554 1560 3606 ἶν’
1595 3554 1653 3606 ὲν
1682 3553 1761 3624 τῷ

184 3644 588 3715 διαπέμπεσθαι
609 3645 707 3707 τάς
726 3644 1033 3710 ἐπιστολὰς,
1060 3645 1157 3709 τὰς
1185 3645 1282 3715 μὲν
1304 3645 1412 3697 τῶν
1428 3644 1571 3697 λαῶν
1597 3643 1767 3706 ἀκοὰς

184 3736 614 3807 ἀπασχολεῖσθαι
646 3736 754 3806 (62)
785 3738 911 3809 περὶ
941 3738 1114 3791 ταῦτα
1148 3738 1436 3806 ποιήσωσι,
1461 3734 1763 3807 κερδάνωσι

181 3827 233 3881 δὲ
260 3830 355 3881 τὸν
383 3830 574 3900 χρόνον
597 3828 691 3881 τοῦ
732 3830 1152 3900 κατηγορεῖσθαι
1178 3829 1352 3891 αὐτοὶ,
1386 3830 1481 3882 καὶ
1508 3828 1763 3890 λαθόντες

181 3920 251 3984 ὡς
270 3920 623 3983 ἀσεϐοῦντες,
656 3920 819 3990 ἔχωσι
853 3921 1033 3992 χώραν
1059 3924 1369 3975 ἐπεκτεῖναι
1401 3921 1511 3991 (65)
1542 3921 1641 3991 τὴν
1681 3920 1765 3972 αἴ-

185 4029 351 4081 ρεσιν,
385 4013 462 4076 ὡς
497 4012 860 4082 γάγγραιναν,
895 4011 1123 4081 ἔχουσαν
1152 4013 1323 4083 νομὴν
1353 4011 1650 4081 πανταχοῦ.

249 4102 301 4155 6.
346 4102 536 4154 Πάντα
571 4101 700 4168 γοῦν
732 4101 940 4154 κινοῦσι
975 4101 1069 4153 καὶ
1101 4099 1462 4172 ταράττουσι,
1505 4103 1598 4153 καὶ
1641 4100 1762 4153 οὐδὲ

180 4193 319 4247 οὕτω
368 4198 483 4258 τοῖς
537 4192 744 4247 ἑαυτῶν
793 4194 1084 4265 ἀρκοῦνται
1110 4212 1123 4225 ·
1173 4194 1294 4247 κατ’
1344 4193 1588 4247 ἐνιαυτὸν
1632 4193 1762 4261 γάρ,

179 4287 251 4352 ὡς
300 4289 414 4358 (64)
452 4289 503 4340 oi
550 4286 649 4349 τὰς
694 4287 955 4357 διαθήκας
1002 4289 1334 4359 γράφοντες,
1382 4285 1763 4357 συνερχόμενοι

142 4400 153 4417 ο
179 4382 271 4432 καὶ
298 4381 476 4442 αὐτοὶ,
515 4378 933 4450 προσποιοῦνται
970 4381 1096 4451 περὶ
1124 4380 1358 4442 πίστεως
1388 4379 1641 4448 γράφειν,
1677 4377 1762 4429 ἵνα

179 4473 271 4524 καὶ
301 4475 360 4525 ὲν
389 4472 567 4542 τούτῳ
599 4470 807 4540 γέλωτα
842 4472 1042 4542 μᾶλλον
1082 4470 1175 4525 καὶ
1206 4470 1469 4542 αἰσχύνην
1505 4470 1758 4540 ὀφλήσω-

246 4676 363 4747 (53)
400 4677 523 4748 Seg.
557 4676 808 4748 Γραφῶν.
829 4676 944 4732 Mox
977 4680 1115 4733 idem
1147 4693 1268 4730 cum
1299 4675 1411 4730 Col.
1437 4671 1754 4748 Ta_nr.Gp_ht
1791 4676 1834 4729 D

172 4742 368 4801 Jesuit'.
410 4742 557 4819 Felc.
587 4742 612 4800 1
644 4742 811 4819 anon.
841 4759 895 4801 et
926 4749 1018 4804 Fr.
1054 4749 1109 4812 1,
1153 4748 1185 4817 ἢ
1225 4745 1589 4819 Χριστιανῶν.
1649 4742 1755 4796 Alii

173 4830 228 4870 et
252 4819 407 4879 editi,
433 4818 483 4870 oi
516 4818 876 4887 Χριστιανῶν.
1154 4886 1157 4887 ν
1260 4886 1265 4887 γ
1316 4872 1319 4875 ν

246 4888 365 4957 (54)
386 4888 511 4955 Seg.
536 4883 967 4955 θεοφιλεστάτου.
987 4886 1346 4950 lbid.Anglic.
1365 4883 1750 4957 Colb,Ta_ttrin.

172 4954 416 5011 Peli-kin.
446 4954 482 5010 2
505 4969 561 5010 et
596 4954 820 5011 Sanun.
854 4973 974 5010 cum
995 4958 1230 5010 editione
1251 4957 1379 5009 Com
1392 4955 1572 5006 melin.
1597 4954 1753 5005 Κων-

173 5027 482 5089 σταντίνου,
513 5037 572 5080 ιιι
595 5037 647 5080 et
680 5028 841 5080 habet
871 5026 1221 5081 Omnibonus.
1257 5028 1327 5077 At
1348 5024 1436 5075 alii
1461 5025 1751 5075 Κωνσταν-

168 5098 314 5157 τίου,
345 5109 406 5151 ιιι
425 5110 481 5151 et
500 5097 629 5165 legit
660 5095 903 5151 Nannius
930 5114 944 5149 :
967 5111 1138 5165 eaque
1163 5110 1287 5149 vera
1316 5106 1371 5148 et
1396 5109 1652 5161 germana
1668 5104 1751 5147 est

381 5235 554 5308 (globi.
579 5246 633 5289 et
658 5234 805 5289 Felc.
833 5237 858 5290 1
904 5251 996 5308 an.
1014 5234 1235 5308 ἕτερον.
1253 5233 1387 5308 Mox
1416 5234 1530 5308 haec
1563 5233 1747 5308 verba,

164 5304 354 5377 τὴνρν
374 5306 600 5377 Νικαία,
629 5317 761 5377 etc.,
788 5309 853 5359 ad
886 5304 1230 5359 ἐναλλάττειν
1252 5304 1537 5368 inclusive,
1558 5304 1751 5357 desunt

165 5363 235 5431 iu.
260 5375 426 5431 Gobl.
469 5386 525 5430 et
551 5363 788 5432 Felckni.
831 5377 854 5428 ‘l
887 5392 1048 5430 anon.

166 5518 183 5570 Ι
240 5446 365 5520 (56)
389 5445 585 5501 Jesuit.
627 5444 866 5500 Colbert.
898 5446 1124 5501 Taurin.
1172 5444 1535 5515 ’Δρειανικῆς,
1582 5454 1637 5499 ct
1665 5444 1749 5497 in-

192 5533 275 5570 ra.

243 5587 365 5655 (5'7)
403 5586 495 5640 Sic
523 5583 650 5654 Seg.
678 5584 871 5641 Jesuit.
924 5585 1076 5641 Colb.
1112 5595 1167 5639 et
1192 5583 1419 5640 Taurin.
1453 5583 1593 5639 Editi
1625 5597 1755 5638 vero

163 5666 223 5712 et
255 5658 374 5727 alii,
407 5659 575 5727 ἐχρῆν
605 5656 679 5727 μὴ
708 5656 955 5727 σπεύδειν
975 5655 1189 5727 αύτούς.

243 5726 370 5795 (58)
426 5724 944 5795 stagnancomen.
998 5726 1221 5779 Taurin.
1272 5725 1467 5779 Jesuit.
1530 5724 1747 5779 Gobler.

164 5791 421 5849 Feltrkm.
447 5798 470 5849 1
503 5791 679 5852 anon.
705 5791 791 5865 ἦν.
818 5796 950 5851 lhid.
977 5812 1074 5866 pro
1101 5797 1334 5860 ἐκείνου,
1363 5796 1570 5864 Anglic.
1592 5798 1755 5850 habet

163 5866 416 5940 Ἀρείου.

1880 640 1999 677 nam
2036 626 2335 692 hujusmodi
2370 629 2614 682 homines
2642 632 2895 683 censendi
2926 640 3052 685 sunt
3093 648 3254 701 quam
3285 635 3446 690 Chri-

1878 716 2169 771 stianorum
2192 719 2416 783 inimici,
2438 720 2593 774 amici
2618 737 2746 777 vero
2767 722 2984 790 diaboli,
3006 723 3226 793 ejusque
3250 727 3449 782 da‘mo-

1878 824 2023 874 num,
2053 812 2348 879 praesertim
2382 828 2501 866 cum
2525 824 2713 868 contra
2741 825 2971 870 mentem
2990 815 3286 871 Constantii
3317 821 3449 887 piis-

1877 902 1995 955 simi
2014 902 2518 972 clementissimique
2543 906 2907 973 imperatoris,
2935 922 3054 975 quas
3082 908 3210 974 ipsis
3236 909 3449 975 placent

1879 993 2109 1045 audeant
2154 995 2539 1065 promulgare?
2575 998 2727 1062 Quod
2770 1007 2825 1052 et
2869 999 3042 1067 ipsum
3077 1013 3287 1051 summa
3321 1015 3446 1052 cum

1877 1084 2165 1138 calliditate
2209 1086 2435 1155 faciunt,
2482 1089 2818 1158 duabusque,
2860 1100 2917 1142 ut
2964 1090 3093 1143 mihi
3125 1091 3341 1160 quidem
3370 1092 3449 1143 vi-

1877 1178 2054 1240 detur,
2105 1178 2443 1245 potissimum
2493 1181 2559 1234 de
2599 1183 2802 1236 causis.
2846 1180 3039 1234 Prima
3071 1190 3175 1248 est,
3209 1194 3266 1235 ιιι
3295 1184 3448 1237 vobis

1877 1270 2342 1325 subscribentibus
2370 1315 2385 1337 ,
2418 1272 2518 1340 ipsi
2554 1273 2735 1326 infami
2759 1274 2870 1327 Arii
2906 1275 3121 1328 nomine
3147 1275 3319 1328 notari
3354 1278 3447 1326 de-

1875 1363 2088 1427 sinant,
2138 1379 2237 1418 nec
2276 1379 2398 1441 cum
2430 1365 2560 1419 Δι’ἰο
2595 1368 2795 1420 sentire
2825 1368 3227 1423 existimentur.
3261 1368 3445 1421 Altera

1874 1467 1985 1519 est,
2021 1466 2077 1510 ut
2105 1458 2177 1509 ita
2206 1459 2513 1524 scribendo,
2559 1457 2828 1511 Nictenam
2877 1461 3135 1529 synodum
3184 1469 3237 1513 et
3285 1460 3442 1513 ﬁdem

1874 1562 1993 1616 qua:
2019 1549 2070 1600 in
2102 1563 2163 1602 ea
2203 1550 2463 1604 adversus
2491 1550 2747 1603 Arianam
2788 1550 3033 1603 hazresim
3062 1562 3146 1605 est
3174 1553 3441 1620 exposita,

1877 1638 2157 1691 videantur
2194 1639 2510 1692 obscurare.
2564 1639 2761 1693 Verum
2815 1640 2865 1692 id
2932 1639 3093 1693 etiam
3146 1642 3445 1696 evidentius

1873 1729 2280 1797 perversitatem
2337 1729 2547 1782 illorum
2603 1743 2932 1797 pravamque
2998 1729 3298 1782 doctrinam
3355 1746 3445 1782 ar-

1874 1823 1985 1893 guit
2016 1841 2029 1875 :
2069 1822 2112 1877 si
2144 1823 2289 1877 enim
2342 1823 2823 1901 recteocrederent,
2862 1822 2986 1887 ﬁde,
3015 1836 3134 1890 qua:
3160 1820 3349 1876 Nicaeae
3375 1823 3444 1876 ab

1874 1913 2122 1967 universa
2149 1912 2404 1982 generali.
2422 1912 2630 1982 synodo
2674 1912 2916 1981 exposita
2956 1921 3062 1975 est,
3097 1920 3277 1967 essent
3315 1928 3445 1966 cou—

1873 2006 2024 2059 tenti.
2054 2005 2315 2058 Similiter
2348 2004 2392 2058 si
2423 2019 2519 2072 per
2548 2003 2875 2057 calumniam
2905 2012 2959 2057 et
2992 2003 3263 2058 immerito
3285 2004 3443 2057 Aria-

1872 2110 1971 2150 nos
2018 2109 2075 2147 se
2107 2095 2291 2149 vocari
2336 2095 2753 2159 arbitrarentur,
2795 2109 2901 2147 non
2950 2095 3113 2148 tantis
3156 2095 3443 2149 conatibus

1871 2186 2259 2241 contenderent
2299 2201 2361 2240 ea
2407 2186 2696 2240 immutare
2726 2200 2845 2254 qure
2879 2197 3065 2239 contra
3095 2187 3283 2239 Arium
3316 2196 3443 2239 sunt

1871 2278 2107 2341 decreta,
2142 2292 2208 2331 ne
2239 2276 2490 2330 videlicet
2523 2288 2645 2345 quae
2676 2276 2729 2329 in
2767 2276 2914 2329 illum
2946 2287 3072 2330 sunt
3106 2275 3345 2339 definita,
3376 2292 3442 2329 ea

1875 2378 2127 2438 tanquam
2160 2369 2418 2423 adversus
2458 2384 2518 2422 se
2565 2369 2772 2422 sancita
2810 2367 3031 2422 fuerint.
3075 2367 3227 2422 Nunc
3258 2376 3441 2422 autem

1872 2462 1923 2515 id
1953 2462 2165 2530 quidem
2196 2478 2301 2515 non
2341 2471 2524 2532 agunt,
2577 2461 2669 2516 sed
2715 2461 2870 2530 quasi
2913 2460 3015 2529 ipsi
3042 2460 3203 2514 Arius
3236 2472 3437 2521 essent.

1872 2569 1968 2621 pro
2010 2553 2202 2621 seipsis
2242 2564 2503 2623 pugnant.
2556 2552 2692 2605 Nam
2718 2590 2735 2615 ,
2766 2566 2985 2621 quieso,
3019 2553 3281 2608 attendite
3308 2554 3440 2607 nihil

1871 2642 1991 2697 illos
2021 2647 2087 2697 de
2115 2644 2343 2697 veritate
2365 2657 2556 2696 curare
2578 2684 2594 2709 ,
2622 2642 2715 2696 sed
2744 2641 2927 2695 omnia
2954 2641 3169 2695 Arianae
3218 2642 3441 2694 haeresis

1872 2730 2271 2799 propugnandae
2297 2745 2458 2784 causa
2486 2740 2542 2783 et
2566 2730 2751 2783 dicere
2773 2740 2828 2783 et
2854 2728 3054 2785 facere.
3086 2729 3185 2796 Qui
3210 2730 3351 2783 enim
3377 2744 3440 2781 ea

1868 2836 1989 2889 qua:
2022 2833 2165 2876 recte
2195 2822 2416 2875 deﬁnita
2451 2833 2598 2887 sunt,
2630 2823 2833 2875 audent
2864 2824 3277 2891 reprehendere,
3304 2824 3441 2877 alia-

1869 2927 1973 2979 que
2004 2921 2196 2979 prazter
2226 2911 2312 2964 illa
2340 2922 2583 2965 statuere
2624 2921 2915 2976 conantur,
2944 2914 3071 2980 quid
3104 2914 3247 2967 aliud
3271 2924 3441 2984 agunt

1869 3017 2029 3071 quam
2066 3002 2205 3071 quod
2238 3000 2426 3055 Patres
2466 3003 2612 3071 ipsos
2647 3013 2927 3069 accusant,
2964 3011 3018 3055 et
3058 3001 3176 3071 ejus
3220 3004 3441 3058 haeresis

1869 3094 2224 3164 patrocinium
2257 3093 2577 3162 suscipiunt.
2628 3094 2887 3148 adversus
2932 3108 3091 3163 quam
3144 3092 3218 3146 illi
3269 3102 3439 3147 stete-

1872 3196 1995 3238 runt
2054 3194 2107 3239 et
2160 3200 2366 3253 aaquam
2417 3186 2838 3255 pronuntiarunt
2893 3186 3250 3239 sententiam?
3303 3185 3438 3240 Nam

1870 3290 1988 3344 quae
2024 3276 2183 3328 modo
2212 3276 2474 3341 scribunt,
2527 3291 2631 3328 non
2675 3275 2922 3330 veritatis
2956 3275 3167 3338 studio,
3216 3276 3293 3329 uti
3323 3277 3439 3345 jam

1870 3367 2005 3430 dixi,
2039 3367 2131 3421 sed
2166 3367 2348 3436 potius
2381 3378 2497 3419 astu
2538 3377 2593 3419 et
2638 3366 2760 3420 dolo
2805 3367 3071 3430 scribunt,
3106 3376 3163 3420 ut
3194 3368 3439 3421 homines

1871 3460 1923 3513 in
1968 3474 2207 3513 errorem
2236 3459 2443 3528 possint
2477 3459 2734 3512 inducere
2754 3499 2769 3525 ,
2803 3467 2863 3512 ut
2894 3458 3107 3513 scilicet
3136 3458 3190 3515 in
3220 3460 3438 3512 mitten-

1870 3550 1952 3604 dis
1979 3550 2240 3618 epistolis,
2281 3549 2425 3619 vulgi
2461 3564 2623 3603 aures
2664 3550 2813 3604 iiisce
2843 3550 3003 3604 rebus
3030 3560 3315 3621 occupent,
3351 3552 3436 3603 in-

1867 3640 2132 3709 terimque
2181 3641 2440 3709 temporis
2483 3642 2865 3710 prorogatione
2895 3643 3295 3695 accusationem
3329 3642 3435 3709 ipsi

1866 3733 2087 3795 evitent,
2132 3747 2337 3801 suaque
2369 3733 2471 3787 hoc
2502 3742 2660 3803 pacto
2688 3733 2956 3787 occultata
2998 3734 3291 3803 impietate,
3325 3735 3437 3787 ha:-

1871 3826 2025 3887 resis,
2048 3841 2165 3892 quae
2196 3825 2368 3878 instar
2395 3841 2695 3896 gangraena:
2718 3825 2899 3879 omnia
2922 3826 3209 3889 consumit,
3232 3839 3433 3895 prOpa-

1865 3914 2051 3984 ganda:
2080 3913 2251 3968 locum
2287 3913 2540 3967 habeant.

1936 4101 1988 4155 6.
2022 4100 2208 4171 Itaque
2230 4103 2407 4156 omnia
2434 4111 2651 4157 movent
2676 4109 2730 4156 et
2753 4100 3100 4166 conturbant,
3131 4115 3229 4155 nec
3255 4110 3434 4154 tamen

1864 4194 1975 4248 suis
2005 4195 2237 4247 decretis
2282 4195 2383 4263 ipsi
2432 4204 2560 4249 sunt
2601 4196 2840 4249 contenti
2876 4212 2889 4247 :
2926 4209 3047 4246 nam
3083 4192 3304 4263 singulis
3333 4207 3435 4244 au-

1864 4284 1969 4346 nis,
2014 4284 2159 4337 velut
2196 4284 2304 4351 qui.
2333 4293 2488 4352 pacta
2520 4286 2782 4344 scribunt.
2834 4285 2934 4350 ipsi
2974 4297 3188 4351 quoque
3233 4296 3435 4336 conve-

1868 4376 2043 4440 nillnl,
2084 4386 2141 4429 et
2189 4375 2256 4428 de
2316 4375 2420 4430 ﬁde
2459 4384 2697 4429 statuere
2726 4376 3003 4437 simulant,
3039 4375 3278 4428 utetiam
3309 4374 3435 4426 inde

1865 4466 1999 4520 nihil
2031 4466 2131 4519 nisi
2170 4464 2334 4519 risum
2383 4474 2436 4517 et
2486 4465 2719 4518 dedecus
2763 4463 3023 4525 referant,
3061 4462 3257 4531 quippe
3295 4476 3432 4529 quo-

1936 4672 2047 4743 (59)
2088 4672 2178 4743 Sic
2232 4670 2457 4738 Seguer.
2511 4668 2765 4743 Colliert._
2799 4667 3022 4743 T‘aurin‘.
3077 4666 3267 4743 Jesuit.
3299 4667 3434 4743 _Go-

1861 4736 1998 4795 ble‘r.
2020 4736 2253 4796 Felckm.
2285 4736 2507 4795 l'anon.
2537 4751 2589 4792 et
2622 4736 2711 4790 Fr.
2748 4737 2795 4789 1.
2816 4738 3008 4792 Caneri
3042 4750 3095 4792 et
3120 4739 3271 4802 editi,
3299 4739 3433 4791 Σκό-

1862 4831 2044 4953 πςὲθοὶ
2079 4882 2214 4953 Goh.
2259 4890 2313 4935 et
2345 4878 2638 4934 Felckm.l
2692 4891 2855 4931 anon.
2911 4878 3166 4932 omittunt
3211 4878 3244 4949 ἢ
3292 4896 3430 4932 κατ-

1859 4951 2119 5039 ηγοροῦσι
2151 4951 2268 5021 μέν.

1936 5026 1967 5039 ,ι
1998 5024 2039 5039 ιλ
2101 5022 2138 5039 η
2260 5022 2275 5039 Ι
2330 5019 2543 5039 ιτ-1ι.-...
2624 5016 2821 5039 m---_!_
2900 5020 2985 5039 ---Α
3051 5019 3080 5039 α
3146 5019 3205 5039 ..-

1930 5016 2044 5093 (6i)
2100 5016 2193 5078 Fr.
2254 5022 2280 5073 ιι
2328 5019 2565 5075 Colbert.
2624 5016 2847 5073 Taurin.
2899 5020 2994 5072 καὶ
3048 5019 3085 5073 ἃ
3144 5019 3239 5073 νῦν
3288 5021 3428 5091 γρά-

1857 5111 2042 5232 φοῗὲξί)
2066 5162 2157 5216 Sic
2182 5162 2407 5227 Seguer.
2444 5158 2670 5213 Taurin.
2715 5158 2912 5232 Jesnit_.
2944 5157 3082 5232 ϐαι).
3126 5156 3239 5232 Fel.
3274 5162 3427 5232 [θη.

1856 5244 1913 5288 et
1936 5228 2031 5287 Fr.
2054 5234 2102 5286 ~l.
2136 5233 2238 5286 Alii
2271 5247 2398 5301 vero
2428 5241 2483 5284 et
2512 5228 3114 5301 θᾱίιί,ἀποσχολεῖσθαι.
3142 5229 3271 5301 Ibid.
3299 5229 3424 5301 seu.

1856 5304 2007 5358 Colb.
2037 5304 2259 5356 Tanrin.
2295 5299 2552 5354 elJesuit.
2578 5298 3063 5372 ποιήσωσιζΕιΙίιί,
3082 5298 3292 5350 ποιῶσι.
3321 5298 3429 5353 Gu—

1858 5374 1991 5427 bler.
2029 5386 2083 5427 et
2111 5372 2344 5443 Ferit-km.
2372 5373 2397 5425 1
2429 5387 2586 5425 anon.
2626 5369 2961 5443 κερδάνουσι.
2992 5369 3264 5436 Iideinque
3300 5384 3426 5421 Inox
3503 5434 3509 5441 φ

1857 5457 1912 5498 et
1933 5444 2159 5510 Seguer.
2179 5441 2550 5507 λανθάνοντες.

2648 5509 3001 5582 ἐπεκτείνερ.
3039 5505 3156 5582 Mox
3174 5486 3424 5582 Seguer.

1853 5575 2047 5638 Jesuit.
2081 5586 2287 5650 Anglic.
2320 5593 2376 5635 et
2426 5582 2514 5635 Fr.
2567 5583 2620 5643 1,
2656 5581 2897 5650 Colhert.
2938 5578 3160 5630 Taurin.
3194 5575 3425 5650 ἔχουσαν

1854 5656 2024 5739 νομὴν
2056 5646 2349 5723 πανταχοῦ.
2375 5651 2475 5704 Alii
2512 5660 2564 5704 et
2595 5650 2747 5712 editi,
2782 5648 3006 5717 ἔχουσαν
3036 5646 3307 5715 πανταχοῦ
3335 5649 3427 5718 ὁρ-

1856 5742 2039 5862 μηῖιξι)
2071 5795 2161 5848 Sic
2203 5792 2427 5859 Seguer.
2474 5788 2712 5862 Colbert.
2744 5787 2969 5862 Taurrin.
3010 5789 3101 5842 Fr.
3143 5787 3421 5862 l,_Jesuit.

1854 5859 2089 5919 Felckin.
2122 5865 2155 5916 5
2189 5878 2347 5917 anon.
2385 5862 2454 5914 At
2490 5863 2541 5914 in
2570 5861 2690 5915 aliis
2713 5871 2767 5915 ct
2789 5861 2946 5915 editis
2984 5862 3129 5915 deest
3155 5859 3282 5930 γάρ.
