3954 6502
588 436 686 493 531
1152 441 1206 494 S.
1250 440 1617 497 ATiiA‘NASll
1656 440 1804 496 OPP.
1847 439 2025 495 PARS
2064 443 2105 497 1.
2144 475 2213 483 —
2248 444 2616 501 HISTORICA
2660 447 2745 502 ET
2790 450 3214 508 DOGMATICA.
3721 458 3817 511 552

588 575 707 612 rum
733 558 945 611 decreta
977 572 1080 609 non
1112 559 1179 610 ab
1207 558 1326 611 aliis
1353 559 1444 611 sed
1481 559 1546 611 ab
1584 559 1711 625 ipsis
1750 557 2122 609 rescindantur

2248 576 2349 618 σιν,
2385 562 2465 612 ὅτι
2495 562 2568 632 μὴ
2604 565 2730 632 παρ’
2759 565 2985 636 ἑτέρων,
3014 567 3148 619 ἀλλὰ
3182 568 3318 639 παρ’
3347 567 3524 624 αὐτῶν
3549 570 3617 623 τὰ
3646 572 3817 626 αὐτῶν

588 651 645 704 Si
686 650 825 703 enim
863 649 948 703 his
972 664 1090 717 qua:
1119 650 1267 718 prius
1293 650 1615 703 deﬁnierunt
1640 647 1994 711 conﬁderent,
2031 646 2122 700 nol

2248 651 2581 705 ἐκϐάλλεται.
2614 655 2675 706 Ei
2712 655 2818 726 γάρ
2848 657 3112 728 ἐθάρρουν
3137 654 3219 723 οἷς
3249 659 3488 730 ἔγραφον
3514 664 3814 735 προτέροις,

588 741 696 795 leut
726 738 964 810 profecto
996 739 1097 793 alia
1131 740 1354 793 delinire
1385 755 1399 792 :
1437 754 1536 793 nec
1576 752 1766 791 rursus
1808 737 1912 791 illis
1956 738 2122 791 dimis

2246 743 2343 795 οὐκ
2368 744 2431 797 ἂν
2460 743 2685 817 δεύτερα
2713 748 2947 817 γράφειν
2972 750 3195 821 ἐζήτουν
3222 768 3235 781 ·
3260 750 3381 803 οὐδὲ
3408 752 3570 806 πάλιν
3593 756 3816 823 ἀφέντες

583 835 680 895 sis,
712 847 771 885 ea
802 846 942 885 nunc
966 831 1269 894 delinirent,
1300 845 1436 898 qua),
1478 838 1535 881 ut
1571 829 1671 898 ipsi
1707 841 1852 883 certe
1885 830 2145 883 meditan-

585 935 690 989 tur,
734 936 853 992 post
900 923 1112 991 aliquod
1160 930 1367 989 tempus
1403 920 1569 990 218
1620 929 1746 975 sunt
1789 920 2141 984 immutaturi,

584 1032 705 1067 cum
755 1030 943 1067 novazn
986 1013 1191 1067 scilicet
1238 1026 1427 1065 ansam
1473 1010 1735 1074 insidias,
1784 1020 1839 1063 ut
1886 1011 2141 1075 assolent,

580 1104 738 1157 alicui
769 1104 1007 1158 struendi
1040 1103 1180 1155 nacti
1214 1101 1434 1155 fuerint.
1475 1100 1752 1171 Siquidem
1789 1112 1913 1155 tune
1944 1103 1994 1155 in
2034 1104 2143 1171 pri-

582 1196 682 1248 mis
732 1210 850 1246 cum
896 1192 1317 1247 iusidias'alicui
1353 1204 1566 1261 parant,
1613 1192 1817 1260 lingunt
1857 1208 1915 1245 se
1946 1194 2009 1247 de
2042 1193 2142 1247 [ide

578 1284 855 1347 scribere,
903 1292 992 1345 ut,
1030 1282 1482 1351 quemadmodum
1515 1280 1717 1335 Pilatus
1768 1298 1957 1337 manus
1990 1283 2138 1347 lavit,

576 1377 657 1430 sic
682 1384 735 1430 et
755 1373 826 1427 illi
848 1374 1154 1436 scribendo,
1186 1375 1300 1443 pios
1317 1372 1517 1428 Christi
1546 1375 1781 1429 cultores
1807 1374 2136 1439 interimant,

575 1476 631 1520 et
668 1476 753 1529 ut,
803 1467 940 1535 quod
975 1466 1188 1535 quidem
1229 1464 1424 1534 saepius
1460 1464 1607 1529 dixi,
1642 1475 1892 1533 tanquam
1942 1468 2031 1535 qui
2083 1467 2136 1519 in

577 1558 681 1611 lide
712 1558 1009 1612 deﬁnienda
1049 1558 1156 1610 sint
1197 1555 1439 1621 distenti,
1486 1557 1705 1611 haeresis
1739 1559 2135 1611 accusationem

574 1638 781 1717 possint
820 1632 1110 1702 declinare.
1144 1648 1336 1701 Verum
1369 1663 1465 1702 nec
1497 1647 1681 1710 latere,
1711 1663 1807 1701 nec
1837 1649 2017 1717 lugere
2046 1667 2140 1719 pu-

576 1750 752 1794 terunt
780 1759 793 1794 :
825 1741 1058 1809 quandiu
1093 1741 1234 1795 enim
1268 1756 1325 1795 se
1370 1741 1469 1808 ipsi
1504 1740 1603 1795 sibi
1634 1742 1895 1795 duntaxat
1935 1758 2135 1811 purga-

571 1833 727 1899 bunt,
769 1832 851 1884 sui
891 1847 1106 1901 semper
1135 1841 1294 1886 erunt
1319 1843 1677 1896 accusatores,
1710 1842 1765 1887 et
1795 1834 1986 1885 merito
2018 1836 2137 1903 qui-

571 1925 714 1988 dem,
752 1940 869 1977 cum
908 1924 1011 1978 illis
1034 1940 1137 1978 non
1166 1926 1521 1994 respondeant
1544 1939 1574 1977 a
1605 1925 1802 1995 quibus
1832 1940 2134 1994 coarguun-
2167 1907 2208 1964 Β

572 2025 678 2081 tur,
732 2016 823 2069 sed
878 2015 978 2070 sibi
1024 2024 1225 2070 tantum
1278 2016 1535 2085 quidquid
1591 2016 1859 2071 voluerint
1909 2031 2133 2085 persua-

570 2106 750 2159 deant.
781 2104 911 2171 Quis
934 2105 1095 2174 igitur
1120 2122 1353 2175 unquam
1403 2122 1525 2161 reus
1567 2107 1883 2173 absolvitur,
1926 2109 2013 2177 qui
2050 2110 2131 2163 sui

569 2195 735 2263 ipsius
765 2198 835 2251 sit
873 2195 1087 2266 judex?
1128 2198 1263 2252 Hinc
1291 2213 1420 2267 ergo
1459 2214 1721 2269 nusquam
1756 2211 1972 2255 cesszint
2000 2204 2135 2255 scri-

568 2287 694 2341 bere
741 2300 900 2357 atque
950 2289 1022 2342 ita
1068 2305 1166 2344 sua
1216 2301 1475 2359 perpetuo
1521 2301 1823 2357 mutantes,
1870 2294 2130 2346 incertam

569 2377 726 2428 iidem
756 2376 839 2430 vel
878 2378 1055 2445 potius
1096 2386 1301 2432 certam
1352 2380 1797 2449 manifestamque
1844 2381 2131 2435 infidelita-

566 2476 674 2520 tem
718 2478 772 2522 et
818 2469 1139 2538 pravitatem
1171 2471 1389 2535 habent,
1425 2472 1565 2541 quod
1597 2472 1809 2541 quidem
1860 2472 1997 2526 haud
2026 2473 2131 2527 im-

571 2560 764 2612 merito
801 2562 907 2615 illis
940 2562 1187 2617 accidere
1237 2564 1367 2617 mibi
1413 2564 1641 2617 videtur.
1678 2564 1810 2629 Quia
1852 2564 1993 2618 enim
2036 2566 2129 2618 de-

566 2651 858 2705 sciscentes
897 2667 925 2705 a
965 2654 1222 2715 veritate,
1274 2666 1328 2708 et
1379 2654 1572 2718 ﬁdem,
1616 2671 1733 2724 qua:
1766 2654 1951 2709 Nicmte
1984 2665 2129 2711 recte

562 2744 705 2797 edita
746 2754 848 2806 est.
884 2745 1146 2816 abrogare
1184 2746 1236 2800 in
1274 2750 1457 2800 animo
1492 2748 1770 2813 habentes,
1800 2748 2124 2809 dilexerunt,

562 2836 1009 2903 quemadmodum
1039 2837 1297 2907 scriptum
1328 2846 1412 2891 est
1460 2838 1525 2901 ⁸⁰,
1563 2854 1761 2891 morere
1787 2839 1939 2907 pedes
1968 2855 2087 2891 suos
2112 2855 2127 2903 ;

562 2929 681 2982 ideo
718 2927 789 2980 illi
850 2944 953 2983 non
1007 2944 1166 2984 secus
1212 2944 1275 2984 ac
1309 2929 1434 2983 olim
1481 2926 1801 2991 Jerusalem,
1839 2928 2124 2981 moliendis

562 3018 951 3073 mutationibus
1008 3019 1200 3073 sudant
1252 3028 1305 3075 et
1362 3019 1638 3078 laborant.
1693 3017 1934 3085 aliasque
1984 3018 2125 3071 aliud

555 3111 821 3176 scribunt,
873 3125 989 3164 eam
1036 3121 1240 3164 tantum
1286 3112 1355 3165 ob
1404 3124 1622 3165 causam
1676 3118 1734 3162 ut
1783 3118 1991 3179 tempus
2042 3109 2123 3162 lu-

556 3214 793 3269 crentur,
826 3214 880 3258 et
901 3204 1103 3259 Christi
1140 3207 1322 3260 hostes
1352 3211 1736 3275 permaneant,
1770 3204 2122 3273 hominesque

558 3301 822 3354 abducant
855 3316 883 3353 a
918 3302 1160 3355 veritate.

626 3393 676 3444 7.
714 3392 843 3458 Quis
871 3406 1001 3461 ergo
1039 3392 1124 3446 cui
1174 3391 1371 3447 veritas
1410 3391 1641 3445 maxime
1671 3389 1819 3445 cordi
1845 3398 1961 3454 est,
1999 3389 2119 3443 illos

554 3486 728 3539 adhuc
774 3486 916 3540 terre
959 3485 1191 3555 poterit?
1236 3484 1366 3551 Quis
1393 3498 1486 3538 eos
1527 3483 1823 3538 scribentes
1860 3498 1963 3537 non
1998 3482 2120 3553 jure

554 3576 926 3631 aversabitur?
960 3576 1089 3643 Quis
1114 3576 1325 3630 illorum
1357 3590 1459 3629 non
1491 3573 1870 3629 condemnabit
1894 3574 2115 3628 temeri-

551 3671 755 3725 tatem?
797 3670 874 3724 llli
912 3671 1163 3725 nimirum
1194 3668 1352 3739 pauci
1385 3683 1628 3731 numero,
1660 3682 1757 3722 sua
1789 3666 1907 3737 plus
1936 3667 2113 3721 omni-

552 3762 650 3816 bus
685 3761 862 3816 valere
900 3761 1104 3825 volunt,
1142 3761 1233 3831 qui
1262 3771 1317 3814 et
1352 3773 1479 3813 suos
1506 3771 1797 3812 consessus
1827 3758 1879 3811 in
1906 3757 2118 3827 angulis

551 3852 761 3907 habitos
788 3861 1171 3921 suspectosque
1194 3853 1299 3906 vim
1326 3851 1523 3905 habere
1548 3859 1891 3921 exoptantes,
1920 3867 2114 3907 nervos

550 3956 738 3997 omne;
764 3941 1094 3995 contendunt
1122 3950 1181 3995 ut
1206 3940 1534 4012 generalem,
1561 3940 1827 3995 sinceram
1850 3952 1903 3995 et
1926 3957 2113 4011 puram

548 4033 810 4103 synodum
841 4032 1071 4100 solvant,
1101 4046 1165 4087 ac
1204 4032 1411 4087 irritam
1444 4031 1709 4100 reddant;
1741 4031 1837 4098 illi,
1874 4032 2111 4102 inquam,

623 4151 664 4178 ¹⁰
706 4148 905 4202 Jet'cm.
954 4164 1068 4215 xw,
1113 4146 1201 4204 10.

616 4262 730 4329 (65)
766 4262 857 4315 Sic
887 4260 1113 4329 Sgguer.
1153 4259 1390 4315 Colbert.
1425 4258 1649 4313 Taurin.
1680 4269 1736 4311 et
1771 4257 1956 4314 Jesnit.
1979 4259 2117 4314 Editi

544 4326 840 4395 ι·ειῖυ,ὀύδ’
889 4326 1153 4383 αῦπάλιν
1199 4330 1431 4401 ἔγραφον
1475 4329 1589 4392 νῦν,
1634 4330 1864 4400 ἀφέντες
1914 4332 2115 4394 ἐκεῖνα,

541 4401 711 4457 ταῦτα
744 4402 885 4474 ἆττερ
908 4402 1169 4474 ἔγραψαν,
1191 4403 1423 4474 πάντως,
1448 4410 1556 4474 etc.

612 4474 726 4543 (66)
771 4470 869 4527 Sic
896 4470 1122 4543 Segiter.
1165 4473 1408 4543 Colbert.
1446 4470 1668 4543 Taurin.
1696 4480 1757 4543 et;
1787 4470 1977 4525 Jesuit.
2008 4470 2110 4543 Alii

545 4541 723 4597 autem
772 4556 822 4596 et
858 4541 1009 4607 editi,
1041 4544 1122 4596 ὅτι
1154 4542 1334 4595 πάλιν.
1369 4541 1488 4594 Mox
1540 4541 1697 4593 iidem
1735 4541 1959 4608 Seguer.
1990 4542 2110 4593 (ξυι-

541 4614 682 4667 hcrt.
702 4613 921 4666 Taurin.
940 4624 993 4666 et
1018 4611 1189 4666 Jesuit
1227 4612 1427 4665 habent
1467 4610 1561 4663 ὲάν
1585 4610 1762 4677 ὀλίγος
1779 4612 1938 4663 πάνυ.
1967 4612 2034 4663 At
2057 4613 2105 4663 in

542 4684 663 4735 aliis
693 4695 746 4736 et
790 4684 949 4737 editis
975 4685 1123 4735 deest
1164 4680 1330 4733 πάνυ.
1380 4681 1509 4734 Ibid.
1566 4680 1799 4735 Felckm.
1861 4681 1894 4733 5
1943 4695 2106 4734 anon.

543 4753 822 4823 παρέλθοι.
858 4753 986 4805 Item
1020 4753 1241 4823 ibidem,
1275 4750 1592 4823 Seguct‘iau.
1624 4753 1856 4823 Colbert.
1884 4748 2105 4823 Tauriu.

540 4819 730 4875 Jes'uit.
773 4823 991 4877 Gohler.
1016 4822 1251 4875 Felckm.
1280 4822 1306 4874 1
1334 4832 1385 4873 et
1416 4820 1449 4873 5
1488 4836 1647 4892 anon.
1693 4821 1785 4872 καὶ
1814 4821 2105 4892 πρόφασιν.

544 4892 647 4945 Alii
680 4902 858 4945 autem
884 4902 930 4944 et
961 4893 1109 4953 editi,
1151 4892 1243 4943 καὶ
1272 4892 1432 4944 πάλιν
1461 4891 1754 4959 πρόφασιν.

617 4909 647 4943 ιι
680 4908 858 4945 autem
884 4908 930 4944 et
961 4908 1109 4953 eum,
1151 4908 1243 4943 και
1272 4908 1432 4944 παΛιν
1461 4908 1501 4941 π
1539 4908 1754 4959 οφασιν.

612 4962 725 5030 (67)
773 4960 865 5013 Sic
910 4960 1136 5030 chuet'.
1187 4962 1423 5015 Colbert.
1482 4908 1697 5015 'leauriu.
1760 4958 1951 5012 Jesuit.
1995 4958 2105 5014 Go-

539 5028 677 5085 bler.
729 5040 781 5084 et
836 5028 1016 5085 Felck.
1058 5032 1083 5084 1
1150 5047 1309 5087 anon.
1360 5032 1430 5085 At
1461 5031 1549 5083 alii
1590 5043 1642 5084 et
1691 5032 1843 5097 editi,
1889 5029 2109 5082 ἐπιϐου-

648 5118 754 5153 ηυσι.

648 5118 754 5153 ησμ

539 5100 722 5243 λεῖἶιρὸ)
750 5169 1104 5243 Anglicanus,
1132 5168 1469 5232 ἀσεϐοῦντες.
1497 5168 1613 5243 Mos
1662 5169 1830 5225 editio
1855 5170 2106 5225 Comme-

538 5238 632 5296 liu.
664 5238 759 5311 pro
781 5241 1184 5311 napthictswg,
1217 5243 1373 5311 habet
1399 5239 1525 5308 περὶ
1554 5238 1755 5311 πίστιν.

606 5307 720 5398 (69)
754 5307 881 5383 ὃσδ’.
903 5309 1020 5367 Col.
1042 5308 1223 5363 Felck.
1258 5310 1280 5361 l
1313 5307 1480 5364 anon.
1507 5307 1951 5377 φεύγωσι.1ἱι1ειιι
1983 5324 2105 5363 mox

535 5400 838 5531 ῗεῖἶίῗὶνξίς
866 5452 1091 5531 _Seg_uer.
1115 5450 1360 5531 floIbert.
1390 5449 2097 5531 ATauriu.Jesuithobler.

536 5519 625 5575 Fr.
662 5519 713 5583 1,
742 5519 979 5578 Ρειρὶςλ
1020 5531 1073 5575 et
1112 5523 1144 5576 5
1178 5538 1341 5575 anon.
1378 5521 1447 5573 At
1485 5522 1538 5575 in
1568 5523 1688 5575 aliis
1716 5532 1768 5575 et
1802 5522 1980 5582 editis,
2013 5519 2099 5572 ἀεί

535 5603 865 5729 01771)υὲἱο
923 5660 1149 5728 chttcr.
1200 5659 1437 5713 Colbert.
1471 5659 1691 5712 Tauriu.
1735 5657 1926 5711 Jesuit.
1984 5657 2098 5729 Go-

536 5732 669 5782 bler.
703 5728 708 5729 ⁷
740 5730 977 5785 Felcktn.
1024 5731 1047 5782 1
1111 5747 1272 5784 anon.
1326 5732 1427 5783 Alii
1491 5746 1617 5783 vero
1668 5738 1720 5782 et
1774 5730 1924 5794 editi,
1972 5728 2095 5798 κρί-

602 5818 627 5847 .,
698 5818 738 5851 ρ,

534 5816 717 5934 vulg;
747 5869 835 5920 Sic
865 5869 1086 5935 Segner.
1120 5868 1355 5921 Colbert.
1388 5867 1609 5921 Tauriu.
1648 5866 1757 5922 Jes.
1788 5866 1947 5920 Basil.
1984 5867 2091 5921 Gu-

2246 839 2446 899 ὲκείνα,
2483 837 2652 893 ταῦτα
2684 840 2777 893 νῦν
2803 841 3040 912 ἔγραφον
3072 844 3236 915 ἅπερ,
3274 845 3491 908 πάντως
3525 845 3639 915 (65)
3670 849 3817 902 τοῦτο

2248 927 2666 1000 μελετήσαντες,
2716 932 2876 985 πάλιν
2934 933 3042 1003 (66)
3091 934 3438 999 ἀλλάξουσιν,
3493 937 3591 990 ἑὰν
3643 939 3815 1008 ὀλίγος

2244 1020 2384 1072 πάνυ
2407 1022 2651 1095 παρέλθῃ
2678 1024 2886 1095 χρόνος,
2910 1025 3003 1078 καὶ
3034 1026 3305 1097 πρόφασιν
3333 1027 3541 1080 λάῦωσι
3568 1030 3664 1082 τοῦ
3699 1048 3813 1084 συν-

2242 1112 2387 1181 ήθως
2438 1115 2579 1167 τισὶν
2628 1115 3018 1170 ἐπιϐουλεύειν.
3066 1118 3201 1171 Τότε
3242 1118 3373 1191 γὰρ,
3418 1121 3549 1173 ὅταν
3595 1122 3811 1174 ἐπιϐου-

2241 1202 2470 1259 λεύσωσι
2508 1206 2641 1278 (67),
2687 1208 2921 1278 μάλιστα
2951 1211 3375 1282 προσποιοῦνται
3413 1213 3543 1284 περὶ
3583 1213 3814 1277 πίστεως

2240 1296 2491 1366 γράφειν,
2531 1299 2637 1362 ἵνα,
2665 1299 2740 1363 ὡς
2762 1302 2791 1353 ό
2818 1300 3048 1363 Πιλᾶτος
3071 1302 3288 1372 ἐνίψατο
3312 1304 3413 1367 τὰς
3443 1306 3657 1374 χεῖρας,
3682 1304 3814 1357 οὕτω

2239 1388 2333 1439 καὶ
2374 1382 2517 1442 οὗτοι
2561 1390 2852 1461 δράκοντες
2893 1394 3256 1448 ἀποκτείνωσι
3299 1396 3429 1459 τοὺς
3468 1397 3553 1459 είς
3584 1397 3814 1467 Χριστὸν

2239 1480 2590 1545 εὐσεϐοῦντας
2624 1482 2733 1554 (68)
2755 1502 2769 1514 ο
2811 1484 2906 1537 καὶ
2941 1485 3049 1553 ἵνα,
3080 1485 3156 1550 ὡς
3187 1489 3317 1559 περ).
3349 1487 3589 1551 πίστεως
3609 1487 3810 1559 ὁρίζον-

2236 1587 2327 1634 τες
2356 1572 2598 1637 δόξωσιν,
2627 1573 2702 1637 ὼς
2732 1575 2991 1640 πολλάκις
3021 1573 3194 1642 εἷπον,
3226 1577 3450 1647 φεύγειν
3483 1578 3598 1649 (69)
3634 1580 3693 1632 τὸ
3718 1580 3811 1650 τῆς

2238 1665 2570 1736 ἑτεροδοξίας
2602 1665 2766 1738 ἕγκλη
2777 1685 2873 1737 μα.
2932 1669 3070 1721 Ἀλλ’
3095 1670 3216 1724 οὔτε
3243 1671 3449 1735 λαθεῖν,
3477 1672 3605 1725 οὔτε
3628 1678 3810 1742 φυγεῖν

2235 1757 2584 1827 δυνήσονται·
2623 1758 2728 1824 ἕως
2758 1760 2868 1832 γὰρ
2903 1764 3115 1827 ἑαυτοῖς
3148 1764 3565 1833 ἀπολογοῦνται,
3614 1768 3810 1820 ἑαυτῶν

2238 1848 2323 1901 ἀεὶ
2349 1850 2458 1920 (70)
2487 1851 2781 1923 κατήγοροι
2806 1853 3066 1921 γίνονται,
3101 1856 3193 1909 καὶ
3231 1856 3459 1920 δικαίως
3482 1875 3546 1926 γε
3566 1875 3583 1888 ο
3627 1860 3686 1911 ού
3712 1859 3809 1929 γὰρ

2236 1943 2347 2003 τοῖς
2378 1941 2687 2012 ἐλέγχουσιν
2730 1945 2925 2009 αὐτοὺς
2959 1947 3372 2018 ἀποκρίνονται,
3409 1949 3527 2002 ἀλλ’
3568 1950 3804 2011 ἑαυτοὺς.

2235 2034 2309 2096 ὡς
2338 2032 2633 2103 βούλονται,
2661 2036 2924 2091 πείθουσι.
2952 2038 3089 2091 Πότε
3114 2035 3229 2105 οῦν,
3252 2040 3346 2093 τοῦ
3370 2041 3677 2095 ὑπευθύνου
3699 2043 3807 2115 κρί-

2234 2143 2417 2188 νοντος
2457 2126 2568 2196 (71)
2604 2128 2824 2193 ἑαυτὸν,
2858 2129 3009 2195 λύσις
3046 2131 3253 2199 γίνεται
3287 2134 3382 2186 τοῦ
3428 2134 3803 2206 ἑγκλήματοςς

2234 2219 2331 2271 Διὰ
2367 2220 2524 2272 τοῦτο
2555 2220 2685 2289 γοῦν
2718 2221 2803 2274 ἀεὶ
2836 2222 3125 2294 γράφουσι,
3161 2224 3256 2277 καὶ
3280 2226 3367 2278 ἀεὶ
3392 2226 3461 2278 τὰ
3496 2226 3609 2279 ἴδια
3656 2244 3805 2296 μετα-

2234 2310 2531 2375 ποιοῦντες,
2558 2312 2748 2383 ἄδηλον
2774 2313 2953 2382 έχουσι
2977 2314 3074 2381 τὴν
3102 2315 3305 2377 πίστιν,
3334 2315 3536 2385 μᾶλλον
3561 2317 3619 2369 δὲ
3660 2334 3803 2386 φανε-

2234 2402 2332 2474 ρὰν
2356 2402 2537 2473 ἔχουσι
2560 2404 2657 2475 τὴν
2692 2404 2949 2459 ἀπιστίαν
2983 2405 3095 2477 (7⁸2)
3124 2408 3219 2459 κα).
3246 2408 3344 2477 τὴν
3371 2410 3796 2479 κακοφροσύνην.

2233 2495 2468 2564 Πάσχειν
2488 2494 2542 2548 δέ
2574 2514 2662 2566 μοι
2699 2496 2857 2550 τοῦτο
2876 2498 3121 2551 δοκοῦσιν
3148 2500 3393 2563 εἰκότως.
3438 2500 3660 2571 Ἐπειδὴ
3684 2502 3797 2572 γὰρ,

2230 2586 2327 2655 τῆς
2370 2585 2627 2657 ἀληθείας
2671 2589 3032 2653 ἀποστάντες,
3069 2592 3161 2644 καὶ
3208 2590 3458 2655 Θέλοντες
3512 2593 3800 2662 ἀνατρέψαι

2229 2677 2327 2747 τὴν
2363 2679 2419 2729 ἐν
2452 2680 2654 2751 Nimia
2686 2682 2867 2735 πίστιν
2896 2684 3197 2753 γραφεῖσαν
3242 2682 3447 2746 καλῶς,
3492 2684 3794 2752 ἠγάπησαν,

2229 2767 2369 2821 κατά
2400 2769 2460 2821 τὸ
2491 2771 2871 2841 γεγραμμένον
2891 2812 2905 2835 ,
2940 2772 3130 2824 κινεῖν
3163 2771 3356 2839 πόδας
3394 2773 3632 2827 ἑαυτῶν
3665 2774 3789 2843 (75)·

2228 2859 2315 2912 διὰ
2350 2860 2506 2913 τοῦτο
2550 2862 2644 2914 καὶ
2685 2855 2850 2926 οὗτοι,
2890 2862 3027 2933 ὠςῆ
3071 2879 3197 2915 ποτε
3240 2864 3622 2935 Ἰερουσαλὴμ,
3656 2882 3795 2917 κεκο-

2228 2953 2454 3007 πιάκασι
2497 2957 2589 3008 καὶ
2626 2954 2922 3026 κάμνουσιν
2965 2957 3023 3009 ὲν
3060 2958 3180 3019 ταῖς
3216 2957 3581 3027 μεταϐολαῖς,
3621 2958 3793 3011 ἄλλοτε

2225 3045 2359 3100 ἄλλα
2390 3046 2709 3116 γράφοντες,
2748 3048 2906 3118 μόνον
2941 3048 3025 3100 ἵνα
3054 3048 3177 3110 τοὺς
3221 3049 3450 3119 χρόνους
3481 3051 3792 3122 κερδάνωσι,

2226 3139 2320 3191 καὶ
2365 3139 2681 3209 διαμείνωσι
2726 3141 3082 3211 χριστομάχοι
3127 3144 3255 3205 τοὺς
3301 3141 3631 3214 ἀνθρώπους
3670 3142 3791 3194 πλα-

2149 3251 2192 3309 C
2225 3229 2446 3294 νῶντες.

2296 3388 2347 3441 7.
2382 3389 2485 3453 Τίς
2503 3385 2615 3454 οὖν,
2636 3384 2679 3457 ᾧ
2703 3390 2931 3461 μάλιστα
2959 3390 3107 3460 μέλει
3131 3389 3395 3459 ἀληθείας
3421 3391 3553 3462 (74),
3577 3392 3657 3444 ἔτι
3680 3392 3795 3445 τοί-

2225 3496 2332 3531 των
2365 3480 2653 3549 ἀνέχεσθαι
2687 3480 2936 3551 οελήσει;
2972 3481 3066 3543 Τίς
3106 3480 3423 3551 γράφοντας
3466 3482 3663 3544 αὐτοὺς
3700 3483 3793 3535 οὐκ

2227 3572 2706 3643 ἀποστραφήσεται
2744 3572 2995 3635 δικαίως;
3052 3573 3147 3636 Τίς
3197 3574 3298 3626 οὐκ
3348 3574 3415 3627 ἂν
3454 3575 3788 3642 καταγνώσε-

2226 3682 2313 3716 ται
2351 3665 2459 3735 (75)
2504 3666 2601 3734 τῆς
2630 3664 2835 3735 τόλμης
2876 3664 3088 3730 αὐτῶν;
3145 3665 3345 3734 Ὀλίγοι
3376 3668 3488 3738 γάρ
3518 3669 3663 3731 ὄντες
3701 3669 3791 3720 τὸν

2223 3755 2477 3828 ἀριθμὸν,
2512 3756 2723 3809 θέλουσι
2758 3758 2823 3809 τὰ
2867 3756 3075 3809 ἑαυτῶν
3113 3757 3255 3827 ὑπὲρ
3292 3758 3513 3812 πάντων
3561 3761 3783 3831 ἰσχύειν⁸

2222 3849 2290 3901 τά
2314 3866 2368 3900 τε
2390 3849 2597 3901 ἑαυτῶν
2622 3850 2890 3921 συγκροτή
2900 3866 3041 3919 ματα
3067 3850 3123 3901 ὲν
3152 3850 3377 3917 γωνίαις
3403 3853 3659 3923 γινόμενα
3682 3852 3787 3921 (76)

2220 3942 2312 3993 καὶ
2342 3939 2560 3993 ὕποπτα
2590 3940 2922 4011 τυγχάνοντα
2960 3940 3269 4013 βουλόμενοι
3304 3948 3551 4016 κρατεῖν,
3589 3944 3784 4015 βιάζον-

2219 4049 2307 4084 ται
2333 4032 2479 4085 λύειν
2506 4034 2600 4086 καὶ
2628 4031 2865 4104 ἀκυροῦν
2897 4033 3005 4106 (77)
3034 4035 3132 4105 τὴν
3158 4036 3547 4108 οἰκουμενικὴν
3576 4037 3784 4106 γενομέ-

2223 4256 2356 4311 bler.
2390 4257 2482 4311 Fr.
2513 4256 2533 4308 l
2568 4265 2621 4309 et
2652 4255 2833 4309 Felck.
2871 4256 2893 4309 1
2948 4273 3106 4311 anon.
3140 4258 3207 4312 At
3244 4258 3295 4313 in
3325 4258 3435 4313 .Ics.
3466 4260 3615 4315 Collo.
3646 4260 3782 4314 Tau-

2222 4329 2406 4413 riu‘.‘et
2550 4327 2600 4413 1ς
2631 4338 2747 4413 post
2780 4328 3037 4413 unus.de
3052 4330 3317 4413 qutittitu‘s
3348 4329 3549 4400 ἔχουσι.
3573 4332 3775 4413 ᾼιιεῐίικ

2220 4397 2432 4471 μᾶλλον,
2454 4396 2510 4448 δὲ
2549 4397 2646 4471 τὴν
2695 4396 2969 4471 ἀπιστίαν.
2999 4396 3231 4452 Felckm.
3266 4398 3313 4471 _5
3342 4396 3508 4471 anon.
3535 4400 3627 4471 τὴν
3653 4396 3782 4452 ἀπι-

2216 4467 2368 4519 στίαν
2393 4467 2449 4520 δὲ
2614 4468 3028 4540 κακοφροσύνην
3080 4469 3321 4539 φανερὰν
3361 4470 3562 4540 έχουσι.
3586 4467 3777 4524 ’ϐίαιοι-ί

2216 4486 2368 4519 στιαν
2393 4486 2449 4520 σε
2481 4486 2575 4521 και
2616 4486 3028 4590 κακοφροσυνην
3080 4486 3321 4539 φανεράν
3361 4486 3562 4540 έχουσι.
3596 4486 3777 4524 eastern

2213 4551 2275 4622 et,
2308 4540 2457 4603 editi,
2504 4537 2701 4609 μᾶλλον
2729 4538 2784 4591 δὲ
2831 4539 2925 4593 καὶ
3010 4540 3227 4592 πιστίαν
3272 4540 3365 4592 καὶ
3397 4544 3495 4611 τὴν
3517 4557 3780 4612 κακοφρο-

2216 4622 2400 4676 συνην.

2287 4678 2403 4747 (75)
2455 4677 2678 4747 Seguer.
2736 4677 2969 4733 Colbert.
3030 4676 3251 4732 Taurin.
3309 4678 3503 4735 Jesuit.
3563 4680 3775 4735 Gobler.

2214 4747 2305 4801 Fr.
2336 4750 2357 4800 1
2386 4746 2444 4801 et
2465 4746 2705 4801 Felckm.
2736 4749 2759 4801 1
2791 4764 2950 4803 anon.
2981 4747 3208 4801 ἑαυτῶν.
3239 4749 3403 4816 Editi,
3424 4751 3615 4804 αὐτῶν.
3639 4751 3775 4816 ibid.

2214 4817 2305 4871 Fr.
2354 4819 2404 4871 1.
2441 4818 2592 4872 (Jolb.
2620 4816 2841 4871 Taurin.
2895 4821 3117 4885 Seguer.
3158 4818 3352 4874 Jesuit.
3387 4812 3537 4875 αὐτοί
3570 4839 3654 4887 pro
3682 4812 3780 4870 οῦ-

2214 4905 2314 5009 ξοι,
2342 4888 2467 5009 Ιζῆεὶῖιι
2496 4888 2623 4943 ibid.
2644 4887 2863 4943 Gobler.
2890 4899 2944 4943 et
2971 4888 3208 4943 Felckm.
3250 4892 3276 4944 1
3312 4906 3471 4947 anon.
3500 4892 3612 4955 ώςὸ
3640 4905 3774 4941 ποτε

2260 4974 2361 5009 σοα
2438 4998 2450 5009 .

2260 4975 2450 5010 σοαηΛ.

2284 4960 2606 5101 (θῖῗῗιέςυιι.
2637 5027 2874 5101 Colbert.
2905 5027 3127 5101 Tauriu.
3160 5031 3290 5101 περὶ
3316 5030 3586 5101 ἀληθείας.
3626 5028 3770 5083 Ibid.

2214 5096 2451 5169 Taurii":
2475 5108 2531 5150 et
2555 5098 2794 5169 Colbert.
2824 5099 3175 5169 ἀνασχέσθαι.

2283 5167 2397 5240 (Ἱβ)
2424 5165 2615 5240 lesuit.
2641 5167 2876 5223 Colbert.
2906 5165 3127 5240 'l‘aitrin.
3162 5179 3218 5224 et
3246 5170 3339 5224 Fr.
3373 5172 3424 5228 1.
3458 5169 3773 5239 καταγνοίη.

2212 5236 2448 5293 Feb-kin.
2489 5237 2522 5291 5
2557 5254 2720 5291 anon.
2755 5236 3182 5307 καταγνώσεται.
3241 5240 3363 5294 Mox
3389 5241 3601 5307 Seguer.
3623 5236 3775 5306 ὑπὲρ

2208 5307 2279 5360 τὰ
2307 5309 2544 5363 πάντων.
2579 5307 2771 5363 Jesuit.
2806 5308 3042 5363 Colbert.
3092 5319 3147 5363 et
3175 5308 3399 5365 Taurin.
3447 5312 3514 5363 τὰ
3559 5310 3775 5361 ἑαυτῶν

2212 5377 2434 5433 ίσγύειν.

2233 5396 2434 5448 σχυειν.

2280 5450 2393 5517 (76)
2418 5449 2642 5517 Seguer.
2666 5446 2949 5517 γενόμενα.

2279 5521 2391 5589 (77)
2417 5516 2511 5571 Sic
2536 5518 2759 5589 Seguer.
2790 5516 3024 5589 Colbert.
3047 5516 3273 5589 Taurin.
3308 5519 3493 5575 Jesuit.
3518 5528 3565 5571 et
3591 5516 3687 5589 Fr:
3723 5518 3774 5568 Ι.

2204 5586 2311 5644 Alii
2340 5586 2466 5659 vero
2492 5598 2545 5641 et
2567 5588 2695 5641 editi
2726 5588 2977 5659 (nuittuut
3000 5586 3256 5659 ἀκυροῦν.
3279 5590 3410 5643 ibid.
3434 5590 3604 5659 λιιδιιίιΣ
3635 5586 3776 5659 Citl-

2206 5662 2344 5713 liert.
2380 5658 2600 5711 Tauriu.
2649 5670 2702 5710 et
2722 5657 2821 5727 Fr.
2855 5659 2906 5723 1,
2948 5655 3130 5710 ἄδολον
3171 5660 3353 5712 πίστιν
3384 5662 3475 5711 καὶ
3521 5655 3775 5727 καθαράν

2206 5729 2439 5780 σύνοδον.
2474 5728 2605 5781 ibid.
2638 5726 2728 5779 καί
2759 5738 2882 5783 ante
2914 5727 3189 5798 ἄνθρωποι
3214 5732 3361 5786 deest
3382 5731 3432 5784 iu
3456 5726 3675 5784 Gobler.’
3718 5738 3776 5780 et

2203 5797 2441 5851 Feb-km.
2475 5799 2499 5850 1
2539 5814 2699 5851 anon.

2230 5798 2441 5854 "elckm.
2475 5799 2499 5850 1
2539 5814 2699 5854 anon.
