3954 6508
212 438 310 493 561

1033 438 1367 495 EPISTOLA
1404 439 1496 495 AD
1534 439 1910 500 EPISCOPOS
1946 444 2224 500 EGYPTI
2264 445 2350 502 ET
2388 447 2632 506 LIBYE.

3330 464 3436 518 562

211 554 392 609 τοντά
435 559 561 610 κατ’
605 555 769 610 αὑτοῦ
813 556 1106 627 βλάσφημα
1148 558 1371 629 ῥήματα
1417 557 1531 626 (94)
1583 574 1784 629 προαν-

1888 562 2046 616 resim
2093 574 2361 633 spectant,
2410 568 2688 633 omittunt,
2748 579 2803 624 et
2858 571 3015 641 plane
3059 574 3160 629 alia
3198 579 3438 635 scribere

213 648 350 700 ελεῖν
369 687 385 710 ,
428 649 525 701 καὶ
562 648 732 712 οὕτως
763 649 878 702 ἀντ’
908 649 1129 702 ἐκείνων
1153 650 1279 712 τοὺς
1307 651 1573 718 ὑγιεινοὺς
1602 651 1775 719 λέγειν

213 757 268 792 τε
295 740 389 792 καὶ
419 742 655 812 γράφειν
674 742 881 810 λόγους.
928 742 1065 794 Ἀλλ’
1092 740 1214 794 οῦτε
1239 742 1392 796 αὐτοὶ
1414 742 1570 796 τοῦτο
1592 742 1775 796 ποιοῦ-

216 848 315 893 σιν,
338 831 468 884 οὔτε
496 836 623 895 τοὺς
646 832 893 897 θέλοντας
924 836 1096 886 ποιεῖν
1126 832 1528 903 ἐπιτρέπουσιν,
1554 834 1587 904 ἢ
1619 834 1778 902 ἀγνο-

213 923 415 987 οῦντες,
452 923 485 994 ἢ
515 924 675 995 τέχνῃ
706 925 1033 994 πανουργίας
1074 923 1362 995 χρώμενοι.

1882 654 2196 710 moliuntur.
2260 657 2457 713 Verum
2531 662 2575 714 si
2639 661 2815 732 aliqua
2867 664 2973 720 illis
3022 667 3089 721 de
3153 669 3257 723 fide
3305 686 3435 725 cura

1881 753 2044 807 esset,
2096 745 2438 803 Christumve
2496 749 2803 820 diligerent,
2856 755 3017 822 impia
3072 757 3122 811 in
3167 774 3287 812 cum
3337 777 3435 814 vo-

1883 833 2070 887 cabula
2105 835 2278 903 primo
2322 836 2549 894 fuissent
2598 840 2851 908 tollenda,
2895 858 2958 897 ac
3001 846 3191 900 deinde
3226 849 3433 903 illorum

1884 922 2002 977 loco
2049 925 2167 981 sani
2199 926 2413 982 dicendi
2444 930 2785 986 scribendive
2810 947 3112 991 sermones.
3156 938 3314 1008 Atqui
3344 956 3439 994 ne-

216 1030 315 1082 que
347 1016 490 1069 istud
541 1017 639 1084 ipsi
693 1015 915 1080 faciunt,
953 1031 1126 1090 neque
1165 1017 1300 1071 alios
1366 1017 1679 1087 permittunt
1738 1015 1940 1080 facere,
1975 1016 2132 1087 idque
2194 1018 2276 1073 vel
2312 1034 2422 1089 prae
2454 1020 2776 1091 ignorantia,
2807 1024 2890 1079 vel
2913 1027 3036 1094 quia
3060 1026 3181 1082 dolo
3214 1039 3269 1082 et
3305 1031 3439 1084 arti-

218 1110 333 1165 ﬁcio
368 1118 617 1164 utuntur.

282 1205 367 1257 11.
404 1205 469 1258 El
496 1206 595 1275 μὲν
642 1201 735 1259 οὖν
775 1204 889 1275 (25)
928 1205 1244 1274 ἀγνοοῦντες
1289 1205 1445 1259 τοῦτο
1490 1206 1776 1276 πάσχουσι,

216 1298 541 1369 προπετείας
582 1297 648 1351 ἂν
690 1296 1030 1367 ἐγκμλοῖντο,
1080 1298 1161 1350 ὅτι
1195 1296 1320 1367 περὶ
1352 1290 1427 1351 ὧν
1466 1298 1565 1349 οὐκ
1611 1296 1775 1361 ἴσασι,

155 1372 160 1376 ”
214 1390 642 1445 διαϐεϐαιοῦνται
665 1408 680 1422 ·
714 1392 763 1443 εί
799 1390 857 1443 δὲ
888 1388 1244 1459 γινώσκοντες
1284 1389 1320 1444 ἃ
1360 1389 1775 1461 προσποιοῦνται

217 1482 342 1553 (26),
379 1480 582 1553 μείζων
612 1484 731 1535 κατ’
757 1483 986 1553 αὐτῶνή
1013 1482 1371 1551 κατάγνωσις,
1403 1483 1484 1536 ὅτι
1518 1484 1644 1553 περὶ
1678 1482 1775 1553 μέν

212 1573 315 1627 τῶν
366 1574 513 1627 ίδίων
561 1574 965 1645 βουλευόμενοι,
1008 1574 1283 1646 πάρεργον
1321 1574 1473 1627 οὐδὲν
1505 1574 1771 1627 τίθενται·

215 1666 333 1733 περὶ
360 1665 420 1720 δὲ
447 1666 546 1736 τῆς
570 1668 650 1729 είς
680 1666 770 1719 τὸν
807 1665 1017 1737 Κύριον
1046 1667 1079 1736 ὴ
1090 1666 1203 1736 μῶν
1232 1665 1343 1735 (27)
1377 1664 1609 1727 πίστεως
1635 1665 1772 1735 γρά-

213 1760 418 1823 φοντες,
456 1755 729 1822 παίζουσι,
764 1756 859 1810 καὶ
888 1755 1066 1808 πάντα
1099 1755 1297 1825 μᾶλλον
1331 1754 1365 1825 ἢ
1413 1753 1769 1826 ἀληθεύουσι·

212 1845 300 1898 καὶ
337 1844 641 1915 κρύπτουσι
676 1846 792 1916 μὲν,
828 1844 956 1916 περ)⁵
977 1838 1052 1898 ὧν
1083 1846 1116 1915 ή
1158 1845 1363 1915 αἵρεσις
1397 1844 1573 1897 αὐτῶν
1611 1845 1775 1912 ἐγκα-

1951 1204 2044 1259 11.
2079 1203 2229 1269 Quod
2260 1206 2304 1259 si
2336 1220 2444 1275 pra:
2470 1208 2765 1277 ignorantia
2802 1210 2902 1266 hoc
2930 1221 3125 1281 agant,
3160 1214 3437 1268 temerita-

1879 1295 1950 1350 tis
1985 1305 2040 1350 et
2069 1296 2535 1352 inconsiderantiaa
2568 1310 2693 1352 sunt
2731 1304 3015 1356 accusandi
3052 1304 3142 1371 qui
3177 1319 3238 1357 ea
3287 1320 3437 1360 asse-

1877 1397 2062 1441 verent
2092 1402 2213 1459 quae
2239 1388 2336 1458 ipsi
2364 1388 2629 1459 ignorant.
2674 1390 2766 1445 Sin
2797 1404 2975 1447 antem
3006 1396 3239 1450 scientes
3271 1397 3438 1449 simu-

1877 1476 2019 1544 lant,
2072 1478 2262 1544 majori
2316 1480 2658 1535 damnatione
2689 1493 2812 1537 sunt
2839 1485 3015 1554 digni,
3063 1487 3150 1555 qui
3184 1487 3435 1541 nimirmn

1876 1582 1996 1621 cum
2029 1570 2094 1624 de
2124 1569 2240 1625 suis
2274 1571 2433 1625 rebus
2460 1572 2778 1639 deliberant,
2816 1577 2943 1630 nihil
2976 1594 3435 1646 supervacaneum

1876 1661 2151 1714 aestimant
2178 1678 2192 1714 :
2222 1676 2341 1715 cum
2371 1672 2549 1716 autem
2578 1668 2643 1717 de
2667 1665 2771 1720 ﬁde
2799 1667 2852 1720 in
2881 1668 3160 1722 Dominum
3196 1680 3436 1726 nostrum

1880 1759 2131 1817 tractant,
2161 1751 2370 1820 ludunt,
2405 1762 2459 1808 et
2503 1756 2716 1835 quidvis
2756 1760 2934 1826 potius
2962 1769 3128 1829 agunt
3155 1777 3314 1829 quam
3347 1778 3437 1815 ve-

1878 1858 1997 1897 rum
2026 1845 2228 1907 dicant,
2271 1846 2395 1899 dum
2422 1847 2630 1903 scilicet
2657 1859 2711 1903 et
2737 1864 2798 1904 ea
2846 1852 3182 1905 dissimulant
3217 1854 3284 1909 ob
3319 1870 3438 1924 quae

212 1936 396 1999 λεῖται,
432 1936 721 2004 λέγουσιδὲ
748 1935 846 1997 τὰς
872 1935 981 1989 ἀπὸ
1002 1934 1111 1988 τῶν
1138 1935 1368 2006 Γραφῶν
1396 1934 1587 2002 λέξεις,
1617 1936 1771 1990 Ἔστι

1878 1934 2084 1989 illorum
2124 1935 2347 1992 haaresis
2380 1939 2813 2006 reprehenditur,
2844 1952 2899 1994 et
2932 1958 3091 1995 voces
3125 1959 3155 1996 e
3189 1943 3436 2014 Scriptu-

209 2028 263 2085 δέ
287 2028 449 2081 τοῦτο
476 2028 650 2100 κλοπὴ
679 2028 778 2099 τῆς
826 2026 1081 2098 ἀληθείας
1122 2027 1378 2099 ἄντικρυς
1403 2066 1417 2089 ,
1454 2027 1550 2081 καὶ
1590 2028 1773 2100 πάσης

210 2120 419 2182 ἀδικίας
469 2119 665 2190 μεστόν
687 2136 701 2150 ·
756 2120 853 2173 καὶ
898 2118 1055 2172 τοῦτο
1100 2114 1159 2173 εὖ
1210 2116 1324 2189 (28)
1356 2114 1452 2171 οἶδ’
1498 2119 1580 2172 ὅτι
1614 2118 1769 2191 καὶὴ

211 2209 453 2280 ὑμετέρα
486 2209 761 2263 θεοσέϐεια
785 2211 1014 2281 συνορᾷν
1060 2210 1126 2263 ἐκ
1167 2209 1368 2264 τούτων
1405 2209 1582 2273 καλῶς
1609 2210 1769 2281 δυνή-

209 2318 371 2356 σεται.
405 2302 594 2367 Οὐδεὶς
619 2303 727 2374 γὰρ
751 2302 1150 2372 ἐγκαλούμενος
1192 2302 1320 2374 περὶ
1357 2302 1599 2373 μοιχείας
1639 2303 1771 2357 ἀπο-

208 2394 441 2463 λογεῖται
474 2396 603 2466 περὶ
634 2396 841 2467 κλοπῆς
859 2438 874 2462 ,
900 2396 1021 2449 ούδέ
1061 2396 1219 2465 φόνου
1254 2411 1335 2458 τις
1369 2394 1616 2465 ἔγκλημα
1644 2393 1770 2448 διώ-

208 2505 316 2540 κων
342 2486 600 2557 ἀνέχεται
626 2488 735 2542 τῶν
787 2486 1274 2558 κατηγορουμένων
1289 2526 1304 2547 ,
1334 2487 1382 2538 εί
1422 2485 1768 2555 ἀπολογοῖντο

206 2575 472 2644 λέγοντες,
497 2576 598 2630 οὐκ
629 2579 1067 2649 ἐπιωρκήσαμεν,
1097 2575 1233 2629 ἀλλὰ
1262 2576 1357 2629 καὶ
1380 2576 1477 2648 τὴν
1515 2594 1764 2651 παρακα-

206 2669 447 2738 ταθήκην
478 2669 858 2739 ὲφυλάξαμεΨ
892 2668 1090 2739 μᾶλλον
1123 2666 1232 2738 γάρ
1278 2669 1393 2721 ἐστι
1442 2667 1597 2721 τοῦτο
1644 2667 1771 2722 παί-

207 2773 348 2824 γνιον
382 2757 497 2828 (29)
542 2757 574 2828 ἢ
624 2758 776 2820 λύσις
815 2757 1158 2827 ἐγκλήματος
1197 2756 1291 2808 καὶ
1339 2755 1595 2827 ἀληθείας
1638 2756 1771 2809 ἀπό-

205 2846 382 2912 δειξις.
421 2846 489 2899 Τί
540 2848 647 2919 γάρ
687 2848 843 2915 φόνος
893 2846 1029 2917 πρὸς
1088 2846 1586 2918 παρακαταθήκην;
1637 2847 1670 2919 ἢ
1718 2848 1770 2901 τί

210 2938 419 3009 μοιχεία
448 2938 588 3010 πρὸς
616 2938 851 3010 κλοπήν;
888 2939 949 2992 El
986 2937 1094 3009 γὰρ
1128 2938 1221 2990 καὶ
1267 2937 1513 3009 ἀλλήλων
1559 2939 1770 3008 ἔχονται

205 3033 258 3083 αἱ
305 3030 497 3083 κακίαι
547 3031 611 3083 ἐκ
646 3031 745 3101 τῆς
774 3030 945 3101 αὐτῆς
994 3028 1217 3099 καρδίας
1248 3026 1630 3099 ἐξερχόμεναι,
1658 3029 1770 3082 ἀλλ’

204 3122 276 3186 ὡς
298 3122 436 3192 πρὸς
455 3121 518 3175 τὸ
542 3120 699 3174 λῦσαι
718 3120 778 3174 τὸ
804 3119 1212 3192 πλημμεληθὲν,
1239 3120 1492 3190 οὐδεμίαν
1513 3122 1591 3185 είς
1615 3120 1771 3175 τοῦτο

208 3213 338 3283 πρὸς
376 3212 579 3275 ἑαυτὰς
620 3211 799 3283 έχουσι
849 3212 947 3283 τὴν
996 3210 1298 3265 κοινωνίαν.
1349 3212 1405 3265 '0
1450 3207 1543 3265 οὖν
1571 3214 1767 3284 Ἀχαρ,

206 3306 277 3368 ὡς
307 3307 365 3359 ἐν
398 3303 479 3375 τῷ
531 3304 702 3375 Ἰησοῦ
728 3304 806 3374 τῷ
828 3303 921 3357 τοῦ
952 3304 1110 3373 Ναυῆ
1140 3303 1477 3375 γέγραπται,
1521 3303 1775 3372 ὲγκαλού-
1799 3285 1841 3343 c

210 3415 362 3467 μενος
397 3398 529 3469 περὶ
561 3397 785 3467 κλοπῆς,
816 3397 877 3450 οὐ
904 3395 1004 3467 τὴν
1037 3398 1095 3449 ἐν
1122 3398 1235 3459 τοῖς
1268 3394 1525 3466 πολέμοις
1566 3394 1774 3449 εὔνοιαν

206 3491 492 3562 προφέρων
522 3488 855 3556 ἀπελογεῖτο,
879 3488 993 3543 ἀλλ’
1020 3488 1293 3558 ἐλεγχθεὶς
1323 3489 1379 3540 ἐν
1406 3487 1482 3557 τῷ
1504 3488 1775 3558 κλέμματι

208 3582 335 3652 (50),
362 3580 536 3645 λίθοις
565 3579 769 3652 ἐϐλήθη
802 3580 950 3651 παρὰ
983 3580 1221 3633 πάντων.
1253 3580 1363 3633 Καὶ
1388 3579 1559 3633 Σαοὺλ
1591 3581 1647 3633 δέ
1675 3579 1783 3634 ὀλι-.

208 3676 407 3747 γωρίας
439 3675 534 3728 καὶ
558 3672 903 3744 παρανομίας
924 3670 1341 3741 ἐγκαλούμενος,
1371 3672 1521 3726 οὐδὲν
1565 3672 1774 3743 ὤνησεν

208 3769 264 3822 ἐν
289 3767 468 3829 ἄλλοις
498 3764 611 3836 (31)
644 3764 1129 3837 προφασιζόμενος.
1153 3765 1287 3819 Οὐδὲ
1319 3765 1427 3837 γὰρ
1456 3767 1489 3836 ή
1522 3766 1770 3830 ἐνᾶλλοις

208 3859 467 3921 ἀπολογία
499 3858 653 3911 λύσιν
690 3858 860 3912 ἄλλων
888 3857 1251 3928 ἐγκλημάτων
1292 3857 1613 3930 ἐργάζεται·
1655 3858 1769 3912 ἀλλ’

210 3954 256 4005 εί
281 3953 390 4022 ἄρα
421 3949 624 4020 δεῖ(52)
644 3949 888 4019 νομίμως
910 3949 1002 4003 καὶ
1021 3951 1245 4014 δικαίως
1278 3951 1453 4004 πάντα
1490 3952 1767 4022 πράττειν,

210 4045 471 4113 προσήκει
502 4042 631 4113 περ)⁵
659 4034 734 4095 ὧν
763 4041 1069 4109 ἐγκαλεῖται
1112 4060 1196 4106 τις
1220 4083 1235 4107 ,
1268 4044 1395 4115 περὶ
1437 4043 1640 4096 τούτων
1678 4044 1773 4097 καὶ

209 4133 608 4203 ἀπολογεῖσθαι,
639 4134 734 4185 καί
762 4133 795 4204 ἢ
830 4133 1091 4187 δεικνύειν
1112 4174 1126 4196 ,
1167 4135 1247 4187 ὅτι
1278 4134 1352 4205 μὴ
1384 4135 1700 4205 πεποίηκεν,
1734 4134 1767 4205 ἢ

208 4227 507 4297 ὁμολογεῖν,
534 4227 582 4277 εί
607 4224 910 4295 ἐλέγχοιτο,
952 4226 1145 4297 μηκέτι
1187 4226 1317 4299 δρᾷν
1366 4226 1498 4297 μηδὲ
1528 4227 1771 4295 ποιήσειν

209 4321 319 4391 (35)
353 4320 420 4375 τὰ
443 4319 602 4373 αύτά.
637 4318 730 4371 Ἂν
757 4319 812 4372 δὲ
843 4320 951 4390 ἄρα
984 4320 1246 4391 πεποίηκε
1279 4321 1372 4374 καὶ
1409 4319 1653 4391 δέδρακε,
1680 4319 1774 4373 καὶ

314 4463 355 4493 ’⁷
390 4460 506 4517 los.
538 4475 635 4525 vn,
663 4459 754 4515 26.

1873 2025 1949 2079 ris
1978 2023 2205 2080 selectas
2235 2026 2550 2093 proferunt:
2588 2031 2729 2097 quod
2779 2036 2963 2099 utique
2997 2042 3141 2102 patet
3175 2049 3295 2089 esse
3342 2051 3435 2089 ve-

1870 2117 2047 2171 ritatis
2079 2117 2305 2181 furtum,
2332 2119 2586 2188 omnique
2621 2120 2902 2189 iniquitate
2926 2118 3139 2190 plenum
3164 2143 3179 2179 :
3215 2142 3313 2180 nec
3341 2128 3437 2179 dn-

1868 2208 1981 2263 lnto
2012 2209 2139 2279 quin
2171 2220 2347 2265 Vestra
2374 2212 2544 2279 pietas
2577 2212 2629 2267 id
2662 2228 2729 2266 ex
2765 2214 2847 2269 his
2872 2226 3019 2270 recte
3046 2218 3214 2286 possit
3236 2219 3436 2273 intelli-

1870 2315 2013 2371 gere.
2062 2300 2230 2356 Nemo
2274 2302 2418 2357 enim
2470 2305 2537 2358 de
2565 2306 2827 2361 adulterio
2861 2319 3166 2373 accusatus,
3192 2311 3260 2366 de
3294 2311 3436 2367 furto

1872 2406 1931 2446 se
1960 2406 2150 2460 purgat
2194 2412 2207 2448 :
2258 2407 2433 2462 neque
2481 2396 2572 2464 qui
2619 2396 2781 2453 caedis
2822 2398 3028 2468 aliquos
3081 2402 3434 2465 accnsaverit.

1872 2482 2105 2551 patietur
2155 2499 2275 2538 reos
2328 2486 2381 2537 in
2432 2486 2516 2540 sui
2561 2486 2873 2544 defensione
2911 2492 3236 2559 respondere
3320 2492 3435 2548 Non

1870 2576 2228 2644 pejeravimus
2250 2620 2264 2641 ,
2298 2578 2391 2633 sed
2422 2579 2585 2633 etiam
2617 2581 2918 2651 depositum
2956 2585 3305 2639 servavimus.
3354 2587 3440 2639 Si-

1869 2667 2082 2735 quidem
2122 2669 2223 2723 boc
2256 2672 2431 2738 potius
2471 2671 2628 2726 ludus
2656 2683 2776 2742 est,
2804 2690 2964 2743 quam
2995 2676 3238 2731 criminis
3272 2692 3439 2731 excu-

1867 2760 2008 2813 satio
2040 2768 2093 2813 et
2137 2762 2378 2817 veritatis
2424 2764 2734 2832 patefactio.
2789 2766 2928 2833 Quid
2971 2768 3112 2821 enim
3155 2771 3284 2824 (-anli
3317 2786 3438 2823 cum

1869 2850 2145 2917 deposito,
2186 2862 2279 2905 aut
2315 2854 2582 2909 adulterio
2627 2872 2748 2910 cum
2792 2859 2974 2913 furto?
3010 2859 3265 2925 Quamvis
3293 2864 3437 2915 enim

1870 2942 1998 2996 vitia
2033 2957 2101 2996 ex
2126 2943 2315 2997 eodem
2350 2946 2518 3000 corde
2549 2957 2740 3001 exorta
2772 2949 2913 3004 inter
2949 2964 3006 3004 se
3040 2953 3437 3019 cohaarescant;

1872 3040 2050 3086 tamen
2086 3035 2151 3086 ad
2187 3034 2393 3088 crimen
2421 3038 2769 3091 commissum
2801 3040 3106 3093 diluendum
3130 3082 3144 3106 ,
3183 3042 3315 3096 nihil
3344 3044 3440 3096 ha-

1868 3120 1993 3176 bent
2044 3137 2351 3179 commune.
2406 3123 2541 3179 llinc
2566 3126 2779 3191 Achar,
2828 3138 2884 3183 nt
2924 3133 3063 3197 apud
3088 3130 3267 3186 Jesnm
3296 3133 3440 3189 Nave

1873 3211 2043 3266 ﬁlium
2078 3213 2339 3283 scriptum
2371 3226 2474 3280 est,
2514 3214 2641 3270 furti
2686 3230 2993 3286 accusatus,
3030 3222 3231 3277 bellica:
3264 3224 3441 3279 indul-

1874 3304 2067 3373 gentia:
2096 3307 2441 3360 excusatione
2475 3308 2694 3363 minime
2742 3325 2869 3364 usus
2900 3322 3017 3376 est;
3064 3315 3157 3367 sed
3192 3316 3244 3367 in
3294 3315 3439 3370 furto

1875 3397 2195 3463 convictus,
2249 3398 2515 3467 lapidibus
2568 3402 2635 3455 ab
2693 3404 2947 3457 omnibus
2993 3414 3076 3459 est
3122 3408 3436 3464 obrutus".

1877 3488 2005 3544 Saul
2039 3505 2253 3560 quoque
2302 3492 2368 3545 de
2417 3492 2743 3563 negligentia
2784 3505 2835 3549 et
2869 3496 2934 3549 de
2962 3497 3154 3551 vio'ata
3196 3502 3309 3568 lege
3349 3516 3438 3556 re-

1874 3582 2189 3651 prehensus,
2220 3583 2352 3638 nihil
2389 3584 2622 3654 profecit
2658 3602 2780 3640 cum
2812 3587 2917 3642 alia
2947 3590 3106 3659 222
3139 3594 3437 3661 praetende-

1876 3684 1978 3728 ret.
2018 3672 2128 3729 Nec
2166 3676 2309 3730 enim
2360 3677 2425 3731 de
2462 3676 2641 3747 aliquo
2679 3679 2907 3735 crimine
2949 3683 3232 3751 purgatio,
3298 3682 3437 3738 alius

1875 3776 1959 3821 est
2006 3767 2275 3823 absolutio
2322 3787 2336 3824 :
2389 3769 2482 3825 sed
2540 3777 2600 3825 ut
2650 3771 2829 3825 omnia
2884 3771 3030 3842 jnste
3076 3790 3139 3830 ac
3200 3775 3439 3844 legitime

1877 3867 2123 3927 agantur,
2174 3870 2387 3929 Oportet
2433 3876 2557 3915 cum
2589 3861 2679 3931 qui
2729 3864 2795 3917 de
2836 3879 2893 3920 re
2926 3866 3102 3935 aliqua
3130 3877 3435 3935 accusatur,

1878 3951 1943 4005 de
1978 3952 2165 4005 eadem
2202 3952 2560 4020 respondere,
2591 3964 2752 4024 atque
2791 3956 2873 4010 vel
2909 3958 3139 4026 probare
3166 3972 3225 4014 se
3250 3959 3300 4013 id
3333 3974 3436 4013 non

1878 4043 2109 4108 fecisse,
2160 4044 2243 4097 vel
2298 4045 2604 4101 convictum
2663 4049 2901 4117 polliceri
2954 4064 3011 4105 se
3060 4066 3163 4105 non
3210 4051 3440 4121 amplius

1881 4135 2174 4190 facturum.
2215 4135 2365 4201 Quod
2415 4135 2460 4191 si
2515 4138 2565 4192 id
2596 4140 2664 4193 de
2690 4156 2796 4209 quo
2828 4150 3132 4208 accusatur,
3167 4142 3351 4196 fecerit
3385 4152 3440 4196 et

1881 4227 2229 4291 commiserit,
2283 4242 2380 4282 nec
2415 4238 2591 4283 tamen
2639 4229 2795 4295 fateri
2847 4233 2992 4294 velit,
3029 4232 3120 4287 sed
3153 4242 3210 4285 ut
3238 4232 3437 4285 factum

1882 4317 2152 4382 occultet,
2205 4316 2307 4371 alia
2349 4332 2447 4386 pro
2504 4319 2624 4374 aliis
2670 4321 3047 4390 responderit;
3098 4321 3435 4390 perspicuum

279 4616 392 4686 (ει)
423 4615 515 4669 Sic
548 4613 931 4689 ch_._Tau_rin.
960 4627 1012 4670 et
1034 4614 1144 4689 Jes_.
1173 4616 1241 4669 At
1268 4616 1321 4671 in
1362 4617 1576 4689 aliiset
1609 4616 1768 4689 editis
1799 4626 1842 4680 Ι)
1877 4685 1914 4689 _
1944 4615 2058 4685 (3.1)
2097 4616 2318 4689 Seguer.
2360 4616 2483 4689 Jes.
2515 4618 2663 4673 Coll).
2711 4619 2933 4675 Taurin.
2978 4619 3179 4689 Anglir.
3217 4620 3433 4679 Golllcr.

213 4686 1063 4772 deest‘pﬁyata._Ibid.“i_idetnt-t
1106 4686 1321 4772 βοῦρις.
1363 4686 1599 4772 Felt-lttn.
1643 4688 1663 4739 1
1716 4697 1770 4772 et

212 4757 264 4821 5,
290 4756 604 4819 καϊοῦτως.
644 4757 698 4809 In
754 4756 874 4808 aliis
912 4771 1038 4809 vero
1075 4767 1129 4809 et
1176 4757 1337 4809 editis
1368 4760 1628 4826 particula
1680 4756 1774 4809 καί

210 4827 500 4879 omittitur.

303 4896 393 4963 25)
415 4890 524 4949 υῦν
551 4896 701 4949 abest
726 4912 751 4946 a
779 4893 1001 4963 Srgucr.

303 4898 393 4951 25)
415 4898 524 4949 υῦν
551 4898 701 4949 abest
726 4912 751 4946 a
779 4898 1001 4963 Srgucr.

281 4898 389 5034 126)
414 4968 520 5035 Sic
541 4966 663 5035 Seg.
688 4963 799 5019 Jes.
828 4966 983 5018 Galil.
1008 4964 1273 5019 Fel.1.At
1298 4964 1411 5019 Col.
1442 4976 1489 5017 et
1520 4966 1681 5020 Tanr.
1728 4969 1776 5020 εἰ

208 5036 267 5089 δὲ
298 5034 658 5103 γινώσκοντες
696 5035 1261 5105 ἀποπροσποιοῦνται,
1306 5047 1409 5089 etc.
1467 5037 1599 5090 Eutiti
1646 5053 1775 5089 vero

212 5120 261 5155 et
285 5109 396 5167 alii,
422 5107 472 5157 εἰ
501 5106 556 5157 δὲ
595 5104 949 5177 γινώσκοντες
976 5105 1011 5157 ἃ
1038 5105 1486 5177 προσποιοῦνται,
1514 5106 1774 5177 μείζωνίή

212 5180 328 5230 κατ’
356 5175 538 5229 αὐτῶν
564 5177 646 5244 εἴη
677 5176 1029 5241 κατάγνωσις.
1057 5176 1110 5227 In
1146 5176 1358 5227 Golller.
1381 5179 1501 5228 item
1520 5190 1572 5228 et
1595 5175 1778 5229 Felt-ké

215 5262 410 5301 manno
449 5249 471 5297 1
507 5247 701 5314 legitur
737 5245 939 5315 μείζων
990 5246 1024 5315 ἡ
1064 5246 1181 5298 κατ’
1213 5245 1389 5297 αὐτῶν
1421 5248 1453 5316 ἡ
1492 5247 1773 5315 κατάγνω-

214 5330 314 5376 σις.

284 5384 394 5454 (27)
427 5385 519 5438 Sic
566 5382 1058 5454 Seguer.Colhert.
1102 5382 1325 5438 Taurin.
1358 5383 1451 5442 Fr.
1491 5384 1542 5450 1,
1585 5385 1772 5441 Jesuit.

215 5453 506 5526 '-‘tt_.ti"_vet:o
538 5464 602 5526 et
624 5453 736 5517 alii,
755 5453 843 5526 είς
866 5455 1296 5526 Χριστὸνίήμῶν.

286 5524 397 5594 (28)
445 5522 545 5595 Sic
574 5522 701 5595 Seg.
745 5522 1050 5595 lentio”).
1094 5522 1312 5578 Taurin.
1351 5524 1562 5595 Anglic.
1611 5526 1681 5581 At
1714 5522 1775 5580 εὖ

215 5592 485 5669 abest-al).
504 5592 623 5669 aliis
663 5600 717 5669 e't‘.
751 5593 1099 5669 editis._Mox
1130 5606 1251 5664 post
1271 5592 1466 5661 οὐδεὶς,
1493 5595 1603 5669 γάρ
1629 5600 1779 5653 deest

218 5679 275 5713 ιιι
300 5662 427 5731 Seg.
459 5659 650 5715 Jesuit.
676 5661 826 5731 Coll).
860 5675 912 5717 et
941 5659 1163 5718 Tauriti.

287 5730 551 5806 {29)Seg.
584 5742 635 5782 et
678 5730 907 5806 _'l'anrin.
950 5732 1108 5786 τοῦτο
1148 5734 1209 5787 τὸ
1253 5735 1520 5806 παίγνιον.
1558 5735 1773 5793 Goblcr.

214 5812 268 5854 et
296 5800 473 5854 Felrk.
512 5803 561 5863 1,
594 5800 834 5867 παίγνια.

290 5871 399 5941 (30)
433 5874 655 5941 chucr.
682 5870 1004 5944 ἐγκλήματι.

1876 4685 1965 4741 Fr.
2001 4689 2051 4759 1.
2088 4687 2325 4759 Ft'lcktll.
2368 4692 2416 4748 1.
2454 4688 2660 4759 ὤνησεν
2694 4692 2751 4745 ἐν
2794 4690 2992 4753 ἄλλοις,
3028 4685 3134 4743 εἷο.
3165 4693 3267 4744 Αιιι
3312 4708 3439 4746 vero

1874 4766 1926 4809 et
1963 4758 2117 4820 editi,
2144 4758 2361 4827 ἤνυσεν.
2385 4758 2584 4821 ἄλλοις.
2616 4772 2723 4816 etc.
2761 4760 2982 4831 Legitur
3018 4773 3190 4815 tamen
3225 4779 3438 4832 quoque

1874 4826 1931 4877 ὲν
1951 4825 2130 4877 ἄλλοις
2167 4844 2217 4877 ιιι
2253 4826 2489 4877 Fclrkm.
2511 4830 2563 4877 5.

1874 4826 1931 4878 ἐν
1951 4826 2130 4890 ἄλλοις
2167 4826 2217 4879 ιιι
2253 4826 2489 4882 Fclrktn.
2511 4830 2563 4881 5.
2842 4826 2864 4831 ⁷
3242 4826 3256 4832 ’
3353 4826 3365 4832 ’

1880 4962 1915 4979 Α
1946 4895 2058 4979 (35:2)
2088 4900 2179 4979 Sic
2203 4896 2702 4979 .Seguer.hCol_bert_.
2728 4898 3435 4979 Taurin..lesnit._Anglic.

1877 4962 2093 5036 Go'llle'r.
2126 4966 2239 5020 Fel.
2280 4962 2314 5019 ’1
2349 4978 2396 5021 et
2428 4967 2518 5022 Fr.
2547 4971 2598 5031 1,
2624 4971 2889 5036 iidemque
2908 4974 3102 5025 ibidem
3130 4962 3366 5027 rtFClSQ
3384 4985 3438 5028 et

1875 5035 2226 5120 §,'7t~pd‘c‘58'tv.
2259 5036 2347 5120 At,
2374 5037 2615 5120 Basil_._ei
2647 5041 2753 5120 ᾅρα
2786 5035 2870 5113 δή,
2915 5051 3016 5120 etc.
3045 5041 3209 5120 “Etim
3241 5046 3437 5120 et_a|ii,

1876 5107 1939 5179 Ei
1967 5106 2074 5179 ἄρα
2243 5107 2492 5179 πράττει.
2516 5109 2629 5162 Mox
2661 5106 2882 5179 Segncr.
2906 5110 3014 5165 Jes.
3038 5113 3271 5167 (ἔθην-ιι.
3299 5106 3440 5165 'l'an-

1877 5175 2311 5252 rinaGoblernct
2346 5175 2531 5233 Felck.
2560 5181 2610 5247 1,
2641 5175 3041 5252 ἀπολογεῖσθαι.
3071 5183 3174 5235 Alii
3213 5186 3435 5247 etcdtti,

1876 5245 2112 5317 ἀπολογή
2121 5246 2332 5303 σασθαι.

1950 5316 2061 5399 (δὸ)
2096 5318 2436 5399 sies-rgum.
2470 5318 2963 5399 _(‘Ioll_ier_t-._.'l'_anrin
3030 5320 3224 5399 Jospit.
3269 5317 3433 5399 Bas-il.

1879 5384 2081 5468 Anglic.
2122 5384 2445 5468 Felt-k;
2470 5390 2810 5468 Fr.-1.-lﬂd_iti
2845 5408 2972 5445 vero
3079 5392 3165 5468 alii
3188 5390 3435 5468 ,ημηκέει

1879 5459 2146 5525 ποιήσειν,
2196 5459 2328 5580 μηδὲ
2347 5460 2500 5531 δρᾷν.
2544 5460 2673 5513 lbid.
2726 5462 2947 5525 Srgner.
3009 5460 3160 5512 Cillll.
3210 5457 3433 5541 O'I‘anrin.

1876 5522 1988 5579 Jes.
2016 5523 2168 5580 Gobl.
2218 5528 2375 5581 ηιμ-ις,
2408 5531 2428 5581 1
2470 5538 2523 5581 et
2556 5528 2645 5581 Fr.
2682 5529 2740 5581 1.
2773 5531 2868 5581 Ἂν
2890 5527 2933 5579 δ’
2964 5529 3089 5581 ἄρα.
3150 5528 3277 5579 llud.
3312 5530 3433 5581 bra.

1877 5528 1988 5579 Jes.
2016 5528 2168 5580 Gobl.
2197 5528 2433 5584 Felrkf1‘
2470 5538 2523 5581 et
2556 5528 2645 5581 Fr.
2682 5529 2740 5593 1,
2773 5531 2868 5581 Ἂν
2890 5528 2933 5579 δ’
2964 5529 3089 5597 ἄρα.
3150 5528 3277 5579 Ibid.
3312 5528 3435 5595 Svg.

1877 5593 2101 5675 δέδρακε
2130 5598 2225 5675 καὶ
2255 5600 2389 5675 μήτε
2416 5596 2720 5675 ὁμολογοίηἶ
2751 5596 2858 5675 Jes.
2888 5597 3287 5675 Ί“ξιιιιίιι.βι›1ι1.
3320 5599 3433 5651 Ft-t.

1880 5665 1902 5716 1
1936 5677 1999 5736 ct
2036 5665 2134 5736 AFr.
2177 5668 2230 5732 1,
2257 5665 2495 5736 δέδρακε
2540 5665 2679 5736 μήθἈ
2700 5666 3001 5736 ὁμολογοίη.
3050 5668 3185 5720 Ecliti
3221 5683 3346 5717 \‘t'l'tl
3384 5681 3439 5722 rt

1881 5734 1989 5816 alii,
2014 5734 2083 5823 [av
2112 5736 2219 5806 ἄρα
2253 5734 2636 5823 πεποίηκεκαλε
2662 5734 2934 5823 δέδρακεν
3062 5737 3124 5823 δή
3166 5738 3290 5807 μήθ’
3318 5741 3439 5808 ὀμο-

1878 5793 2083 5880 λογοίη.
2118 5793 2234 5880 hiox
2265 5793 2560 5880 Jes_._Cnll_i.
2589 5793 2761 5880 'l'attr;
2782 5817 2836 5858 et
2870 5806 2959 5880 Fr.
3005 5808 3027 5859 1
3058 5850 3068 5869 ,
3114 5793 3274 5879 ἓτέρά
3310 5793 3435 5880 μῆιν

1884 5874 2103 5945 ἐτέρων.
2137 5875 2262 5928 Item
2292 5877 2485 5929 ibidem
2510 5874 2618 5929 Jcs.
2646 5884 2695 5929 ct
2723 5876 2843 5946 Srg.
2873 5875 3025 5944 λέγῃ.
