3954 6496
523 446 638 505 565

1101 444 1159 500 S.
1202 440 1579 499 ATHANASII
1616 439 1768 496 OPP.
1810 435 1993 491 PARS
2029 432 2100 491 I.‘

2217 428 2597 487 IIISTOI’JCA
2631 425 2720 480 ET
2763 397 3199 478 noenum.“

3670 406 3768 463 564

521 573 610 619 est
649 577 770 618 eum
806 560 938 615 nihil
971 560 1099 616 boni
1134 560 1341 631 egisse,
1376 558 1468 614 sed
1499 558 1677 627 potius
1715 553 1928 609 violatae
1966 550 2100 620 legis

2209 546 2342 616 μήτε
2370 540 2681 615 ὁμολογοίη,
2716 538 2854 592 ἀλλὰ
2882 537 2977 590 καὶ
3004 535 3277 607 κρύπτων,
3300 530 3467 601 ἕτερα
3507 525 3768 631 ἀνθ⁹ιέτέῖ

522 657 629 711 sibi
672 653 951 709 conscium
1002 666 1150 708 esse.
1201 650 1402 707 Verum
1453 650 1580 719 quid
1646 647 1802 718 longa
1853 645 2099 700 oratione

522 760 663 815 opus
699 753 804 809 est,
838 759 962 798 cum
996 743 1098 812 ipsi
1134 742 1348 796 Arianae
1392 739 1614 795 haeresis
1664 738 1773 792 sint
1819 744 2098 791 accusato-

525 838 655 892 res?
703 835 763 891 Si
807 836 952 891 enim
1002 835 1195 904 impias
1243 833 1455 888 illorum
1498 846 1657 886 voces
1701 829 1944 901 proferre
1989 842 2098 883 non

526 931 768 997 audent,
828 930 922 985 sed
976 937 1179 999 tegunt,
1228 928 1329 982 hoc
1380 927 1495 996 ipso
1556 934 1821 981 testantur
1873 938 1932 979 se
1991 938 2098 977 non

527 1021 779 1092 ignorare
836 1020 975 1075 hanc
1024 1019 1273 1074 haeresim
1313 1033 1343 1071 a
1385 1018 1611 1071 veritate
1647 1016 1876 1070 alienam
1917 1028 2097 1069 remo-

528 1123 706 1167 tamve
750 1128 885 1167 esse.
947 1111 1173 1177 Quando
1226 1124 1355 1163 vero
1402 1124 1514 1164 rem
1547 1108 1727 1164 celant
1776 1106 1850 1160 illi
1894 1114 1949 1161 et
1991 1105 2100 1159 vul-

527 1218 656 1273 gare
716 1213 1007 1268 verentur,
1058 1216 1274 1257 necesse
1328 1208 1412 1255 est
1463 1214 1564 1255 nos
1613 1199 1760 1269 ipsos
1810 1198 2100 1268 impietatis

527 1294 702 1349 velum
736 1294 1055 1357 detrahere,
1108 1293 1460 1362 omniumque
1496 1292 1670 1348 oculis
1712 1292 1961 1347 haeresim
2001 1306 2100 1346 ex-

527 1398 779 1452 ponere:
822 1383 1071 1439 novimus
1118 1382 1386 1452 siquidem
1436 1398 1555 1452 qua:
1610 1391 1735 1437 tunc
1770 1380 1955 1436 A'riani
2008 1396 2099 1437 re-

526 1473 845 1541 sponderint
875 1512 891 1538 ,
963 1488 1139 1543 quove
1207 1475 1369 1529 modo
1442 1490 1511 1529 ex
1575 1474 1815 1531 Ecclesia
1892 1473 2097 1543 expulsi

529 1565 757 1628 fuerint,
808 1576 864 1620 et
917 1581 949 1621 e
995 1568 1143 1622 clero
1179 1568 1359 1638 ejecti.
1394 1568 1620 1623 Veniam
1668 1577 1844 1621 tamen
1876 1582 1905 1620 a
1947 1567 2098 1621 vobis

528 1667 654 1712 ante
686 1658 943 1727 petimus,
974 1659 1019 1715 si
1048 1674 1247 1728 spurca
1274 1660 1538 1715 vocabula
1566 1674 1752 1714 sumus
1795 1659 2054 1729 prolatnri
2081 1678 2094 1713 :

530 1762 630 1803 nec
662 1749 805 1804 enim
837 1750 951 1806 bazc
982 1751 1320 1822 divulgamus
1348 1752 1491 1822 quod
1542 1752 1615 1807 ita
1655 1754 1975 1821 sentiamus,
2003 1755 2097 1810 sed

533 1847 741 1893 tantum
772 1850 833 1893 ut
858 1840 1143 1897 hereticos
1174 1840 1501 1899 refellamus.

600 2108 688 2163 12.
736 2107 920 2179 Itaque
954 2110 1126 2165 beata
1162 2110 1437 2166 memoriae
1485 2111 1771 2182 episcopus
1795 2111 2103 2167 Alexander

530 2202 719 2256 Arium
760 2203 829 2257 ab
860 2202 1107 2259 Ecclesia
1141 2204 1395 2276 proiecit,
1427 2205 1544 2259 haec
1567 2219 1687 2274 quae
1713 2212 2016 2273 sequuntur
2048 2214 2103 2258 et

530 2293 849 2349 sentientem
894 2304 949 2350 et
991 2294 1227 2351 aientem
1271 2314 1285 2350 :
1328 2315 1347 2348 ι
1381 2294 1497 2350 Non
1543 2310 1756 2366 semper
1811 2296 1952 2349 Deus
2004 2293 2105 2350 fuit

532 2388 710 2452 Pater,
738 2403 842 2442 non
872 2402 1085 2458 semper
1111 2386 1213 2443 fuit
1247 2388 1415 2444 Filius
1449 2406 1462 2442 :
1501 2387 1596 2444 sed
1629 2402 1750 2442 cum
1782 2387 1963 2442 omnia
1992 2386 2102 2442 sint

530 2494 598 2533 ex
629 2479 831 2545 nihilo,
866 2480 1035 2536 Filius
1068 2496 1282 2551 quoque
1325 2491 1410 2537 est
1450 2495 1517 2535 ex
1559 2480 1766 2535 nihilo:
1808 2495 1931 2535 cum
1973 2480 2099 2534 item

532 2586 620 2626 res
657 2588 845 2628 omnes
894 2574 1003 2629 sint
1046 2584 1281 2642 creatae,
1340 2576 1413 2629 ita
1456 2574 1547 2630 ille
1593 2582 1807 2631 creatus
1840 2583 1894 2632 et
1928 2576 2103 2631 factus

530 2673 633 2717 est.
672 2662 937 2719 Prreterea
985 2674 1043 2719 ut
1089 2680 1176 2722 res
1224 2680 1438 2731 omnes,
1480 2678 1602 2721 cum
1638 2674 1795 2721 antea
1850 2680 1953 2721 non
2018 2683 2104 2722 es-

534 2763 701 2819 sent,
757 2765 883 2810 sunt
930 2766 1115 2825 postea
1167 2767 1371 2815 exorta:
1418 2775 1432 2813 :
1476 2757 1555 2813 sic
1602 2761 1777 2827 Ipsum
1834 2757 1925 2813 Dei
1971 2760 2105 2815 Ver-

532 2844 662 2899 bum
730 2845 834 2900 Iuit
894 2845 1185 2917 aliquando
1237 2863 1357 2904 cum
1418 2865 1525 2904 non
1576 2859 1754 2916 esset,
1831 2864 1932 2906 nec
1973 2851 2107 2918 ,I'uit

534 2934 845 3004 priusquam
875 2938 1113 3006 genitum
1160 2949 1285 3007 est,
1324 2939 1419 2995 sed
1463 2940 1763 2996 exsistendi
1796 2941 1960 2997 habet
2003 2942 2107 2997 ini-

535 3026 689 3083 tium.
735 3027 885 3084 Tunc
920 3029 1063 3084 enim
1093 3030 1292 3085 factum
1320 3040 1426 3099 est,
1456 3046 1579 3087 cum
1608 3032 1740 3088 illud
1782 3048 1969 3090 creare
2005 3049 2104 3090 vo-

532 3118 635 3173 luit
669 3120 809 3176 Deus
852 3116 1172 3192 :'siquidem
1212 3123 1385 3193 ipsum
1434 3139 1650 3194 quoque
1690 3140 1855 3180 unum
1901 3133 1987 3183 est
2039 3143 2107 3183 ex

532 3209 783 3266 omnibus
806 3212 1079 3281 operibus.
1128 3213 1223 3269 Est
1257 3215 1421 3270 etiam
1452 3230 1518 3270 ex
1562 3230 1659 3270 sua
1696 3224 1885 3271 natura
1931 3227 2107 3273 muta-

2200 653 2307 707 ρων
2335 635 2482 703 λέγοι
2507 650 2522 665 ·
2554 632 2712 701 δῆλός
2738 632 2887 682 ἐστιν
2913 628 3013 681 οὐκ
3036 625 3207 698 ὀρθῶς
3244 622 3448 692 πράξας
3470 660 3487 684 ,
3521 616 3660 674 ἀλλὰ
3688 616 3770 669 καὶ

2198 726 2451 790 συνειδὼς
2478 725 2641 787 αὐτὸς
2672 721 2852 792 ἐαυτῷ
2884 716 3213 789 παρανομῶν
3245 714 3377 785 (54).
3410 712 3476 767 Τί
3508 712 3567 765 δὲ
3592 711 3673 763 δεῖ
3695 709 3773 761 λό-

2195 836 2306 888 γων
2338 816 2586 890 μακρῶν,
2613 798 2746 869 ὅπὸυ
2773 830 2837 882 γε
2868 812 2961 866 καὶ
2984 809 3136 865 αὐτοὶ
3162 800 3305 861 οῦτοι
3344 807 3645 875 κατήγοροι
3685 802 3775 871 τῆς

2208 910 2492 981 ’Δρειανῆς
2522 906 2785 979 αἱρέσεώς
2820 906 2992 971 είσιν;
3020 903 3082 957 El
3117 900 3224 972 γὰρ
3252 900 3313 953 οὑ
3367 898 3667 968 θαρροῦσιν
3706 896 3777 947 εί-

2196 1006 2339 1066 πείν,
2375 1001 2512 1055 ἀλλὰ
2553 1000 2753 1072 μᾶλλον
2800 996 3103 1069 κρύπτουσι
3142 994 3209 1047 τὰ
3253 993 3478 1046 ἐκείνων
3506 992 3609 1061 τῆς
3654 989 3777 1059 βλα-

2199 1092 2441 1165 σφημίας
2477 1093 2695 1163 ῥήματα
2718 1131 2735 1156 ,
2777 1089 2925 1159 δῆλοί
2967 1089 3073 1140 είσι
3102 1084 3467 1155 γινώσκοντες
3501 1082 3663 1152 ξένην
3690 1081 3777 1135 καὶ

2182 1186 2479 1256 ἀλλοτρίαν
2520 1184 2621 1254 τῆς
2665 1181 2924 1253 ἀληθείας
2971 1176 3108 1234 εἶναι
3150 1179 3248 1251 τὴν
3292 1180 3505 1249 αἵρεσιν
3552 1176 3777 1247 ταύτην.

2212 1279 2425 1348 Ἐπειδὴ
2462 1278 2518 1331 δὲ
2546 1276 2879 1348 κρύπτουσιν
2921 1274 3074 1328 αὐτοὶ
3119 1274 3211 1327 καὶ
3251 1272 3547 1342 φοϐοῦνται
3581 1270 3776 1337 λέγειν,

2198 1372 2491 1439 ἀναγκαῖον
2518 1370 2669 1441 ἡμᾶς
2692 1367 2959 1422 ἀποδῦσαι
2987 1367 3047 1419 τὸ
3079 1366 3343 1437 κάλυμμα
3378 1364 3491 1434 (55)
3527 1364 3627 1435 τῆς
3656 1364 3777 1416 ἀσε-

2200 1461 2373 1526 ϐείας,
2402 1460 2498 1514 καὶ
2539 1458 2889 1530 δειγματίσαι
2928 1457 3027 1529 τὴν
3062 1458 3273 1529 αἵρεσιν
3293 1497 3307 1521 ,
3356 1456 3565 1518 εἰδότας
3595 1454 3633 1508 ἃ.
3664 1456 3779 1508 τότε

2199 1555 2247 1607 οἱ
2283 1554 2417 1625 περὶ
2446 1554 2664 1623 Ἀρειον
2693 1549 2915 1619 ἔλεγον,
2966 1549 3060 1602 καὶ
3097 1547 3215 1611 πῶς
3266 1545 3639 1616 ἐξεϐλήθησαν
3679 1544 3781 1598 ἀπὸ

2199 1646 2309 1717 (56)
2332 1647 2432 1717 τῆς
2466 1642 2814 1713 Ἐκκλησίας,
2851 1642 2943 1696 καὶ
2970 1640 3355 1714 καθῃρέθησαν
3385 1640 3495 1693 ἀπὸ
3529 1637 3625 1691 τοῦ
3654 1638 3779 1707 x111-

2203 1756 2295 1811 ρου
2320 1756 2333 1769 ·
2397 1735 2728 1807 συγγνώμην
2796 1735 2977 1806 μέντοι
3033 1733 3301 1806 πρότερον
3358 1732 3777 1803 αἰτησαμένους,

2201 1832 2286 1899 ἐφ’
2313 1824 2395 1893 οἷς
2417 1830 2683 1901 μέλλομεν
2707 1828 2819 1898 (57)
2864 1826 3159 1898 προφέρειν
3196 1827 3461 1895 ῥυπαροῖς
3509 1825 3773 1895 ῥήμασιν⁸

2132 1905 2175 1961 Β
2202 1926 2283 1978 ὅτι
2313 1925 2385 1995 μὴ
2421 1923 2763 1995 φρονοῦντες,
2802 1921 2938 1976 ἀλλὰ
2970 1920 3284 1991 ἐλέγχοντες
3302 1920 3429 1982 τοὺς
3452 1919 3777 1989 αἱρετικοὺς.

2200 2018 2427 2088 λέγομεν
2456 2015 2647 2069 ταῦτα.

2272 2111 2359 2168 19..
2410 2110 2469 2163 Ὀ
2495 2108 2673 2163 τοίνυν
2699 2106 3005 2179 μακαρίτης
3060 2104 3408 2176 Ἀλέξανδρος
3448 2106 3479 2157 6
3523 2104 3637 2175 (58)
3672 2103 3780 2155 ἐπί-

2204 2220 2403 2266 σκοπος
2460 2201 2682 2269 ἐξέϐαλε
2726 2201 2815 2255 τὸν
2859 2201 3074 2271 ΙἌρειον
3126 2200 3226 2268 τῆς
3273 2198 3609 2269 Ἐκκλησίας
3656 2214 3778 2268 φρο-

2202 2296 2395 2351 νοῦντα
2417 2293 2515 2348 κα)¹
2537 2293 2767 2362 λέγοντα
2798 2290 3000 2346 ταῦτα·
3050 2310 3069 2343 ι
3108 2291 3221 2345 Οὐκ
3249 2291 3337 2345 ἀεὶ
3364 2292 3394 2344 6
3434 2291 3569 2355 Θεὸς
3596 2290 3777 2359 Πατὴρ

2199 2384 2289 2459 ἦν,
2322 2387 2422 2441 οὑκ
2450 2388 2538 2441 ἀεὶ
2561 2383 2629 2458 ἦν
2656 2388 2686 2439 6
2722 2386 2848 2450 Υἱός
2870 2403 2885 2416 ’
2933 2384 3071 2439 ἀλλὰ
3124 2386 3342 2439 πάντων
3373 2384 3548 2437 όντων
3598 2383 3660 2446 ὲξ
3690 2382 3777 2435 οὐκ

2202 2482 2389 2547 ὄντων,
2422 2480 2515 2535 καὶ
2558 2480 2587 2532 6
2616 2478 2745 2542 Υἱὸς
2781 2478 2875 2531 τοῦ
2910 2476 3043 2531 Θεοῦ
3076 2475 3136 2541 ἐξ
3181 2476 3279 2528 οὐκ
3308 2475 3479 2529 ὄντων
3508 2474 3662 2527 ἐστί’
3696 2474 3779 2526 καὶ

2204 2576 2420 2630 πάντων
2468 2572 2637 2627 ὄντων
2675 2570 2991 2640 κτισμάτων
3017 2609 3032 2634 ,
3077 2568 3173 2622 καὶ
3226 2567 3389 2631 αὐτὸς
3444 2565 3653 2636 κτίσμα
3695 2565 3778 2618 καὶ

2204 2664 2415 2735 ποίημά
2434 2664 2583 2717 ἐστι⁸
2620 2663 2714 2716 καὶ
2742 2661 2957 2715 πάντων
2992 2661 3091 2713 οὐκ
3120 2661 3288 2713 όντων
3334 2658 3636 2730 πρότερον,
3673 2656 3776 2710 ἀλλ’

2205 2756 2625 2827 ἐπιγενομένων,
2650 2754 2746 2809 καὶ
2773 2754 2935 2818 αὐτὸς
2968 2755 2997 2806 6
3017 2752 3109 2806 τοῦ
3138 2750 3271 2805 Θεοῦ
3311 2749 3487 2819 Λόγος
3534 2746 3604 2820 ἦν
3637 2766 3775 2813 ποτε,

2205 2850 2293 2903 ὅτε
2321 2849 2423 2902 οὐκ
2451 2843 2521 2919 ἦν
2562 2848 2690 2919 πρὶν
2738 2847 3060 2919 γεννηθῆναι
3103 2846 3258 2915 (59),
3307 2843 3422 2897 ἀλλ’
3458 2843 3636 2914 ἀρχὴν
3676 2841 3779 2911 ἔχει

2204 2940 2299 2995 τοῦ
2321 2936 2460 2995 εῖναι
2484 2956 2499 2973 ⁶
2520 2942 2641 2995 τότε
2671 2940 2778 3012 γὰρ
2810 2941 3055 3009 γέγονεν,
3087 2939 3176 2991 ὅτε
3206 2935 3531 3007 βεϐούληται
3559 2934 3719 2988 αὑτὸν
3751 2934 3779 2984 6

2206 3032 2336 3097 Θεὸς
2356 3032 2754 3104 δημιουργῆσαι
2775 3048 2790 3062 ο
2824 3029 2883 3083 ἓν
2908 3029 3017 3101 γὰρ
3043 3029 3153 3082 τῶν
3194 3026 3413 3081 πάντων
3448 3026 3628 3096 έργων
3674 3024 3778 3093 (Ill)

2208 3126 2322 3179 ἐστὶ
2350 3126 2442 3179 καὶ
2468 3125 2663 3188 αὐτός·
2702 3122 2797 3178 καὶ
2826 3125 2909 3177 ὅτι
2940 3124 3006 3193 τῇ
3045 3122 3142 3193 μὲν
3190 3121 3347 3191 φύσει
3378 3118 3616 3189 τρεπτός
3645 3120 3781 3177 ἐστι,

2208 3216 2529 3311 τβῦκδὲκίρίιμ
2548 3214 2883 3288 αῦτεξουσίῳ
2905 3255 2919 3281 ,
2950 3214 3025 3311 ib;
3052 3211 3330 3311 βούλεται,
3373 3209 3524 3311 μένει
3550 3209 3781 3311 (ἆυ-κα-

534 3302 661 3371 bile,
687 3276 1013 3376 proprioque
1050 3321 1151 3362 suo
1179 3307 1405 3363 arbitrio
1430 3348 1446 3373 ,
1477 3308 1703 3379 perinde
1740 3317 1801 3364 ut
1835 3310 1975 3376 vult,
2008 3312 2100 3367 bo-

2209 3276 2333 3374 ):6’;'
2696 3276 2866 3371 iit-9.5::
2906 3276 3129 3360 ὸύναται
3166 3276 3465 3375 τρέπεσθαι
3497 3276 3586 3355 καὶ
3619 3276 3782 3391 αὐτὸς

533 3410 663 3449 num
702 3408 887 3452 manet
920 3416 934 3453 :
967 3414 1091 3454 cum
1138 3408 1317 3455 autem
1344 3400 1596 3468 voluerit,
1648 3410 1825 3470 potest
1868 3412 1923 3459 et
1967 3404 2105 3461 idem

537 3490 774 3553 mutari,
818 3490 895 3544 uti
942 3502 1154 3546 caetera:
1209 3506 1297 3547 res
1342 3506 1555 3548 omnes.
1609 3493 1856 3565 Namque
1903 3496 2108 3552 idcirco

540 3578 681 3636 Deus
708 3581 883 3651 ipsum
935 3583 1135 3638 bonum
1170 3584 1411 3639 futurum
1445 3598 1809 3655 praenoscens,
1847 3588 1988 3645 hanc
2032 3589 2108 3644 illi

536 3672 791 3741 gloriam,
823 3676 1228 3744 prmveniendo,
1266 3678 1557 3744 concessit,
1614 3694 1776 3749 quam
1814 3695 1880 3735 ex
1910 3680 2109 3736 virtute

536 3774 723 3835 postea
752 3767 961 3823 habuit.
1003 3767 1238 3824 Proinde
1270 3782 1337 3823 ex
1368 3768 1487 3838 ejus
1508 3770 1781 3839 operibus,
1812 3788 1929 3842 quae
1963 3788 2103 3843 pra:-

537 3857 691 3912 novit
719 3858 898 3926 Deus,
933 3859 1108 3928 ipsum
1144 3875 1286 3915 nunc
1334 3861 1441 3915 tale
1476 3860 1675 3916 factum
1722 3872 1825 3918 est.
1860 3882 1879 3915 ι
1913 3865 2107 3920 Dicunt

539 3946 720 4014 itaque
739 3965 758 3998 ‹
781 3944 964 4015 Neque
993 3962 1177 4002 verum
1208 3949 1372 4004 Deum
1394 3963 1512 4003 esse
1530 3948 1830 4016 Christum;
1851 3951 1941 4006 sed
1960 3966 2102 4016 eum,

537 4044 669 4093 utet
694 4036 829 4093 alios
848 4052 1056 4103 omnes,
1082 4039 1247 4094 Deum
1272 4040 1755 4096 communicatione
1775 4041 2050 4111 appellari.
2078 4060 2098 4093 ι

536 4128 670 4184 Illud
716 4144 930 4201 quoque
970 4130 1211 4196 addunt,
1242 4150 1261 4184 ι
1298 4130 1452 4186 Illum
1492 4148 1597 4188 non
1637 4148 1755 4191 esse
1807 4143 1999 4191 natura
2048 4138 2100 4193 in

535 4220 729 4290 Patre,
768 4237 944 4293 neque
987 4223 1265 4292 proprium
1302 4222 1420 4293 ejus
1466 4234 1671 4280 natura:
1704 4225 1937 4282 Verbum
1980 4240 2101 4284 esse

533 4312 618 4368 vel
658 4315 937 4386 propriam
969 4312 1324 4386 Sapientiam,
1376 4317 1429 4372 in
1477 4333 1583 4388 qua
1645 4319 1789 4376 hunc
1838 4320 2100 4376 mundum

2212 3390 2399 3473 ὣσπερ
2430 3378 2524 3455 καὶ
2548 3399 2617 3453 τὰ
2645 3400 2841 3455 πάντα.
2878 3398 2977 3452 Διὰ
3006 3397 3163 3452 τοῦτο
3195 3396 3305 3468 γὰρ
3332 3398 3363 3449 6
3402 3396 3528 3457 Θεὸς
3550 3436 3565 3459 ,
3596 3378 3784 3465 προγίξὶ

2210 3493 2433 3549 νὼσκων
2464 3492 2680 3547 ἔσεσθαι
2711 3491 2875 3547 καλὸν
2918 3491 3101 3556 αὑτὸν,
3151 3489 3438 3562 προλαϐὼν
3464 3488 3663 3557 ταύτην
3688 3486 3782 3538 αὐ-

2207 3585 2285 3657 τῷ
2313 3585 2413 3657 τὴν
2435 3584 2591 3649 δόξαν
2613 3584 2869 3648 δέδωκεν,
2893 3584 2960 3655 ἢν
2989 3582 3054 3635 ἂν
3083 3582 3177 3636 καί¹
3202 3582 3266 3635 ὲκ
3297 3578 3779 3652 τῆςΛρετῆςνέσχε

2212 3676 2349 3749 μετὰ
2378 3676 2550 3731 ταῦτα
2567 3694 2581 3708 ·
2608 3675 2747 3730 ὥστε
2773 3675 2831 3742 ἐξ
2861 3674 3036 3746 ἔργων
3077 3671 3189 3746 (42)
3217 3672 3407 3737 αὑτοῦ,
3441 3667 3517 3727 ὧν
3540 3674 3779 3743 προέγνω

2203 3773 2232 3825 6
2249 3770 2398 3836 Θεὸς,
2426 3770 2664 3824 τοιοῦτον
2680 3769 2841 3823 αὐτὸν
2864 3768 2958 3823 νῦν
2984 3767 3284 3837 γεγονέναι.
3313 3786 3330 3818 ι
3360 3765 3592 3835 Λέγουσι
3630 3764 3776 3833 γοῦν,

2204 3866 2287 3919 ὅτι
2317 3862 2428 3935 (45)
2468 3882 2487 3914 ι
2517 3862 2653 3916 Οὐδὲ
2683 3862 2816 3925 Θεὸς
2853 3860 3102 3931 ἀληθινός
3126 3861 3273 3913 ἐστιν
3296 3860 3325 3911 6
3365 3857 3615 3929 Χριστὸς,
3647 3855 3777 3909 ἀλλὰ

2209 3958 2412 4029 μετοχῇ
2437 3954 2529 4011 καὶ
2553 3955 2734 4020 αὐτὸς,
2774 3954 2964 4025 ὥσπερ
2994 3952 3087 4005 καὶ
3124 3952 3174 4006 οί
3216 3950 3365 4005 ἄλλοι
3402 3950 3515 4023 (44)
3562 3949 3775 4010 πάντες,

2204 4044 2418 4115 λέγεται
2438 4044 2587 4108 Θεός.
2625 4063 2643 4096 ι
2683 4043 3039 4116 Προστιθέασι
3070 4042 3127 4095 δὲ
3152 4041 3245 4095 καὶ
3295 4039 3474 4105 τοῦτο,
3505 4041 3585 4093 ὅτι
3614 4057 3631 4091 ι
3667 4039 3777 4092 Οὐκ

2206 4137 2350 4191 ἐστιν
2380 4138 2544 4201 αὐτὸς
2570 4138 2599 4189 6
2627 4138 2684 4190 ὲν
2707 4136 2782 4208 τῷ
2798 4137 2973 4205 Πατρὶ
3002 4134 3181 4206 φύσει,
3206 4135 3299 4188 καὶ
3320 4133 3455 4198 ἴδιος
3478 4134 3577 4204 τῆς
3595 4131 3778 4193 οὐσίας

2206 4229 2369 4284 αὐτοῦ
2403 4229 2596 4299 Λόγος,
2626 4229 2722 4283 καὶ
2748 4230 2781 4299 ἡ
2811 4228 2913 4282 ἰδία
2936 4228 3124 4298 Σοφία,
3152 4228 3209 4279 ὲν
3312 4226 3409 4279 καὶ
3452 4223 3634 4279 τοῦτον
3663 4222 3777 4291 (45)

2206 4321 2473 4394 πεποίηκε
2506 4322 2596 4376 τὸν
2632 4321 2837 4393 κόσμον
2862 4338 2875 4353 ·
2909 4321 3024 4375 ἀλλ’
3059 4320 3215 4383 ἄλλος
3248 4318 3345 4390 μὲν
3383 4317 3531 4372 ἔστιν
3564 4316 3592 4369 6
3614 4318 3668 4369 ὲν
3698 4312 3779 4383 τῷ

585 4564 715 4650 ⁹(5.1)
743 4565 837 4621 Sic
863 4567 989 4637 Seg.
1015 4566 1183 4624 Taur.
1202 4576 1257 4623 et
1275 4568 1384 4624 Jes.
1403 4568 1596 4625 Caeteri
1618 4583 1749 4625 vero
1765 4579 1820 4625 et
1837 4570 1992 4635 editi,
2010 4589 2100 4624 πα-

2212 4573 2521 4650 abstitit-at-

535 4652 665 4706 ρανο
672 4654 793 4706 μον.

602 4705 715 4777 (55)
748 4705 839 4760 Sic
863 4706 988 4777 Seg.
1025 4706 1192 4762 Taur.
1223 4709 1373 4765 Colb.
1404 4718 1458 4765 et
1481 4708 1592 4766 Jes.
1624 4710 1764 4765 Editi
1802 4725 1950 4777 vero,
1967 4712 2103 4765 ἀπο-

528 4775 787 4846 δύσασθαι
816 4775 1099 4846 κάλυμμα.

625 4845 713 4917 56)
750 4847 884 4917 ΪΑπό
918 4845 1065 4901 deest
1089 4849 1142 4902 in
1171 4848 1397 4917 Seguer.

625 4846 692 4900 56
753 4847 884 4899 Ἀπό
918 4849 1065 4901 deest
1089 4849 1142 4902 in
1171 4848 1397 4917 Seguer.

601 4846 716 5040 (3)7;
739 4916 962 4985 Seguer.
1000 4918 1312 5040 μέλλοιμεν.
1343 4918 1475 4976 Ibid.
1511 4921 1732 5003 idemuet
1758 4920 1909 4976 Colb.
1936 4920 2099 5005 Tanr.

601 5005 610 5036 ι
652 4986 748 5039 ler.
789 4995 843 5039 et
872 4986 997 5040 Felc
1041 5003 1113 5040 ιιι.
1156 4993 1208 5040 1.
1232 4991 1547 5040 προφέρειν.
1576 4992 1681 5040 ΑΙιι
1718 5006 1845 5040 vero
1870 5001 1925 5040 et
1949 4995 2099 5040 edin-

528 4986 748 5041 Gobler.
789 4995 843 5039 et
872 4986 1113 5043 Felckm.
1156 4986 1208 5056 1,
1232 4991 1547 5061 προφέρειν.
1576 4991 1682 5046 Alii
1718 5006 1845 5047 vero
1870 5001 1925 5048 et
1949 4993 2102 5062 editi,

530 5056 879 5109 προσφέρειν.

530 5073 1077 5252 πρῖῗῗὲῗὲῗὸΐόιηιιοε
1131 5144 1259 5183 mss.
1298 5132 1368 5182 At
1413 5131 1540 5185 editi
1579 5133 1608 5185 6
1654 5132 1930 5187 omittunt.
1978 5131 2103 5188 Mox

530 5200 655 5252 Sea.
737 5212 917 5251 aurm.
946 5197 1098 5252 Colb.
1124 5200 1233 5252 Jes.
1265 5201 1403 5252 Gob.
1442 5201 1551 5252 Fel.
1598 5204 1614 5252 I
1651 5212 1705 5252 et
1743 5202 1833 5252 Fr.
1878 5204 1928 5252 I-
1968 5220 2101 5252 ωοο-

530 5197 655 5273 Seg.
691 5197 1098 5273 Tanrin._(_}olb.
1124 5200 1233 5254 Jes.
1265 5201 1403 5273 βοὶ).
1442 5201 1551 5273 Fel.
1598 5204 1614 5254 Ι
1651 5212 1705 5255 et
1742 5202 1839 5273 Fr.
1878 5204 1929 5266 1,
1968 5220 2101 5273 φρο-

527 5269 749 5344 νοῦντα-
776 5268 868 5344 καὶ
918 5268 1148 5344 λέγοντα
1192 5271 1382 5326 ταῦτα·
1417 5271 1530 5324 Οὐκ
1557 5273 1643 5325 ἀεὶ
1676 5275 1713 5344 Αό
1757 5272 1887 5336 Θεὸς
1909 5268 2104 5344 potth

526 5334 614 5411 ἧν.
652 5339 796 5393 Editi
836 5352 969 5395 vero
993 5334 1053 5393 et
1084 5342 1175 5395 alii
1208 5344 1467 5395 omittum
1501 5342 1802 5412 φρονοῦντα
1830 5334 1883 5395 et
1906 5339 1994 5413 ἦν.
2031 5407 2035 5410 ν

598 5409 709 5466 (59)
741 5408 852 5465 Jes.
881 5408 1105 5465 Taurin.
1148 5412 1303 5466 Colb.
1336 5421 1389 5464 et
1425 5411 1515 5466 Fr.
1568 5414 1619 5466 1.
1667 5414 1795 5466 πρὶν
1844 5412 2038 5466 γεννηθ

550 5408 560 5411 ⁷
598 5409 709 5533 (592
741 5408 852 5465 Jes.
881 5408 1105 5465 Taurin.
1148 5412 1303 5467 Colb.
1336 5421 1389 5464 et.
1425 5408 1619 5475 Fui-1,
1667 5414 1795 5485 πρὶν
1844 5408 2101 5485 γεννηθῖμ

526 5479 643 5533 ἀλλ’
712 5481 846 5551 ρχὴν
880 5478 998 5551 ᾼέχει
1028 5484 1107 5545 είς
1135 5482 1195 5535 τὸ
1228 5479 1386 5534 εἶναι.
1426 5481 1544 5536 ΜοΧ
1577 5483 1793 5538 Gobler.
1832 5494 1885 5537 et
1919 5469 2099 5537 Felck.

530 5498 641 5533 αλλ’
671 5498 743 5551 αρ
780 5498 846 5551 ην
886 5498 998 5549 εχει
1028 5498 1107 5545 εις
1135 5498 1195 5535 το
1228 5499 1386 5534 ειναι.
1426 5498 1544 5536 mox
1577 5498 1793 5538 uomer.
1832 5498 1885 5537 et
1919 5498 2099 5537 r'elcx.

530 5552 578 5637 3..-
613 5551 701 5633 ὅτε
736 5498 1068 5637 ἔεδεξύὶηταε,
1092 5555 1120 5605 ὁ
1157 5551 1477 5637 βεὲς.αὑτδς
1524 5552 1945 5637 Memine-
1976 5554 2101 5637 .568.-

532 5621 755 5751 gagicrin.
807 5631 862 5676 et
903 5620 1093 5678 Jesuit.
1146 5624 1176 5676 6
1219 5623 1351 5687 Θεὸς
1408 5620 1609 5677 αὐτόνῖ
1641 5620 1831 5692 Εαῖιὶ,’
1871 5622 2029 5676 αὑτὸν
2054 5620 2104 5675 ’ὁ

605 5759 716 5835 (ID)
743 5758 1192 5835 Segii_er._€pyov.
1217 5763 1333 5818 Mox
1355 5764 1524 5835 idem,
1555 5766 1635 5818 ὅτι
1668 5766 1765 5835 τὴν
1798 5766 1893 5835 μὲν
1922 5764 2100 5833 φύσιν.

537 5827 723 5905 {es-uit.
776 5827 949 5905 (3211).-
981 5827 1201 5905 Taurin.
1256 5844 1309 5886 et
1353 5833 1442 5887 Fr.
1567 5838 1649 5889 ὅτι
1686 5827 1750 5905 τῇ
1798 5827 1894 5904 μὲν
1920 5827 2100 5902 φύσει.

537 5896 694 5951 Gubl.
720 5908 776 5954 et
809 5898 1043 5955 Felckm.
1092 5902 1140 5969 1,
1176 5904 1255 5955 ὅτι
1292 5904 1386 5974 μὲν
1420 5896 1596 5971 φύσιν.
1620 5896 1759 5962 ΕιΙὶἰῖ
1792 5896 1845 5961 et
1881 5896 1990 5971 alii,
2019 5906 2097 5958 ὅτι

2280 4640 2391 4713 (41)
2425 4646 2515 4699 Sic
2544 4643 2769 4714 Seguer.
2798 4646 2867 4700 At
2902 4644 3092 4700 Jesuit.
3138 4643 3361 4699 Taurin.
3398 4642 3644 4714 Colb._et
3671 4640 3775 4714 Fr.

2207 4718 2261 4781 1,
2290 4711 2395 4779 ἕως
2422 4711 2667 4785 βούλεται
2705 4715 2873 4786 μένει.
2901 4715 3121 4783 Legitur
3141 4716 3268 4769 item
3299 4711 3774 4786 péystinﬁobler.

2206 4798 2260 4842 et
2290 4781 2432 4841 Felc.
2466 4788 2518 4840 1.
2550 4786 2652 4856 Alii
2684 4781 2812 4841 v'ero
2836 4796 2892 4839 et
2916 4781 3043 4839 editi
3081 4786 3280 4856 habent
3300 4781 3398 4856 τῷ
3430 4784 3485 4836 δὲ
3509 4782 3617 4852 ἰδίῳ
3641 4781 3781 4835 αὑτ-

2205 4854 2988 4928 εξουσίῳμβεϐούληται,μένειν
3005 4855 3199 4928 καλός.

2300 4925 2739 4997 42)⁷Εε101ιηιέ5,
2777 4926 2965 4994 ὥσπερ
2987 4926 3055 4997 ξὲξ
3084 4925 3281 4997 ἔργων,

2302 4991 2388 5064 45)
2421 4996 2615 5053 Jesuit.
2648 4995 2873 5050 Taurin.
2906 4991 3056 5050 Coll).
3103 4991 3277 5049 ét‘Fr.
3326 4995 3380 5062 1,
3416 4994 3620 5064 λέγουσι
3661 4991 3779 5062 γὰρ

2206 5069 2308 5129 ὅτι.
2339 5078 2447 5123 etc.

2278 5137 2388 5209 (Η)
2414 5138 2637 5205 Seguer.
2682 5136 2775 5209 καὶ
2801 5134 3009 5209 Δὥσπερ
3044 5135 3219 5209 καὶΛοί
3250 5134 3418 5209 ἄλλοι.
3444 5133 3561 5209 Jes.
3603 5132 3776 5209 Taur.

2206 5202 2383 5275 Colb.,
2412 5202 2601 5279 ὥσπερ
2635 5208 2729 5261 κα)⁸
2748 5206 2816 5279 _oi.
2868 5202 3039 5279 mer.
3078 5206 3209 5279 _Alii_
3235 5215 3288 5259 et
3326 5206 3479 5279 editi,
3514 5203 3720 5279 (361:3?—
3727 5202 3777 5253 οί

2205 5271 2378 5333 ἄλλοιξ
2409 5271 2722 5346 Paulo'post
2747 5277 2968 5346 Taurin.
2995 5276 3148 5346 Colb.
3179 5275 3405 5346 Seguer.
3448 5274 3555 5329 Jes.
3583 5282 3636 5346 _et
3677 5271 3778 5346 F_r.

2207 5351 2259 5407 1.
2285 5342 2637 5423 Προστιθέασι
2664 5347 2834 5423 sem
2857 5342 3780 5423 5021-0.Exteri'eueditixglolnit-

2209 5409 2347 5474 lunt:
2381 5419 2512 5475 Ibid.
2550 5434 2648 5487 pro
2675 5419 2703 5471 6
2732 5421 2790 5472 ἐν
2813 5417 2891 5486 τῷ
2921 5414 3096 5487 Πατρὶ
3118 5415 3298 5487 φύσει,
3324 5414 3436 5470 Jes.
3466 5409 3779 5470 C0lb.Tau-

2206 5493 2310 5547 rin.
2342 5500 2396 5545 et
2428 5491 2520 5545 Fr.
2552 5485 2579 5543 1
2614 5490 2814 5543 habent
2841 5485 3146 5556 ότοῦθεοῦ
3172 5486 3350 5556 φύσει.

2277 5562 2389 5633 (45)
2416 5563 2506 5633 Sic
2536 5559 2765 5633 Seguer.
2793 5548 3203 5633 Qolb._Ta_urin'.
3238 5555 3355 5633 .Jes.
3385 5553 3557 5633 GobL.
3576 5548 3775 5633 Felcln.

2206 5633 2231 5686 1
2275 5622 2329 5687 et
2359 5622 2409 5687 Β.
2437 5631 2527 5686 Fr.
2562 5622 2732 5684 L'Sic
2761 5629 2923 5684 etiam
2950 5626 3115 5681 Basil.
3147 5626 3250 5681 nisi
3296 5626 3436 5694 quod
3470 5622 3557 5677 καί
3595 5622 3776 5694 ornit-

2207 5712 2285 5756 tul.
2314 5713 2434 5770 post
2462 5704 2518 5755 ἐν
2552 5695 2606 5774 ᾖ.
2644 5699 2743 5774 Alii
2783 5712 2916 5774 vero
2965 5705 3019 5751 et
3044 5696 3220 5774 _editi_
3244 5691 3326 5774 sic
3371 5696 3558 5774 habent
3583 5691 3781 5768 :jéwc

2203 5759 2385 5838 οὐσίας
2436 5775 2526 5828 καὶ
2648 5770 2749 5824 ἰδία
2797 5768 2953 5839 σοφία
2998 5766 3162 5821 αὑτοῦ
3194 5766 3387 5834 Λόγος,
3420 5759 3525 5837 ἐ.νῇ
3552 5759 3779 5823 τοῦτον,

2204 5855 2309 5900 εις.
