  <div class='ocr_page' id='page_1' title='image "/cluster/home/n/w/nwhite01/storage/ocr_20150623/25/hvd.32044004972428/590.png"; bbox 0 0 3954 6514; ppageno 0'>
   <div class='ocr_carea' id='block_1_1' title="bbox 182 428 284 508">
    <p class='ocr_par' dir='ltr' id='par_1_1' title="bbox 182 428 284 508">
     <span class='ocr_line' id='line_1_1' title="bbox 182 428 284 508; baseline 0 -1"><span class='ocrx_word' id='word_1_1' title='bbox 182 428 284 508; x_wconf 70' lang='grc' dir='ltr'><strong>εόδ</strong></span> 
     </span>
    </p>
   </div>
   <div class='ocr_carea' id='block_1_2' title="bbox 1004 450 2626 518">
    <p class='ocr_par' dir='ltr' id='par_1_2' title="bbox 1004 450 2626 518">
     <span class='ocr_line' id='line_1_2' title="bbox 1004 450 2626 518; baseline 0.003 -12"><span class='ocrx_word' id='word_1_2' title='bbox 1004 450 1345 509; x_wconf 74' lang='lat' dir='ltr'><strong>EPISTULA</strong></span> <span class='ocrx_word' id='word_1_3' title='bbox 1381 452 1475 511; x_wconf 77' lang='lat' dir='ltr'><strong>AD</strong></span> <span class='ocrx_word' id='word_1_4' title='bbox 1513 453 1889 513; x_wconf 76' lang='lat' dir='ltr'><strong>EPISCOPOS</strong></span> <span class='ocrx_word' id='word_1_5' title='bbox 1925 452 2203 518; x_wconf 63' lang='lat' dir='ltr'><strong>EGYPTI</strong></span> <span class='ocrx_word' id='word_1_6' title='bbox 2245 454 2335 512; x_wconf 76' lang='lat' dir='ltr'><strong>ET</strong></span> <span class='ocrx_word' id='word_1_7' title='bbox 2376 453 2626 511; x_wconf 70' lang='lat' dir='ltr'><strong>LIBLE.</strong></span> 
     </span>
    </p>
   </div>
   <div class='ocr_carea' id='block_1_3' title="bbox 3317 458 3420 515">
    <p class='ocr_par' dir='ltr' id='par_1_3' title="bbox 3317 458 3420 515">
     <span class='ocr_line' id='line_1_3' title="bbox 3317 458 3420 515; baseline 0 0"><span class='ocrx_word' id='word_1_8' title='bbox 3317 458 3420 515; x_wconf 79' lang='grc'><strong>566</strong></span> 
     </span>
    </p>
   </div>
   <div class='ocr_carea' id='block_1_4' title="bbox 184 568 1760 645">
    <p class='ocr_par' dir='ltr' id='par_1_4' title="bbox 184 568 1758 645">
     <span class='ocr_line' id='line_1_4' title="bbox 184 568 1758 645; baseline -0.001 -18"><span class='ocrx_word' id='word_1_9' title='bbox 184 574 356 645; x_wconf 78' lang='grc' dir='ltr'>Πατρὶ</span> <span class='ocrx_word' id='word_1_10' title='bbox 390 573 526 639; x_wconf 69' lang='grc' dir='ltr'>τδιος</span> <span class='ocrx_word' id='word_1_11' title='bbox 566 568 725 629; x_wconf 80' lang='grc' dir='ltr'>αὑτοῦ</span> <span class='ocrx_word' id='word_1_12' title='bbox 764 572 953 640; x_wconf 77' lang='grc' dir='ltr'>λόγος,</span> <span class='ocrx_word' id='word_1_13' title='bbox 990 574 1085 626; x_wconf 76' lang='grc' dir='ltr'>καὶ</span> <span class='ocrx_word' id='word_1_14' title='bbox 1116 572 1249 644; x_wconf 79' lang='grc' dir='ltr'>ἄλλη</span> <span class='ocrx_word' id='word_1_15' title='bbox 1285 574 1321 643; x_wconf 74' lang='grc' dir='ltr'><strong>ἡ</strong></span> <span class='ocrx_word' id='word_1_16' title='bbox 1365 575 1422 627; x_wconf 82' lang='grc' dir='ltr'>ὲν</span> <span class='ocrx_word' id='word_1_17' title='bbox 1472 572 1550 643; x_wconf 84' lang='grc' dir='ltr'>τῷ</span> <span class='ocrx_word' id='word_1_18' title='bbox 1582 574 1758 640; x_wconf 79' lang='grc' dir='ltr'>Πατρὶ</span> 
     </span>
    </p>
   </div>
   <div class='ocr_carea' id='block_1_5' title="bbox 1851 568 3421 645">
    <p class='ocr_par' dir='ltr' id='par_1_5' title="bbox 1858 571 3421 642">
     <span class='ocr_line' id='line_1_5' title="bbox 1858 571 3421 642; baseline 0.001 -15"><span class='ocrx_word' id='word_1_19' title='bbox 1858 573 2066 636; x_wconf 77' lang='lat' dir='ltr'><strong>ellecit,</strong></span> <span class='ocrx_word' id='word_1_20' title='bbox 2122 574 2217 629; x_wconf 89' lang='lat' dir='ltr'><strong>sed</strong></span> <span class='ocrx_word' id='word_1_21' title='bbox 2276 573 2420 627; x_wconf 98' lang='lat' dir='ltr'><strong>aliud</strong></span> <span class='ocrx_word' id='word_1_22' title='bbox 2467 588 2587 629; x_wconf 86' lang='lat' dir='ltr'><strong>esse</strong></span> <span class='ocrx_word' id='word_1_23' title='bbox 2654 572 2707 627; x_wconf 91' lang='lat' dir='ltr'><strong>iu</strong></span> <span class='ocrx_word' id='word_1_24' title='bbox 2751 571 2914 627; x_wconf 87' lang='lat' dir='ltr'><strong>Patre</strong></span> <span class='ocrx_word' id='word_1_25' title='bbox 2970 573 3245 642; x_wconf 88' lang='lat' dir='ltr'><strong>proprium</strong></span> <span class='ocrx_word' id='word_1_26' title='bbox 3302 573 3421 639; x_wconf 84' lang='lat' dir='ltr'><strong>ejus</strong></span> 
     </span>
    </p>
   </div>
   <div class='ocr_carea' id='block_1_6' title="bbox 184 657 1755 737">
    <p class='ocr_par' dir='ltr' id='par_1_6' title="bbox 184 657 1755 737">
     <span class='ocr_line' id='line_1_6' title="bbox 184 657 1755 737; baseline -0.002 -18"><span class='ocrx_word' id='word_1_27' title='bbox 184 665 281 719; x_wconf 87' lang='grc' dir='ltr'>ίδία</span> <span class='ocrx_word' id='word_1_28' title='bbox 302 664 475 719; x_wconf 81' lang='grc' dir='ltr'>αὑτοῦ</span> <span class='ocrx_word' id='word_1_29' title='bbox 505 666 665 735; x_wconf 80' lang='grc' dir='ltr'>σοφία</span> <span class='ocrx_word' id='word_1_30' title='bbox 685 664 816 735; x_wconf 68' lang='grc'>(46),</span> <span class='ocrx_word' id='word_1_31' title='bbox 839 666 897 716; x_wconf 82' lang='grc' dir='ltr'>ὲν</span> <span class='ocrx_word' id='word_1_32' title='bbox 988 663 1146 735; x_wconf 78' lang='grc' dir='ltr'>σοφίᾳ</span> <span class='ocrx_word' id='word_1_33' title='bbox 1184 665 1279 717; x_wconf 75' lang='grc' dir='ltr'><strong>καὶ</strong></span> <span class='ocrx_word' id='word_1_34' title='bbox 1297 663 1483 717; x_wconf 86' lang='grc' dir='ltr'>τοῦτον</span> <span class='ocrx_word' id='word_1_35' title='bbox 1527 664 1619 717; x_wconf 84' lang='grc' dir='ltr'>τὸν</span> <span class='ocrx_word' id='word_1_36' title='bbox 1653 664 1755 717; x_wconf 88' lang='grc' dir='ltr'><strong>Δό-</strong></span> 
     </span>
    </p>
   </div>
   <div class='ocr_carea' id='block_1_7' title="bbox 136 747 1753 829">
    <p class='ocr_par' dir='ltr' id='par_1_7' title="bbox 136 747 1753 829">
     <span class='ocr_line' id='line_1_7' title="bbox 136 747 1753 829; baseline -0.001 -19"><span class='ocrx_word' id='word_1_37' title='bbox 136 766 146 777; x_wconf 80' lang='grc'><em>⁰</em></span> <span class='ocrx_word' id='word_1_38' title='bbox 181 775 268 825; x_wconf 85' lang='grc' dir='ltr'><strong>γον</strong></span> <span class='ocrx_word' id='word_1_39' title='bbox 303 759 639 829; x_wconf 57' lang='grc' dir='ltr'>πεποίηκεν</span> <span class='ocrx_word' id='word_1_40' title='bbox 676 757 835 819; x_wconf 79' lang='grc' dir='ltr'>αὐτὸς</span> <span class='ocrx_word' id='word_1_41' title='bbox 874 756 931 809; x_wconf 85' lang='grc' dir='ltr'>δὲ</span> <span class='ocrx_word' id='word_1_42' title='bbox 971 747 1124 817; x_wconf 75' lang='grc' dir='ltr'>οὗτος</span> <span class='ocrx_word' id='word_1_43' title='bbox 1160 757 1190 808; x_wconf 96' lang='lat'><strong>6</strong></span> <span class='ocrx_word' id='word_1_44' title='bbox 1244 755 1448 826; x_wconf 81' lang='grc' dir='ltr'>Κύριος</span> <span class='ocrx_word' id='word_1_45' title='bbox 1482 757 1602 809; x_wconf 75' lang='grc' dir='ltr'>κατ’</span> <span class='ocrx_word' id='word_1_46' title='bbox 1635 755 1753 808; x_wconf 74' lang='grc' dir='ltr'>ἐπί-</span> 
     </span>
    </p>
   </div>
   <div class='ocr_carea' id='block_1_8' title="bbox 180 847 1752 917">
    <p class='ocr_par' dir='ltr' id='par_1_8' title="bbox 180 847 1752 917">
     <span class='ocr_line' id='line_1_8' title="bbox 180 847 1752 917; baseline -0.001 -16"><span class='ocrx_word' id='word_1_47' title='bbox 180 867 322 902; x_wconf 89' lang='grc' dir='ltr'>νοιαν</span> <span class='ocrx_word' id='word_1_48' title='bbox 348 849 569 917; x_wconf 85' lang='grc' dir='ltr'>λέγεται</span> <span class='ocrx_word' id='word_1_49' title='bbox 593 849 763 917; x_wconf 84' lang='grc' dir='ltr'><strong>Λόγος</strong></span> <span class='ocrx_word' id='word_1_50' title='bbox 788 848 875 902; x_wconf 80' lang='grc' dir='ltr'>διὰ</span> <span class='ocrx_word' id='word_1_51' title='bbox 902 848 970 901; x_wconf 82' lang='grc' dir='ltr'>τὰ</span> <span class='ocrx_word' id='word_1_52' title='bbox 997 847 1213 917; x_wconf 86' lang='grc' dir='ltr'>λογικὰ,</span> <span class='ocrx_word' id='word_1_53' title='bbox 1245 849 1339 902; x_wconf 76' lang='grc' dir='ltr'>καὶ</span> <span class='ocrx_word' id='word_1_54' title='bbox 1357 849 1477 901; x_wconf 89' lang='grc' dir='ltr'>κατ’</span> <span class='ocrx_word' id='word_1_55' title='bbox 1510 848 1752 901; x_wconf 73' lang='grc' dir='ltr'>ἐπίνοιαν</span> 
     </span>
    </p>
   </div>
   <div class='ocr_carea' id='block_1_9' title="bbox 179 939 1748 1011">
    <p class='ocr_par' dir='ltr' id='par_1_9' title="bbox 179 939 1748 1011">
     <span class='ocr_line' id='line_1_9' title="bbox 179 939 1748 1011; baseline -0.001 -17"><span class='ocrx_word' id='word_1_56' title='bbox 179 940 388 1008; x_wconf 82' lang='grc' dir='ltr'>λέγεται</span> <span class='ocrx_word' id='word_1_57' title='bbox 424 941 596 1009; x_wconf 74' lang='grc' dir='ltr'>Σοφία</span> <span class='ocrx_word' id='word_1_58' title='bbox 636 941 722 996; x_wconf 81' lang='grc' dir='ltr'>διὰ</span> <span class='ocrx_word' id='word_1_59' title='bbox 755 939 824 993; x_wconf 83' lang='grc' dir='ltr'><strong>τὰ</strong></span> <span class='ocrx_word' id='word_1_60' title='bbox 867 940 1209 1011; x_wconf 69' lang='grc' dir='ltr'>σοφιζόμενα.</span> <span class='ocrx_word' id='word_1_61' title='bbox 1244 959 1262 992; x_wconf 76' lang='grc' dir='ltr'><strong>ι</strong></span> <span class='ocrx_word' id='word_1_62' title='bbox 1304 940 1518 1010; x_wconf 81' lang='grc' dir='ltr'><strong>Ἀμέλει</strong></span> <span class='ocrx_word' id='word_1_63' title='bbox 1565 939 1748 1007; x_wconf 65' lang='grc' dir='ltr'>φασιν,</span> 
     </span>
    </p>
   </div>
   <div class='ocr_carea' id='block_1_10' title="bbox 179 1032 1749 1103">
    <p class='ocr_par' dir='ltr' id='par_1_10' title="bbox 179 1032 1749 1103">
     <span class='ocr_line' id='line_1_10' title="bbox 179 1032 1749 1103; baseline 0 -18"><span class='ocrx_word' id='word_1_64' title='bbox 179 1034 256 1085; x_wconf 82' lang='grc' dir='ltr'>ὅτι</span> <span class='ocrx_word' id='word_1_65' title='bbox 284 1052 301 1083; x_wconf 84' lang='grc'><strong><em>‹</em></strong></span> <span class='ocrx_word' id='word_1_66' title='bbox 337 1032 520 1085; x_wconf 82' lang='grc' dir='ltr'>Ξένων</span> <span class='ocrx_word' id='word_1_67' title='bbox 541 1033 757 1086; x_wconf 85' lang='grc' dir='ltr'>πάντων</span> <span class='ocrx_word' id='word_1_68' title='bbox 798 1032 908 1102; x_wconf 72' lang='grc'>(47)</span> <span class='ocrx_word' id='word_1_69' title='bbox 939 1032 1034 1085; x_wconf 74' lang='grc' dir='ltr'><strong>καὶ</strong></span> <span class='ocrx_word' id='word_1_70' title='bbox 1078 1032 1371 1103; x_wconf 81' lang='grc' dir='ltr'>ἀλλοτρίων</span> <span class='ocrx_word' id='word_1_71' title='bbox 1414 1032 1581 1085; x_wconf 78' lang='grc' dir='ltr'>ὄντων</span> <span class='ocrx_word' id='word_1_72' title='bbox 1611 1032 1749 1085; x_wconf 88' lang='grc' dir='ltr'>κατὰ</span> 
     </span>
    </p>
   </div>
   <div class='ocr_carea' id='block_1_11' title="bbox 178 1120 1749 1193">
    <p class='ocr_par' dir='ltr' id='par_1_11' title="bbox 178 1120 1749 1193">
     <span class='ocr_line' id='line_1_11' title="bbox 178 1120 1749 1193; baseline 0.001 -20"><span class='ocrx_word' id='word_1_73' title='bbox 178 1122 268 1191; x_wconf 79' lang='grc' dir='ltr'>τὴν</span> <span class='ocrx_word' id='word_1_74' title='bbox 295 1122 488 1174; x_wconf 75' lang='grc' dir='ltr'>οὐσίαν</span> <span class='ocrx_word' id='word_1_75' title='bbox 518 1122 611 1175; x_wconf 91' lang='grc' dir='ltr'><strong>τοῦ</strong></span> <span class='ocrx_word' id='word_1_76' title='bbox 640 1121 873 1193; x_wconf 83' lang='grc' dir='ltr'>Πατρδς,</span> <span class='ocrx_word' id='word_1_77' title='bbox 921 1120 1063 1175; x_wconf 80' lang='grc' dir='ltr'>οὕτω</span> <span class='ocrx_word' id='word_1_78' title='bbox 1106 1123 1199 1176; x_wconf 80' lang='grc' dir='ltr'>καὶ</span> <span class='ocrx_word' id='word_1_79' title='bbox 1250 1121 1413 1185; x_wconf 83' lang='grc' dir='ltr'>αὐτὸς</span> <span class='ocrx_word' id='word_1_80' title='bbox 1457 1121 1603 1187; x_wconf 79' lang='grc' dir='ltr'>ξένος</span> <span class='ocrx_word' id='word_1_81' title='bbox 1649 1124 1749 1193; x_wconf 87' lang='grc' dir='ltr'>μὲν</span> 
     </span>
    </p>
   </div>
   <div class='ocr_carea' id='block_1_12' title="bbox 179 1214 1750 1287">
    <p class='ocr_par' dir='ltr' id='par_1_12' title="bbox 179 1214 1750 1287">
     <span class='ocr_line' id='line_1_12' title="bbox 179 1214 1750 1287; baseline 0 -19"><span class='ocrx_word' id='word_1_82' title='bbox 179 1215 264 1268; x_wconf 82' lang='grc' dir='ltr'>καὶ</span> <span class='ocrx_word' id='word_1_83' title='bbox 298 1214 578 1286; x_wconf 83' lang='grc' dir='ltr'>ἀλλότριος</span> <span class='ocrx_word' id='word_1_84' title='bbox 613 1214 751 1269; x_wconf 85' lang='grc' dir='ltr'>κατὰ</span> <span class='ocrx_word' id='word_1_85' title='bbox 802 1215 981 1269; x_wconf 84' lang='grc' dir='ltr'>πάντα</span> <span class='ocrx_word' id='word_1_86' title='bbox 1036 1216 1134 1286; x_wconf 86' lang='grc' dir='ltr'>τῆς</span> <span class='ocrx_word' id='word_1_87' title='bbox 1176 1215 1267 1268; x_wconf 87' lang='grc' dir='ltr'><strong>τοῦ</strong></span> <span class='ocrx_word' id='word_1_88' title='bbox 1315 1217 1526 1287; x_wconf 84' lang='grc' dir='ltr'>Πατρὸς</span> <span class='ocrx_word' id='word_1_89' title='bbox 1564 1215 1750 1277; x_wconf 83' lang='grc' dir='ltr'>οὐσίας</span> 
     </span>
    </p>
   </div>
   <div class='ocr_carea' id='block_1_13' title="bbox 178 1307 1749 1380">
    <p class='ocr_par' dir='ltr' id='par_1_13' title="bbox 178 1307 1749 1380">
     <span class='ocr_line' id='line_1_13' title="bbox 178 1307 1749 1380; baseline -0.001 -19"><span class='ocrx_word' id='word_1_90' title='bbox 178 1307 307 1371; x_wconf 75' lang='grc' dir='ltr'>ἐστὶ,</span> <span class='ocrx_word' id='word_1_91' title='bbox 331 1308 445 1361; x_wconf 88' lang='grc' dir='ltr'>τῶν</span> <span class='ocrx_word' id='word_1_92' title='bbox 475 1308 531 1361; x_wconf 83' lang='grc' dir='ltr'>δὲ</span> <span class='ocrx_word' id='word_1_93' title='bbox 554 1308 794 1380; x_wconf 83' lang='grc' dir='ltr'><strong>γενητῶν</strong></span> <span class='ocrx_word' id='word_1_94' title='bbox 833 1308 945 1378; x_wconf 75' lang='grc'>(48)</span> <span class='ocrx_word' id='word_1_95' title='bbox 991 1310 1084 1361; x_wconf 79' lang='grc' dir='ltr'>καὶ</span> <span class='ocrx_word' id='word_1_96' title='bbox 1130 1308 1445 1378; x_wconf 60' lang='grc' dir='ltr'>κτισμάτων</span> <span class='ocrx_word' id='word_1_97' title='bbox 1494 1307 1623 1369; x_wconf 80' lang='grc' dir='ltr'>ἴδιος</span> <span class='ocrx_word' id='word_1_98' title='bbox 1654 1308 1749 1361; x_wconf 68' lang='grc' dir='ltr'><strong>κα)⁵</strong></span> 
     </span>
    </p>
   </div>
   <div class='ocr_carea' id='block_1_14' title="bbox 177 1393 1740 1472">
    <p class='ocr_par' dir='ltr' id='par_1_14' title="bbox 177 1393 1740 1472">
     <span class='ocr_line' id='line_1_14' title="bbox 177 1393 1740 1472; baseline 0.001 -21"><span class='ocrx_word' id='word_1_99' title='bbox 177 1393 251 1463; x_wconf 74' lang='grc' dir='ltr'>εἷς</span> <span class='ocrx_word' id='word_1_100' title='bbox 265 1401 527 1470; x_wconf 81' lang='grc' dir='ltr'><strong>τυγχάνει</strong></span> <span class='ocrx_word' id='word_1_101' title='bbox 545 1417 559 1431; x_wconf 73' lang='grc'><strong><em>⁸</em></strong></span> <span class='ocrx_word' id='word_1_102' title='bbox 581 1402 786 1471; x_wconf 83' lang='grc' dir='ltr'>κτίσμα</span> <span class='ocrx_word' id='word_1_103' title='bbox 804 1401 913 1472; x_wconf 88' lang='grc' dir='ltr'>γάρ</span> <span class='ocrx_word' id='word_1_104' title='bbox 932 1403 1047 1455; x_wconf 83' lang='grc' dir='ltr'>ὲστι</span> <span class='ocrx_word' id='word_1_105' title='bbox 1068 1402 1160 1455; x_wconf 76' lang='grc' dir='ltr'>καὶ</span> <span class='ocrx_word' id='word_1_106' title='bbox 1181 1401 1392 1471; x_wconf 86' lang='grc' dir='ltr'>ποίημα</span> <span class='ocrx_word' id='word_1_107' title='bbox 1408 1401 1501 1454; x_wconf 71' lang='grc' dir='ltr'>καὶ</span> <span class='ocrx_word' id='word_1_108' title='bbox 1517 1400 1695 1471; x_wconf 79' lang='grc' dir='ltr'>ἔργον.</span> <span class='ocrx_word' id='word_1_109' title='bbox 1722 1418 1740 1452; x_wconf 77' lang='grc' dir='ltr'><strong>ι</strong></span> 
     </span>
    </p>
   </div>
   <div class='ocr_carea' id='block_1_15' title="bbox 176 1493 1743 1564">
    <p class='ocr_par' dir='ltr' id='par_1_15' title="bbox 176 1493 1743 1564">
     <span class='ocr_line' id='line_1_15' title="bbox 176 1493 1743 1564; baseline -0.004 -14"><span class='ocrx_word' id='word_1_110' title='bbox 176 1493 339 1550; x_wconf 73' lang='grc' dir='ltr'>Πάλιν</span> <span class='ocrx_word' id='word_1_111' title='bbox 352 1494 416 1547; x_wconf 83' lang='grc' dir='ltr'><strong>τέ</strong></span> <span class='ocrx_word' id='word_1_112' title='bbox 438 1512 600 1563; x_wconf 83' lang='grc' dir='ltr'>φασιν</span> <span class='ocrx_word' id='word_1_113' title='bbox 629 1494 762 1564; x_wconf 70' lang='grc'>(49),</span> <span class='ocrx_word' id='word_1_114' title='bbox 784 1496 865 1547; x_wconf 84' lang='grc' dir='ltr'>ὅτι</span> <span class='ocrx_word' id='word_1_115' title='bbox 886 1514 904 1546; x_wconf 78' lang='grc' dir='ltr'><strong>ι</strong></span> <span class='ocrx_word' id='word_1_116' title='bbox 932 1495 1042 1564; x_wconf 85' lang='grc' dir='ltr'>Οὐχ</span> <span class='ocrx_word' id='word_1_117' title='bbox 1069 1495 1217 1564; x_wconf 77' lang='grc' dir='ltr'>ἡμᾶς</span> <span class='ocrx_word' id='word_1_118' title='bbox 1238 1493 1419 1546; x_wconf 76' lang='grc' dir='ltr'>ἔκτισε</span> <span class='ocrx_word' id='word_1_119' title='bbox 1436 1494 1501 1545; x_wconf 82' lang='grc' dir='ltr'>δι’</span> <span class='ocrx_word' id='word_1_120' title='bbox 1518 1494 1743 1558; x_wconf 76' lang='grc' dir='ltr'>ἐκεῖνον,</span> 
     </span>
    </p>
   </div>
   <div class='ocr_carea' id='block_1_16' title="bbox 176 1581 1743 1657">
    <p class='ocr_par' dir='ltr' id='par_1_16' title="bbox 176 1581 1743 1657">
     <span class='ocr_line' id='line_1_16' title="bbox 176 1581 1743 1657; baseline 0.007 -19"><span class='ocrx_word' id='word_1_121' title='bbox 176 1584 283 1638; x_wconf 74' lang='grc' dir='ltr'>ἀλλ’</span> <span class='ocrx_word' id='word_1_122' title='bbox 313 1586 526 1639; x_wconf 78' lang='grc' dir='ltr'>ἐκεῖνον</span> <span class='ocrx_word' id='word_1_123' title='bbox 548 1586 613 1639; x_wconf 87' lang='grc' dir='ltr'>δι’</span> <span class='ocrx_word' id='word_1_124' title='bbox 636 1588 803 1657; x_wconf 79' lang='grc' dir='ltr'>ἡμᾶς.</span> <span class='ocrx_word' id='word_1_125' title='bbox 831 1581 939 1639; x_wconf 64' lang='grc' dir='ltr'><strong>’Ἦν</strong></span> <span class='ocrx_word' id='word_1_126' title='bbox 976 1586 1084 1657; x_wconf 76' lang='grc' dir='ltr'><strong>γὰρ</strong></span> <span class='ocrx_word' id='word_1_127' title='bbox 1102 1626 1118 1651; x_wconf 94' lang='grc'><strong>,</strong></span> <span class='ocrx_word' id='word_1_128' title='bbox 1144 1586 1311 1654; x_wconf 79' lang='grc' dir='ltr'>φασὶ,</span> <span class='ocrx_word' id='word_1_129' title='bbox 1350 1585 1507 1656; x_wconf 82' lang='grc' dir='ltr'>μόνος</span> <span class='ocrx_word' id='word_1_130' title='bbox 1532 1586 1561 1637; x_wconf 78' lang='grc' dir='ltr'><strong>ὁ</strong></span> <span class='ocrx_word' id='word_1_131' title='bbox 1594 1585 1743 1652; x_wconf 80' lang='grc' dir='ltr'>Θεὸς,</span> 
     </span>
    </p>
   </div>
   <div class='ocr_carea' id='block_1_17' title="bbox 176 1671 1746 1756">
    <p class='ocr_par' dir='ltr' id='par_1_17' title="bbox 176 1671 1746 1756">
     <span class='ocr_line' id='line_1_17' title="bbox 176 1671 1746 1756; baseline -0.001 -27"><span class='ocrx_word' id='word_1_132' title='bbox 176 1678 262 1729; x_wconf 76' lang='grc' dir='ltr'>καὶ</span> <span class='ocrx_word' id='word_1_133' title='bbox 291 1677 393 1730; x_wconf 85' lang='grc' dir='ltr'>οὐκ</span> <span class='ocrx_word' id='word_1_134' title='bbox 419 1671 490 1749; x_wconf 87' lang='grc' dir='ltr'>ἦν</span> <span class='ocrx_word' id='word_1_135' title='bbox 529 1679 559 1731; x_wconf 90' lang='lat'><strong>6</strong></span> <span class='ocrx_word' id='word_1_136' title='bbox 588 1678 759 1746; x_wconf 83' lang='grc' dir='ltr'>Λόγος</span> <span class='ocrx_word' id='word_1_137' title='bbox 802 1678 899 1731; x_wconf 84' lang='grc' dir='ltr'>σὺν</span> <span class='ocrx_word' id='word_1_138' title='bbox 937 1677 1123 1756; x_wconf 56' lang='grc' dir='ltr'>αὐτῷ·</span> <span class='ocrx_word' id='word_1_139' title='bbox 1172 1673 1290 1730; x_wconf 76' lang='grc' dir='ltr'>εἶτα</span> <span class='ocrx_word' id='word_1_140' title='bbox 1329 1676 1560 1747; x_wconf 82' lang='grc' dir='ltr'>θελήσας</span> <span class='ocrx_word' id='word_1_141' title='bbox 1600 1677 1746 1747; x_wconf 77' lang='grc' dir='ltr'>ἡμᾶς</span> 
     </span>
    </p>
   </div>
   <div class='ocr_carea' id='block_1_18' title="bbox 175 1762 1745 1841">
    <p class='ocr_par' dir='ltr' id='par_1_18' title="bbox 175 1762 1745 1841">
     <span class='ocr_line' id='line_1_18' title="bbox 175 1762 1745 1841; baseline 0 -21"><span class='ocrx_word' id='word_1_142' title='bbox 175 1768 591 1840; x_wconf 85' lang='grc' dir='ltr'>δημιουργῆσαι,</span> <span class='ocrx_word' id='word_1_143' title='bbox 623 1770 743 1822; x_wconf 89' lang='grc' dir='ltr'>τότε</span> <span class='ocrx_word' id='word_1_144' title='bbox 772 1770 1037 1841; x_wconf 84' lang='grc' dir='ltr'>πεποίηκε</span> <span class='ocrx_word' id='word_1_145' title='bbox 1062 1768 1283 1832; x_wconf 85' lang='grc' dir='ltr'>τοῦτον,</span> <span class='ocrx_word' id='word_1_146' title='bbox 1314 1769 1409 1821; x_wconf 79' lang='grc' dir='ltr'>καὶ</span> <span class='ocrx_word' id='word_1_147' title='bbox 1431 1768 1526 1838; x_wconf 78' lang='grc' dir='ltr'><strong>ἀφ’</strong></span> <span class='ocrx_word' id='word_1_148' title='bbox 1559 1762 1619 1822; x_wconf 79' lang='grc' dir='ltr'><strong>οῦ</strong></span> <span class='ocrx_word' id='word_1_149' title='bbox 1653 1768 1745 1836; x_wconf 88' lang='grc' dir='ltr'>γέ-</span> 
     </span>
    </p>
   </div>
   <div class='ocr_carea' id='block_1_19' title="bbox 175 1860 1739 1931">
    <p class='ocr_par' dir='ltr' id='par_1_19' title="bbox 175 1860 1739 1931">
     <span class='ocr_line' id='line_1_19' title="bbox 175 1860 1739 1931; baseline 0 -18"><span class='ocrx_word' id='word_1_150' title='bbox 175 1878 342 1928; x_wconf 87' lang='grc' dir='ltr'>γονεν,</span> <span class='ocrx_word' id='word_1_151' title='bbox 370 1861 656 1931; x_wconf 84' lang='grc' dir='ltr'>ὠνόμασεν</span> <span class='ocrx_word' id='word_1_152' title='bbox 689 1862 849 1916; x_wconf 73' lang='grc' dir='ltr'>αὐτὸν</span> <span class='ocrx_word' id='word_1_153' title='bbox 879 1863 1073 1930; x_wconf 89' lang='grc' dir='ltr'>Λόγον,</span> <span class='ocrx_word' id='word_1_154' title='bbox 1099 1861 1192 1914; x_wconf 80' lang='grc' dir='ltr'>καὶ</span> <span class='ocrx_word' id='word_1_155' title='bbox 1226 1860 1372 1924; x_wconf 85' lang='grc' dir='ltr'>Υίὸν,</span> <span class='ocrx_word' id='word_1_156' title='bbox 1400 1860 1494 1913; x_wconf 74' lang='grc' dir='ltr'>καὶ</span> <span class='ocrx_word' id='word_1_157' title='bbox 1522 1860 1739 1928; x_wconf 79' lang='grc' dir='ltr'>Σοφίαν,</span> 
     </span>
    </p>
   </div>
   <div class='ocr_carea' id='block_1_20' title="bbox 177 1950 1745 2025">
    <p class='ocr_par' dir='ltr' id='par_1_20' title="bbox 177 1950 1745 2025">
     <span class='ocr_line' id='line_1_20' title="bbox 177 1950 1745 2025; baseline 0.001 -20"><span class='ocrx_word' id='word_1_158' title='bbox 177 1953 259 2006; x_wconf 83' lang='grc' dir='ltr'><strong>ίνα</strong></span> <span class='ocrx_word' id='word_1_159' title='bbox 281 1954 431 2022; x_wconf 75' lang='grc' dir='ltr'>ἡμᾶς</span> <span class='ocrx_word' id='word_1_160' title='bbox 457 1952 524 2004; x_wconf 86' lang='grc' dir='ltr'><strong>δι’</strong></span> <span class='ocrx_word' id='word_1_161' title='bbox 555 1952 718 2006; x_wconf 73' lang='grc' dir='ltr'>αὑτοῦ</span> <span class='ocrx_word' id='word_1_162' title='bbox 741 1952 1124 2025; x_wconf 80' lang='grc' dir='ltr'>δημιουργήσῃ</span> <span class='ocrx_word' id='word_1_163' title='bbox 1140 1968 1153 1981; x_wconf 91' lang='grc'><strong>·</strong></span> <span class='ocrx_word' id='word_1_164' title='bbox 1188 1951 1283 2005; x_wconf 74' lang='grc' dir='ltr'>καὶ</span> <span class='ocrx_word' id='word_1_165' title='bbox 1310 1952 1498 2022; x_wconf 82' lang='grc' dir='ltr'>ὥσπερ</span> <span class='ocrx_word' id='word_1_166' title='bbox 1516 1950 1587 2005; x_wconf 83' lang='grc' dir='ltr'>τὰ</span> <span class='ocrx_word' id='word_1_167' title='bbox 1610 1953 1745 2006; x_wconf 85' lang='grc' dir='ltr'>πάν-</span> 
     </span>
    </p>
   </div>
   <div class='ocr_carea' id='block_1_21' title="bbox 174 2043 1746 2115">
    <p class='ocr_par' dir='ltr' id='par_1_21' title="bbox 174 2043 1746 2115">
     <span class='ocr_line' id='line_1_21' title="bbox 174 2043 1746 2115; baseline -0.001 -18"><span class='ocrx_word' id='word_1_168' title='bbox 174 2062 236 2098; x_wconf 86' lang='grc' dir='ltr'><strong>τα</strong></span> <span class='ocrx_word' id='word_1_169' title='bbox 265 2044 377 2113; x_wconf 86' lang='grc'>(50)</span> <span class='ocrx_word' id='word_1_170' title='bbox 407 2044 701 2115; x_wconf 81' lang='grc' dir='ltr'>βουλήματι</span> <span class='ocrx_word' id='word_1_171' title='bbox 725 2044 819 2097; x_wconf 87' lang='grc' dir='ltr'><strong>τοῦ</strong></span> <span class='ocrx_word' id='word_1_172' title='bbox 836 2044 969 2098; x_wconf 82' lang='grc' dir='ltr'>Θεοῦ</span> <span class='ocrx_word' id='word_1_173' title='bbox 992 2046 1094 2097; x_wconf 84' lang='grc' dir='ltr'>οὐκ</span> <span class='ocrx_word' id='word_1_174' title='bbox 1131 2043 1261 2097; x_wconf 79' lang='grc' dir='ltr'>ὄντα</span> <span class='ocrx_word' id='word_1_175' title='bbox 1296 2043 1579 2115; x_wconf 88' lang='grc' dir='ltr'>πρότερον,</span> <span class='ocrx_word' id='word_1_176' title='bbox 1616 2043 1746 2097; x_wconf 85' lang='grc' dir='ltr'>ὑπέ-</span> 
     </span>
    </p>
   </div>
   <div class='ocr_carea' id='block_1_22' title="bbox 175 2132 1746 2206">
    <p class='ocr_par' dir='ltr' id='par_1_22' title="bbox 175 2132 1746 2206">
     <span class='ocr_line' id='line_1_22' title="bbox 175 2132 1746 2206; baseline 0 -18"><span class='ocrx_word' id='word_1_177' title='bbox 175 2152 268 2205; x_wconf 79' lang='grc' dir='ltr'>σιη</span> <span class='ocrx_word' id='word_1_178' title='bbox 290 2152 305 2165; x_wconf 65' lang='grc' dir='ltr'>θ</span> <span class='ocrx_word' id='word_1_179' title='bbox 337 2134 482 2188; x_wconf 80' lang='grc' dir='ltr'>οὕτω</span> <span class='ocrx_word' id='word_1_180' title='bbox 522 2137 615 2188; x_wconf 81' lang='grc' dir='ltr'>καὶ</span> <span class='ocrx_word' id='word_1_181' title='bbox 652 2136 814 2199; x_wconf 79' lang='grc' dir='ltr'>αὐτὸς</span> <span class='ocrx_word' id='word_1_182' title='bbox 858 2134 936 2206; x_wconf 79' lang='grc' dir='ltr'>τῷ</span> <span class='ocrx_word' id='word_1_183' title='bbox 978 2135 1277 2205; x_wconf 85' lang='grc' dir='ltr'>βουλήματι</span> <span class='ocrx_word' id='word_1_184' title='bbox 1319 2134 1412 2187; x_wconf 90' lang='grc' dir='ltr'><strong>τοῦ</strong></span> <span class='ocrx_word' id='word_1_185' title='bbox 1443 2132 1612 2199; x_wconf 90' lang='grc' dir='ltr'>Θεοῦ,</span> <span class='ocrx_word' id='word_1_186' title='bbox 1646 2135 1746 2188; x_wconf 85' lang='grc' dir='ltr'>οὐκ</span> 
     </span>
    </p>
   </div>
   <div class='ocr_carea' id='block_1_23' title="bbox 172 2225 1747 2298">
    <p class='ocr_par' dir='ltr' id='par_1_23' title="bbox 172 2225 1747 2298">
     <span class='ocr_line' id='line_1_23' title="bbox 172 2225 1747 2298; baseline 0 -20"><span class='ocrx_word' id='word_1_187' title='bbox 172 2225 241 2278; x_wconf 79' lang='grc' dir='ltr'>ὣν</span> <span class='ocrx_word' id='word_1_188' title='bbox 268 2226 554 2298; x_wconf 87' lang='grc' dir='ltr'>πρότερον,</span> <span class='ocrx_word' id='word_1_189' title='bbox 592 2228 815 2297; x_wconf 83' lang='grc' dir='ltr'>γέγονεν</span> <span class='ocrx_word' id='word_1_190' title='bbox 848 2226 980 2298; x_wconf 81' lang='grc'>(51).</span> <span class='ocrx_word' id='word_1_191' title='bbox 1015 2227 1088 2280; x_wconf 76' lang='grc' dir='ltr'><strong>Οὐ</strong></span> <span class='ocrx_word' id='word_1_192' title='bbox 1130 2227 1239 2298; x_wconf 84' lang='grc' dir='ltr'>γάρ</span> <span class='ocrx_word' id='word_1_193' title='bbox 1271 2227 1386 2280; x_wconf 80' lang='grc' dir='ltr'>ἐστι</span> <span class='ocrx_word' id='word_1_194' title='bbox 1412 2226 1502 2279; x_wconf 88' lang='grc' dir='ltr'><strong>τοῦ</strong></span> <span class='ocrx_word' id='word_1_195' title='bbox 1537 2226 1747 2298; x_wconf 83' lang='grc' dir='ltr'>Πατρὺς</span> 
     </span>
    </p>
   </div>
   <div class='ocr_carea' id='block_1_24' title="bbox 175 2305 1745 2389">
    <p class='ocr_par' dir='ltr' id='par_1_24' title="bbox 175 2305 1745 2389">
     <span class='ocr_line' id='line_1_24' title="bbox 175 2305 1745 2389; baseline 0.001 -21"><span class='ocrx_word' id='word_1_196' title='bbox 175 2305 298 2369; x_wconf 76' lang='grc' dir='ltr'>[διον</span> <span class='ocrx_word' id='word_1_197' title='bbox 320 2320 417 2371; x_wconf 79' lang='grc' dir='ltr'>καὶ</span> <span class='ocrx_word' id='word_1_198' title='bbox 458 2318 621 2387; x_wconf 82' lang='grc' dir='ltr'>φύσει</span> <span class='ocrx_word' id='word_1_199' title='bbox 674 2318 920 2389; x_wconf 85' lang='grc' dir='ltr'>γέννημα</span> <span class='ocrx_word' id='word_1_200' title='bbox 955 2320 985 2371; x_wconf 90' lang='lat'><strong>6</strong></span> <span class='ocrx_word' id='word_1_201' title='bbox 1016 2318 1222 2387; x_wconf 86' lang='grc' dir='ltr'>Λόγος,</span> <span class='ocrx_word' id='word_1_202' title='bbox 1273 2317 1411 2373; x_wconf 78' lang='grc' dir='ltr'><strong>ἀλλὰ</strong></span> <span class='ocrx_word' id='word_1_203' title='bbox 1449 2319 1542 2371; x_wconf 75' lang='grc' dir='ltr'>καὶ</span> <span class='ocrx_word' id='word_1_204' title='bbox 1584 2318 1745 2381; x_wconf 81' lang='grc' dir='ltr'>αὐτὸς</span> 
     </span>
    </p>
   </div>
   <div class='ocr_carea' id='block_1_25' title="bbox 173 2406 1748 2479">
    <p class='ocr_par' dir='ltr' id='par_1_25' title="bbox 173 2406 1748 2479">
     <span class='ocr_line' id='line_1_25' title="bbox 173 2406 1748 2479; baseline 0.001 -21"><span class='ocrx_word' id='word_1_205' title='bbox 173 2406 349 2475; x_wconf 79' lang='grc' dir='ltr'>χάριτι</span> <span class='ocrx_word' id='word_1_206' title='bbox 374 2408 619 2476; x_wconf 85' lang='grc' dir='ltr'>γέγονεν.</span> <span class='ocrx_word' id='word_1_207' title='bbox 655 2409 712 2462; x_wconf 89' lang='lat'><strong>&#39;0</strong></span> <span class='ocrx_word' id='word_1_208' title='bbox 740 2408 848 2479; x_wconf 82' lang='grc' dir='ltr'><strong>γὰρ</strong></span> <span class='ocrx_word' id='word_1_209' title='bbox 864 2408 937 2461; x_wconf 83' lang='grc' dir='ltr'>ὢν</span> <span class='ocrx_word' id='word_1_210' title='bbox 962 2408 1093 2473; x_wconf 77' lang='grc' dir='ltr'>Θεὸς</span> <span class='ocrx_word' id='word_1_211' title='bbox 1127 2408 1218 2463; x_wconf 80' lang='grc' dir='ltr'><strong>τὸν</strong></span> <span class='ocrx_word' id='word_1_212' title='bbox 1244 2408 1317 2479; x_wconf 81' lang='grc' dir='ltr'>μὴ</span> <span class='ocrx_word' id='word_1_213' title='bbox 1341 2408 1469 2463; x_wconf 80' lang='grc' dir='ltr'>ὄντα</span> <span class='ocrx_word' id='word_1_214' title='bbox 1500 2407 1627 2460; x_wconf 84' lang='grc' dir='ltr'>Υίὸν</span> <span class='ocrx_word' id='word_1_215' title='bbox 1656 2425 1748 2460; x_wconf 86' lang='grc' dir='ltr'>πε-</span> 
     </span>
    </p>
   </div>
   <div class='ocr_carea' id='block_1_26' title="bbox 174 2494 1745 2573">
    <p class='ocr_par' dir='ltr' id='par_1_26' title="bbox 174 2494 1745 2573">
     <span class='ocr_line' id='line_1_26' title="bbox 174 2494 1745 2573; baseline 0.001 -22"><span class='ocrx_word' id='word_1_216' title='bbox 174 2500 364 2569; x_wconf 78' lang='grc' dir='ltr'>ποίηκε</span> <span class='ocrx_word' id='word_1_217' title='bbox 396 2502 463 2571; x_wconf 81' lang='grc' dir='ltr'><strong>τῇ</strong></span> <span class='ocrx_word' id='word_1_218' title='bbox 505 2500 692 2570; x_wconf 82' lang='grc' dir='ltr'>βουλῇ,</span> <span class='ocrx_word' id='word_1_219' title='bbox 742 2501 801 2553; x_wconf 82' lang='grc' dir='ltr'>ὲν</span> <span class='ocrx_word' id='word_1_220' title='bbox 904 2501 999 2554; x_wconf 75' lang='grc' dir='ltr'>καὶ</span> <span class='ocrx_word' id='word_1_221' title='bbox 1030 2500 1099 2553; x_wconf 81' lang='grc' dir='ltr'><strong>τὰ</strong></span> <span class='ocrx_word' id='word_1_222' title='bbox 1121 2500 1298 2555; x_wconf 82' lang='grc' dir='ltr'>πάντα</span> <span class='ocrx_word' id='word_1_223' title='bbox 1325 2501 1621 2571; x_wconf 83' lang='grc' dir='ltr'>πεποίηκε,</span> <span class='ocrx_word' id='word_1_224' title='bbox 1653 2502 1745 2554; x_wconf 82' lang='grc' dir='ltr'>καὶ</span> 
     </span>
    </p>
   </div>
   <div class='ocr_carea' id='block_1_27' title="bbox 173 2588 1744 2664">
    <p class='ocr_par' dir='ltr' id='par_1_27' title="bbox 173 2588 1744 2664">
     <span class='ocr_line' id='line_1_27' title="bbox 173 2588 1744 2664; baseline 0.003 -24"><span class='ocrx_word' id='word_1_225' title='bbox 173 2588 586 2661; x_wconf 77' lang='grc' dir='ltr'>ἐδημιούργησε,</span> <span class='ocrx_word' id='word_1_226' title='bbox 602 2592 697 2645; x_wconf 84' lang='grc' dir='ltr'>καὶ</span> <span class='ocrx_word' id='word_1_227' title='bbox 717 2592 915 2657; x_wconf 79' lang='grc' dir='ltr'>ἔκτισε,</span> <span class='ocrx_word' id='word_1_228' title='bbox 936 2592 1029 2646; x_wconf 82' lang='grc' dir='ltr'>καὶ</span> <span class='ocrx_word' id='word_1_229' title='bbox 1052 2592 1304 2660; x_wconf 78' lang='grc' dir='ltr'>γενέσθαι</span> <span class='ocrx_word' id='word_1_230' title='bbox 1319 2592 1568 2664; x_wconf 78' lang='grc' dir='ltr'>ἠθέλησε.</span> <span class='ocrx_word' id='word_1_231' title='bbox 1594 2612 1614 2646; x_wconf 73' lang='grc' dir='ltr'><strong>ι</strong></span> <span class='ocrx_word' id='word_1_232' title='bbox 1636 2593 1744 2647; x_wconf 76' lang='grc' dir='ltr'><strong>Καὶ</strong></span> 
     </span>
    </p>
   </div>
   <div class='ocr_carea' id='block_1_28' title="bbox 174 2679 1743 2755">
    <p class='ocr_par' dir='ltr' id='par_1_28' title="bbox 174 2679 1743 2755">
     <span class='ocr_line' id='line_1_28' title="bbox 174 2679 1743 2755; baseline 0.004 -23"><span class='ocrx_word' id='word_1_233' title='bbox 174 2679 275 2749; x_wconf 69' lang='grc' dir='ltr'><strong>γὰρ</strong></span> <span class='ocrx_word' id='word_1_234' title='bbox 300 2680 572 2733; x_wconf 76' lang='grc' dir='ltr'>καὶτοῦτο</span> <span class='ocrx_word' id='word_1_235' title='bbox 599 2680 866 2750; x_wconf 86' lang='grc' dir='ltr'>λέγουσιν,</span> <span class='ocrx_word' id='word_1_236' title='bbox 892 2684 974 2736; x_wconf 84' lang='grc' dir='ltr'>ὃτι</span> <span class='ocrx_word' id='word_1_237' title='bbox 993 2684 1134 2738; x_wconf 76' lang='grc' dir='ltr'><strong>«Οὐκ</strong></span> <span class='ocrx_word' id='word_1_238' title='bbox 1154 2682 1299 2736; x_wconf 76' lang='grc' dir='ltr'>ἐστιν</span> <span class='ocrx_word' id='word_1_239' title='bbox 1321 2686 1349 2736; x_wconf 93' lang='lat'><strong>6</strong></span> <span class='ocrx_word' id='word_1_240' title='bbox 1376 2684 1609 2755; x_wconf 83' lang='grc' dir='ltr'>Χριστὸς</span> <span class='ocrx_word' id='word_1_241' title='bbox 1631 2684 1743 2755; x_wconf 59' lang='grc'>(5⁸2)</span> 
     </span>
    </p>
   </div>
   <div class='ocr_carea' id='block_1_29' title="bbox 174 2771 1743 2848">
    <p class='ocr_par' dir='ltr' id='par_1_29' title="bbox 174 2771 1743 2848">
     <span class='ocr_line' id='line_1_29' title="bbox 174 2771 1743 2848; baseline 0.004 -26"><span class='ocrx_word' id='word_1_242' title='bbox 174 2771 204 2839; x_wconf 73' lang='grc' dir='ltr'><strong>ἡ</strong></span> <span class='ocrx_word' id='word_1_243' title='bbox 232 2771 431 2842; x_wconf 80' lang='grc' dir='ltr'>φυσικὴ</span> <span class='ocrx_word' id='word_1_244' title='bbox 469 2773 562 2824; x_wconf 83' lang='grc' dir='ltr'>καὶ</span> <span class='ocrx_word' id='word_1_245' title='bbox 592 2772 820 2844; x_wconf 82' lang='grc' dir='ltr'>ἀληθινὴ</span> <span class='ocrx_word' id='word_1_246' title='bbox 846 2773 1073 2844; x_wconf 84' lang='grc' dir='ltr'>δύναμις</span> <span class='ocrx_word' id='word_1_247' title='bbox 1101 2774 1193 2826; x_wconf 88' lang='grc' dir='ltr'><strong>τοῦ</strong></span> <span class='ocrx_word' id='word_1_248' title='bbox 1218 2774 1353 2828; x_wconf 92' lang='grc' dir='ltr'>Θεοῦ</span> <span class='ocrx_word' id='word_1_249' title='bbox 1377 2792 1390 2805; x_wconf 88' lang='grc'><strong>·</strong></span> <span class='ocrx_word' id='word_1_250' title='bbox 1416 2775 1530 2829; x_wconf 81' lang='grc' dir='ltr'>ἀλλ’</span> <span class='ocrx_word' id='word_1_251' title='bbox 1555 2775 1743 2848; x_wconf 84' lang='grc' dir='ltr'>ὥσπερ</span> 
     </span>
    </p>
   </div>
   <div class='ocr_carea' id='block_1_30' title="bbox 174 2860 1745 2936">
    <p class='ocr_par' dir='ltr' id='par_1_30' title="bbox 174 2860 1745 2936">
     <span class='ocr_line' id='line_1_30' title="bbox 174 2860 1745 2936; baseline 0.006 -25"><span class='ocrx_word' id='word_1_252' title='bbox 174 2860 411 2931; x_wconf 72' lang='grc' dir='ltr'>ήκάμπη</span> <span class='ocrx_word' id='word_1_253' title='bbox 452 2861 548 2915; x_wconf 73' lang='grc' dir='ltr'>καὶ</span> <span class='ocrx_word' id='word_1_254' title='bbox 580 2864 609 2914; x_wconf 91' lang='grc' dir='ltr'><strong>ό</strong></span> <span class='ocrx_word' id='word_1_255' title='bbox 635 2860 861 2933; x_wconf 84' lang='grc' dir='ltr'>βροῦχος</span> <span class='ocrx_word' id='word_1_256' title='bbox 898 2863 1144 2932; x_wconf 89' lang='grc' dir='ltr'>λέγονται</span> <span class='ocrx_word' id='word_1_257' title='bbox 1180 2864 1407 2936; x_wconf 80' lang='grc' dir='ltr'>δύναμις</span> <span class='ocrx_word' id='word_1_258' title='bbox 1426 2907 1440 2931; x_wconf 92' lang='grc'><strong>,</strong></span> <span class='ocrx_word' id='word_1_259' title='bbox 1471 2865 1613 2920; x_wconf 78' lang='grc' dir='ltr'>οὕτω</span> <span class='ocrx_word' id='word_1_260' title='bbox 1650 2869 1745 2921; x_wconf 80' lang='grc' dir='ltr'>καὶ</span> 
     </span>
    </p>
   </div>
   <div class='ocr_carea' id='block_1_31' title="bbox 174 2953 1745 3029">
    <p class='ocr_par' dir='ltr' id='par_1_31' title="bbox 174 2953 1745 3029">
     <span class='ocr_line' id='line_1_31' title="bbox 174 2953 1745 3029; baseline 0.006 -25"><span class='ocrx_word' id='word_1_261' title='bbox 174 2954 327 3017; x_wconf 77' lang='grc' dir='ltr'>αὐτὸς</span> <span class='ocrx_word' id='word_1_262' title='bbox 348 2953 567 3023; x_wconf 87' lang='grc' dir='ltr'>λέγεται</span> <span class='ocrx_word' id='word_1_263' title='bbox 590 2955 817 3026; x_wconf 79' lang='grc' dir='ltr'>δύναμις</span> <span class='ocrx_word' id='word_1_264' title='bbox 832 2956 923 3009; x_wconf 87' lang='grc' dir='ltr'><strong>τοῦ</strong></span> <span class='ocrx_word' id='word_1_265' title='bbox 948 2956 1179 3029; x_wconf 86' lang='grc' dir='ltr'>Πατρός,</span> <span class='ocrx_word' id='word_1_266' title='bbox 1204 2977 1222 3008; x_wconf 74' lang='grc' dir='ltr'><strong>ι</strong></span> <span class='ocrx_word' id='word_1_267' title='bbox 1244 2958 1388 3027; x_wconf 85' lang='grc' dir='ltr'>Πρὸς</span> <span class='ocrx_word' id='word_1_268' title='bbox 1406 2958 1613 3023; x_wconf 86' lang='grc' dir='ltr'>τούτοις</span> <span class='ocrx_word' id='word_1_269' title='bbox 1631 2960 1745 3013; x_wconf 79' lang='grc' dir='ltr'>ἐλε-</span> 
     </span>
    </p>
   </div>
   <div class='ocr_carea' id='block_1_32' title="bbox 174 3045 1745 3122">
    <p class='ocr_par' dir='ltr' id='par_1_32' title="bbox 174 3045 1745 3122">
     <span class='ocr_line' id='line_1_32' title="bbox 174 3045 1745 3122; baseline 0.007 -28"><span class='ocrx_word' id='word_1_270' title='bbox 174 3061 280 3110; x_wconf 88' lang='grc' dir='ltr'>γεν,</span> <span class='ocrx_word' id='word_1_271' title='bbox 302 3046 381 3097; x_wconf 83' lang='grc' dir='ltr'>ὅτι</span> <span class='ocrx_word' id='word_1_272' title='bbox 407 3046 520 3116; x_wconf 77' lang='grc'>(55)</span> <span class='ocrx_word' id='word_1_273' title='bbox 551 3066 569 3097; x_wconf 78' lang='grc' dir='ltr'><strong>ι</strong></span> <span class='ocrx_word' id='word_1_274' title='bbox 595 3045 683 3117; x_wconf 85' lang='grc' dir='ltr'>Τῷ</span> <span class='ocrx_word' id='word_1_275' title='bbox 700 3047 812 3117; x_wconf 59' lang='lat' dir='ltr'><strong>riga</strong></span> <span class='ocrx_word' id='word_1_276' title='bbox 842 3050 869 3101; x_wconf 89' lang='lat'><strong>6</strong></span> <span class='ocrx_word' id='word_1_277' title='bbox 890 3048 1077 3119; x_wconf 82' lang='grc' dir='ltr'>Πατὴρ</span> <span class='ocrx_word' id='word_1_278' title='bbox 1102 3048 1342 3120; x_wconf 79' lang='grc' dir='ltr'>ἄρῤητος</span> <span class='ocrx_word' id='word_1_279' title='bbox 1364 3050 1617 3122; x_wconf 81' lang='grc' dir='ltr'>ὑπάρχει·</span> <span class='ocrx_word' id='word_1_280' title='bbox 1650 3053 1745 3105; x_wconf 74' lang='grc' dir='ltr'><strong>κα)⁵</strong></span> 
     </span>
    </p>
   </div>
   <div class='ocr_carea' id='block_1_33' title="bbox 174 3136 1741 3212">
    <p class='ocr_par' dir='ltr' id='par_1_33' title="bbox 174 3136 1741 3212">
     <span class='ocr_line' id='line_1_33' title="bbox 174 3136 1741 3212; baseline 0.004 -24"><span class='ocrx_word' id='word_1_281' title='bbox 174 3136 288 3189; x_wconf 70' lang='grc' dir='ltr'>οὔτε</span> <span class='ocrx_word' id='word_1_282' title='bbox 336 3139 490 3208; x_wconf 80' lang='grc' dir='ltr'>όρᾷν,</span> <span class='ocrx_word' id='word_1_283' title='bbox 524 3137 648 3190; x_wconf 77' lang='grc' dir='ltr'>οὔτε</span> <span class='ocrx_word' id='word_1_284' title='bbox 678 3137 969 3207; x_wconf 74' lang='grc' dir='ltr'>γινώσκειν</span> <span class='ocrx_word' id='word_1_285' title='bbox 998 3139 1218 3203; x_wconf 88' lang='grc' dir='ltr'>τελείως</span> <span class='ocrx_word' id='word_1_286' title='bbox 1247 3140 1341 3194; x_wconf 79' lang='grc' dir='ltr'>καὶ</span> <span class='ocrx_word' id='word_1_287' title='bbox 1370 3141 1612 3212; x_wconf 77' lang='grc' dir='ltr'>ἀκριϐῶς</span> <span class='ocrx_word' id='word_1_288' title='bbox 1648 3142 1741 3195; x_wconf 85' lang='grc' dir='ltr'><strong>δύ-</strong></span> 
     </span>
    </p>
   </div>
   <div class='ocr_carea' id='block_1_34' title="bbox 1853 664 3421 731">
    <p class='ocr_par' dir='ltr' id='par_1_34' title="bbox 1853 664 3421 731">
     <span class='ocr_line' id='line_1_34' title="bbox 1853 664 3421 731; baseline -0.001 -15"><span class='ocrx_word' id='word_1_289' title='bbox 1853 664 2107 727; x_wconf 72' lang='lat' dir='ltr'><strong>verbum,</strong></span> <span class='ocrx_word' id='word_1_290' title='bbox 2134 673 2191 718; x_wconf 85' lang='lat' dir='ltr'><strong>et</strong></span> <span class='ocrx_word' id='word_1_291' title='bbox 2240 664 2400 717; x_wconf 89' lang='lat' dir='ltr'><strong>aliam</strong></span> <span class='ocrx_word' id='word_1_292' title='bbox 2439 664 2490 717; x_wconf 93' lang='lat' dir='ltr'><strong>in</strong></span> <span class='ocrx_word' id='word_1_293' title='bbox 2524 664 2683 718; x_wconf 84' lang='lat' dir='ltr'><strong>Patre</strong></span> <span class='ocrx_word' id='word_1_294' title='bbox 2715 677 2836 717; x_wconf 84' lang='lat' dir='ltr'><strong>esse</strong></span> <span class='ocrx_word' id='word_1_295' title='bbox 2874 664 3148 731; x_wconf 81' lang='lat' dir='ltr'><strong>propriam</strong></span> <span class='ocrx_word' id='word_1_296' title='bbox 3188 664 3304 728; x_wconf 81' lang='lat' dir='ltr'><strong>ejus</strong></span> <span class='ocrx_word' id='word_1_297' title='bbox 3332 678 3421 716; x_wconf 84' lang='lat' dir='ltr'><strong>sa—</strong></span> 
     </span>
    </p>
   </div>
   <div class='ocr_carea' id='block_1_35' title="bbox 1852 753 3415 827">
    <p class='ocr_par' dir='ltr' id='par_1_35' title="bbox 1852 753 3415 827">
     <span class='ocr_line' id='line_1_35' title="bbox 1852 753 3415 827; baseline 0.001 -19"><span class='ocrx_word' id='word_1_298' title='bbox 1852 756 2132 826; x_wconf 89' lang='lat' dir='ltr'><strong>pientiam,</strong></span> <span class='ocrx_word' id='word_1_299' title='bbox 2182 758 2236 810; x_wconf 92' lang='lat' dir='ltr'><strong>in</strong></span> <span class='ocrx_word' id='word_1_300' title='bbox 2281 772 2386 827; x_wconf 90' lang='lat' dir='ltr'><strong>qua</strong></span> <span class='ocrx_word' id='word_1_301' title='bbox 2440 757 2706 827; x_wconf 79' lang='lat' dir='ltr'><strong>sapientia</strong></span> <span class='ocrx_word' id='word_1_302' title='bbox 2759 756 2863 810; x_wconf 86' lang='lat' dir='ltr'><strong>hoc</strong></span> <span class='ocrx_word' id='word_1_303' title='bbox 2913 771 3127 825; x_wconf 84' lang='lat' dir='ltr'><strong>quoque</strong></span> <span class='ocrx_word' id='word_1_304' title='bbox 3182 753 3415 810; x_wconf 84' lang='lat' dir='ltr'><strong>Verbum</strong></span> 
     </span>
    </p>
   </div>
   <div class='ocr_carea' id='block_1_36' title="bbox 1851 846 3420 919">
    <p class='ocr_par' dir='ltr' id='par_1_36' title="bbox 1851 846 3420 919">
     <span class='ocr_line' id='line_1_36' title="bbox 1851 846 3420 919; baseline -0.004 -15"><span class='ocrx_word' id='word_1_305' title='bbox 1851 848 2123 915; x_wconf 81' lang='lat' dir='ltr'><strong>ell&#39;ecerit,</strong></span> <span class='ocrx_word' id='word_1_306' title='bbox 2161 849 2334 919; x_wconf 89' lang='lat' dir='ltr'><strong>ipsum</strong></span> <span class='ocrx_word' id='word_1_307' title='bbox 2370 859 2549 904; x_wconf 87' lang='lat' dir='ltr'><strong>autem</strong></span> <span class='ocrx_word' id='word_1_308' title='bbox 2590 849 2748 903; x_wconf 81' lang='lat' dir='ltr'><strong>istum</strong></span> <span class='ocrx_word' id='word_1_309' title='bbox 2775 848 3058 902; x_wconf 88' lang='lat' dir='ltr'><strong>Dominum</strong></span> <span class='ocrx_word' id='word_1_310' title='bbox 3095 846 3420 917; x_wconf 76' lang='lat' dir='ltr'><strong>cogitatione</strong></span> 
     </span>
    </p>
   </div>
   <div class='ocr_carea' id='block_1_37' title="bbox 1851 938 3418 1007">
    <p class='ocr_par' dir='ltr' id='par_1_37' title="bbox 1851 938 3418 1007">
     <span class='ocr_line' id='line_1_37' title="bbox 1851 938 3418 1007; baseline -0.001 -14"><span class='ocrx_word' id='word_1_311' title='bbox 1851 938 2084 995; x_wconf 78' lang='lat' dir='ltr'><strong>Verbum</strong></span> <span class='ocrx_word' id='word_1_312' title='bbox 2122 941 2236 995; x_wconf 83' lang='lat' dir='ltr'><strong>sive</strong></span> <span class='ocrx_word' id='word_1_313' title='bbox 2282 940 2566 995; x_wconf 81' lang='lat' dir='ltr'><strong>Rationem</strong></span> <span class='ocrx_word' id='word_1_314' title='bbox 2622 940 2749 1005; x_wconf 91' lang='lat' dir='ltr'><strong>dici,</strong></span> <span class='ocrx_word' id='word_1_315' title='bbox 2804 948 3025 1007; x_wconf 85' lang='lat' dir='ltr'><strong>propter</strong></span> <span class='ocrx_word' id='word_1_316' title='bbox 3070 953 3157 992; x_wconf 87' lang='lat' dir='ltr'><strong>res</strong></span> <span class='ocrx_word' id='word_1_317' title='bbox 3212 938 3418 992; x_wconf 78' lang='lat' dir='ltr'><strong>ratione</strong></span> 
     </span>
    </p>
   </div>
   <div class='ocr_carea' id='block_1_38' title="bbox 1849 1031 3420 1104">
    <p class='ocr_par' dir='ltr' id='par_1_38' title="bbox 1849 1031 3420 1104">
     <span class='ocr_line' id='line_1_38' title="bbox 1849 1031 3420 1104; baseline 0 -17"><span class='ocrx_word' id='word_1_318' title='bbox 1849 1033 2139 1103; x_wconf 59' lang='lat' dir='ltr'><strong>praeditas;</strong></span> <span class='ocrx_word' id='word_1_319' title='bbox 2171 1031 2502 1103; x_wconf 85' lang='lat' dir='ltr'><strong>Sapientiam</strong></span> <span class='ocrx_word' id='word_1_320' title='bbox 2536 1037 2661 1089; x_wconf 89' lang='lat' dir='ltr'><strong>item</strong></span> <span class='ocrx_word' id='word_1_321' title='bbox 2707 1036 3037 1101; x_wconf 85' lang='lat' dir='ltr'><strong>cogitatione</strong></span> <span class='ocrx_word' id='word_1_322' title='bbox 3069 1035 3173 1089; x_wconf 91' lang='lat' dir='ltr'><strong>dici</strong></span> <span class='ocrx_word' id='word_1_323' title='bbox 3199 1042 3420 1104; x_wconf 85' lang='lat' dir='ltr'><strong>propter</strong></span> 
     </span>
    </p>
   </div>
   <div class='ocr_carea' id='block_1_39' title="bbox 1850 1124 3415 1195">
    <p class='ocr_par' dir='ltr' id='par_1_39' title="bbox 1850 1124 3415 1195">
     <span class='ocr_line' id='line_1_39' title="bbox 1850 1124 3415 1195; baseline -0.002 -16"><span class='ocrx_word' id='word_1_324' title='bbox 1850 1140 1937 1179; x_wconf 89' lang='lat' dir='ltr'><strong>res</strong></span> <span class='ocrx_word' id='word_1_325' title='bbox 1961 1127 2223 1193; x_wconf 85' lang='lat' dir='ltr'><strong>sapientia</strong></span> <span class='ocrx_word' id='word_1_326' title='bbox 2246 1136 2483 1181; x_wconf 87' lang='lat' dir='ltr'><strong>ornatas.</strong></span> <span class='ocrx_word' id='word_1_327' title='bbox 2523 1146 2542 1179; x_wconf 71' lang='grc' dir='ltr'><strong>ι</strong></span> <span class='ocrx_word' id='word_1_328' title='bbox 2563 1125 2722 1181; x_wconf 88' lang='lat' dir='ltr'><strong>Certe</strong></span> <span class='ocrx_word' id='word_1_329' title='bbox 2752 1128 2910 1181; x_wconf 90' lang='lat' dir='ltr'><strong>iidem</strong></span> <span class='ocrx_word' id='word_1_330' title='bbox 2942 1128 3207 1195; x_wconf 87' lang='lat' dir='ltr'><strong>inquiunt,</strong></span> <span class='ocrx_word' id='word_1_331' title='bbox 3231 1143 3250 1177; x_wconf 76' lang='grc' dir='ltr'><strong>ι</strong></span> <span class='ocrx_word' id='word_1_332' title='bbox 3282 1124 3415 1179; x_wconf 89' lang='lat' dir='ltr'><strong>Cum</strong></span> 
     </span>
    </p>
   </div>
   <div class='ocr_carea' id='block_1_40' title="bbox 1847 1217 3417 1289">
    <p class='ocr_par' dir='ltr' id='par_1_40' title="bbox 1847 1217 3417 1289">
     <span class='ocr_line' id='line_1_40' title="bbox 1847 1217 3417 1289; baseline -0.001 -19"><span class='ocrx_word' id='word_1_333' title='bbox 1847 1230 1934 1271; x_wconf 84' lang='lat' dir='ltr'><strong>res</strong></span> <span class='ocrx_word' id='word_1_334' title='bbox 1950 1232 2140 1272; x_wconf 89' lang='lat' dir='ltr'><strong>omnes</strong></span> <span class='ocrx_word' id='word_1_335' title='bbox 2154 1219 2446 1272; x_wconf 88' lang='lat' dir='ltr'><strong>secundum</strong></span> <span class='ocrx_word' id='word_1_336' title='bbox 2466 1229 2589 1272; x_wconf 92' lang='lat' dir='ltr'><strong>natu</strong></span> <span class='ocrx_word' id='word_1_337' title='bbox 2599 1234 2710 1271; x_wconf 88' lang='lat' dir='ltr'><strong>ram</strong></span> <span class='ocrx_word' id='word_1_338' title='bbox 2726 1219 2886 1289; x_wconf 69' lang='lat'><strong>223</strong></span> <span class='ocrx_word' id='word_1_339' title='bbox 2903 1218 3092 1271; x_wconf 72' lang='lat' dir='ltr'><strong>aliena:</strong></span> <span class='ocrx_word' id='word_1_340' title='bbox 3116 1225 3169 1271; x_wconf 88' lang='lat' dir='ltr'><strong>et</strong></span> <span class='ocrx_word' id='word_1_341' title='bbox 3190 1217 3417 1271; x_wconf 84' lang='lat' dir='ltr'><strong>diversae</strong></span> 
     </span>
    </p>
   </div>
   <div class='ocr_carea' id='block_1_41' title="bbox 1848 1306 3415 1379">
    <p class='ocr_par' dir='ltr' id='par_1_41' title="bbox 1848 1306 3415 1379">
     <span class='ocr_line' id='line_1_41' title="bbox 1848 1306 3415 1379; baseline -0.003 -16"><span class='ocrx_word' id='word_1_342' title='bbox 1848 1309 1958 1363; x_wconf 86' lang='lat' dir='ltr'><strong>sint</strong></span> <span class='ocrx_word' id='word_1_343' title='bbox 1997 1324 2027 1362; x_wconf 91' lang='lat' dir='ltr'><strong>a</strong></span> <span class='ocrx_word' id='word_1_344' title='bbox 2064 1309 2256 1378; x_wconf 84' lang='lat' dir='ltr'><strong>Patre,</strong></span> <span class='ocrx_word' id='word_1_345' title='bbox 2309 1311 2382 1364; x_wconf 89' lang='lat' dir='ltr'><strong>ita</strong></span> <span class='ocrx_word' id='word_1_346' title='bbox 2428 1309 2574 1363; x_wconf 88' lang='lat' dir='ltr'><strong>illum</strong></span> <span class='ocrx_word' id='word_1_347' title='bbox 2620 1325 2740 1365; x_wconf 83' lang='lat' dir='ltr'><strong>esse</strong></span> <span class='ocrx_word' id='word_1_348' title='bbox 2771 1324 2984 1379; x_wconf 89' lang='lat' dir='ltr'><strong>quoque</strong></span> <span class='ocrx_word' id='word_1_349' title='bbox 3026 1309 3249 1363; x_wconf 82' lang='lat' dir='ltr'><strong>omnino</strong></span> <span class='ocrx_word' id='word_1_350' title='bbox 3279 1306 3415 1360; x_wconf 86' lang='lat' dir='ltr'><strong>alie-</strong></span> 
     </span>
    </p>
   </div>
   <div class='ocr_carea' id='block_1_42' title="bbox 1846 1400 3416 1469">
    <p class='ocr_par' dir='ltr' id='par_1_42' title="bbox 1846 1400 3416 1469">
     <span class='ocr_line' id='line_1_42' title="bbox 1846 1400 3416 1469; baseline -0.001 -13"><span class='ocrx_word' id='word_1_351' title='bbox 1846 1416 1975 1456; x_wconf 76' lang='lat' dir='ltr'><strong>lum</strong></span> <span class='ocrx_word' id='word_1_352' title='bbox 2014 1411 2069 1457; x_wconf 93' lang='lat' dir='ltr'><strong>et</strong></span> <span class='ocrx_word' id='word_1_353' title='bbox 2098 1404 2373 1457; x_wconf 87' lang='lat' dir='ltr'><strong>diversum</strong></span> <span class='ocrx_word' id='word_1_354' title='bbox 2404 1418 2432 1455; x_wconf 88' lang='lat' dir='ltr'><strong>a</strong></span> <span class='ocrx_word' id='word_1_355' title='bbox 2475 1401 2652 1457; x_wconf 89' lang='lat' dir='ltr'><strong>Patris</strong></span> <span class='ocrx_word' id='word_1_356' title='bbox 2682 1412 2903 1469; x_wconf 84' lang='lat' dir='ltr'><strong>natura,</strong></span> <span class='ocrx_word' id='word_1_357' title='bbox 2937 1412 2992 1457; x_wconf 85' lang='lat' dir='ltr'><strong>et</strong></span> <span class='ocrx_word' id='word_1_358' title='bbox 3023 1401 3090 1455; x_wconf 89' lang='lat' dir='ltr'><strong>ad</strong></span> <span class='ocrx_word' id='word_1_359' title='bbox 3126 1414 3212 1455; x_wconf 90' lang='lat' dir='ltr'><strong>res</strong></span> <span class='ocrx_word' id='word_1_360' title='bbox 3244 1400 3416 1454; x_wconf 84' lang='lat' dir='ltr'><strong>laetas</strong></span> 
     </span>
    </p>
   </div>
   <div class='ocr_carea' id='block_1_43' title="bbox 1845 1492 3415 1565">
    <p class='ocr_par' dir='ltr' id='par_1_43' title="bbox 1845 1492 3415 1565">
     <span class='ocr_line' id='line_1_43' title="bbox 1845 1492 3415 1565; baseline -0.003 -16"><span class='ocrx_word' id='word_1_361' title='bbox 1845 1510 1910 1549; x_wconf 90' lang='lat' dir='ltr'><strong>ac</strong></span> <span class='ocrx_word' id='word_1_362' title='bbox 1938 1505 2149 1550; x_wconf 91' lang='lat' dir='ltr'><strong>creatas</strong></span> <span class='ocrx_word' id='word_1_363' title='bbox 2169 1497 2464 1565; x_wconf 89' lang='lat' dir='ltr'><strong>pertinere,</strong></span> <span class='ocrx_word' id='word_1_364' title='bbox 2495 1509 2765 1565; x_wconf 84' lang='lat' dir='ltr'><strong>unamque</strong></span> <span class='ocrx_word' id='word_1_365' title='bbox 2793 1495 3007 1549; x_wconf 83' lang='lat' dir='ltr'><strong>illarum</strong></span> <span class='ocrx_word' id='word_1_366' title='bbox 3042 1509 3182 1558; x_wconf 90' lang='lat' dir='ltr'><strong>esse,</strong></span> <span class='ocrx_word' id='word_1_367' title='bbox 3216 1492 3415 1561; x_wconf 86' lang='lat' dir='ltr'><strong>quippe</strong></span> 
     </span>
    </p>
   </div>
   <div class='ocr_carea' id='block_1_44' title="bbox 1846 1585 3413 1656">
    <p class='ocr_par' dir='ltr' id='par_1_44' title="bbox 1846 1585 3413 1656">
     <span class='ocr_line' id='line_1_44' title="bbox 1846 1585 3413 1656; baseline -0.002 -17"><span class='ocrx_word' id='word_1_368' title='bbox 1846 1600 1966 1640; x_wconf 90' lang='lat' dir='ltr'><strong>cum</strong></span> <span class='ocrx_word' id='word_1_369' title='bbox 2001 1587 2113 1656; x_wconf 89' lang='lat' dir='ltr'><strong>ipse</strong></span> <span class='ocrx_word' id='word_1_370' title='bbox 2144 1602 2230 1641; x_wconf 90' lang='lat' dir='ltr'><strong>res</strong></span> <span class='ocrx_word' id='word_1_371' title='bbox 2250 1596 2429 1642; x_wconf 83' lang='lat' dir='ltr'><strong>creata</strong></span> <span class='ocrx_word' id='word_1_372' title='bbox 2460 1597 2515 1643; x_wconf 91' lang='lat' dir='ltr'><strong>et</strong></span> <span class='ocrx_word' id='word_1_373' title='bbox 2540 1585 2706 1651; x_wconf 74' lang='lat' dir='ltr'><strong>facta,</strong></span> <span class='ocrx_word' id='word_1_374' title='bbox 2739 1596 2899 1655; x_wconf 93' lang='lat' dir='ltr'><strong>atque</strong></span> <span class='ocrx_word' id='word_1_375' title='bbox 2927 1600 3065 1654; x_wconf 88' lang='lat' dir='ltr'><strong>opus</strong></span> <span class='ocrx_word' id='word_1_376' title='bbox 3096 1586 3187 1640; x_wconf 87' lang='lat' dir='ltr'><strong>sit.</strong></span> <span class='ocrx_word' id='word_1_377' title='bbox 3222 1603 3241 1636; x_wconf 73' lang='grc' dir='ltr'><strong>ι</strong></span> <span class='ocrx_word' id='word_1_378' title='bbox 3270 1585 3413 1637; x_wconf 66' lang='lat' dir='ltr'><strong>Itur-</strong></span> 
     </span>
    </p>
   </div>
   <div class='ocr_carea' id='block_1_45' title="bbox 1843 1674 3411 1747">
    <p class='ocr_par' dir='ltr' id='par_1_45' title="bbox 1843 1674 3411 1747">
     <span class='ocr_line' id='line_1_45' title="bbox 1843 1674 3411 1747; baseline -0.003 -16"><span class='ocrx_word' id='word_1_379' title='bbox 1843 1692 1937 1732; x_wconf 89' lang='lat' dir='ltr'><strong>sus</strong></span> <span class='ocrx_word' id='word_1_380' title='bbox 1975 1680 2307 1733; x_wconf 89' lang='lat' dir='ltr'><strong>contendunt</strong></span> <span class='ocrx_word' id='word_1_381' title='bbox 2342 1697 2361 1730; x_wconf 75' lang='grc' dir='ltr'><strong>ι</strong></span> <span class='ocrx_word' id='word_1_382' title='bbox 2397 1679 2562 1734; x_wconf 88' lang='lat' dir='ltr'><strong>Deum</strong></span> <span class='ocrx_word' id='word_1_383' title='bbox 2597 1694 2704 1733; x_wconf 91' lang='lat' dir='ltr'><strong>non</strong></span> <span class='ocrx_word' id='word_1_384' title='bbox 2727 1692 2825 1732; x_wconf 91' lang='lat' dir='ltr'><strong>nos</strong></span> <span class='ocrx_word' id='word_1_385' title='bbox 2859 1686 3079 1747; x_wconf 86' lang='lat' dir='ltr'><strong>propter</strong></span> <span class='ocrx_word' id='word_1_386' title='bbox 3103 1676 3283 1740; x_wconf 90' lang='lat' dir='ltr'><strong>illum,</strong></span> <span class='ocrx_word' id='word_1_387' title='bbox 3314 1674 3411 1729; x_wconf 88' lang='lat' dir='ltr'><strong>sed</strong></span> 
     </span>
    </p>
   </div>
   <div class='ocr_carea' id='block_1_46' title="bbox 1845 1766 3411 1839">
    <p class='ocr_par' dir='ltr' id='par_1_46' title="bbox 1845 1766 3411 1839">
     <span class='ocr_line' id='line_1_46' title="bbox 1845 1766 3411 1839; baseline -0.001 -17"><span class='ocrx_word' id='word_1_388' title='bbox 1845 1769 1991 1823; x_wconf 82' lang='lat' dir='ltr'><strong>illum</strong></span> <span class='ocrx_word' id='word_1_389' title='bbox 2043 1778 2257 1839; x_wconf 86' lang='lat' dir='ltr'><strong>propter</strong></span> <span class='ocrx_word' id='word_1_390' title='bbox 2306 1786 2405 1824; x_wconf 91' lang='lat' dir='ltr'><strong>nos</strong></span> <span class='ocrx_word' id='word_1_391' title='bbox 2454 1786 2691 1826; x_wconf 87' lang='lat' dir='ltr'><strong>creasse.</strong></span> <span class='ocrx_word' id='word_1_392' title='bbox 2748 1770 2891 1825; x_wconf 83' lang='lat' dir='ltr'><strong>Deus</strong></span> <span class='ocrx_word' id='word_1_393' title='bbox 2926 1769 3097 1833; x_wconf 89' lang='lat' dir='ltr'><strong>enim,</strong></span> <span class='ocrx_word' id='word_1_394' title='bbox 3128 1769 3279 1822; x_wconf 91' lang='lat' dir='ltr'><strong>aiunt</strong></span> <span class='ocrx_word' id='word_1_395' title='bbox 3312 1766 3411 1832; x_wconf 90' lang='lat' dir='ltr'><strong>illi,</strong></span> 
     </span>
    </p>
   </div>
   <div class='ocr_carea' id='block_1_47' title="bbox 1844 1861 3411 1929">
    <p class='ocr_par' dir='ltr' id='par_1_47' title="bbox 1844 1861 3411 1929">
     <span class='ocr_line' id='line_1_47' title="bbox 1844 1861 3411 1929; baseline -0.002 -12"><span class='ocrx_word' id='word_1_396' title='bbox 1844 1862 1990 1917; x_wconf 87' lang='lat' dir='ltr'><strong>solus</strong></span> <span class='ocrx_word' id='word_1_397' title='bbox 2025 1873 2164 1929; x_wconf 90' lang='lat' dir='ltr'><strong>erat,</strong></span> <span class='ocrx_word' id='word_1_398' title='bbox 2212 1878 2311 1918; x_wconf 91' lang='lat' dir='ltr'><strong>nec</strong></span> <span class='ocrx_word' id='word_1_399' title='bbox 2351 1861 2588 1917; x_wconf 87' lang='lat' dir='ltr'><strong>Verbum</strong></span> <span class='ocrx_word' id='word_1_400' title='bbox 2634 1877 2755 1917; x_wconf 87' lang='lat' dir='ltr'><strong>eum</strong></span> <span class='ocrx_word' id='word_1_401' title='bbox 2804 1862 2899 1917; x_wconf 86' lang='lat' dir='ltr'><strong>illo</strong></span> <span class='ocrx_word' id='word_1_402' title='bbox 2943 1871 3105 1915; x_wconf 86' lang='lat' dir='ltr'><strong>erat:</strong></span> <span class='ocrx_word' id='word_1_403' title='bbox 3148 1862 3242 1915; x_wconf 86' lang='lat' dir='ltr'><strong>sed</strong></span> <span class='ocrx_word' id='word_1_404' title='bbox 3289 1876 3411 1915; x_wconf 91' lang='lat' dir='ltr'><strong>cum</strong></span> 
     </span>
    </p>
   </div>
   <div class='ocr_carea' id='block_1_48' title="bbox 1847 1951 3412 2022">
    <p class='ocr_par' dir='ltr' id='par_1_48' title="bbox 1847 1951 3412 2022">
     <span class='ocr_line' id='line_1_48' title="bbox 1847 1951 3412 2022; baseline -0.001 -16"><span class='ocrx_word' id='word_1_405' title='bbox 1847 1968 1943 2007; x_wconf 86' lang='lat' dir='ltr'><strong>nos</strong></span> <span class='ocrx_word' id='word_1_406' title='bbox 1970 1952 2137 2007; x_wconf 88' lang='lat' dir='ltr'><strong>voluit</strong></span> <span class='ocrx_word' id='word_1_407' title='bbox 2180 1956 2473 2022; x_wconf 77' lang='lat' dir='ltr'><strong>producere</strong></span> <span class='ocrx_word' id='word_1_408' title='bbox 2504 1963 2632 2007; x_wconf 85' lang='lat' dir='ltr'><strong>tunc</strong></span> <span class='ocrx_word' id='word_1_409' title='bbox 2666 1951 2796 2007; x_wconf 92' lang='lat' dir='ltr'><strong>illud</strong></span> <span class='ocrx_word' id='word_1_410' title='bbox 2832 1952 2978 2017; x_wconf 81' lang='lat' dir='ltr'><strong>fecit,</strong></span> <span class='ocrx_word' id='word_1_411' title='bbox 3008 1952 3147 2021; x_wconf 91' lang='lat' dir='ltr'><strong>quod</strong></span> <span class='ocrx_word' id='word_1_412' title='bbox 3174 1951 3412 2020; x_wconf 83' lang='lat' dir='ltr'><strong>quidem,</strong></span> 
     </span>
    </p>
   </div>
   <div class='ocr_carea' id='block_1_49' title="bbox 1844 2043 3410 2115">
    <p class='ocr_par' dir='ltr' id='par_1_49' title="bbox 1844 2043 3410 2115">
     <span class='ocr_line' id='line_1_49' title="bbox 1844 2043 3410 2115; baseline -0.003 -15"><span class='ocrx_word' id='word_1_413' title='bbox 1844 2060 1874 2100; x_wconf 88' lang='lat' dir='ltr'><strong>a</strong></span> <span class='ocrx_word' id='word_1_414' title='bbox 1900 2060 2007 2115; x_wconf 87' lang='lat' dir='ltr'><strong>quo</strong></span> <span class='ocrx_word' id='word_1_415' title='bbox 2033 2043 2231 2098; x_wconf 80' lang='lat' dir='ltr'><strong>factum</strong></span> <span class='ocrx_word' id='word_1_416' title='bbox 2264 2056 2367 2113; x_wconf 89' lang='lat' dir='ltr'><strong>est,</strong></span> <span class='ocrx_word' id='word_1_417' title='bbox 2406 2045 2639 2100; x_wconf 87' lang='lat' dir='ltr'><strong>Verbum</strong></span> <span class='ocrx_word' id='word_1_418' title='bbox 2671 2054 2725 2099; x_wconf 89' lang='lat' dir='ltr'><strong>et</strong></span> <span class='ocrx_word' id='word_1_419' title='bbox 2751 2044 2942 2099; x_wconf 84' lang='lat' dir='ltr'><strong>Filium</strong></span> <span class='ocrx_word' id='word_1_420' title='bbox 2984 2059 3049 2098; x_wconf 91' lang='lat' dir='ltr'><strong>ac</strong></span> <span class='ocrx_word' id='word_1_421' title='bbox 3080 2043 3410 2113; x_wconf 87' lang='lat' dir='ltr'><strong>Sapientiam</strong></span> 
     </span>
    </p>
   </div>
   <div class='ocr_carea' id='block_1_50' title="bbox 1845 2131 3407 2203">
    <p class='ocr_par' dir='ltr' id='par_1_50' title="bbox 1845 2131 3407 2203">
     <span class='ocr_line' id='line_1_50' title="bbox 1845 2131 3407 2203; baseline -0.003 -15"><span class='ocrx_word' id='word_1_422' title='bbox 1845 2133 2161 2200; x_wconf 78' lang='lat' dir='ltr'><strong>nominavit,</strong></span> <span class='ocrx_word' id='word_1_423' title='bbox 2215 2142 2273 2187; x_wconf 90' lang='lat' dir='ltr'><strong>ut</strong></span> <span class='ocrx_word' id='word_1_424' title='bbox 2320 2149 2416 2188; x_wconf 90' lang='lat' dir='ltr'><strong>nos</strong></span> <span class='ocrx_word' id='word_1_425' title='bbox 2459 2148 2554 2203; x_wconf 91' lang='lat' dir='ltr'><strong>per</strong></span> <span class='ocrx_word' id='word_1_426' title='bbox 2584 2133 2756 2203; x_wconf 89' lang='lat' dir='ltr'><strong>ipsum</strong></span> <span class='ocrx_word' id='word_1_427' title='bbox 2788 2134 3124 2201; x_wconf 88' lang='lat' dir='ltr'><strong>produceret.</strong></span> <span class='ocrx_word' id='word_1_428' title='bbox 3164 2131 3407 2199; x_wconf 89' lang='lat' dir='ltr'><strong>Insuper,</strong></span> 
     </span>
    </p>
   </div>
   <div class='ocr_carea' id='block_1_51' title="bbox 1843 2224 3407 2295">
    <p class='ocr_par' dir='ltr' id='par_1_51' title="bbox 1843 2224 3407 2295">
     <span class='ocr_line' id='line_1_51' title="bbox 1843 2224 3407 2295; baseline -0.003 -16"><span class='ocrx_word' id='word_1_429' title='bbox 1843 2226 2296 2295; x_wconf 81' lang='lat' dir='ltr'><strong>quemadmodum</strong></span> <span class='ocrx_word' id='word_1_430' title='bbox 2321 2226 2500 2279; x_wconf 87' lang='lat' dir='ltr'><strong>omnia</strong></span> <span class='ocrx_word' id='word_1_431' title='bbox 2528 2227 2618 2280; x_wconf 85' lang='lat' dir='ltr'><strong>Dei</strong></span> <span class='ocrx_word' id='word_1_432' title='bbox 2641 2225 2920 2280; x_wconf 84' lang='lat' dir='ltr'><strong>voluntate</strong></span> <span class='ocrx_word' id='word_1_433' title='bbox 2939 2224 3229 2279; x_wconf 86' lang='lat' dir='ltr'><strong>constituta</strong></span> <span class='ocrx_word' id='word_1_434' title='bbox 3258 2231 3407 2286; x_wconf 87' lang='lat' dir='ltr'><strong>sunt,</strong></span> 
     </span>
    </p>
   </div>
   <div class='ocr_carea' id='block_1_52' title="bbox 1843 2315 3411 2382">
    <p class='ocr_par' dir='ltr' id='par_1_52' title="bbox 1843 2315 3411 2382">
     <span class='ocr_line' id='line_1_52' title="bbox 1843 2315 3411 2382; baseline -0.004 -8"><span class='ocrx_word' id='word_1_435' title='bbox 1843 2334 1967 2374; x_wconf 90' lang='lat' dir='ltr'><strong>cum</strong></span> <span class='ocrx_word' id='word_1_436' title='bbox 2010 2328 2165 2373; x_wconf 88' lang='lat' dir='ltr'><strong>antea</strong></span> <span class='ocrx_word' id='word_1_437' title='bbox 2204 2332 2307 2373; x_wconf 93' lang='lat' dir='ltr'><strong>non</strong></span> <span class='ocrx_word' id='word_1_438' title='bbox 2351 2327 2533 2372; x_wconf 82' lang='lat' dir='ltr'><strong>essent</strong></span> <span class='ocrx_word' id='word_1_439' title='bbox 2566 2357 2580 2382; x_wconf 92' lang='lat'><strong>,</strong></span> <span class='ocrx_word' id='word_1_440' title='bbox 2623 2317 2701 2373; x_wconf 91' lang='lat' dir='ltr'><strong>sic</strong></span> <span class='ocrx_word' id='word_1_441' title='bbox 2753 2315 2893 2370; x_wconf 90' lang='lat' dir='ltr'><strong>idem</strong></span> <span class='ocrx_word' id='word_1_442' title='bbox 2933 2331 3054 2369; x_wconf 92' lang='lat' dir='ltr'><strong>cum</strong></span> <span class='ocrx_word' id='word_1_443' title='bbox 3098 2324 3259 2370; x_wconf 86' lang='lat' dir='ltr'><strong>antea</strong></span> <span class='ocrx_word' id='word_1_444' title='bbox 3304 2328 3411 2368; x_wconf 78' lang='lat' dir='ltr'><strong>non</strong></span> 
     </span>
    </p>
   </div>
   <div class='ocr_carea' id='block_1_53' title="bbox 1843 2406 3411 2476">
    <p class='ocr_par' dir='ltr' id='par_1_53' title="bbox 1843 2406 3411 2476">
     <span class='ocr_line' id='line_1_53' title="bbox 1843 2406 3411 2476; baseline -0.004 -10"><span class='ocrx_word' id='word_1_445' title='bbox 1843 2420 2009 2476; x_wconf 90' lang='lat' dir='ltr'><strong>esset,</strong></span> <span class='ocrx_word' id='word_1_446' title='bbox 2061 2410 2239 2467; x_wconf 86' lang='lat' dir='ltr'><strong>Patris</strong></span> <span class='ocrx_word' id='word_1_447' title='bbox 2286 2410 2563 2466; x_wconf 84' lang='lat' dir='ltr'><strong>voluntate</strong></span> <span class='ocrx_word' id='word_1_448' title='bbox 2593 2409 2791 2464; x_wconf 81' lang='lat' dir='ltr'><strong>factum</strong></span> <span class='ocrx_word' id='word_1_449' title='bbox 2821 2418 2922 2464; x_wconf 88' lang='lat' dir='ltr'><strong>est.</strong></span> <span class='ocrx_word' id='word_1_450' title='bbox 2956 2407 3069 2462; x_wconf 60' lang='lat' dir='ltr'><strong>[Non</strong></span> <span class='ocrx_word' id='word_1_451' title='bbox 3103 2408 3246 2463; x_wconf 90' lang='lat' dir='ltr'><strong>enim</strong></span> <span class='ocrx_word' id='word_1_452' title='bbox 3274 2406 3411 2461; x_wconf 77' lang='lat' dir='ltr'><strong>Ver-</strong></span> 
     </span>
    </p>
   </div>
   <div class='ocr_carea' id='block_1_54' title="bbox 1844 2499 3414 2572">
    <p class='ocr_par' dir='ltr' id='par_1_54' title="bbox 1844 2499 3414 2572">
     <span class='ocr_line' id='line_1_54' title="bbox 1844 2499 3414 2572; baseline -0.003 -15"><span class='ocrx_word' id='word_1_453' title='bbox 1844 2503 1971 2557; x_wconf 89' lang='lat' dir='ltr'><strong>hum</strong></span> <span class='ocrx_word' id='word_1_454' title='bbox 2020 2504 2271 2572; x_wconf 79' lang='lat' dir='ltr'><strong>proprius</strong></span> <span class='ocrx_word' id='word_1_455' title='bbox 2326 2512 2382 2557; x_wconf 89' lang='lat' dir='ltr'><strong>et</strong></span> <span class='ocrx_word' id='word_1_456' title='bbox 2436 2502 2696 2556; x_wconf 86' lang='lat' dir='ltr'><strong>naturalis</strong></span> <span class='ocrx_word' id='word_1_457' title='bbox 2747 2510 2831 2555; x_wconf 88' lang='lat' dir='ltr'><strong>est</strong></span> <span class='ocrx_word' id='word_1_458' title='bbox 2875 2501 3050 2555; x_wconf 84' lang='lat' dir='ltr'><strong>Patris</strong></span> <span class='ocrx_word' id='word_1_459' title='bbox 3104 2499 3267 2563; x_wconf 77' lang='lat' dir='ltr'><strong>fetus,</strong></span> <span class='ocrx_word' id='word_1_460' title='bbox 3318 2499 3414 2553; x_wconf 87' lang='lat' dir='ltr'><strong>sed</strong></span> 
     </span>
    </p>
   </div>
   <div class='ocr_carea' id='block_1_55' title="bbox 1842 2590 3414 2666">
    <p class='ocr_par' dir='ltr' id='par_1_55' title="bbox 1842 2590 3414 2666">
     <span class='ocr_line' id='line_1_55' title="bbox 1842 2590 3414 2666; baseline -0.003 -18"><span class='ocrx_word' id='word_1_461' title='bbox 1842 2595 2017 2666; x_wconf 85' lang='lat' dir='ltr'><strong>gratia</strong></span> <span class='ocrx_word' id='word_1_462' title='bbox 2064 2596 2116 2649; x_wconf 93' lang='lat' dir='ltr'><strong>id</strong></span> <span class='ocrx_word' id='word_1_463' title='bbox 2148 2595 2223 2649; x_wconf 91' lang='lat' dir='ltr'><strong>illi</strong></span> <span class='ocrx_word' id='word_1_464' title='bbox 2272 2610 2486 2664; x_wconf 89' lang='lat' dir='ltr'><strong>quoque</strong></span> <span class='ocrx_word' id='word_1_465' title='bbox 2524 2605 2607 2649; x_wconf 91' lang='lat' dir='ltr'><strong>est</strong></span> <span class='ocrx_word' id='word_1_466' title='bbox 2638 2595 2915 2648; x_wconf 90' lang='lat' dir='ltr'><strong>tributum.</strong></span> <span class='ocrx_word' id='word_1_467' title='bbox 2960 2592 3103 2647; x_wconf 88' lang='lat' dir='ltr'><strong>Deus</strong></span> <span class='ocrx_word' id='word_1_468' title='bbox 3144 2593 3286 2648; x_wconf 90' lang='lat' dir='ltr'><strong>enim</strong></span> <span class='ocrx_word' id='word_1_469' title='bbox 3321 2590 3414 2660; x_wconf 91' lang='lat' dir='ltr'><strong>qui</strong></span> 
     </span>
    </p>
   </div>
   <div class='ocr_carea' id='block_1_56' title="bbox 1843 2683 3416 2756">
    <p class='ocr_par' dir='ltr' id='par_1_56' title="bbox 1843 2683 3416 2756">
     <span class='ocr_line' id='line_1_56' title="bbox 1843 2683 3416 2756; baseline -0.004 -15"><span class='ocrx_word' id='word_1_470' title='bbox 1843 2702 2057 2755; x_wconf 85' lang='lat' dir='ltr'><strong>semper</strong></span> <span class='ocrx_word' id='word_1_471' title='bbox 2087 2696 2192 2752; x_wconf 91' lang='lat' dir='ltr'><strong>est,</strong></span> <span class='ocrx_word' id='word_1_472' title='bbox 2229 2686 2447 2752; x_wconf 87' lang='lat' dir='ltr'><strong>Filium,</strong></span> <span class='ocrx_word' id='word_1_473' title='bbox 2480 2686 2569 2756; x_wconf 90' lang='lat' dir='ltr'><strong>qui</strong></span> <span class='ocrx_word' id='word_1_474' title='bbox 2612 2701 2717 2741; x_wconf 92' lang='lat' dir='ltr'><strong>non</strong></span> <span class='ocrx_word' id='word_1_475' title='bbox 2749 2695 2887 2749; x_wconf 89' lang='lat' dir='ltr'><strong>erat,</strong></span> <span class='ocrx_word' id='word_1_476' title='bbox 2917 2686 3103 2739; x_wconf 87' lang='lat' dir='ltr'><strong>eadem</strong></span> <span class='ocrx_word' id='word_1_477' title='bbox 3138 2683 3416 2738; x_wconf 80' lang='lat' dir='ltr'><strong>voluntate</strong></span> 
     </span>
    </p>
   </div>
   <div class='ocr_carea' id='block_1_57' title="bbox 1844 2773 3417 2846">
    <p class='ocr_par' dir='ltr' id='par_1_57' title="bbox 1844 2773 3417 2846">
     <span class='ocr_line' id='line_1_57' title="bbox 1844 2773 3417 2846; baseline -0.003 -15"><span class='ocrx_word' id='word_1_478' title='bbox 1844 2779 1992 2843; x_wconf 81' lang='lat' dir='ltr'><strong>fecit,</strong></span> <span class='ocrx_word' id='word_1_479' title='bbox 2038 2793 2141 2846; x_wconf 89' lang='lat' dir='ltr'><strong>qua</strong></span> <span class='ocrx_word' id='word_1_480' title='bbox 2188 2788 2382 2833; x_wconf 75' lang='lat' dir='ltr'><strong>caetera</strong></span> <span class='ocrx_word' id='word_1_481' title='bbox 2443 2778 2623 2831; x_wconf 87' lang='lat' dir='ltr'><strong>omnia</strong></span> <span class='ocrx_word' id='word_1_482' title='bbox 2675 2777 2824 2843; x_wconf 82' lang='lat' dir='ltr'><strong>fecit,</strong></span> <span class='ocrx_word' id='word_1_483' title='bbox 2883 2776 3157 2845; x_wconf 79' lang='lat' dir='ltr'><strong>produxit,</strong></span> <span class='ocrx_word' id='word_1_484' title='bbox 3212 2773 3417 2827; x_wconf 84' lang='lat' dir='ltr'><strong>creavit</strong></span> 
     </span>
    </p>
   </div>
   <div class='ocr_carea' id='block_1_58' title="bbox 1843 2863 3413 2930">
    <p class='ocr_par' dir='ltr' id='par_1_58' title="bbox 1843 2863 3413 2930">
     <span class='ocr_line' id='line_1_58' title="bbox 1843 2863 3413 2930; baseline -0.006 -7"><span class='ocrx_word' id='word_1_485' title='bbox 1843 2877 1897 2923; x_wconf 88' lang='lat' dir='ltr'><strong>et</strong></span> <span class='ocrx_word' id='word_1_486' title='bbox 1912 2870 2174 2924; x_wconf 75' lang='lat' dir='ltr'><strong>exsistere</strong></span> <span class='ocrx_word' id='word_1_487' title='bbox 2193 2868 2379 2922; x_wconf 91' lang='lat' dir='ltr'><strong>voluit.</strong></span> <span class='ocrx_word' id='word_1_488' title='bbox 2415 2888 2433 2919; x_wconf 72' lang='grc' dir='ltr'><strong>ι</strong></span> <span class='ocrx_word' id='word_1_489' title='bbox 2452 2867 2584 2921; x_wconf 85' lang='lat' dir='ltr'><strong>Nam</strong></span> <span class='ocrx_word' id='word_1_490' title='bbox 2615 2879 2669 2922; x_wconf 91' lang='lat' dir='ltr'><strong>et</strong></span> <span class='ocrx_word' id='word_1_491' title='bbox 2689 2868 2827 2921; x_wconf 89' lang='lat' dir='ltr'><strong>istud</strong></span> <span class='ocrx_word' id='word_1_492' title='bbox 2847 2867 3071 2930; x_wconf 87' lang='lat' dir='ltr'><strong>addunt,</strong></span> <span class='ocrx_word' id='word_1_493' title='bbox 3089 2883 3107 2915; x_wconf 82' lang='grc' dir='ltr'><strong>ι</strong></span> <span class='ocrx_word' id='word_1_494' title='bbox 3138 2863 3413 2918; x_wconf 88' lang='lat' dir='ltr'><strong>Christum</strong></span> 
     </span>
    </p>
   </div>
   <div class='ocr_carea' id='block_1_59' title="bbox 1844 2953 3410 3025">
    <p class='ocr_par' dir='ltr' id='par_1_59' title="bbox 1844 2953 3410 3025">
     <span class='ocr_line' id='line_1_59' title="bbox 1844 2953 3410 3025; baseline -0.006 -10"><span class='ocrx_word' id='word_1_495' title='bbox 1844 2976 1948 3015; x_wconf 92' lang='lat' dir='ltr'><strong>non</strong></span> <span class='ocrx_word' id='word_1_496' title='bbox 2000 2974 2121 3014; x_wconf 86' lang='lat' dir='ltr'><strong>esse</strong></span> <span class='ocrx_word' id='word_1_497' title='bbox 2164 2960 2464 3013; x_wconf 89' lang='lat' dir='ltr'><strong>naturalem</strong></span> <span class='ocrx_word' id='word_1_498' title='bbox 2506 2966 2561 3013; x_wconf 86' lang='lat' dir='ltr'><strong>et</strong></span> <span class='ocrx_word' id='word_1_499' title='bbox 2592 2974 2774 3014; x_wconf 86' lang='lat' dir='ltr'><strong>veram</strong></span> <span class='ocrx_word' id='word_1_500' title='bbox 2809 2958 2898 3011; x_wconf 91' lang='lat' dir='ltr'><strong>Dei</strong></span> <span class='ocrx_word' id='word_1_501' title='bbox 2929 2957 3222 3025; x_wconf 87' lang='lat' dir='ltr'><strong>potentiam</strong></span> <span class='ocrx_word' id='word_1_502' title='bbox 3250 2994 3265 3018; x_wconf 92' lang='lat'><strong>,</strong></span> <span class='ocrx_word' id='word_1_503' title='bbox 3295 2953 3410 3011; x_wconf 87' lang='lat' dir='ltr'><strong>sed.</strong></span> 
     </span>
    </p>
   </div>
   <div class='ocr_carea' id='block_1_60' title="bbox 1846 3042 3414 3118">
    <p class='ocr_par' dir='ltr' id='par_1_60' title="bbox 1846 3042 3414 3118">
     <span class='ocr_line' id='line_1_60' title="bbox 1846 3042 3414 3118; baseline -0.008 -13"><span class='ocrx_word' id='word_1_504' title='bbox 1846 3061 1901 3105; x_wconf 95' lang='lat' dir='ltr'><strong>ut</strong></span> <span class='ocrx_word' id='word_1_505' title='bbox 1948 3066 2110 3106; x_wconf 90' lang='lat' dir='ltr'><strong>eruca</strong></span> <span class='ocrx_word' id='word_1_506' title='bbox 2161 3060 2215 3105; x_wconf 88' lang='lat' dir='ltr'><strong>et</strong></span> <span class='ocrx_word' id='word_1_507' title='bbox 2266 3049 2505 3104; x_wconf 87' lang='lat' dir='ltr'><strong>bruchus</strong></span> <span class='ocrx_word' id='word_1_508' title='bbox 2559 3049 2796 3118; x_wconf 81' lang='lat' dir='ltr'><strong>pctentia</strong></span> <span class='ocrx_word' id='word_1_509' title='bbox 2836 3047 3092 3101; x_wconf 88' lang='lat' dir='ltr'><strong>dicuntur</strong></span> <span class='ocrx_word' id='word_1_510' title='bbox 3124 3044 3187 3108; x_wconf 68' lang='grc' dir='ltr'>η,</span> <span class='ocrx_word' id='word_1_511' title='bbox 3237 3042 3319 3095; x_wconf 88' lang='lat' dir='ltr'><strong>sic</strong></span> <span class='ocrx_word' id='word_1_512' title='bbox 3361 3046 3414 3093; x_wconf 74' lang='lat' dir='ltr'><strong>et</strong></span> 
     </span>
    </p>
   </div>
   <div class='ocr_carea' id='block_1_61' title="bbox 1845 3129 3413 3210">
    <p class='ocr_par' dir='ltr' id='par_1_61' title="bbox 1845 3129 3413 3210">
     <span class='ocr_line' id='line_1_61' title="bbox 1845 3129 3413 3210; baseline -0.009 -16"><span class='ocrx_word' id='word_1_513' title='bbox 1845 3140 2018 3210; x_wconf 88' lang='lat' dir='ltr'><strong>ipsum</strong></span> <span class='ocrx_word' id='word_1_514' title='bbox 2049 3138 2227 3193; x_wconf 88' lang='lat' dir='ltr'><strong>Patris</strong></span> <span class='ocrx_word' id='word_1_515' title='bbox 2252 3138 2545 3207; x_wconf 87' lang='lat' dir='ltr'><strong>potentiam</strong></span> <span class='ocrx_word' id='word_1_516' title='bbox 2577 3135 2855 3205; x_wconf 88' lang='lat' dir='ltr'><strong>appellari.</strong></span> <span class='ocrx_word' id='word_1_517' title='bbox 2886 3153 2905 3185; x_wconf 76' lang='grc' dir='ltr'><strong>ι</strong></span> <span class='ocrx_word' id='word_1_518' title='bbox 2935 3135 3197 3187; x_wconf 70' lang='grc' dir='ltr'>Ρι-αειριιειι</span> <span class='ocrx_word' id='word_1_519' title='bbox 3233 3129 3413 3182; x_wconf 87' lang='lat' dir='ltr'><strong>aiebat</strong></span> 
     </span>
    </p>
   </div>
   <div class='ocr_carea' id='block_1_62' title="bbox 174 3222 1760 3318">
    <p class='ocr_par' dir='ltr' id='par_1_62' title="bbox 174 3232 1738 3316">
     <span class='ocr_line' id='line_1_62' title="bbox 174 3232 1738 3316; baseline 0.006 -35"><span class='ocrx_word' id='word_1_520' title='bbox 174 3247 319 3316; x_wconf 68' lang='grc' dir='ltr'>ναται</span> <span class='ocrx_word' id='word_1_521' title='bbox 342 3232 370 3283; x_wconf 91' lang='grc' dir='ltr'><strong>ό</strong></span> <span class='ocrx_word' id='word_1_522' title='bbox 396 3232 525 3295; x_wconf 73' lang='grc' dir='ltr'>Υἱὸς</span> <span class='ocrx_word' id='word_1_523' title='bbox 548 3232 639 3286; x_wconf 85' lang='grc' dir='ltr'>τὸν</span> <span class='ocrx_word' id='word_1_524' title='bbox 663 3234 905 3304; x_wconf 85' lang='grc' dir='ltr'>Πατέρα.</span> <span class='ocrx_word' id='word_1_525' title='bbox 957 3234 1153 3306; x_wconf 81' lang='grc' dir='ltr'>Ἀρχὴν</span> <span class='ocrx_word' id='word_1_526' title='bbox 1176 3234 1283 3306; x_wconf 90' lang='grc' dir='ltr'><strong>γὰρ</strong></span> <span class='ocrx_word' id='word_1_527' title='bbox 1306 3235 1442 3305; x_wconf 78' lang='grc' dir='ltr'>ἔχων</span> <span class='ocrx_word' id='word_1_528' title='bbox 1468 3236 1559 3289; x_wconf 89' lang='grc' dir='ltr'><strong>τοῦ</strong></span> <span class='ocrx_word' id='word_1_529' title='bbox 1582 3232 1738 3302; x_wconf 83' lang='grc' dir='ltr'>εἶναι,</span> 
     </span>
    </p>
   </div>
   <div class='ocr_carea' id='block_1_63' title="bbox 1851 3222 3413 3318">
    <p class='ocr_par' dir='ltr' id='par_1_63' title="bbox 1851 3222 3413 3291">
     <span class='ocr_line' id='line_1_63' title="bbox 1851 3222 3413 3291; baseline -0.006 -8"><span class='ocrx_word' id='word_1_530' title='bbox 1851 3248 1869 3283; x_wconf 79' lang='grc' dir='ltr'><strong>ι</strong></span> <span class='ocrx_word' id='word_1_531' title='bbox 1902 3229 2113 3285; x_wconf 86' lang='lat' dir='ltr'><strong>Patrem</strong></span> <span class='ocrx_word' id='word_1_532' title='bbox 2139 3228 2279 3284; x_wconf 80' lang='lat' dir='ltr'><strong>Filio</strong></span> <span class='ocrx_word' id='word_1_533' title='bbox 2303 3244 2427 3285; x_wconf 90' lang='lat' dir='ltr'><strong>esse</strong></span> <span class='ocrx_word' id='word_1_534' title='bbox 2468 3227 2811 3291; x_wconf 83' lang='lat' dir='ltr'><strong>inell‘abilem,</strong></span> <span class='ocrx_word' id='word_1_535' title='bbox 2842 3241 2940 3281; x_wconf 90' lang='lat' dir='ltr'><strong>nec</strong></span> <span class='ocrx_word' id='word_1_536' title='bbox 2985 3226 3052 3279; x_wconf 91' lang='lat' dir='ltr'><strong>ab</strong></span> <span class='ocrx_word' id='word_1_537' title='bbox 3082 3238 3147 3277; x_wconf 93' lang='lat' dir='ltr'><strong>eo</strong></span> <span class='ocrx_word' id='word_1_538' title='bbox 3178 3222 3413 3291; x_wconf 79' lang='lat' dir='ltr'><strong>perfecte</strong></span> 
     </span>
    </p>
   </div>
   <div class='ocr_carea' id='block_1_64' title="bbox 174 3321 1751 3397">
    <p class='ocr_par' dir='ltr' id='par_1_64' title="bbox 174 3321 1751 3397">
     <span class='ocr_line' id='line_1_64' title="bbox 174 3321 1751 3397; baseline 0.007 -25"><span class='ocrx_word' id='word_1_539' title='bbox 174 3321 231 3373; x_wconf 73' lang='grc' dir='ltr'>οὐ</span> <span class='ocrx_word' id='word_1_540' title='bbox 260 3322 477 3375; x_wconf 80' lang='grc' dir='ltr'>δύναται</span> <span class='ocrx_word' id='word_1_541' title='bbox 512 3324 604 3377; x_wconf 84' lang='grc' dir='ltr'>τὸν</span> <span class='ocrx_word' id='word_1_542' title='bbox 632 3324 868 3395; x_wconf 80' lang='grc' dir='ltr'>ἄναρχον</span> <span class='ocrx_word' id='word_1_543' title='bbox 894 3324 1183 3394; x_wconf 82' lang='grc' dir='ltr'>γινώσκειν</span> <span class='ocrx_word' id='word_1_544' title='bbox 1202 3342 1215 3355; x_wconf 86' lang='grc'><strong>·</strong></span> <span class='ocrx_word' id='word_1_545' title='bbox 1252 3325 1385 3379; x_wconf 79' lang='grc' dir='ltr'>ἀλλὰ</span> <span class='ocrx_word' id='word_1_546' title='bbox 1418 3328 1508 3380; x_wconf 75' lang='grc' dir='ltr'>καὶ</span> <span class='ocrx_word' id='word_1_547' title='bbox 1532 3328 1560 3381; x_wconf 85' lang='lat'><strong>6</strong></span> <span class='ocrx_word' id='word_1_548' title='bbox 1594 3328 1751 3397; x_wconf 86' lang='grc' dir='ltr'>γινώ-</span> 
     </span>
    </p>
   </div>
   <div class='ocr_carea' id='block_1_65' title="bbox 176 3413 1743 3491">
    <p class='ocr_par' dir='ltr' id='par_1_65' title="bbox 176 3413 1743 3491">
     <span class='ocr_line' id='line_1_65' title="bbox 176 3413 1743 3491; baseline 0.007 -27"><span class='ocrx_word' id='word_1_549' title='bbox 176 3430 290 3465; x_wconf 75' lang='grc' dir='ltr'>σκει</span> <span class='ocrx_word' id='word_1_550' title='bbox 330 3415 422 3467; x_wconf 75' lang='grc' dir='ltr'><strong>καὶ</strong></span> <span class='ocrx_word' id='word_1_551' title='bbox 462 3414 673 3484; x_wconf 85' lang='grc' dir='ltr'>βλέπει,</span> <span class='ocrx_word' id='word_1_552' title='bbox 716 3416 995 3485; x_wconf 85' lang='grc' dir='ltr'>ἀναλόγως</span> <span class='ocrx_word' id='word_1_553' title='bbox 1034 3413 1140 3469; x_wconf 80' lang='grc' dir='ltr'>οἶδε</span> <span class='ocrx_word' id='word_1_554' title='bbox 1172 3420 1283 3480; x_wconf 84' lang='grc' dir='ltr'>τοῖς</span> <span class='ocrx_word' id='word_1_555' title='bbox 1324 3417 1473 3482; x_wconf 88' lang='grc' dir='ltr'>ίδίοις</span> <span class='ocrx_word' id='word_1_556' title='bbox 1505 3420 1743 3491; x_wconf 79' lang='grc' dir='ltr'>μέτροις,</span> 
     </span>
    </p>
   </div>
   <div class='ocr_carea' id='block_1_66' title="bbox 176 3506 1745 3581">
    <p class='ocr_par' dir='ltr' id='par_1_66' title="bbox 176 3506 1745 3581">
     <span class='ocr_line' id='line_1_66' title="bbox 176 3506 1745 3581; baseline 0.003 -20"><span class='ocrx_word' id='word_1_557' title='bbox 176 3506 266 3561; x_wconf 73' lang='grc' dir='ltr'><strong>καὶ</strong></span> <span class='ocrx_word' id='word_1_558' title='bbox 303 3506 489 3575; x_wconf 81' lang='grc' dir='ltr'>βλέπει</span> <span class='ocrx_word' id='word_1_559' title='bbox 509 3551 523 3573; x_wconf 88' lang='grc'><strong>,</strong></span> <span class='ocrx_word' id='word_1_560' title='bbox 567 3508 756 3579; x_wconf 79' lang='grc' dir='ltr'>ὥσπερ</span> <span class='ocrx_word' id='word_1_561' title='bbox 784 3510 877 3562; x_wconf 75' lang='grc' dir='ltr'>καὶ</span> <span class='ocrx_word' id='word_1_562' title='bbox 903 3510 1063 3579; x_wconf 80' lang='grc' dir='ltr'>ἡμεῖς</span> <span class='ocrx_word' id='word_1_563' title='bbox 1093 3509 1228 3578; x_wconf 76' lang='lat'><strong>(55‘)</strong></span> <span class='ocrx_word' id='word_1_564' title='bbox 1254 3508 1594 3581; x_wconf 86' lang='grc' dir='ltr'>γινώσκομεν</span> <span class='ocrx_word' id='word_1_565' title='bbox 1650 3514 1745 3566; x_wconf 76' lang='grc' dir='ltr'><strong>καὶ</strong></span> 
     </span>
    </p>
   </div>
   <div class='ocr_carea' id='block_1_67' title="bbox 178 3598 1745 3673">
    <p class='ocr_par' dir='ltr' id='par_1_67' title="bbox 178 3598 1745 3673">
     <span class='ocr_line' id='line_1_67' title="bbox 178 3598 1745 3673; baseline 0.006 -25"><span class='ocrx_word' id='word_1_566' title='bbox 178 3598 436 3669; x_wconf 79' lang='grc' dir='ltr'>βλέπομεν</span> <span class='ocrx_word' id='word_1_567' title='bbox 462 3602 608 3654; x_wconf 84' lang='grc' dir='ltr'>κατὰ</span> <span class='ocrx_word' id='word_1_568' title='bbox 622 3601 719 3671; x_wconf 82' lang='grc' dir='ltr'>τὴν</span> <span class='ocrx_word' id='word_1_569' title='bbox 746 3600 879 3654; x_wconf 86' lang='grc' dir='ltr'>ίδίαν</span> <span class='ocrx_word' id='word_1_570' title='bbox 906 3600 1151 3671; x_wconf 77' lang='grc' dir='ltr'>δύναμιν.</span> <span class='ocrx_word' id='word_1_571' title='bbox 1181 3621 1198 3650; x_wconf 75' lang='grc' dir='ltr'><strong>ι</strong></span> <span class='ocrx_word' id='word_1_572' title='bbox 1217 3602 1533 3673; x_wconf 86' lang='grc' dir='ltr'>Προσετίθει</span> <span class='ocrx_word' id='word_1_573' title='bbox 1561 3604 1617 3657; x_wconf 80' lang='grc' dir='ltr'>δὲ</span> <span class='ocrx_word' id='word_1_574' title='bbox 1650 3606 1745 3660; x_wconf 81' lang='grc' dir='ltr'>καὶ</span> 
     </span>
    </p>
   </div>
   <div class='ocr_carea' id='block_1_68' title="bbox 178 3688 1740 3763">
    <p class='ocr_par' dir='ltr' id='par_1_68' title="bbox 178 3688 1740 3763">
     <span class='ocr_line' id='line_1_68' title="bbox 178 3688 1740 3763; baseline 0.006 -23"><span class='ocrx_word' id='word_1_575' title='bbox 178 3688 349 3756; x_wconf 75' lang='grc' dir='ltr'>τοῦτο,</span> <span class='ocrx_word' id='word_1_576' title='bbox 377 3693 459 3744; x_wconf 82' lang='grc' dir='ltr'>ὅτι</span> <span class='ocrx_word' id='word_1_577' title='bbox 482 3710 501 3743; x_wconf 79' lang='grc' dir='ltr'><strong>ι</strong></span> <span class='ocrx_word' id='word_1_578' title='bbox 525 3693 583 3744; x_wconf 84' lang='lat'><strong>&#39;0</strong></span> <span class='ocrx_word' id='word_1_579' title='bbox 602 3692 727 3756; x_wconf 83' lang='grc' dir='ltr'><strong>Υἱὸς</strong></span> <span class='ocrx_word' id='word_1_580' title='bbox 744 3694 803 3745; x_wconf 74' lang='grc' dir='ltr'>οὺ</span> <span class='ocrx_word' id='word_1_581' title='bbox 828 3693 988 3761; x_wconf 86' lang='grc' dir='ltr'>μόνον</span> <span class='ocrx_word' id='word_1_582' title='bbox 1017 3693 1106 3745; x_wconf 77' lang='grc' dir='ltr'><strong>τὸν</strong></span> <span class='ocrx_word' id='word_1_583' title='bbox 1124 3692 1340 3763; x_wconf 84' lang='grc' dir='ltr'>Πατέρα</span> <span class='ocrx_word' id='word_1_584' title='bbox 1366 3694 1457 3746; x_wconf 88' lang='grc' dir='ltr'>τὸν</span> <span class='ocrx_word' id='word_1_585' title='bbox 1485 3692 1613 3748; x_wconf 78' lang='grc' dir='ltr'>ἴδιον</span> <span class='ocrx_word' id='word_1_586' title='bbox 1641 3697 1740 3751; x_wconf 84' lang='grc' dir='ltr'>οὐκ</span> 
     </span>
    </p>
   </div>
   <div class='ocr_carea' id='block_1_69' title="bbox 177 3775 1740 3857">
    <p class='ocr_par' dir='ltr' id='par_1_69' title="bbox 177 3775 1740 3857">
     <span class='ocr_line' id='line_1_69' title="bbox 177 3775 1740 3857; baseline 0.006 -24"><span class='ocrx_word' id='word_1_587' title='bbox 177 3775 309 3833; x_wconf 76' lang='grc' dir='ltr'>οἶδεν</span> <span class='ocrx_word' id='word_1_588' title='bbox 339 3783 601 3854; x_wconf 77' lang='grc' dir='ltr'>ἀκριϐῶς,</span> <span class='ocrx_word' id='word_1_589' title='bbox 633 3784 746 3847; x_wconf 81' lang='grc' dir='ltr'>ἀλλ’</span> <span class='ocrx_word' id='word_1_590' title='bbox 769 3784 889 3837; x_wconf 78' lang='grc' dir='ltr'>οὐδὲ</span> <span class='ocrx_word' id='word_1_591' title='bbox 903 3784 1001 3856; x_wconf 82' lang='grc' dir='ltr'>τὴν</span> <span class='ocrx_word' id='word_1_592' title='bbox 1030 3784 1167 3839; x_wconf 77' lang='grc' dir='ltr'>ἰδίαν</span> <span class='ocrx_word' id='word_1_593' title='bbox 1198 3784 1393 3838; x_wconf 79' lang='grc' dir='ltr'>ἑαυτοῦ</span> <span class='ocrx_word' id='word_1_594' title='bbox 1418 3785 1529 3857; x_wconf 71' lang='grc'>(54)</span> <span class='ocrx_word' id='word_1_595' title='bbox 1552 3786 1740 3843; x_wconf 83' lang='grc' dir='ltr'>οὐσίαν</span> 
     </span>
    </p>
   </div>
   <div class='ocr_carea' id='block_1_70' title="bbox 176 3867 381 3928">
    <p class='ocr_par' dir='ltr' id='par_1_70' title="bbox 176 3867 381 3928">
     <span class='ocr_line' id='line_1_70' title="bbox 176 3867 381 3928; baseline 0.015 -2"><span class='ocrx_word' id='word_1_596' title='bbox 176 3867 329 3928; x_wconf 70' lang='grc' dir='ltr'>οἶδεν.</span> <span class='ocrx_word' id='word_1_597' title='bbox 362 3894 381 3928; x_wconf 79' lang='grc' dir='ltr'><strong>ι</strong></span> 
     </span>
    </p>
   </div>
   <div class='ocr_carea' id='block_1_71' title="bbox 254 4050 1737 4127">
    <p class='ocr_par' dir='ltr' id='par_1_71' title="bbox 254 4050 1737 4127">
     <span class='ocr_line' id='line_1_71' title="bbox 254 4050 1737 4127; baseline 0.003 -23"><span class='ocrx_word' id='word_1_598' title='bbox 254 4050 331 4105; x_wconf 81' lang='lat' dir='ltr'><strong>l3.</strong></span> <span class='ocrx_word' id='word_1_599' title='bbox 372 4052 558 4106; x_wconf 90' lang='grc' dir='ltr'>Ταῦτα</span> <span class='ocrx_word' id='word_1_600' title='bbox 589 4053 684 4115; x_wconf 66' lang='grc' dir='ltr'>καὶ</span> <span class='ocrx_word' id='word_1_601' title='bbox 715 4053 782 4106; x_wconf 84' lang='grc' dir='ltr'><strong>τὰ</strong></span> <span class='ocrx_word' id='word_1_602' title='bbox 814 4052 1041 4107; x_wconf 89' lang='grc' dir='ltr'>τοιαῦτα</span> <span class='ocrx_word' id='word_1_603' title='bbox 1085 4053 1258 4122; x_wconf 86' lang='grc' dir='ltr'>λέγων</span> <span class='ocrx_word' id='word_1_604' title='bbox 1300 4054 1398 4125; x_wconf 84' lang='grc' dir='ltr'>μὲν</span> <span class='ocrx_word' id='word_1_605' title='bbox 1430 4056 1459 4108; x_wconf 90' lang='lat'><strong>6</strong></span> <span class='ocrx_word' id='word_1_606' title='bbox 1494 4056 1737 4127; x_wconf 80' lang='grc' dir='ltr'>Ἀρειος,</span> 
     </span>
    </p>
   </div>
   <div class='ocr_carea' id='block_1_72' title="bbox 177 4144 1737 4217">
    <p class='ocr_par' dir='ltr' id='par_1_72' title="bbox 177 4144 1737 4217">
     <span class='ocr_line' id='line_1_72' title="bbox 177 4144 1737 4217; baseline 0.004 -24"><span class='ocrx_word' id='word_1_607' title='bbox 177 4144 448 4213; x_wconf 76' lang='grc' dir='ltr'>αἱρετικὸς</span> <span class='ocrx_word' id='word_1_608' title='bbox 494 4145 808 4217; x_wconf 84' lang='grc' dir='ltr'>ἀπεδείχθη.</span> <span class='ocrx_word' id='word_1_609' title='bbox 873 4145 1015 4214; x_wconf 87' lang='grc' dir='ltr'><strong>Ἐγὼ</strong></span> <span class='ocrx_word' id='word_1_610' title='bbox 1046 4146 1103 4198; x_wconf 87' lang='grc' dir='ltr'>δὲ</span> <span class='ocrx_word' id='word_1_611' title='bbox 1148 4146 1241 4199; x_wconf 79' lang='grc' dir='ltr'>καὶ</span> <span class='ocrx_word' id='word_1_612' title='bbox 1290 4146 1446 4215; x_wconf 87' lang='grc' dir='ltr'>μόνον</span> <span class='ocrx_word' id='word_1_613' title='bbox 1490 4149 1737 4215; x_wconf 80' lang='grc' dir='ltr'>γράφων,</span> 
     </span>
    </p>
   </div>
   <div class='ocr_carea' id='block_1_73' title="bbox 177 4233 1739 4309">
    <p class='ocr_par' dir='ltr' id='par_1_73' title="bbox 177 4233 1739 4309">
     <span class='ocr_line' id='line_1_73' title="bbox 177 4233 1739 4309; baseline 0.001 -22"><span class='ocrx_word' id='word_1_614' title='bbox 177 4233 463 4303; x_wconf 69' lang='grc' dir='ltr'>ἐκάθαιρον</span> <span class='ocrx_word' id='word_1_615' title='bbox 497 4235 607 4307; x_wconf 82' lang='grc'>(55)</span> <span class='ocrx_word' id='word_1_616' title='bbox 638 4238 873 4307; x_wconf 62' lang='grc' dir='ltr'>ἐμαυτὸν</span> <span class='ocrx_word' id='word_1_617' title='bbox 909 4236 1305 4309; x_wconf 75' lang='grc' dir='ltr'>ἐνθυμούμενος</span> <span class='ocrx_word' id='word_1_618' title='bbox 1334 4238 1403 4294; x_wconf 79' lang='grc' dir='ltr'>τὰ</span> <span class='ocrx_word' id='word_1_619' title='bbox 1446 4236 1585 4290; x_wconf 84' lang='grc' dir='ltr'>κατὰ</span> <span class='ocrx_word' id='word_1_620' title='bbox 1613 4235 1739 4295; x_wconf 74' lang='grc' dir='ltr'>τού-</span> 
     </span>
    </p>
   </div>
   <div class='ocr_carea' id='block_1_74' title="bbox 254 4370 644 4438">
    <p class='ocr_par' dir='ltr' id='par_1_74' title="bbox 254 4370 644 4438">
     <span class='ocr_line' id='line_1_74' title="bbox 254 4370 644 4438; baseline 0.008 -13"><span class='ocrx_word' id='word_1_621' title='bbox 254 4370 423 4426; x_wconf 77' lang='lat' dir='ltr'><strong>&quot;.loel</strong></span> <span class='ocrx_word' id='word_1_622' title='bbox 460 4389 519 4438; x_wconf 88' lang='grc' dir='ltr'><strong>ιι,</strong></span> <span class='ocrx_word' id='word_1_623' title='bbox 551 4372 644 4428; x_wconf 75' lang='lat'><strong>25.</strong></span> 
     </span>
    </p>
   </div>
   <div class='ocr_carea' id='block_1_75' title="bbox 251 4495 1741 4567">
    <p class='ocr_par' dir='ltr' id='par_1_75' title="bbox 251 4495 1741 4567">
     <span class='ocr_line' id='line_1_75' title="bbox 251 4495 1741 4567; baseline -0.001 -18"><span class='ocrx_word' id='word_1_624' title='bbox 251 4495 357 4567; x_wconf 67' lang='lat'><strong>(46)</strong></span> <span class='ocrx_word' id='word_1_625' title='bbox 385 4495 476 4552; x_wconf 89' lang='lat' dir='ltr'><strong>Sic</strong></span> <span class='ocrx_word' id='word_1_626' title='bbox 508 4496 731 4566; x_wconf 88' lang='lat' dir='ltr'><strong>Seguer.</strong></span> <span class='ocrx_word' id='word_1_627' title='bbox 770 4497 922 4552; x_wconf 83' lang='lat' dir='ltr'><strong>Colb.</strong></span> <span class='ocrx_word' id='word_1_628' title='bbox 950 4496 1175 4550; x_wconf 87' lang='lat' dir='ltr'><strong>Taurin.</strong></span> <span class='ocrx_word' id='word_1_629' title='bbox 1216 4495 1331 4555; x_wconf 86' lang='lat' dir='ltr'><strong>Jes.</strong></span> <span class='ocrx_word' id='word_1_630' title='bbox 1356 4506 1408 4551; x_wconf 88' lang='lat' dir='ltr'><strong>et</strong></span> <span class='ocrx_word' id='word_1_631' title='bbox 1431 4496 1670 4567; x_wconf 82' lang='lat' dir='ltr'><strong>Felckm.</strong></span> <span class='ocrx_word' id='word_1_632' title='bbox 1694 4496 1741 4549; x_wconf 92' lang='lat' dir='ltr'><strong>l.</strong></span> 
     </span>
    </p>
   </div>
   <div class='ocr_carea' id='block_1_76' title="bbox 175 4566 1741 4639">
    <p class='ocr_par' dir='ltr' id='par_1_76' title="bbox 175 4566 1741 4639">
     <span class='ocr_line' id='line_1_76' title="bbox 175 4566 1741 4639; baseline -0.001 -19"><span class='ocrx_word' id='word_1_633' title='bbox 175 4566 501 4639; x_wconf 16' lang='lat' dir='ltr'><strong>Atinﬂeditis</strong></span> <span class='ocrx_word' id='word_1_634' title='bbox 527 4568 718 4639; x_wconf 76' lang='lat' dir='ltr'><strong>legitur</strong></span> <span class='ocrx_word' id='word_1_635' title='bbox 743 4568 917 4639; x_wconf 70' lang='grc' dir='ltr'>ἄλλος</span> <span class='ocrx_word' id='word_1_636' title='bbox 935 4567 1033 4636; x_wconf 83' lang='grc' dir='ltr'>μὲν</span> <span class='ocrx_word' id='word_1_637' title='bbox 1062 4567 1217 4639; x_wconf 84' lang='grc' dir='ltr'>λόγος</span> <span class='ocrx_word' id='word_1_638' title='bbox 1241 4570 1270 4621; x_wconf 91' lang='grc' dir='ltr'><strong>ό</strong></span> <span class='ocrx_word' id='word_1_639' title='bbox 1301 4569 1358 4620; x_wconf 83' lang='grc' dir='ltr'>ὲν</span> <span class='ocrx_word' id='word_1_640' title='bbox 1402 4566 1741 4639; x_wconf 63' lang='grc' dir='ltr'>Πατρνίδιος,</span> 
     </span>
    </p>
   </div>
   <div class='ocr_carea' id='block_1_77' title="bbox 178 4636 1392 4709">
    <p class='ocr_par' dir='ltr' id='par_1_77' title="bbox 178 4636 1392 4709">
     <span class='ocr_line' id='line_1_77' title="bbox 178 4636 1392 4709; baseline 0 -18"><span class='ocrx_word' id='word_1_641' title='bbox 178 4637 424 4709; x_wconf 16' lang='grc' dir='ltr'>ωὶᾲᾶίλλη</span> <span class='ocrx_word' id='word_1_642' title='bbox 451 4640 508 4690; x_wconf 85' lang='grc' dir='ltr'>ὲν</span> <span class='ocrx_word' id='word_1_643' title='bbox 523 4636 613 4709; x_wconf 61' lang='grc' dir='ltr'>τῷ</span> <span class='ocrx_word' id='word_1_644' title='bbox 645 4639 818 4709; x_wconf 79' lang='grc' dir='ltr'>Πατρὶ</span> <span class='ocrx_word' id='word_1_645' title='bbox 844 4637 1009 4701; x_wconf 76' lang='grc' dir='ltr'>ἀΐδιος</span> <span class='ocrx_word' id='word_1_646' title='bbox 1037 4636 1184 4709; x_wconf 75' lang='grc' dir='ltr'><strong>αὐτῷ</strong></span> <span class='ocrx_word' id='word_1_647' title='bbox 1213 4639 1392 4709; x_wconf 74' lang='grc' dir='ltr'>σοφία.</span> 
     </span>
    </p>
   </div>
   <div class='ocr_carea' id='block_1_78' title="bbox 250 4706 1739 4777">
    <p class='ocr_par' dir='ltr' id='par_1_78' title="bbox 250 4706 1739 4777">
     <span class='ocr_line' id='line_1_78' title="bbox 250 4706 1739 4777; baseline -0.001 -16"><span class='ocrx_word' id='word_1_648' title='bbox 250 4707 356 4777; x_wconf 65' lang='grc'>(47)</span> <span class='ocrx_word' id='word_1_649' title='bbox 384 4708 473 4763; x_wconf 87' lang='lat' dir='ltr'><strong>Sic</strong></span> <span class='ocrx_word' id='word_1_650' title='bbox 516 4706 740 4777; x_wconf 80' lang='lat' dir='ltr'><strong>Seguer.</strong></span> <span class='ocrx_word' id='word_1_651' title='bbox 765 4706 995 4763; x_wconf 67' lang='lat' dir='ltr'><strong>Taurin.</strong></span> <span class='ocrx_word' id='word_1_652' title='bbox 1039 4707 1191 4762; x_wconf 89' lang='lat' dir='ltr'><strong>Colb.</strong></span> <span class='ocrx_word' id='word_1_653' title='bbox 1220 4706 1329 4761; x_wconf 79' lang='lat' dir='ltr'><strong>Jes.</strong></span> <span class='ocrx_word' id='word_1_654' title='bbox 1366 4708 1521 4762; x_wconf 87' lang='lat' dir='ltr'><strong>Gobl.</strong></span> <span class='ocrx_word' id='word_1_655' title='bbox 1562 4707 1739 4762; x_wconf 82' lang='lat' dir='ltr'><strong>Felck.</strong></span> 
     </span>
    </p>
   </div>
   <div class='ocr_carea' id='block_1_79' title="bbox 175 4776 1738 4846">
    <p class='ocr_par' dir='ltr' id='par_1_79' title="bbox 175 4776 1738 4846">
     <span class='ocr_line' id='line_1_79' title="bbox 175 4776 1738 4846; baseline -0.001 -16"><span class='ocrx_word' id='word_1_656' title='bbox 175 4776 203 4830; x_wconf 76' lang='grc'><strong>1</strong></span> <span class='ocrx_word' id='word_1_657' title='bbox 245 4790 293 4828; x_wconf 88' lang='lat' dir='ltr'><strong>et</strong></span> <span class='ocrx_word' id='word_1_658' title='bbox 318 4776 372 4837; x_wconf 83' lang='grc'>5.</span> <span class='ocrx_word' id='word_1_659' title='bbox 404 4790 460 4831; x_wconf 92' lang='lat' dir='ltr'><strong>et</strong></span> <span class='ocrx_word' id='word_1_660' title='bbox 495 4776 667 4832; x_wconf 28' lang='lat' dir='ltr'><strong>Fr.’l.</strong></span> <span class='ocrx_word' id='word_1_661' title='bbox 699 4777 911 4832; x_wconf 88' lang='lat' dir='ltr'><strong>Atediti</strong></span> <span class='ocrx_word' id='word_1_662' title='bbox 932 4778 1146 4830; x_wconf 84' lang='grc' dir='ltr'>πάντων</span> <span class='ocrx_word' id='word_1_663' title='bbox 1171 4778 1372 4831; x_wconf 83' lang='lat' dir='ltr'><strong>habent</strong></span> <span class='ocrx_word' id='word_1_664' title='bbox 1401 4788 1520 4846; x_wconf 92' lang='lat' dir='ltr'><strong>post</strong></span> <span class='ocrx_word' id='word_1_665' title='bbox 1553 4779 1738 4830; x_wconf 78' lang='grc' dir='ltr'>ὄντων.</span> 
     </span>
    </p>
   </div>
   <div class='ocr_carea' id='block_1_80' title="bbox 249 4846 1743 4919">
    <p class='ocr_par' dir='ltr' id='par_1_80' title="bbox 249 4846 1743 4919">
     <span class='ocr_line' id='line_1_80' title="bbox 249 4846 1743 4919; baseline 0.001 -20"><span class='ocrx_word' id='word_1_666' title='bbox 249 4847 359 4919; x_wconf 65' lang='grc'>(18)</span> <span class='ocrx_word' id='word_1_667' title='bbox 385 4848 610 4919; x_wconf 77' lang='lat' dir='ltr'><strong>Seguer.</strong></span> <span class='ocrx_word' id='word_1_668' title='bbox 640 4858 696 4903; x_wconf 93' lang='lat' dir='ltr'><strong>et</strong></span> <span class='ocrx_word' id='word_1_669' title='bbox 729 4848 881 4919; x_wconf 82' lang='lat' dir='ltr'><strong>Golb.</strong></span> <span class='ocrx_word' id='word_1_670' title='bbox 931 4847 1222 4918; x_wconf 84' lang='grc' dir='ltr'>γεννητῶν.</span> <span class='ocrx_word' id='word_1_671' title='bbox 1252 4847 1387 4902; x_wconf 90' lang='lat' dir='ltr'><strong>lbid.</strong></span> <span class='ocrx_word' id='word_1_672' title='bbox 1423 4849 1583 4902; x_wconf 87' lang='lat' dir='ltr'><strong>iidem</strong></span> <span class='ocrx_word' id='word_1_673' title='bbox 1604 4846 1743 4901; x_wconf 87' lang='lat' dir='ltr'><strong>Tau-</strong></span> 
     </span>
    </p>
   </div>
   <div class='ocr_carea' id='block_1_81' title="bbox 176 4917 855 4973">
    <p class='ocr_par' dir='ltr' id='par_1_81' title="bbox 176 4917 855 4973">
     <span class='ocr_line' id='line_1_81' title="bbox 176 4917 855 4973; baseline 0.004 -5"><span class='ocrx_word' id='word_1_674' title='bbox 176 4917 281 4969; x_wconf 87' lang='lat' dir='ltr'><strong>rin.</strong></span> <span class='ocrx_word' id='word_1_675' title='bbox 307 4917 360 4971; x_wconf 89' lang='lat' dir='ltr'><strong>et</strong></span> <span class='ocrx_word' id='word_1_676' title='bbox 385 4917 575 4973; x_wconf 79' lang='lat' dir='ltr'><strong>Jesuit.</strong></span> <span class='ocrx_word' id='word_1_677' title='bbox 603 4918 855 4971; x_wconf 83' lang='grc' dir='ltr'>κτιστῶν.</span> 
     </span>
    </p>
   </div>
   <div class='ocr_carea' id='block_1_82' title="bbox 250 4986 1743 5059">
    <p class='ocr_par' dir='ltr' id='par_1_82' title="bbox 250 4986 1743 5059">
     <span class='ocr_line' id='line_1_82' title="bbox 250 4986 1743 5059; baseline 0 -18"><span class='ocrx_word' id='word_1_678' title='bbox 250 4989 357 5058; x_wconf 63' lang='grc'>(49)</span> <span class='ocrx_word' id='word_1_679' title='bbox 386 4988 613 5056; x_wconf 86' lang='lat' dir='ltr'><strong>Seguer.</strong></span> <span class='ocrx_word' id='word_1_680' title='bbox 663 4988 832 5042; x_wconf 78' lang='grc' dir='ltr'>Πάλιν</span> <span class='ocrx_word' id='word_1_681' title='bbox 861 4988 917 5040; x_wconf 83' lang='grc' dir='ltr'><strong>δέ</strong></span> <span class='ocrx_word' id='word_1_682' title='bbox 948 5006 1100 5059; x_wconf 85' lang='grc' dir='ltr'>φησι.</span> <span class='ocrx_word' id='word_1_683' title='bbox 1128 4987 1294 5043; x_wconf 87' lang='lat' dir='ltr'><strong>Paulo</strong></span> <span class='ocrx_word' id='word_1_684' title='bbox 1325 4996 1445 5058; x_wconf 90' lang='lat' dir='ltr'><strong>post</strong></span> <span class='ocrx_word' id='word_1_685' title='bbox 1476 4986 1613 5041; x_wconf 91' lang='lat' dir='ltr'><strong>idem</strong></span> <span class='ocrx_word' id='word_1_686' title='bbox 1647 5002 1743 5056; x_wconf 91' lang='lat' dir='ltr'><strong>pro</strong></span> 
     </span>
    </p>
   </div>
   <div class='ocr_carea' id='block_1_83' title="bbox 170 5059 864 5129">
    <p class='ocr_par' dir='ltr' id='par_1_83' title="bbox 170 5059 864 5129">
     <span class='ocr_line' id='line_1_83' title="bbox 170 5059 864 5129; baseline 0.004 -20"><span class='ocrx_word' id='word_1_687' title='bbox 170 5059 327 5125; x_wconf 74' lang='grc' dir='ltr'>φασί,</span> <span class='ocrx_word' id='word_1_688' title='bbox 364 5059 527 5112; x_wconf 82' lang='lat' dir='ltr'><strong>habet</strong></span> <span class='ocrx_word' id='word_1_689' title='bbox 556 5060 682 5113; x_wconf 82' lang='lat' dir='ltr'><strong>item</strong></span> <span class='ocrx_word' id='word_1_690' title='bbox 711 5059 864 5129; x_wconf 82' lang='grc' dir='ltr'>φησί.</span> 
     </span>
    </p>
   </div>
   <div class='ocr_carea' id='block_1_84' title="bbox 236 5126 1743 5213">
    <p class='ocr_par' dir='ltr' id='par_1_84' title="bbox 236 5126 1743 5213">
     <span class='ocr_line' id='line_1_84' title="bbox 236 5126 1743 5213; baseline -0.003 -29"><span class='ocrx_word' id='word_1_691' title='bbox 236 5130 358 5213; x_wconf 41' lang='grc'>,(50)</span> <span class='ocrx_word' id='word_1_692' title='bbox 394 5129 619 5198; x_wconf 89' lang='lat' dir='ltr'><strong>Seguer.</strong></span> <span class='ocrx_word' id='word_1_693' title='bbox 671 5126 895 5193; x_wconf 83' lang='lat' dir='ltr'><strong>Taurin.</strong></span> <span class='ocrx_word' id='word_1_694' title='bbox 937 5127 1173 5185; x_wconf 90' lang='lat' dir='ltr'><strong>Colbert.</strong></span> <span class='ocrx_word' id='word_1_695' title='bbox 1214 5138 1267 5184; x_wconf 91' lang='lat' dir='ltr'><strong>et</strong></span> <span class='ocrx_word' id='word_1_696' title='bbox 1308 5127 1502 5183; x_wconf 78' lang='lat' dir='ltr'><strong>Jesuit.</strong></span> <span class='ocrx_word' id='word_1_697' title='bbox 1556 5126 1743 5198; x_wconf 82' lang='grc' dir='ltr'>ὥσπερ</span> 
     </span>
    </p>
   </div>
   <div class='ocr_carea' id='block_1_85' title="bbox 168 5217 371 5254">
    <p class='ocr_par' dir='ltr' id='par_1_85' title="bbox 168 5217 371 5254">
     <span class='ocr_line' id='line_1_85' title="bbox 168 5217 371 5254; baseline 0.01 -2"><span class='ocrx_word' id='word_1_698' title='bbox 168 5217 371 5254; x_wconf 76' lang='grc' dir='ltr'>παντα.</span> 
     </span>
    </p>
   </div>
   <div class='ocr_carea' id='block_1_86' title="bbox 252 5266 1741 5339">
    <p class='ocr_par' dir='ltr' id='par_1_86' title="bbox 252 5266 1741 5339">
     <span class='ocr_line' id='line_1_86' title="bbox 252 5266 1741 5339; baseline -0.003 -16"><span class='ocrx_word' id='word_1_699' title='bbox 252 5271 361 5339; x_wconf 77' lang='grc'>(51)</span> <span class='ocrx_word' id='word_1_700' title='bbox 391 5270 483 5323; x_wconf 84' lang='lat' dir='ltr'><strong>Sic</strong></span> <span class='ocrx_word' id='word_1_701' title='bbox 517 5269 644 5339; x_wconf 87' lang='lat' dir='ltr'><strong>Seg.</strong></span> <span class='ocrx_word' id='word_1_702' title='bbox 685 5270 912 5323; x_wconf 90' lang='lat' dir='ltr'><strong>Taurin.</strong></span> <span class='ocrx_word' id='word_1_703' title='bbox 947 5269 1099 5325; x_wconf 87' lang='lat' dir='ltr'><strong>Colb.</strong></span> <span class='ocrx_word' id='word_1_704' title='bbox 1147 5268 1258 5324; x_wconf 84' lang='lat' dir='ltr'><strong>Jes.</strong></span> <span class='ocrx_word' id='word_1_705' title='bbox 1289 5267 1443 5324; x_wconf 86' lang='lat' dir='ltr'><strong>Gobl.</strong></span> <span class='ocrx_word' id='word_1_706' title='bbox 1471 5276 1537 5339; x_wconf 88' lang='lat' dir='ltr'><strong>_et</strong></span> <span class='ocrx_word' id='word_1_707' title='bbox 1561 5266 1741 5322; x_wconf 75' lang='lat' dir='ltr'><strong>F8|(k.</strong></span> 
     </span>
    </p>
   </div>
   <div class='ocr_carea' id='block_1_87' title="bbox 167 5336 1743 5409">
    <p class='ocr_par' dir='ltr' id='par_1_87' title="bbox 167 5336 1743 5409">
     <span class='ocr_line' id='line_1_87' title="bbox 167 5336 1743 5409; baseline -0.003 -14"><span class='ocrx_word' id='word_1_708' title='bbox 167 5343 230 5395; x_wconf 77' lang='grc'>1.</span> <span class='ocrx_word' id='word_1_709' title='bbox 261 5336 478 5394; x_wconf 74' lang='grc' dir='ltr'>1ηάΙὶἱε</span> <span class='ocrx_word' id='word_1_710' title='bbox 499 5336 627 5395; x_wconf 77' lang='lat' dir='ltr'><strong>vero</strong></span> <span class='ocrx_word' id='word_1_711' title='bbox 660 5350 717 5409; x_wconf 89' lang='lat' dir='ltr'><strong>et</strong></span> <span class='ocrx_word' id='word_1_712' title='bbox 740 5340 921 5409; x_wconf 41' lang='lat' dir='ltr'><strong>editis:</strong></span> <span class='ocrx_word' id='word_1_713' title='bbox 945 5339 1139 5409; x_wconf 83' lang='lat' dir='ltr'><strong>legitur</strong></span> <span class='ocrx_word' id='word_1_714' title='bbox 1198 5340 1432 5409; x_wconf 78' lang='grc' dir='ltr'>ἐγένετο.</span> <span class='ocrx_word' id='word_1_715' title='bbox 1471 5336 1600 5409; x_wconf 83' lang='lat' dir='ltr'><strong>Ibid.</strong></span> <span class='ocrx_word' id='word_1_716' title='bbox 1640 5347 1743 5391; x_wconf 86' lang='lat' dir='ltr'><strong>sta-</strong></span> 
     </span>
    </p>
   </div>
   <div class='ocr_carea' id='block_1_88' title="bbox 167 5408 1741 5479">
    <p class='ocr_par' dir='ltr' id='par_1_88' title="bbox 167 5408 1741 5479">
     <span class='ocr_line' id='line_1_88' title="bbox 167 5408 1741 5479; baseline -0.003 -16"><span class='ocrx_word' id='word_1_717' title='bbox 167 5414 273 5463; x_wconf 80' lang='lat' dir='ltr'><strong>tim</strong></span> <span class='ocrx_word' id='word_1_718' title='bbox 304 5423 422 5478; x_wconf 87' lang='lat' dir='ltr'><strong>post</strong></span> <span class='ocrx_word' id='word_1_719' title='bbox 450 5411 661 5479; x_wconf 84' lang='grc' dir='ltr'>γέγονε,</span> <span class='ocrx_word' id='word_1_720' title='bbox 693 5408 845 5463; x_wconf 89' lang='lat' dir='ltr'><strong>Colb.</strong></span> <span class='ocrx_word' id='word_1_721' title='bbox 884 5408 1105 5462; x_wconf 80' lang='lat' dir='ltr'><strong>Taurin.</strong></span> <span class='ocrx_word' id='word_1_722' title='bbox 1128 5420 1195 5479; x_wconf 10' lang='lat' dir='ltr'><strong>ret</strong></span> <span class='ocrx_word' id='word_1_723' title='bbox 1225 5408 1458 5467; x_wconf 67' lang='lat' dir='ltr'><strong>Felt&#39;km.</strong></span> <span class='ocrx_word' id='word_1_724' title='bbox 1487 5408 1539 5472; x_wconf 88' lang='lat' dir='ltr'><strong>l,</strong></span> <span class='ocrx_word' id='word_1_725' title='bbox 1573 5409 1741 5479; x_wconf 86' lang='lat' dir='ltr'><strong>inter-</strong></span> 
     </span>
    </p>
   </div>
   <div class='ocr_carea' id='block_1_89' title="bbox 167 5478 1739 5551">
    <p class='ocr_par' dir='ltr' id='par_1_89' title="bbox 167 5478 1739 5551">
     <span class='ocr_line' id='line_1_89' title="bbox 167 5478 1739 5551; baseline -0.002 -19"><span class='ocrx_word' id='word_1_726' title='bbox 167 5481 369 5535; x_wconf 82' lang='lat' dir='ltr'><strong>mediis</strong></span> <span class='ocrx_word' id='word_1_727' title='bbox 415 5478 653 5551; x_wconf 77' lang='lat' dir='ltr'><strong>omissis,</strong></span> <span class='ocrx_word' id='word_1_728' title='bbox 694 5480 929 5551; x_wconf 80' lang='lat' dir='ltr'><strong>subdunt</strong></span> <span class='ocrx_word' id='word_1_729' title='bbox 966 5480 1035 5551; x_wconf 77' lang='grc' dir='ltr'><em>Ὃ</em></span> <span class='ocrx_word' id='word_1_730' title='bbox 1078 5478 1184 5551; x_wconf 75' lang='grc' dir='ltr'><strong>γὰρ</strong></span> <span class='ocrx_word' id='word_1_731' title='bbox 1219 5479 1293 5551; x_wconf 84' lang='grc' dir='ltr'>ὣν</span> <span class='ocrx_word' id='word_1_732' title='bbox 1334 5479 1504 5551; x_wconf 52' lang='grc' dir='ltr'><strong>Θεόςζ</strong></span> <span class='ocrx_word' id='word_1_733' title='bbox 1529 5487 1658 5551; x_wconf 75' lang='lat' dir='ltr'><strong>etc.,</strong></span> <span class='ocrx_word' id='word_1_734' title='bbox 1688 5478 1739 5551; x_wconf 84' lang='lat' dir='ltr'><strong>in</strong></span> 
     </span>
    </p>
   </div>
   <div class='ocr_carea' id='block_1_90' title="bbox 164 5543 1741 5623">
    <p class='ocr_par' dir='ltr' id='par_1_90' title="bbox 164 5543 1741 5623">
     <span class='ocr_line' id='line_1_90' title="bbox 164 5543 1741 5623; baseline -0.006 -16"><span class='ocrx_word' id='word_1_735' title='bbox 164 5551 333 5623; x_wconf 76' lang='lat' dir='ltr'><strong>Gobl.</strong></span> <span class='ocrx_word' id='word_1_736' title='bbox 354 5552 479 5605; x_wconf 89' lang='lat' dir='ltr'><strong>item</strong></span> <span class='ocrx_word' id='word_1_737' title='bbox 503 5561 556 5623; x_wconf 84' lang='lat' dir='ltr'><strong>et</strong></span> <span class='ocrx_word' id='word_1_738' title='bbox 574 5549 811 5604; x_wconf 80' lang='lat' dir='ltr'><strong>Felckm.</strong></span> <span class='ocrx_word' id='word_1_739' title='bbox 846 5550 898 5613; x_wconf 80' lang='lat' dir='ltr'><strong>l,</strong></span> <span class='ocrx_word' id='word_1_740' title='bbox 944 5543 1317 5607; x_wconf 56' lang='lat' dir='ltr'><strong>desunt&#39;ibid.</strong></span> <span class='ocrx_word' id='word_1_741' title='bbox 1365 5551 1423 5602; x_wconf 81' lang='grc' dir='ltr'>ὲν</span> <span class='ocrx_word' id='word_1_742' title='bbox 1542 5548 1634 5601; x_wconf 80' lang='grc' dir='ltr'>καὶ</span> <span class='ocrx_word' id='word_1_743' title='bbox 1673 5546 1741 5599; x_wconf 80' lang='grc' dir='ltr'>τὰ</span> 
     </span>
    </p>
   </div>
   <div class='ocr_carea' id='block_1_91' title="bbox 163 5620 670 5691">
    <p class='ocr_par' dir='ltr' id='par_1_91' title="bbox 163 5620 670 5691">
     <span class='ocr_line' id='line_1_91' title="bbox 163 5620 670 5691; baseline -0.004 -17"><span class='ocrx_word' id='word_1_744' title='bbox 163 5620 355 5676; x_wconf 69' lang='grc' dir='ltr'>πάντα</span> <span class='ocrx_word' id='word_1_745' title='bbox 388 5620 670 5691; x_wconf 75' lang='grc' dir='ltr'>πεποίηκε.</span> 
     </span>
    </p>
   </div>
   <div class='ocr_carea' id='block_1_92' title="bbox 254 5689 808 5759">
    <p class='ocr_par' dir='ltr' id='par_1_92' title="bbox 254 5689 808 5759">
     <span class='ocr_line' id='line_1_92' title="bbox 254 5689 808 5759; baseline -0.002 -16"><span class='ocrx_word' id='word_1_746' title='bbox 254 5691 362 5759; x_wconf 72' lang='grc'>(52)</span> <span class='ocrx_word' id='word_1_747' title='bbox 384 5689 579 5745; x_wconf 67' lang='grc' dir='ltr'>Ιεειιὶιζ</span> <span class='ocrx_word' id='word_1_748' title='bbox 608 5692 637 5743; x_wconf 89' lang='lat'><strong>6</strong></span> <span class='ocrx_word' id='word_1_749' title='bbox 658 5689 808 5752; x_wconf 83' lang='grc' dir='ltr'>Θεός.</span> 
     </span>
    </p>
   </div>
   <div class='ocr_carea' id='block_1_93' title="bbox 255 5758 1733 5831">
    <p class='ocr_par' dir='ltr' id='par_1_93' title="bbox 255 5758 1733 5831">
     <span class='ocr_line' id='line_1_93' title="bbox 255 5758 1733 5831; baseline -0.002 -17"><span class='ocrx_word' id='word_1_750' title='bbox 255 5758 363 5829; x_wconf 74' lang='lat'><strong>(55)</strong></span> <span class='ocrx_word' id='word_1_751' title='bbox 392 5761 541 5814; x_wconf 86' lang='lat' dir='ltr'><strong>Colb.</strong></span> <span class='ocrx_word' id='word_1_752' title='bbox 569 5761 815 5831; x_wconf 47' lang='lat' dir='ltr'><strong>Taurin;</strong></span> <span class='ocrx_word' id='word_1_753' title='bbox 833 5758 1000 5831; x_wconf 70' lang='lat' dir='ltr'><strong>FrJ,</strong></span> <span class='ocrx_word' id='word_1_754' title='bbox 1030 5760 1212 5831; x_wconf 72' lang='grc' dir='ltr'>ξλεγεν</span> <span class='ocrx_word' id='word_1_755' title='bbox 1247 5763 1479 5831; x_wconf 74' lang='grc' dir='ltr'>Ἄρειος,</span> <span class='ocrx_word' id='word_1_756' title='bbox 1504 5763 1606 5831; x_wconf 82' lang='grc' dir='ltr'>ὅτι,</span> <span class='ocrx_word' id='word_1_757' title='bbox 1628 5768 1733 5831; x_wconf 78' lang='lat' dir='ltr'><strong>etc,</strong></span> 
     </span>
    </p>
   </div>
   <div class='ocr_carea' id='block_1_94' title="bbox 170 5829 1729 5898">
    <p class='ocr_par' dir='ltr' id='par_1_94' title="bbox 170 5829 1729 5898">
     <span class='ocr_line' id='line_1_94' title="bbox 170 5829 1729 5898; baseline -0.003 -14"><span class='ocrx_word' id='word_1_758' title='bbox 170 5831 305 5884; x_wconf 82' lang='lat' dir='ltr'><strong>Mm</strong></span> <span class='ocrx_word' id='word_1_759' title='bbox 342 5834 563 5898; x_wconf 78' lang='lat' dir='ltr'><strong>Seguer.</strong></span> <span class='ocrx_word' id='word_1_760' title='bbox 590 5829 738 5890; x_wconf 84' lang='lat' dir='ltr'><strong>Colb.</strong></span> <span class='ocrx_word' id='word_1_761' title='bbox 777 5829 999 5889; x_wconf 77' lang='lat' dir='ltr'><strong>Taurin.</strong></span> <span class='ocrx_word' id='word_1_762' title='bbox 1030 5829 1222 5885; x_wconf 86' lang='lat' dir='ltr'><strong>Jesuit.</strong></span> <span class='ocrx_word' id='word_1_763' title='bbox 1253 5829 1408 5886; x_wconf 85' lang='lat' dir='ltr'><strong>Gobl.</strong></span> <span class='ocrx_word' id='word_1_764' title='bbox 1440 5830 1675 5885; x_wconf 82' lang='lat' dir='ltr'><strong>Felckm.</strong></span> <span class='ocrx_word' id='word_1_765' title='bbox 1710 5829 1729 5881; x_wconf 89' lang='lat' dir='ltr'><strong>l</strong></span> 
     </span>
    </p>
   </div>
   <div class='ocr_carea' id='block_1_95' title="bbox 164 5900 1735 5969">
    <p class='ocr_par' dir='ltr' id='par_1_95' title="bbox 164 5900 1735 5969">
     <span class='ocr_line' id='line_1_95' title="bbox 164 5900 1735 5969; baseline -0.004 -12"><span class='ocrx_word' id='word_1_766' title='bbox 164 5918 231 5958; x_wconf 80' lang='lat' dir='ltr'><strong>et</strong></span> <span class='ocrx_word' id='word_1_767' title='bbox 282 5901 366 5965; x_wconf 76' lang='lat' dir='ltr'><strong>Fr.</strong></span> <span class='ocrx_word' id='word_1_768' title='bbox 412 5904 432 5956; x_wconf 88' lang='lat' dir='ltr'><strong>l</strong></span> <span class='ocrx_word' id='word_1_769' title='bbox 488 5901 686 5957; x_wconf 86' lang='lat' dir='ltr'><strong>habent</strong></span> <span class='ocrx_word' id='word_1_770' title='bbox 739 5900 1011 5969; x_wconf 75' lang='grc' dir='ltr'>ἄρῤητος;</span> <span class='ocrx_word' id='word_1_771' title='bbox 1061 5901 1149 5955; x_wconf 87' lang='lat' dir='ltr'><strong>alii</strong></span> <span class='ocrx_word' id='word_1_772' title='bbox 1215 5916 1339 5957; x_wconf 77' lang='lat' dir='ltr'><strong>vero</strong></span> <span class='ocrx_word' id='word_1_773' title='bbox 1397 5919 1517 5957; x_wconf 88' lang='lat' dir='ltr'><strong>cum</strong></span> <span class='ocrx_word' id='word_1_774' title='bbox 1558 5900 1735 5964; x_wconf 87' lang='lat' dir='ltr'><strong>editis,</strong></span> 
     </span>
    </p>
   </div>
   <div class='ocr_carea' id='block_1_96' title="bbox 1847 3319 3409 3390">
    <p class='ocr_par' dir='ltr' id='par_1_96' title="bbox 1847 3319 3409 3390">
     <span class='ocr_line' id='line_1_96' title="bbox 1847 3319 3409 3390; baseline -0.01 -14"><span class='ocrx_word' id='word_1_775' title='bbox 1847 3329 1901 3376; x_wconf 87' lang='lat' dir='ltr'><strong>et</strong></span> <span class='ocrx_word' id='word_1_776' title='bbox 1958 3331 2211 3377; x_wconf 91' lang='lat' dir='ltr'><strong>accurate</strong></span> <span class='ocrx_word' id='word_1_777' title='bbox 2254 3321 2424 3376; x_wconf 83' lang='lat' dir='ltr'><strong>videri</strong></span> <span class='ocrx_word' id='word_1_778' title='bbox 2456 3329 2549 3375; x_wconf 87' lang='lat' dir='ltr'><strong>aut</strong></span> <span class='ocrx_word' id='word_1_779' title='bbox 2585 3319 2839 3390; x_wconf 83' lang='lat' dir='ltr'><strong>cognosci</strong></span> <span class='ocrx_word' id='word_1_780' title='bbox 2883 3331 3041 3387; x_wconf 86' lang='lat' dir='ltr'><strong>posse</strong></span> <span class='ocrx_word' id='word_1_781' title='bbox 3073 3334 3087 3369; x_wconf 90' lang='lat'><strong>:</strong></span> <span class='ocrx_word' id='word_1_782' title='bbox 3132 3329 3255 3368; x_wconf 84' lang='lat' dir='ltr'><strong>nam</strong></span> <span class='ocrx_word' id='word_1_783' title='bbox 3284 3328 3409 3366; x_wconf 87' lang='lat' dir='ltr'><strong>cum</strong></span> 
     </span>
    </p>
   </div>
   <div class='ocr_carea' id='block_1_97' title="bbox 1846 3406 3413 3479">
    <p class='ocr_par' dir='ltr' id='par_1_97' title="bbox 1846 3406 3413 3479">
     <span class='ocr_line' id='line_1_97' title="bbox 1846 3406 3413 3479; baseline -0.009 -10"><span class='ocrx_word' id='word_1_784' title='bbox 1846 3414 2135 3469; x_wconf 77' lang='lat' dir='ltr'><strong>exsistendi</strong></span> <span class='ocrx_word' id='word_1_785' title='bbox 2172 3414 2381 3468; x_wconf 93' lang='lat' dir='ltr'><strong>initium</strong></span> <span class='ocrx_word' id='word_1_786' title='bbox 2420 3413 2648 3477; x_wconf 85' lang='lat' dir='ltr'><strong>habeat,</strong></span> <span class='ocrx_word' id='word_1_787' title='bbox 2682 3426 2801 3465; x_wconf 90' lang='lat' dir='ltr'><strong>eum</strong></span> <span class='ocrx_word' id='word_1_788' title='bbox 2837 3412 2928 3479; x_wconf 90' lang='lat' dir='ltr'><strong>qui</strong></span> <span class='ocrx_word' id='word_1_789' title='bbox 2974 3411 3090 3463; x_wconf 87' lang='lat' dir='ltr'><strong>sine</strong></span> <span class='ocrx_word' id='word_1_790' title='bbox 3145 3406 3300 3459; x_wconf 91' lang='lat' dir='ltr'><strong>initio</strong></span> <span class='ocrx_word' id='word_1_791' title='bbox 3329 3412 3413 3457; x_wconf 88' lang='lat' dir='ltr'><strong>est</strong></span> 
     </span>
    </p>
   </div>
   <div class='ocr_carea' id='block_1_98' title="bbox 1846 3495 3411 3573">
    <p class='ocr_par' dir='ltr' id='par_1_98' title="bbox 1846 3495 3411 3573">
     <span class='ocr_line' id='line_1_98' title="bbox 1846 3495 3411 3573; baseline 0 -16"><span class='ocrx_word' id='word_1_792' title='bbox 1846 3505 2029 3560; x_wconf 89' lang='lat' dir='ltr'><strong>videre</strong></span> <span class='ocrx_word' id='word_1_793' title='bbox 2073 3521 2178 3560; x_wconf 92' lang='lat' dir='ltr'><strong>non</strong></span> <span class='ocrx_word' id='word_1_794' title='bbox 2209 3520 2405 3573; x_wconf 90' lang='lat' dir='ltr'><strong>posse;</strong></span> <span class='ocrx_word' id='word_1_795' title='bbox 2454 3504 2595 3573; x_wconf 89' lang='lat' dir='ltr'><strong>quod</strong></span> <span class='ocrx_word' id='word_1_796' title='bbox 2635 3511 2813 3557; x_wconf 84' lang='lat' dir='ltr'><strong>autem</strong></span> <span class='ocrx_word' id='word_1_797' title='bbox 2850 3498 3131 3570; x_wconf 79' lang='lat' dir='ltr'><strong>cognoscit</strong></span> <span class='ocrx_word' id='word_1_798' title='bbox 3167 3504 3223 3551; x_wconf 84' lang='lat' dir='ltr'><strong>et</strong></span> <span class='ocrx_word' id='word_1_799' title='bbox 3246 3495 3411 3557; x_wconf 59' lang='lat' dir='ltr'><strong>videt,</strong></span> 
     </span>
    </p>
   </div>
   <div class='ocr_carea' id='block_1_99' title="bbox 1845 3589 3411 3665">
    <p class='ocr_par' dir='ltr' id='par_1_99' title="bbox 1845 3589 3411 3665">
     <span class='ocr_line' id='line_1_99' title="bbox 1845 3589 3411 3665; baseline -0.008 -14"><span class='ocrx_word' id='word_1_800' title='bbox 1845 3598 2004 3652; x_wconf 89' lang='lat' dir='ltr'><strong>modo</strong></span> <span class='ocrx_word' id='word_1_801' title='bbox 2043 3597 2148 3652; x_wconf 89' lang='lat' dir='ltr'><strong>sibi</strong></span> <span class='ocrx_word' id='word_1_802' title='bbox 2178 3596 2519 3651; x_wconf 88' lang='lat' dir='ltr'><strong>convenienti</strong></span> <span class='ocrx_word' id='word_1_803' title='bbox 2549 3608 2875 3665; x_wconf 87' lang='lat' dir='ltr'><strong>cognoscere</strong></span> <span class='ocrx_word' id='word_1_804' title='bbox 2899 3603 2956 3647; x_wconf 90' lang='lat' dir='ltr'><strong>et</strong></span> <span class='ocrx_word' id='word_1_805' title='bbox 2993 3589 3194 3654; x_wconf 87' lang='lat' dir='ltr'><strong>videre,</strong></span> <span class='ocrx_word' id='word_1_806' title='bbox 3226 3601 3411 3657; x_wconf 60' lang='lat' dir='ltr'><strong>quem-</strong></span> 
     </span>
    </p>
   </div>
   <div class='ocr_carea' id='block_1_100' title="bbox 1846 3680 3414 3758">
    <p class='ocr_par' dir='ltr' id='par_1_100' title="bbox 1846 3680 3414 3758">
     <span class='ocr_line' id='line_1_100' title="bbox 1846 3680 3414 3758; baseline -0.008 -15"><span class='ocrx_word' id='word_1_807' title='bbox 1846 3690 2133 3744; x_wconf 87' lang='lat' dir='ltr'><strong>admodum</strong></span> <span class='ocrx_word' id='word_1_808' title='bbox 2175 3703 2273 3743; x_wconf 92' lang='lat' dir='ltr'><strong>nos</strong></span> <span class='ocrx_word' id='word_1_809' title='bbox 2318 3702 2415 3758; x_wconf 92' lang='lat' dir='ltr'><strong>pro</strong></span> <span class='ocrx_word' id='word_1_810' title='bbox 2456 3688 2658 3743; x_wconf 87' lang='lat' dir='ltr'><strong>nostris</strong></span> <span class='ocrx_word' id='word_1_811' title='bbox 2708 3686 2911 3741; x_wconf 80' lang='lat' dir='ltr'><strong>viribus</strong></span> <span class='ocrx_word' id='word_1_812' title='bbox 2955 3680 3332 3752; x_wconf 76' lang='lat' dir='ltr'><strong>cognoscimus</strong></span> <span class='ocrx_word' id='word_1_813' title='bbox 3360 3684 3414 3732; x_wconf 89' lang='lat' dir='ltr'><strong>et</strong></span> 
     </span>
    </p>
   </div>
   <div class='ocr_carea' id='block_1_101' title="bbox 1844 3773 3413 3851">
    <p class='ocr_par' dir='ltr' id='par_1_101' title="bbox 1844 3773 3413 3851">
     <span class='ocr_line' id='line_1_101' title="bbox 1844 3773 3413 3851; baseline -0.008 -14"><span class='ocrx_word' id='word_1_814' title='bbox 1844 3781 2107 3837; x_wconf 81' lang='lat' dir='ltr'><strong>videmus.</strong></span> <span class='ocrx_word' id='word_1_815' title='bbox 2134 3800 2153 3835; x_wconf 77' lang='grc' dir='ltr'><strong>ι</strong></span> <span class='ocrx_word' id='word_1_816' title='bbox 2183 3781 2430 3837; x_wconf 82' lang='lat' dir='ltr'><strong>Hocitem</strong></span> <span class='ocrx_word' id='word_1_817' title='bbox 2447 3779 2823 3851; x_wconf 75' lang='lat' dir='ltr'><strong>subiungebat,</strong></span> <span class='ocrx_word' id='word_1_818' title='bbox 2847 3797 2864 3830; x_wconf 81' lang='grc' dir='ltr'><strong>ι</strong></span> <span class='ocrx_word' id='word_1_819' title='bbox 2891 3776 3082 3832; x_wconf 87' lang='lat' dir='ltr'><strong>Filium</strong></span> <span class='ocrx_word' id='word_1_820' title='bbox 3104 3788 3209 3828; x_wconf 91' lang='lat' dir='ltr'><strong>non</strong></span> <span class='ocrx_word' id='word_1_821' title='bbox 3238 3773 3413 3827; x_wconf 87' lang='lat' dir='ltr'><strong>solum</strong></span> 
     </span>
    </p>
   </div>
   <div class='ocr_carea' id='block_1_102' title="bbox 1843 3866 3415 3944">
    <p class='ocr_par' dir='ltr' id='par_1_102' title="bbox 1843 3866 3415 3944">
     <span class='ocr_line' id='line_1_102' title="bbox 1843 3866 3415 3944; baseline -0.006 -16"><span class='ocrx_word' id='word_1_822' title='bbox 1843 3874 2118 3944; x_wconf 90' lang='lat' dir='ltr'><strong>proprium</strong></span> <span class='ocrx_word' id='word_1_823' title='bbox 2146 3873 2361 3929; x_wconf 83' lang='lat' dir='ltr'><strong>Patrem</strong></span> <span class='ocrx_word' id='word_1_824' title='bbox 2397 3882 2656 3929; x_wconf 85' lang='lat' dir='ltr'><strong>accurate</strong></span> <span class='ocrx_word' id='word_1_825' title='bbox 2698 3887 2804 3927; x_wconf 93' lang='lat' dir='ltr'><strong>non</strong></span> <span class='ocrx_word' id='word_1_826' title='bbox 2842 3881 3190 3941; x_wconf 83' lang='lat' dir='ltr'><strong>cognoscere,</strong></span> <span class='ocrx_word' id='word_1_827' title='bbox 3221 3866 3314 3921; x_wconf 88' lang='lat' dir='ltr'><strong>sed</strong></span> <span class='ocrx_word' id='word_1_828' title='bbox 3347 3880 3415 3919; x_wconf 84' lang='lat' dir='ltr'><strong>ne</strong></span> 
     </span>
    </p>
   </div>
   <div class='ocr_carea' id='block_1_103' title="bbox 1845 3966 2818 4035">
    <p class='ocr_par' dir='ltr' id='par_1_103' title="bbox 1845 3966 2818 4035">
     <span class='ocr_line' id='line_1_103' title="bbox 1845 3966 2818 4035; baseline -0.003 -16"><span class='ocrx_word' id='word_1_829' title='bbox 1845 3966 2115 4034; x_wconf 88' lang='lat' dir='ltr'><strong>pr0priam</strong></span> <span class='ocrx_word' id='word_1_830' title='bbox 2142 3967 2358 4035; x_wconf 91' lang='lat' dir='ltr'><strong>quidem</strong></span> <span class='ocrx_word' id='word_1_831' title='bbox 2384 3967 2466 4021; x_wconf 89' lang='lat' dir='ltr'><strong>sui</strong></span> <span class='ocrx_word' id='word_1_832' title='bbox 2499 3974 2769 4021; x_wconf 89' lang='lat' dir='ltr'><strong>naturam.</strong></span> <span class='ocrx_word' id='word_1_833' title='bbox 2799 3983 2818 4016; x_wconf 77' lang='grc' dir='ltr'><strong>ι</strong></span> 
     </span>
    </p>
   </div>
   <div class='ocr_carea' id='block_1_104' title="bbox 1916 4048 3414 4117">
    <p class='ocr_par' dir='ltr' id='par_1_104' title="bbox 1916 4048 3414 4117">
     <span class='ocr_line' id='line_1_104' title="bbox 1916 4048 3414 4117; baseline -0.007 -6"><span class='ocrx_word' id='word_1_834' title='bbox 1916 4056 2004 4113; x_wconf 69' lang='grc'><strong>13.</strong></span> <span class='ocrx_word' id='word_1_835' title='bbox 2048 4057 2171 4113; x_wconf 61' lang='lat' dir='ltr'><strong>Hac</strong></span> <span class='ocrx_word' id='word_1_836' title='bbox 2198 4067 2253 4113; x_wconf 91' lang='lat' dir='ltr'><strong>et</strong></span> <span class='ocrx_word' id='word_1_837' title='bbox 2295 4058 2489 4114; x_wconf 90' lang='lat' dir='ltr'><strong>similia</strong></span> <span class='ocrx_word' id='word_1_838' title='bbox 2520 4074 2640 4113; x_wconf 88' lang='lat' dir='ltr'><strong>cum</strong></span> <span class='ocrx_word' id='word_1_839' title='bbox 2686 4057 2844 4110; x_wconf 81' lang='lat' dir='ltr'><strong>Arius</strong></span> <span class='ocrx_word' id='word_1_840' title='bbox 2881 4054 3102 4117; x_wconf 85' lang='lat' dir='ltr'><strong>diceret,</strong></span> <span class='ocrx_word' id='word_1_841' title='bbox 3131 4048 3414 4105; x_wconf 64' lang='lat' dir='ltr'><strong>haereticus</strong></span> 
     </span>
    </p>
   </div>
   <div class='ocr_carea' id='block_1_105' title="bbox 1846 4138 3414 4218">
    <p class='ocr_par' dir='ltr' id='par_1_105' title="bbox 1846 4138 3414 4218">
     <span class='ocr_line' id='line_1_105' title="bbox 1846 4138 3414 4218; baseline -0.008 -16"><span class='ocrx_word' id='word_1_842' title='bbox 1846 4158 1929 4202; x_wconf 87' lang='lat' dir='ltr'><strong>est</strong></span> <span class='ocrx_word' id='word_1_843' title='bbox 1961 4148 2282 4203; x_wconf 87' lang='lat' dir='ltr'><strong>declaratus.</strong></span> <span class='ocrx_word' id='word_1_844' title='bbox 2314 4149 2425 4218; x_wconf 82' lang='lat' dir='ltr'><strong>Ego</strong></span> <span class='ocrx_word' id='word_1_845' title='bbox 2462 4157 2609 4204; x_wconf 84' lang='lat' dir='ltr'><strong>certe</strong></span> <span class='ocrx_word' id='word_1_846' title='bbox 2641 4148 2724 4201; x_wconf 85' lang='lat' dir='ltr'><strong>vel</strong></span> <span class='ocrx_word' id='word_1_847' title='bbox 2771 4146 2944 4201; x_wconf 88' lang='lat' dir='ltr'><strong>solum</strong></span> <span class='ocrx_word' id='word_1_848' title='bbox 2979 4145 3105 4197; x_wconf 89' lang='lat' dir='ltr'><strong>dum</strong></span> <span class='ocrx_word' id='word_1_849' title='bbox 3146 4143 3259 4196; x_wconf 69' lang='lat' dir='ltr'><strong>haec</strong></span> <span class='ocrx_word' id='word_1_850' title='bbox 3283 4138 3414 4195; x_wconf 81' lang='lat' dir='ltr'><strong>scri-</strong></span> 
     </span>
    </p>
   </div>
   <div class='ocr_carea' id='block_1_106' title="bbox 1844 4230 3413 4310">
    <p class='ocr_par' dir='ltr' id='par_1_106' title="bbox 1844 4230 3413 4310">
     <span class='ocr_line' id='line_1_106' title="bbox 1844 4230 3413 4310; baseline -0.007 -17"><span class='ocrx_word' id='word_1_851' title='bbox 1844 4238 2051 4305; x_wconf 80' lang='lat' dir='ltr'><strong>berem,</strong></span> <span class='ocrx_word' id='word_1_852' title='bbox 2103 4241 2483 4310; x_wconf 80' lang='lat' dir='ltr'><strong>mentetipsum</strong></span> <span class='ocrx_word' id='word_1_853' title='bbox 2537 4238 2928 4309; x_wconf 79' lang='lat' dir='ltr'><strong>expurgabam,</strong></span> <span class='ocrx_word' id='word_1_854' title='bbox 2980 4244 3091 4289; x_wconf 93' lang='lat' dir='ltr'><strong>tum</strong></span> <span class='ocrx_word' id='word_1_855' title='bbox 3143 4230 3413 4288; x_wconf 87' lang='lat' dir='ltr'><strong>contraria</strong></span> 
     </span>
    </p>
   </div>
   <div class='ocr_carea' id='block_1_107' title="bbox 1845 4481 3411 4563">
    <p class='ocr_par' dir='ltr' id='par_1_107' title="bbox 1845 4481 3411 4563">
     <span class='ocr_line' id='line_1_107' title="bbox 1845 4481 3411 4563; baseline -0.008 -18"><span class='ocrx_word' id='word_1_856' title='bbox 1845 4491 2092 4563; x_wconf 78' lang='grc' dir='ltr'>ἀόρατος.</span> <span class='ocrx_word' id='word_1_857' title='bbox 2112 4491 2264 4563; x_wconf 88' lang='lat' dir='ltr'><strong>_lbid.</strong></span> <span class='ocrx_word' id='word_1_858' title='bbox 2307 4490 2546 4545; x_wconf 86' lang='lat' dir='ltr'><strong>Felckm.</strong></span> <span class='ocrx_word' id='word_1_859' title='bbox 2582 4490 2645 4553; x_wconf 85' lang='lat'><strong>5,</strong></span> <span class='ocrx_word' id='word_1_860' title='bbox 2676 4488 2813 4563; x_wconf 64' lang='lat' dir='ltr'><strong>abre</strong></span> <span class='ocrx_word' id='word_1_861' title='bbox 2832 4488 2933 4557; x_wconf 80' lang='grc' dir='ltr'>ὁρᾷ</span> <span class='ocrx_word' id='word_1_862' title='bbox 2966 4485 3105 4563; x_wconf 51' lang='lat' dir='ltr'><strong>elice</strong></span> <span class='ocrx_word' id='word_1_863' title='bbox 3136 4481 3411 4563; x_wconf 74' lang='grc' dir='ltr'>γινώσκει,</span> 
     </span>
    </p>
   </div>
   <div class='ocr_carea' id='block_1_108' title="bbox 1846 4554 3415 4630">
    <p class='ocr_par' dir='ltr' id='par_1_108' title="bbox 1846 4554 3415 4630">
     <span class='ocr_line' id='line_1_108' title="bbox 1846 4554 3415 4630; baseline -0.005 -15"><span class='ocrx_word' id='word_1_864' title='bbox 1846 4554 2046 4616; x_wconf 79' lang='lat' dir='ltr'><strong>omisso</strong></span> <span class='ocrx_word' id='word_1_865' title='bbox 2066 4560 2309 4622; x_wconf 81' lang='grc' dir='ltr'>δύναται,</span> <span class='ocrx_word' id='word_1_866' title='bbox 2338 4563 2479 4630; x_wconf 90' lang='lat' dir='ltr'><strong>quod</strong></span> <span class='ocrx_word' id='word_1_867' title='bbox 2512 4576 2637 4614; x_wconf 73' lang='lat' dir='ltr'><strong>mox</strong></span> <span class='ocrx_word' id='word_1_868' title='bbox 2663 4554 2933 4627; x_wconf 75' lang='lat' dir='ltr'><strong>sequitur,</strong></span> <span class='ocrx_word' id='word_1_869' title='bbox 2963 4554 3107 4626; x_wconf 74' lang='lat' dir='ltr'><strong>quod</strong></span> <span class='ocrx_word' id='word_1_870' title='bbox 3134 4556 3295 4609; x_wconf 86' lang='lat' dir='ltr'><strong>etiam</strong></span> <span class='ocrx_word' id='word_1_871' title='bbox 3320 4556 3415 4607; x_wconf 89' lang='lat' dir='ltr'><strong>ab-</strong></span> 
     </span>
    </p>
   </div>
   <div class='ocr_carea' id='block_1_109' title="bbox 1848 4632 2357 4699">
    <p class='ocr_par' dir='ltr' id='par_1_109' title="bbox 1848 4632 2357 4699">
     <span class='ocr_line' id='line_1_109' title="bbox 1848 4632 2357 4699; baseline -0.006 -13"><span class='ocrx_word' id='word_1_872' title='bbox 1848 4642 1928 4687; x_wconf 91' lang='lat' dir='ltr'><strong>est</strong></span> <span class='ocrx_word' id='word_1_873' title='bbox 1954 4632 2022 4685; x_wconf 90' lang='lat' dir='ltr'><strong>ab</strong></span> <span class='ocrx_word' id='word_1_874' title='bbox 2050 4632 2357 4699; x_wconf 83' lang='lat' dir='ltr'><strong>Auglicano.</strong></span> 
     </span>
    </p>
   </div>
   <div class='ocr_carea' id='block_1_110' title="bbox 1924 4693 3416 4773">
    <p class='ocr_par' dir='ltr' id='par_1_110' title="bbox 1924 4693 3416 4773">
     <span class='ocr_line' id='line_1_110' title="bbox 1924 4693 3416 4773; baseline -0.007 -17"><span class='ocrx_word' id='word_1_875' title='bbox 1924 4693 2177 4773; x_wconf 54' lang='lat' dir='ltr'><strong>(55‘)_Si&#39;c</strong></span> <span class='ocrx_word' id='word_1_876' title='bbox 2203 4700 2393 4773; x_wconf 60' lang='grc' dir='ltr'>ςιοειιὶι.</span> <span class='ocrx_word' id='word_1_877' title='bbox 2420 4700 2574 4756; x_wconf 89' lang='lat' dir='ltr'><strong>Colb.</strong></span> <span class='ocrx_word' id='word_1_878' title='bbox 2611 4696 3083 4773; x_wconf 79' lang='lat' dir='ltr'><strong>Taurin._Seguer_.</strong></span> <span class='ocrx_word' id='word_1_879' title='bbox 3117 4693 3329 4773; x_wconf 74' lang='lat' dir='ltr'><strong>Anglic.</strong></span> <span class='ocrx_word' id='word_1_880' title='bbox 3362 4703 3416 4747; x_wconf 91' lang='lat' dir='ltr'><strong>et</strong></span> 
     </span>
    </p>
   </div>
   <div class='ocr_carea' id='block_1_111' title="bbox 1851 4765 3417 4827">
    <p class='ocr_par' dir='ltr' id='par_1_111' title="bbox 1851 4765 3417 4827">
     <span class='ocr_line' id='line_1_111' title="bbox 1851 4765 3417 4827; baseline -0.004 -2"><span class='ocrx_word' id='word_1_881' title='bbox 1851 4765 2131 4827; x_wconf 48' lang='lat' dir='ltr'><strong>BasiliJIn</strong></span> <span class='ocrx_word' id='word_1_882' title='bbox 2169 4771 2288 4826; x_wconf 88' lang='lat' dir='ltr'><strong>aliis</strong></span> <span class='ocrx_word' id='word_1_883' title='bbox 2337 4781 2516 4825; x_wconf 86' lang='lat' dir='ltr'><strong>autem</strong></span> <span class='ocrx_word' id='word_1_884' title='bbox 2577 4778 2632 4824; x_wconf 89' lang='lat' dir='ltr'><strong>et</strong></span> <span class='ocrx_word' id='word_1_885' title='bbox 2661 4770 2793 4824; x_wconf 91' lang='lat' dir='ltr'><strong>edit.</strong></span> <span class='ocrx_word' id='word_1_886' title='bbox 2840 4765 3099 4821; x_wconf 88' lang='lat' dir='ltr'><strong>Commel.</strong></span> <span class='ocrx_word' id='word_1_887' title='bbox 3159 4765 3417 4819; x_wconf 83' lang='lat' dir='ltr'><strong>mendose</strong></span> 
     </span>
    </p>
   </div>
   <div class='ocr_carea' id='block_1_112' title="bbox 1852 4834 3414 4910">
    <p class='ocr_par' dir='ltr' id='par_1_112' title="bbox 1852 4834 3414 4910">
     <span class='ocr_line' id='line_1_112' title="bbox 1852 4834 3414 4910; baseline -0.005 -15"><span class='ocrx_word' id='word_1_888' title='bbox 1852 4842 2049 4910; x_wconf 87' lang='lat' dir='ltr'><strong>legitur</strong></span> <span class='ocrx_word' id='word_1_889' title='bbox 2098 4842 2273 4910; x_wconf 85' lang='grc' dir='ltr'>ὑμεῖς.</span> <span class='ocrx_word' id='word_1_890' title='bbox 2330 4841 2448 4894; x_wconf 75' lang='lat' dir='ltr'><strong>Mox</strong></span> <span class='ocrx_word' id='word_1_891' title='bbox 2505 4840 2729 4909; x_wconf 84' lang='lat' dir='ltr'><strong>Seguer.</strong></span> <span class='ocrx_word' id='word_1_892' title='bbox 2768 4834 3140 4910; x_wconf 7' lang='lat' dir='ltr'><strong>Jges._&#39;l‘aur_in.</strong></span> <span class='ocrx_word' id='word_1_893' title='bbox 3171 4834 3414 4910; x_wconf 26' lang='lat' dir='ltr'><strong>‘Gobler.</strong></span> 
     </span>
    </p>
   </div>
   <div class='ocr_carea' id='block_1_113' title="bbox 1851 4859 3414 4987">
    <p class='ocr_par' dir='ltr' id='par_1_113' title="bbox 1851 4859 3414 4987">
     <span class='ocr_line' id='line_1_113' title="bbox 1852 4859 3414 4910; baseline -0.005 -15"><span class='ocrx_word' id='word_1_894' title='bbox 1852 4859 2049 4910; x_wconf 80' lang='lat' dir='ltr'><strong>legitur</strong></span> <span class='ocrx_word' id='word_1_895' title='bbox 2098 4859 2126 4892; x_wconf 89' lang='grc' dir='ltr'><strong>υ</strong></span> <span class='ocrx_word' id='word_1_896' title='bbox 2176 4859 2273 4904; x_wconf 86' lang='grc' dir='ltr'>εις.</span> <span class='ocrx_word' id='word_1_897' title='bbox 2330 4859 2448 4894; x_wconf 79' lang='lat' dir='ltr'><strong>mox</strong></span> <span class='ocrx_word' id='word_1_898' title='bbox 2505 4859 2729 4909; x_wconf 66' lang='lat' dir='ltr'><strong>aegner.</strong></span> <span class='ocrx_word' id='word_1_899' title='bbox 2768 4859 2877 4893; x_wconf 66' lang='lat' dir='ltr'><strong>aes.</strong></span> <span class='ocrx_word' id='word_1_900' title='bbox 2928 4859 3140 4890; x_wconf 69' lang='lat' dir='ltr'><strong>lalll&#39;lll.</strong></span> <span class='ocrx_word' id='word_1_901' title='bbox 3196 4859 3414 4889; x_wconf 84' lang='lat' dir='ltr'><strong>uumer.</strong></span> 
     </span>
     <span class='ocr_line' id='line_1_114' title="bbox 1851 4859 3414 4987; baseline -0.005 -20"><span class='ocrx_word' id='word_1_902' title='bbox 1851 4911 2089 4987; x_wconf 59' lang='lat' dir='ltr'><strong>felcltm.</strong></span> <span class='ocrx_word' id='word_1_903' title='bbox 2129 4859 2173 4964; x_wconf 37' lang='lat' dir='ltr'><strong>ll</strong></span> <span class='ocrx_word' id='word_1_904' title='bbox 2190 4922 2251 4987; x_wconf 86' lang='lat' dir='ltr'><strong>_et</strong></span> <span class='ocrx_word' id='word_1_905' title='bbox 2300 4911 2353 4987; x_wconf 84' lang='lat'><strong>_5,</strong></span> <span class='ocrx_word' id='word_1_906' title='bbox 2388 4911 2561 4987; x_wconf 50' lang='lat' dir='ltr'><strong>eth.</strong></span> <span class='ocrx_word' id='word_1_907' title='bbox 2599 4912 2650 4987; x_wconf 77' lang='lat' dir='ltr'><strong>l_,</strong></span> <span class='ocrx_word' id='word_1_908' title='bbox 2671 4907 2953 4987; x_wconf 35' lang='lat' dir='ltr'><strong>yid‘rhv</strong></span> <span class='ocrx_word' id='word_1_909' title='bbox 3001 4905 3148 4987; x_wconf 50' lang='grc' dir='ltr'>ἰδίαν</span> <span class='ocrx_word' id='word_1_910' title='bbox 3164 4905 3414 4987; x_wconf 65' lang='grc' dir='ltr'>δύναμιν.</span> 
     </span>
    </p>
   </div>
   <div class='ocr_carea' id='block_1_114' title="bbox 1849 4977 3416 5051">
    <p class='ocr_par' dir='ltr' id='par_1_114' title="bbox 1849 4977 3416 5051">
     <span class='ocr_line' id='line_1_115' title="bbox 1849 4977 3416 5051; baseline -0.003 -18"><span class='ocrx_word' id='word_1_911' title='bbox 1849 4981 2033 5035; x_wconf 87' lang='lat' dir='ltr'><strong>Basili.</strong></span> <span class='ocrx_word' id='word_1_912' title='bbox 2076 4980 2215 5034; x_wconf 83' lang='grc' dir='ltr'>κατὰ</span> <span class='ocrx_word' id='word_1_913' title='bbox 2260 4982 2361 5051; x_wconf 81' lang='grc' dir='ltr'>τὴν</span> <span class='ocrx_word' id='word_1_914' title='bbox 2391 4981 2523 5033; x_wconf 88' lang='grc' dir='ltr'>ἰδίαν</span> <span class='ocrx_word' id='word_1_915' title='bbox 2544 4980 2635 5034; x_wconf 88' lang='grc' dir='ltr'><strong>τοῦ</strong></span> <span class='ocrx_word' id='word_1_916' title='bbox 2664 4979 2799 5033; x_wconf 81' lang='grc' dir='ltr'>Θεοῦ</span> <span class='ocrx_word' id='word_1_917' title='bbox 2829 4977 3074 5051; x_wconf 82' lang='grc' dir='ltr'>δύναμιν.</span> <span class='ocrx_word' id='word_1_918' title='bbox 3108 4977 3275 5040; x_wconf 84' lang='lat' dir='ltr'><strong>Editi,</strong></span> <span class='ocrx_word' id='word_1_919' title='bbox 3317 4993 3416 5029; x_wconf 86' lang='grc' dir='ltr'>κα-</span> 
     </span>
    </p>
   </div>
   <div class='ocr_carea' id='block_1_115' title="bbox 1850 5048 3419 5123">
    <p class='ocr_par' dir='ltr' id='par_1_115' title="bbox 1850 5048 3419 5123">
     <span class='ocr_line' id='line_1_116' title="bbox 1850 5048 3419 5123; baseline -0.004 -18"><span class='ocrx_word' id='word_1_920' title='bbox 1850 5052 1917 5105; x_wconf 83' lang='grc' dir='ltr'><strong>τὰ</strong></span> <span class='ocrx_word' id='word_1_921' title='bbox 1963 5052 2061 5123; x_wconf 85' lang='grc' dir='ltr'>τὴν</span> <span class='ocrx_word' id='word_1_922' title='bbox 2109 5052 2242 5105; x_wconf 83' lang='grc' dir='ltr'>ἰδίαν</span> <span class='ocrx_word' id='word_1_923' title='bbox 2286 5048 2420 5104; x_wconf 83' lang='grc' dir='ltr'>Θεοῦ</span> <span class='ocrx_word' id='word_1_924' title='bbox 2466 5051 2714 5123; x_wconf 81' lang='grc' dir='ltr'>δύναμιν.</span> <span class='ocrx_word' id='word_1_925' title='bbox 2758 5051 2890 5123; x_wconf 55' lang='grc' dir='ltr'>ραις</span> <span class='ocrx_word' id='word_1_926' title='bbox 2934 5048 3089 5123; x_wconf 49' lang='lat' dir='ltr'><strong>ibid;</strong></span> <span class='ocrx_word' id='word_1_927' title='bbox 3119 5056 3419 5123; x_wconf 58' lang='lat' dir='ltr'><strong>sequuntur</strong></span> 
     </span>
    </p>
   </div>
   <div class='ocr_carea' id='block_1_116' title="bbox 1849 5116 3417 5191">
    <p class='ocr_par' dir='ltr' id='par_1_116' title="bbox 1849 5116 3417 5191">
     <span class='ocr_line' id='line_1_117' title="bbox 1849 5116 3417 5191; baseline 0.005 -19"><span class='ocrx_word' id='word_1_928' title='bbox 1849 5116 2257 5177; x_wconf 67' lang='grc' dir='ltr'>ρηιειιῦεινίιηυδ</span> <span class='ocrx_word' id='word_1_929' title='bbox 2298 5139 2363 5176; x_wconf 77' lang='lat' dir='ltr'><strong>ex</strong></span> <span class='ocrx_word' id='word_1_930' title='bbox 2406 5138 2533 5175; x_wconf 88' lang='lat' dir='ltr'><strong>mss.</strong></span> <span class='ocrx_word' id='word_1_931' title='bbox 2586 5116 2807 5191; x_wconf 82' lang='lat' dir='ltr'><strong>Seguer.</strong></span> <span class='ocrx_word' id='word_1_932' title='bbox 2853 5118 3004 5191; x_wconf 75' lang='lat' dir='ltr'><strong>Colb.</strong></span> <span class='ocrx_word' id='word_1_933' title='bbox 3045 5116 3269 5191; x_wconf 63' lang='lat' dir='ltr'><strong>Taurin-</strong></span> <span class='ocrx_word' id='word_1_934' title='bbox 3311 5116 3417 5191; x_wconf 69' lang='grc' dir='ltr'><strong>ϐρ-</strong></span> 
     </span>
    </p>
   </div>
   <div class='ocr_carea' id='block_1_117' title="bbox 1848 5186 3416 5255">
    <p class='ocr_par' dir='ltr' id='par_1_117' title="bbox 1848 5186 3416 5255">
     <span class='ocr_line' id='line_1_118' title="bbox 1848 5186 3416 5255; baseline -0.008 -8"><span class='ocrx_word' id='word_1_935' title='bbox 1848 5194 1989 5247; x_wconf 73' lang='lat' dir='ltr'><strong>liler.</strong></span> <span class='ocrx_word' id='word_1_936' title='bbox 2040 5191 2348 5247; x_wconf 82' lang='lat' dir='ltr'><strong>Felckman.</strong></span> <span class='ocrx_word' id='word_1_937' title='bbox 2400 5202 2455 5246; x_wconf 90' lang='lat' dir='ltr'><strong>et</strong></span> <span class='ocrx_word' id='word_1_938' title='bbox 2484 5192 2574 5246; x_wconf 88' lang='lat' dir='ltr'><strong>Fr.</strong></span> <span class='ocrx_word' id='word_1_939' title='bbox 2615 5186 2808 5254; x_wconf 52' lang='lat' dir='ltr'><strong>Ksed</strong></span> <span class='ocrx_word' id='word_1_940' title='bbox 2856 5189 3004 5243; x_wconf 89' lang='lat' dir='ltr'><strong>solus</strong></span> <span class='ocrx_word' id='word_1_941' title='bbox 3042 5186 3267 5255; x_wconf 78' lang='lat' dir='ltr'><strong>Seguer.</strong></span> <span class='ocrx_word' id='word_1_942' title='bbox 3326 5186 3416 5255; x_wconf 62' lang='grc' dir='ltr'><strong>τόν</strong></span> 
     </span>
    </p>
   </div>
   <div class='ocr_carea' id='block_1_118' title="bbox 1852 5254 3418 5326">
    <p class='ocr_par' dir='ltr' id='par_1_118' title="bbox 1852 5254 3418 5326">
     <span class='ocr_line' id='line_1_119' title="bbox 1852 5254 3418 5326; baseline -0.005 -12"><span class='ocrx_word' id='word_1_943' title='bbox 1852 5263 1981 5316; x_wconf 81' lang='grc' dir='ltr'>ἴδιον</span> <span class='ocrx_word' id='word_1_944' title='bbox 2015 5263 2191 5317; x_wconf 83' lang='lat' dir='ltr'><strong>habet.</strong></span> <span class='ocrx_word' id='word_1_945' title='bbox 2229 5263 2369 5317; x_wconf 89' lang='lat' dir='ltr'><strong>Editi</strong></span> <span class='ocrx_word' id='word_1_946' title='bbox 2395 5278 2517 5316; x_wconf 87' lang='lat' dir='ltr'><strong>cum</strong></span> <span class='ocrx_word' id='word_1_947' title='bbox 2549 5262 2670 5317; x_wconf 85' lang='lat' dir='ltr'><strong>aliis</strong></span> <span class='ocrx_word' id='word_1_948' title='bbox 2694 5262 2772 5315; x_wconf 87' lang='lat' dir='ltr'><strong>sic</strong></span> <span class='ocrx_word' id='word_1_949' title='bbox 2808 5260 3026 5323; x_wconf 84' lang='lat' dir='ltr'><strong>habent,</strong></span> <span class='ocrx_word' id='word_1_950' title='bbox 3051 5254 3333 5326; x_wconf 71' lang='grc' dir='ltr'>προστιθεί</span> <span class='ocrx_word' id='word_1_951' title='bbox 3360 5254 3418 5306; x_wconf 80' lang='grc' dir='ltr'>δὲ</span> 
     </span>
    </p>
   </div>
   <div class='ocr_carea' id='block_1_119' title="bbox 1850 5323 3307 5404">
    <p class='ocr_par' dir='ltr' id='par_1_119' title="bbox 1850 5323 3307 5404">
     <span class='ocr_line' id='line_1_120' title="bbox 1850 5323 3307 5404; baseline -0.008 -17"><span class='ocrx_word' id='word_1_952' title='bbox 1850 5332 2138 5397; x_wconf 78' lang='grc' dir='ltr'>καὶτοῦτο,</span> <span class='ocrx_word' id='word_1_953' title='bbox 2162 5335 2243 5387; x_wconf 77' lang='grc' dir='ltr'>ὅτι</span> <span class='ocrx_word' id='word_1_954' title='bbox 2270 5333 2346 5404; x_wconf 26' lang='grc' dir='ltr'><strong>οὐᾼ</strong></span> <span class='ocrx_word' id='word_1_955' title='bbox 2366 5334 2522 5404; x_wconf 88' lang='grc' dir='ltr'>μόνον</span> <span class='ocrx_word' id='word_1_956' title='bbox 2541 5333 2631 5386; x_wconf 87' lang='grc' dir='ltr'>τὸν</span> <span class='ocrx_word' id='word_1_957' title='bbox 2656 5330 2872 5404; x_wconf 78' lang='grc' dir='ltr'>Πατέρα</span> <span class='ocrx_word' id='word_1_958' title='bbox 2890 5328 3000 5404; x_wconf 41' lang='grc' dir='ltr'>ὀὐκ</span> <span class='ocrx_word' id='word_1_959' title='bbox 3014 5323 3178 5404; x_wconf 70' lang='grc' dir='ltr'>οἶδεν,</span> <span class='ocrx_word' id='word_1_960' title='bbox 3203 5335 3307 5404; x_wconf 66' lang='lat' dir='ltr'><strong>etc.</strong></span> 
     </span>
    </p>
   </div>
   <div class='ocr_carea' id='block_1_120' title="bbox 1913 5392 3417 5484">
    <p class='ocr_par' dir='ltr' id='par_1_120' title="bbox 1913 5392 3417 5484">
     <span class='ocr_line' id='line_1_121' title="bbox 1913 5392 3417 5484; baseline -0.009 -26"><span class='ocrx_word' id='word_1_961' title='bbox 1913 5404 2036 5484; x_wconf 63' lang='grc'>(54)</span> <span class='ocrx_word' id='word_1_962' title='bbox 2062 5392 2153 5484; x_wconf 58' lang='lat' dir='ltr'><strong>ste</strong></span> <span class='ocrx_word' id='word_1_963' title='bbox 2178 5392 2430 5484; x_wconf 74' lang='lat' dir='ltr'><strong>Seg._1és.</strong></span> <span class='ocrx_word' id='word_1_964' title='bbox 2450 5405 2667 5484; x_wconf 43' lang='grc' dir='ltr'>ρους-ει</span> <span class='ocrx_word' id='word_1_965' title='bbox 2684 5392 2844 5484; x_wconf 56' lang='grc' dir='ltr'>ιηπςιςι</span> <span class='ocrx_word' id='word_1_966' title='bbox 2858 5398 2986 5484; x_wconf 44' lang='grc' dir='ltr'><strong>,επ</strong></span> <span class='ocrx_word' id='word_1_967' title='bbox 3006 5397 3056 5484; x_wconf 67' lang='grc' dir='ltr'><strong>ιἔ</strong></span> <span class='ocrx_word' id='word_1_968' title='bbox 3070 5392 3417 5484; x_wconf 35' lang='lat' dir='ltr'><strong>feelings:</strong></span> 
     </span>
    </p>
   </div>
   <div class='ocr_carea' id='block_1_121' title="bbox 1846 5463 3416 5537">
    <p class='ocr_par' dir='ltr' id='par_1_121' title="bbox 1846 5463 3416 5537">
     <span class='ocr_line' id='line_1_122' title="bbox 1846 5463 3416 5537; baseline -0.008 -9"><span class='ocrx_word' id='word_1_969' title='bbox 1846 5463 1961 5529; x_wconf 86' lang='grc' dir='ltr'>τοῦ.</span> <span class='ocrx_word' id='word_1_970' title='bbox 1999 5463 2152 5530; x_wconf 83' lang='lat' dir='ltr'><strong>Colb.</strong></span> <span class='ocrx_word' id='word_1_971' title='bbox 2201 5463 2279 5529; x_wconf 46' lang='lat' dir='ltr'><strong>et&quot;</strong></span> <span class='ocrx_word' id='word_1_972' title='bbox 2296 5474 2523 5529; x_wconf 88' lang='lat' dir='ltr'><strong>Taurin.</strong></span> <span class='ocrx_word' id='word_1_973' title='bbox 2565 5472 2811 5537; x_wconf 79' lang='grc' dir='ltr'>ἐξουσίαν</span> <span class='ocrx_word' id='word_1_974' title='bbox 2851 5464 2989 5537; x_wconf 59' lang='grc' dir='ltr'>οἶδεν</span> <span class='ocrx_word' id='word_1_975' title='bbox 3023 5463 3245 5537; x_wconf 14' lang='grc' dir='ltr'>ᾲὲαυτοῦ.</span> <span class='ocrx_word' id='word_1_976' title='bbox 3294 5463 3416 5537; x_wconf 71' lang='lat' dir='ltr'><strong>!i_lu_x</strong></span> 
     </span>
    </p>
   </div>
   <div class='ocr_carea' id='block_1_122' title="bbox 1848 5531 3409 5616">
    <p class='ocr_par' dir='ltr' id='par_1_122' title="bbox 1848 5531 3409 5616">
     <span class='ocr_line' id='line_1_123' title="bbox 1848 5531 3409 5616; baseline -0.01 -17"><span class='ocrx_word' id='word_1_977' title='bbox 1848 5556 1952 5601; x_wconf 91' lang='lat' dir='ltr'><strong>art.</strong></span> <span class='ocrx_word' id='word_1_978' title='bbox 1976 5548 2006 5599; x_wconf 86' lang='lat'><strong>6</strong></span> <span class='ocrx_word' id='word_1_979' title='bbox 2038 5556 2165 5600; x_wconf 90' lang='lat' dir='ltr'><strong>ante</strong></span> <span class='ocrx_word' id='word_1_980' title='bbox 2199 5547 2413 5616; x_wconf 81' lang='grc' dir='ltr'>Ἀρειος</span> <span class='ocrx_word' id='word_1_981' title='bbox 2441 5531 2645 5599; x_wconf 58' lang='grc' dir='ltr'>ιὼθειέι</span> <span class='ocrx_word' id='word_1_982' title='bbox 2675 5543 2900 5607; x_wconf 78' lang='lat' dir='ltr'><strong>Seguer.</strong></span> <span class='ocrx_word' id='word_1_983' title='bbox 2937 5534 3157 5589; x_wconf 85' lang='lat' dir='ltr'><strong>Gobler.</strong></span> <span class='ocrx_word' id='word_1_984' title='bbox 3206 5542 3262 5586; x_wconf 89' lang='lat' dir='ltr'><strong>et</strong></span> <span class='ocrx_word' id='word_1_985' title='bbox 3296 5531 3409 5585; x_wconf 83' lang='lat' dir='ltr'><strong>Fel-</strong></span> 
     </span>
    </p>
   </div>
   <div class='ocr_carea' id='block_1_123' title="bbox 1847 5616 3180 5682">
    <p class='ocr_par' dir='ltr' id='par_1_123' title="bbox 1847 5616 3180 5682">
     <span class='ocr_line' id='line_1_124' title="bbox 1847 5616 3180 5682; baseline 0.008 -11"><span class='ocrx_word' id='word_1_986' title='bbox 1847 5616 2173 5671; x_wconf 79' lang='lat' dir='ltr'><strong>ckmannil.</strong></span> <span class='ocrx_word' id='word_1_987' title='bbox 2609 5678 2646 5682; x_wconf 29' lang='grc' dir='ltr'><em>Α</em></span> <span class='ocrx_word' id='word_1_988' title='bbox 2685 5678 2696 5682; x_wconf 95' lang='lat'><strong><em>_</em></strong></span> <span class='ocrx_word' id='word_1_989' title='bbox 2734 5678 2746 5682; x_wconf 96' lang='lat'>_</span> <span class='ocrx_word' id='word_1_990' title='bbox 2885 5677 2898 5682; x_wconf 90' lang='lat'>_</span> <span class='ocrx_word' id='word_1_991' title='bbox 2956 5674 2975 5682; x_wconf 83' lang='lat'><strong>-</strong></span> <span class='ocrx_word' id='word_1_992' title='bbox 3045 5670 3061 5682; x_wconf 89' lang='lat'><strong>.</strong></span> <span class='ocrx_word' id='word_1_993' title='bbox 3168 5670 3180 5682; x_wconf 93' lang='lat'><strong>.</strong></span> 
     </span>
    </p>
   </div>
   <div class='ocr_carea' id='block_1_124' title="bbox 1919 5670 3410 5757">
    <p class='ocr_par' dir='ltr' id='par_1_124' title="bbox 1919 5670 3410 5757">
     <span class='ocr_line' id='line_1_125' title="bbox 1919 5670 3410 5757; baseline -0.014 -15"><span class='ocrx_word' id='word_1_994' title='bbox 1919 5687 2028 5757; x_wconf 80' lang='lat'><strong>(55)</strong></span> <span class='ocrx_word' id='word_1_995' title='bbox 2070 5687 2159 5740; x_wconf 89' lang='lat' dir='ltr'><strong>Sic</strong></span> <span class='ocrx_word' id='word_1_996' title='bbox 2184 5686 2317 5757; x_wconf 67' lang='grc' dir='ltr'>ξος.</span> <span class='ocrx_word' id='word_1_997' title='bbox 2349 5682 2503 5757; x_wconf 81' lang='lat' dir='ltr'><strong>Gobl.</strong></span> <span class='ocrx_word' id='word_1_998' title='bbox 2529 5690 2583 5734; x_wconf 88' lang='lat' dir='ltr'><strong>et</strong></span> <span class='ocrx_word' id='word_1_999' title='bbox 2608 5678 2843 5757; x_wconf 54' lang='lat' dir='ltr'><strong>Felckm.</strong></span> <span class='ocrx_word' id='word_1_1000' title='bbox 2880 5674 3021 5757; x_wconf 48' lang='grc'><strong>1.,11)⁶</strong></span> <span class='ocrx_word' id='word_1_1001' title='bbox 3037 5670 3410 5757; x_wconf 29' lang='lat' dir='ltr'><strong>destinatio&quot;).</strong></span> 
     </span>
    </p>
   </div>
   <div class='ocr_carea' id='block_1_125' title="bbox 1848 5741 3416 5821">
    <p class='ocr_par' dir='ltr' id='par_1_125' title="bbox 1848 5741 3416 5821">
     <span class='ocr_line' id='line_1_126' title="bbox 1848 5741 3416 5821; baseline -0.011 -11"><span class='ocrx_word' id='word_1_1002' title='bbox 1848 5741 2074 5810; x_wconf 50' lang='lat' dir='ltr'><strong>Ta‘uri&#39;n.</strong></span> <span class='ocrx_word' id='word_1_1003' title='bbox 2102 5766 2156 5809; x_wconf 89' lang='lat' dir='ltr'><strong>ct</strong></span> <span class='ocrx_word' id='word_1_1004' title='bbox 2180 5741 2349 5816; x_wconf 42' lang='lat' dir='ltr'><strong>Frfl,</strong></span> <span class='ocrx_word' id='word_1_1005' title='bbox 2380 5753 2571 5821; x_wconf 75' lang='lat' dir='ltr'><strong>legitur</strong></span> <span class='ocrx_word' id='word_1_1006' title='bbox 2598 5747 2891 5821; x_wconf 61' lang='grc' dir='ltr'>ἐκᾴθαρψ.</span> <span class='ocrx_word' id='word_1_1007' title='bbox 2927 5744 3068 5821; x_wconf 68' lang='lat' dir='ltr'><strong>Editi</strong></span> <span class='ocrx_word' id='word_1_1008' title='bbox 3099 5752 3163 5821; x_wconf 57' lang='lat' dir='ltr'><strong>et</strong></span> <span class='ocrx_word' id='word_1_1009' title='bbox 3194 5741 3282 5821; x_wconf 53' lang='lat' dir='ltr'><strong>alii</strong></span> <span class='ocrx_word' id='word_1_1010' title='bbox 3325 5741 3416 5821; x_wconf 42' lang='lat' dir='ltr'><strong>Ita.-</strong></span> 
     </span>
    </p>
   </div>
   <div class='ocr_carea' id='block_1_126' title="bbox 1846 5810 3416 5909">
    <p class='ocr_par' dir='ltr' id='par_1_126' title="bbox 1846 5810 3416 5909">
     <span class='ocr_line' id='line_1_127' title="bbox 1846 5810 3416 5909; baseline -0.008 -29"><span class='ocrx_word' id='word_1_1011' title='bbox 1846 5830 1973 5909; x_wconf 72' lang='lat' dir='ltr'><strong>bent</strong></span> <span class='ocrx_word' id='word_1_1012' title='bbox 2001 5826 2275 5904; x_wconf 73' lang='grc' dir='ltr'>ἐθρήνουν.</span> <span class='ocrx_word' id='word_1_1013' title='bbox 2321 5810 2449 5877; x_wconf 54' lang='lat' dir='ltr'><strong>Illo;</strong></span> <span class='ocrx_word' id='word_1_1014' title='bbox 2468 5820 2628 5874; x_wconf 81' lang='lat' dir='ltr'><strong>Basil.</strong></span> <span class='ocrx_word' id='word_1_1015' title='bbox 2677 5810 2881 5887; x_wconf 65' lang='lat' dir='ltr'><strong>Anglic.</strong></span> <span class='ocrx_word' id='word_1_1016' title='bbox 2924 5826 2977 5871; x_wconf 81' lang='lat' dir='ltr'><strong>et</strong></span> <span class='ocrx_word' id='word_1_1017' title='bbox 3022 5810 3203 5869; x_wconf 70' lang='lat' dir='ltr'><strong>Fclck.</strong></span> <span class='ocrx_word' id='word_1_1018' title='bbox 3240 5811 3307 5879; x_wconf 84' lang='lat'><strong>5,</strong></span> <span class='ocrx_word' id='word_1_1019' title='bbox 3344 5810 3416 5868; x_wconf 68' lang='grc' dir='ltr'>τὰ</span> 
     </span>
    </p>
   </div>
   <div class='ocr_carea' id='block_1_127' title="bbox 1844 5911 2219 5953">
    <p class='ocr_par' dir='ltr' id='par_1_127' title="bbox 1844 5911 2219 5953">
     <span class='ocr_line' id='line_1_128' title="bbox 1844 5911 2219 5953; baseline -0.013 -4"><span class='ocrx_word' id='word_1_1020' title='bbox 1844 5914 1943 5953; x_wconf 73' lang='grc' dir='ltr'><strong>κατ</strong></span> <span class='ocrx_word' id='word_1_1021' title='bbox 1952 5913 1982 5949; x_wconf 74' lang='grc' dir='ltr'><strong>α</strong></span> <span class='ocrx_word' id='word_1_1022' title='bbox 2014 5911 2195 5951; x_wconf 79' lang='grc' dir='ltr'>τουτον</span> <span class='ocrx_word' id='word_1_1023' title='bbox 2204 5933 2219 5951; x_wconf 64' lang='grc' dir='ltr'>ι</span> 
     </span>
    </p>
   </div>
  </div>
