3954 6504
206 455 303 515 575

1033 458 1365 517 EPISTOLA
1407 458 1498 513 AD
1540 456 1907 515 EPISCOPOS
1947 458 2216 515 [EGYPTI
2244 456 2329 515 ΕΤ
2370 454 2620 515 LIBYAE.

3338 465 3446 521 574

203 578 307 647 γὰρ
350 578 453 649 τὴν
501 576 678 630 κτίσιν
730 577 983 649 ὁρῶντες,
1034 580 1392 650 διανοούμεθα
1444 580 1533 632 τὸν
1577 579 1769 649 ταύτηκ

1880 594 1944 633 ex
1975 580 2059 634 his
2093 580 2206 649 ipse
2235 581 2617 635 convenienter
2648 581 3031 651 conspiciatur.
3064 583 3133 638 Ut
3168 584 3311 637 enim
3361 601 3449 640 res

204 671 462 723 κτίσαντα
489 670 622 722 Θεὸν
640 712 656 734 ,
687 668 829 724 οὕτω
855 666 1140 741 βλέποντες
1164 673 1330 742 μηδὲν
1348 672 1577 725 ἄτακτον
1595 672 1652 725 ἐν
1669 674 1781 733 τοῖς

175 814 181 819 _
202 762 532 831 γενομένοις,
570 762 707 815 ἀλλά
730 762 908 816 πάντα
932 762 1083 827 τάξει
1109 764 1203 817 καὶ
1228 764 1452 834 προνοίᾳ
1487 762 1780 834 κινούμενά

199 872 253 906 τε
320 856 414 907 καὶ
480 854 741 924 μένοντα,
813 852 1188 926 ὲνθυμούμεθα
1262 855 1435 923 Λόγον
1491 851 1628 908 εἶναι
1682 854 1776 908 τοῦ

200 946 325 1000 Θεοῦ
357 946 471 1017 (88)
501 945 594 1000 τὸν
623 946 717 1000 ἐπὶ
740 947 957 1001 πάντων
982 947 1109 1002 ὅντα
1137 966 1197 1001 τε
1233 949 1328 1001 καὶ
1353 947 1769 1019 ἡγεμονεύοντα.

198 1038 360 1092 Τοῦτο
398 1038 495 1092 καὶ
542 1040 599 1091 αἱ
656 1039 794 1093 θεῖαι
847 1040 1061 1110 Γραφαὶ
1104 1040 1466 1111 μαρτυροῦσι,
1519 1041 1773 1110 λέγουσαι

197 1132 356 1185 αὐτόν
388 1149 448 1184 τε
479 1127 619 1185 εἶναι
646 1130 737 1184 τὸν
778 1131 871 1185 τοῦ
899 1130 1033 1184 Θεοῦ
1064 1132 1256 1201 Λόγον,
1284 1134 1377 1185 καὶ
1403 1135 1484 1187 ὅτι
1506 1132 1573 1185 δι’
1606 1132 1770 1187 αὐτοῦ

196 1226 259 1278 τὰ
286 1226 461 1278 πάντα
494 1224 684 1293 γέγονε
716 1224 847 1296 (89),
882 1225 979 1278 καὶ
1010 1226 1178 1296 χωρὶς
1206 1226 1371 1279 αὑτοῦ
1404 1226 1619 1295 ἐγένετο
1652 1227 1771 1280 οὐδὲ

195 1317 269 1368 ἓν.
310 1315 552 1367 Ἐκείνου
584 1314 659 1379 δὲ,
693 1316 820 1389 περὶ
849 1309 909 1369 οῦ
945 1316 1193 1385 λέγουσιν
1214 1356 1228 1380 ,
1258 1317 1408 1370 οὐδὲν
1450 1317 1572 1371 οὔτε
1608 1319 1770 1390 ῥητόν

192 1406 309 1460 οὔτε
340 1405 504 1477 ἔργον
551 1406 643 1460 ὑπ’
674 1407 853 1460 αὐτῶν
885 1407 1180 1462 δείκνυται.
1208 1409 1318 1463 Καὶ
1350 1410 1458 1481 γὰρ
1484 1410 1577 1464 καὶ
1608 1412 1770 1476 αὐτὸς

192 1500 220 1550 ό
257 1497 446 1568 Πατὴρ
494 1496 607 1569 (90)
658 1498 860 1568 λέγων,
904 1494 1092 1566 Οὗτός
1129 1500 1300 1554 ἐστιν
1339 1503 1372 1554 ό
1421 1503 1554 1569 Υἱός
1576 1521 1696 1572 μου
1735 1520 1767 1557 0

191 1587 513 1658 ἀγαπητὸς,
540 1589 728 1643 οὐδένα
754 1589 943 1662 ἕτερον
979 1586 1116 1645 εἶναι
1168 1592 1300 1665 παρ’
1343 1590 1505 1645 αὐτὸν
1563 1593 1765 1665 σημαί-

194 1695 290 1731 νει.

257 1767 339 1822 16.
382 1768 593 1821 Οὐκοῦν
624 1769 766 1823 κατά
790 1768 948 1823 τοῦτο
978 1770 1071 1824 καὶ
1098 1772 1426 1843 Μανιχαίοις
1463 1775 1511 1828 οἱ
1547 1775 1763 1848 θαυμα-
1822 1808 1825 1811 <

192 1860 298 1913 ato“.
338 1859 527 1913 λοιπὸν
572 1862 999 1933 προσετέθησαν.
1035 1864 1146 1916 Καὶ
1178 1864 1286 1938 γὰρ
1324 1867 1566 1920 κάκεῖνοι
1604 1869 1763 1939 μόνον

1883 682 2093 726 creatas
2146 671 2449 735 intuentes,
2500 671 2690 725 harum
2745 685 3045 727 creatorem
3097 675 3449 743 intelligimus

1881 759 2049 814 Deum
2080 779 2095 815 :
2129 760 2200 815 ita
2230 776 2351 817 cum
2400 762 2452 815 in
2492 761 2651 815 rebus
2682 761 2837 816 factis
2876 763 3006 816 nihil
3053 764 3442 830 inordinatum,

1877 852 1971 907 sed
2005 852 2183 906 omnia
2226 865 2377 909 certo
2418 854 2607 907 ordine
2649 863 2703 908 et
2749 855 3081 923 providentia
3133 858 3337 911 moveri
3392 869 3447 912 et

1875 945 2081 998 servari
2120 946 2427 1011 cernimus;
2482 956 2628 1001 recte
2680 947 2805 1002 inde
2851 948 3151 1019 colligimus
3194 966 3315 1006 esse
3350 954 3442 1006 Dei

1874 1033 2137 1101 Verbum,
2182 1038 2323 1105 quod
2355 1037 2606 1091 omnibus
2647 1039 2828 1107 praesit
2875 1051 2929 1094 et
2972 1042 3296 1096 dominetur.
3346 1041 3447 1096 Ve-

1872 1140 1990 1178 rum
2020 1125 2094 1187 id,
2117 1124 2279 1179 etiam
2330 1125 2622 1194 Scriptura;
2660 1128 2853 1181 divina:
2888 1138 3173 1194 testantur,
3206 1146 3326 1198 qua:
3361 1147 3448 1183 as-

1870 1227 2057 1272 serunt
2081 1218 2252 1288 ipsum
2282 1233 2399 1273 esse
2425 1219 2519 1272 Dei
2546 1216 2803 1285 Verbum,
2829 1220 3119 1291 omniaque
3149 1238 3244 1292 per
3269 1224 3443 1292 ipsum

1870 1309 2008 1365 facta
2051 1323 2190 1376 esse,
2232 1317 2285 1364 et
2314 1309 2432 1363 sine
2468 1309 2557 1364 illo
2591 1310 2721 1364 nihil
2758 1326 2876 1365 esse
2913 1310 3133 1366 factum.
3164 1313 3308 1368 Illius
3339 1329 3437 1367 an-

1871 1410 1977 1455 tem
2007 1403 2176 1467 verbi,
2207 1402 2273 1456 de
2302 1416 2409 1471 quo
2455 1400 2529 1455 illi
2570 1401 2883 1470 loquuntur,
2934 1402 3139 1457 nullum
3186 1419 3319 1459 sane
3350 1407 3437 1460 vel

1868 1494 2065 1547 dictum
2110 1493 2193 1546 vel
2240 1491 2439 1546 factum
2473 1500 2695 1560 possunt
2726 1492 3031 1548 ostendere.
3075 1495 3281 1550 Etenim
3322 1495 3440 1566 ipse

1866 1586 2031 1657 226
2053 1585 2211 1639 Pater
2229 1584 2321 1654 qui
2352 1585 2519 1639 dicit:
2545 1583 2645 1637 Hic
2665 1595 2737 1638 est
2767 1582 2936 1639 Filius
2961 1602 3104 1640 meus
3134 1587 3350 1643 dilectus
3369 1589 3438 1652 ³³,

1865 1681 2069 1734 nullum
2100 1678 2264 1732 alium
2301 1686 2496 1747 praeter
2524 1692 2646 1732 eum
2683 1693 2800 1734 esse
2829 1679 3120 1749 signiﬁcat.

1938 1792 2021 1847 16.
2065 1791 2201 1846 Hinc
2237 1805 2366 1861 ergo
2410 1790 2569 1845 etiam
2600 1805 2721 1845 cum
2762 1790 3069 1846 Manichteis
3091 1790 3204 1861 jam
3244 1808 3437 1848 conso-

1865 1887 2076 1941 ciantur
2124 1884 2326 1953 egregii
2380 1883 2466 1937 isti
2505 1882 2627 1938 viri.
2680 1882 2759 1936 Illi
2815 1884 2957 1937 enim
3014 1884 3229 1938 nomine
3281 1894 3437 1939 tenus

190 1953 339 2023 ἄχρις
372 1952 636 2023 ὀνόματος
678 1953 881 2022 ἀγαθὸν
932 1954 1065 2008 Θεὸν
1109 1957 1220 2027 (91)
1268 1957 1625 2029 ὀνομάζουσι,
1666 1963 1758 2016 καὶ

1860 1978 2022 2033 Deum
2061 1952 2273 2029 bonum
2303 1974 2594 2043 appellant,
2645 1975 2960 2043 nullumque
3004 1974 3121 2043 ejus
3161 1991 3295 2046 opus
3322 1977 3437 2031 sive

190 2045 340 2117 ἔργον
375 2045 474 2116 μὲν
505 2044 671 2098 αὑτοῦ
709 2044 832 2099 οῦτε
873 2046 1201 2119 βλεπόμενον
1248 2048 1370 2103 οὔτε
1401 2053 1630 2126 ἀόρατον
1664 2053 1763 2105 δει-

189 2137 361 2191 κνύειν
415 2137 700 2193 δύνανται·
755 2139 844 2192 τὸν
884 2140 941 2192 δὲ
987 2140 1239 2210 ἀληθινὸν
1288 2144 1382 2197 xui.
1426 2145 1593 2208 ὄντως
1635 2144 1762 2198 ὄντα

186 2230 330 2295 Θεὸν,
383 2230 478 2283 τὸν
522 2230 749 2301 ποιητὴν
790 2231 1019 2303 ούρανοῦ
1069 2233 1163 2287 καὶ
1206 2234 1338 2304 γῆς,
1390 2237 1483 2289 καὶ
1545 2237 1762 2291 πάντων

185 2318 286 2372 τῶν
319 2319 432 2389 (9‘2)
465 2320 713 2390 ἀοράτων
747 2321 1090 2392 ἀρνούμενοι,
1122 2325 1402 2389 παντελῶς
1444 2327 1550 2379 εἰσι
1593 2327 1759 2397 μυθο-

190 2408 378 2479 λόγοι.¹
403 2410 575 2464 Τοῦτο
613 2411 669 2464 δὲ
708 2413 801 2465 καὶ
833 2406 979 2466 οὗτοι
1026 2414 1257 2486 πάσχειν
1300 2434 1389 2487 μοι
1433 2417 1680 2471 δοκοῦσιν
1711 2422 1759 2473 οἱ

186 2503 533 2575 κακόφρονες.
579 2503 685 2556 Τοῦ
718 2505 825 2575 γὰρ
864 2504 1115 2575 ἀληθινοῦ
1152 2508 1325 2577 Λόγου
1351 2510 1443 2562 xui.
1484 2512 1645 2581 μόνου
1674 2512 1761 2564 όν-

183 2611 265 2657 τος
289 2596 345 2646 ὲν
378 2592 456 2663 τῷ
499 2594 674 2665 Πατρὶ
709 2594 777 2647 τὰ
816 2593 951 2665 ἔργα
987 2594 1267 2664 βλέπουσι,
1304 2599 1396 2651 καὶ
1425 2599 1611 2653 τοῦτον
1659 2600 1758 2671 μὲν

184 2682 487 2753 ἀρνοῦνται,
514 2682 672 2735 ἄλλον
700 2682 756 2735 δὲ
795 2684 1011 2745 ἑαυτοῖς
1041 2686 1468 2742 άναπλάττονται
1510 2688 1619 2759 (95)
1666 2690 1757 2743 λό-

184 2793 289 2845 γον,
319 2778 377 2831 ὃν
416 2776 542 2831 οῦτε
588 2777 645 2843 ἐξ
691 2777 867 2848 ἔργων
909 2777 1032 2832 οὔτε
1070 2780 1129 2844 ἐξ
1170 2782 1339 2852 ἀκοῆς
1385 2783 1757 2838 ἀποδεικνύειν

182 2870 423 2923 δύνανται
444 2888 458 2900 ·
494 2872 543 2922 εἰ
576 2870 650 2941 μὴ
690 2871 797 2941 ἀρα
828 2871 1080 2925 σύνθετον
1110 2873 1200 2927 τὸν
1230 2874 1383 2940 Θεὸν,
1428 2877 1506 2939 ὡς
1545 2877 1755 2948 ἄνθρω-

182 2979 303 3023 πον,
333 2962 601 3015 λαλοῦντα
635 2963 727 3015 καὶ
760 2964 1054 3033 ἀμείϐοντα
1093 2967 1220 3029 τοὺς
1256 2967 1446 3035 λόγους
1481 2968 1612 3039 (9-1),
1659 2971 1755 3022 καὶ

181 3054 331 3108 πάλιν
352 3054 498 3108 οῦτω
522 3055 745 3109 νοοῦντα
768 3056 861 3109 καὶ
896 3058 1247 3129 σοφιζόμενον
1277 3061 1627 3125 ὑπονοοῦντες
1656 3081 1755 3133 μυ-

181 3145 515 3216 θολογοῦσιν,
552 3148 649 3219 οὐχ
677 3150 909 3221 ὁρῶντες
942 3154 1021 3213 εὶς
1048 3151 1178 3221 ὅσην
1207 3151 1431 3219 ἀλογίαν
1462 3152 1633 3206 ταῦτα
1663 3154 1752 3207 λέ-

178 3256 357 3304 γοντες
385 3240 830 3295 ὲκπεπτώκασιν.
874 3243 937 3295 El
974 3243 1071 3312 μὲν
1107 3242 1215 3313 γὰρ
1258 3243 1752 3315 ἐπισυμὸαίνοντας

1865 2071 2189 2140 aspectabile
2217 2070 2330 2124 sive
2359 2084 2461 2122 non
2512 2066 2836 2137 aspectabile
2890 2078 3112 2137 possunt
3152 2085 3433 2124 common-

1863 2175 2060 2219 strare.
2107 2163 2239 2217 Cum
2291 2171 2469 2216 autem
2530 2175 2718 2214 verum
2785 2174 3024 2228 vereque
3084 2161 3432 2215 exsistentem

1863 2254 2051 2317 Deum,
2082 2252 2203 2307 coeli
2235 2264 2290 2307 et
2330 2261 2506 2316 terra},
2554 2251 2901 2318 omnimnque
2947 2265 3124 2303 rerum
3176 2251 3428 2305 invisibi-

1860 2346 1987 2399 limn
2031 2342 2336 2397 effectorem
2390 2350 2607 2412 negant,
2645 2340 2775 2394 nihil
2827 2341 2927 2394 nisi
2978 2358 3152 2396 meras
3206 2350 3431 2397 narrant

1860 2434 2085 2488 fabulas.
2116 2435 2255 2487 Idem
2292 2436 2532 2503 profecto
2563 2432 2819 2486 maleﬁcis
2852 2434 2968 2487 istis
3012 2435 3262 2490 accidere
3299 2436 3429 2489 mihi

1859 2528 2083 2582 videtur.
2120 2525 2253 2579 Nam
2293 2526 2415 2579 licet
2450 2526 2556 2578 veri
2592 2524 2772 2590 Verbi,
2802 2527 2941 2596 quod
2975 2534 3028 2579 et
3061 2542 3223 2579 unmn
3255 2537 3339 2580 est
3372 2527 3426 2581 in

1857 2614 2035 2678 Patre,
2076 2631 2237 2684 opera
2287 2616 2524 2677 videant,
2577 2614 2746 2683 ipsum
2801 2615 3149 2669 nihilominus
3197 2627 3425 2684 negant.

1857 2706 2105 2774 aliudque
2140 2706 2357 2759 verbum
2386 2705 2484 2757 sibi
2531 2705 2659 2773 ipsis
2694 2706 2920 2773 lingunt,
2951 2707 3094 2775 quod
3146 2722 3321 2776 neque
3359 2723 3426 2762 ex

1857 2792 2013 2846 Iactis
2042 2808 2212 2861 neque
2239 2810 2300 2848 ex
2334 2793 2605 2846 auditione
2635 2796 3009 2849 demonstrare
3037 2807 3272 2865 queunt;
3324 2799 3426 2851 nisi

1856 2882 1995 2938 forte
2037 2884 2201 2937 Deum
2238 2885 2537 2952 concipiant
2566 2886 2958 2953 compositum,
3006 2887 3093 2954 qui
3148 2902 3296 2942 more
3328 2887 3429 2941 ho-

1856 2977 2056 3028 minum
2106 2975 2375 3044 loquntur,
2436 2978 2747 3044 prioresque
2801 2992 3079 3031 sermones
3135 2980 3421 3041 immutet;

1854 3083 2011 3137 quem
2059 3067 2275 3137 quidem
2333 3066 2375 3119 si
2432 3066 2502 3118 ita
2555 3067 2879 3134 cegitanlem
2929 3076 2982 3119 et
3036 3068 3422 3137 intelligenteut

1855 3158 2214 3228 suspicentur,
2267 3171 2392 3210 vere
2432 3156 2637 3225 lingunt
2679 3170 3004 3221 commenta,
3051 3175 3148 3213 nec
3181 3146 3426 3214 anima’d-

1854 3261 2067 3305 vertunt
2096 3260 2352 3320 quantum
2386 3249 2497 3302 lucc
2532 3264 2559 3301 a
2593 3250 2800 3303 ratione
2831 3250 2940 3303 sint
2966 3251 3160 3307 aliena.
3193 3252 3249 3306 Si
3278 3255 3420 3307 enini

176 3330 284 3401 ἔχει
310 3334 440 3396 τοὺς
468 3332 681 3401 λόγους,
710 3334 844 3386 πολὺ
876 3334 1033 3387 τοῦτο
1054 3334 1166 3403 (95)
1192 3334 1476 3406 ἄνθρωπον
1501 3337 1752 3407 νομίζου-

1858 3341 2193 3397 succedentia
2240 3339 2340 3392 sibi
2373 3339 2533 3393 verba
2572 3340 2796 3403 habeat,
2846 3356 3088 3397 meeum
3125 3342 3282 3411 plane
3326 3344 3421 3397 ho-

179 3440 285 3475 σιν·
309 3425 357 3476 εἰ
389 3423 446 3477 δὲ
481 3426 576 3477 xui.
605 3424 662 3491 ἐξ
690 3424 855 3478 αὑτοῦ
882 3427 1243 3498 προφέρονται
1272 3428 1366 3480 xui.
1399 3427 1583 3480 λοιπὸν
1610 3430 1751 3497 ἀφα-

176 3517 441 3581 νίζονταιο
482 3517 743 3588 μειζόνως
774 3519 1095 3584 ἀσεϐοῦσιν,
1130 3521 1212 3572 ὅτι
1257 3519 1326 3573 τὰ
1369 3522 1432 3573 ὲκ
1458 3519 1551 3573 τοῦ
1602 3520 1751 3586 ὄντος

174 3610 250 3672 εἰς
278 3610 340 3662 τὸ
376 3610 450 3681 μὴ
485 3606 622 3663 εἶναι
656 3612 994 3666 ἀναλύουσιν.
1024 3614 1087 3665 Εἰ
1118 3612 1226 3683 γὰρ
1258 3614 1395 3678 ὅλως
1427 3617 1619 3685 γεννᾷν
1655 3615 1752 3667 αὐι

174 3702 258 3753 τὸν
305 3701 594 3754 ὑπονοοῦσι
640 3702 773 3772 (96),
830 3703 1036 3773 βέλτιόν
1084 3696 1200 3758 ἐστι
1240 3706 1334 3758 καὶ
1365 3706 1747 3781 εὐσεϐέστερον

175 3788 345 3859 λέγειν
381 3791 501 3854 ἑνὸς
532 3786 672 3845 εἶναι
694 3792 868 3860 Λόγου
902 3794 1199 3865 γεννήτορα
1226 3794 1314 3848 τὸν
1353 3794 1506 3859 Θεὸν,
1540 3797 1597 3861 ὃς
1630 3799 1747 3851 ἐστι

172 3881 231 3933 τὸ
267 3884 545 3953 πλήρωμα
579 3884 691 3954 (97)
729 3883 829 3954 τῆς
863 3884 1112 3955 θεότητος
1154 3885 1349 3950 αὑτοῦ,
1385 3886 1442 3939 ὲν
1482 3880 1527 3955 ᾧ
1572 3887 1665 3941 καὶ
1696 3889 1745 3940 οἱ

174 3973 433 4045 θησαυροὶ
464 3978 565 4046 τῆς
594 3974 849 4044 γνώσεως
884 3978 1066 4049 πάσης
1102 3978 1238 4030 εἰσὶν
1281 3977 1608 4049 ἀπόκρυφοι,
1653 3980 1747 4033 xui.

241 4066 287 4098 ³⁸
323 4065 519 4121 Matth.
553 4084 684 4132 xvu,
710 4068 763 4122 5.

242 4157 355 4226 (88)
396 4159 624 4220 Seguer.
662 4153 970 4212 εἶναιθεοῦ.
997 4156 1113 4211 Mox
1147 4157 1370 4227 Seguer.
1412 4156 1565 4212 Colb.
1600 4155 1742 4212 Tau-

174 4229 276 4308 rin.
310 4228 399 4282 Fr.
436 4231 484 4288 ι,
516 4227 626 4284 Jes.
670 4240 724 4283 et
761 4228 975 4299 Fragui.
1040 4228 1134 4281 καὶ
1164 4230 1219 4280 αἱ
1274 4228 1487 4298 Γραφαὶ
1533 4245 1739 4299 μαρτυ-

176 4316 350 4439 mall}
536 4369 760 4439 Seguer.
796 4368 1013 4439 Gobler.
1043 4375 1099 4421 et
1148 4366 1330 4421 Felck.
1358 4368 1410 4439 1.
1450 4369 1519 4421 At
1555 4369 1642 4421 alii
1683 4377 1738 4423 et

171 4438 337 4509 editi,
362 4441 599 4508 ἐγένετο.
620 4438 750 4493 Mox
788 4455 883 4509 pro
916 4438 1151 4506 ἐγένετο,
1189 4447 1244 4491 ut
1284 4438 1480 4492 habent
1510 4438 1732 4507 Segner.

174 4508 393 4563 Taurin.
433 4509 524 4563 Fr.
573 4513 631 4571 I,
675 4508 800 4563 Jes.’
827 4519 882 4562 et
928 4509 1342 4577 Fragmentum;
1395 4509 1446 4561 in
1499 4509 1734 4563 editione

170 4579 428 4635 Commel.
461 4590 517 4634 et
544 4580 663 4633 aliis
694 4580 885 4647 legitur
927 4576 1140 4646 γέγονε.
1174 4576 1292 4631 Mox
1321 4578 1477 4632 Colb.
1510 4588 1566 4632 et
1591 4578 1733 4632 Tau-
1771 4595 1815 4649 ι)

171 4650 279 4722 τίη.
296 4650 456 4722 ἔργον
494 4650 583 4702 ὑπ’
608 4650 770 4722 αὐτοῦ
802 4649 1091 4722 δείκνυται.

236 4715 346 4790 (90)
372 4715 616 4789 Seguer.
663 4720 773 4775 Jes.
803 4722 970 4790 μου).
1027 4716 1253 4790 Taurin.
1284 4715 1463 4790 Fr._I._
1491 4717 1602 4790 Καὶ
1628 4717 1736 4789 γὰρ

168 4787 336 4853 αὐτὸς
358 4794 385 4844 ὁ
414 4787 625 4860 Πατήρ,
654 4788 1010 4860 ειε.ν[ῖι“ι)ειιι.
1060 4788 1169 4840 Καὶ
1196 4787 1305 4860 γὰρ
1335 4787 1738 4860 αύτόςνὲστινηό

167 4860 356 4927 λέγων,
409 4856 586 4923 οὗτος,
612 4870 717 4914 etc.
773 4856 1165 4927 Ιὶιίιιξδεςιιεν.
1214 4856 1327 4927 168.
1380 4856 1550 4921 Fr.l,
1582 4858 1733 4911 Colb.

169 4926 390 4985 Taurin.
423 4942 479 4984 et
519 4930 733 4993 Fragm.
800 4932 828 4981 ό
861 4929 988 4992 Υἱός
1045 4945 1165 4997 μου.
1210 4926 1355 4981 Editi
1405 4942 1531 4980 vero
1560 4937 1614 4980 et.
1647 4929 1734 4981 alii

210 5000 270 5052 οῦ
306 5003 585 5056 οιιιίιιιιιιι.
626 5000 743 5053 Mox
792 5000 1007 5066 Fragm.
1064 4997 1249 5050 οὐδένα
1289 4997 1586 5068 δὲνέτερον,
1628 5008 1731 5068 etc.

196 5086 299 5130 es..
326 5071 479 5124 οὐδὲν
506 5070 712 5142 ἕτερον.
744 5069 865 5123 Mox
918 5069 1140 5137 Seguer.
1168 5068 1318 5121 Colb.
1359 5066 1582 5123 Taurin.
1620 5066 1731 5122 Jes.

196 5141 379 5189 ἠερίη-
412 5140 556 5189 κατὰ
582 5139 738 5189 τοῦτο
782 5141 873 5189 καὶ
913 5137 1255 5189 Μανιγαίοιε.
1300 5147 1403 5189 etc.
1441 5137 1576 5189 Editi
1608 5152 1731 5189 vero

167 5140 379 5208 Fragm.
412 5140 556 5194 κατά
582 5140 738 5193 τοῦτο
782 5141 873 5193 καὶ
913 5140 1255 5223 Μανιχαίοις,
1300 5147 1403 5192 etc.
1441 5140 1576 5191 Editi
1608 5152 1734 5218 vero

167 5221 219 5262 et
279 5213 367 5264 alii
410 5212 506 5264 καί
558 5212 832 5264 omittunt.
877 5210 1005 5262 Ibid.
1046 5225 1097 5259 οι
1138 5208 1438 5278 θαυμαστοί
1484 5208 1634 5262 deest
1680 5224 1733 5263 tn

164 5278 420 5365 Jesl2hFr'.
453 5283 506 5343 1,
537 5279 689 5365 (ἐοιρ.
714 5278 1018 5365 e'tI‘Taurin.

234 5352 346 5420 (91)
386 5350 500 5405 Jes.
547 5350 699 5403 Colb.
745 5349 966 5402 Taurin.
1015 5359 1069 5402 et
1112 5347 1284 5413 FrJ,
1352 5346 1555 5416 ἀγαθόν
1612 5364 1732 5400 τινα

164 5419 312 5499 Θεὸν.
334 5421 453 5499 Mox
485 5418 891 5499 seguer..Co_lb.
924 5417 1148 5499 Taurin.
1310 5417 1613 5499 etoFragtn.‘
1637 5417 1733 5470 καὶ

165 5491 337 5561 ἔργον
359 5491 459 5561 μὲν
490 5486 776 5561 αὑτοῦ-Δὶ
804 5491 857 5561 in
891 5489 1055 5561 editis
1077 5500 1131 5542 et
1156 5490 1275 5561 aliis
1311 5486 1729 5561 pévbtuittitur.

164 5541 284 5614 illi;
305 5541 444 5639 vles;
474 5541 632 5617 Colb.
664 5541 900 5639 'Tau‘rin.
934 5570 987 5613 et
1018 5541 1540 5639 r._dt1:o§sixvéstv.

224 5632 346 5755 ’(92)
388 5630 481 5684 Sic
518 5644 647 5710 mss.
673 5638 729 5683 et
763 5630 980 5699 Fragm.
1010 5631 1078 5682 At
1108 5630 1161 5682 in
1195 5631 1370 5714 editis,
1415 5628 1523 5710 τῶν
1557 5627 1729 5683 deest.

224 5706 291 5755 Id.
354 5717 433 5755 es.
479 5698 706 5752 Taurin.
751 5698 901 5753 Colb.
928 5710 981 5753 et
1006 5698 1095 5753 Fr.
1116 5700 1167 5755 1.
1200 5716 1416 5752 παντων
1446 5716 1554 5751 των
1585 5715 1729 5755 ποιη-

164 5698 291 5757 Ibid.
320 5698 433 5755 Jes.
479 5698 706 5752 Taurin.
751 5698 901 5753 Colb.
928 5710 981 5753 et
1006 5698 1095 5753 Fr.
1116 5700 1167 5763 1,
1200 5700 1416 5752 πάντων
1446 5698 1554 5751 τῶν
1585 5715 1732 5769 ποιη-

164 5772 539 5849 μάτωνκιξειιι
593 5769 740 5849 ibid._
772 5768 1365 5849 8οςιιετ.,ᾁρνούμενοι
1423 5769 1729 5831 παντελῶς,

160 5837 267 5894 εἰσὶ
295 5840 611 5912 μυθολόγοι.
643 5837 742 5891 Alii
785 5837 907 5895 cuin
943 5837 1134 5902 editis,
1179 5837 1500 5910 ἀρνούμενοι
1536 5856 1728 5891 παντε-

160 5910 290 5962 λῶς.
326 5910 433 5962 εἰσὶ
468 5906 772 5962 μυθολόγοι.

197 5913 290 5976 ὡς,
326 5913 433 5967 εἰσὶ
458 5913 772 5983 μυθολόγοι.

1705 6017 1751 6027 ι...

1855 3435 2052 3487 minem
2085 3431 2435 3484 arbitrantur.
2468 3429 2616 3496 Quod
2651 3430 2693 3484 si
2726 3440 2982 3499 przeterea
3014 3446 3081 3486 ex
3114 3434 3229 3501 ipso
3257 3435 3420 3488 verba

1853 3525 2217 3597 proferantur,
2248 3537 2312 3575 ac
2348 3532 2531 3591 postea
2573 3532 2932 3586 evanescant;
2968 3538 3032 3576 eo
3083 3523 3255 3593 major
3305 3524 3421 3577 illo-

1854 3625 1971 3665 rum
2000 3619 2082 3663 est
2115 3608 2382 3678 impietas,
2410 3609 2501 3675 qui
2552 3623 2745 3678 nempe
2783 3623 2868 3673 ea,
2916 3626 3035 3679 qua:
3066 3623 3190 3665 sunt
3232 3628 3297 3665 ex
3330 3612 3421 3667 illo

1853 3704 1942 3773 qui
1985 3710 2087 3768 est,
2121 3701 2173 3755 in
2220 3702 2442 3755 nihilum
2485 3700 2776 3756 resolvant.
2805 3701 2933 3756 Nam
2961 3704 3005 3757 si
3038 3705 3258 3758 omnino
3298 3708 3417 3759 exi-

1854 3793 2072 3847 stimant
2096 3807 2125 3846 a
2162 3793 2269 3847 Deo
2300 3792 2440 3863 gigni
2475 3791 2707 3847 Verbum
2739 3811 2753 3847 :
2799 3794 2990 3848 melius
3020 3804 3073 3849 et
3120 3795 3419 3864 religiosius

1853 3899 1935 3940 eSt
1979 3884 2145 3939 Deum
2185 3884 2364 3937 dicere
2395 3883 2552 3938 unius
2584 3883 2741 3938 Verbi
2775 3899 2894 3939 esse
2925 3887 3246 3956 genitorem,
3276 3888 3419 3955 quod

1851 3987 1907 4034 et
1940 3978 2054 4049 ejus
2092 3975 2389 4032 divinitatis
2420 3974 2698 4045 plenitudo
2728 3986 2829 4041 est,
2857 3988 2911 4032 et
2941 3979 2992 4032 in
3033 3994 3139 4049 quo
3179 3979 3417 4034 thesauri

1919 4155 2030 4225 (9'5)
2070 4154 2161 4209 Sic
2201 4152 2607 4225 Fragmentum.
2642 4159 2714 4212 At
2744 4160 2871 4214 editi
2902 4170 2955 4213 et
2991 4161 3102 4221 alii,
3133 4162 3414 4217 ἀναπλάτ-

1843 4224 2045 4298 τοντες;
2079 4224 2451 4298 ll)i_d.’Fragm.
2505 4228 2730 4298 Seguer.
2780 4230 3002 4283 Taurin.
3051 4230 3201 4285 Colb.
3234 4244 3288 4285 et
3325 4234 3417 4289 Je-

1845 4297 1974 4351 suit.
2017 4294 2075 4347 ὃν
2105 4292 2251 4356 οὔτε,
2282 4292 2389 4349 etc.
2441 4298 2543 4351 Alii
2578 4292 2704 4352 vero
2744 4308 2799 4352 et
2844 4301 2994 4359 editi.
3031 4300 3090 4353 ὃν
3128 4303 3410 4357 omittunt.

1842 4364 1963 4419 Mox
1996 4360 2207 4433 Fragtn.
2232 4366 2494 4420 δεικνύειν
2521 4367 2791 4421 δύνανται.

1915 4434 2024 4508 (94)
2061 4434 2151 4489 διε
2176 4434 2648 4508 Fragm._Segtter.
2684 4438 2903 4492 Taurin.
2941 4438 3093 4494 Colb.
3124 4439 3272 4502 FrJ,
3297 4441 3410 4495 Jes.

1840 4503 2059 4578 Goble'r.
2092 4513 2147 4558 et
2178 4503 2301 4578 Fel.
2323 4506 2374 4560 1.
2405 4505 2462 4559 In
2502 4503 2663 4560 Basil.
2703 4511 2959 4577 scriptum
3007 4525 3223 4578 quoque
3258 4521 3407 4569 erat.

1840 4575 2098 4637 νοοῦντα,
2132 4576 2222 4628 sed
2269 4578 2499 4629 deletum
2541 4588 2641 4630 est.
2674 4578 2776 4630 Alii
2816 4575 2956 4632 ivero
2995 4575 3048 4632 et
3089 4575 3251 4641 editi,
3287 4583 3411 4645 τοὺς

1842 4645 2031 4721 λόγους
2045 4645 2186 4721 -τυὺς
2213 4646 2529 4721 προτέρους,
2566 4648 2660 4700 καὶ
2683 4648 2857 4721 πάλιν
2888 4647 3032 4701 οὕτω
3062 4648 3411 4721 σοφιζόμενον

1843 4716 2216 4788 ῥπονοοῦντες.
2251 4716 2393 4788 Ibid.
2423 4721 2644 4788 Seguer.
2680 4717 2897 4788 Fragm.
2941 4716 3149 4787 Anglic.
3190 4716 3407 4775 Gohler.

1843 4786 1956 4861 Fi,-_l.
2009 4788 2028 4838 1
2068 4796 2126 4861 et
2152 4786 2239 4861 5,_
2267 4783 2377 4861 J_es.
2423 4783 2644 4841 Taurin.
2681 4783 2832 4842 Colb.
2862 4800 2915 4841 et
2958 4783 3051 4843 Fr:
3082 4790 3136 4851 1.
3180 4791 3409 4861 μυθολο-

1840 4855 2047 4925 γοῦσιν,
2076 4856 2174 4925 οὐχ
2218 4855 2473 4927 ὁρῶντες,
2503 4867 2633 4920 etc.,
2671 4870 2726 4911 ut
2769 4860 2911 4924 jacet
2944 4861 2994 4913 in
3033 4855 3306 4917 contextu.
3341 4866 3411 4917 At

1843 4928 2014 4996 al‘iiet
2045 4928 2194 4991 editi,
2233 4929 2332 4996 eici
2347 4926 2714 4995 ὲναντιλογίαν
2742 4928 2916 4982 ταῦτα
2955 4929 3203 4996 λέγοντες
3243 4934 3410 4986 ἐκπε-

1841 4995 2109 5049 πτώκασι.
2137 4996 2268 5068 1ος.
2298 4995 2385 5050 Fr.
2409 5000 2466 5068 1,
2505 5001 2702 5052 ibidem
2740 5016 2834 5068 pro
2858 4995 3233 5066 ὑπονοοῦντες,
3264 5020 3411 5057 inen-

1840 5069 1969 5120 dose
2000 5067 2198 5120 habent
2222 5067 2281 5119 οὐ
2312 5067 2577 5129 νοοῦντες.

1911 5137 2023 5211 (9-5)
2182 5138 2403 5211 SegtLer.
2429 5139 2581 5211 (ξιιμ).
2611 5137 2839 5211 Taurin.
2875 5141 2981 5195 les.
3015 5152 3067 5196 et
3096 5142 3311 5211 Fragm.
3342 5144 3411 5195 At

1838 5207 2049 5276 Anglic.
2104 5205 2195 5259 Fr.
2220 5205 2274 5263 l.
2305 5206 2413 5261 Fel.
2440 5208 2497 5269 5,
2538 5209 2671 5263 πολὺ
2707 5210 2882 5263 τοῦτο.
2912 5212 3041 5265 Ibid.
3090 5205 3230 5266 les:
3251 5212 3404 5265 Colb.

1840 5275 2061 5330 Taurin.
2088 5291 2183 5346 pro
2209 5277 2514 5349 ἄνθρωπον,
2548 5282 2747 5334 habent
2779 5281 2959 5343 ἄνουν,
2990 5295 3109 5334 eum
3144 5283 3243 5333 hac
3283 5292 3405 5332 nota

1842 5348 1893 5399 in
1946 5358 2145 5419 textum
2184 5348 2383 5419 inserta
2422 5352 2519 5404 huc
2573 5354 2750 5411 tundo,
2789 5352 2924 5403 πολὺ
2970 5350 3160 5402 τοῦτον
3196 5349 3407 5419 ἄνθρω-

1838 5433 1959 5478 πον,
1990 5412 2173 5489 οἶμαι,
2222 5418 2294 5481 ὡς
2331 5418 2489 5471 ἄνουν
2538 5421 2739 5489 ὀφείλει
2784 5419 3119 5489 γράφεσθαι,
3158 5420 3221 5471 ἵν’
3250 5412 3404 5489 ᾖόῦ-

1837 5504 1945 5559 τως
1965 5504 1978 5517 ’
2016 5487 2149 5542 πολὺ
2182 5488 2367 5541 τοῦτον
2391 5491 2552 5542 ἄνουν
2580 5487 2877 5559 νομίζουσι.
2906 5487 3028 5559 Mox
3067 5487 3157 5542 Fr.
3185 5489 3237 5559 1,

1837 5558 2094 5629 νίζουσιν,
2119 5559 2194 5622 ὡς
2236 5560 2284 5611 οἱ
2312 5559 2418 5611 τῶν
2449 5557 2770 5629 ἀνθρώπων,
2806 5557 3402 5629 μειζώωςάσεὸοῦσιν.

1837 5626 1945 5682 Jes.
1998 5629 2152 5683 Colb.
2207 5629 2370 5681 'l‘aur.
2424 5626 2563 5681 ibid.
2598 5626 2872 5694 tuenduse,
2917 5627 3251 5681 εὐσεϐοῦσιν.
3280 5629 3405 5687 Haec

1838 5713 2018 5766 porro,
2054 5700 2188 5751 πολὺ
2231 5697 2436 5756 τοῦτον,
2464 5708 2593 5760 etc.,
2630 5713 2797 5765 usque
2823 5700 2888 5751 ad
2923 5696 3275 5767 ἀφανίζονται
3323 5700 3403 5755 in-

1838 5768 2036 5822 clusive
2065 5773 2257 5823 des-uit
2290 5769 2341 5819 in
2373 5767 2588 5821 Gobler.
2615 5779 2668 5819 et
2694 5767 2842 5821 Felc.
2874 5768 2925 5824 1.

1908 5839 2018 5907 (9h)
2059 5841 2305 5905 Seguer.,
2329 5836 2488 5907 αὑτὸν
2515 5839 2708 5907 γεννᾷν
2732 5838 3042 5901 αὑτόν,ὀιο.

1820 5900 1825 5903 ⁷
1866 5986 1873 5993 _
1909 5900 2020 5978 (97)
2062 5900 2278 5962 Taurin.
2307 5900 2544 5992 Colbcrt.
2572 5900 2665 5962 Fr:
2694 5908 2743 5977 1,
2789 5909 2848 5971 ὃς
2874 5911 2989 5962 ἐστι
3047 5910 3137 5965 καὶ
3168 5909 3232 5964 τὸ
3265 5909 3405 5980 πλή-
