3954 6504
525 351 631 407 579

1151 350 1209 407 S.
1250 348 1618 405 ATIIANASII
1658 348 1807 406 OI’P.
1847 344 2027 405 PARS
2065 352 2104 405 Ι.
2147 380 2215 394 -
2254 352 2625 412 IIISTORICA
2665 356 2754 414 ΕΤ
2792 357 3209 417 DOGMATICA.
3680 366 3771 421 580

524 471 739 539 quidem
763 484 917 524 error
948 468 1048 523 fuit
1080 468 1410 524 Iudaeorum.
1440 469 1565 525 Hazc
1594 479 1772 525 autem
1807 470 1942 537 sola,
1976 487 2093 525 ma-

2210 474 2287 526 τοῦ
2315 477 2522 548 Κυρίου
2557 478 2884 544 πλανῶνται,
2916 483 2972 533 αἱ
3020 482 3117 551 μὲν
3140 482 3335 546 οὔτως,
3368 484 3424 535 αἱ
3467 484 3525 536 δὲ
3563 486 3768 552 ἐκείνως

522 562 622 631 iuri
669 562 838 631 228
870 560 1090 615 incitata
1147 561 1347 629 furore,
1397 578 1525 617 ausa
1575 572 1657 616 est
1710 562 1879 631 ipsam
1930 564 2090 617 etiam

526 652 869 707 Divinitatem
926 653 1184 724 aggredi,
1234 664 1499 722 quatenus
1560 668 1751 722 nempe
1813 656 2091 709 contendit

528 744 758 799 Verbum
782 746 1001 801 omnino
1024 762 1125 800 non
1151 747 1337 809 fuisse,
1358 761 1455 800 nec
1494 745 1660 800 Deum
1684 762 1893 815 semper
1925 748 2093 803 fuisse

523 835 781 903 Patrem;
828 840 1077 906 quocirca
1114 855 1218 893 non
1270 837 1540 891 immerito
1588 838 1708 906 quis
1752 839 1947 893 dixerit
1992 841 2091 892 ad-

522 943 711 983 versus
744 944 837 984 eos
872 933 1130 1000 scriptum
1172 945 1293 985 esse
1330 930 1473 982 hunc
1507 929 1769 999 psalmum
1800 948 1812 984 :
1845 929 1984 983 Dixit
2022 930 2094 981 in-

522 1019 714 1087 sipiens
746 1021 801 1073 in
825 1022 978 1073 corde
1008 1037 1101 1074 suo
1128 1039 1146 1075 :
1169 1023 1288 1075 Non
1320 1030 1396 1075 est
1430 1021 1568 1074 Deus
1592 1036 1609 1074 :
1634 1021 1865 1090 corrupti
1897 1029 2016 1073 sunt
2045 1029 2092 1072 et

524 1102 895 1167 abominabiles
926 1114 1053 1179 facti
1093 1122 1214 1166 sunt
1248 1113 1299 1166 in
1327 1113 1514 1165 studiis
1542 1114 1651 1166 suis
1672 1113 1737 1168 “.

2198 568 2683 639 καταψευδόμεναι,
2720 571 2751 641 ἢ
2784 572 3026 643 μηδόλως
3047 573 3514 645 ἐπιδεδημηκέναι
3543 577 3639 629 τὸν
3668 579 3768 630 Κύ-

2202 673 2330 726 ριον,
2356 658 2432 722 ὡς
2474 660 2715 713 Ἰουδαῖοι
2742 663 3051 731 νομίζοντες
3092 664 3479 734 ἐπλανήθησαν
3501 683 3515 696 ·
3556 667 3695 737 αὕτη
3724 670 3770 722 δὲ

2201 748 2333 819 μόνη
2365 750 2735 820 μανικώτερον
2761 756 2838 815 είς
2866 754 3035 823 αὐτὴν
3072 756 3170 824 τὴν
3206 754 3440 826 θεότητα
3469 756 3587 825 (22)
3622 776 3773 812 κατα·

2197 838 2516 909 τετόλμηκε,
2569 841 2800 909 λέγουσα
2830 844 3068 913 μηδόλως
3106 840 3244 897 εἶναι
3292 847 3381 903 τὸν
3411 849 3611 915 Λόγον,
3652 851 3772 920 μηδὲ

2198 927 2287 979 τὸν
2318 930 2534 1000 Πατέρα
2569 931 2655 983 ἀεὶ
2708 933 2923 1003 Πατέρα
2956 928 3113 987 εἶναι.
3148 936 3312 989 Ὅθεν
3342 937 3588 1003 εὐλόγως
3612 939 3674 991 ἄν
3702 952 3774 997 τις

2200 1021 2319 1070 κατ’
2349 1021 2527 1073 αὐτῶν
2560 1024 2763 1075 ἐκεῖνον
2790 1024 2900 1094 (25)
2931 1026 3070 1080 εἴποι
3092 1008 3403 1096 γεγράξρθαι
3436 1029 3528 1080 τὸν
3548 1029 3769 1099 ψαλμόν·

2201 1107 2391 1163 Εἶπεν
2418 1112 2622 1180 ἄφρων
2650 1114 2721 1167 ἐν
2757 1115 2971 1183 καρδίᾳ
3010 1119 3218 1183 αὐτοῦ,
3268 1121 3391 1172 Οὐκ
3414 1119 3553 1172 ἐστι
3606 1122 3771 1185 Θεόςο

522 1202 930 1272 διεφθάρησαν
977 1204 1073 1256 καί
1112 1203 1571 1273 ἐϐδελύχθησαν
1620 1204 1690 1258 ἐν
1728 1204 1851 1271 τοῖς
1892 1203 2359 1272 ἐπιτηδεύμασιν
2394 1203 2610 1258 αὐτῶν.

594 1389 684 1446 18.
724 1389 909 1458 Atqui,
955 1389 1232 1459 inquiunt,
1275 1389 1515 1444 valemus
1559 1400 1613 1445 et
1660 1405 1949 1461 possumus
1994 1401 2093 1443 tat-

523 1484 680 1537 laciis
713 1482 1000 1537 defendere
1048 1492 1287 1535 nostram
1341 1483 1606 1536 haeresim.
1660 1482 1854 1537 Verum
1904 1482 2094 1536 melius

526 1576 622 1646 ipsi
668 1590 726 1629 se
763 1573 1137 1637 defenderent,
1186 1574 1229 1628 si
1277 1589 1383 1628 non
1422 1576 1656 1643 quodam
1708 1574 1936 1627 artificio
1995 1587 2093 1627 nec

524 1666 765 1738 profanis
795 1666 1168 1735 sophismatis,
1204 1667 1297 1721 sed
1328 1665 1557 1734 simplici
1596 1665 1697 1719 fide
1726 1680 1844 1719 eam
1878 1672 2095 1733 possent

526 1774 883 1830 propugnare.
908 1756 1113 1828 Itaque,
1131 1760 1173 1812 si
1206 1759 1343 1811 hanc
1371 1756 1794 1811 ecclesiasticam
1824 1770 1945 1809 esse
1970 1771 2097 1809 con-

528 1850 698 1904 fidunt
741 1861 795 1905 et
827 1850 1159 1915 existimant,
1208 1865 1359 1904 suam
1409 1850 1735 1903 sententiam
1783 1858 1966 1917 aperte
1997 1848 2094 1902 de-

526 1941 751 1997 clarent.
781 1940 949 1995 Nemo
978 1942 1121 1996 enim
1152 1956 1433 1995 accensam
1478 1941 1752 1997 lucernam
1786 1943 1886 1996 sub
1918 1943 2096 1995 modio

528 2034 698 2102 ponit,
726 2034 821 2088 sed
854 2048 1015 2102 supra
1056 2032 1462 2099 candelabrum,
1498 2043 1559 2088 ut
1599 2035 1851 2088 omnibus
1880 2033 2097 2087 venien-

528 2125 670 2179 tibus
717 2124 886 2179 luceat
927 2126 994 2179 “.
1033 2123 1090 2179 Si
1146 2140 1274 2194 ergo
1323 2141 1475 2180 suam
1521 2126 1597 2180 illi
1654 2126 1901 2181 haeresim
1960 2125 2095 2179 tueri

525 2225 775 2285 possunt,
818 2217 1060 2272 scribant
1087 2232 1206 2286 qum
1242 2232 1405 2287 supra
1442 2218 1603 2272 allata
1650 2228 1797 2283 sunt,
1831 2230 2095 2285 suamque

526 2307 775 2363 hmresim
806 2309 1004 2363 nudam
1037 2310 1308 2374 omnibus,
1339 2318 1596 2378 tanquam
1647 2309 1953 2372 lucernam,
2000 2324 2095 2361 ex-

529 2399 749 2453 hﬂieant
790 2417 804 2453 :
837 2399 1201 2454 Alexandrum
1242 2401 1412 2453 beatae
1464 2400 1737 2452 memoria:
1784 2400 2095 2468 episcopum

529 2501 713 2558 aperte
776 2491 1152 2554 criminentur,
1205 2491 1389 2544 Arium
1440 2505 1503 2544 ea
1554 2491 1825 2544 dicentem
1875 2491 2101 2557 ejecisse

531 2582 727 2649 injuste
754 2599 767 2635 :
799 2593 1197 2650 conquerantur
1229 2584 1295 2635 de
1328 2581 1539 2635 Nicama
1565 2582 1791 2651 synodo,
1826 2596 1964 2651 qua},
1999 2582 2100 2632 im-

529 2670 731 2739 pietate
764 2668 985 2735 rejecta,
1026 2672 1167 2738 piam
1198 2668 1474 2722 substituit
1501 2677 1554 2721 et
1589 2668 1756 2721 edidit
1784 2666 1959 2720 iidem.
1990 2663 2099 2717 Ve-

530 2774 653 2814 rum
704 2760 756 2813 id
810 2774 905 2815 eos
955 2775 1059 2813 non
1109 2758 1351 2813 facturos
1393 2773 1492 2827 pro
1538 2766 1689 2812 certo
1738 2758 1928 2810 habeo.
1993 2753 2101 2808 Nec

530 2850 673 2904 enim
719 2852 852 2905 adeo
904 2861 1029 2904 sunt
1095 2850 1266 2918 ignari
1321 2850 1587 2904 malorum
1640 2863 1759 2918 qua:
1812 2846 2099 2902 commenti

532 2949 660 2993 sunt
702 2952 755 2995 et
786 2956 1041 3011 spargere
1074 2942 1319 2994 nituntur
1357 2958 1369 2993 :
1407 2941 1499 2995 sed
1545 2942 1710 3010 probe
1742 2940 1937 3004 sciunt,
1977 2938 2102 2991 licet

532 3029 684 3083 initio
718 3028 1068 3098 simpliciores
1106 3044 1244 3083 vano
1275 3030 1639 3099 surripuerint
1664 3029 1915 3095 artiﬁcio,
1946 3042 2096 3082 suam

2271 1387 2356 1441 18.
2404 1386 2560 1439 Ἀλλά
2604 1387 2698 1439 xui
2746 1387 3020 1457 ίσχύομεν,
3060 1389 3194 1457 φασὶ
3219 1389 3352 1459 (24),
3379 1391 3475 1441 xui.
3507 1390 3775 1461 δυνάμεθα

2197 1483 2318 1542 ταῖς
2350 1479 2704 1548 πανουργίαις
2757 1480 3055 1549 προστῆναι
3091 1481 3190 1550 τῆς
3220 1482 3507 1553 αἱρέσεως.
3555 1482 3777 1536 Βελτίὶυν

2198 1571 2243 1624 δ’
2274 1571 2339 1624 ἂν
2365 1572 2571 1639 γένοιτο
2600 1571 2779 1623 αὐτῶν
2813 1574 2845 1641 ἡ
2887 1571 3170 1640 ἀπολογία,
3222 1572 3314 1626 ἐὰν
3360 1572 3435 1643 μὴ
3480 1573 3649 1643 τέχνῃ
3683 1575 3778 1626 τινὶ

2203 1664 2335 1735 μηδὲ
2375 1662 2699 1732 σοφίσμασιν
2740 1662 3089 1731 Ἑλληνικοῖς,
3136 1663 3253 1716 ἀλλ’
3306 1663 3453 1733 ἀπλῇ
3498 1668 3565 1735 τῇ
3611 1665 3778 1717 πίστει

2198 1756 2401 1826 ταύτης
2435 1753 2736 1825 προστῆναι
2776 1753 3046 1807 δύνανται.
3089 1754 3300 1807 Οὐκοῦν
3339 1758 3387 1807 εί
3416 1755 3777 1825 τεθαρρήκασι

2198 1847 2291 1900 καὶ
2319 1845 2677 1914 γινώσκουσιν
2717 1844 3175 1916 ἐκκλησιαστικῆν
3206 1841 3344 1899 εἶναι
3368 1846 3600 1916 ταύτην,
3638 1846 3777 1913 λεγέ-

2196 1954 2376 1990 τωσαν
2406 1936 2655 2008 φανερῶς
2673 1936 2731 1987 τὸ
2757 1936 3009 2006 φρόνημα
3030 1954 3041 1965 ·
3073 1937 3250 2000 οὐδεὶς
3274 1937 3385 2009 γὰρ
3416 1938 3564 2007 ἀψας
3593 1938 3777 2008 λύχνον

2197 2029 2405 2099 τίθησιν
2437 2030 2594 2081 αὐτὸν
2620 2026 2730 2097 (25)
2765 2026 2869 2078 ὑπὸ
2920 2027 3015 2079 τὸν
3042 2027 3245 2097 μόδιον,
3280 2028 3395 2080 ἀλλ’
3422 2030 3517 2081 ἐπὶ
3549 2031 3649 2099 τὴν
3688 2029 3776 2080 λυ-

2198 2120 2373 2190 χνίαν,
2406 2120 2501 2172 xui.
2527 2118 2731 2189 λάμπει
2757 2120 2888 2170 πᾶσι
2926 2121 3038 2181 τοῖς
3068 2120 3492 2189 εἰσερχομένοις.
3522 2119 3585 2171 Ei
3614 2119 3779 2171 τοίνυν

2198 2212 2292 2265 xui.
2328 2204 2473 2265 οὗτοι
2504 2211 2800 2281 προστῆναι
2831 2209 3101 2274 δύνανται,
3131 2210 3505 2279 γραψάτωσαν
3542 2210 3612 2262 τὰ
3656 2227 3775 2281 προ-

2199 2305 2481 2376 ειρημένα,
2505 2305 2598 2355 καὶ
2628 2303 2958 2368 δειξάτωσαν
2990 2304 3177 2364 πᾶσιν,
3198 2302 3489 2371 ὼςλύχνον
3524 2303 3655 2373 (26),
3690 2320 3779 2371 γυ-

2203 2395 2461 2468 μνὴνητὴν
2484 2394 2689 2447 ἑαυτῶν
2718 2396 2927 2464 αἰρεσιν
2945 2411 2957 2422 '
2983 2392 3232 2464 φανερῶς
3259 2412 3316 2446 τε
3342 2395 3437 2447 καὶ
3468 2395 3781 2464 κατηγορεί-

2197 2506 2377 2541 τωσαν
2424 2487 2769 2559 Ἀλεξάνδρου
2822 2487 2913 2540 τοῦ
2976 2489 3277 2559 μακαρίτου
3312 2486 3425 2555 (27)
3457 2486 3774 2547 ἐπισκόπου,

2198 2578 2273 2641 ὡς
2295 2578 2493 2640 ἀδίκως
2516 2578 2834 2643 ἐκϐαλόντος
2863 2580 2953 2632 τὸν
2976 2582 3191 2650 Ἀρειον
3212 2578 3440 2647 λέγοντα
3467 2578 3661 2641 ταῦτα,
3693 2576 3778 2629 xui

2204 2667 2600 2737 μεμφέσθωσαν
2632 2670 2729 2740 τὴν
2757 2672 2812 2721 ὲν
2842 2670 3045 2740 Νικαίᾳ
3086 2669 3322 2731 σύνοδον,
3371 2669 3496 2719 ἀντὶ
3528 2669 3626 2737 τῆς
3658 2668 3779 2720 ἀσε-

2201 2760 2349 2821 ϐείας
2373 2760 2763 2831 ὑπομνήσασαν
2796 2763 2890 2813 xui.
2919 2760 3206 2832 γράψασαν
3228 2760 3324 2829 τὴν
3351 2760 3555 2829 εὐσεϐῆ
3577 2761 3770 2811 πίστιν.

2214 2848 2351 2900 ’Λλλ’
2399 2849 2459 2900 ού
2506 2851 2840 2919 ποιήσουσιν,
2879 2846 2938 2902 εὖ
2993 2847 3128 2911 οἶδα,
3173 2850 3255 2901 ὅτι
3288 2850 3386 2918 οὐχ
3430 2847 3607 2911 οὕτως
3652 2849 3778 2900 εἰσὶν

2200 2938 2440 3005 ἀγνῶτες
2474 2939 2584 3006 (28)
2614 2932 2687 2991 ὧν
2728 2939 3029 2993 ἐπλάσαντο
3074 2942 3168 2992 καὶ
3214 2939 3612 3008 φιλονεικοῦσιν
3661 2942 3777 2991 ἑπι-

2204 3033 2420 3099 σπεῖραι
2468 3030 2688 3083 κακῶν·
2745 3031 2877 3084 ἀλλὰ
2917 3032 3009 3083 καὶ
3072 3031 3217 3101 μάλα
3263 3030 3645 3099 γινώσκουσιν,
3679 3031 3775 3091 ὅτι,

531 3127 714 3172 tamen
744 3118 1066 3172 sententiam
1105 3118 1247 3173 illico
1286 3128 1542 3187 tanquam
1575 3119 1859 3186 impiorum
1894 3118 2096 3184 lumen,

2210 3120 2306 3173 κᾶν
2338 3121 2479 3174 κατὰ
2512 3122 2609 3191 τὴν
2637 3122 2809 3192 ἀρχὴν
2848 3124 2972 3185 τοὺς
3012 3124 3306 3194 ἀκεραίους
3341 3123 3431 3175 διὰ
3483 3123 3642 3191 κενῆς
3671 3122 3775 3191 (29)

530 3210 1002 3278 exstinguendam,
1028 3225 1191 3280 seque
1226 3209 1422 3278 ubique
1457 3211 1600 3265 velut
1631 3211 1873 3264 veritatis
1916 3210 2101 3265 hostes

534 3297 827 3371 ignominia
855 3314 974 3354 esse
1016 3301 1298 3354 notandos.
1339 3300 1474 3354 llinc
1501 3310 1582 3355 est
1617 3300 1778 3370 igitur
1810 3302 1951 3369 quod
1989 3301 2098 3364 illi.

532 3390 625 3459 qui
661 3390 821 3444 stuite
861 3399 1025 3461 agunt
1054 3392 1269 3458 omnia,
1309 3401 1362 3445 et
1395 3401 1454 3445 ut
1487 3392 1637 3445 stulti
1689 3392 2002 3460 loquuntur,
2045 3394 2095 3446 in

534 3495 599 3536 eo
648 3488 848 3536 tantum
885 3496 943 3536 se
992 3483 1304 3552 prudenter,
1351 3494 1411 3537 ut
1462 3483 1553 3537 ﬁlii
1600 3485 1820 3550 smculi,
1871 3494 2096 3554 gerant,

533 3572 675 3641 quod
706 3574 803 3627 sub
818 3572 1054 3627 modium
1080 3573 1352 3628 lucernam
1391 3574 1724 3628 abscondant
1755 3589 1908 3629 suam
1935 3574 2002 3641 “,
2040 3583 2099 3627 tit

532 3678 793 3734 apparere
834 3666 1195 3730 existimetur,
1226 3676 1407 3733 etne,
1448 3666 1493 3720 si
1529 3676 1836 3735 appareret,
1880 3666 2096 3735 cognita

533 3763 589 3810 et
636 3756 917 3824 reprobata
975 3758 1425 3826 exstingueretur.
1481 3755 1725 3825 Namque
1780 3757 1895 3825 ipse
1937 3756 2101 3811 Arius

536 3848 642 3899 dux
691 3847 911 3915 hujusce
954 3847 1200 3911 haeresis,
1243 3859 1297 3901 et
1348 3848 1557 3900 Eusebii
1607 3848 1805 3913 socius,
1842 3847 2099 3901 Eusebia-

536 3947 727 3987 norum
777 3948 938 4003 opera
992 3949 1021 3988 a
1059 3936 1235 3990 beata:
1273 3938 1551 3991 meruerim
1601 3936 1955 3992 Constantino
1989 3937 2101 3989 Au-

606 4158 652 4192 “
686 4156 829 4214 Psal.
870 4173 979 4227 ut,
1024 4158 1075 4222 1.
1118 4159 1228 4216 2.“
1264 4160 1453 4217 Matth.
1485 4177 1539 4229 γ,
1619 4163 1704 4218 15.

606 4358 719 4430 (~22)
751 4358 1118 4432 Sic‘Seguer.
1160 4360 1381 4432 (Fragm.
1436 4360 1627 4417 Jesuit.
1675 4360 1824 4416 Colb.
1877 4362 2101 4416 Taurin.

535 4430 626 4486 Fr.
658 4432 712 4493 1,
743 4429 986 4486 (ἔοΙιΙετί
1032 4429 1324 4485 ΕεΙι·ιίιιι.’1
1361 4442 1415 4485 et
1447 4433 1501 4486 5.
1548 4432 1685 4485 Editi
1726 4446 1854 4484 vero
1890 4442 1945 4485 et
1978 4432 2100 4494 alii,

535 4486 710 4570 αὐτὴν
754 4498 1002 4570 θεότητα.
1048 4501 1184 4555 Ibid.
1256 4501 1481 4570 Seguer.
1553 4501 1771 4555 Gobler.
1829 4486 2179 4566 Felck.1,D

532 4569 996 4641 κατατετόλμηκε.
1016 4571 1116 4641 Alii
1140 4582 1192 4624 ct
1212 4569 1366 4641 (editi,
1394 4571 1713 4641 τετόλμηκε.
1736 4570 1858 4641 Μοκ
1883 4570 2100 4641 Iesuit.,

536 4640 773 4709 'I‘anrin,
800 4639 1038 4709 Qulhert.
1072 4639 1163 4693 Fr.
1201 4640 1253 4701 1,
1283 4649 1337 4694 et
1368 4639 1625 4708 Fragmqi
1651 4639 1801 4709 unde
1848 4640 1936 4691 τὸν
1998 4640 2104 4692 Πα-

534 4708 670 4781 τέρα
702 4708 1059 4781 ἀεὶΑΠατέρα.
1097 4712 1167 4763 At
1200 4710 1289 4763 alii
1326 4721 1381 4765 et
1412 4711 1563 4774 editi,
1589 4708 1681 4763 τὸν
1714 4708 1850 4761 Θεὸν
1882 4709 2100 4780 Πατέρα

536 4773 691 4833 εἶναι.
719 4776 900 4841 Ὅθεν,
928 4773 1034 4833 etc.

760 4847 1005 4927 ἔνδυθι-η
1036 4849 1275 4902 ἐκείνων.
1308 4846 1448 4911 Mox,
1481 4858 1597 4917 post
1643 4847 1741 4900 οὐκ
1779 4846 1895 4899 ἔστι
1934 4847 2096 4913 Θεός,

536 4914 737 4986 desinit
769 4914 1168 4986 Fragmentum.

602 4984 1007 5057 (7‘2_4)_Segtier,,
1058 4986 1195 5057 ’Δλλέ
1246 4986 1719 5057 ίσχύομεν,νφησί.
1764 4986 1928 5040 Paulo
1978 4996 2100 5056 post

536 5054 848 5124 Gohlerian.
883 5063 936 5108 et
966 5056 1145 5111 Felck.
1176 5056 1225 5119 1,
1273 5054 1485 5109 Βέλτιον
1534 5056 1576 5107 δ’
1610 5054 1675 5110 ἂν
1718 5057 1950 5124 γένοιτο,
1979 5054 2095 5110 etc.

538 5126 680 5197 Infra
736 5122 928 5178 Jesuit.
982 5126 1137 5180 Colb.
1181 5126 1403 5179 Taurin.
1451 5136 1505 5180 et
1551 5125 1644 5182 Fr.
1689 5122 1740 5188 1,
1801 5126 2097 5197 προστῆναι

533 5194 821 5248 δύνωνται.

604 5265 717 5332 (25)
758 5266 848 5319 δίο
884 5262 1107 5332 Seguer.
1153 5263 1307 5318 Colb.
1362 5265 1583 5320 Taurin.
1636 5264 1829 5320 Jesnit.
1875 5263 2095 5319 Gotiler.

532 5344 580 5391 et
616 5333 855 5391 Felckm.
885 5337 935 5389 1.
968 5336 1038 5388 At
1067 5334 1153 5387 alii
1182 5344 1237 5387 et
1265 5336 1391 5389 editi
1418 5335 1579 5388 αὐτόν
1610 5337 1885 5389 omittunt.

603 5405 714 5475 (26)
755 5406 847 5475 δίε
881 5405 1105 5475 Seguer.
1166 5404 1389 5475 Taurin.
1436 5404 1624 5475 Iesnit.
1681 5404 1771 5456 Fr.
1801 5405 1851 5475 1,
1885 5403 2094 5475 Anglic.

532 5477 599 5558 At
631 5472 866 5558 Gublerz.
899 5472 1141 5558 .FeJcll’.'I
1187 5483 1243 5529 et
1273 5474 1327 5533 5,
1361 5472 1996 5558 ﬁatﬁutwuuv‘irpﬁnovz'.

533 5544 742 5613 λύχνον.
772 5543 933 5605 Editi,
966 5542 1295 5606 δειξάτωσαν
1318 5546 1531 5613 πρῶτον
1578 5545 1656 5604 είς
1702 5542 1914 5611 λύχνον.
1963 5544 2093 5595 Ibid.

532 5614 759 5681 Seguer.
777 5611 967 5666 Jesuit.
987 5612 1222 5665 Colhert.
1240 5612 1465 5681 Taurin.
1491 5612 1580 5664 Fr.
1599 5614 1650 5674 1,
1672 5612 1886 5665 Gobler.
1909 5611 2093 5668 Felck.

534 5683 559 5735 1
594 5680 648 5735 et
676 5682 728 5746 5,
755 5682 966 5752 γυμνὴν
994 5681 1092 5752 τὴν
1123 5680 1348 5735 ἑαυτῶν.
1387 5682 1489 5733 Alii
1512 5696 1642 5752 rem
1663 5681 1852 5733 etediti
1883 5683 2094 5752 γυμνήν

534 5753 807 5807 amittunt.
840 5750 969 5807 Itein
1010 5750 1137 5806 ibid.
1166 5752 1390 5821 Seguer.
1410 5760 1469 5807 .et
1504 5750 1719 5815 Jesuit.,
1751 5751 2001 5821 φανερῶς
2032 5750 2091 5806 τε

2206 3207 2422 3277 ἀπάτης
2458 3210 2868 3280 ὑφαρπάσωσιν,
2902 3211 3013 3263 ἀλλ’
3041 3212 3203 3274 εὐθὺς
3225 3215 3257 3281 ἡ
3297 3212 3476 3265 ἔννοια
3512 3213 3684 3265 αὐτῶν
3706 3213 3778 3275 ὡς

2208 3299 2321 3367 φῶς
2355 3299 2564 3352 ἀσεϐῶν
2607 3302 2718 3371 (50)
2753 3302 3056 3367 σϐέννυται,
3089 3305 3183 3356 xui.
3219 3305 3618 3373 στηλιτεύονται
3651 3322 3779 3356 παν-

2204 3388 2391 3459 ταχοῦ,
2426 3390 2499 3452 ὡς
2531 3391 2627 3460 τῆς
2674 3391 2926 3461 ἀληθείας
2965 3393 3161 3463 ἐχθροί.
3201 3394 3299 3447 Διά
3328 3393 3487 3447 τοῦτο
3517 3395 3641 3461 γοῦν
3670 3395 3775 3465 (51)

2206 3482 2381 3535 πάντα
2407 3484 2602 3553 μωρῶς
2632 3482 2927 3548 ποιοῦντες,
2978 3486 3072 3537 καὶ
3119 3485 3197 3548 ὡς
3250 3488 3427 3557 μωροὶ
3473 3486 3773 3550 λαλοῦντες,

2203 3574 2361 3628 τοῦτο
2397 3575 2574 3645 μόνον,
2608 3575 2680 3639 ὼς
2707 3578 2811 3629 υίο⁶ι
2841 3575 2934 3629 τοῦ
2959 3577 3150 3641 αἰῶνος
3189 3578 3343 3642 ὄντες
3380 3580 3589 3644 τούτου,
3611 3582 3777 3651 φρονί-

2210 3684 2324 3738 μως
2352 3669 2702 3738 πεποιήκασι,
2739 3668 3072 3738 κρύπτοντες
3100 3670 3205 3722 ὑπὸ
3231 3670 3323 3723 τὸν
3344 3673 3526 3741 μόδιον
3552 3674 3637 3725 τὸν
3664 3674 3776 3724 ἐαυ-

2207 3757 2313 3811 τῶν
2341 3757 2551 3829 λύχνον,
2589 3760 2677 3812 ἵνα
2707 3759 2991 3830 νομίζηται
3031 3762 3262 3828 φαίνειν,
3292 3764 3387 3816 καὶ
3425 3765 3499 3834 μὴ
3529 3764 3774 3834 φαινόμε-

2204 3865 2293 3911 νος
2323 3849 2633 3921 ἀποσϐεσθῇ
2677 3851 3243 3923 καταγινωσκόμενος.
3275 3856 3387 3907 Καὶ
3414 3855 3523 3926 γάρ
3557 3857 3647 3910 καὶ
3681 3855 3775 3909 αὺ-

2204 3937 2296 4001 τὸς
2333 3939 2552 4010 ΙἌρειος
2602 3940 2714 4011 (52)
2747 3942 2775 3994 ό
2811 3942 2909 4012 τῆς
2967 3942 3065 4012 μὲν
3102 3944 3369 4016 αἱρέσεως
3398 3946 3639 4017 ἔξαρχος,
3671 3946 3774 3998 Εὖ-

1780 4165 1825 4195 ⁶⁸
1843 4163 1975 4219 Luc.
2005 4181 2115 4233 xw,
2144 4166 2201 4223 8.

2207 4363 2299 4415 xui
2314 4359 2908 4432 xurnyopsirwsuv._At
2931 4361 2983 4414 in
3006 4359 3126 4432 aliis
3155 4360 3386 4432 etetlijis
3424 4360 3517 4414 καί
3548 4359 3707 4432 de_est.

2280 4432 2391 4499 (27)
2422 4428 2765 4498 δὶρδεειιεν.
2816 4428 3004 4485 Jesuit.
3040 4430 3263 4484 Colb.et
3292 4430 3385 4484 Fr.
3412 4432 3465 4485 1.
3498 4433 3565 4483 At
3589 4429 3768 4491 Taur.,

2210 4500 2497 4572 μακαρίου.
2536 4500 2672 4572 Editi
2700 4508 2753 4552 et
2790 4500 2905 4572 alii_,
2941 4500 3379 4572 μακαριωτάτου.

2277 4568 2399 4640 (28)
2442 4568 2531 4622 Sic
2575 4568 2813 4640 Achuer.
2864 4568 3102 4640 Taurin.‘
3130 4583 3184 4624 et
3246 4569 3441 4640 Jemit.
3484 4568 3673 4640 At_alii
3714 4575 3771 4621 et

2204 4636 2747 4707 οι1ἰἰἰ,ἀγνοοῦντες.
2797 4638 2932 4693 Ibid.
2983 4638 3211 4707 Seguer.
3273 4638 3523 4707 Taurin._
3544 4638 3767 4707 Colbcrt.

2204 4708 2294 4762 Fr.
2323 4710 2372 4771 1,
2403 4703 2612 4775 Anglic.
2676 4708 2894 4762 Gobler.
2963 4703 3204 4761 Feli-kut.
3234 4709 3259 4761 1
3302 4717 3357 4762 el
3390 4710 3450 4772 ὅ,
3490 4703 3561 4763 ὧν
3608 4706 3769 4775 ὲπλάτ

2205 4794 2365 4833 σαντο
2418 4773 2512 4830 xui.
2565 4776 2955 4849 (ριλονεικοῦσιν
3000 4779 3322 4849 ὲπισπεῖραι
3384 4779 3582 4832 κακῶν.
3632 4773 3767 4828 Editi

2206 4862 2335 4903 vero
2362 4860 2411 4901 et
2439 4850 2554 4920 alii,
2580 4845 2652 4920 ἦν
2680 4848 3049 4920 ἐπλάσαντο...
3080 4845 3302 4901 κακίαν.

2277 4919 2388 4988 (‘29)
2432 4917 2523 4973 Sic
2574 4913 2801 4986 Seguer.
2851 4918 3044 4971 Jesuit.
3086 4930 3140 4971 et
3194 4920 3388 4988 editio
3420 4915 3663 4972 Commel.
3694 4913 3767 4966 At

2203 4986 2450 5051 Taurin.,
2479 4988 2691 5057 καινῆς,
2719 4997 2776 5039 ιιι
2802 5000 2856 5041 et
2886 4990 3096 5057 videtur
3127 4988 3321 5057 legisse
3345 4986 3614 5051 Nannius;
3644 4998 3765 5036 nam

2204 5060 2380 5118 vertit,
2415 5060 2603 5111 recenti
2634 5056 2947 5123 impostura.
2977 5056 3239 5121 ϐοῶσι-1.,
3276 5058 3473 5127 κακῆς.

2274 5128 2385 5195 (50)
2429 5127 2679 5196 Seguer.,
2710 5126 2941 5189 ἀσεϐῶς,

2274 5184 2384 5267 (51)
2424 5184 2619 5250 ἔρδ’ἶιὶι.
2667 5184 2916 5267 ’μοιυυτιζ
2948 5196 3220 5267 _Tanrin.,
3250 5195 3349 5267 Διά
3392 5194 3547 5267 τοῦτο
3576 5184 3762 5267 δἰοὖν.

2201 5261 2531 5347 Ibid._'iidem
2573 5276 2627 5345 et
2670 5265 2895 5351 Seguer.
2933 5265 3152 5351 Gobler:
3179 5274 3233 5343 et
3289 5265 3471 5351 Feb-Is;
3502 5266 3552 5326 1,

2205 5336 2401 5407 μωρῶς
2446 5334 2714 5398 ποιοῦσιν,
2756 5335 3037 5423 ὼςμωροὶ
3066 5334 3372 5419 λαλοῦντες.
3415 5333 3534 5388 Mox
3580 5333 3763 5411 τούτου

2201 5409 2354 5461 abest
2387 5421 2417 5459 a
2450 5406 2673 5471 Seguer.
2703 5404 2892 5459 Iesutt.
2940 5406 3029 5459 I‘r.
3059 5406 3108 5467 1,
3141 5406 3380 5458 Lolhert.
3410 5405 3455 5467 1,
3483 5404 3683 5455 Tanrnt.

2273 5475 2385 5545 (52)
2424 5474 2614 5563 Jesnit.
2673 5474 2893 5563 Taprin.
2924 5474 3227 5563 ,(Ξυμιξξνι.η
3282 5472 3610 5563 ἀποσϐεσθῇ·

2199 5544 2667 5614 ταγινωσκόμενος
2707 5544 2815 5614 γὰρ
2842 5545 2946 5611 καὶ
2984 5544 3143 5607 αὐτὸς
3173 5545 3411 5614 Ἀρειος.
3456 5545 3546 5597 llic
3585 5548 3763 5591 autem

2200 5615 2349 5669 locus
2372 5631 2436 5668 ex
2466 5618 2522 5669 δ.
2543 5616 2839 5668 Athanasio
2866 5616 3095 5668 habetur
3121 5623 3258 5681 apud
3296 5608 3762 5681 Sozomenumiib.

2199 5699 2258 5747 ιι,
2291 5699 2408 5752 cap.
2434 5684 2524 5748 50,
2556 5683 3039 5741 cditionisValesii.
3065 5676 3285 5741 Gobler.
3314 5694 3367 5740 et
3398 5679 3566 5738 Felck.
3587 5680 3625 5742 1,
3644 5676 3766 5730 Καὶ

2199 5754 2305 5826 γὰρ
2338 5754 2499 5817 αὐτὸς
2530 5753 2763 5825 Ἀρειος.
