3954 6496
497 466 597 522 591

1073 464 1130 520 S.
1172 465 1554 522 ATHA‘NASII
1588 466 1736 523 OPP.
1781 466 1963 522 PARS
1999 468 2039 523 1.
2072 499 2141 510 --
2175 468 2545 527 iilSTORICA
2586 473 2674 528 ET
2718 458 3140 535 DOGMATICA.

3670 487 3756 543 592

498 595 727 651 rarunt;
760 585 1042 654 episcopos
1066 595 1122 640 et
1146 586 1511 658 presbyteros,
1542 587 1778 656 quicum
1811 586 1942 657 ipsis
1975 600 2079 641 non

2220 590 2701 661 ποστρεφομένους
2746 592 2939 654 αὐτοὺς
2956 592 3270 657 ἐξέκλεισαν
3292 595 3406 666 (87)
3446 598 3560 653 τῶν
3592 601 3769 677 ἔκκληυ

497 678 927 741 communicant,
962 677 1016 731 in
1072 679 1325 733 exsilium
1356 696 1453 748 pro
1498 696 1598 733 suo
1621 680 1884 734 arbitratu
1920 682 2082 736 mise-

497 779 670 835 runt;
708 770 955 838 populos,
985 771 1075 841 qui
1108 772 1176 826 ab
1206 772 1311 827 illis
1351 773 1586 843 fugiunt,
1624 774 1866 829 ecclesiis
1894 774 2083 829 exclu-

501 870 712 926 serunt,
736 876 935 932 easque
961 862 1298 918 tradiderunt
1326 864 1565 927 Arianis,
1599 865 1687 933 qui
1712 880 1739 917 a
1774 874 1922 919 tanto
1952 876 2087 920 temv

501 966 637 1021 pore
669 953 888 1008 fuerunt
920 954 1303 1019 condemnati;
1341 963 1399 1007 ut
1430 955 1639 1010 scilicet
1674 955 2085 1011 Melctianorum

504 1044 854 1101 simulatione
877 1058 999 1098 cum
1036 1044 1167 1109 ipsis
1194 1046 1568 1114 conspirante,
1604 1045 1717 1101 illic
1739 1061 1931 1101 secure
1965 1061 2089 1115 pos-

508 1138 620 1192 sint
646 1152 758 1193 suae
802 1136 1094 1206 impietatis
1123 1136 1288 1192 verba
1316 1152 1588 1200 evomere,
1618 1148 1777 1207 atque
1807 1138 2086 1192 Antichri-

509 1238 619 1292 sto,
645 1229 736 1298 qui
758 1229 899 1283 hanc
927 1229 978 1282 in
1005 1229 1108 1284 illis
1142 1229 1431 1284 seminavit
1465 1230 1739 1295 haeresim,
1768 1230 1909 1283 viam
1944 1243 2090 1284 erro-

509 1317 608 1382 ris,
642 1326 701 1371 ut
726 1319 946 1387 quidem
974 1327 1216 1387 sperant,
1261 1334 1587 1390 prxparare.

579 1410 672 1465 23.
700 1409 828 1467 Haec
868 1411 1049 1480 itaque
1077 1411 1151 1464 illi
1180 1412 1539 1467 dormitantes
1561 1412 1797 1467 inaniter
1826 1412 2084 1481 cogitent.

512 1501 624 1557 Nos
652 1502 797 1557 enim
826 1517 931 1557 non
977 1503 1289 1557 dubitamus
1313 1503 1442 1572 quin
1472 1504 1736 1573 benignus
1773 1504 2087 1572 imperator,

512 1609 572 1648 re
614 1594 819 1659 audita,
862 1594 1077 1648 illorum
1134 1594 1442 1664 impietates
1476 1596 1545 1649 sit
1594 1595 1995 1665 prohibiturus;
2027 1609 2091 1649 ac

513 1686 739 1754 proinde
770 1701 877 1740 non
927 1686 1016 1741 diu
1053 1686 1127 1739 illi
1177 1687 1519 1755 perstabunt,
1570 1686 1687 1747 sed,
1735 1693 1793 1739 ut
1828 1686 2089 1753 scriptum

513 1778 677 1841 est",
719 1776 881 1833 corda
910 1778 1195 1847 impiorum
1236 1779 1345 1833 cito
1374 1778 1645 1832 deﬁcient.
1678 1776 1785 1832 Nos
1813 1787 1991 1833 autem
2014 1778 2095 1831 di-

519 1873 787 1936 vinarum,
822 1878 881 1924 ut
922 1869 1184 1937 scriptum
1234 1878 1317 1925 est
1342 1870 1410 1933 ⁸⁸,
1469 1868 1871 1939 Scripturarum
1923 1866 2091 1922 induti

2194 681 2345 744 σιῶν,
2404 684 2519 745 τοῖς
2567 682 2623 734 δὲ
2668 684 2963 752 Ἀρειανοῖς
3000 687 3115 748 τοῖς
3164 686 3274 757 πρὸ
3301 688 3564 745 τοσούτου
3594 696 3761 763 χρόνου

2186 772 2623 841 καταγνωσθεῖσι
2662 776 3110 847 παραδεδώκασιν
3144 778 3338 843 αὐτάς,
3371 781 3480 845 ἵνα,
3523 786 3765 859 συνούσης

2188 865 2373 927 αὐτοῖς
2402 865 2619 935 καὶτῆς
2648 866 2757 919 τῶν
2792 869 3129 923 Μελιτιανῶν
3158 870 3267 939 (88)
3300 872 3666 946 ὑποκρίσεως.
3694 882 3764 932 ἐπ’

2190 957 2375 1019 ἀδείας
2400 956 2595 1027 ἔχωσιν
2616 960 2675 1011 ἐν
2716 959 2905 1024 αὐταῖς
2935 961 3003 1015 τά
3023 962 3123 1032 τῆς
3154 963 3413 1029 ἀσεϐείας
3443 967 3629 1020 αὐτῶν
3656 972 3769 1023 am.

2192 1047 2384 1100 πτύειν
2422 1050 2663 1118 ῥήματα,
2734 1050 2827 1101 καὶ
2860 1052 3420 1122 προκατασκευάζειν,
3488 1055 3569 1118 ὦς
3606 1074 3663 1124 γε
3700 1075 3771 1111 νο-

2192 1141 2431 1211 μίζουσι,
2457 1139 2534 1210 τῷ
2556 1140 2653 1212 τὴν
2683 1141 2894 1213 αἵρεσιν
2927 1144 3109 1207 αὐτοῖς
3141 1144 3530 1217 ὲπισπείραντι
3564 1148 3640 1219 τῷ
3674 1150 3771 1203 Ἂν.

2188 1231 2472 1302 τιχρίστῳ,
2501 1231 2597 1302 τὴν
2629 1232 2733 1302 τῆς
2766 1233 2980 1305 ἀπάτης
3007 1234 3115 1307 (89)
3148 1236 3289 1290 ὁδόν.

2259 1406 2347 1459 23.
2395 1407 2622 1458 Ἐκεῖνοι
2644 1407 2741 1476 μὲν
2763 1402 2855 1459 οὖν
2888 1408 3126 1462 τοσαῦτα
3150 1408 3515 1475 νυστάζοντες
3536 1413 3775 1480 φανταζὲ-

2194 1497 2406 1551 σθωσαν
2443 1498 2619 1569 μάτην
2640 1514 2654 1529 ⁸
2704 1498 2926 1570 οἴδαμεν
2961 1500 3090 1573 γάρ,
3124 1503 3206 1555 ὅτι
3233 1502 3325 1555 καὶ
3357 1505 3386 1556 ὁ
3413 1504 3777 1575 φιλάνθρωπος

2194 1587 2464 1657 βασιλεὺς,
2484 1588 2742 1652 ἀκούσας,
2762 1590 2993 1644 κωλύσει
3014 1593 3113 1654 τάς
3135 1593 3402 1663 πονηρίας
3414 1594 3599 1646 αὐτῶν
3622 1595 3709 1647 καὶ
3724 1594 3777 1647 οἱ.

2194 1679 2495 1750 χρονιοῦσιν
2520 1680 2652 1751 (90),
2684 1682 2821 1735 ἀλλά
2854 1684 2996 1737 κατά
3032 1684 3094 1737 τὸ
3124 1686 3539 1756 γεγραμμένον,
3579 1688 3779 1757 καῴίαι

2193 1772 2301 1825 τῶν
2334 1772 2549 1826 ἀσεϐῶν
2593 1774 2802 1845 ταχέως
2846 1774 3221 1845 ἐκλείψουσιν·
3259 1778 3426 1847 ἡμεῖς
3456 1778 3515 1831 δὲ
3552 1777 3629 1841 ὡς
3661 1780 3779 1849 πρὸς

2196 1864 2512 1927 ἀποστάτας
2541 1865 2635 1918 καὶ
2669 1865 2921 1931 θέλοντας
2954 1868 3151 1937 μανίαν
3181 1869 3238 1920 ὲν
3269 1867 3405 1939 οἴκῳ
3450 1870 3658 1940 Κυρίου
3695 1889 3780 1923 κα-

517 1963 887 2027 sermonilms,
930 1963 1037 2017 illis
1080 1978 1184 2017 non
1245 1978 1403 2018 secus
1436 1977 1499 2017 ac
1526 1962 1790 2032 apostatis
1833 1961 1923 2029 qui
1954 1959 2100 2015 iuro.

2220 1954 2463 2024 ταπῆξαι,
2501 1956 2885 2026 ἠμφιεσμένοι,
2939 1956 3079 2009 κατὰ
3136 1955 3196 2008 τὸ
3227 1960 3644 2029 γεγραμμένον,
3687 1964 3782 2024 τοῖς

519 2070 634 2108 rem
663 2054 716 2108 in
750 2054 909 2109 domo
931 2054 1142 2108 Domini
1166 2054 1434 2109 collocare
1475 2054 1717 2122 cupiunt,
1753 2054 2093 2118 resistamus,

521 2160 621 2200 nec
678 2145 1128 2214 pertimescamus
1164 2146 1409 2214 corporis
1448 2154 1698 2209 mortem,
1758 2158 1931 2214 neque
1989 2144 2101 2198 vias

520 2246 710 2291 eorum
744 2237 1063 2292 aemulemur
1105 2254 1119 2291 :
1148 2237 1243 2292 sed
1282 2237 1464 2306 potius
1493 2251 1605 2306 prre
1639 2234 1893 2291 omnibus
1927 2238 2103 2290 Valeat

522 2332 745 2385 veritas.
782 2330 1077 2383 Enimvero
1124 2344 1223 2383 nos
1271 2342 1487 2398 quoque
1514 2337 1639 2381 tunc
1662 2329 1729 2381 ab
1763 2325 2101 2390 Eusebiauis,

524 2428 583 2473 ut
616 2434 776 2474 nemo
803 2428 1045 2474 vestrum
1088 2419 1320 2488 ignorat,
1355 2419 1529 2487 rogati
1557 2428 1615 2471 ut
1644 2417 1726 2472 vel
1751 2434 1873 2471 cum
1905 2420 1984 2470 eis
2006 2416 2106 2469 im-

520 2510 783 2579 pietatem
824 2509 1076 2564 simulate
1117 2509 1595 2578 amplecteremur,
1641 2509 1725 2563 vel
1759 2508 1828 2562 ab
1852 2508 1986 2577 ipsis
2019 2508 2105 2561 in-

526 2598 698 2652 sidias
728 2607 1197 2666 exspectaremus,
1242 2596 1349 2650 illis
1380 2596 1649 2653 noluimus
1695 2596 1970 2663 assentiri,
2011 2595 2106 2651 sed

523 2690 708 2759 potius
736 2688 1001 2758 elegimus
1023 2689 1089 2741 ab
1122 2688 1253 2757 ipsis
1277 2688 1461 2743 vexari
1487 2704 1647 2757 quam
1673 2687 1863 2743 Judam
1884 2688 2106 2741 imitari.

528 2778 727 2849 Utique
743 2780 1045 2849 praestitere
1064 2779 1207 2849 quod
1231 2778 1444 2832 fuerant
1467 2779 1675 2843 minati,
1699 2777 2111 2846 Jezabelemque

528 2873 723 2926 imitati
746 2873 809 2935 ⁸⁷,
841 2870 941 2926 sibi
986 2886 1245 2940 paravere
1283 2871 1618 2936 Meletianos,
1653 2887 1882 2942 quorum
1922 2872 2113 2926 fraude

530 2971 852 3017 uterentur:
880 2976 985 3016 non
1016 2962 1193 3032 ignari
1219 2964 1421 3018 scilich
1446 2978 1679 3032 quonam
1710 2964 1869 3017 modo
1895 2962 1966 3016 illi
1992 2977 2112 3018 sese

530 3055 790 3110 advers’us
825 3055 1043 3110 beatum
1077 3053 1295 3109 Petrum
1342 3064 1657 3126 martyrem,
1693 3055 1994 3124 deindeque
2020 3056 2113 3108 ad-

530 3162 726 3202 versus
758 3161 1010 3213 magnum
1042 3145 1332 3212 Achillam,
1366 3161 1429 3200 ac
1449 3146 1679 3213 denique
1708 3146 1968 3199 adversus
1998 3144 2114 3198 feli-

533 3238 610 3292 cis
641 3236 1032 3291 recordationis
1077 3236 1443 3291 Alexandrum
1502 3236 1789 3305 gesserint,
1850 3244 1908 3288 ut
1948 3236 2110 3289 etiam

532 3330 636 3384 hoc
668 3338 828 3397 pacto
861 3328 1149 3383 adversum
1178 3342 1297 3393 nos,
1326 3328 1403 3382 uti
1440 3327 1683 3383 meditati
1724 3338 1871 3393 sunt,
1904 3329 1955 3381 hi
1992 3329 2114 3397 qni-

535 3420 657 3474 dem
690 3420 950 3489 quidquid
982 3418 1141 3490 233
1167 3418 1298 3488 ipsis
1328 3428 1638 3489 suggestum
1674 3418 1855 3484 fuerit,
1886 3419 2111 3489 ﬁngant,

535 3509 614 3565 illi
646 3524 780 3565 vero
804 3526 989 3565 ansam
1017 3511 1140 3566 inde
1164 3510 1424 3578 arripiant
1446 3524 1544 3565 nos
1565 3512 1922 3581 persequendi
1955 3520 2115 3581 atque

541 3601 607 3655 ad
632 3615 815 3656 necem
845 3601 1146 3671 quaerendi.
1182 3601 1296 3656 Hoc
1325 3602 1467 3655 enim
1496 3611 1575 3655 est
1613 3602 1755 3669 quod
1783 3600 1990 3661 sitiunt.
2018 3616 2115 3655 ne-

538 3706 644 3761 que
670 3692 935 3747 hactenus
964 3692 1297 3747 voluntatem
1335 3693 1653 3762 abjecerunt
1681 3702 1923 3746 nostrum
1954 3690 2119 3747 effun-

540 3782 698 3836 dendi
729 3783 1068 3853 sanguinem.
1096 3781 1292 3835 Verum
1328 3783 1441 3836 haec
1473 3796 1571 3851 ego
1598 3782 1819 3837 minime
1839 3797 2007 3849 curo;
2043 3783 2120 3837 si-

544 3872 760 3937 quidem
800 3870 1138 3939 exploratum
1188 3885 1619 3939 persuasumque
1662 3871 1792 3924 mihi
1827 3879 1932 3935 est,
1973 3872 2116 3942 quod

547 3960 903 4014 tolerantibus
942 3960 1157 4013 dabitur
1179 3974 1385 4014 merces
1420 3974 1449 4013 a
1475 3958 1775 4025 Salvatore,
1812 3975 2031 4030 vosque,
2062 3971 2120 4017 ut

544 4061 752 4119 patres,
782 4052 1122 4116 sustinendo,
1142 4051 1266 4105 facti
1298 4050 1435 4120 plebi
1464 4051 1787 4121 exemplum,
1822 4068 2118 4123 eversaque

2200 2044 2378 2112 λόγοις
2397 2045 2503 2099 τῶν
2534 2044 2694 2097 θείων
2716 2044 2967 2114 Γραφῶν,
2992 2048 3503 2117 ἀντικαταστῶμεν,
3535 2050 3629 2102 καὶ
3661 2052 3781 2121 μήτε

2202 2139 2429 2193 θάνατον
2447 2138 2755 2208 σωματικὸν
2775 2136 3120 2209 φοϐηθῶμεν,
3153 2140 3291 2209 μήτε
3308 2139 3409 2203 τάς
3425 2140 3633 2194 τούτων
3648 2142 3781 2206 ὁδοὺς

2204 2228 2571 2301 ξηλὼσωμεν·
2632 2228 2769 2282 ἀλλά
2836 2230 3053 2283 πάντων
3136 2231 3339 2298 μᾶλλον
3423 2233 3785 2304 προκρινέσθω

2202 2324 2302 2395 τῆς
2332 2322 2589 2393 ἀληθείας
2627 2324 2655 2376 ὁ
2693 2322 2868 2391 λόγος.
2901 2324 3012 2377 Καὶ
3036 2323 3147 2395 γὰρ
3181 2324 3275 2377 κα¹ι
3303 2327 3491 2395 ἡμεῖς,
3526 2326 3601 2388 ὡς
3627 2326 3780 2377 οἴδατε

2207 2414 2429 2479 πάντες,
2480 2414 2788 2485 ἀξιούμενοι
2836 2416 2953 2468 τότε
2982 2414 3131 2486 παρά
3163 2416 3273 2468 τῶν
3316 2417 3445 2488 περὶ
3481 2416 3593 2487 (91)
3634 2416 3783 2469 Εὐσέ-

2207 2507 2342 2570 ϐιον,
2390 2506 2422 2578 ἢ
2482 2505 2879 2576 ὑποκρίνασθαι
2945 2506 3042 2558 σὺν
3084 2506 3268 2569 αὐτοῖς
3320 2508 3422 2578 τὴν
3456 2506 3780 2578 ἀσέϐειαν,ἢ

2208 2596 2514 2669 προσδοκᾷν
2539 2595 2829 2665 ἐπιϐουλὴν
2858 2596 2987 2665 παρ’
3022 2594 3201 2647 αὐτῶν
3232 2593 3369 2663 (92),
3405 2597 3507 2649 οὐκ
3533 2596 3784 2667 ἠθελήσαη

2214 2705 2311 2759 μεν
2337 2688 2518 2750 αὐτοῖς
2549 2685 3003 2755 συγκαταθέσθαι,
3040 2685 3176 2738 ἀλλὰ
3212 2685 3413 2755 μᾶλλον
3438 2686 3685 2757 εἱλόμεθα
3716 2686 3784 2739 δι-

2210 2779 2447 2834 ώκεσθαι
2479 2781 2609 2850 παρ’
2652 2777 2917 2848 αὑτῶν,ἢ
2959 2777 3050 2830 τὸν
3096 2777 3190 2830 τοῦ
3238 2778 3410 2831 Ἰούδα
3462 2777 3783 2850 μιμήσασθαι

2211 2873 2411 2943 τρόπον
2453 2870 2586 2941 (95).
2622 2870 2734 2942 (94)
2776 2870 2991 2940 Ἀμέλει
3022 2870 3386 2940 πεποιήκασιν
3421 2872 3558 2941 ὅπερ
3586 2870 3784 2941 ἠπείλη-

2214 2982 2313 3017 σαν
2349 2965 2481 3033 (95),
2518 2966 2613 3017 καὶ
2637 2962 3007 3034 μιμησάμενοι
3042 2962 3140 3033 τὴν
3187 2962 3446 3027 Ἰεζάϐελ,
3475 2963 3784 3031 ἐγκαθέτους

2214 3057 2426 3118 ἑαυτοῖς
2457 3055 2582 3118 τοὺς
2602 3054 2958 3116 Μελιτιανοὺς
2986 3052 3094 3123 (96)
3124 3054 3568 3107 κατεσκεύασαν
3602 3054 3785 3117 εἰδότες

2216 3146 2332 3210 πῶς
2361 3145 2501 3199 κατά
2544 3145 2637 3197 τοῦ
2681 3146 2950 3217 μακαρίου
2983 3147 3195 3217 Πέτρου
3236 3144 3329 3198 τοῦ
3365 3147 3653 3217 μάρτυρος,
3702 3161 3787 3199 και

2221 3239 2335 3308 μετ’
2365 3238 2527 3290 αὑτὸν
2552 3235 2643 3289 τοῦ
2685 3236 2919 3305 μεγάλου
2954 3236 3193 3307 Ἀχιλλᾶ,
3220 3233 3343 3291 εἶτα
3379 3238 3518 3291 κατά
3564 3238 3651 3291 τοῦ
3694 3256 3785 3308 μα-

2220 3330 2445 3401 καρίτου
2489 3329 2599 3399 (97)
2648 3329 2998 3400 Ἀλεξάνδρου
3031 3330 3340 3397 γεγόνασιν,
3391 3331 3457 3383 ἶν’
3489 3329 3654 3392 οὕτως
3702 3330 3787 3382 καὶ

2220 3420 2342 3473 καθ’
2370 3420 2547 3491 ήμῶν,
2588 3419 2775 3489 ῶσπερ
2810 3419 2967 3472 τοῦτο
3002 3419 3419 3491 μελετήσαντες,
3468 3421 3780 3493 ὑποκρίνωειι⁹

2218 3529 2307 3565 ται
2342 3511 2441 3582 μὲν
2468 3503 2612 3565 οὗτοι
2638 3512 2780 3583 ᾇπερ
2811 3512 2875 3565 ἂν
2901 3512 3083 3574 αὐτοῖς
3116 3512 3397 3583 ὑποϐληθῇ
3434 3512 3563 3583 (98),
3605 3514 3788 3565 ἐκεῖνοι

2222 3606 2278 3658 δὲ
2322 3604 2593 3675 πρόφασιν
2626 3604 2829 3658 λάϐωσι
2870 3604 3085 3666 διώκειν
3136 3606 3229 3657 καὶ
3270 3604 3451 3674 ζητεῖν
3485 3608 3623 3677 ἡμᾶς
3670 3605 3787 3657 ἀπο·

2225 3696 2450 3747 κτεῖναι.
2488 3693 2657 3746 Τοῦτο
2685 3693 2793 3764 γὰρ
2831 3693 3047 3763 διψῶσι,
3082 3695 3174 3747 καὶ
3208 3694 3268 3747 οὐ
3304 3695 3563 3748 παύονταί
3600 3712 3657 3762 γε
3686 3693 3785 3763 (99)

2227 3784 2387 3854 μέχρι
2434 3783 2527 3836 νῦν
2576 3784 2637 3836 τὸ
2675 3780 2811 3855 αἷμα
2870 3786 3025 3855 ἡμῶν
3076 3784 3322 3849 θέλοντες
3364 3786 3599 3856 ὲκχέειν.»
3640 3783 3787 3837 Ἀλλά

2224 3875 2428 3929 τούτων
2462 3875 2687 3946 οὐδεμία
2716 3894 2806 3947 μοι
2828 3876 3047 3947 φροντίς
3065 3893 3077 3906 ·
3110 3873 3229 3931 οἶδα
3254 3879 3364 3949 γὰρ
3392 3880 3487 3932 xui.
3508 3878 3787 3946 πέπεισμαι

2223 3968 2305 4019 ὅτι
2331 3969 2441 4028 τοῖς
2474 3967 2832 4036 ὑπομένουσιν
2857 3968 3007 4020 ἔσται
3027 3968 3218 4037 μισθὸς
3236 3970 3387 4041 παρὰ
3410 3969 3503 4022 τοῦ
3534 3968 3786 4036 Σωτῆροςν

2227 4060 2319 4113 καὶ
2348 4061 2429 4112 ὅτι
2460 4062 2552 4115 καὶ
2584 4062 2741 4131 ὑμεῖς
2775 4062 2849 4133 (1)
2894 4063 3312 4131 ὑπομείναντες,
3348 4064 3425 4129 ὡς
3460 4067 3507 4116 οἱ
3552 4062 3785 4131 πατέρες,

613 4144 661 4175 ⁸⁸
693 4143 850 4199 Prov.
884 4160 940 4209 x,
965 4144 1056 4199 20.
1130 4144 1176 4176 ”
1201 4142 1266 4198 IV
1298 4143 1431 4213 Reg.
1470 4160 1599 4210 xm,
1627 4145 1660 4200 9
1687 4146 1837 4216 juxta
1874 4146 2039 4202 LXX.

2220 4154 2251 4207 ΙΙ
2280 4154 2408 4225 Reg.
2446 4172 2558 4219 χχι,
2594 4156 2652 4209 7.

616 4262 1005 4338 (87)__'l‘_aurin.
1046 4263 1137 4338 F_r_.
1180 4264 1550 4338 1,_Qolbert.,
1580 4265 1777 4338 αὐτοὺς
1807 4268 2121 4338 ἐζημίωσαν

543 4338 637 4391 καὶ
689 4333 1022 4398 ἐξέκλεισαν.
1078 4333 1199 4389 Mox
1240 4334 1350 4389 Fcl.
1406 4335 1469 4399 5,
1521 4335 1630 4405 πρὸ
1678 4333 1948 4389 τοσούτῶν
1999 4340 2125 4410 χρό-

542 4425 647 4462 νων
656 4446 671 4459 .

616 4475 954 4547 (88)]3ειεὶιίη
972 4474 1337 4547 Μελετιανῶν.
1364 4474 1531 4547 Paulo
1552 4485 1669 4547 post
1688 4475 1909 4547 Seguer.
1935 4476 2126 4531 Jesuit.

543 4543 949 4600 ColluTaurin.
979 4544 1135 4600 Gobl.
1168 4546 1279 4600 Fel.
1330 4548 1377 4614 Ι,
1400 4543 1653 4608 ἀσεϐείας
1694 4543 1923 4600 ἑαυτῶν.
1965 4547 2127 4613 ΕιΙίιί,

543 4616 722 4671 αὐτῶν
746 4614 1020 4677 ἀσεϐείας.

618 4688 729 4756 (89)
783 4686 874 4739 Sic
910 4686 1134 4753 Seguer.
1182 4683 1373 4756 Jesuit.
1421 4686 1645 4741 Taurin.
1686 4686 1773 4741 Fr.
1814 4688 1869 4753 1,
1907 4687 2125 4741 Gobler.

545 4755 684 4810 Editi
718 4770 847 4808 vero
887 4763 941 4807 et
978 4755 1405 4819 alii,d1:oi).siatg.
1456 4756 1577 4810 Mox
1617 4758 1866 4822 Seguer.,
1903 4756 2128 4810 τοιαῦτα

555 4824 925 4947 δυστὲςαντες.
953 4823 1144 4879 Jesuit.
1176 4825 1395 4879 Taurin.
1426 4827 1516 4880 Fr.
1538 4829 1590 4892 1,
1612 4828 1872 4893 Colbert.,
1896 4826 2130 4881 τοσαῦτα

555 4913 677 4947 νυστ
720 4910 926 4947 εαντες.

548 4913 608 4948 νυ
617 4896 926 4956 στάξαντες.

959 4961 1048 5037 Fr.
1070 4965 1123 5037 1,
1149 4964 1371 5037 Taurin.
1398 4966 1621 5037 ϐοιὶ).οὐ
1642 4967 1749 5036 γὰρ
1773 4966 2126 5037 χρονίσουσιν.

552 5032 668 5087 Μοκ
705 5035 928 5100 Seguer.
965 5032 1154 5088 Jesuit.
1189 5033 1411 5089 Taurin.
1462 5036 1612 5091 Colb.
1654 5032 1877 5092 'Gob'IEr.
1916 5036 2028 5090 Fel.
2076 5039 2128 5102 1,

550 5102 912 5176 xapBiatAtt'bv
940 5102 1168 5176 ἀσεϐῶν.
1202 5103 1342 5176 Editi
1378 5114 1433 5159 et
1468 5106 1577 5167 alii,
1610 5106 1805 5176 καρδία
1838 5106 2068 5158 ἀσεϐῶν.

621 5174 734 5245 (91)
765 5174 856 5227 Sic
882 5174 1107 5245 Sit-guer.
1136 5174 1327 5245 {esuiL
1348 5176 1440 5229 Fr.
1463 5177 1515 5240 1,
1548 5174 1784 5229 Colbert.
1820 5176 2039 5228 Taurin.
2068 5177 2135 5230 At

550 5244 736 5317 Bisili.
768 5244 1003 5317 Anglic.
1042 5252 1097 5317 ct
1132 5244 1244 5297 Fel.
1277 5248 1331 5317 5,
1377 5246 1499 5298 τότε
1546 5245 1651 5297 ὑπὸ
1690 5245 1798 5317 τῶν
1838 5247 1987 5317 περ),
2024 5256 2131 5300 etc.

552 5316 691 5370 Editi
719 5315 837 5367 τότε
852 5313 959 5365 τῶν
984 5316 1133 5384 περὶ,
1157 5324 1259 5369 etc.
1284 5316 1403 5370 Mox
1431 5317 1657 5379 Seguer.
1691 5313 1923 5368 Taurin;
1941 5314 2129 5369 .Iesuit.

552 5386 644 5438 Fr.
680 5385 729 5448 1,
771 5384 1013 5439 Colbert.
1058 5384 1371 5441 Goblerian.
1410 5396 1463 5440 et
1510 5385 1623 5440 Fel.
1690 5386 1742 5451 1,
1780 5386 1876 5437 σὺν
1929 5386 2129 5448 αὐτοῖς.

556 5455 694 5525 ΕιΙίιί
736 5454 1087 5525 εῑνειιίὶηπαρ⁸
1117 5455 1320 5525 αὐτοῖς.

626 5524 740 5595 (9‘2)
792 5524 883 5578 Sic
934 5523 1158 5591 Segucr.
1207 5524 1399 5580 Jesuit.
1445 5525 1665 5579 Taurin.
1713 5525 1947 5580 Colbert.
1983 5525 2052 5577 At
2083 5525 2134 5578 in

558 5594 718 5665 editis
746 5595 897 5665 deest
932 5595 1059 5665 παρ’
1086 5595 1285 5665 αὐτῶν.
1323 5595 1436 5649 Fel.
1474 5605 1623 5649 n0tat
1668 5596 1719 5647 in
1759 5612 1887 5648 mss.
1924 5595 2136 5665 Anglic.

559 5662 902 5747 Comet-“Fr.
938 5665 989 5728 1,
1018 5662 1203 5719 ctFel.
1247 5666 1299 5730 1,
1327 5666 1450 5737 legi,
1482 5665 1757 5736 προσδοκᾷ
1782 5664 1912 5736 παρ’
1937 5663 2134 5728 αὐτῶν,

558 5732 655 5781 οὐκ
684 5729 1045 5850 ⁴ζέθελήσαμεν.
1144 5804 1157 5815 '
1288 5729 1292 5730 ν
1380 5729 1405 5737 ⁷
1440 5729 1444 5731 Ἴ
1530 5729 1540 5736 ’
1732 5729 1743 5735 ⁷
1865 5729 1876 5736 ’

560 5799 1217 5935 ἲρὲῗέὑζξιιριιρτίῑιιιηιιι.
1244 5803 1373 5859 Colh
1404 5804 1575 5871 ,ἦτον
1595 5805 1768 5858 Ἰούδα
1800 5804 2137 5875 μιμήσασθαι

560 5884 779 5924 τροπον.

2303 4272 2413 4344 (94)
2447 4273 2574 4328 Vide
2612 4273 2922 4342 Apologiam
2954 4283 3138 4327 contra
3170 4274 3403 4330 Arianos
3436 4291 3579 4329 num.
3604 4273 3683 4327 59.

2304 4364 2417 4433 (95)
2453 4364 2542 4417 Sic
2567 4362 2789 4431 Seguer.
2842 4363 3032 4417 Jesuit.
3081 4365 3306 4423 Taurin.
3340 4366 3492 4420 Colb.
3538 4376 3588 4419 et
3628 4362 3789 4433 editio

2234 4431 2497 4489 Conunel.
2536 4444 2593 4486 ut
2623 4444 2677 4487 et
2705 4434 2863 4487 vertit
2894 4433 3225 4489 Ommbonus
3259 4437 3361 4488 hoc
3396 4436 3583 4489 modo:
3617 4433 3676 4485 Et
3710 4431 3789 4497 {e-

2237 4513 2417 4558 cerunt
2444 4503 2676 4570 profecto
2702 4505 3136 4571 quemadmodum
3184 4505 3368 4557 minati
3416 4515 3552 4558 sitnl.
3584 4502 3791 4571 Gobler.

2165 4604 2208 4658 Β
2235 4584 2289 4658 et
2314 4573 2427 4653 Fel.
2460 4575 2509 4635 i,
2557 4569 2829 4642 ἠθέλησαν
2889 4574 2981 4626 καὶ
3007 4574 3333 4644 ἠπείλησαν,
3377 4584 3438 4629 ιιι
3487 4574 3635 4628 etiam
3666 4569 3792 4639 legit

2234 4644 2497 4698 Nannius.

2311 4736 2423 4806 (96)
2455 4734 2545 4787 Sic
2594 4734 2819 4799 Segucr.
2868 4735 3105 4806 Collicrt.
3158 4735 3350 4806 Jesuit.
3394 4735 3601 4806 Taurin.
3634 4730 3790 4806 ΔΕιΙίιί

2237 4803 2623 4867 ιὀέυὲαυτοὺς
2654 4805 3040 4868 Μελετιανούς,
3059 4815 3160 4857 etc.
3187 4805 3306 4858 Mox
3330 4803 3788 4871 Seguerﬁolbert.

2235 4876 2429 4960 :lnesuit.
2458 4874 2547 4958 Fr.
2575 4876 2629 4936 1,
2650 4873 2895 4960 Taurin”
2926 4876 3226 4960 μακαρίτου
3246 4876 3467 4960 Πέτρου.
3490 4873 3710 4960 galbert.

2238 4946 2279 4998 Τ
2287 4945 2807 5016 ιιυιζὶιιηξπιαόπου
2860 4940 2953 5016 κα).
3008 4940 3303 5016 μάρτυρος.
3341 4940 3459 4998 Mox
3490 4940 3694 4997 Taurin.
3738 4948 3795 4991 et

2236 5016 2328 5070 Fr.
2360 5015 2384 5067 1
2416 5027 2469 5069 et
2502 5013 2765 5081 Colbert.,
2795 5015 3001 5085 Ἀχιλᾶ.

2309 5108 2425 5178 (97)
2463 5107 2554 5161 Sic
2589 5107 2813 5178 Sgguerﬁ.
2868 5106 3060 5161 Jesuit.
3100 5106 3191 5161 Fr.
3221 5108 3274 5172 1,
3312 5106 3541 5178 Colbert.
3577 5102 3795 5178 Taurin.

2237 5189 2289 5231 cl.
2317 5172 2561 5232 'Gobler.
2618 5172 2733 5231 Fel.
2781 5177 2804 5229 1
2843 5186 2896 5230 et
2935 5179 2987 5232 5.
3014 5177 3082 5230 At
3123 5178 3249 5231 editi
3279 5186 3333 5231 et
3372 5176 3482 5240 alii,
3512 5172 3791 5244 μακαξιίου.

2241 5249 2361 5301 Mox
2414 5248 2642 5316 Seguer.
2672 5248 2838 5299 Taur.
2895 5257 2949 5302 et
3003 5246 3240 5301 Colbert.
3282 5240 3589 5316 Jesuit..‘i’~[
3618 5240 3798 5301 οὓτως,

2240 5318 2353 5371 καί.
2391 5318 2447 5371 In
2480 5313 2598 5371 aliis
2627 5316 2721 5370 καί
2751 5316 2917 5372 deest.
2949 5316 3103 5372 Colb.
3134 5316 3289 5380 ibid.,
3327 5315 3443 5386 μεθ’
3470 5313 3627 5384 ἡμῶν.

2278 5410 2424 5533 ϐέῗῖ)
2451 5408 2768 5479 segnerian.
2802 5408 3117 5465 Goblerian.
3167 5417 3223 5462 et
3279 5406 3577 5462 Felckmau.
3612 5401 3661 5463 1,
3693 5400 3800 5452 :3:-

2311 5498 2373 5533 /..
2414 5496 2469 5533 τι.

2242 5496 2469 5550 εοληυη.

2464 5573 2556 5653 Sic
2606 5570 2827 5653 Seguer.
2856 5569 3053 5653 Fr._1,
3076 5566 3266 5653 Jesnit.
3298 5566 3527 5653 (Tol-beri.
3561 5558 3795 5653 Ian-Irin:

2242 5643 2299 5696 In
2324 5637 2448 5695 aliis
2479 5652 2533 5695 et
2561 5637 2719 5693 editis
2752 5640 3015 5709 particula
3056 5655 3121 5706 γε
3168 5639 3336 5693 deest.
3382 5637 3533 5692 Paulo
3560 5640 3674 5700 post
3706 5644 3805 5698 μοι

2244 5722 2370 5765 ante
2406 5710 2627 5781 φροντίς
2646 5711 2799 5765 abest
2825 5723 2857 5763 a
2881 5709 3107 5778 Seguer.

2317 5805 2393 5874 (1)
2441 5804 2680 5874 Colbert.
2724 5801 2923 5874 Jcsuit.
2948 5800 3145 5855 Taurin
3178 5840 3192 5857 .
3231 5800 3421 5853 καὶὸτι
3460 5797 3611 5865 ὑμεῖς.
3673 5790 3802 5842 Mox

2249 5876 2587 5944 Sogucriau.,
2617 5873 2783 5936 τύπος
2813 5873 3106 5945 γινόμενος.
