3954 6498
213 453 308 508 595
1229 452 1577 511 APOLOGIA
1616 456 1709 511 AD
1747 458 2245 517 CONSTANTIUM
2282 461 2423 517 IMP.

3365 468 3471 523 594

211 570 359 620 τύποι
390 564 672 636 γενόμενοι
694 565 806 629 τοῖς
833 563 1004 629 λαοῖς,
1038 563 1134 619 καὶ
1160 565 1558 640 ἀνατρέποντες
1576 571 1675 643 τὴν
1698 570 1784 634 ξέ·

1892 574 2196 644 huiusmodi
2226 585 2450 631 externa
2473 583 2529 631 et
2571 576 2745 631 aliena
2777 578 3065 648 impiorum
3097 580 3321 646 astutia,
3347 582 3471 651 jure

212 676 301 729 νην
339 658 433 710 καὶ
473 656 758 729 ἀλλοτρίαν
792 657 867 726 (‘2)
910 657 1113 727 ταύτην
1140 659 1381 713 ἐπίνοιαν
1412 660 1518 715 τῶν
1548 663 1783 729 ἀσεϐῶν,

212 752 351 816 ἕξετε
384 750 483 819 μὲν
536 749 596 801 τὸ
642 750 921 819 καύχημα,
966 749 1247 817 λέγοντες·
1284 750 1392 823 Τὴν
1424 752 1605 806 πίστιν
1630 770 1788 825 τετη-

214 844 452 913 ρήκαμεν
475 858 488 871 ο
518 840 861 911 ἀπολήψεσθε
892 841 947 894 δὲ
975 843 1065 894 τὸν
1096 841 1356 910 στέφανον
1391 844 1485 913 τῆς
1525 843 1690 914 ζωῆς,
1728 845 1786 897 ὃν

211 930 565 999 ἐπηγγείλατο
588 933 617 983 ὁ
638 931 766 994 Θεὸς
795 932 870 1001 (5)
895 935 1006 994 τοῖς
1040 931 1325 999 ἀγαπῶσιν
1356 934 1538 987 αὐτόν.
1570 934 1787 987 Γένοιτο

1892 665 2113 735 gloriari
2150 668 2419 736 poteritis,
2458 668 2699 724 dicentes
2740 688 2755 724 :
2803 669 2986 725 Fidem
3025 673 3360 728 servavimus
3386 675 3469 739 ";
3516 688 3519 689 '

1894 767 1958 807 ac
1984 765 2261 823 postremo
2296 757 2419 810 vita:
2446 771 2727 823 coronam,
2755 775 2914 827 quam
2950 758 3089 814 Deus
3119 775 3176 814 se
3203 760 3468 830 diligenti-

1893 842 1994 898 bus
2027 847 2369 913 promisit”,
2419 849 2553 903 estis
2588 852 2878 918 recepturi.
2938 851 3153 905 Utinam
3189 867 3319 904 vero
3366 867 3467 922 ego

1898 949 2115 1004 quoque
2152 939 2430 993 vobiscum
2496 941 2670 995 haeres
2709 942 2831 994 liam
2864 943 3306 1010 promissionum,
3347 960 3466 1012 alue

212 1023 261 1076 δὲ
308 1023 450 1093 κάμὲ
511 1023 629 1093 μεθ’
665 1024 815 1093 ὑμῶν
856 1023 954 1086 τὰς
984 1023 1315 1091 ἐπαγγελίας
1360 1026 1785 1096 κληρονομῆσαι,

214 1115 302 1179 τὰς
323 1117 396 1185 μὴ
428 1116 588 1185 μόνον
610 1116 686 1186 τῷ
706 1116 900 1186 Παύλῳ
923 1116 1203 1187 ῥηθείσας,
1228 1115 1361 1169 ἀλλά
1391 1118 1483 1170 καὶ
1516 1120 1647 1171 πᾶσι
1678 1121 1778 1181 toi,

215 1204 520 1273 ἠγαπηκόσι
574 1206 671 1275 τὴν
701 1205 1022 1274 ἐπιφάνειαν
1048 1205 1139 1258 τοῦ
1176 1206 1381 1277 Κυρίου
1417 1207 1514 1276 (4),
1552 1208 1643 1260 καὶ
1675 1210 1788 1261 Σω-

214 1295 387 1364 τῆρος,
422 1296 517 1347 καὶ
545 1295 699 1361 Θεοῦ,
727 1297 818 1350 καὶ
845 1296 1234 1363 παμϐασιλέως
1263 1299 1290 1367 ἡ
1301 1297 1414 1367 μῶν
1450 1299 1621 1367 Ἰησοῦ
1653 1300 1697 1350 Χ
1708 1316 1785 1369 ρι-

1892 1299 2034 1354 Patri
2065 1300 2235 1371 gloria
2287 1314 2341 1356 et
2370 1303 2653 1374 imperium
2682 1308 2736 1360 in
2772 1308 2976 1376 Spiritu
3025 1317 3211 1363 sancto
3242 1322 3382 1362 nunc
3410 1315 3465 1362 et

214 1383 350 1448 στοῦ,
378 1386 443 1437 δι’
475 1381 536 1440 οὗ
564 1386 641 1456 τῷ
662 1388 836 1456 Πατρὶ
865 1386 1041 1458 ήδόξα
1069 1388 1163 1442 καὶ
1196 1388 1256 1440 τὺ
1289 1389 1487 1458 κράτος
1515 1390 1572 1441 ἐν
1606 1388 1781 1442 Ilvati-

1894 1391 1950 1448 in
1985 1396 2165 1448 omnia
2198 1397 2392 1450 sarcula
2428 1398 2766 1454 saeculorum.
2797 1401 2990 1457 Anien.

213 1495 331 1548 ματι
357 1479 498 1550 ἁγίῳ
522 1481 616 1533 καὶ
640 1480 733 1534 νῦν
755 1482 848 1535 καὶ
876 1482 954 1545 εἰς
974 1481 1101 1544 τοὺς
1130 1480 1453 1551 σύμπαντας
1486 1482 1560 1551 (5)
1587 1483 1789 1547 αἰῶνας
1819 1485 1928 1539 τῶν
1959 1486 2193 1542 αἰώνων.
2241 1490 2432 1560 Ἀμήν.

1892 1042 1999 1082 non
2038 1029 2209 1083 solum
2238 1030 2403 1086 Paulo
2430 1035 2584 1089 dicta:
2618 1045 2762 1099 sunt,
2792 1036 3073 1103 sedetiani
3100 1037 3348 1090 omnibus
3372 1037 3464 1105 qui

1890 1119 2176 1174 adventum
2210 1123 2420 1178 Domini
2456 1134 2511 1180 et
2550 1125 2868 1191 Salvatoris,
2908 1137 2957 1183 et
3005 1128 3119 1191 Dei,
3161 1129 3466 1197 summique

1890 1221 2132 1264 nostrum
2158 1212 2497 1282 imperatoris
2519 1215 2644 1270 Jesu
2673 1217 2870 1272 Christi
2900 1217 3154 1282 dilexere,
3180 1232 3273 1287 per
3303 1233 3461 1287 queat

285 1685 329 1717 ⁸⁸
355 1684 394 1738 ll
421 1685 659 1744 Timoth.
691 1705 770 1754 tv,
795 1690 848 1744 7.
929 1694 974 1725 ⁸³
1005 1690 1122 1747 Jac.
1156 1707 1198 1758 ι,
1225 1690 1312 1747 12.

277 1887 349 1954 (Ξ)
371 1885 463 1941 Sic
480 1885 707 1958 Seguer.
728 1889 923 1945 Jesuit.
947 1888 1171 1945 Taurin.
1195 1888 1349 1945 Colb.
1366 1890 1435 1944 At
1453 1890 1603 1957 editi,
1630 1889 1785 1943 ἀλλό-

277 1974 365 2009 ιον.
1064 2006 1074 2017 ,

1964 1891 2018 1957 (ἆ
2065 1889 2297 1946 Cnlbert.
2328 1899 2381 1944 et
2404 1889 2651 1954 T:utrin.,
2685 1888 2851 1943 αὑτοῦ
2875 1889 2966 1943 τοῦ
2987 1890 3215 1961 Κυρίου.

1962 1889 2041 2029 (5)
2071 1960 2161 2013 Sic
2207 1962 2430 2027 Seguer.
2476 1960 2545 2013 At
2580 1960 2843 2020 Colbert.,
2877 1961 2969 2013 νῦν
3003 1961 3094 2014 καὶ
3120 1960 3206 2013 ἀεὶ

208 1971 431 2029 τρέἳνκΑ
484 2026 503 2029 _
563 2025 573 2029 _
651 2027 664 2029 _
840 2028 845 2029 ,
1064 2006 1074 2017 -
1320 2027 1338 2029 ο

1962 1958 2037 2029 (5)
2071 1960 2161 2013 Sic
2207 1962 2430 2027 Seguer.
2476 1960 2545 2013 At
2580 1960 2843 2020 Colbert.,
2877 1961 2969 2013 νῦν
3003 1958 3094 2014 καὶ
3120 1960 3206 2013 ἀεὶ
3233 1959 3327 2013 καὶ
3383 1958 3467 2023 εἰς

277 2027 347 2099 (εἷ)
385 2027 444 2079 ’0
472 2025 606 2099 θεός
634 2027 787 2081 deest
837 2028 888 2099 in
937 2029 1255 2099 Seguerian.
1311 2027 1501 2084 Jcsuit.
1556 2028 1779 2082 Taurin.

1892 2025 2384 2098 τοῦζσύμπαντᾶς,
2416 2040 2524 2082 etc.
2563 2030 2787 2085 Tauriu.
2818 2031 3006 2085 Jesuit.
3038 2030 3128 2083 Fr.
3158 2030 3210 2089 1,
3250 2029 3344 2082 νῦν
3371 2032 3464 2083 καὶ

208 2096 439 2170 ροιὶξθτι.
480 2097 645 2170 Ριὲιιο
670 2096 1226 2170 ψει-κληρονομῆσαι
1255 2100 1494 2170 abestjib
1521 2100 1706 2170 iisdem
1726 2107 1783 2152 et

1892 2100 1975 2152 ἀεὶ
2004 2096 2198 2170 misi;
2230 2101 2355 2161 τοὺς
2388 2099 2736 2162 αἰῶναςμξιρ.
2767 2100 2905 2153 Ειιίιί
2929 2104 2985 2153 ὲν
3020 2100 3296 2170 Πνεύματι
3322 2098 3464 2170 ἁγίῳ

207 2165 414 2238 Goblcr.
448 2177 504 2238 et
534 2166 648 2219 Fel.
684 2167 733 2238 1.
770 2168 886 2222 Mox
909 2165 1148 2234 'Segu'er.
1179 2168 1370 2224 Jesuit.
1404 2168 1627 2238 Taurin.
1660 2168 1783 2238 Col-

1892 2172 1968 2232 εῐς
1996 2170 2121 2231 τοὺς
2140 2167 2480 2238 σύμπαντας.
2507 2179 2613 2223 etc.
2647 2169 2868 2235 Segucr.
2907 2171 2956 2222 in
2989 2171 3093 2222 line
3119 2165 3283 2230 :ultlit,
3309 2165 3465 2229 τέλοξ

210 2236 339 2309 liert.
367 2235 587 2309 Golgler.
612 2248 663 2309 et
692 2237 806 2290 Fel.
842 2239 892 2303 l,
918 2240 997 2309 τῷ
1028 2239 1247 2309 Παύλῳ.
1279 2239 1415 2309 Editi
1444 2249 1498 2291 et
1522 2237 1781 2309 aliiuarti-

1892 2238 1980 2292 τοῦ
2016 2239 2137 2309 κατ’
2167 2235 2458 2308 ’Ᾱρειανῶν
2481 2245 2528 2290 α’
2560 2238 2737 2306 λογον.
2776 2239 3037 2304 Colberl.,
3059 2238 3152 2292 τοῦ
3175 2238 3359 2309 τρίτου
3377 2238 3466 2291 λόο-

209 2306 374 2379 c_ulum
410 2304 488 2374 τῷ
518 2305 795 2379 οιιιίμῃιιι.
818 2304 1298 2379 ιυίαζὸθευθι-ῑίιω
1322 2306 1513 2361 Jcsuit.
1538 2307 1777 2362 Colbcrt.

1892 2326 1983 2377 γον
2009 2308 2182 2371 τέλος.

218 2375 444 2443 faurin.,
475 2393 541 2447 τη
552 2374 831 2446 ρηθείσας.

217 2573 3433 2612 d———_————————_—__—__—_——__—-_

621 2824 746 2912 IN
821 2823 1516 2917 APOLOGIAM
1611 2828 2343 2936 SEQUENTEM
2422 2831 3046 2924 MONlTUM.

276 3327 312 3383 Ι.
340 3330 603 3400 Apologia
632 3331 698 3385 ad
729 3329 1112 3401 imperatorem
1140 3333 1543 3399 Constantium,
1575 3335 1622 3389 si
1653 3334 1754 3388 vim
1787 3340 2219 3403 argumentorum
2240 3340 2457 3400 spectes,
2490 3326 2812 3384 validissima
2839 3339 2859 3378 :
2883 3326 2929 3379 si
2958 3324 3119 3379 salem
3145 3334 3195 3380 et
3222 3324 3467 3394 leporem,

205 3415 587 3487 elegantissima
626 3436 645 3471 :
672 3421 716 3473 si
746 3437 923 3475 rerum
953 3424 1280 3490 varietatem,
1305 3424 1704 3492 juruudissima
1743 3425 2001 3477 censenda
2032 3432 2130 3487 est,
2178 3434 2332 3492 atque
2364 3425 2498 3475 inter
2537 3420 2804 3487 prcecipua
2843 3417 3127 3470 Athanasii
3160 3432 3316 3485 opera
3344 3431 3470 3485 θυῖε

204 3516 578 3581 computanda.
615 3515 757 3569 Nam
805 3519 944 3586 quod
968 3534 1083 3571 eam
1106 3528 1235 3571 esset
1268 3535 1447 3571 coram
1488 3518 1795 3572 Constantio
1820 3519 2137 3572 recitaturus
2171 3518 2517 3579 Athanasius,
2559 3524 2617 3568 ut
2671 3515 2830 3582 liquet
2864 3529 2927 3568 ea:
2957 3513 3136 3566 multis
3170 3513 3286 3582 ejus
3316 3512 3468 3576 locis,
3492 3522 3505 3527 ‘

207 3609 494 3664 elaboravit
532 3611 681 3665 illam
724 3616 1047 3667 accuratius.
1091 3612 1387 3666 Intercluso
1419 3625 1594 3666 tamen
1627 3614 1950 3665 Arianorum
1997 3612 2206 3666 insidiis
2244 3613 2383 3665 omni
2423 3610 2491 3663 ad
2522 3607 2890 3662 Constantium
2926 3606 3100 3669 aditu,
3138 3603 3281 3656 haud
3320 3603 3471 3655 licuit

205 3701 494 3757 Athanasio
531 3705 725 3772 sa’pius
770 3707 868 3758 iter
896 3707 1209 3767 instituenti,
1251 3708 1617 3775 imperatorem
1650 3709 1943 3771 convenire,
1971 3716 2025 3760 ut
2057 3717 2283 3760 testatur
2314 3708 2427 3775 ipse
2456 3705 2551 3759 sub
2583 3706 2739 3773 ﬁnem
2775 3702 2929 3771 hujus
2956 3699 3246 3771 Apologire.
3298 3697 3471 3763 Quare

202 3792 269 3843 ad
292 3793 462 3861 ipsum
495 3792 863 3847 Constantium
888 3795 1070 3858 missa,
1097 3811 1164 3847 an
1188 3795 1257 3848 ad
1285 3813 1401 3848 eum
1435 3813 1597 3865 usque
1619 3797 1927 3864 pervenerit,
1963 3796 2040 3850 rel
2062 3796 2126 3848 ab
2152 3796 2366 3848 Arianis
2402 3797 2683 3855 intercepta
2706 3795 2797 3857 sit,
2830 3794 3127 3863 ignoratur.
3157 3790 3328 3845 l’orro
3358 3804 3472 3842 eam

202 3893 465 3947 postrema
503 3883 805 3939 Constantii
837 3886 1046 3937 ineunte
1080 3887 1455 3954 persecutione,
1492 3886 1651 3955 paulo
1695 3897 1809 3955 post
1850 3886 2031 3956 fugam
2075 3885 2379 3947 Athanasii,
2430 3882 2768 3953 perscriptum
2805 3899 2937 3947 esse,
2974 3881 3321 3935 certissimum
3353 3887 3474 3930 est:

202 3975 419 4045 ideoque
447 3976 517 4027 ad
547 3992 741 4028 annum
777 3975 881 4029 ’556
911 3992 1025 4029 eam
1074 3979 1218 4030 haud
1262 3979 1572 4032 dubitanter
1599 3979 1899 4047 referimus.
1934 3975 2095 4031 Prior
2130 3986 2306 4030 autem
2331 3976 2599 4045 ejuspars
2635 3983 2757 4025 ante
2787 3973 3045 4030 Paschale
3084 3970 3319 4043 ejusdem
3349 3969 3475 4022 anni

202 4068 389 4136 festum
416 4074 617 4139 scripta
642 4082 738 4137 cst,
759 4082 811 4123 ut
839 4073 999 4138 liquet
1032 4092 1098 4129 ex
1123 4076 1252 4144 ipsis
1291 4076 1576 4129 Athanasii
1607 4076 1796 4139 verbis,
1828 4075 2092 4143 posterior
2119 4082 2232 4141 post
2265 4088 2380 4127 eam
2413 4070 2823 4125 solemnitatem.

276 4210 341 4265 ll.
373 4214 512 4265 Eam
542 4228 659 4265 vero
696 4213 1004 4276 conscripsit
1038 4209 1359 4264 Athanasius
1397 4220 1451 4262 ut
1491 4210 1662 4262 varias
1695 4210 2015 4261 Arianorum
2047 4206 2367 4268 calumnias,
2408 4206 2476 4257 ad
2505 4202 2871 4257 Constantium
2908 4196 2972 4250 ab
3008 4194 3220 4247 Arianis
3251 4190 3475 4254 delatas,

212 4300 518 4369 depelleret.
554 4301 925 4370 lmplacabiles
955 4318 1175 4372 namque
1207 4301 1286 4354 illi
1319 4301 1595 4353 Athanasii
1642 4301 1956 4364 adversarii,
1984 4298 2079 4352 has
2111 4297 2472 4364 conﬁnxerunt
2514 4293 2927 4347 criminationes.
2974 4288 3037 4378 if
3063 4282 3214 4349 Quod
3237 4280 3472 4378 Athana-

198 4394 308 4447 sius
341 4394 681 4449 Constantem
706 4396 1070 4462 imperatorem
1120 4396 1173 4448 in
1205 4394 1574 4448 Constantium
1619 4396 1842 4462 fratrem
1872 4410 2027 4445 suum
2072 4392 2435 4453 concitasset;
2476 4388 2536 4442 2ο
2581 4386 2721 4456 quod
2754 4376 3058 4449 Magnentio
3107 4384 3330 4443 tyratmo
3366 4384 3474 4431 σαι,

199 4489 435 4551 aiebant,
468 4487 863 4540 addictissimus
887 4498 1020 4551 erat,
1046 4488 1247 4541 litteras
1274 4489 1533 4550 misisset;
1570 4487 1624 4540 5°
1647 4488 1786 4554 quod
1816 4489 1867 4539 in
1894 4487 2135 4549 ecclesia,
2170 4485 2473 4556 Κυριακόν,
2514 4499 2603 4536 seu
2641 4477 2976 4557 Dominicum
3000 4470 3165 4532 αἰσίαν
3195 4472 3478 4557 εοηνεζτίυδ

196 4579 411 4645 ιίθίειει,
439 4580 669 4644 aediﬁcio
697 4580 929 4633 nondum
961 4581 1236 4649 completo,
1280 4582 1502 4634 necdum
1533 4580 1785 4634 celebrata

1892 4580 2061 4632 rtsdem
2102 4553 2280 4646 templi
2308 4575 2683 4636 dedicatione;
2728 4571 2787 4627 4ο
2809 4554 2950 4636 quod
2996 4572 3311 4649 ευηεεδδαμ
3338 4553 3473 4649 Cotl-

195 4673 399 4725 stantio
421 4690 476 4727 se
501 4673 731 4726 adeundi
764 4672 1035 4740 facultate,
1074 4673 1348 4725 obsecutus
1377 4690 1480 4727 non
1506 4682 1662 4737 esset,
1688 4684 1843 4743 atque
1878 4672 2213 4727 Alexandria
2237 4670 2478 4724 secedere
2514 4669 2796 4722 reuuisset.
2845 4654 2957 4709 Has
2984 4666 3159 4707 omnes
3182 4646 3482 4743 calamum:

194 4759 528 4814 ualidissime
558 4760 832 4828 propulsat
864 4759 1213 4821 Athanasius,
1243 4758 1467 4812 oculatis
1503 4776 1641 4828 swpc
1666 4740 1884 4814 testibus
1913 4760 1968 4812 in
2004 4758 2318 4812 innocentia:
2352 4755 2713 4810 testimonium
2735 4747 3006 4811 adductis,
3033 4753 3089 4799 ut
3126 4740 3275 4797 nulla
3298 4753 3474 4807 super-

192 4861 339 4903 esset
379 4851 699 4920 injectorum
721 4849 997 4903 criminum
1023 4846 1273 4913 suspicio.

268 4984 363 5040 llI.
406 4989 745 5041 Abstinemus
779 5002 938 5055 porro
978 5002 1094 5038 cum
1135 4987 1189 5038 in
1220 4986 1317 5039 hac
1356 4987 1661 5052 monitione,
1697 4995 1808 5037 tum
1855 4987 1907 5036 in
1942 4982 2100 5045 notis,
2144 4999 2174 5034 a
2212 4979 2885 5051 gravibusimplicatisque
2929 4975 3331 5047 qutrstionibus,
3361 4987 3476 5042 aut:

190 5074 489 5133 Athanasii
522 5089 671 5145 gesta
696 5075 1190 5145 chronologiamque
1208 5062 1440 5143 spectant
1468 5089 1486 5127 .'
1515 5075 1842 5129 commodius
1859 5075 2048 5144 quippe
2076 5088 2137 5126 ca
2161 5073 2214 5126 in
2241 5073 2525 5126 Athanasii
2559 5071 2673 5129 Vita
2712 5071 3055 5141 iudagautur.
