3954 6498
274 501 371 558 597

1294 499 1640 557 APOLOCIA
1678 502 1770 556 AD
1806 503 2300 561 CONSTAN'l'lUM
2340 505 2478 560 IMP.

3401 473 3498 570 39s

267 615 620 683 ἀπεφήναντο.
684 614 815 668 Ἀπὸ
871 615 968 686 μὲν
1021 607 1114 669 οὖν
1163 617 1367 671 τούτων
1417 615 1582 685 οἶδας,
1619 623 1702 674 ὅτι
1747 624 1831 675 καὶ

1943 626 2103 692 vinis,
2142 627 2334 681 deinde
2364 624 2564 680 nostris
2604 624 2812 695 legibus
2837 626 3180 682 decernitur.
3217 627 3351 685 Hinc
3375 645 3494 687 sant

177 731 208 750 ,ι
268 709 298 775 ὴ
339 705 401 776 σὴ
449 705 700 758 εὐλάϐεια
751 705 843 775 (9),
875 767 878 770 ς
907 705 1203 779 φιλαλήθης
1263 705 1398 763 οὖσα
1437 712 1529 768 καὶ·
1567 712 1831 781 φιλόθεος,

267 798 405 868 ἡμᾶς
453 797 551 866 μὲν
608 797 922 868 ἐλευθέρους
969 800 1076 851 ἀπὸ
1111 799 1292 872 πάσης
1334 801 1568 871 ὑποψίας
1614 806 1832 874 συνορᾷ,

269 889 381 950 τοὺς
440 887 496 940 δὲ
547 888 667 940 καθ’
711 889 866 959 ἡμῶν
926 889 1247 960 γενομένους
1303 894 1641 962 συκοφάντας
1689 895 1829 947 ἀπο-

270 979 457 1047 φαίνει.

330 1073 382 1125 2.
414 1073 548 1143 Περὶ
575 1071 631 1124 δὲ
664 1072 762 1140 τῆς
789 1070 1040 1141 διαϐολῆς
1071 1072 1170 1142 τῆς
1206 1074 1326 1125 κατ’
1361 1071 1495 1142 ἐμοῦ
1537 1071 1837 1143 γενομένης

183 1195 192 1203 ο
269 1162 407 1234 παρὰ
441 1167 506 1234 τῇ
545 1162 1034 1234 σῇθφιλανθρωπίᾳ
1083 1162 1170 1215 διὰ
1194 1163 1286 1215 τὸν
1323 1163 1706 1216 εὐσεϐέστατον
1729 1160 1836 1214 Αύ-

267 1271 479 1321 γουστον
502 1255 596 1306 καὶ
625 1253 900 1324 μακαρίας
929 1254 1145 1324 μνήμης
1161 1253 1254 1306 καὶ
1272 1253 1481 1306 αἰωνίου
1507 1253 1834 1306 Κώνσταντα

264 1342 348 1395 τὸν
375 1341 598 1410 ἀδελφόν
640 1359 734 1393 σου
776 1340 958 1411 (τοῦτο
984 1341 1094 1410 γὰρ
1124 1343 1172 1393 οξ
1215 1340 1397 1410 ἐχθροὶ
1431 1341 1704 1413 θρυλοῦσι,
1743 1343 1838 1395 καὶ

267 1435 465 1506 γράψαι
509 1432 952 1503 τετολμήκασιν),
1007 1431 1167 1484 ικανά
1194 1432 1261 1485 τά
1303 1433 1494 1504 πρῶτα
1532 1433 1700 1497 δεῖξαι
1740 1433 1836 1484 καὶ

263 1527 423 1580 ταῦτα
457 1527 532 1597 μὴ
567 1524 761 1596 ἀληθῆ.
792 1524 854 1576 Εἰ
892 1524 988 1592 μὲν
1014 1524 1121 1594 γὰρ
1137 1523 1284 1577 ἄλλοι
1315 1524 1460 1586 τινὲς
1477 1519 1616 1594 ἦσαν
1644 1524 1692 1575 οἱ
1714 1523 1834 1576 τοῦ-

261 1635 316 1671 το
343 1617 609 1685 λέγοντες,
655 1615 942 1685 δικάσιμον
973 1610 1040 1685 ἦν
1065 1614 1126 1666 τὸ
1155 1617 1402 1685 πρᾶγμα,
1438 1613 1596 1685 χρεία
1632 1631 1690 1666 τε
1723 1613 1834 1683 (10)

261 1705 344 1758 πο)
356 1703 454 1771 λῆς
476 1703 820 1768 ἀποδείξεως,
853 1703 946 1756 καὶ
977 1703 1085 1756 τῶν
1126 1705 1205 1765 εἰς
1237 1703 1526 1773 πρόσωπον
1561 1702 1827 1772 ἐλέγχων

259 1796 380 1849 εἰδὲ
410 1797 459 1848 οἱ
489 1796 558 1848 τά
592 1795 786 1866 πρῶτα
819 1794 1120 1858 πλάσαντες
1157 1795 1310 1847 αὐτοὶ
1356 1797 1449 1848 καὶ
1485 1794 1662 1849 ταῦτα
1687 1807 1834 1848 ’συν-

260 1886 485 1955 ἐθηκαν,
525 1886 642 1948 πῶς
669 1887 768 1938 οὐκ
798 1884 856 1950 ἐξ
891 1886 1114 1940 ἐκείνων
1153 1886 1376 1947 εἰκότως
1416 1888 1510 1939 καὶ
1535 1886 1704 1939 ταῦτα
1733 1903 1834 1938 πε-

1937 716 2176 770 futurum
2222 725 2326 780 est,
2362 725 2421 770 ut
2464 717 2635 785 pietas
2685 726 2797 782 tua,
2846 716 2939 770 Dei
2977 717 3132 784 juxta
3164 733 3229 772 ac
3263 719 3495 774 veritati:

1938 807 2332 870 amantissima,
2355 819 2451 858 nos
2473 806 2618 858 omni
2645 805 2948 874 suspicione
2979 804 3175 859 liberos
3207 806 3506 881 deprehen;

1937 894 2028 948 dat
2060 914 2072 948 :
2111 894 2448 948 adversarios
2490 904 2704 948 nostros
2733 895 3092 963 sycophantas
3121 908 3244 949 esse
3271 910 3481 964 pronun

1939 984 2052 1038 tiet.

2007 1072 2060 1124 2.
2087 1072 2367 1126 Calumnia
2399 1082 2575 1128 autem
2599 1073 2666 1128 ab
2694 1073 2927 1128 inimicis
2952 1074 3086 1129 meis
3121 1074 3186 1127 ad
3218 1082 3361 1128 tuam
3392 1073 3493 1142 pie-

1939 1172 2105 1218 tatem
2147 1163 2348 1229 delata,
2373 1164 2606 1232 'propter
2636 1165 2934 1232 piissimum
2962 1165 3261 1233 Augustum
3293 1163 3495 1216 acbea-

1940 1263 2005 1307 ta:
2046 1263 2365 1320 mternchue
2401 1253 2671 1308 memoria:
2694 1255 2866 1307 virum
2897 1253 3248 1308 Constantem
3281 1250 3495 1306 fratrerr

1939 1352 2108 1406 tuum,
2159 1343 2403 1422 licet.ab
2442 1343 2545 1397 illis
2586 1344 2783 1410 ubique
2833 1342 3142 1413 pervulgata
3196 1356 3258 1396 ac
3303 1341 3496 1409 scriptc

1939 1435 2134 1487 tradita
2167 1435 2258 1498 sit,
2293 1448 2430 1487 vana
2466 1441 2644 1487 tamen
2691 1432 2989 1501 futilisque,
3021 1431 3103 1485 vel
3127 1432 3364 1500 priorum
3396 1431 3496 1484 cri-

1941 1524 2296 1577 minatiouum
2340 1522 2575 1577 falsitate
2621 1524 3041 1578 demonstratur.
3082 1521 3340 1590 Equidem
3369 1519 3414 1574 si
3437 1520 3506 1574 ab

1939 1616 2061 1670 aliis
2087 1615 2349 1681 deferrer,
2411 1630 2498 1670 res
2539 1615 2594 1668 in
2640 1613 2729 1682 jus
2773 1614 2954 1668 vocari
2983 1622 3182 1682 posset,
3231 1612 3506 1680 multaque

1934 1706 2254 1775 probatione
2280 1721 2413 1774 opus
2446 1714 2616 1773 esset,
2677 1715 2838 1774 atque
2882 1719 3065 1759 coram
3106 1702 3506 1758 convincendns

1934 1811 2142 1863 essem;
2174 1797 2256 1853 sin
2298 1813 2326 1848 a
2358 1798 2598 1865 priorum
2636 1796 3025 1851 calumniarum
3052 1795 3358 1849 auctoribus
3392 1793 3506 1847 hzee

1937 1903 2150 1957 quoque
2200 1888 2417 1957 prodiit,
2472 1887 2584 1955 qui,
2618 1901 2823 1956 quaso,
2857 1887 2981 1940 hinc
3021 1884 3196 1954 palam
3241 1899 3344 1939 non
3377 1883 3504 1949 erit,

258 1979 540 2050 πλασμένα
563 1980 866 2046 δείκνυται;
895 1979 994 2032 Διά
1029 1978 1184 2032 τοῦτο
1218 1979 1325 2050 γάρ
1366 1978 1527 2032 πάλιν
1564 1977 1703 2030 κατά
1733 1976 1829 2046 μό-

1940 1979 2035 2032 lioc
2079 1993 2285 2032 merum
2329 1992 2516 2032 eorum
2559 1992 2681 2032 esse
2724 1973 3123 2031 commentum?
3169 1974 3506 2042 Quapropter

256 2089 346 2134 νας
367 2071 610 2135 λαλοῦσι,
632 2071 942 2142 νομίζοντες
966 2071 1307 2142 ὑφαρπάζειν
1331 2070 1587 2124 δύνασθαι
1609 2069 1706 2140 τὴν
1731 2069 1829 2139 σὴν

257 2163 583 2216 θεοσέϐειαν.
629 2163 769 2215 Ἀλλ’
813 2164 1154 2232 ἐσφάλησαν·
1192 2164 1251 2215 οὐ
1283 2162 1389 2232 γὰρ
1434 2161 1509 2224 ὡς
1560 2160 1828 2230 ἠθέλησαν

254 2253 508 2322 ἧκουσας,
540 2252 676 2305 ἀλλὰ
702 2255 768 2323 τῇ
806 2251 1156 2323 μακροθυμίᾳ
1179 2251 1414 2314 δέδωκας
1436 2251 1529 2303 καὶ
1556 2253 1688 2320 ἡμῖν
1718 2248 1827 2319 (Η)

253 2339 433 2413 χώραν
464 2341 871 2411 ἀπολογεῖσθαι.
902 2341 974 2393 Τὸ
1006 2341 1115 2412 γὰρ
1149 2341 1223 2412 μὴ
1256 2340 1567 2410 παραυτίκα
1605 2338 1827 2409 κινηθῆ-

252 2450 356 2493 ναι,
388 2433 484 2485 καὶ
514 2432 782 2503 τιμωρίαν
809 2433 1133 2502 ἀπαιτῆσαι,
1168 2431 1318 2484 οὐδὲν
1345 2428 1413 2502 ἦν
1443 2431 1648 2499 ἕτερον,
1671 2431 1728 2501 ἢ,
1752 2431 1828 2494 ὡς

251 2522 453 2575 δίκαιον
483 2522 729 2592 βασιλέα,
778 2525 1087 2593 περιμεῖναι
1125 2522 1218 2574 καὶ
1250 2522 1349 2591 τὴν
1380 2521 1476 2575 τοῦ
1519 2519 1832 2590 διαϐληθέν-

251 2631 335 2677 τος
358 2613 654 2682 ἀπολογίαν
674 2631 687 2643 ·
713 2609 780 2684 ἧς
804 2614 898 2666 eam
932 2612 1270 2683 καταξιώσης
1291 2611 1540 2676 ἀκοῦσαι,
1566 2611 1832 2683 τεθάρση-

253 2721 338 2766 κα,
368 2704 445 2765 ὡς
471 2704 566 2755 καὶ
588 2705 647 2756 ὲν
671 2703 879 2766 τούτοις
907 2701 1233 2774 καταγνὼσῃ
1257 2701 1364 2755 τῶν
1386 2702 1832 2774 προπετευσαμέ-

251 2813 352 2848 νων
415 2795 547 2865 (1‘2),
596 2795 691 2847 καὶ
751 2794 823 2864 μὴ
892 2793 1234 2863 φοϐηθέντων
1297 2793 1388 2845 τὸν
1445 2793 1597 2857 Θεὸν,
1659 2795 1830 2846 ἐντει-

249 2885 480 2956 λάμενον
543 2885 710 2956 μηδὲν
757 2885 951 2954 ψεῦδος
1002 2885 1109 2937 ἀπὸ
1165 2885 1432 2955 στόματος
1493 2885 1699 2954 βασιλεῖ
1745 2884 1832 2936 λέ-

249 2978 462 3045 γεσθαι.

313 3071 366 3121 5.
407 3066 741 3136 Αἰσχύνομαι
781 3067 878 3135 μὲν
906 3060 998 3118 οὖν
1028 3063 1243 3133 ἀληθῶς
1273 3065 1364 3117 καὶ
1398 3063 1831 3135 ἀπολογούμενος

251 3160 375 3229 περὶ
422 3157 699 3219 τοιούτων,
753 3155 882 3226 περὶ
927 3148 1002 3207 ὧν
1033 3156 1153 3207 οὐδὲ
1188 3155 1351 3208 αὐτὸν
1393 3151 1544 3225 οἶμαι
1574 3155 1666 3207 τὸν
1702 3172 1833 3207 κατ-

247 3248 447 3318 ἡγορον
494 3238 573 3298 έτι
617 3245 896 3316 παρόντων
934 3244 1089 3314 ἡμῶν
1131 3244 1541 3314 μνημονεύσειν.
1570 3243 1691 3296 Οἵδε
1724 3243 1832 3314 γὰρ

245 3338 512 3409 ἀκριϐῶς,
563 3338 646 3389 ὅτι
695 3353 752 3388 τε
796 3335 955 3398 αὐτὸς
991 3335 1265 3404 ψεύδεται,
1307 3338 1399 3386 καὶ
1453 3333 1576 3387 οὐτε
1623 3334 1829 3404 ἐμάνην

246 3427 378 3495 ἐγὼ,
409 3427 533 3479 οὐτε
563 3426 671 3478 τῶν
706 3425 913 3498 φρενῶν
944 3425 1228 3495 ἐξέστηκα,
1257 3424 1340 3477 ἵνα
1363 3426 1464 3478 κᾶν
1489 3426 1564 3488 ὡς
1597 3425 1832 3495 ἐνθυμη-

244 3519 356 3584 θείς
401 3537 454 3571 τι
496 3518 737 3572 τοιοῦτον
783 3516 1084 3587 ὑπονοηθῶ.
1133 3517 1224 3568 Διὸ
1255 3517 1361 3568 οὐδ’
1393 3516 1458 3569 ἂν
1491 3517 1667 3592 ἄλλοις
1698 3517 1833 3588 ἐρω-

243 3613 411 3664 τῶσιν
443 3611 849 3681 ἀπεκρινάμην,
881 3609 968 3660 ἵνα
1010 3608 1144 3679 μηδὲ
1185 3608 1242 3659 ἐν
1275 3607 1350 3677 τῷ
1375 3608 1548 3678 χρόνῳ
1575 3610 1671 3679 τῆς
1700 3609 1829 3660 ἀπο-

243 3703 433 3772 λογίας
467 3706 514 3755 οἱ
549 3701 838 3774 ἀκούοντες
863 3699 1228 3771 κρεμωμένην
1263 3699 1374 3770 1⁸5)
1410 3700 1572 3770 ἔχωσι
1597 3700 1696 3770 τὴν
1726 3699 1834 3753 διά-

243 3811 427 3848 νοιαν’
462 3797 529 3865 τῇ
577 3795 634 3846 δὲ
680 3795 744 3864 σῇ
794 3793 1052 3862 εὐλαϐείᾳ
1098 3791 1307 3862 μεγάλῃ
1360 3791 1454 3844 καὶ
1491 3791 1719 3861 λαμπρᾷ
1764 3794 1829 3862 τῇ

245 3890 399 3958 φωνῇ
437 3885 833 3955 ἀπολογοῦμαι,
870 3885 963 3937 καὶ
991 3884 1089 3953 τὴν
1124 3885 1283 3954 χεῖρα
1305 3881 1570 3947 ἐκτείνας,
1599 3883 1626 3935 ὂ
1660 3883 1833 3953 μεμά-

244 3981 390 4050 θηκα
449 3979 602 4043 παρὰ
651 3978 745 4030 τοῦ
808 3975 1164 4038 Ἀποστόλου,
1215 3975 1486 4044 μάρτιερα
1538 3975 1644 4029 τὸν
1685 3977 1834 4030 Θεὸν

241 4072 646 4141 ἐπικαλοῦμαι
678 4071 775 4123 ἐπὶ
803 4069 918 4136 τὴν
940 4067 1202 4138 ἐμαυτοῦ
1224 4068 1465 4136 ψυχήνο
1496 4069 1610 4132 καὶ,
1639 4068 1714 4130 ὠς
1738 4069 1834 4136 γέ-

241 4182 490 4237 γραπται
522 4165 581 4216 ὲν
613 4165 733 4225 ταῖς
775 4161 1086 4224 Βασιλικαῖς
1130 4160 1424 4230 ἱστορίαις·
1453 4157 1684 4228 μάρτυς
1725 4161 1834 4213 Κύ-

240 4275 390 4324 plac,
443 4256 544 4310 καὶ
585 4254 817 4324 μάρτυς
864 4257 896 4307 d
939 4252 1190 4320 Χριστὸς
1229 4250 1416 4304 αὐτοῦ
1464 4250 1649 4320 (κάμοὶ
1699 4267 1832 4318 συγα

242 4349 500 4420 χώρησον
522 4348 741 4414 εἰπεῖν),
763 4347 881 4399 οὐδὲ
905 4345 1121 4398 πώποτε
1147 4344 1274 4416 περὶ
1302 4345 1399 4413 τῆς
1429 4343 1529 4413 σῆς
1553 4342 1833 4406 εὐσεϐείας

244 4443 436 4505 κακῶς
483 4439 866 4511 ἐμνημόνευσα
913 4436 1061 4507 παρὰ
1108 4435 1184 4506 τῷ
1233 4434 1447 4504 ἀδελφῷ
1483 4453 1575 4486 σου
1624 4434 1700 4505 τῷ
1732 4434 1832 4503 τῆς

245 4533 533 4604 μακαρίας
569 4531 787 4600 μνήμης
819 4527 1156 4589 Κώνσταντι,
1197 4527 1273 4599 τῷ
1317 4527 1424 4595 (14)
1461 4526 1833 4596 εὐσεϐεστάτῳ

1933 2068 2072 2124 clam
2115 2083 2200 2121 me
2235 2066 2348 2120 haec
2390 2066 2778 2136 obloquuntnr.
2810 2066 2912 2120 rati
2944 2080 3002 2120 se
3038 2073 3181 2118 tuam
3215 2078 3373 2133 posse
3411 2063 3504 2116 de-

1933 2161 2112 2228 cipere
2146 2158 2422 2227 pietatem.
2474 2159 2540 2210 At
2578 2172 2664 2212 res
2705 2173 2863 2213 secus
2903 2157 3010 2211 illis
3045 2155 3211 2210 cessit
3249 2173 3262 2207 :
3303 2167 3503 2220 nequa-

1931 2268 2089 2320 quam
2121 2253 2264 2307 enim
2287 2268 2383 2321 pro
2412 2266 2597 2307 corum
2623 2252 2839 2305 libidine
2867 2263 3051 2304 aurem
3079 2246 3376 2318 prmbuisti,
3409 2245 3504 2298 sed

1929 2359 2028 2414 pro
2063 2357 2150 2400 tua
2189 2346 2355 2399 animi
2401 2342 2688 2396 tolerantia
2741 2341 3068 2411 depellenda;
3105 2337 3504 2393 criminationis

1930 2438 2138 2504 copiam
2169 2437 2362 2491 fecisti.
2394 2435 2546 2503 Quod
2573 2434 2714 2488 enim
2748 2448 2852 2486 non
2879 2431 3064 2486 statim
3096 2437 3396 2484 commotus
3419 2441 3502 2488 es.

1932 2539 2030 2580 nec
2055 2541 2242 2595 pmnas
2268 2527 2562 2592 expetiisti,
2597 2523 2728 2579 nihil
2747 2523 2890 2576 aliud
2921 2521 3050 2575 illud
3071 2531 3158 2575 est
3179 2533 3340 2589 quam
3363 2521 3503 2586 quod

1930 2626 1988 2670 ut
2018 2633 2228 2687 aequum
2261 2619 2411 2673 decet
2442 2620 2847 2687 imperatorem,
2873 2615 2970 2667 viri
2998 2615 3194 2682 injuste
3221 2611 3380 2665 delati
3411 2609 3504 2664 de-
3578 2618 3582 2622 '

1931 2708 2227 2770 fensionem
2255 2709 2581 2778 exspectasti
2611 2724 2624 2761 :
2649 2722 2808 2775 quam
2835 2706 2880 2760 si
2905 2705 3089 2757 audire
3115 2702 3364 2770 dignatus
3391 2699 3507 2753 fue-

1931 2800 2026 2865 ris,
2055 2799 2266 2854 conﬁdo
2295 2799 2408 2853 fore
2454 2808 2512 2852 ut
2556 2813 2742 2852 eorum
2776 2795 3132 2850 temeritatem
3166 2791 3326 2862 235
3349 2791 3506 2844 dam-

1931 2904 2048 2953 nes,
2084 2889 2172 2957 qui
2208 2887 2371 2941 Deum
2406 2904 2511 2940 non
2563 2898 2830 2950 metuunt,
2889 2885 3281 2952 prohibentem,
3323 2888 3383 2935 ut
3439 2894 3508 2933 ne

1933 2979 2270 3033 mendacium
2300 2979 2438 3048 apud
2474 2993 2651 3047 regem
2673 2992 2768 3030 ore
2796 2976 3086 3044 proferant.

2000 3071 2052 3124 5.
2087 3069 2236 3123 Haud
2279 3070 2394 3124 sine
2429 3085 2494 3138 pn
2518 3071 2629 3122 tore
2657 3083 2749 3122 eas
2778 3065 3045 3135 depellere
3073 3062 3374 3118 calumnias
3402 3074 3501 3129 ag-

1931 3163 2164 3234 gredior,
2193 3177 2326 3230 quas
2375 3177 2439 3215 ne
2478 3161 2649 3230 ipsum
2700 3159 2937 3212 arbitror
2980 3163 3349 3210 accusatorem
3411 3168 3478 3207 co

1934 3268 2049 3306 ram
2083 3253 2237 3307 nobis
2268 3249 2510 3320 proferre
2561 3250 2698 3303 ultra
2731 3263 3009 3303 ausurum.
3043 3245 3135 3299 Nae
3195 3245 3283 3298 ille
3335 3245 3506 3312 probe

1935 3343 2080 3396 novit
2112 3352 2166 3395 et
2217 3357 2276 3397 se
2312 3341 2548 3406 mentiri,
2600 3349 2656 3394 et
2707 3354 2792 3393 me
2843 3353 2945 3392 non
3001 3349 3171 3404 usque
3221 3334 3354 3388 adeo
3417 3334 3504 3385 in-

1933 3448 2124 3488 sanum
2189 3447 2252 3486 ac
2313 3441 2492 3486 mente
2547 3439 2760 3500 captum
2811 3428 3084 3490 fu'sse,ut
3139 3425 3265 3478 talia
3293 3423 3504 3478 velco-

1933 3526 2133 3595 gitasse
2168 3524 2220 3577 in
2258 3522 2620 3591 suspicionem
2653 3519 2836 3574 venire
2866 3533 2935 3589 po
2967 3519 3093 3572 sim.
3141 3515 3504 3583 Quamobrem
3556 3531 3562 3534 ’

1932 3617 2051 3671 aliis
2109 3615 2518 3671 sciscitantibus
2575 3627 2913 3681 nequaquam
2977 3609 3397 3678 respondissem,
3447 3613 3507 3658 ut

1933 3723 2001 3764 ne
2057 3708 2139 3763 vel
2201 3709 2319 3778 ipso
2369 3705 2700 3764 defensionis
2754 3719 2888 3758 mea:
2945 3709 3188 3770 tempore
3228 3699 3505 3752 auditores

1932 3801 2094 3856 animi
2123 3801 2434 3870 penderent.
2465 3793 2664 3854 Verum
2689 3796 2826 3863 apud
2871 3805 3015 3848 tuam
3066 3793 3316 3863 pietatem
3355 3789 3503 3844 clara

1934 3899 2209 3960 et‘magna
2247 3902 2379 3944 γοςει
2415 3902 2587 3942 meam
2621 3899 2901 3957 propugno
2939 3896 3154 3936 causam
3195 3897 3208 3932 2
3256 3886 3507 3933 extensa-

1933 3996 2037 4046 αντε
2055 3995 2237 4045 manu,
2265 3988 2319 4032 ut
2343 3980 2408 4033 ab
2439 3977 2694 4048 Apnsmlo
2718 3974 2903 4041 didici,
2930 3973 3093 4026 Deum
3121 3970 3505 4024 testemadvoco

1935 4073 1990 4124 in
2054 4072 2281 4124 animam
2338 4071 2565 4123 meam“
2607 4085 2620 4120 :
2673 4079 2748 4133 et,
2787 4075 2844 4119 nt
2904 4066 2953 4116 in
3004 4063 3244 4118 historiis
3299 4059 3505 4128 Regum

1932 4162 2193 4228 scriptum
2222 4159 2458 4213 habetur
2481 4161 2528 4189 ⁶²
2559 4173 2572 4208 :
2607 4160 2750 4210 testis
2779 4166 2853 4208 est
2887 4153 3158 4206 Dominus.
3188 4151 3334 4203 testis
3364 4157 3438 4200 est
3459 4155 3510 4200 et

1932 4253 2171 4307 Christus
2201 4252 2313 4321 ejus
2359 4251 2537 4320 (quod
2576 4259 2631 4302 et
2686 4249 2838 4310 milii,
2864 4259 3066 4315 quaeso,
3099 4243 3277 4296 dicere
3312 4253 3506 4293 conce-

1933 4342 2049 4413 das)
2079 4356 2162 4396 me
2196 4356 2467 4408 nuriquam
2517 4341 2581 4394 de
2619 4349 2704 4391 tua
2742 4338 2945 4406 pietate
2972 4336 3022 4388 in
3057 4332 3251 4386 malam
3299 4341 3504 4398 partem

1930 4433 2091 4486 verba
2120 4429 2312 4484 fecisse
2347 4430 2485 4496 apud
2520 4428 2740 4479 fratrem
2779 4434 2943 4492 .tuum
3001 4422 3172 4475 beata:
3237 4419 3508 4470 memoriae

1931 4521 2302 4582 Constantem,
2335 4518 2634 4588 piissimum
2671 4518 2966 4585 Angustum
3007 4531 3021 4567 :
3056 4525 3225 4579 neque
3257 4510 3425 4570 illum,
3450 4517 3510 4562 ut

240 4623 542 4692 Αὐγούστῳ
563 4639 575 4652 ·
609 4621 669 4673 οὐ
702 4619 995 4698 παρώξυνα
1021 4618 1228 4682 τοῦτον,
1269 4619 1345 4681 ὡς
1373 4611 1516 4670 οὗτοι
1550 4616 1830 4688 διαῦεϐλή-

1940 4611 2332 4667 calumniantur
2366 4609 2475 4674 isti,
2503 4609 2554 4662 in
2615 4617 2665 4661 te
2692 4607 3011 4660 co.;citasse.
3035 4600 3187 4666 'lmo,
3222 4603 3264 4656 si
3292 4601 3508 4669 quando

237 4732 405 4768 κασιν
425 4731 439 4744 ο
476 4713 593 4767 ἀλλ’
630 4711 836 4764 εἴποτε
873 4713 966 4764 καὶ
1007 4710 1352 4762 εἰσελθόντων
1384 4709 1539 4779 ἡμῶν
1572 4708 1706 4779 πρὸς
1734 4708 1830 4760 αὐ-

154 4803 155 4806 “
237 4806 331 4858 τὸν
357 4803 767 4876 ἐμνημόνευσεν
792 4802 951 4864 αὐτὸς
973 4802 1069 4871 τῆς
1093 4791 1199 4871 σῆς
1215 4798 1831 4868 φιλανθρωπίας-,ἐμνη-

242 4897 478 4963 μόνευσε
521 4894 578 4945 δὲ
616 4893 708 4946 καὶ
747 4895 833 4947 ὅτε
869 4893 918 4945 οἱ
949 4893 1078 4963 περὶ
1111 4884 1386 4944 Θάλασσον
1415 4887 1464 4942 ’(1
1481 4876 1528 4956 ‘3')
1561 4886 1721 4959 ἦλθον
1751 4889 1832 4951 εἰς

235 4987 338 5058 τὴν
375 4986 709 5046 Πιτυϐίωνα,
743 4987 836 5038 καὶ
874 4986 1033 5056 ἡμεῖς
1077 4986 1133 5036 ὲν
1161 4986 1225 5054 τῇ
1271 4982 1528 5051 Ἀκυληίᾳ
1572 4979 1833 5051 διετρίϐο-

239 5096 375 5148 μενο
419 5078 636 5150 μάρτυς
667 5078 695 5129 ὁ
743 5076 967 5148 Κύριος,
999 5075 1148 5135 ὅπως
1181 5072 1544 5144 ἐμνημόνευον
1584 5071 1693 5139 ἐγὼ
1737 5070 1836 5140 τῆς

237 5170 348 5239 σῆς
381 5169 719 5231 θεοσεϐείας,
755 5168 847 5221 καὶ
885 5167 1056 5219 ταῦτα
1097 5165 1300 5232 ἔλεγον,
1338 5163 1480 5232 ἅπερ
1511 5162 1620 5233 (16)
1649 5163 1676 5214 ὁ
1705 5159 1838 5222 Θεὸς

312 5288 358 5318 ⁶¹
395 5283 439 5339 ll
465 5283 595 5340 Cor.
628 5299 666 5348 ι,
689 5283 780 5336 9.5.
890 5279 978 5334 “I
1009 5281 1135 5349 Reg.
1165 5295 1261 5341 xu,
1293 5277 1349 5330 3.

319 5379 400 5446 (9)
428 5377 594 5439 Reg.,
627 5375 954 5447 eboé6efa.__
1154 5440 1183 5447 __
1285 5439 1318 5447 _
1523 5437 1560 5447 η
1583 5436 1614 5447 η

315 5437 431 5518 (10)
493 5437 587 5518 Sic
617 5445 754 5518 Reg.
816 5443 976 5518 Basil.
1005 5450 1061 5518 _et
1100 5440 1238 5518 edit._
1278 5439 1485 5493 Comm.
1523 5437 1662 5490 Edit.
1697 5450 1823 5491 vero

237 5509 424 5575 Paris.
446 5528 500 5568 et
535 5509 748 5580 Colum,
779 5513 936 5584 χρεία
959 5512 1038 5574 τό,
1069 5509 1359 5584 mendose.

225 5631 228 5636 .
317 5589 446 5658 (Η)
466 5577 743 5658 SicReg.
763 5577 828 5636 ei'
848 5582 1017 5658 Busil.‘
1066 5581 1205 5634 Editi
1238 5585 1440 5639 autem,
1462 5577 1611 5646 ὑμῖν,
1667 5589 1824 5630 men-

237 5651 555 5715 doseaMos
585 5655 742 5721 Κείς..
771 5651 1047 5722 παραυτά.

319 5727 437 5799 (12)
493 5715 1116 5799 Ειιὶιίἇτερευᾲαμένων.
1167 5717 1330 5799 Basil.
1385 5715 1821 5799 πετευσαμένων.

243 5787 1186 5867 Βρέξπροπετευσαμένων.τετιιθ.
1213 5788 1355 5867 Mox.
1403 5787 1510 5867 ἀπὸ
1561 5787 1826 5867 στόματος

244 5855 466 5937 βαξιλεῖ
493 5855 1143 5937 ’λέγεσθαι.’-Ριειιιιθςιιιί
1182 5857 1454 5937 Ejusmodi
1519 5855 1823 5936 exemplum

245 5921 424 5997 babes
455 5921 599 6009 apud
646 5932 1054 6003 Xcuogilionlem
1089 5927 1122 5982 l.
1159 5927 1221 5981 ill
1259 5921 1824 5992 Ἀπομινηιονειομτίτ-

1938 4704 2090 4758 nobis
2122 4703 2296 4772 ipsum
2331 4701 2671 4763 aleuntibus,
2701 4700 2765 4752 de
2791 4707 2876 4752 tua
2911 4697 3245 4750 humanitate
3280 4695 3503 4748 mentio-

1939 4811 2058 4849 nem
2092 4795 2206 4863 ipse
2233 4792 2470 4853 f-ccret;
2511 4801 2636 4845 ture
2665 4799 2844 4844 autem
2902 4789 3028 4843 fecit
3057 4803 3177 4840 cum
3215 4784 3510 4840 Thalassus

1940 4883 2276 4955 Pitybionem
2311 4896 2370 4936 se
2408 4880 2680 4937 contulit:
2728 4895 2835 4949 quo
2900 4888 3143 4947 tempore
3197 4891 3294 4930 nos
3342 4876 3510 4944 Aqui-

1938 4975 2055 5030 leia:
2089 4977 2458 5029 versabamur.
2501 4973 2680 5026 Testis
2717 4982 2799 5026 est
2827 4972 2957 5024 mihi
3015 4969 3292 5032 Dominus,
3324 4982 3507 5020 eorum

1937 5082 2056 5137 (pla:
2088 5075 2214 5120 tunc
2241 5067 2305 5119 de
2332 5075 2417 5117 tua
2454 5064 2793 5117 humanitate
2823 5063 3018 5131 protuli
3054 5081 3066 5116 :
3100 5076 3164 5116 ac
3209 5059 3411 5112 utinam
3448 5071 3508 5110 ca

1940 5161 2082 5214 Dens
2133 5159 2322 5212 anim-.c
2353 5216 2355 5219 ,
2385 5168 2488 5212 tum
2543 5155 2960 5221 revelare‘velit,
3009 5167 3064 5207 ut
3093 5153 3218 5207 hinc
3235 5149 3508 5218 explorata

1930 5382 2046 5419 των
2083 5379 2133 5429 p.
2168 5360 2307 5416 773:
2345 5363 2458 5414 Οὐκ
2492 5360 2556 5414 ἂν
2573 5357 2752 5429 ἔχοιμί
2789 5375 2869 5410 σοι
2896 5337 3062 5415 ὅντωςΔ
3091 5368 3152 5418 γε
3177 5349 3283 5402 ἀπὸ
3309 5338 3507 5416 στόμα-

1999 5453 2022 5488 :
2050 5435 2246 5488 εἰπεῖν.

1999 5453 2022 5466 -
2050 5449 2246 5488 ειπειν.

1931 5453 2116 5574 τοῖιξ)
2150 5503 2240 5556 Sic
2282 5501 2414 5574 Reg.
2457 5509 2506 5574 ei
2557 5498 2720 5552 Basil.
2764 5494 2904 5549 Edili
2953 5487 3502 5558 νοι”ο.κρεμαμένην.

1933 5571 2050 5626 Mos
2076 5572 2228 5635 Reg...
2265 5571 2534 5637 ο-ὐσεοείᾳ.

2006 5625 2244 5711 (θείης.
2284 5643 2434 5694 deest
2467 5625 2516 5691 ίῐι
2551 5635 2732 5700 editis,
2771 5633 2862 5687 sed
2896 5635 2946 5686 in
2979 5631 3110 5699 Reg.
3145 5636 3198 5682 et
3243 5625 3402 5680 seu.
3438 5626 3506 5680 le-

1933 5723 2118 5852 811(ΙΙῈ)
2154 5779 2317 5852 Εςιῖι.Δ
2344 5775 2630 5830 Commel..
2669 5773 2962 5831 θάλασσαν.
3019 5767 3291 5823 mendose.
3357 5764 3499 5818 Idem

1938 5848 2057 5904 mox
2072 5891 2085 5906 .
2102 5848 2108 5850 ⁷
2125 5848 2465 5914 Πιτυϐίωμα.

2008 5921 2117 5992 (16)
2169 5919 2260 5972 Sic
2295 5907 2424 5980 Reg.
2473 5924 2527 5969 et
2573 5912 2733 5968 Basil.
2779 5911 2914 5965 Editi
2942 5925 3086 5968 vero,
3122 5907 3310 5976 εὐπερ.
3349 5917 3500 5958 manv
