3954 6496
452 456 560 514 599

1030 449 1088 507 S.
1132 449 1509 506 ATHANASH
1546 448 1699 506 OPP.
1740 400 1924 504 PARS
1955 446 1998 502 l.
2038 478 2105 488 —
2149 427 2517 502 HIS'PORICA
2555 445 2645 500 ET
2686 446 3104 507 DOGMATICA.

3609 455 3712 525 eoo

455 575 552 630 tibi
581 575 654 630 sit
686 585 932 628 meorum
991 571 1422 627 obtrectatorum
1457 569 1750 627 calumnia.
1784 567 2028 640 Ignosce,

2138 566 2458 639 ἀποκαλύψῃ
2488 568 2555 637 τῇ
2587 568 2652 638 σῇ
2687 566 2852 640 ψυχῇ,
2883 569 2972 625 ἵνα
3012 570 3300 643 καταγνῷς
3329 572 3430 645 τῆς
3462 589 3715 642 συκοφαν-

452 681 658 738 quaeso,
687 665 816 720 mihi
874 665 999 719 talia
1057 665 1277 733 dicenti,
1331 662 1722 722 humanissime
1761 660 2025 732 Augmte,

451 758 847 826 plurimamque
879 758 1010 813 mihi
1049 759 1258 813 veniam
1289 757 1592 812 concedito.
1635 753 1751 808 Non
1774 753 1916 808 enim
1954 752 2027 806 ita

452 852 628 906 facilis
677 860 796 906 erat
850 854 936 906 vir
989 853 1082 908 ille
1107 852 1308 906 Christi
1352 846 1798 914 amantissimus,
1853 858 2030 914 neque

452 944 586 994 tanti
619 958 768 996 eram
820 959 942 1012 ego,
967 953 1026 997 ut
1073 944 1139 998 de
1191 944 1350 998 rebus
1399 939 1704 1008 hujusmodi
1760 937 2026 1007 colloquia

451 1034 686 1088 invicem
721 1035 1073 1090 misceremns
1105 1051 1118 1088 :
1152 1043 1320 1104 utque
1357 1033 1578 1088 fratrem
1629 1031 1770 1100 apud
1804 1031 2028 1086 fratrem

449 1140 610 1180 suum
638 1128 962 1183 calumniari
995 1127 1251 1181 auderem
1286 1143 1299 1181 :
1326 1125 1567 1194 nihilque
1594 1139 1814 1179 vererer
1835 1124 1899 1177 de
1926 1123 2027 1176 im-

453 1227 703 1282 peratore
752 1218 892 1285 apud
943 1218 1324 1286 imperatorem
1372 1213 1424 1267 in
1481 1211 1676 1266 malam
1705 1218 1913 1280 partem
1947 1208 2028 1263 lo-

451 1308 567 1374 qui.
603 1307 952 1378 Nequaquam
979 1307 1216 1371 insanio,
1245 1307 1565 1375 imperator,
1604 1317 1706 1358 nec
1736 1302 1809 1356 fui
1836 1302 2031 1356 divinzn

450 1403 600 1456 vocis
626 1403 844 1472 ignarus
880 1403 1108 1458 dicentis
1145 1421 1158 1458 :
1199 1402 1265 1456 Et
1301 1401 1354 1454 in
1390 1398 1706 1454 conscientia
1733 1406 1826 1450 tua
1859 1413 2029 1466 regem

452 1510 516 1548 ne
541 1495 853 1557 exsecraris,
884 1501 933 1546 et
965 1495 1018 1548 in
1045 1493 1332 1547 recessibus
1385 1487 1612 1544 cubiculi
1644 1486 1720 1539 tui
1768 1501 1830 1539 ne
1863 1483 2030 1538 male-

451 1587 647 1641 diateris
671 1587 857 1651 diviti;
887 1587 1010 1657 quia
1039 1583 1266 1639 volucris
1295 1583 1406 1636 caeli
1436 1597 1606 1636 vocem
1665 1589 1811 1632 tuam
1849 1587 2032 1645 porta-

453 1678 550 1742 bit,
579 1691 628 1732 et
655 1680 764 1733 ales
818 1677 1152 1733 annuntiabit
1187 1688 1476 1729 sermonem
1519 1669 1751 1724 luunt”.
1800 1667 1952 1734 Quod
1983 1666 2028 1720 si

452 1785 522 1826 ne
554 1770 642 1828 illa
678 1770 892 1838 quidem
924 1783 1043 1838 qua:
1076 1767 1363 1822 adversum
1389 1778 1484 1820 vos
1507 1763 1865 1832 imperatores
1893 1758 2030 1813 clam

454 1861 819 1931 proferuntur,
849 1859 1012 1914 celari
1071 1866 1296 1928 queunt,
1342 1868 1519 1910 annon
1582 1851 1899 1908 incredibile
1927 1851 2030 1906 erit

453 1960 723 2017 pnesente
760 1952 1108 2019 imperatore,
1163 1959 1421 2017 tantoque
1469 1953 1684 2001 astante
1726 1953 1890 2003 cmtu.
1945 1956 2030 1995 me

451 2041 738 2096 adversum
765 2051 815 2096 te
838 2042 998 2096 verba
1041 2040 1270 2096 fecisse?
1314 2038 1596 2106 Nunquam
1630 2035 1773 2090 enim
1805 2033 2028 2087 fratrem

453 2141 601 2185 tuum
641 2131 814 2186 solum
837 2131 969 2198 vidi,
1004 2146 1105 2188 nec
1131 2145 1215 2185 me
1247 2130 1335 2184 ille
1360 2143 1594 2198 unquam
1622 2126 1794 2181 solum
1827 2132 1911 2179 est
1949 2123 2030 2176 al-

450 2219 700 2284 locutus;
728 2223 820 2276 sed
851 2236 1067 2290 semper
1099 2221 1297 2277 comite
1327 2221 1582 2290 episcOpo
1639 2216 1789 2270 urbis
1815 2215 1867 2269 in
1923 2228 2029 2283 qua

451 2322 578 2369 tunc
599 2315 880 2382 degebam,
907 2314 1136 2384 aliisque
1166 2313 1255 2380 qui
1281 2321 1394 2366 tum
1425 2311 1562 2364 forte
1584 2310 1831 2374 aderant,
1856 2307 2028 2377 ipsum

453 2406 604 2460 adii:
640 2405 708 2460 iis
756 2406 976 2474 inquam
1025 2405 1314 2460 comitibus
1371 2402 1600 2465 accessi,
1631 2401 1700 2454 iis
1741 2399 2031 2454 comitibus
2078 2474 2086 2481 _

453 2497 678 2553 recessi.
703 2496 940 2562 Hujusce
975 2496 1051 2550 rei
1088 2495 1242 2550 testis
1287 2503 1371 2548 est
1409 2490 1837 2546 Fortunatianus
1867 2489 2033 2556 Aqui-

453 2585 570 2642 leiae
603 2589 925 2656 episcopus:
961 2587 1064 2640 hoc
1091 2587 1262 2655 ipsum
1296 2593 1468 2653 potest
1493 2582 1666 2635 Patris
1692 2579 1836 2636 Hosii
1876 2579 2026 2633 testi-

454 2679 636 2733 monio
689 2678 1023 2732 continuari.
1074 2675 1252 2732 Testis
1308 2677 1436 2729 item
1475 2675 1763 2744 Crispinus
1799 2673 2028 2736 Patavii,

451 2765 692 2823 Lucilius
714 2766 964 2832 Verona),
993 2767 1280 2838 D.ony:ius
1310 2765 1512 2831 Leidis,
1555 2775 1610 2820 et
1636 2764 1951 2820 Vincentius
1977 2749 2030 2816 in

450 2859 746 2926 Campania
781 2859 1088 2926 episcopus.
1126 2856 1190 2910 Et
1217 2857 1342 2924 quia
1392 2853 1632 2908 defuncti
1670 2863 1796 2907 sunt
1857 2852 2028 2908 Matti-

452 2950 634 3003 mious
664 2948 1029 3012 Trevirensis,
1053 2958 1106 3001 et
1139 2946 1419 3000 Protasius
1449 2937 1862 2999 Mediolanensis
1891 2960 1905 3006 ;
1937 2959 2034 3012 po—

453 3050 558 3095 test
585 3040 819 3108 idipsum
845 3038 1123 3092 testiﬁcari
1154 3036 1426 3106 Eugenius
1453 3046 1577 3089 tunc
1611 3034 1868 3105 magister
1897 3052 1911 3088 :
1937 3033 2029 3102 qui

450 3133 704 3200 quoniam
758 3141 886 3185 ante
945 3130 1121 3184 velum
1184 3140 1298 3184 tum
1352 3127 1612 3198 temporis
1660 3127 1856 3192 stabat,
1906 3141 2028 3180 cunt

2131 659 2253 722 τίας
2280 659 2387 712 τῶν
2416 676 2483 729 με
2515 658 2878 714 διαϐαλόντων
2909 663 3064 734 παρὰ
3103 667 3208 723 σοι,
3246 663 3615 736 Συγχώρησον
3647 668 3714 718 εξ..

2133 749 2286 803 πόντι
2342 768 2432 821 μοι
2477 750 2684 816 ταῦτα,
2733 753 3211 827 φιλανθρωπότατε
3267 755 3572 832 Δύγουστε,
3637 760 3750 814 καὶ.

2132 839 2333 910 πολλήν
2356 857 2446 911 μοι
2474 841 2799 912 συγγνώμην
2826 841 2931 907 δός.
2963 846 3039 898 Ού
3062 845 3168 917 γὰρ
3197 844 3374 910 οὕτως
3401 842 3469 916 ἦν
3496 847 3716 918 εὐχερὴς

2130 935 2160 986 6
2191 933 2533 1004 φιλόχριστος
2582 939 2809 999 ἐκεῖνος,
2853 939 2974 1002 οὐδὲ
3029 939 3350 1009 τηλικοῦτος
3393 941 3540 1011 ἥμην
3593 941 3714 1008 ἐγὼ,

2133 1025 2220 1076 ἵνα
2243 1019 2310 1077 πε
2320 1026 2372 1096 pl.
2396 1026 2652 1080 τοιούτων
2676 1028 3177 1101 ὲκοινολογούμεθα,
3203 1031 3300 1086 καὶ
3325 1032 3554 1100 ἀδελφὸν
3581 1033 3717 1086 ἀδελ·

2133 1117 2218 1188 (pq)
2255 1117 2530 1172 διέϐαλλον
2565 1119 2698 1189 (l7),
2751 1119 2784 1190 ἢ
2836 1121 2986 1192 παρὰ
3036 1122 3249 1192 βασιλεῖ
3289 1125 3417 1195 περὶ
3461 1123 3719 1194 βασιλέως

2133 1208 2320 1272 κακῶς
2347 1210 2726 1281 μνημονεύσω.
2755 1212 2830 1266 Ού
2883 1213 3166 1284 μαίνομαι,
3206 1214 3450 1284 βασιλεῦ,
3479 1216 3605 1270 οὐδὲ
3637 1219 3720 1269 ὲπ-

2133 1300 2406 1372 ελαθόμην
2428 1302 2529 1372 τῆς
2553 1302 2704 1366 Θείας
2738 1304 2922 1374 φωνῆς
2953 1306 3239 1378 λεγούσης·
3256 1309 3371 1361 Καί
3402 1325 3468 1378 γε
3489 1309 3560 1362 ὲν
3577 1322 3718 1362 συν·

2130 1393 2360 1462 ειδήσει
2399 1410 2514 1449 σου
2573 1396 2845 1460 ,βασιλέα
2891 1397 2980 1466 μὴ
3023 1398 3356 1469 καταράσῃ,
3394 1401 3496 1454 καὶ
3537 1403 3611 1454 ἐν
3637 1419 3720 1455 ta-

2127 1485 2317 1553 μείοις
2370 1485 2652 1552 κοιτῶνός
2708 1503 2824 1540 σου
2883 1487 2971 1557 μὴ
3024 1488 3340 1558 καταράσῃ
3385 1493 3713 1545 πλούσιον·

2133 1572 2219 1624 ὅτι
2251 1574 2526 1627 πετεινόν
2570 1573 2677 1628 τοῦ
2714 1577 2976 1643 οὐρανοῦ
3008 1578 3249 1633 ἀποίσει
3295 1597 3413 1634 σου
3464 1580 3582 1649 τὴν
3614 1601 3720 1652 φω-

2133 1663 2271 1730 νὴν,
2313 1665 2410 1718 καὶ
2444 1669 2477 1719 ὁ
2505 1665 2616 1736 (18)
2668 1666 2776 1731 τὰς
2813 1666 3113 1738 πτέρυγας
3159 1671 3498 1741 ἀπαγγελεῖ
3538 1674 3718 1742 λόγον

2135 1773 2273 1812 σου.
2324 1759 2386 1810 Εἰ
2431 1758 2488 1811 δὲ
2529 1757 2599 1811 τὰ
2635 1759 2882 1812 κατιδίαν
2921 1759 3192 1831 λεγόμενα
3246 1763 3368 1817 καθ’
3414 1762 3572 1835 ὑμῶν
3618 1764 3719 1817 τῶν

2137 1845 2400 1914 βασιλέων
2446 1847 2505 1900 ού
2547 1846 2869 1920 κρύπτεται,
2907 1849 3025 1912 πῶς
3057 1850 3156 1902 οὑκ
3188 1850 3419 1904 ἄπιστον
3447 1853 3498 1904 εί
3525 1852 3714 1922 παρόν·

2131 1954 2222 2000 τος
2265 1937 2548 2006 βασιλέως,
2592 1939 2687 1992 καὶ
2730 1938 2997 1992 τοσούτων
3037 1939 3308 2006 ἑστώτων,
3349 1941 3539 2008 ἔλεγον
3587 1940 3718 1994 κατὰ

2135 2028 2264 2095 σοῦ;
2305 2030 2379 2083 Ού
2423 2031 2532 2103 γὰρ
2581 2029 2740 2102 μόνος
2780 2030 3004 2102 ἐώρακὰ
3047 2047 3178 2084 ποτε
3213 2031 3303 2084 τὸν
3339 2032 3573 2101 ἀδελφόν
3609 2049 3716 2093 σου.

2131 2123 2252 2176 οὐδὲ
2287 2124 2432 2194 μόνῳ
2467 2123 2555 2194 μοί
2589 2141 2719 2176 ποτε
2745 2126 2951 2188 ἐκεῖνος
2983 2123 3262 2194 ὡμίλησεν
3282 2141 3295 2153 ·
3330 2123 3448 2176 ἀλλ’
3475 2124 3564 2176 ἀεὶ
3591 2124 3721 2195 μετὰ

2131 2215 2224 2268 τοῦ
2256 2215 2556 2269 ἐπισκόπου
2585 2215 2684 2286 τῆς
2733 2215 2940 2278 πόλεως
2979 2214 3106 2268 ἔνθα
3135 2211 3226 2286 ἦν,
3259 2217 3355 2268 καὶ
3396 2214 3578 2268 ἄλλων
3621 2215 3719 2270 τῶν

2132 2307 2251 2360 ἐκεῖ
2284 2307 2810 2378 παρατυγχανόντων
2845 2307 3216 2379 εἰσηρχὸμην·
3255 2310 3412 2379 κοινῇ
3464 2324 3526 2360 τε
3567 2307 3719 2361 αὑτὸν

2133 2399 2456 2471 ἐϐλέπομεν,
2499 2402 2593 2454 καὶ
2646 2403 2796 2472 κοινῇ
2845 2400 3006 2454 πάλιν
3055 2400 3474 2472 ἀνεχωροῦμεν·
3506 2400 3717 2456 δύναται

2131 2492 2622 2561 Φουρτουνατιανὸς
2658 2493 2687 2544 6
2717 2493 2814 2563 τῆς
2860 2492 3148 2562 Ἀκυληῒας
3178 2493 3484 2556 ἐπίσκοπος
3516 2510 3715 2564 μαρτυ-

2137 2583 2302 2653 ρῆσαι
2343 2585 2472 2655 περὶ
2499 2585 2712 2649 τούτου,
2750 2585 2932 2648 ίκανός
2961 2587 3106 2638 ἐστιν
3142 2587 3171 2638 6
3210 2586 3402 2656 Πατὴρ
3436 2587 3623 2648 ’Ὀσιος
3648 2587 3719 2637 εἰει

2136 2677 2278 2740 πεῖν,
2320 2676 2414 2728 καὶ
2449 2678 2746 2746 Κρισπῖνος
2777 2677 2805 2728 6
2844 2675 2944 2745 τῆς
2983 2676 3272 2738 Πατάὸων,
3308 2677 3406 2730 καὶ
3437 2676 3718 2740 Δούκιλλος

2132 2767 2160 2819 6
2193 2769 2250 2819 ὲν
2288 2767 2515 2839 Βερωνὶ,
2568 2768 2662 2821 καὶ⁸
2703 2769 2977 2831 Διονύσιος
3017 2771 3047 2822 6
3085 2769 3142 2820 ὲν
3176 2768 3354 2836 Ληῒδι,
3403 2769 3501 2821 xa‘t
3549 2768 3718 2820 Βικέν-

2133 2873 2246 2928 τιος
2283 2857 2394 2925 (l9)
2429 2858 2456 2909 6
2488 2858 2545 2908 ὲν
2584 2859 2887 2928 Καμπανίᾳ
2920 2858 3238 2919 ἐπίσκοπος.
3281 2858 3393 2909 Καὶ
3426 2857 3615 2926 ἐπειδὴ
3639 2873 3717 2908 τε·

2132 2947 2489 3019 τελευτήκασι
2523 2951 2826 3018 Μαξιμῖνος
2869 2951 2897 3002 6
2938 2949 3268 3020 Τριϐἐρεως,
3299 2951 3394 3002 καὶ
3424 2949 3717 3020 Προτάσιος

2134 3040 2163 3091 6
2187 3041 2285 3109 τῆς
2311 3039 2661 3102 Μεδιολάνου,
2701 3039 2923 3094 δύναται
2963 3041 3056 3092 καὶ
3089 3039 3348 3108 Εὐγένιος
3376 3039 3406 3092 6
3435 3039 3715 3108 γενόμενος

2138 3131 2434 3200 μάγιστρος
2471 3131 2842 3200 μαρτυρῆσαι·
2889 3131 3052 3192 αὐτὸς
3081 3130 3190 3200 γὰρ
3223 3131 3471 3199 εἱστήκει
3498 3129 3604 3200 πρὸ
3629 3128 3713 3181 τοῦ

450 3219 717 3290 pOstulata
773 3230 982 3285 nostra,
1012 3231 1122 3274 tum
1181 3234 1300 3288 quae
1333 3219 1490 3274 nobis
1540 3217 1630 3272 ille
1667 3218 1918 3288 dignatus
1945 3225 2030 3270 est

2138 3219 2321 3289 βηλοῦ,
2371 3221 2465 3274 καὶ
2509 3222 2704 3290 ἤκουεν
2735 3221 2846 3291 (20)
2895 3221 3038 3292 ἆπερ
3090 3219 3351 3292 ἠξιοῦμεν
3396 3219 3580 3281 αὑτὸν,
3628 3218 3712 3271 καὶ

450 3313 580 3368 dare
617 3326 918 3380 responsa,
968 3313 1155 3366 audire
1187 3311 1384 3381 potuit.
1441 3309 1569 3365 Haec
1625 3309 1838 3365 tametsi
1893 3309 2029 3365 satis

449 3414 576 3459 sunt
602 3405 668 3458 ad
699 3405 777 3458 rei
821 3404 1362 3470 demonstrationem,
1396 3403 1681 3458 concedito
1735 3412 1913 3456 tamen
1973 3409 2030 3456 ut

449 3496 905 3565 peregrinationis
948 3511 1082 3550 mete
1115 3495 1380 3549 ratiOnem
1437 3495 1630 3548 ordine
1690 3495 1783 3548 tibi
1839 3509 2030 3549 recen-

449 3601 643 3653 seam;
683 3598 738 3642 ut
769 3588 896 3642 hinc
930 3587 1113 3642 lutiles
1149 3589 1577 3642 obtrectatorum
1626 3603 1870 3644 meorum
1917 3589 2027 3642 cri-

450 3679 778 3734 minationes
808 3681 1190 3748 deprehendas
1219 3689 1384 3748 atque
1413 3679 1764 3733 condemnes.
1823 3693 1832 3700 '

522 3772 688 3841 236
713 3771 768 3826 4.
812 3771 1140 3825 Alexandria
1197 3772 1473 3840 profectus
1531 3787 1672 3836 sum,
1701 3787 1806 3826 non
1853 3779 1913 3824 ut
1962 3772 2030 3825 ad

450 3865 752 3918 exercitum
786 3863 972 3916 fratris
1003 3863 1076 3915 tui
1106 3863 1188 3916 vel
1213 3864 1279 3916 ad
1310 3863 1442 3916 alios
1475 3863 1736 3931 quosdam
1778 3877 1863 3916 me
1899 3877 2031 3916 con-

453 3957 688 4021 ferrem;
719 3955 812 4008 sed
853 3963 910 4006 ut
961 3954 1188 4008 Romam
1238 3963 1527 4022 peterem:
1577 3963 1739 4023 atque
1795 3953 1864 4007 ibi
1908 3969 2030 4008 cum

449 4063 515 4103 ea
560 4061 680 4116 qua:
736 4062 854 4099 mea
910 4046 1214 4100 intererant
1264 4044 1515 4100 Ecclesia:
1561 4046 2029 4100 commendassem

451 4139 614 4208 (quod
645 4155 810 4192 unum
853 4138 982 4191 mihi
1014 4152 1157 4192 curae
1186 4135 1348 4206 erat),
1374 4137 1761 4192 ecclesiasticis
1790 4153 2031 4193 conven-

452 4229 596 4283 tibus
624 4230 899 4282 vacabam.
941 4227 1117 4281 Fratri
1144 4239 1324 4282 autem
1361 4241 1452 4283 tuo
1512 4242 1852 4298 nequaquam
1892 4229 2032 4283 scri-

449 4320 554 4390 psi,
591 4319 691 4372 nisi
733 4327 1018 4388 postquam
1074 4317 1368 4372 Ensebiani
1410 4317 1592 4371 missis
1615 4317 1902 4372 adversum
1946 4334 2032 4375 me

449 4411 687 4475 litteris,
745 4410 1122 4466 necessitatem
1176 4409 1305 4463 mihi
1356 4409 1587 4464 attulere
1653 4425 1777 4463 cum
1853 4411 2031 4465 adhuc

447 4501 788 4556 Alexandriae
803 4503 1078 4572 degerem,
1109 4516 1294 4557 eorum
1319 4501 1618 4556 calumnias
1641 4502 1987 4570 propulsandi
2012 4521 2026 4557 :

2135 3313 2276 3384 ἅπερ
2310 3313 2472 3376 αὐτὸς
2511 3312 2768 3382 κατηξίου
2816 3312 2996 3380 λέγειν
3037 3315 3190 3382 ἡμῖν.
3233 3311 3420 3366 Ταῦτα
3465 3311 3640 3364 τοίνυν
3669 3310 3712 3361 εἰ

2132 3405 2229 3458 καὶ
2265 3404 2436 3458 ’ἱκανὰ
2482 3404 2617 3475 πρὸς
2663 3403 2935 3469 ἀπόδειξίν
2983 3406 3116 3468 ἐστι,
3166 3402 3526 3473 συγχώρησον
3575 3404 3710 3471 ὅμως

2132 3497 2493 3568 διηγήσασθαι
2542 3497 2636 3550 καὶ
2672 3497 2780 3566 (2i)
2817 3496 2908 3548 τὸν
2946 3495 3204 3566 λογισμὸν
3239 3497 3338 3565 τῆς
3387 3494 3706 3564 ἀποδημίας,

2134 3590 2222 3642 ἵνα
2257 3567 2350 3642 καῖ
2381 3591 2443 3642 ἐκ
2473 3589 2676 3643 τούτων
2707 3587 2989 3660 καταγνῷς
3014 3589 3121 3642 τῶν
3152 3587 3546 3642 διαὸαλλόντων
3574 3585 3709 3655 ἡμᾶς

2136 3679 2331 3750 μάτην.

2202 3770 2254 3822 4.
2296 3768 2558 3836 Ἐξελθὼν
2597 3771 2705 3824 ἀπὸ
2757 3770 2853 3840 τῆς
2907 3768 3335 3838 ’Δλεξανδρείας,
3382 3767 3486 3820 οὐκ
3534 3765 3608 3828 εἰς
3653 3762 3707 3815 τὸ

2135 3861 2493 3933 στρατόπεδον
2515 3861 2608 3914 τοῦ
2626 3861 2852 3930 ἀδελφοῦ
2878 3859 3124 3924 σου,ούδὲ
3158 3859 3291 3931 πρὸς
3323 3858 3517 3921 ἄλλους
3543 3855 3701 3916 τινὰς,

2133 3953 2165 4023 ἢ
2205 3954 2365 4024 μόνον
2399 3955 2479 4016 εἰς
2509 3953 2608 4024 τὴν
2647 3953 2862 4023 Ῥώμην
2890 3951 3153 4020 ἀνῆλθον·
3188 3951 3283 4003 καὶ
3313 3952 3380 4020 τῇ
3428 3946 3705 4016 Ἐκκλησία

2132 4044 2200 4096 τὰ
2236 4046 2352 4097 κατ’
2384 4044 2617 4114 ὲμαυτδν
2646 4043 3024 4114 παραθέμενος
3056 4041 3268 4112 (τούτου
3294 4040 3404 4110 γὰρ
3433 4041 3588 4111 μόνου
3620 4053 3702 4107 μοι

2135 4137 2355 4208 φροντὶς
2393 4133 2506 4209 ἦν),
2550 4137 2840 4207 ἐσχόλαζον
2893 4138 3014 4198 ταῖς
3062 4135 3336 4200 συνάξεσι.
3381 4133 3472 4203 Τῷ
3505 4129 3705 4200 ἁδελφῷ

2137 4245 2228 4280 σου
2255 4229 2355 4281 ούκ
2383 4228 2617 4298 ἔγραψα,
2650 4227 2683 4298 ἢ
2720 4227 2879 4297 μόνον
2906 4227 2994 4279 ὅτε
3028 4228 3075 4278 οἱ
3109 4228 3237 4296 περὶ
3265 4224 3523 4277 Εὑσέϐιον
3552 4223 3701 4291 ἔγρα-

2132 4321 2240 4390 ψαν
2282 4321 2431 4392 αὐτῷ
2477 4323 2598 4376 κατ’
2633 4319 2788 4391 ἐμοῦ,
2839 4321 2932 4373 καὶ
2966 4320 3209 4390 ἀνάγκην
3249 4317 3408 4388 ἔσχον
3448 4318 3522 4370 ἔτι
3549 4318 3615 4369 ὢν
3645 4316 3700 4366 ὲν

2131 4417 2200 4483 τῇ
2261 4414 2638 4483 Ἀλεξανδρείᾳ
2690 4410 3166 4481 ἀπολογήσασθαι·
3220 4411 3316 4463 καὶ
3358 4412 3467 4472 ὅτε,
3513 4407 3698 4461 πυκτία

2132 4505 2240 4558 τῶν
2273 4505 2432 4558 θείων
2456 4505 2687 4576 Γραφῶν
2707 4503 3058 4565 κελεύσαντος
3079 4501 3244 4554 αὐτοῦ
3271 4519 3361 4571 μοι
3382 4497 3699 4555 κατασκευά-

451 4595 774 4662 iterumque,
807 4610 927 4648 cum
948 4596 1170 4662 jubeute
1202 4593 1314 4657 illo,
1353 4602 1411 4646 ut
1442 4593 1745 4648 divinarum
1775 4594 2024 4661 Scriptu-

2138 4613 2223 4650 σαι
2244 4597 2352 4666 (2‘2)
2363 4636 2375 4656 ,
2392 4597 2564 4650 ταῦτα
2583 4597 2812 4667 ποιήσας
2827 4592 3122 4646 ἀπέστειλα
3140 4609 3153 4622 ’
3177 4591 3283 4664 χρὴ
3297 4592 3407 4662 γὰρ
3422 4587 3698 4656 ἀπολογού-

452 4699 630 4738 rarum
665 4683 889 4738 tabellas
925 4684 1269 4746 adornarem,
1309 4683 1589 4736 eorufectas
1623 4698 1716 4736 cas
1741 4685 1807 4736 ad
1858 4686 2028 4752 ipsum

451 4775 726 4828 transmisi
761 4795 772 4828 :
805 4790 900 4843 par
935 4776 1134 4843 quippe
1181 4783 1267 4828 est
1298 4788 1384 4827 me
1417 4773 1507 4842 qui
1547 4788 1724 4836 meam
1752 4789 2030 4842 propugno

448 4880 692 4929 causam,
727 4875 829 4918 tua:
882 4867 1068 4934 pietati
1116 4881 1243 4919 vera
1274 4865 1481 4920 dicere.
1511 4863 1771 4918 Triennio
1811 4879 2027 4930 exacto,

450 4967 645 5026 quarto
673 4972 815 5010 anno
841 4956 1021 5011 missis
1063 4957 1259 5011 litteris
1292 4971 1378 5010 me
1407 4957 1624 5021 accivit,
1649 4972 1757 5024 quo
1781 4964 2024 5024 tempore

448 5049 540 5106 ille
593 5047 876 5102 Mediolani
931 5048 1272 5102 versabatur.
1327 5047 1437 5114 Ego
1503 5060 1632 5101 vero
1701 5047 2026 5102 sciscitabar

524 5149 571 5182 ⁸³
581 5147 759 5204 Eccle.
794 5161 850 5210 κ,
877 5143 968 5197 20.

450 5249 579 5301 dose
601 5263 615 5299 :
639 5258 758 5311 quae
788 5259 881 5293 του
912 5257 980 5294 ευ
1015 5255 1066 5292 tn
1091 5256 1128 5290 α
1150 5236 1555 5311 transmutatio,
1594 5235 2032 5311 frequentissime

449 5305 713 5371 occurrit.
757 5311 926 5367 Paulo
957 5321 1077 5382 post
1110 5311 1238 5378 Reg.
1279 5305 1626 5377 ἀποκαλύψη.
1663 5307 1800 5360 Editi
1823 5308 2034 5361 ἀποκα-

449 5387 628 5455 λύψει.

525 5445 636 5514 (l7)
666 5454 820 5518 Begu,
859 5452 1114 5506 τοιούτων
1150 5445 2034 5518 ἐκοινολογούμεθαηκαὶίὰδελφδν

452 5525 664 5591 (laeui?)
691 5515 953 5576 διέϐαλον.
997 5524 1158 5580 litliti,
1181 5519 1434 5573 τοιούτων
1464 5519 1597 5591 πρὸς
1620 5515 1846 5591 ἀδελφὸν
1878 5518 2035 5569 ἀδελ-

454 5597 550 5663 φὸν
583 5579 880 5648 διέϐαλλον.
913 5595 965 5644 In
1013 5593 1174 5644 Rasil.
1204 5579 1614 5663 littﬁl‘TOIO-‘yfto‘l
1641 5579 1880 5663 spatium
1909 5603 2031 5663 era-

457 5655 574 5714 sum
605 5669 750 5717 sic...
781 5663 1026 5732 γώμεθα,
1052 5655 1250 5716 Iectuin
1279 5659 1434 5712 initio
1461 5655 1944 5724 ὲκοινολογιῖιμεθα.
1975 5657 2027 5710 ltt

457 5738 641 5785 codem
671 5733 806 5802 πρός
836 5735 1005 5802 deest.

531 5803 641 5868 (ιδ)
681 5793 962 5855 δὶρΒιιεὶι.
989 5810 1042 5854 ct
1068 5800 1220 5855 editi.
1250 5799 1306 5851 In
1341 5798 1472 5868 Reg.
1497 5795 1712 5868 bilcest.
1747 5793 1807 5868 _I_n
1840 5794 2029 5868 Grant-0

462 5865 752 5940 Sci'ipturu:
777 5879 920 5923 textu
949 5871 1045 5932 sic,
1079 5871 1104 5920 ό
1140 5869 1276 5936 ἔχων
1307 5867 1401 5929 τὰς
1429 5866 1723 5932 πτέρυγας.
1747 5865 1858 5920 Mox
1895 5865 2024 5936 Rt-g.

2136 4689 2293 4759 μενόν
2331 4706 2397 4759 με
2440 4687 2724 4758 ἀληθεύειν
2765 4689 2830 4756 τῇ
2996 4683 3296 4754 θεοσεϐείᾳ.
3331 4681 3504 4753 Τριῶν
3535 4677 3696 4732 τοίνυν

2128 4778 2266 4831 ἐτῶν
2317 4779 2692 4849 παρελθόντων
2717 4821 2730 4844 ,
2769 4777 3012 4847 τετάρτῳ
3053 4766 3282 4845 ἐνιαυτῷ
3308 4773 3506 4845 γράφει
3531 4767 3697 4822 κελεύ-

2130 4889 2228 4934 σας
2258 4873 2567 4943 ἀπαντῆσαί
2601 4891 2666 4942 με
2695 4872 2832 4942 πρὸς
2852 4871 3031 4925 αὐτόν’
3063 4865 3130 4941 ἦν
3153 4870 3211 4923 δὲ
3233 4871 3290 4922 ὲν
3311 4866 3693 4938 τῇΜεδιολάνῳυ

2145 4962 2285 5030 Ἐγὼ
2329 4963 2409 5029 δὲ,
2461 4964 2732 5035 διερωτῶν
2765 4965 2862 5034 τὴν
2899 4963 3078 5017 αἰτίαν
3123 4961 3205 5031 (ού
3253 4962 3363 5032 γὰρ
3400 4959 3694 5028 ἐγίνωσκον.

2135 5053 2347 5125 μάρτυς
2380 5057 2408 5108 6
2439 5055 2696 5126 Κύριος),
2725 5055 2926 5125 ἔμαθον
2949 5055 3027 5108 ὅτι
3054 5052 3345 5106 ἐπίσκοποί
3367 5068 3524 5114 τινες,
3553 5044 3698 5100 ἀνελ-

2136 5248 2258 5308 post
2286 5240 2334 5291 εἰ
2364 5237 2419 5290 δέ
2451 5237 2612 5291 habet
2639 5239 2750 5292 καί.

2211 5309 2322 5373 (l9)
2355 5309 2482 5377 Reg.
2495 5348 2509 5372 ,
2541 5308 2844 5362 Κιϐἐντιον.

2212 5378 2326 5449 (20)
2363 5376 2538 5449 Paris.
2566 5389 2619 5431 et
2654 5377 3154 5449 Colou.,mendose,
3191 5376 3287 5449 τοῦ
3317 5377 3527 5449 ᾕκουεν.

2212 5383 2303 5449 (20
2364 5383 2538 5434 Paris.
2566 5389 2619 5431 et
2654 5383 3154 5442 Colou.,mentlose,
3191 5383 3287 5429 τοῦ
3320 5383 3527 5446 ηκουεν.

2212 5383 2326 5518 (ξιξ
2363 5448 2452 5501 Sic
2488 5445 2622 5517 Reg.
2675 5448 2814 5502 Etliti
2875 5463 3005 5502 vero
3039 5458 3164 5500 aute
3189 5446 3284 5500 καί
3314 5447 3504 5499 habent
3542 5439 3695 5500 δλως.

2139 5518 2506 5589 ΒεςίΙ.ὃμως.
2637 5587 2644 5589 _
2745 5587 2752 5589 ξ
2814 5587 2842 5589 Η
2961 5586 2970 5589 _
3192 5585 3204 5589 _
3268 5586 3278 5589 _
3591 5579 3624 5589 n

2214 5589 2326 5658 (22)
2368 5581 2502 5641 Sunt
2558 5587 2648 5656 qui
2687 5581 3700 5658 tabellasAistasexistiment‘essesy-

2139 5652 2331 5727 nopsin
2367 5652 2660 5727 Scriptura:
2691 5674 2880 5714 sacrae.
2923 5655 3026 5711 Sed
3057 5657 3180 5709 vide
3208 5657 3283 5709 sis
3307 5671 3422 5724 qtae
3442 5652 3700 5727 ῘρΑήιηοέ

2143 5723 2350 5783 "itione
2379 5728 2435 5798 in
2492 5725 2779 5798 Synopsin,
2806 5745 2866 5780 ea
2892 5730 2956 5782 de
2984 5741 3042 5779 te
3066 5723 3434 5798 disputamus.
3463 5723 3576 5790 Rrgs
3640 5726 3701 5770 ει

2138 5798 2322 5866 Basil.,
2346 5797 2423 5868 τῷ
2450 5795 2702 5867 ἐνιαυτῷ,
2735 5799 2936 5853 omisso
2955 5795 3200 5866 τετάρτῳ
