3954 6500
269 380 363 436 (Ξὖὶ

1300 382 1633 442 ΔΡΟΕΟΟΙΑ
1669 389 1766 443 ΑΟ
1809 389 2299 448 CONSTANTIUM
2340 393 2474 449 IMP.

3409 413 3515 469 602

264 498 457 561 οὸντες,
495 497 732 568 ἠξίωσαν
760 499 923 552 αὑτὸν
951 501 1156 572 γράψαι
1189 503 1253 572 τῇ
1287 505 1352 573 σῇ
1389 505 1658 576 εὐσεϐείᾳ,
1695 506 1820 560 ὥστε

1941 509 2066 577 quid
2101 525 2278 567 causa:
2308 524 2450 569 esset
2473 517 2613 584 quod
2646 531 2976 586 accerserer,
3003 536 3107 576 non
3127 537 3311 579 noram
3341 520 3509 590 euun,

264 589 471 642 σύνοδον
513 590 784 657 γενέσθαι.
835 591 1094 656 Πίστευε,
1150 591 1392 662 βασιλεῦ,
1441 593 1583 646 οὕτω
1624 595 1836 663 γέγονε,

263 683 350 733 καὶ
375 681 434 733 οὐ
463 678 752 752 ψεύδομαι.
803 678 1090 736 Κατελθὼν
1125 675 1301 736 τοίνυν
1334 685 1412 746 είς
1447 685 1545 755 τὴν
1576 686 1841 739 Μεδιόλα-

258 790 370 836 νον,
424 768 562 825 εἶδον
625 773 822 845 πολλὴν
870 767 1334 846 φιλανθρωπίανΔ
1363 775 1666 845 κατηξίωσε
1731 777 1839 849 γὰρ

260 865 380 916 ἰδεῖν
417 882 506 934 με,
540 866 634 918 καὶ
667 868 861 931 εἰπεῖν,
896 867 977 918 ὅτι
1017 866 1220 936 ἔγραψε
1255 867 1349 918 καὶ
1375 868 1662 920 ἀπέστειλε
1700 869 1837 940 πρὸς

258 955 331 1016 σὲ,
371 954 538 1019 ἀξιῶν
583 955 796 1010 σύνοδον
837 957 1109 1024 γενέσθαι.
1147 958 1411 1025 Διάγοντα
1455 957 1510 1010 δέ
1556 977 1621 1028 με
1662 961 1720 1011 ὲν
1763 963 1828 1030 τῇ

257 1049 619 1118 προειρημένῃ
647 1047 758 1119 (23)
792 1048 964 1112 πόλει,
1004 1049 1580 1120 μετεπέμψατοπάλιν
1616 1052 1695 1114 είς
1733 1052 1830 1115 τὰς

258 1136 475 1201 Γαλλίας
496 1177 510 1200 ,
545 1141 660 1191 ἐκεῖ
691 1139 799 1210 γάρ
832 1141 926 1192 καὶ
956 1143 984 1193 ὁ
1018 1141 1208 1211 Πατὴρ
1241 1142 1425 1205 "Octo;
1477 1144 1696 1212 ῆρχετο,
1745 1143 1831 1195 ἵνα

259 1227 456 1280 ἐκεῖθεν
507 1230 587 1292 εἰς
631 1229 727 1299 τὴν
775 1230 1044 1301 Σαρδικὴν
1081 1229 1411 1301 ὁδεύσωμεν.
1454 1233 1608 1284 Μετά
1645 1232 1829 1303 δὲτὴν

259 1321 487 1386 σύνοδον,
517 1324 572 1400 ἐν
591 1323 899 1402 τῇο-δαῖσσῷ
924 1342 1012 1394 μοι
1040 1325 1279 1392 διάγοντι
1304 1325 1502 1394 γράφει
1523 1341 1534 1353 ⁸
1558 1325 1651 1377 καὶ
1673 1324 1828 1377 ἀνελ-

258 1411 357 1464 θὼν
385 1416 442 1464 ὲν
483 1413 742 1484 Ἀκυληῖᾳ
769 1415 952 1467 λοιπὸν
979 1415 1263 1485 διέτριϐον,
1303 1414 1430 1468 ἔνθα
1463 1432 1528 1484 με
1555 1415 1623 1468 τά
1647 1416 1824 1488 γράμ-

260 1521 394 1574 ματα
422 1506 521 1574 τῆς
560 1507 658 1576 σῆς
692 1506 800 1574 (24)
841 1505 1151 1569 θεοσεϐείας
1191 1506 1508 1559 κατέλαϐεν.
1560 1507 1829 1560 Κάκεῖθεν

257 1593 466 1664 κληθεὶς
498 1596 658 1650 πάλιν
693 1595 843 1667 παρὰ
872 1595 966 1648 τοῦ
1004 1598 1326 1668 μακαρίτου,
1359 1598 1453 1650 καὶ
1484 1597 1718 1651 ἀνελθὼν
1753 1601 1862 1662 είς.

255 1685 345 1748 τὰς
376 1685 624 1750 Γαλλίας,
657 1685 826 1750 οὕτως
856 1683 1020 1757 ἦλθον
1057 1690 1208 1760 παρὰ
1255 1689 1352 1760 τὴν
1394 1691 1493 1760 σὴν
1527 1690 1830 1744 εὐσέϐειαν.

1946 599 2101 655 testis
2148 603 2276 656 mihi
2327 603 2586 660 Dominus
2631 619 2758 662 est:
2793 609 3065 681 didicique
3109 617 3369 682 quosdam
3399 618 3516 685 epi-

1941 703 2154 757 scopos,
2180 691 2269 759 qui
2297 707 2362 746 eo
2391 706 2800 761 concesserant,
2830 713 3046 767 rogasse
3097 702 3266 766 illum,
3296 712 3356 757 ut
3410 713 3516 761 tum

1941 778 2129 846 pietati
2167 795 2261 848 pro
2290 784 2495 852 synodo
2524 789 2761 855 cogenda
2796 789 3084 845 scriberet.
3152 793 3324 847 Crede
3357 796 3512 863 mihi,

1939 868 2258 937 imperator,
2291 875 2370 928 sic
2389 887 2539 944 gesta
2561 892 2649 931 res
2679 887 2784 944 est,
2818 894 2991 948 neque
3021 884 3272 938 mentior.
3307 885 3514 939 Medio-

1941 957 2122 1012 Ianum
2159 963 2323 1032 igitur
2345 981 2464 1020 cunt
2488 969 2864 1033 accessissem,
2904 988 3152 1039 magnam
3185 976 3299 1043 ejus
3324 993 3515 1045 exper-

1940 1060 2026 1104 tus
2055 1066 2174 1105 smn
2201 1055 2588 1112 humanitatem
2627 1077 2642 1113 :
2677 1075 2760 1114 me
2786 1062 2986 1132 quippe
3017 1065 3271 1133 dignatus
3322 1076 3400 1118 est
3447 1068 3513 1120 ad

1938 1156 2286 1210 conspectum
2322 1149 2611 1205 admittere
2632 1167 2787 1206 suum
2827 1169 2841 1206 :
2892 1155 3256 1225 indicavitque
3297 1160 3427 1211 mihi
3457 1171 3515 1212 se

1937 1237 2242 1305 scripsisw,
2273 1248 2326 1293 et
2364 1243 2431 1295 ad
2472 1251 2522 1296 te
2549 1245 2761 1300 misisse
2785 1286 2798 1310 ,
2836 1262 3159 1317 regisseque
3190 1259 3248 1302 ut
3276 1250 3514 1319 synodus

1938 1337 2352 1383 convocaretur.
2385 1332 2465 1386 Me
2500 1345 2676 1388 autem
2723 1347 2908 1406 postea
2963 1339 3014 1391 in
3063 1340 3315 1408 pru‘dicta
3379 1341 3514 1396 urbe

1934 1415 2218 1485 degentem
2261 1419 2457 1472 iterum
2513 1424 2659 1476 misit
2715 1425 2766 1477 in
2822 1426 3046 1490 Gallias,
3071 1443 3136 1480 eo
3170 1429 3311 1481 enim
3356 1440 3513 1497 pater

1937 1521 2151 1574 quoque
2198 1507 2396 1564 Hosius
2425 1524 2790 1578 concesserat,
2823 1527 2881 1568 ut
2912 1532 3016 1569 una
3051 1518 3176 1570 inde.
3227 1518 3508 1571 Sardicam

1939 1607 2262 1667 peteremus.
2308 1601 2436 1656 Post
2481 1615 2756 1672 peractam
2815 1621 2944 1661 vero
3001 1611 3263 1679 synodum
3304 1611 3514 1666 litteras

1941 1689 2071 1742 mihi
2099 1699 2208 1744 tum
2238 1691 2429 1749 Naisso
2469 1697 2680 1764 degenti
2707 1697 2852 1750 misit
2889 1713 2903 1749 :
2937 1708 3099 1767 atque
3145 1700 3271 1752 hinc
3326 1698 3513 1767 profe-

264 1789 395 1844 ctus,
429 1778 692 1846 Aquileiae
755 1788 939 1845 postea
986 1793 1352 1834 commoratus
1419 1797 1558 1844 sum,
1608 1779 1695 1834 ubi
1764 1780 1984 1835 reddita:
2040 1782 2171 1834 mihi
2235 1794 2360 1837 sunt
2421 1794 2525 1838 tum
2580 1786 2800 1853 pietatis
2866 1789 3078 1842 litterae.
3122 1789 3342 1844 Accitus
3389 1791 3512 1844 inde

259 1884 461 1924 rursum
511 1885 541 1922 a
605 1867 774 1922 beata:
827 1870 1102 1923 memoria:
1181 1871 1313 1932 viro.
1365 1871 1417 1925 iu
1475 1869 1681 1924 Gallias
1717 1872 1818 1925 iter
1860 1871 2107 1925 institui:
2141 1874 2375 1942 hincque
2405 1875 2623 1928 demum
2650 1885 2796 1929 tuam
2837 1879 2944 1931 adii
2981 1881 3260 1948 pietatem.

321 1957 370 2010 5.
409 1957 566 2008 Ποῖον
597 1954 774 2008 τοίνυν
814 1956 1000 2020 τόπον,
1046 1956 1230 2033 ἢίτίνα
1264 1958 1453 2027 χρόνον
1483 1958 1644 2027 φησὶν
1674 1960 1700 2010 ό
1733 1975 1820 2011 κα-

2005 1961 2058 2018 5,
2095 1960 2211 2028 Quo
2245 1962 2405 2031 igitur
2427 1963 2566 2029 loco,
2599 1976 2689 2016 aut
2711 1980 2818 2032 quo
2843 1974 3104 2033 tempore,
3127 1984 3212 2022 me
3229 1979 3512 2026 accusator

253 2049 496 2118 τὴγορος,
543 2048 600 2098 ὲν
643 2037 687 2112 ᾧ
738 2045 962 2099 τοιαῦτά
1001 2063 1067 2116 με
1108 2047 1386 2118 εἰρηκέναι
1431 2047 1736 2113 διέϐαλλεν;
1794 2049 1826 2119 ἦ

251 2137 385 2199 τίνος
420 2136 688 2206 παρόντος
729 2136 934 2205 ὲμάνην
969 2137 1301 2205 φθέγξασθαι
1343 2139 1586 2200 τοιαῦτα,
1631 2134 1717 2190 οἷα
1757 2140 1832 2202 ῶς

254 2228 493 2291 είπόντος
534 2244 635 2297 μου
667 2227 1064 2293 κατεψεύσατος
1098 2228 1230 2298 ἢτίς
1261 2230 1407 2281 ἐστιν
1439 2232 1467 2282 ό
1498 2228 1672 2300 τούτῳ
1706 2247 1829 2284 συν-

253 2317 460 2389 ηγορῶν
534 2318 632 2370 καὶ
688 2315 1015 2388 μαρτυρῶν;
1059 2317 1094 2372 ἀ
1135 2321 1244 2389 γὰρ
1292 2315 1430 2372 εἶδον
1473 2322 1521 2372 οἱ
1559 2321 1830 2392 ὀφθαλμοὶ

253 2409 433 2472 αὑτοῦ,
464 2409 638 2462 ταῦτα
669 2410 762 2462 κα)¹
799 2410 976 2478 λέγειν
998 2410 1221 2479 ὀφείλει,
1267 2412 1343 2474 ὡς
1387 2414 1419 2482 ἠ
1475 2411 1593 2464 θεία
1639 2413 1828 2484 Γραφῆ

254 2498 634 2570 παρήγγειλεν.
669 2500 874 2554 Οὐδένα
907 2501 1003 2571 μὲν
1032 2497 1124 2555 οὖν
1151 2495 1305 2564 οὗτος
1327 2503 1546 2574 εὑρήσει
1576 2504 1828 2577 μάρτυρα

252 2591 352 2642 τῶν
387 2591 462 2660 μὴ
494 2591 828 2660 γενομένων·
878 2591 988 2659 ἐγὼ
1025 2591 1102 2654 δὲ,
1147 2593 1226 2645 ὅτι
1263 2594 1324 2645 οὺ
1370 2593 1654 2664 ψεύδομαι,
1689 2595 1828 2666 μάρ-

251 2697 384 2751 τυρα
413 2681 551 2751 μετά
584 2682 681 2752 τῆς
705 2681 961 2752 ἀληθείας
986 2683 1079 2736 καὶ
1127 2683 1224 2753 τὴν
1261 2683 1358 2754 σὴν
1391 2684 1668 2737 εὐσέϐειαν
1695 2685 1825 2755 ἔχω.

262 2770 414 2834 Ἀξιῶ
455 2771 600 2843 γὰρ,
675 2770 958 2839 γινώσκων
1025 2790 1084 2826 σε
1134 2772 1648 2844 μνημονικώτατον,
1697 2777 1828 2828 ἀνα-

253 2863 552 2934 μνησθῆναι
580 2863 688 2916 τῶν
727 2863 918 2932 λόγων,
967 2859 1042 2918 ὦν
1079 2866 1340 2938 ἀνέφερον
1381 2866 1532 2928 τότε,
1571 2868 1658 2918 ὅτε
1697 2883 1829 2920 κατ-

247 2955 479 3024 ηξίωσας
516 2955 640 3007 ἰδεῖν
675 2972 768 3025 με·
805 2956 1016 3026 πρῶτον
1043 2956 1137 3026 μὲν
1165 2958 1222 3008 ὲν
1239 2956 1560 3026 Βιμινακίῳ,
1578 2955 1826 3027 δεύτερον

246 3047 299 3100 δὲ
348 3049 405 3101 ἐν
452 3049 758 3120 Καισαρείᾳ
799 3049 899 3118 τῆς
946 3048 1361 3112 Καππαδοκίας,
1408 3050 1500 3101 καὶ
1544 3050 1725 3120 τρίτον
1767 3053 1825 3104 ἐν

258 3139 553 3210 Ἀντιοχείᾳ
578 3139 721 3209 (25)°
754 3141 802 3191 εἰ
834 3139 936 3192 κᾶν
965 3140 1072 3192 τῶν
1117 3141 1244 3211 περὶ
1289 3139 1546 3194 Εὑσὲϐιον
1597 3141 1706 3194 τῶν
1756 3158 1823 3212 με

245 3228 598 3300 λυπησάντων
645 3230 829 3293 κακῶς
869 3231 1248 3301 ἐμνημόνευσα
1288 3232 1440 3304 παρά
1487 3235 1590 3296 σοὶ,
1655 3234 1703 3285 εἰ
1741 3233 1822 3286 δι-

1936 2051 2195 2120 ejusmodi
2225 2052 2512 2121 protulisse
2548 2056 2710 2108 verba
2736 2055 3096 2109 criminatur?
3117 2067 3209 2110 aut
3237 2073 3342 2127 quo
3369 2075 3507 2128 pra.-

1936 2151 2091 2196 sente
2132 2156 2197 2195 eo
2251 2142 2478 2196 insania:
2529 2158 2846 2212 progressus
2901 2161 3040 2207 sum,
3068 2156 3210 2200 utea
3254 2149 3507 2217 loquerer

1931 2247 2050 2301 quae
2081 2246 2165 2285 me
2218 2231 2306 2284 ille
2347 2232 2554 2287 dixisse
2588 2235 2898 2288 mentitur?
2927 2235 3184 2301 Quisnam
3237 2239 3314 2290 illi
3377 2239 3505 2293 talia

1931 2321 2128 2375 dicenti
2163 2323 2530 2390 astipulalur?
2587 2326 2712 2392 quis
2775 2341 2898 2378 cum
2947 2326 3038 2381 illo
3096 2329 3382 2382 adiersum
3417 2345 3505 2385 me

1932 2413 2084 2465 testis
2137 2411 2327 2465 adest?
2360 2412 2492 2466 Nam
2550 2429 2669 2483 qua:
2709 2416 2854 2469 oculi
2912 2417 3028 2484 ejus
3085 2418 3334 2471 viderunt
3390 2422 3505 2473 haec

1932 2499 2110 2555 dicere
2139 2501 2323 2566 debet,
2353 2513 2412 2556 ut
2444 2503 2623 2557 divina
2660 2507 2917 2574 praecepit
2946 2505 3227 2575 Scriptura
3257 2508 3321 2561 “.
3355 2509 3502 2562 Sane

1931 2605 2108 2644 rerum
2165 2607 2439 2662 nunquam
2492 2605 2769 2662 gustarunt
2819 2611 2886 2650 ne
2936 2612 3102 2649 unum
3159 2599 3375 2664 quidem
3414 2599 3503 2653 ille

1929 2690 2118 2736 testem
2177 2685 2428 2752 reperiet.
2490 2685 2573 2739 Me
2631 2697 2811 2740 autem
2873 2703 3211 2757 nequaquam
3259 2690 3501 2756 mentiri,

1928 2775 2082 2828 testis
2113 2789 2214 2828 una
2273 2791 2394 2829 cum
2442 2779 2697 2842 veritate,
2756 2778 2874 2847 ipsa
2934 2794 3150 2849 quoque
3182 2781 3357 2851 pictas
3391 2790 3501 2837 tua.

1927 2863 2062 2919 Cum
2090 2865 2233 2918 enim
2267 2877 2319 2920 te
2350 2870 2630 2921 memorim
2670 2871 3036 2925 tenacissima:
3069 2873 3245 2925 norim
3271 2912 3287 2937 ,
3321 2885 3504 2926 recor-

1928 2955 2082 3021 dare,
2117 2971 2323 3024 qnzeso,
2400 2958 2686 3011 verborum
2749 2975 2873 3028 quae
2924 2969 3034 3013 tum
3089 2971 3263 3014 tecum
3317 2961 3500 3028 habui,

1927 3060 2049 3100 cum
2085 3062 2167 3100 me
2190 3047 2392 3100 vultum
2428 3050 2616 3102 subire
2663 3059 2814 3104 tuum
2875 3051 3129 3120 dignatus
3172 3068 3230 3106 es
3263 3071 3276 3106 :
3327 3052 3502 3121 primo

1928 3136 2250 3204 Viminacii;
2287 3141 2548 3204 secundo,
2579 3139 2842 3196 Caesareae
2871 3142 3224 3212 Cappadocia:
3251 3162 3265 3209 ;
3319 3149 3498 3211 tertio,

1926 3229 2351 3294 Autiochiagan
2400 3230 2482 3284 vel
2530 3231 2596 3284 de
2653 3231 3006 3297 Eusebiauis,
3041 3249 3354 3303 quanquam
3413 3251 3500 3290 me

247 3321 466 3374 ἐϐαλλόν
499 3339 653 3384 τινας
689 3322 794 3374 τῶν
827 3322 1198 3393 ἀδικησάντων
1238 3326 1404 3395 με.Εί
1441 3325 1497 3378 δὲ
1529 3325 1661 3396 μηδὲ
1701 3325 1820 3378 καθ’

1928 3320 2119 3372 acerbe
2139 3331 2446 3386 vexassent,
2477 3321 2530 3374 in
2571 3322 2766 3375 malam
2793 3332 3001 3392 partem
3033 3326 3172 3393 apud
3229 3334 3280 3376 te
3329 3324 3499 3378 verba

245 3403 316 3463 ὧν
343 3412 450 3465 ἔδει
482 3430 550 3483 με
593 3412 771 3481 λέγειν
797 3413 1017 3476 τούτους
1043 3414 1310 3480 διέϐαλον,
1358 3416 1517 3469 ποίαν
1555 3411 1698 3486 εἶχον
1727 3431 1824 3487 ματ

244 3504 357 3556 νίαν
385 3503 609 3573 βασιλέα
645 3505 851 3576 βασιλεῖ
881 3506 1206 3570 διαϐάλλειν,
1235 3509 1328 3560 καὶ
1357 3507 1584 3577 ἀδελφὸν
1607 3507 1819 3578 ἀδελφῷ

247 3595 610 3668 συγκροῦσαις
677 3598 1010 3668 Παρακαλῶ,
1055 3599 1088 3669 ἢ
1157 3600 1400 3669 παρόντα
1473 3617 1540 3670 με
1594 3602 1819 3671 ποίησον

243 3687 581 3758 ἐλεγχθῆναι,
615 3689 648 3758 ἢ
684 3689 992 3758 κατάγνωθι
1020 3689 1128 3743 τῶν
1157 3689 1417 3743 διαϐολῶν
1442 3707 1454 3721 ·
1504 3691 1598 3743 καὶ
1649 3691 1819 3761 μίμηο

245 3793 326 3830 σαι
366 3779 458 3832 τὸν
498 3779 663 3832 Δαϐὶδ
699 3780 953 3848 λέγοντα·
1001 3781 1111 3834 Τὸν
1147 3782 1602 3836 καταλαλοῦντα
1628 3779 1818 3850 λάθρα

241 3868 342 3921 τοῦ
373 3871 662 3937 πλησίον,
708 3870 924 3925 τοῦτον
948 3871 1286 3934 ἐξεδίωκον.
1321 3873 1394 3925 Τὸ
1426 3873 1524 3944 μὲν
1548 3873 1656 3946 γὰρ
1692 3875 1815 3926 ὅσον

241 3959 316 4021 εἰς
347 3959 546 4022 αὐτοὺς
573 3955 675 4030 ἧκε
709 3962 1000 4028 ἐφόνευσαν
1027 3962 1138 4031 ((26)
1163 3979 1177 3994 ο
1213 3964 1408 4031 στόμα
1437 3963 1672 4033 γὰρᾷεῖ)
1709 3980 1814 4016 κα-

239 4049 698 4119 ταψευσάμενον
728 4050 928 4105 ἆνεῒλε
964 4051 1192 4120 ψυχήν.
1236 4053 1299 4104 Ἡ
1343 4054 1401 4105 δὲ
1440 4054 1504 4125 σὴ
1542 4053 1816 4125 μακροθυ-

243 4139 334 4207 μία
382 4141 658 4210 νενίκηκε,
711 4142 1063 4213 παρασχοῦσα
1119 4143 1431 4213 παρρησίαν
1487 4144 1812 4212 ἀπολογίας,

238 4227 321 4283 ἵνα
343 4231 437 4283 καὶ
465 4232 915 4304 καταγνωσθῆναι
939 4233 1261 4304 δυνηθῶσιν,
1296 4234 1371 4296 ὡς
1400 4233 1691 4303 φιλόνεικοι
1718 4236 1814 4288 καὶ

237 4322 590 4389 συκοφάνται.
626 4324 761 4394 Περὶ
793 4323 893 4393 μὲν
919 4323 1014 4376 τοῦ
1043 4323 1432 4377 εὐσεϐεστάτου
1462 4341 1554 4376 σου
1584 4322 1811 4392 ἀδελφοῦ

233 4411 323 4464 τοῦ
353 4409 453 4482 τῆς
484 4415 757 4486 μακαρίας
794 4418 1013 4487 μνήμης
1040 4416 1212 4470 ταῦτα
1231 4433 1244 4446 '
1275 4415 1500 4470 δύνασαι
1531 4415 1640 4487 γὰρ
1673 4414 1813 4469 κατὰ

232 4500 326 4570 τὴν
353 4502 597 4558 δοθεῖσάν
625 4523 707 4558 σοι
752 4506 940 4576 σοφίαν
970 4507 1121 4578 παρά
1147 4505 1282 4559 Θεοῦ
1310 4507 1712 4578 προλαμϐάνειν
1742 4507 1812 4560 τὰ

235 4593 400 4647 πολλά
454 4597 519 4648 ἐκ
561 4597 668 4650 τῶν
720 4597 914 4666 ὀλίγων
959 4598 1186 4662 τούτων,
1231 4598 1328 4651 καὶ
1379 4597 1670 4669 γινώσκειν
1710 4597 1809 4669 τὴν

232 4681 562 4739 πλασθεῖσαν
589 4687 945 4758 κατηγορίαν.

1925 3409 2142 3463 fecerim
2175 3423 2190 3462 :
2222 3409 2302 3464 Vel
2329 3411 2372 3465 si
2399 3414 2680 3482 quospiam
2713 3415 2803 3482 qui
2837 3430 2922 3469 me
2952 3415 3150 3483 injuste
3203 3415 3496 3479 laesissent,

1922 3501 2244 3556 accusarim.
2300 3500 2455 3567 Quod
2491 3502 2538 3557 si
2585 3518 2652 3558 ne
2701 3503 2819 3560 illos
2848 3540 2858 3568 τ
2887 3507 3105 3575 quidem
3180 3507 3500 3564 criminatus

1920 3603 2060 3656 snm,
2093 3605 2229 3660 quos
2269 3593 2598 3650 criminandi
2648 3611 2813 3651 causa
2838 3596 3047 3663 aderat,
3079 3611 3314 3665 quanam
3349 3599 3497 3651 insa-

1919 3683 2007 3736 nia
2043 3684 2235 3740 ductus
2285 3685 2675 3755 imperatorem
2721 3676 2864 3758 apud
2910 3687 3293 3755 imperatorem
3335 3703 3497 3743 accu-

1918 3789 2152 3838 sassem,
2185 3776 2905 3846 lratremqne'concitassem
2933 3778 2986 3832 in
3025 3778 3250 3832 fratrem
3286 3778 3491 3832 suum?

1917 3865 2154 3922 Obsecro
2184 3868 2269 3922 vel
2300 3885 2382 3923 me
2406 3885 2592 3923 coram
2628 3870 2874 3924 convinci
2899 3869 3116 3940 iubeas,
3151 3879 3246 3922 aut
3290 3870 3497 3923 calum-

1918 3958 2037 4011 nias
2069 3973 2329 4028 aguoscas
2355 3968 2515 4029 atque
2545 3961 2900 4024 condemnes,
2940 3959 3309 4029 Davidemque
3366 3959 3495 4012 imi-

1919 4049 2047 4102 teris
2111 4049 2202 4117 qui
2251 4051 2376 4104 ait:
2424 4051 2790 4104 Dctra/tentem
2841 4061 3035 4104 secreto
3086 4052 3326 4119 proximo
3372 4066 3492 4113 suo,

1916 4140 2052 4192 hunc
2067 4142 2411 4209 persequebar
2435 4142 2502 4197 “.
2559 4143 2837 4210 Siquidem
2890 4143 3068 4211 quoad
3108 4141 3489 4196 obtrectatori-

1915 4228 2014 4281 bus
2045 4229 2216 4292 licuit,
2241 4231 2444 4284 caedem
2489 4231 2564 4284 illi
2596 4238 3014 4298 perpetrarunt:
3050 4244 3177 4284 nam
3222 4245 3279 4285 os
3347 4231 3488 4296 quod

1914 4321 2168 4371 mentitur
2190 4321 2381 4374 occidi!
2411 4323 2644 4374 animum
2669 4321 2736 4372 “.
2766 4323 2836 4374 At
2885 4329 2974 4373 tua
3026 4320 3160 4374 vicit
3203 4320 3488 4389 patientia,

1898 4411 2040 4464 'dum
2071 4413 2200 4466 mihi
2235 4415 2488 4468 ﬁduciam
2531 4413 2762 4483 praebuit
2809 4414 2878 4467 ad
2937 4414 3183 4468 criminis
3226 4414 3488 4468 remotio-

1914 4516 2076 4569 nem;
2114 4511 2175 4557 ut
2212 4505 2336 4558 hinc
2368 4506 2665 4560 adversarii
2710 4505 2813 4559 mei
2840 4511 2899 4558 ut
2941 4504 3266 4558 contentiosi
3290 4519 3357 4558 ac
3395 4519 3487 4574 sy-

1913 4595 2194 4663 cophantre
2221 4596 2466 4651 damnari
2503 4598 2732 4667 possint.
2787 4596 2914 4651 Haec
2939 4598 3006 4651 de
3034 4596 3284 4667 piissimo
3318 4595 3488 4652 fratre

1837 4672 1883 4727 Ι)
1915 4696 2025 4754 ιυο,
2057 4687 2228 4743 beatae
2254 4691 2530 4746 memoria:
2556 4689 2674 4744 viro
2706 4690 2850 4744 dicta
2875 4690 2985 4744 sint
3013 4703 3028 4741 :
3074 4704 3198 4743 nam
3243 4702 3342 4757 pro
3391 4702 3484 4743 sa-

232 4777 429 4845 pientia
479 4793 510 4832 a
565 4782 674 4834 Deo
731 4781 824 4834 tibi
868 4779 1016 4845 data,
1086 4794 1154 4833 es
1204 4780 1392 4848 paucis
1439 4779 1558 4836 istis
1605 4779 1836 4851 plurima
1912 4793 2295 4851 praeoccupare
2341 4781 2586 4849 poteris,
2638 4780 3035 4851 condictamque
3079 4778 3483 4834 accusationem

230 4869 666 4938 deprehendere.

302 4957 354 5011 6.
387 4957 523 5029 Περὶ
548 4958 605 5010 δὲ
633 4957 734 5027 τῆς
758 4957 946 5030 ἑτέρας
973 4958 1242 5029 διαϐολῆς,
1262 4961 1312 5013 εί
1344 4959 1456 5030 (28)
1484 4959 1699 5031 ἔγραψα
1725 4960 1802 5031 τῷ

225 5052 469 5122 τυράννῳ
495 5049 752 5121 (τοῦνομα
777 5049 885 5121 γὰρ
922 5051 1041 5104 οὐδὲ
1081 5051 1258 5118 λέγειν
1285 5050 1586 5120 βούλομαι),
1625 5068 1804 5121 παρα-

225 5141 394 5202 καλῶ,
423 5141 500 5203 ὼς
531 5139 706 5202 θέλεις
749 5141 843 5192 καὶ
885 5141 952 5192 δι’
992 5133 1067 5194 ὧν
1110 5139 1176 5193 ἂν
1217 5138 1536 5210 δοκιμάσῃς,
1579 5139 1800 5204 ἐξέταζε

220 5233 317 5284 καὶ
347 5232 605 5302 ἀνάκρινε
623 5247 638 5262 ο
672 5232 706 5302 ἡ
743 5230 852 5302 γὰρ
879 5229 1149 5302 ὑπερϐολὴ
1173 5230 1272 5300 τῆς
1286 5229 1537 5300 διαϐολῆς
1561 5230 1801 5303 ὲξίστησί

309 5346 542 5400 “Prov.
581 5361 710 5409 xxv,
749 5345 804 5400 8.
900 5345 946 5376 "
984 5343 1126 5399 Psal.
1163 5357 1212 5410 β,
1254 5341 1307 5396 5.
1412 5341 1457 5372 “
1487 5339 1614 5409 Sap.
1662 5343 1800 5407 1,“.

294 5435 405 5508 (33)
452 5436 544 5492 Sic
592 5435 728 5506 Reg.
772 5445 827 5490 et
878 5434 1044 5490 Basil.
1088 5433 1146 5489 In
1207 5432 1365 5489 editis
1414 5433 1790 5506 προειρημένῃ

433 5575 542 5646 Σῆς
567 5575 718 5646 deest
741 5575 799 5646 in
835 5575 964 5646 Reg.
998 5575 1115 5630 Mox
1135 5573 1293 5645 Reg.,
1317 5574 1634 5646 κατέλαϐεν.
1661 5573 1794 5646 Ειιιι

346 5642 670 5699 κατέλαϐον.
741 5645 882 5699 Infra
918 5642 1094 5715 'editi,
1131 5642 1406 5716 mendose,
1434 5642 1600 5718 ἦλθεν
1653 5645 1788 5716 Reg.

257 5730 286 5764 ι.
319 5733 399 5768 ον.

271 5785 401 5856 ,(ἳὸ)
431 5785 590 5855 Reg.,
620 5785 677 5840 ὲν
700 5787 764 5856 τῇ
800 5786 921 5839 Ἀντ

1941 4992 1944 4994 ~
1979 4957 2139 5027 237
2175 4956 2230 5011 6.
2271 4956 2425 5023 Quod
2465 4971 2592 5013 vero
2623 4957 2817 5012 attinet
2849 4957 2915 5012 ad
2959 4957 3250 5013 secundam
3281 4958 3486 5013 calum-

1908 5050 2094 5115 niam,
2157 5065 2226 5103 an
2266 5051 2475 5106 scilicet
2517 5051 2727 5107 litteras
2771 5061 3004 5122 tyranno
3045 5053 3288 5108 miserim
3338 5057 3483 5120 (no:

1909 5155 2032 5194 men
2071 5142 2270 5209 quippe
2306 5140 2421 5209 ejus
2455 5158 2521 5196 ne
2563 5143 2810 5213 proferre
2855 5144 3071 5213 quidem
3103 5144 3304 5209 velim),
3345 5149 3478 5207 tute,

1907 5245 2116 5301 quaeso,
2152 5248 2209 5288 ut
2247 5233 2480 5290 volueris
2519 5246 2572 5292 et
2613 5251 2709 5304 per
2741 5250 2876 5306 quos
2917 5249 3128 5303 aequum
3174 5230 3476 5294 censueris,

1975 5438 2089 5507 (‘26)
2117 5436 2171 5492 In
2203 5437 2337 5508 Reg.
2374 5438 2671 5506 ἐφόνευσαν
2703 5436 3059 5492 desideratur.

1999 5511 2088 5580 ‘27)
2123 5509 2234 5580 Γάρ
2273 5509 2499 5580 deestiu
2529 5509 2660 5580 μσς.
2724 5573 2756 5580 _
2831 5574 2843 5580 _
3045 5571 3076 5580 _
3265 5567 3296 5580 ﬂ
3353 5568 3368 5580 _
3420 5569 3429 5578 _

1999 5511 2088 5580 ‘27)
2123 5511 2234 5580 Γάρ
2273 5511 2423 5563 deest
2444 5511 2499 5561 in
2529 5511 2660 5576 Reg.
3420 5569 3429 5578 _

1973 5511 2087 5651 (28)
2130 5580 2191 5632 El
2230 5579 2660 5651 deestdin_edit.
2723 5573 2895 5651 Paris.
2931 5581 2987 5627 et
3037 5571 3226 5627 ϐοιοιι.
3265 5567 3369 5651 sed
3418 5583 3474 5620 tn

1903 5638 2037 5720 βοὶ.
2065 5638 2230 5703 Basil.
2258 5658 2314 5720 ct
2338 5647 2467 5720 edit.
2490 5647 2697 5699 Comm.
2733 5644 2953 5712 legitur,
2976 5655 3031 5698 et
3059 5652 3206 5697 recte
3235 5638 3475 5710 quidem.

1901 5717 2046 5776 Iulia
2079 5721 2239 5790 8633.,
2254 5717 2563 5785 ἀνάκριναι.
