  <div class='ocr_page' id='page_1' title='image "/cluster/home/n/w/nwhite01/storage/ocr_20150623/25/hvd.32044004972428/609.png"; bbox 0 0 3954 6502; ppageno 0'>
   <div class='ocr_carea' id='block_1_1' title="bbox 457 369 564 424">
    <p class='ocr_par' dir='ltr' id='par_1_1' title="bbox 457 369 564 424">
     <span class='ocr_line' id='line_1_1' title="bbox 457 369 564 424; baseline -0.009 0"><span class='ocrx_word' id='word_1_1' title='bbox 457 369 564 424; x_wconf 77' lang='lat'><strong>603</strong></span> 
     </span>
    </p>
   </div>
   <div class='ocr_carea' id='block_1_2' title="bbox 1030 333 3098 414">
    <p class='ocr_par' dir='ltr' id='par_1_2' title="bbox 1030 333 3098 414">
     <span class='ocr_line' id='line_1_2' title="bbox 1030 333 3098 414; baseline -0.013 1"><span class='ocrx_word' id='word_1_2' title='bbox 1030 359 1089 414; x_wconf 88' lang='lat' dir='ltr'><strong>S.</strong></span> <span class='ocrx_word' id='word_1_3' title='bbox 1129 351 1503 412; x_wconf 55' lang='lat' dir='ltr'><strong>ATIIARASII</strong></span> <span class='ocrx_word' id='word_1_4' title='bbox 1542 349 1694 406; x_wconf 84' lang='lat' dir='ltr'><strong>OPP.</strong></span> <span class='ocrx_word' id='word_1_5' title='bbox 1736 343 1917 400; x_wconf 79' lang='lat' dir='ltr'><strong>PARS</strong></span> <span class='ocrx_word' id='word_1_6' title='bbox 1958 343 2000 396; x_wconf 92' lang='grc'><strong>1.</strong></span> <span class='ocrx_word' id='word_1_7' title='bbox 2045 372 2112 382; x_wconf 90' lang='lat'><strong>-—</strong></span> <span class='ocrx_word' id='word_1_8' title='bbox 2153 337 2524 394; x_wconf 74' lang='lat' dir='ltr'><strong>lllSTORiCA</strong></span> <span class='ocrx_word' id='word_1_9' title='bbox 2564 336 2650 390; x_wconf 83' lang='lat' dir='ltr'><strong>ET</strong></span> <span class='ocrx_word' id='word_1_10' title='bbox 2692 333 3098 390; x_wconf 72' lang='lat' dir='ltr'><strong>DOGMATICA</strong></span> 
     </span>
    </p>
   </div>
   <div class='ocr_carea' id='block_1_3' title="bbox 3630 339 3726 394">
    <p class='ocr_par' dir='ltr' id='par_1_3' title="bbox 3630 339 3726 394">
     <span class='ocr_line' id='line_1_3' title="bbox 3630 339 3726 394; baseline 0.01 -1"><span class='ocrx_word' id='word_1_11' title='bbox 3630 339 3726 394; x_wconf 64' lang='lat' dir='ltr'>6M</span> 
     </span>
    </p>
   </div>
   <div class='ocr_carea' id='block_1_4' title="bbox 456 449 2057 551">
    <p class='ocr_par' dir='ltr' id='par_1_4' title="bbox 456 457 2034 551">
     <span class='ocr_line' id='line_1_4' title="bbox 456 457 2034 551; baseline -0.019 -13"><span class='ocrx_word' id='word_1_12' title='bbox 456 497 568 539; x_wconf 89' lang='lat' dir='ltr'><strong>rem</strong></span> <span class='ocrx_word' id='word_1_13' title='bbox 607 480 853 551; x_wconf 76' lang='lat' dir='ltr'><strong>inquiras</strong></span> <span class='ocrx_word' id='word_1_14' title='bbox 889 491 952 532; x_wconf 90' lang='lat' dir='ltr'><strong>ac</strong></span> <span class='ocrx_word' id='word_1_15' title='bbox 987 472 1249 541; x_wconf 88' lang='lat' dir='ltr'><strong>dijudices</strong></span> <span class='ocrx_word' id='word_1_16' title='bbox 1280 488 1294 524; x_wconf 89' lang='lat'><strong>:</strong></span> <span class='ocrx_word' id='word_1_17' title='bbox 1331 467 1616 524; x_wconf 79' lang='lat' dir='ltr'><strong>calumnia:</strong></span> <span class='ocrx_word' id='word_1_18' title='bbox 1651 463 1793 520; x_wconf 91' lang='lat' dir='ltr'><strong>enim</strong></span> <span class='ocrx_word' id='word_1_19' title='bbox 1837 457 2034 513; x_wconf 87' lang='lat' dir='ltr'><strong>atroci-</strong></span> 
     </span>
    </p>
   </div>
   <div class='ocr_carea' id='block_1_5' title="bbox 2164 449 3728 551">
    <p class='ocr_par' dir='ltr' id='par_1_5' title="bbox 2164 449 3728 522">
     <span class='ocr_line' id='line_1_5' title="bbox 2164 449 3728 522; baseline 0.001 -16"><span class='ocrx_word' id='word_1_20' title='bbox 2164 471 2225 518; x_wconf 91' lang='grc' dir='ltr'><strong>ιε,</strong></span> <span class='ocrx_word' id='word_1_21' title='bbox 2257 455 2350 506; x_wconf 61' lang='grc' dir='ltr'><strong>καὶ⁴</strong></span> <span class='ocrx_word' id='word_1_22' title='bbox 2384 454 2463 516; x_wconf 85' lang='grc' dir='ltr'>εἰς</span> <span class='ocrx_word' id='word_1_23' title='bbox 2493 452 2691 522; x_wconf 74' lang='grc' dir='ltr'>πολλὴν</span> <span class='ocrx_word' id='word_1_24' title='bbox 2721 451 2990 520; x_wconf 81' lang='grc' dir='ltr'>ἀσάφειαν</span> <span class='ocrx_word' id='word_1_25' title='bbox 3020 449 3164 517; x_wconf 72' lang='grc' dir='ltr'>ἄγει.</span> <span class='ocrx_word' id='word_1_26' title='bbox 3195 449 3308 503; x_wconf 72' lang='grc' dir='ltr'><strong>Καὶ</strong></span> <span class='ocrx_word' id='word_1_27' title='bbox 3343 449 3594 516; x_wconf 72' lang='grc' dir='ltr'>πίστευε,</span> <span class='ocrx_word' id='word_1_28' title='bbox 3622 451 3728 507; x_wconf 82' lang='grc' dir='ltr'>Θεο-</span> 
     </span>
    </p>
   </div>
   <div class='ocr_carea' id='block_1_6' title="bbox 461 548 2038 641">
    <p class='ocr_par' dir='ltr' id='par_1_6' title="bbox 461 548 2038 641">
     <span class='ocr_line' id='line_1_6' title="bbox 461 548 2038 641; baseline -0.018 -12"><span class='ocrx_word' id='word_1_29' title='bbox 461 587 541 630; x_wconf 79' lang='lat' dir='ltr'><strong>tas</strong></span> <span class='ocrx_word' id='word_1_30' title='bbox 574 573 627 626; x_wconf 94' lang='lat' dir='ltr'><strong>in</strong></span> <span class='ocrx_word' id='word_1_31' title='bbox 661 548 936 641; x_wconf 80' lang='lat' dir='ltr'><strong>stuporem</strong></span> <span class='ocrx_word' id='word_1_32' title='bbox 973 579 1060 618; x_wconf 90' lang='lat' dir='ltr'><strong>me</strong></span> <span class='ocrx_word' id='word_1_33' title='bbox 1094 564 1390 632; x_wconf 78' lang='lat' dir='ltr'><strong>ingentem,</strong></span> <span class='ocrx_word' id='word_1_34' title='bbox 1432 561 1486 613; x_wconf 92' lang='lat' dir='ltr'><strong>in</strong></span> <span class='ocrx_word' id='word_1_35' title='bbox 1521 566 1878 624; x_wconf 76' lang='lat' dir='ltr'><strong>magnamque</strong></span> <span class='ocrx_word' id='word_1_36' title='bbox 1906 548 2038 604; x_wconf 84' lang='lat' dir='ltr'><strong>cali-</strong></span> 
     </span>
    </p>
   </div>
   <div class='ocr_carea' id='block_1_7' title="bbox 461 644 2041 735">
    <p class='ocr_par' dir='ltr' id='par_1_7' title="bbox 461 644 2041 735">
     <span class='ocr_line' id='line_1_7' title="bbox 461 644 2041 735; baseline -0.017 -16"><span class='ocrx_word' id='word_1_37' title='bbox 461 665 639 735; x_wconf 88' lang='lat' dir='ltr'><strong>ginem</strong></span> <span class='ocrx_word' id='word_1_38' title='bbox 672 661 915 732; x_wconf 89' lang='lat' dir='ltr'><strong>conjicit.</strong></span> <span class='ocrx_word' id='word_1_39' title='bbox 948 657 1122 713; x_wconf 84' lang='lat' dir='ltr'><strong>Crede</strong></span> <span class='ocrx_word' id='word_1_40' title='bbox 1166 655 1322 717; x_wconf 90' lang='lat' dir='ltr'><strong>mihi,</strong></span> <span class='ocrx_word' id='word_1_41' title='bbox 1355 646 1764 717; x_wconf 82' lang='lat' dir='ltr'><strong>religiosissime</strong></span> <span class='ocrx_word' id='word_1_42' title='bbox 1810 644 2041 712; x_wconf 86' lang='lat' dir='ltr'><strong>impera-</strong></span> 
     </span>
    </p>
   </div>
   <div class='ocr_carea' id='block_1_8' title="bbox 461 735 2041 822">
    <p class='ocr_par' dir='ltr' id='par_1_8' title="bbox 461 735 2041 822">
     <span class='ocr_line' id='line_1_8' title="bbox 461 735 2041 822; baseline -0.017 -12"><span class='ocrx_word' id='word_1_43' title='bbox 461 766 564 820; x_wconf 93' lang='lat' dir='ltr'><strong>tor,</strong></span> <span class='ocrx_word' id='word_1_44' title='bbox 613 754 666 808; x_wconf 87' lang='lat' dir='ltr'><strong>id</strong></span> <span class='ocrx_word' id='word_1_45' title='bbox 713 767 854 822; x_wconf 61' lang='lat' dir='ltr'><strong>saepe</strong></span> <span class='ocrx_word' id='word_1_46' title='bbox 899 763 1111 804; x_wconf 91' lang='lat' dir='ltr'><strong>mecum</strong></span> <span class='ocrx_word' id='word_1_47' title='bbox 1162 744 1540 815; x_wconf 86' lang='lat' dir='ltr'><strong>perpendens,</strong></span> <span class='ocrx_word' id='word_1_48' title='bbox 1597 739 1685 791; x_wconf 87' lang='lat' dir='ltr'><strong>vix</strong></span> <span class='ocrx_word' id='word_1_49' title='bbox 1732 735 1863 789; x_wconf 91' lang='lat' dir='ltr'><strong>mihi</strong></span> <span class='ocrx_word' id='word_1_50' title='bbox 1917 746 2041 802; x_wconf 89' lang='lat' dir='ltr'><strong>per-</strong></span> 
     </span>
    </p>
   </div>
   <div class='ocr_carea' id='block_1_9' title="bbox 462 825 2038 910">
    <p class='ocr_par' dir='ltr' id='par_1_9' title="bbox 462 825 2038 910">
     <span class='ocr_line' id='line_1_9' title="bbox 462 825 2038 910; baseline -0.016 -9"><span class='ocrx_word' id='word_1_51' title='bbox 462 848 689 900; x_wconf 75' lang='lat' dir='ltr'><strong>suadere</strong></span> <span class='ocrx_word' id='word_1_52' title='bbox 720 845 994 906; x_wconf 87' lang='lat' dir='ltr'><strong>valebam,</strong></span> <span class='ocrx_word' id='word_1_53' title='bbox 1036 838 1346 910; x_wconf 82' lang='lat' dir='ltr'><strong>quempiam</strong></span> <span class='ocrx_word' id='word_1_54' title='bbox 1383 848 1448 888; x_wconf 89' lang='lat' dir='ltr'><strong>eo</strong></span> <span class='ocrx_word' id='word_1_55' title='bbox 1483 830 1706 886; x_wconf 65' lang='lat' dir='ltr'><strong>insaniae</strong></span> <span class='ocrx_word' id='word_1_56' title='bbox 1735 825 2038 890; x_wconf 85' lang='lat' dir='ltr'><strong>devenisse,</strong></span> 
     </span>
    </p>
   </div>
   <div class='ocr_carea' id='block_1_10' title="bbox 463 916 2044 1004">
    <p class='ocr_par' dir='ltr' id='par_1_10' title="bbox 463 916 2044 1004">
     <span class='ocr_line' id='line_1_10' title="bbox 463 916 2044 1004; baseline -0.016 -12"><span class='ocrx_word' id='word_1_57' title='bbox 463 948 522 992; x_wconf 87' lang='lat' dir='ltr'><strong>ut</strong></span> <span class='ocrx_word' id='word_1_58' title='bbox 551 954 664 991; x_wconf 89' lang='lat' dir='ltr'><strong>rem</strong></span> <span class='ocrx_word' id='word_1_59' title='bbox 696 934 957 1004; x_wconf 76' lang='lat' dir='ltr'><strong>ejusmodi</strong></span> <span class='ocrx_word' id='word_1_60' title='bbox 990 929 1516 987; x_wconf 87' lang='lat' dir='ltr'><strong>comminisceretnr.</strong></span> <span class='ocrx_word' id='word_1_61' title='bbox 1549 923 1617 974; x_wconf 81' lang='lat' dir='ltr'><strong>At</strong></span> <span class='ocrx_word' id='word_1_62' title='bbox 1649 919 1774 989; x_wconf 85' lang='lat' dir='ltr'><strong>quia</strong></span> <span class='ocrx_word' id='word_1_63' title='bbox 1821 918 1874 971; x_wconf 89' lang='lat' dir='ltr'><strong>id</strong></span> <span class='ocrx_word' id='word_1_64' title='bbox 1911 916 2044 970; x_wconf 80' lang='lat' dir='ltr'><strong>effu-</strong></span> 
     </span>
    </p>
   </div>
   <div class='ocr_carea' id='block_1_11' title="bbox 466 1009 2041 1088">
    <p class='ocr_par' dir='ltr' id='par_1_11' title="bbox 466 1009 2041 1088">
     <span class='ocr_line' id='line_1_11' title="bbox 466 1009 2041 1088; baseline -0.015 -4"><span class='ocrx_word' id='word_1_65' title='bbox 466 1028 675 1084; x_wconf 86' lang='lat' dir='ltr'><strong>tiebant</strong></span> <span class='ocrx_word' id='word_1_66' title='bbox 705 1027 930 1088; x_wconf 80' lang='lat' dir='ltr'><strong>Ariani,</strong></span> <span class='ocrx_word' id='word_1_67' title='bbox 971 1037 1033 1076; x_wconf 87' lang='lat' dir='ltr'><strong>ac</strong></span> <span class='ocrx_word' id='word_1_68' title='bbox 1072 1037 1130 1074; x_wconf 91' lang='lat' dir='ltr'><strong>se</strong></span> <span class='ocrx_word' id='word_1_69' title='bbox 1159 1017 1434 1087; x_wconf 81' lang='lat' dir='ltr'><strong>exemplar</strong></span> <span class='ocrx_word' id='word_1_70' title='bbox 1467 1013 1707 1084; x_wconf 71' lang='lat' dir='ltr'><strong>epistola:</strong></span> <span class='ocrx_word' id='word_1_71' title='bbox 1752 1009 2041 1064; x_wconf 88' lang='lat' dir='ltr'><strong>tradidisse</strong></span> 
     </span>
    </p>
   </div>
   <div class='ocr_carea' id='block_1_12' title="bbox 460 1099 2046 1189">
    <p class='ocr_par' dir='ltr' id='par_1_12' title="bbox 460 1099 2046 1189">
     <span class='ocr_line' id='line_1_12' title="bbox 460 1099 2046 1189; baseline -0.016 -15"><span class='ocrx_word' id='word_1_72' title='bbox 460 1119 800 1189; x_wconf 76' lang='lat' dir='ltr'><strong>iactitabant,</strong></span> <span class='ocrx_word' id='word_1_73' title='bbox 839 1111 1143 1169; x_wconf 90' lang='lat' dir='ltr'><strong>vehementi</strong></span> <span class='ocrx_word' id='word_1_74' title='bbox 1195 1123 1312 1162; x_wconf 91' lang='lat' dir='ltr'><strong>sum</strong></span> <span class='ocrx_word' id='word_1_75' title='bbox 1361 1108 1588 1162; x_wconf 90' lang='lat' dir='ltr'><strong>horrore</strong></span> <span class='ocrx_word' id='word_1_76' title='bbox 1624 1101 1875 1171; x_wconf 85' lang='lat' dir='ltr'><strong>perfusus</strong></span> <span class='ocrx_word' id='word_1_77' title='bbox 1917 1099 2046 1153; x_wconf 84' lang='lat' dir='ltr'><strong>:in-</strong></span> 
     </span>
    </p>
   </div>
   <div class='ocr_carea' id='block_1_13' title="bbox 467 1187 2046 1278">
    <p class='ocr_par' dir='ltr' id='par_1_13' title="bbox 467 1187 2046 1278">
     <span class='ocr_line' id='line_1_13' title="bbox 467 1187 2046 1278; baseline -0.017 -12"><span class='ocrx_word' id='word_1_78' title='bbox 467 1187 794 1278; x_wconf 84' lang='lat' dir='ltr'><strong>sonmesque</strong></span> <span class='ocrx_word' id='word_1_79' title='bbox 869 1214 1054 1259; x_wconf 90' lang='lat' dir='ltr'><strong>noctes</strong></span> <span class='ocrx_word' id='word_1_80' title='bbox 1112 1202 1340 1261; x_wconf 90' lang='lat' dir='ltr'><strong>ducens,</strong></span> <span class='ocrx_word' id='word_1_81' title='bbox 1407 1211 1528 1248; x_wconf 90' lang='lat' dir='ltr'><strong>cum</strong></span> <span class='ocrx_word' id='word_1_82' title='bbox 1588 1187 2046 1247; x_wconf 88' lang='lat' dir='ltr'><strong>obtrectatoribus</strong></span> 
     </span>
    </p>
   </div>
   <div class='ocr_carea' id='block_1_14' title="bbox 467 1278 2047 1364">
    <p class='ocr_par' dir='ltr' id='par_1_14' title="bbox 467 1278 2047 1364">
     <span class='ocr_line' id='line_1_14' title="bbox 467 1278 2047 1364; baseline -0.016 -8"><span class='ocrx_word' id='word_1_83' title='bbox 467 1301 874 1360; x_wconf 89' lang='lat' dir='ltr'><strong>concertabam,</strong></span> <span class='ocrx_word' id='word_1_84' title='bbox 905 1292 1056 1364; x_wconf 91' lang='lat' dir='ltr'><strong>quasi</strong></span> <span class='ocrx_word' id='word_1_85' title='bbox 1093 1299 1204 1345; x_wconf 90' lang='lat' dir='ltr'><strong>tum</strong></span> <span class='ocrx_word' id='word_1_86' title='bbox 1235 1287 1311 1343; x_wconf 86' lang='lat' dir='ltr'><strong>illi</strong></span> <span class='ocrx_word' id='word_1_87' title='bbox 1342 1301 1523 1342; x_wconf 88' lang='lat' dir='ltr'><strong>coram</strong></span> <span class='ocrx_word' id='word_1_88' title='bbox 1557 1284 1789 1338; x_wconf 87' lang='lat' dir='ltr'><strong>fuissent</strong></span> <span class='ocrx_word' id='word_1_89' title='bbox 1817 1300 1832 1335; x_wconf 87' lang='lat'><strong>:</strong></span> <span class='ocrx_word' id='word_1_90' title='bbox 1861 1294 1924 1333; x_wconf 88' lang='lat' dir='ltr'><strong>ac</strong></span> <span class='ocrx_word' id='word_1_91' title='bbox 1953 1278 2047 1332; x_wconf 85' lang='lat' dir='ltr'><strong>dc—</strong></span> 
     </span>
    </p>
   </div>
   <div class='ocr_carea' id='block_1_15' title="bbox 451 1375 2044 1464">
    <p class='ocr_par' dir='ltr' id='par_1_15' title="bbox 451 1375 2044 1464">
     <span class='ocr_line' id='line_1_15' title="bbox 451 1375 2044 1464; baseline -0.016 -17"><span class='ocrx_word' id='word_1_92' title='bbox 451 1401 689 1464; x_wconf 65' lang='lat' dir='ltr'><strong>~repente</strong></span> <span class='ocrx_word' id='word_1_93' title='bbox 725 1390 994 1459; x_wconf 83' lang='lat' dir='ltr'><strong>ingentem</strong></span> <span class='ocrx_word' id='word_1_94' title='bbox 1036 1382 1178 1440; x_wconf 85' lang='lat' dir='ltr'><strong>edidi</strong></span> <span class='ocrx_word' id='word_1_95' title='bbox 1213 1381 1548 1443; x_wconf 80' lang='lat' dir='ltr'><strong>clamorem,</strong></span> <span class='ocrx_word' id='word_1_96' title='bbox 1593 1375 1889 1441; x_wconf 84' lang='lat' dir='ltr'><strong>statimque</strong></span> <span class='ocrx_word' id='word_1_97' title='bbox 1923 1384 2044 1424; x_wconf 90' lang='lat' dir='ltr'><strong>eum</strong></span> 
     </span>
    </p>
   </div>
   <div class='ocr_carea' id='block_1_16' title="bbox 470 1462 2046 1552">
    <p class='ocr_par' dir='ltr' id='par_1_16' title="bbox 470 1462 2046 1552">
     <span class='ocr_line' id='line_1_16' title="bbox 470 1462 2046 1552; baseline -0.015 -16"><span class='ocrx_word' id='word_1_98' title='bbox 470 1483 722 1552; x_wconf 87' lang='lat' dir='ltr'><strong>lacrymis</strong></span> <span class='ocrx_word' id='word_1_99' title='bbox 755 1496 818 1534; x_wconf 91' lang='lat' dir='ltr'><strong>ac</strong></span> <span class='ocrx_word' id='word_1_100' title='bbox 850 1477 1146 1549; x_wconf 82' lang='lat' dir='ltr'><strong>gemitibus</strong></span> <span class='ocrx_word' id='word_1_101' title='bbox 1176 1473 1470 1527; x_wconf 89' lang='lat' dir='ltr'><strong>Dominum</strong></span> <span class='ocrx_word' id='word_1_102' title='bbox 1523 1467 1743 1537; x_wconf 80' lang='lat' dir='ltr'><strong>rogavi,</strong></span> <span class='ocrx_word' id='word_1_103' title='bbox 1769 1472 1827 1517; x_wconf 90' lang='lat' dir='ltr'><strong>ut</strong></span> <span class='ocrx_word' id='word_1_104' title='bbox 1861 1462 2046 1532; x_wconf 88' lang='lat' dir='ltr'><strong>propi-</strong></span> 
     </span>
    </p>
   </div>
   <div class='ocr_carea' id='block_1_17' title="bbox 471 1551 2048 1636">
    <p class='ocr_par' dir='ltr' id='par_1_17' title="bbox 471 1551 2048 1636">
     <span class='ocr_line' id='line_1_17' title="bbox 471 1551 2048 1636; baseline -0.016 -10"><span class='ocrx_word' id='word_1_105' title='bbox 471 1575 561 1628; x_wconf 68' lang='lat' dir='ltr'><strong>tiae</strong></span> <span class='ocrx_word' id='word_1_106' title='bbox 588 1551 738 1627; x_wconf 17' lang='lat' dir='ltr'><strong>imihi</strong></span> <span class='ocrx_word' id='word_1_107' title='bbox 791 1570 968 1625; x_wconf 82' lang='lat' dir='ltr'><strong>forent</strong></span> <span class='ocrx_word' id='word_1_108' title='bbox 1015 1581 1174 1636; x_wconf 83' lang='lat' dir='ltr'><strong>aures</strong></span> <span class='ocrx_word' id='word_1_109' title='bbox 1209 1573 1331 1617; x_wconf 66' lang='lat' dir='ltr'><strong>tua}.</strong></span> <span class='ocrx_word' id='word_1_110' title='bbox 1369 1560 1521 1627; x_wconf 88' lang='lat' dir='ltr'><strong>Quod</strong></span> <span class='ocrx_word' id='word_1_111' title='bbox 1559 1572 1680 1611; x_wconf 90' lang='lat' dir='ltr'><strong>cum</strong></span> <span class='ocrx_word' id='word_1_112' title='bbox 1733 1556 1833 1610; x_wconf 87' lang='lat' dir='ltr'><strong>sim</strong></span> <span class='ocrx_word' id='word_1_113' title='bbox 1864 1551 2048 1605; x_wconf 89' lang='lat' dir='ltr'><strong>divina</strong></span> 
     </span>
    </p>
   </div>
   <div class='ocr_carea' id='block_1_18' title="bbox 472 1641 2048 1733">
    <p class='ocr_par' dir='ltr' id='par_1_18' title="bbox 472 1641 2048 1733">
     <span class='ocr_line' id='line_1_18' title="bbox 472 1641 2048 1733; baseline -0.015 -16"><span class='ocrx_word' id='word_1_114' title='bbox 472 1662 650 1733; x_wconf 79' lang='lat' dir='ltr'><strong>gratia</strong></span> <span class='ocrx_word' id='word_1_115' title='bbox 674 1668 1020 1722; x_wconf 88' lang='lat' dir='ltr'><strong>consecutus,</strong></span> <span class='ocrx_word' id='word_1_116' title='bbox 1059 1669 1273 1710; x_wconf 89' lang='lat' dir='ltr'><strong>rursum</strong></span> <span class='ocrx_word' id='word_1_117' title='bbox 1316 1650 1511 1705; x_wconf 74' lang='lat' dir='ltr'><strong>ha:sito</strong></span> <span class='ocrx_word' id='word_1_118' title='bbox 1553 1646 1825 1716; x_wconf 86' lang='lat' dir='ltr'><strong>quodnam</strong></span> <span class='ocrx_word' id='word_1_119' title='bbox 1860 1641 2048 1710; x_wconf 85' lang='lat' dir='ltr'><strong>apolo-</strong></span> 
     </span>
    </p>
   </div>
   <div class='ocr_carea' id='block_1_19' title="bbox 471 1735 2053 1822">
    <p class='ocr_par' dir='ltr' id='par_1_19' title="bbox 471 1735 2053 1822">
     <span class='ocr_line' id='line_1_19' title="bbox 471 1735 2053 1822; baseline -0.014 -14"><span class='ocrx_word' id='word_1_120' title='bbox 471 1756 573 1822; x_wconf 68' lang='lat' dir='ltr'><strong>gina</strong></span> <span class='ocrx_word' id='word_1_121' title='bbox 601 1753 812 1806; x_wconf 87' lang='lat' dir='ltr'><strong>initiqu</strong></span> <span class='ocrx_word' id='word_1_122' title='bbox 836 1750 1032 1804; x_wconf 81' lang='lat' dir='ltr'><strong>faciam</strong></span> <span class='ocrx_word' id='word_1_123' title='bbox 1061 1765 1074 1800; x_wconf 94' lang='lat'>:</span> <span class='ocrx_word' id='word_1_124' title='bbox 1102 1761 1226 1800; x_wconf 91' lang='lat' dir='ltr'><strong>nam</strong></span> <span class='ocrx_word' id='word_1_125' title='bbox 1253 1742 1680 1812; x_wconf 86' lang='lat' dir='ltr'><strong>quotiescunque</strong></span> <span class='ocrx_word' id='word_1_126' title='bbox 1701 1735 1848 1804; x_wconf 88' lang='lat' dir='ltr'><strong>loqui</strong></span> <span class='ocrx_word' id='word_1_127' title='bbox 1872 1747 2053 1802; x_wconf 87' lang='lat' dir='ltr'><strong>aggre-</strong></span> 
     </span>
    </p>
   </div>
   <div class='ocr_carea' id='block_1_20' title="bbox 472 1825 2053 1911">
    <p class='ocr_par' dir='ltr' id='par_1_20' title="bbox 472 1825 2053 1911">
     <span class='ocr_line' id='line_1_20' title="bbox 472 1825 2053 1911; baseline -0.018 -9"><span class='ocrx_word' id='word_1_128' title='bbox 472 1847 612 1911; x_wconf 90' lang='lat' dir='ltr'><strong>dior,</strong></span> <span class='ocrx_word' id='word_1_129' title='bbox 635 1847 814 1902; x_wconf 87' lang='lat' dir='ltr'><strong>obstat</strong></span> <span class='ocrx_word' id='word_1_130' title='bbox 837 1843 890 1896; x_wconf 91' lang='lat' dir='ltr'><strong>in</strong></span> <span class='ocrx_word' id='word_1_131' title='bbox 922 1856 1007 1895; x_wconf 89' lang='lat' dir='ltr'><strong>me</strong></span> <span class='ocrx_word' id='word_1_132' title='bbox 1038 1838 1200 1894; x_wconf 84' lang='lat' dir='ltr'><strong>delati</strong></span> <span class='ocrx_word' id='word_1_133' title='bbox 1233 1833 1497 1890; x_wconf 81' lang='lat' dir='ltr'><strong>facinoris</strong></span> <span class='ocrx_word' id='word_1_134' title='bbox 1520 1831 1735 1884; x_wconf 87' lang='lat' dir='ltr'><strong>horror.</strong></span> <span class='ocrx_word' id='word_1_135' title='bbox 1765 1825 2053 1879; x_wconf 81' lang='lat' dir='ltr'><strong>Enimvero</strong></span> 
     </span>
    </p>
   </div>
   <div class='ocr_carea' id='block_1_21' title="bbox 470 1914 2054 2009">
    <p class='ocr_par' dir='ltr' id='par_1_21' title="bbox 470 1914 2054 2009">
     <span class='ocr_line' id='line_1_21' title="bbox 470 1914 2054 2009; baseline -0.015 -19"><span class='ocrx_word' id='word_1_136' title='bbox 470 1939 615 2009; x_wconf 89' lang='lat' dir='ltr'><strong>quod</strong></span> <span class='ocrx_word' id='word_1_137' title='bbox 643 1937 866 1991; x_wconf 89' lang='lat' dir='ltr'><strong>fratrem</strong></span> <span class='ocrx_word' id='word_1_138' title='bbox 902 1943 1050 1987; x_wconf 92' lang='lat' dir='ltr'><strong>tuum</strong></span> <span class='ocrx_word' id='word_1_139' title='bbox 1085 1935 1315 1998; x_wconf 83' lang='lat' dir='ltr'><strong>spectat,</strong></span> <span class='ocrx_word' id='word_1_140' title='bbox 1348 1925 1535 1978; x_wconf 89' lang='lat' dir='ltr'><strong>aderat</strong></span> <span class='ocrx_word' id='word_1_141' title='bbox 1565 1917 1917 1991; x_wconf 87' lang='lat' dir='ltr'><strong>sycophantis</strong></span> <span class='ocrx_word' id='word_1_142' title='bbox 1952 1914 2054 1968; x_wconf 88' lang='lat' dir='ltr'><strong>ali-</strong></span> 
     </span>
    </p>
   </div>
   <div class='ocr_carea' id='block_1_22' title="bbox 473 2005 2056 2099">
    <p class='ocr_par' dir='ltr' id='par_1_22' title="bbox 473 2005 2056 2099">
     <span class='ocr_line' id='line_1_22' title="bbox 473 2005 2056 2099; baseline -0.016 -17"><span class='ocrx_word' id='word_1_143' title='bbox 473 2005 595 2099; x_wconf 71' lang='lat' dir='ltr'><strong>quis</strong></span> <span class='ocrx_word' id='word_1_144' title='bbox 647 2027 836 2081; x_wconf 85' lang='lat' dir='ltr'><strong>saltem</strong></span> <span class='ocrx_word' id='word_1_145' title='bbox 885 2023 1028 2078; x_wconf 89' lang='lat' dir='ltr'><strong>haud</strong></span> <span class='ocrx_word' id='word_1_146' title='bbox 1075 2035 1206 2074; x_wconf 81' lang='lat' dir='ltr'><strong>vero</strong></span> <span class='ocrx_word' id='word_1_147' title='bbox 1251 2014 1532 2072; x_wconf 82' lang='lat' dir='ltr'><strong>dissimilis</strong></span> <span class='ocrx_word' id='word_1_148' title='bbox 1580 2012 1865 2073; x_wconf 90' lang='lat' dir='ltr'><strong>obtentus;</strong></span> <span class='ocrx_word' id='word_1_149' title='bbox 1914 2005 2056 2076; x_wconf 92' lang='lat' dir='ltr'><strong>quod</strong></span> 
     </span>
    </p>
   </div>
   <div class='ocr_carea' id='block_1_23' title="bbox 474 2097 2057 2187">
    <p class='ocr_par' dir='ltr' id='par_1_23' title="bbox 474 2097 2057 2187">
     <span class='ocr_line' id='line_1_23' title="bbox 474 2097 2057 2187; baseline -0.015 -13"><span class='ocrx_word' id='word_1_150' title='bbox 474 2097 666 2187; x_wconf 81' lang='lat' dir='ltr'><strong>nempe</strong></span> <span class='ocrx_word' id='word_1_151' title='bbox 696 2118 951 2186; x_wconf 86' lang='lat' dir='ltr'><strong>dignatus</strong></span> <span class='ocrx_word' id='word_1_152' title='bbox 979 2113 1070 2166; x_wconf 89' lang='lat' dir='ltr'><strong>ille</strong></span> <span class='ocrx_word' id='word_1_153' title='bbox 1114 2111 1184 2166; x_wconf 91' lang='lat' dir='ltr'><strong>sit</strong></span> <span class='ocrx_word' id='word_1_154' title='bbox 1220 2124 1317 2163; x_wconf 91' lang='lat' dir='ltr'><strong>nos</strong></span> <span class='ocrx_word' id='word_1_155' title='bbox 1355 2109 1421 2160; x_wconf 89' lang='lat' dir='ltr'><strong>ad</strong></span> <span class='ocrx_word' id='word_1_156' title='bbox 1469 2112 1818 2172; x_wconf 71' lang='lat' dir='ltr'><strong>chSpectum</strong></span> <span class='ocrx_word' id='word_1_157' title='bbox 1858 2097 2057 2184; x_wconf 59' lang='lat' dir='ltr'><strong>admit:</strong></span> 
     </span>
    </p>
   </div>
   <div class='ocr_carea' id='block_1_24' title="bbox 473 2189 2058 2273">
    <p class='ocr_par' dir='ltr' id='par_1_24' title="bbox 473 2189 2058 2273">
     <span class='ocr_line' id='line_1_24' title="bbox 473 2189 2058 2273; baseline -0.015 -10"><span class='ocrx_word' id='word_1_158' title='bbox 473 2216 586 2263; x_wconf 90' lang='lat' dir='ltr'><strong>tere</strong></span> <span class='ocrx_word' id='word_1_159' title='bbox 619 2222 774 2261; x_wconf 88' lang='lat' dir='ltr'><strong>suum</strong></span> <span class='ocrx_word' id='word_1_160' title='bbox 811 2223 823 2258; x_wconf 93' lang='lat'>:</span> <span class='ocrx_word' id='word_1_161' title='bbox 860 2203 1001 2273; x_wconf 89' lang='lat' dir='ltr'><strong>quod</strong></span> <span class='ocrx_word' id='word_1_162' title='bbox 1028 2216 1124 2271; x_wconf 86' lang='lat' dir='ltr'><strong>pro</strong></span> <span class='ocrx_word' id='word_1_163' title='bbox 1156 2198 1314 2253; x_wconf 87' lang='lat' dir='ltr'><strong>nobis</strong></span> <span class='ocrx_word' id='word_1_164' title='bbox 1345 2197 1412 2250; x_wconf 91' lang='lat' dir='ltr'><strong>ad</strong></span> <span class='ocrx_word' id='word_1_165' title='bbox 1456 2195 1756 2248; x_wconf 86' lang='lat' dir='ltr'><strong>fraternum</strong></span> <span class='ocrx_word' id='word_1_166' title='bbox 1791 2199 1940 2244; x_wconf 89' lang='lat' dir='ltr'><strong>tuum</strong></span> <span class='ocrx_word' id='word_1_167' title='bbox 1973 2189 2058 2241; x_wconf 86' lang='lat' dir='ltr'><strong>af-</strong></span> 
     </span>
    </p>
   </div>
   <div class='ocr_carea' id='block_1_25' title="bbox 475 2288 2062 2361">
    <p class='ocr_par' dir='ltr' id='par_1_25' title="bbox 475 2288 2062 2361">
     <span class='ocr_line' id='line_1_25' title="bbox 475 2288 2062 2361; baseline -0.014 -7"><span class='ocrx_word' id='word_1_168' title='bbox 475 2298 680 2354; x_wconf 82' lang='lat' dir='ltr'><strong>fectum</strong></span> <span class='ocrx_word' id='word_1_169' title='bbox 711 2295 922 2361; x_wconf 83' lang='lat' dir='ltr'><strong>litteras</strong></span> <span class='ocrx_word' id='word_1_170' title='bbox 954 2292 1162 2347; x_wconf 87' lang='lat' dir='ltr'><strong>miserit</strong></span> <span class='ocrx_word' id='word_1_171' title='bbox 1195 2307 1210 2344; x_wconf 88' lang='lat'><strong>:</strong></span> <span class='ocrx_word' id='word_1_172' title='bbox 1247 2288 1391 2358; x_wconf 90' lang='lat' dir='ltr'><strong>quod</strong></span> <span class='ocrx_word' id='word_1_173' title='bbox 1427 2291 1725 2355; x_wconf 77' lang='lat' dir='ltr'><strong>przcsentes</strong></span> <span class='ocrx_word' id='word_1_174' title='bbox 1772 2295 1916 2348; x_wconf 73' lang='lat' dir='ltr'><strong>saepe</strong></span> <span class='ocrx_word' id='word_1_175' title='bbox 1963 2292 2062 2333; x_wconf 90' lang='lat' dir='ltr'><strong>nos</strong></span> 
     </span>
    </p>
   </div>
   <div class='ocr_carea' id='block_1_26' title="bbox 476 2369 2062 2451">
    <p class='ocr_par' dir='ltr' id='par_1_26' title="bbox 476 2369 2062 2451">
     <span class='ocr_line' id='line_1_26' title="bbox 476 2369 2062 2451; baseline -0.014 -7"><span class='ocrx_word' id='word_1_176' title='bbox 476 2389 779 2451; x_wconf 89' lang='lat' dir='ltr'><strong>honorarit,</strong></span> <span class='ocrx_word' id='word_1_177' title='bbox 822 2387 1072 2439; x_wconf 88' lang='lat' dir='ltr'><strong>absentes</strong></span> <span class='ocrx_word' id='word_1_178' title='bbox 1105 2379 1387 2435; x_wconf 89' lang='lat' dir='ltr'><strong>acciverit.</strong></span> <span class='ocrx_word' id='word_1_179' title='bbox 1426 2375 1708 2431; x_wconf 85' lang='lat' dir='ltr'><strong>Diabolum</strong></span> <span class='ocrx_word' id='word_1_180' title='bbox 1741 2382 1919 2426; x_wconf 90' lang='lat' dir='ltr'><strong>autem</strong></span> <span class='ocrx_word' id='word_1_181' title='bbox 1951 2369 2062 2424; x_wconf 80' lang='lat' dir='ltr'><strong>Ma-</strong></span> 
     </span>
    </p>
   </div>
   <div class='ocr_carea' id='block_1_27' title="bbox 476 2463 2063 2549">
    <p class='ocr_par' dir='ltr' id='par_1_27' title="bbox 476 2463 2063 2549">
     <span class='ocr_line' id='line_1_27' title="bbox 476 2463 2063 2549; baseline -0.01 -16"><span class='ocrx_word' id='word_1_182' title='bbox 476 2480 776 2549; x_wconf 87' lang='lat' dir='ltr'><strong>gnentium,</strong></span> <span class='ocrx_word' id='word_1_183' title='bbox 805 2477 958 2530; x_wconf 89' lang='lat' dir='ltr'><strong>testis</strong></span> <span class='ocrx_word' id='word_1_184' title='bbox 983 2473 1111 2526; x_wconf 92' lang='lat' dir='ltr'><strong>mihi</strong></span> <span class='ocrx_word' id='word_1_185' title='bbox 1141 2480 1220 2524; x_wconf 91' lang='lat' dir='ltr'><strong>est</strong></span> <span class='ocrx_word' id='word_1_186' title='bbox 1248 2469 1529 2530; x_wconf 84' lang='lat' dir='ltr'><strong>Dominus,</strong></span> <span class='ocrx_word' id='word_1_187' title='bbox 1559 2466 1714 2520; x_wconf 90' lang='lat' dir='ltr'><strong>testis</strong></span> <span class='ocrx_word' id='word_1_188' title='bbox 1739 2475 1789 2517; x_wconf 91' lang='lat' dir='ltr'><strong>ct</strong></span> <span class='ocrx_word' id='word_1_189' title='bbox 1813 2463 2063 2517; x_wconf 81' lang='lat' dir='ltr'><strong>Christus</strong></span> 
     </span>
    </p>
   </div>
   <div class='ocr_carea' id='block_1_28' title="bbox 477 2557 2060 2639">
    <p class='ocr_par' dir='ltr' id='par_1_28' title="bbox 477 2557 2060 2639">
     <span class='ocr_line' id='line_1_28' title="bbox 477 2557 2060 2639; baseline -0.011 -16"><span class='ocrx_word' id='word_1_190' title='bbox 477 2573 616 2639; x_wconf 89' lang='lat' dir='ltr'><strong>cjus,</strong></span> <span class='ocrx_word' id='word_1_191' title='bbox 668 2584 753 2623; x_wconf 89' lang='lat' dir='ltr'><strong>me</strong></span> <span class='ocrx_word' id='word_1_192' title='bbox 805 2580 1034 2636; x_wconf 89' lang='lat' dir='ltr'><strong>prorsus</strong></span> <span class='ocrx_word' id='word_1_193' title='bbox 1086 2563 1364 2632; x_wconf 81' lang='lat' dir='ltr'><strong>ignorare.</strong></span> <span class='ocrx_word' id='word_1_194' title='bbox 1415 2573 1476 2612; x_wconf 89' lang='lat' dir='ltr'><strong>ac</strong></span> <span class='ocrx_word' id='word_1_195' title='bbox 1534 2557 1840 2611; x_wconf 86' lang='lat' dir='ltr'><strong>nullatenus</strong></span> <span class='ocrx_word' id='word_1_196' title='bbox 1878 2566 2060 2607; x_wconf 87' lang='lat' dir='ltr'><strong>nosse.</strong></span> 
     </span>
    </p>
   </div>
   <div class='ocr_carea' id='block_1_29' title="bbox 478 2645 2061 2726">
    <p class='ocr_par' dir='ltr' id='par_1_29' title="bbox 478 2645 2061 2726">
     <span class='ocr_line' id='line_1_29' title="bbox 478 2645 2061 2726; baseline -0.01 -13"><span class='ocrx_word' id='word_1_197' title='bbox 478 2663 734 2725; x_wconf 68' lang='lat' dir='ltr'><strong>Quaenam</strong></span> <span class='ocrx_word' id='word_1_198' title='bbox 770 2659 932 2726; x_wconf 86' lang='lat' dir='ltr'><strong>igitur</strong></span> <span class='ocrx_word' id='word_1_199' title='bbox 966 2652 1303 2708; x_wconf 90' lang='lat' dir='ltr'><strong>consuetudo</strong></span> <span class='ocrx_word' id='word_1_200' title='bbox 1343 2649 1508 2720; x_wconf 81' lang='lat' dir='ltr'><strong>ignoti</strong></span> <span class='ocrx_word' id='word_1_201' title='bbox 1547 2663 1669 2702; x_wconf 90' lang='lat' dir='ltr'><strong>cum</strong></span> <span class='ocrx_word' id='word_1_202' title='bbox 1702 2646 1803 2701; x_wconf 90' lang='lat' dir='ltr'><strong>sibi</strong></span> <span class='ocrx_word' id='word_1_203' title='bbox 1840 2645 2061 2714; x_wconf 78' lang='lat' dir='ltr'><strong>ignoto?</strong></span> 
     </span>
    </p>
   </div>
   <div class='ocr_carea' id='block_1_30' title="bbox 479 2736 2062 2818">
    <p class='ocr_par' dir='ltr' id='par_1_30' title="bbox 479 2736 2062 2818">
     <span class='ocr_line' id='line_1_30' title="bbox 479 2736 2062 2818; baseline -0.008 -15"><span class='ocrx_word' id='word_1_204' title='bbox 479 2759 574 2803; x_wconf 88' lang='lat' dir='ltr'><strong>aut</strong></span> <span class='ocrx_word' id='word_1_205' title='bbox 598 2763 830 2818; x_wconf 90' lang='lat' dir='ltr'><strong>quanam</strong></span> <span class='ocrx_word' id='word_1_206' title='bbox 858 2746 1056 2799; x_wconf 88' lang='lat' dir='ltr'><strong>ductus</strong></span> <span class='ocrx_word' id='word_1_207' title='bbox 1086 2741 1373 2796; x_wconf 89' lang='lat' dir='ltr'><strong>occasione</strong></span> <span class='ocrx_word' id='word_1_208' title='bbox 1415 2740 1531 2793; x_wconf 84' lang='lat' dir='ltr'><strong>viro</strong></span> <span class='ocrx_word' id='word_1_209' title='bbox 1574 2736 1878 2805; x_wconf 88' lang='lat' dir='ltr'><strong>hnjusmodi</strong></span> <span class='ocrx_word' id='word_1_210' title='bbox 1910 2737 2062 2790; x_wconf 81' lang='lat' dir='ltr'><strong>litte-</strong></span> 
     </span>
    </p>
   </div>
   <div class='ocr_carea' id='block_1_31' title="bbox 479 2827 2061 2904">
    <p class='ocr_par' dir='ltr' id='par_1_31' title="bbox 479 2827 2061 2904">
     <span class='ocr_line' id='line_1_31' title="bbox 479 2827 2061 2904; baseline -0.008 -11"><span class='ocrx_word' id='word_1_211' title='bbox 479 2854 568 2893; x_wconf 85' lang='lat' dir='ltr'><strong>ras</strong></span> <span class='ocrx_word' id='word_1_212' title='bbox 598 2835 908 2892; x_wconf 87' lang='lat' dir='ltr'><strong>misissem?</strong></span> <span class='ocrx_word' id='word_1_213' title='bbox 937 2835 1158 2904; x_wconf 85' lang='lat' dir='ltr'><strong>Ecquod</strong></span> <span class='ocrx_word' id='word_1_214' title='bbox 1204 2831 1454 2886; x_wconf 83' lang='lat' dir='ltr'><strong>fecissem</strong></span> <span class='ocrx_word' id='word_1_215' title='bbox 1501 2831 1744 2900; x_wconf 68' lang='lat' dir='ltr'><strong>epistola:</strong></span> <span class='ocrx_word' id='word_1_216' title='bbox 1784 2828 1851 2882; x_wconf 92' lang='lat' dir='ltr'><strong>ad</strong></span> <span class='ocrx_word' id='word_1_217' title='bbox 1899 2827 2061 2882; x_wconf 89' lang='lat' dir='ltr'><strong>talem</strong></span> 
     </span>
    </p>
   </div>
   <div class='ocr_carea' id='block_1_32' title="bbox 479 2919 2064 2985">
    <p class='ocr_par' dir='ltr' id='par_1_32' title="bbox 479 2919 2064 2985">
     <span class='ocr_line' id='line_1_32' title="bbox 479 2919 2064 2985; baseline -0.008 0"><span class='ocrx_word' id='word_1_218' title='bbox 479 2932 653 2985; x_wconf 82' lang='lat' dir='ltr'><strong>virum</strong></span> <span class='ocrx_word' id='word_1_219' title='bbox 699 2930 975 2984; x_wconf 67' lang='lat' dir='ltr'><strong>mittendas</strong></span> <span class='ocrx_word' id='word_1_220' title='bbox 1021 2926 1340 2980; x_wconf 71' lang='lat' dir='ltr'><strong>exordium?</strong></span> <span class='ocrx_word' id='word_1_221' title='bbox 1385 2941 1510 2978; x_wconf 89' lang='lat' dir='ltr'><strong>num</strong></span> <span class='ocrx_word' id='word_1_222' title='bbox 1559 2923 1722 2976; x_wconf 83' lang='lat' dir='ltr'><strong>illud?</strong></span> <span class='ocrx_word' id='word_1_223' title='bbox 1761 2921 1933 2976; x_wconf 89' lang='lat' dir='ltr'><strong>Probe</strong></span> <span class='ocrx_word' id='word_1_224' title='bbox 1987 2919 2064 2973; x_wconf 81' lang='lat' dir='ltr'><strong>fe-</strong></span> 
     </span>
    </p>
   </div>
   <div class='ocr_carea' id='block_1_33' title="bbox 480 3015 2064 3087">
    <p class='ocr_par' dir='ltr' id='par_1_33' title="bbox 480 3015 2064 3087">
     <span class='ocr_line' id='line_1_33' title="bbox 480 3015 2064 3087; baseline -0.007 -12"><span class='ocrx_word' id='word_1_225' title='bbox 480 3023 598 3076; x_wconf 86' lang='lat' dir='ltr'><strong>cisti</strong></span> <span class='ocrx_word' id='word_1_226' title='bbox 633 3037 756 3075; x_wconf 91' lang='lat' dir='ltr'><strong>eum</strong></span> <span class='ocrx_word' id='word_1_227' title='bbox 799 3020 1096 3075; x_wconf 88' lang='lat' dir='ltr'><strong>occidendo</strong></span> <span class='ocrx_word' id='word_1_228' title='bbox 1131 3019 1220 3087; x_wconf 92' lang='lat' dir='ltr'><strong>qui</strong></span> <span class='ocrx_word' id='word_1_229' title='bbox 1252 3032 1336 3071; x_wconf 89' lang='lat' dir='ltr'><strong>me</strong></span> <span class='ocrx_word' id='word_1_230' title='bbox 1391 3033 1511 3071; x_wconf 90' lang='lat' dir='ltr'><strong>cum</strong></span> <span class='ocrx_word' id='word_1_231' title='bbox 1556 3017 1763 3069; x_wconf 91' lang='lat' dir='ltr'><strong>honore</strong></span> <span class='ocrx_word' id='word_1_232' title='bbox 1810 3015 2064 3082; x_wconf 73' lang='lat' dir='ltr'><strong>excipere</strong></span> 
     </span>
    </p>
   </div>
   <div class='ocr_carea' id='block_1_34' title="bbox 2142 537 3730 613">
    <p class='ocr_par' dir='ltr' id='par_1_34' title="bbox 2142 537 3730 613">
     <span class='ocr_line' id='line_1_34' title="bbox 2142 537 3730 613; baseline -0.004 -17"><span class='ocrx_word' id='word_1_233' title='bbox 2142 543 2425 613; x_wconf 82' lang='grc' dir='ltr'>φιλέστατε</span> <span class='ocrx_word' id='word_1_234' title='bbox 2468 539 2709 611; x_wconf 79' lang='grc' dir='ltr'>βασιλεῦ,</span> <span class='ocrx_word' id='word_1_235' title='bbox 2745 539 3004 601; x_wconf 80' lang='grc' dir='ltr'><strong>πολλάκις</strong></span> <span class='ocrx_word' id='word_1_236' title='bbox 3040 538 3159 590; x_wconf 79' lang='grc' dir='ltr'>κατ’</span> <span class='ocrx_word' id='word_1_237' title='bbox 3192 537 3430 607; x_wconf 70' lang='grc' dir='ltr'>ἐμαυτὸν</span> <span class='ocrx_word' id='word_1_238' title='bbox 3460 537 3730 608; x_wconf 71' lang='grc' dir='ltr'>λογιζόμε-</span> 
     </span>
    </p>
   </div>
   <div class='ocr_carea' id='block_1_35' title="bbox 2141 630 3729 707">
    <p class='ocr_par' dir='ltr' id='par_1_35' title="bbox 2141 630 3729 707">
     <span class='ocr_line' id='line_1_35' title="bbox 2141 630 3729 707; baseline -0.004 -16"><span class='ocrx_word' id='word_1_239' title='bbox 2141 656 2230 702; x_wconf 91' lang='grc' dir='ltr'><strong>νος</strong></span> <span class='ocrx_word' id='word_1_240' title='bbox 2257 637 2540 707; x_wconf 74' lang='grc' dir='ltr'>ἠπίστουν,</span> <span class='ocrx_word' id='word_1_241' title='bbox 2574 636 2621 686; x_wconf 85' lang='grc' dir='ltr'><strong>εί</strong></span> <span class='ocrx_word' id='word_1_242' title='bbox 2668 635 2775 705; x_wconf 81' lang='grc' dir='ltr'>ἄρα</span> <span class='ocrx_word' id='word_1_243' title='bbox 2802 647 2888 695; x_wconf 83' lang='grc' dir='ltr'><strong>τις</strong></span> <span class='ocrx_word' id='word_1_244' title='bbox 2927 630 3103 702; x_wconf 76' lang='grc' dir='ltr'>ἐμάνη</span> <span class='ocrx_word' id='word_1_245' title='bbox 3143 630 3419 694; x_wconf 73' lang='grc' dir='ltr'>τοσοῦτον,</span> <span class='ocrx_word' id='word_1_246' title='bbox 3457 631 3602 683; x_wconf 76' lang='grc' dir='ltr'>ὥστε</span> <span class='ocrx_word' id='word_1_247' title='bbox 3644 634 3729 685; x_wconf 71' lang='grc' dir='ltr'><strong>καὶ</strong></span> 
     </span>
    </p>
   </div>
   <div class='ocr_carea' id='block_1_36' title="bbox 2141 722 3731 796">
    <p class='ocr_par' dir='ltr' id='par_1_36' title="bbox 2141 722 3731 796">
     <span class='ocr_line' id='line_1_36' title="bbox 2141 722 3731 796; baseline -0.004 -14"><span class='ocrx_word' id='word_1_248' title='bbox 2141 729 2364 782; x_wconf 82' lang='grc' dir='ltr'>τοιαῦτα</span> <span class='ocrx_word' id='word_1_249' title='bbox 2393 725 2718 796; x_wconf 73' lang='grc' dir='ltr'>ψεύσασθαι.</span> <span class='ocrx_word' id='word_1_250' title='bbox 2763 723 2980 795; x_wconf 82' lang='grc' dir='ltr'><strong>Ἐπειδὴ</strong></span> <span class='ocrx_word' id='word_1_251' title='bbox 3013 723 3069 776; x_wconf 84' lang='grc' dir='ltr'><strong>δὲ</strong></span> <span class='ocrx_word' id='word_1_252' title='bbox 3114 723 3267 794; x_wconf 80' lang='grc' dir='ltr'>παρὰ</span> <span class='ocrx_word' id='word_1_253' title='bbox 3294 723 3405 775; x_wconf 83' lang='grc' dir='ltr'>τῶν</span> <span class='ocrx_word' id='word_1_254' title='bbox 3445 722 3731 790; x_wconf 78' lang='grc' dir='ltr'>’Λρειανῶν</span> 
     </span>
    </p>
   </div>
   <div class='ocr_carea' id='block_1_37' title="bbox 2143 809 3730 891">
    <p class='ocr_par' dir='ltr' id='par_1_37' title="bbox 2143 809 3730 891">
     <span class='ocr_line' id='line_1_37' title="bbox 2143 809 3730 891; baseline -0.006 -17"><span class='ocrx_word' id='word_1_255' title='bbox 2143 820 2420 891; x_wconf 85' lang='grc' dir='ltr'>ὲθρυλεῖτο</span> <span class='ocrx_word' id='word_1_256' title='bbox 2454 816 2546 871; x_wconf 79' lang='grc' dir='ltr'><strong>καὶ</strong></span> <span class='ocrx_word' id='word_1_257' title='bbox 2575 816 2753 881; x_wconf 80' lang='grc' dir='ltr'>τοῦτο,</span> <span class='ocrx_word' id='word_1_258' title='bbox 2797 815 2894 870; x_wconf 71' lang='grc' dir='ltr'><strong>καὶ</strong></span> <span class='ocrx_word' id='word_1_259' title='bbox 2919 815 2995 878; x_wconf 84' lang='grc' dir='ltr'>ὡς</span> <span class='ocrx_word' id='word_1_260' title='bbox 3041 813 3193 868; x_wconf 74' lang='grc' dir='ltr'>αὐτοὶ</span> <span class='ocrx_word' id='word_1_261' title='bbox 3218 809 3730 880; x_wconf 65' lang='grc' dir='ltr'>ὲπιδεδωκότεςβὶθ)</span> 
     </span>
    </p>
   </div>
   <div class='ocr_carea' id='block_1_38' title="bbox 2145 903 3733 982">
    <p class='ocr_par' dir='ltr' id='par_1_38' title="bbox 2145 903 3733 982">
     <span class='ocr_line' id='line_1_38' title="bbox 2145 903 3733 982; baseline -0.008 -16"><span class='ocrx_word' id='word_1_262' title='bbox 2145 912 2474 982; x_wconf 85' lang='grc' dir='ltr'>ἀντίγραφον</span> <span class='ocrx_word' id='word_1_263' title='bbox 2517 907 2806 978; x_wconf 72' lang='grc' dir='ltr'><strong>ἐπιστολῆς</strong></span> <span class='ocrx_word' id='word_1_264' title='bbox 2843 907 3174 978; x_wconf 80' lang='grc' dir='ltr'>ἐκαυχῶντο,</span> <span class='ocrx_word' id='word_1_265' title='bbox 3218 903 3524 974; x_wconf 78' lang='grc' dir='ltr'>ὲξιστάμην</span> <span class='ocrx_word' id='word_1_266' title='bbox 3565 903 3733 972; x_wconf 76' lang='grc' dir='ltr'>μειζό-</span> 
     </span>
    </p>
   </div>
   <div class='ocr_carea' id='block_1_39' title="bbox 2145 995 3732 1067">
    <p class='ocr_par' dir='ltr' id='par_1_39' title="bbox 2145 995 3732 1067">
     <span class='ocr_line' id='line_1_39' title="bbox 2145 995 3732 1067; baseline -0.007 -9"><span class='ocrx_word' id='word_1_267' title='bbox 2145 1022 2273 1067; x_wconf 87' lang='grc' dir='ltr'>νως.</span> <span class='ocrx_word' id='word_1_268' title='bbox 2301 1003 2396 1056; x_wconf 74' lang='grc' dir='ltr'><strong>καὶ</strong></span> <span class='ocrx_word' id='word_1_269' title='bbox 2427 1002 2666 1064; x_wconf 81' lang='grc' dir='ltr'>ἀΰπνους</span> <span class='ocrx_word' id='word_1_270' title='bbox 2704 1000 2907 1062; x_wconf 85' lang='grc' dir='ltr'>νύκτας</span> <span class='ocrx_word' id='word_1_271' title='bbox 2950 999 3233 1063; x_wconf 83' lang='grc' dir='ltr'><strong>διατελῶν,</strong></span> <span class='ocrx_word' id='word_1_272' title='bbox 3263 997 3339 1060; x_wconf 82' lang='grc' dir='ltr'><strong>ὡς</strong></span> <span class='ocrx_word' id='word_1_273' title='bbox 3375 995 3514 1067; x_wconf 77' lang='grc' dir='ltr'>πρὸς</span> <span class='ocrx_word' id='word_1_274' title='bbox 3543 995 3732 1066; x_wconf 81' lang='grc' dir='ltr'>παρόν-</span> 
     </span>
    </p>
   </div>
   <div class='ocr_carea' id='block_1_40' title="bbox 2145 1085 3734 1162">
    <p class='ocr_par' dir='ltr' id='par_1_40' title="bbox 2145 1085 3734 1162">
     <span class='ocr_line' id='line_1_40' title="bbox 2145 1085 3734 1162; baseline -0.009 -11"><span class='ocrx_word' id='word_1_275' title='bbox 2145 1114 2245 1161; x_wconf 87' lang='grc' dir='ltr'><strong>τας</strong></span> <span class='ocrx_word' id='word_1_276' title='bbox 2275 1097 2401 1159; x_wconf 77' lang='grc' dir='ltr'>τοὺς</span> <span class='ocrx_word' id='word_1_277' title='bbox 2446 1093 2808 1155; x_wconf 75' lang='grc' dir='ltr'><strong>κατειπόντας</strong></span> <span class='ocrx_word' id='word_1_278' title='bbox 2848 1091 3132 1162; x_wconf 77' lang='grc' dir='ltr'><strong>ἐμαχόμην</strong></span> <span class='ocrx_word' id='word_1_279' title='bbox 3156 1107 3168 1119; x_wconf 90' lang='grc'><strong>·</strong></span> <span class='ocrx_word' id='word_1_280' title='bbox 3218 1091 3314 1142; x_wconf 74' lang='grc' dir='ltr'><strong>καὶ</strong></span> <span class='ocrx_word' id='word_1_281' title='bbox 3353 1087 3610 1159; x_wconf 76' lang='grc' dir='ltr'>κραυγὴν</span> <span class='ocrx_word' id='word_1_282' title='bbox 3658 1085 3734 1150; x_wconf 78' lang='grc' dir='ltr'><strong>ἑξ-</strong></span> 
     </span>
    </p>
   </div>
   <div class='ocr_carea' id='block_1_41' title="bbox 2147 1179 3736 1255">
    <p class='ocr_par' dir='ltr' id='par_1_41' title="bbox 2147 1179 3736 1255">
     <span class='ocr_line' id='line_1_41' title="bbox 2147 1179 3736 1255; baseline -0.008 -13"><span class='ocrx_word' id='word_1_283' title='bbox 2147 1187 2414 1250; x_wconf 86' lang='grc' dir='ltr'>απιναίως</span> <span class='ocrx_word' id='word_1_284' title='bbox 2451 1185 2632 1255; x_wconf 68' lang='grc' dir='ltr'>ἠφίειν</span> <span class='ocrx_word' id='word_1_285' title='bbox 2666 1183 3042 1254; x_wconf 63' lang='grc' dir='ltr'><strong>μεγάλην,καλ⁵</strong></span> <span class='ocrx_word' id='word_1_286' title='bbox 3072 1183 3322 1254; x_wconf 71' lang='grc' dir='ltr'>ηὐχόμην</span> <span class='ocrx_word' id='word_1_287' title='bbox 3340 1180 3526 1244; x_wconf 75' lang='grc' dir='ltr'>εὐθὺς,</span> <span class='ocrx_word' id='word_1_288' title='bbox 3562 1179 3736 1231; x_wconf 84' lang='grc' dir='ltr'>στενά-</span> 
     </span>
    </p>
   </div>
   <div class='ocr_carea' id='block_1_42' title="bbox 2149 1271 3733 1349">
    <p class='ocr_par' dir='ltr' id='par_1_42' title="bbox 2149 1271 3733 1349">
     <span class='ocr_line' id='line_1_42' title="bbox 2149 1271 3733 1349; baseline -0.007 -17"><span class='ocrx_word' id='word_1_289' title='bbox 2149 1281 2257 1344; x_wconf 76' lang='grc' dir='ltr'>ζων</span> <span class='ocrx_word' id='word_1_290' title='bbox 2297 1278 2435 1349; x_wconf 79' lang='grc' dir='ltr'>μετὰ</span> <span class='ocrx_word' id='word_1_291' title='bbox 2472 1277 2743 1348; x_wconf 77' lang='grc' dir='ltr'><strong>δακρύων,</strong></span> <span class='ocrx_word' id='word_1_292' title='bbox 2786 1277 2967 1346; x_wconf 77' lang='grc' dir='ltr'>εὑρεῖν</span> <span class='ocrx_word' id='word_1_293' title='bbox 3008 1273 3103 1336; x_wconf 76' lang='grc' dir='ltr'><strong>τὰς</strong></span> <span class='ocrx_word' id='word_1_294' title='bbox 3135 1273 3235 1336; x_wconf 76' lang='grc' dir='ltr'><strong>σὰς</strong></span> <span class='ocrx_word' id='word_1_295' title='bbox 3270 1271 3442 1336; x_wconf 75' lang='grc' dir='ltr'>ἀκοὰς</span> <span class='ocrx_word' id='word_1_296' title='bbox 3475 1271 3733 1340; x_wconf 65' lang='grc' dir='ltr'>εὐμενιίς.</span> 
     </span>
    </p>
   </div>
   <div class='ocr_carea' id='block_1_43' title="bbox 2163 1363 3735 1440">
    <p class='ocr_par' dir='ltr' id='par_1_43' title="bbox 2163 1363 3735 1440">
     <span class='ocr_line' id='line_1_43' title="bbox 2163 1363 3735 1440; baseline -0.004 -16"><span class='ocrx_word' id='word_1_297' title='bbox 2163 1371 2322 1424; x_wconf 82' lang='grc' dir='ltr'><strong>Ἀλλά</strong></span> <span class='ocrx_word' id='word_1_298' title='bbox 2363 1373 2456 1424; x_wconf 71' lang='grc' dir='ltr'>καὶ</span> <span class='ocrx_word' id='word_1_299' title='bbox 2497 1370 2638 1423; x_wconf 72' lang='grc' dir='ltr'>οὕτω</span> <span class='ocrx_word' id='word_1_300' title='bbox 2679 1373 2744 1440; x_wconf 84' lang='grc' dir='ltr'>τῇ</span> <span class='ocrx_word' id='word_1_301' title='bbox 2792 1370 2976 1439; x_wconf 87' lang='grc' dir='ltr'>χάριτι</span> <span class='ocrx_word' id='word_1_302' title='bbox 3016 1368 3106 1420; x_wconf 75' lang='grc' dir='ltr'>τοῦ</span> <span class='ocrx_word' id='word_1_303' title='bbox 3151 1367 3362 1436; x_wconf 82' lang='grc' dir='ltr'>Κυρίου</span> <span class='ocrx_word' id='word_1_304' title='bbox 3405 1363 3735 1431; x_wconf 69' lang='grc' dir='ltr'>ταύταςιδο)</span> 
     </span>
    </p>
   </div>
   <div class='ocr_carea' id='block_1_44' title="bbox 2151 1451 3738 1533">
    <p class='ocr_par' dir='ltr' id='par_1_44' title="bbox 2151 1451 3738 1533">
     <span class='ocr_line' id='line_1_44' title="bbox 2151 1451 3738 1533; baseline -0.008 -17"><span class='ocrx_word' id='word_1_305' title='bbox 2151 1462 2347 1533; x_wconf 81' lang='grc' dir='ltr'>εὑρὼν,</span> <span class='ocrx_word' id='word_1_306' title='bbox 2392 1462 2548 1515; x_wconf 87' lang='grc' dir='ltr'>πάλιν</span> <span class='ocrx_word' id='word_1_307' title='bbox 2601 1460 2814 1531; x_wconf 80' lang='grc' dir='ltr'>ἀπορῶ,</span> <span class='ocrx_word' id='word_1_308' title='bbox 2860 1459 3018 1512; x_wconf 83' lang='grc' dir='ltr'>ποίαν</span> <span class='ocrx_word' id='word_1_309' title='bbox 3059 1458 3236 1528; x_wconf 82' lang='grc' dir='ltr'>ἀρχὴν</span> <span class='ocrx_word' id='word_1_310' title='bbox 3285 1457 3388 1526; x_wconf 80' lang='grc' dir='ltr'><strong>τῆς</strong></span> <span class='ocrx_word' id='word_1_311' title='bbox 3449 1451 3738 1522; x_wconf 79' lang='grc' dir='ltr'>ἀπολογίας</span> 
     </span>
    </p>
   </div>
   <div class='ocr_carea' id='block_1_45' title="bbox 2153 1546 3737 1624">
    <p class='ocr_par' dir='ltr' id='par_1_45' title="bbox 2153 1546 3737 1624">
     <span class='ocr_line' id='line_1_45' title="bbox 2153 1546 3737 1624; baseline -0.007 -18"><span class='ocrx_word' id='word_1_312' title='bbox 2153 1555 2484 1624; x_wconf 85' lang='grc' dir='ltr'>ποιήσομαι·</span> <span class='ocrx_word' id='word_1_313' title='bbox 2535 1552 2724 1614; x_wconf 79' lang='grc' dir='ltr'>ὁσάκις</span> <span class='ocrx_word' id='word_1_314' title='bbox 2759 1551 2870 1621; x_wconf 80' lang='grc' dir='ltr'><strong>γάρ</strong></span> <span class='ocrx_word' id='word_1_315' title='bbox 2915 1550 2982 1603; x_wconf 85' lang='grc' dir='ltr'>ἂν</span> <span class='ocrx_word' id='word_1_316' title='bbox 3018 1549 3366 1618; x_wconf 72' lang='grc' dir='ltr'>ἐπιϐάλωμαι</span> <span class='ocrx_word' id='word_1_317' title='bbox 3406 1547 3613 1615; x_wconf 88' lang='grc' dir='ltr'>λέγειν,</span> <span class='ocrx_word' id='word_1_318' title='bbox 3647 1546 3737 1615; x_wconf 72' lang='grc' dir='ltr'><strong>ὲμο</strong></span> 
     </span>
    </p>
   </div>
   <div class='ocr_carea' id='block_1_46' title="bbox 2153 1623 3741 1714">
    <p class='ocr_par' dir='ltr' id='par_1_46' title="bbox 2153 1623 3741 1714">
     <span class='ocr_line' id='line_1_46' title="bbox 2153 1623 3741 1714; baseline -0.006 -17"><span class='ocrx_word' id='word_1_319' title='bbox 2153 1643 2439 1714; x_wconf 75' lang='grc' dir='ltr'>ποδίζομαι</span> <span class='ocrx_word' id='word_1_320' title='bbox 2482 1643 2570 1696; x_wconf 76' lang='grc' dir='ltr'>διὰ</span> <span class='ocrx_word' id='word_1_321' title='bbox 2607 1644 2707 1714; x_wconf 80' lang='grc' dir='ltr'>τὴν</span> <span class='ocrx_word' id='word_1_322' title='bbox 2754 1640 2849 1695; x_wconf 77' lang='grc' dir='ltr'>τοῦ</span> <span class='ocrx_word' id='word_1_323' title='bbox 2890 1641 3216 1714; x_wconf 86' lang='grc' dir='ltr'>πράγματος</span> <span class='ocrx_word' id='word_1_324' title='bbox 3254 1639 3539 1710; x_wconf 74' lang='grc' dir='ltr'>ἔκπληξιν.</span> <span class='ocrx_word' id='word_1_325' title='bbox 3576 1623 3741 1700; x_wconf 78' lang='grc' dir='ltr'>Ὅλως</span> 
     </span>
    </p>
   </div>
   <div class='ocr_carea' id='block_1_47' title="bbox 2159 1729 3740 1806">
    <p class='ocr_par' dir='ltr' id='par_1_47' title="bbox 2159 1729 3740 1806">
     <span class='ocr_line' id='line_1_47' title="bbox 2159 1729 3740 1806; baseline -0.004 -19"><span class='ocrx_word' id='word_1_326' title='bbox 2159 1736 2256 1806; x_wconf 81' lang='grc' dir='ltr'><strong>μὲν</strong></span> <span class='ocrx_word' id='word_1_327' title='bbox 2294 1734 2402 1804; x_wconf 77' lang='grc' dir='ltr'>γὰρ</span> <span class='ocrx_word' id='word_1_328' title='bbox 2435 1735 2561 1804; x_wconf 75' lang='grc' dir='ltr'>περὶ</span> <span class='ocrx_word' id='word_1_329' title='bbox 2596 1729 2691 1786; x_wconf 75' lang='grc' dir='ltr'>τοῦ</span> <span class='ocrx_word' id='word_1_330' title='bbox 2734 1733 3036 1804; x_wconf 77' lang='grc' dir='ltr'>μακαρίτου</span> <span class='ocrx_word' id='word_1_331' title='bbox 3073 1749 3162 1783; x_wconf 81' lang='grc' dir='ltr'><strong>σου</strong></span> <span class='ocrx_word' id='word_1_332' title='bbox 3205 1730 3438 1799; x_wconf 77' lang='grc' dir='ltr'>ἀδελφοῦ</span> <span class='ocrx_word' id='word_1_333' title='bbox 3476 1731 3740 1801; x_wconf 84' lang='grc' dir='ltr'>πρόφασις</span> 
     </span>
    </p>
   </div>
   <div class='ocr_carea' id='block_1_48' title="bbox 2153 1820 3741 1896">
    <p class='ocr_par' dir='ltr' id='par_1_48' title="bbox 2153 1820 3741 1896">
     <span class='ocr_line' id='line_1_48' title="bbox 2153 1820 3741 1896; baseline -0.004 -18"><span class='ocrx_word' id='word_1_334' title='bbox 2153 1822 2222 1896; x_wconf 80' lang='grc' dir='ltr'><strong>ἦν</strong></span> <span class='ocrx_word' id='word_1_335' title='bbox 2265 1825 2463 1895; x_wconf 81' lang='grc' dir='ltr'>πιθανὴ</span> <span class='ocrx_word' id='word_1_336' title='bbox 2506 1828 2620 1887; x_wconf 83' lang='grc' dir='ltr'>τοῖς</span> <span class='ocrx_word' id='word_1_337' title='bbox 2670 1824 3053 1892; x_wconf 65' lang='grc' dir='ltr'><strong>συκοφάνταις,</strong></span> <span class='ocrx_word' id='word_1_338' title='bbox 3094 1825 3178 1876; x_wconf 85' lang='grc' dir='ltr'><strong>ὅτι</strong></span> <span class='ocrx_word' id='word_1_339' title='bbox 3227 1839 3285 1874; x_wconf 89' lang='grc' dir='ltr'><strong>τε</strong></span> <span class='ocrx_word' id='word_1_340' title='bbox 3344 1820 3741 1893; x_wconf 75' lang='grc' dir='ltr'>κατηξιούμεθα</span> 
     </span>
    </p>
   </div>
   <div class='ocr_carea' id='block_1_49' title="bbox 2158 1911 3740 1988">
    <p class='ocr_par' dir='ltr' id='par_1_49' title="bbox 2158 1911 3740 1988">
     <span class='ocr_line' id='line_1_49' title="bbox 2158 1911 3740 1988; baseline 0.001 -19"><span class='ocrx_word' id='word_1_341' title='bbox 2158 1917 2375 1988; x_wconf 82' lang='grc' dir='ltr'><strong>βλέπειν</strong></span> <span class='ocrx_word' id='word_1_342' title='bbox 2416 1917 2598 1980; x_wconf 79' lang='grc' dir='ltr'>αὐτὸν,</span> <span class='ocrx_word' id='word_1_343' title='bbox 2639 1919 2733 1970; x_wconf 78' lang='grc' dir='ltr'>καὶ</span> <span class='ocrx_word' id='word_1_344' title='bbox 2771 1918 2902 1988; x_wconf 71' lang='grc' dir='ltr'>περὶ</span> <span class='ocrx_word' id='word_1_345' title='bbox 2946 1915 3101 1986; x_wconf 73' lang='grc' dir='ltr'>ἡμῶν</span> <span class='ocrx_word' id='word_1_346' title='bbox 3153 1914 3308 1984; x_wconf 70' lang='grc' dir='ltr'>ἠξίου</span> <span class='ocrx_word' id='word_1_347' title='bbox 3354 1914 3594 1984; x_wconf 83' lang='grc' dir='ltr'>γράφειν</span> <span class='ocrx_word' id='word_1_348' title='bbox 3637 1911 3740 1983; x_wconf 70' lang='grc'><strong>(51)</strong></span> 
     </span>
    </p>
   </div>
   <div class='ocr_carea' id='block_1_50' title="bbox 2157 2006 3742 2081">
    <p class='ocr_par' dir='ltr' id='par_1_50' title="bbox 2157 2006 3742 2081">
     <span class='ocr_line' id='line_1_50' title="bbox 2157 2006 3742 2081; baseline -0.003 -20"><span class='ocrx_word' id='word_1_349' title='bbox 2157 2010 2294 2080; x_wconf 77' lang='grc' dir='ltr'>πρὸς</span> <span class='ocrx_word' id='word_1_350' title='bbox 2326 2009 2424 2079; x_wconf 74' lang='grc' dir='ltr'><strong>τὴν</strong></span> <span class='ocrx_word' id='word_1_351' title='bbox 2462 2009 2558 2081; x_wconf 72' lang='grc' dir='ltr'>σὴν</span> <span class='ocrx_word' id='word_1_352' title='bbox 2591 2009 2884 2079; x_wconf 74' lang='grc' dir='ltr'>ἀδελφικὴν</span> <span class='ocrx_word' id='word_1_353' title='bbox 2921 2007 3180 2070; x_wconf 82' lang='grc' dir='ltr'>διάθεσιν,</span> <span class='ocrx_word' id='word_1_354' title='bbox 3218 2009 3313 2061; x_wconf 75' lang='grc' dir='ltr'><strong>καὶ</strong></span> <span class='ocrx_word' id='word_1_355' title='bbox 3343 2006 3624 2076; x_wconf 81' lang='grc' dir='ltr'>παρόντας</span> <span class='ocrx_word' id='word_1_356' title='bbox 3653 2006 3742 2077; x_wconf 72' lang='grc' dir='ltr'><strong>μὲν</strong></span> 
     </span>
    </p>
   </div>
   <div class='ocr_carea' id='block_1_51' title="bbox 2157 2095 3743 2169">
    <p class='ocr_par' dir='ltr' id='par_1_51' title="bbox 2157 2095 3743 2169">
     <span class='ocr_line' id='line_1_51' title="bbox 2157 2095 3743 2169; baseline -0.003 -18"><span class='ocrx_word' id='word_1_357' title='bbox 2157 2100 2321 2169; x_wconf 71' lang='grc' dir='ltr'>ἐτίμα</span> <span class='ocrx_word' id='word_1_358' title='bbox 2349 2098 2629 2165; x_wconf 85' lang='grc' dir='ltr'>πολλάκις,</span> <span class='ocrx_word' id='word_1_359' title='bbox 2680 2099 2772 2152; x_wconf 78' lang='grc' dir='ltr'>καὶ</span> <span class='ocrx_word' id='word_1_360' title='bbox 2812 2098 3048 2160; x_wconf 84' lang='grc' dir='ltr'>ἀπόντας</span> <span class='ocrx_word' id='word_1_361' title='bbox 3097 2097 3153 2150; x_wconf 80' lang='grc' dir='ltr'>δὲ</span> <span class='ocrx_word' id='word_1_362' title='bbox 3187 2096 3609 2167; x_wconf 77' lang='grc' dir='ltr'>μετεπέμπετο·</span> <span class='ocrx_word' id='word_1_363' title='bbox 3660 2095 3743 2148; x_wconf 78' lang='grc' dir='ltr'>τὸν</span> 
     </span>
    </p>
   </div>
   <div class='ocr_carea' id='block_1_52' title="bbox 2157 2187 3745 2260">
    <p class='ocr_par' dir='ltr' id='par_1_52' title="bbox 2157 2187 3745 2260">
     <span class='ocr_line' id='line_1_52' title="bbox 2157 2187 3745 2260; baseline -0.003 -16"><span class='ocrx_word' id='word_1_364' title='bbox 2157 2191 2213 2246; x_wconf 78' lang='grc' dir='ltr'>δὲ</span> <span class='ocrx_word' id='word_1_365' title='bbox 2249 2190 2880 2259; x_wconf 71' lang='grc' dir='ltr'>διάϐολον.Μαγνέντιον,</span> <span class='ocrx_word' id='word_1_366' title='bbox 2925 2190 3130 2260; x_wconf 78' lang='grc' dir='ltr'>μάρτυς</span> <span class='ocrx_word' id='word_1_367' title='bbox 3159 2191 3188 2241; x_wconf 91' lang='grc' dir='ltr'><strong>ὁ</strong></span> <span class='ocrx_word' id='word_1_368' title='bbox 3214 2187 3443 2259; x_wconf 75' lang='grc' dir='ltr'>Κύριος,</span> <span class='ocrx_word' id='word_1_369' title='bbox 3483 2190 3580 2240; x_wconf 70' lang='grc' dir='ltr'><strong>καὶ</strong></span> <span class='ocrx_word' id='word_1_370' title='bbox 3617 2189 3745 2258; x_wconf 84' lang='grc' dir='ltr'>μάρ-</span> 
     </span>
    </p>
   </div>
   <div class='ocr_carea' id='block_1_53' title="bbox 2158 2275 3744 2350">
    <p class='ocr_par' dir='ltr' id='par_1_53' title="bbox 2158 2275 3744 2350">
     <span class='ocr_line' id='line_1_53' title="bbox 2158 2275 3744 2350; baseline -0.003 -17"><span class='ocrx_word' id='word_1_371' title='bbox 2158 2298 2253 2343; x_wconf 85' lang='grc' dir='ltr'><strong>τυς</strong></span> <span class='ocrx_word' id='word_1_372' title='bbox 2297 2281 2324 2332; x_wconf 98' lang='lat'><strong>6</strong></span> <span class='ocrx_word' id='word_1_373' title='bbox 2375 2280 2608 2350; x_wconf 69' lang='grc' dir='ltr'>Χριστὸς</span> <span class='ocrx_word' id='word_1_374' title='bbox 2661 2278 2866 2341; x_wconf 75' lang='grc' dir='ltr'>αὐτοῦ,</span> <span class='ocrx_word' id='word_1_375' title='bbox 2924 2277 3044 2331; x_wconf 75' lang='grc' dir='ltr'>οὕτε</span> <span class='ocrx_word' id='word_1_376' title='bbox 3097 2277 3387 2345; x_wconf 84' lang='grc' dir='ltr'><strong>γινώσκω,</strong></span> <span class='ocrx_word' id='word_1_377' title='bbox 3444 2275 3570 2330; x_wconf 71' lang='grc' dir='ltr'>οὔτε</span> <span class='ocrx_word' id='word_1_378' title='bbox 3618 2277 3744 2336; x_wconf 80' lang='grc' dir='ltr'>ὅλως</span> 
     </span>
    </p>
   </div>
   <div class='ocr_carea' id='block_1_54' title="bbox 2162 2369 3745 2445">
    <p class='ocr_par' dir='ltr' id='par_1_54' title="bbox 2162 2369 3745 2445">
     <span class='ocr_line' id='line_1_54' title="bbox 2162 2369 3745 2445; baseline -0.003 -19"><span class='ocrx_word' id='word_1_379' title='bbox 2162 2374 2480 2445; x_wconf 69' lang='grc' dir='ltr'>ἠπιστάμην</span> <span class='ocrx_word' id='word_1_380' title='bbox 2506 2373 2687 2428; x_wconf 74' lang='grc' dir='ltr'>αὑτὸν.</span> <span class='ocrx_word' id='word_1_381' title='bbox 2706 2371 2843 2425; x_wconf 88' lang='grc' dir='ltr'>Ποία</span> <span class='ocrx_word' id='word_1_382' title='bbox 2867 2371 3044 2425; x_wconf 83' lang='grc' dir='ltr'>τοίνυν</span> <span class='ocrx_word' id='word_1_383' title='bbox 3066 2369 3324 2441; x_wconf 72' lang='grc' dir='ltr'>συνήθεια</span> <span class='ocrx_word' id='word_1_384' title='bbox 3347 2370 3426 2440; x_wconf 84' lang='grc' dir='ltr'>τῷ</span> <span class='ocrx_word' id='word_1_385' title='bbox 3459 2372 3535 2442; x_wconf 81' lang='grc' dir='ltr'>μὴ</span> <span class='ocrx_word' id='word_1_386' title='bbox 3595 2387 3745 2438; x_wconf 86' lang='grc' dir='ltr'>γινω-</span> 
     </span>
    </p>
   </div>
   <div class='ocr_carea' id='block_1_55' title="bbox 2165 2462 3744 2536">
    <p class='ocr_par' dir='ltr' id='par_1_55' title="bbox 2165 2462 3744 2536">
     <span class='ocr_line' id='line_1_55' title="bbox 2165 2462 3744 2536; baseline -0.003 -18"><span class='ocrx_word' id='word_1_387' title='bbox 2165 2465 2413 2535; x_wconf 81' lang='grc' dir='ltr'>σκομένῳ</span> <span class='ocrx_word' id='word_1_388' title='bbox 2447 2465 2581 2536; x_wconf 74' lang='grc' dir='ltr'>πρὸς</span> <span class='ocrx_word' id='word_1_389' title='bbox 2606 2465 2694 2517; x_wconf 72' lang='grc' dir='ltr'>τὸν</span> <span class='ocrx_word' id='word_1_390' title='bbox 2723 2465 2798 2534; x_wconf 83' lang='grc' dir='ltr'>μὴ</span> <span class='ocrx_word' id='word_1_391' title='bbox 2827 2463 3191 2532; x_wconf 86' lang='grc' dir='ltr'>γινώσκοντα;</span> <span class='ocrx_word' id='word_1_392' title='bbox 3227 2463 3357 2515; x_wconf 88' lang='grc' dir='ltr'>ποία</span> <span class='ocrx_word' id='word_1_393' title='bbox 3387 2479 3452 2532; x_wconf 83' lang='grc' dir='ltr'><strong>με</strong></span> <span class='ocrx_word' id='word_1_394' title='bbox 3486 2462 3744 2533; x_wconf 67' lang='grc' dir='ltr'>πρόφασις</span> 
     </span>
    </p>
   </div>
   <div class='ocr_carea' id='block_1_56' title="bbox 2163 2551 3741 2627">
    <p class='ocr_par' dir='ltr' id='par_1_56' title="bbox 2163 2551 3741 2627">
     <span class='ocr_line' id='line_1_56' title="bbox 2163 2551 3741 2627; baseline -0.003 -17"><span class='ocrx_word' id='word_1_395' title='bbox 2163 2551 2312 2610; x_wconf 74' lang='grc' dir='ltr'>εἷλκε</span> <span class='ocrx_word' id='word_1_396' title='bbox 2345 2557 2553 2626; x_wconf 68' lang='grc' dir='ltr'>γράψαι</span> <span class='ocrx_word' id='word_1_397' title='bbox 2586 2556 2663 2627; x_wconf 77' lang='grc' dir='ltr'><strong>τῷ</strong></span> <span class='ocrx_word' id='word_1_398' title='bbox 2701 2555 2961 2624; x_wconf 72' lang='grc' dir='ltr'>τοιούτῳς</span> <span class='ocrx_word' id='word_1_399' title='bbox 2998 2556 3154 2608; x_wconf 82' lang='grc' dir='ltr'>Ποῖον</span> <span class='ocrx_word' id='word_1_400' title='bbox 3187 2554 3472 2625; x_wconf 86' lang='grc' dir='ltr'>προοίμιον</span> <span class='ocrx_word' id='word_1_401' title='bbox 3503 2554 3603 2623; x_wconf 74' lang='grc' dir='ltr'>τῆς</span> <span class='ocrx_word' id='word_1_402' title='bbox 3630 2556 3741 2605; x_wconf 66' lang='lat' dir='ltr'><strong>sm-</strong></span> 
     </span>
    </p>
   </div>
   <div class='ocr_carea' id='block_1_57' title="bbox 2167 2646 3743 2720">
    <p class='ocr_par' dir='ltr' id='par_1_57' title="bbox 2167 2646 3743 2720">
     <span class='ocr_line' id='line_1_57' title="bbox 2167 2646 3743 2720; baseline -0.003 -18"><span class='ocrx_word' id='word_1_403' title='bbox 2167 2650 2356 2720; x_wconf 78' lang='grc' dir='ltr'>στολῆς</span> <span class='ocrx_word' id='word_1_404' title='bbox 2404 2650 2646 2713; x_wconf 77' lang='grc' dir='ltr'>ἔτασσον,</span> <span class='ocrx_word' id='word_1_405' title='bbox 2677 2650 2904 2720; x_wconf 77' lang='grc' dir='ltr'>γράφων</span> <span class='ocrx_word' id='word_1_406' title='bbox 2948 2646 3128 2717; x_wconf 54' lang='lat' dir='ltr'><strong>uoco;</strong></span> <span class='ocrx_word' id='word_1_407' title='bbox 3169 2648 3322 2699; x_wconf 85' lang='grc' dir='ltr'>Ὅτι·</span> <span class='ocrx_word' id='word_1_408' title='bbox 3359 2648 3464 2700; x_wconf 85' lang='grc' dir='ltr'><strong>Τὸν</strong></span> <span class='ocrx_word' id='word_1_409' title='bbox 3510 2647 3743 2718; x_wconf 76' lang='grc' dir='ltr'>τιμῶντά</span> 
     </span>
    </p>
   </div>
   <div class='ocr_carea' id='block_1_58' title="bbox 2168 2737 3868 2812">
    <p class='ocr_par' dir='ltr' id='par_1_58' title="bbox 2168 2737 3868 2812">
     <span class='ocr_line' id='line_1_58' title="bbox 2168 2737 3868 2812; baseline -0.003 -18"><span class='ocrx_word' id='word_1_410' title='bbox 2168 2759 2256 2812; x_wconf 89' lang='grc' dir='ltr'><strong>με,</strong></span> <span class='ocrx_word' id='word_1_411' title='bbox 2292 2737 2353 2794; x_wconf 67' lang='grc' dir='ltr'>οὗ</span> <span class='ocrx_word' id='word_1_412' title='bbox 2392 2742 2500 2793; x_wconf 79' lang='grc' dir='ltr'>τῶν</span> <span class='ocrx_word' id='word_1_413' title='bbox 2537 2741 2646 2811; x_wconf 72' lang='grc'><strong>(52)</strong></span> <span class='ocrx_word' id='word_1_414' title='bbox 2693 2739 3021 2812; x_wconf 83' lang='grc' dir='ltr'>εὐεργεσιῶν</span> <span class='ocrx_word' id='word_1_415' title='bbox 3064 2740 3167 2791; x_wconf 75' lang='grc' dir='ltr'><strong>οὐκ</strong></span> <span class='ocrx_word' id='word_1_416' title='bbox 3203 2740 3269 2795; x_wconf 85' lang='grc' dir='ltr'>άν</span> <span class='ocrx_word' id='word_1_417' title='bbox 3321 2757 3453 2793; x_wconf 91' lang='grc' dir='ltr'>ποτε</span> <span class='ocrx_word' id='word_1_418' title='bbox 3493 2739 3744 2793; x_wconf 75' lang='grc' dir='ltr'>ὲπιλαΘοίο</span> <span class='ocrx_word' id='word_1_419' title='bbox 3864 2785 3868 2790; x_wconf 89' lang='grc'>.</span> 
     </span>
    </p>
   </div>
   <div class='ocr_carea' id='block_1_59' title="bbox 2168 2828 3784 2902">
    <p class='ocr_par' dir='ltr' id='par_1_59' title="bbox 2168 2828 3784 2902">
     <span class='ocr_line' id='line_1_59' title="bbox 2168 2828 3784 2902; baseline 0 -18"><span class='ocrx_word' id='word_1_420' title='bbox 2168 2849 2295 2902; x_wconf 88' lang='grc' dir='ltr'>μην,</span> <span class='ocrx_word' id='word_1_421' title='bbox 2330 2830 2518 2884; x_wconf 79' lang='grc' dir='ltr'>τοῦτον</span> <span class='ocrx_word' id='word_1_422' title='bbox 2543 2832 2807 2900; x_wconf 79' lang='grc' dir='ltr'>φονεύσας</span> <span class='ocrx_word' id='word_1_423' title='bbox 2836 2829 3014 2892; x_wconf 83' lang='grc' dir='ltr'>καλῶς</span> <span class='ocrx_word' id='word_1_424' title='bbox 3043 2829 3344 2901; x_wconf 80' lang='grc' dir='ltr'>ὲποίησας;</span> <span class='ocrx_word' id='word_1_425' title='bbox 3381 2830 3477 2882; x_wconf 79' lang='grc' dir='ltr'><strong>καὶ</strong></span> <span class='ocrx_word' id='word_1_426' title='bbox 3507 2828 3746 2898; x_wconf 64' lang='grc' dir='ltr'>ἀποδέχου</span> <span class='ocrx_word' id='word_1_427' title='bbox 3781 2849 3784 2852; x_wconf 93' lang='grc'>·</span> 
     </span>
    </p>
   </div>
   <div class='ocr_carea' id='block_1_60' title="bbox 2169 2923 3742 2995">
    <p class='ocr_par' dir='ltr' id='par_1_60' title="bbox 2169 2923 3742 2995">
     <span class='ocr_line' id='line_1_60' title="bbox 2169 2923 3742 2995; baseline -0.001 -19"><span class='ocrx_word' id='word_1_428' title='bbox 2169 2925 2267 2995; x_wconf 86' lang='grc' dir='ltr'><strong>μαί</strong></span> <span class='ocrx_word' id='word_1_429' title='bbox 2296 2941 2353 2977; x_wconf 85' lang='grc' dir='ltr'><strong>σε</strong></span> <span class='ocrx_word' id='word_1_430' title='bbox 2379 2926 2504 2987; x_wconf 75' lang='grc' dir='ltr'>τοὺς</span> <span class='ocrx_word' id='word_1_431' title='bbox 2535 2924 2843 2994; x_wconf 87' lang='grc' dir='ltr'>γνωρίμους</span> <span class='ocrx_word' id='word_1_432' title='bbox 2873 2923 3028 2994; x_wconf 75' lang='grc' dir='ltr'>ἡμῶν</span> <span class='ocrx_word' id='word_1_433' title='bbox 3056 2925 3422 2994; x_wconf 84' lang='grc' dir='ltr'>Χριστιανοὺς</span> <span class='ocrx_word' id='word_1_434' title='bbox 3452 2926 3546 2977; x_wconf 70' lang='grc' dir='ltr'><strong>καὶ</strong></span> <span class='ocrx_word' id='word_1_435' title='bbox 3571 2940 3742 2976; x_wconf 75' lang='grc' dir='ltr'>πιςτο-</span> 
     </span>
    </p>
   </div>
   <div class='ocr_carea' id='block_1_61' title="bbox 2166 3015 3742 3086">
    <p class='ocr_par' dir='ltr' id='par_1_61' title="bbox 2166 3015 3742 3086">
     <span class='ocr_line' id='line_1_61' title="bbox 2166 3015 3742 3086; baseline 0 -18"><span class='ocrx_word' id='word_1_436' title='bbox 2166 3016 2363 3078; x_wconf 87' lang='grc' dir='ltr'>τάτους</span> <span class='ocrx_word' id='word_1_437' title='bbox 2407 3015 2606 3086; x_wconf 80' lang='grc' dir='ltr'>ἄνδρας</span> <span class='ocrx_word' id='word_1_438' title='bbox 2650 3015 2940 3080; x_wconf 75' lang='grc' dir='ltr'>ἀνελόντας</span> <span class='ocrx_word' id='word_1_439' title='bbox 2989 3015 3082 3068; x_wconf 80' lang='grc' dir='ltr'><strong>καὶ</strong></span> <span class='ocrx_word' id='word_1_440' title='bbox 3133 3015 3475 3086; x_wconf 83' lang='grc' dir='ltr'>άποδέχομαί</span> <span class='ocrx_word' id='word_1_441' title='bbox 3536 3033 3590 3068; x_wconf 87' lang='grc' dir='ltr'><strong>σε</strong></span> <span class='ocrx_word' id='word_1_442' title='bbox 3637 3016 3742 3085; x_wconf 68' lang='grc'><strong>(55)</strong></span> 
     </span>
    </p>
   </div>
   <div class='ocr_carea' id='block_1_62' title="bbox 479 3104 2057 3205">
    <p class='ocr_par' dir='ltr' id='par_1_62' title="bbox 479 3104 2057 3178">
     <span class='ocr_line' id='line_1_62' title="bbox 479 3104 2057 3178; baseline -0.005 -14"><span class='ocrx_word' id='word_1_443' title='bbox 479 3110 706 3174; x_wconf 75' lang='lat' dir='ltr'><strong>Solebat,</strong></span> <span class='ocrx_word' id='word_1_444' title='bbox 734 3118 788 3164; x_wconf 88' lang='lat' dir='ltr'><strong>et</strong></span> <span class='ocrx_word' id='word_1_445' title='bbox 813 3109 966 3178; x_wconf 90' lang='lat' dir='ltr'><strong>cujus</strong></span> <span class='ocrx_word' id='word_1_446' title='bbox 1000 3108 1384 3163; x_wconf 82' lang='lat' dir='ltr'><strong>beneﬁciorum</strong></span> <span class='ocrx_word' id='word_1_447' title='bbox 1419 3120 1694 3175; x_wconf 89' lang='lat' dir='ltr'><strong>nunquam</strong></span> <span class='ocrx_word' id='word_1_448' title='bbox 1725 3104 2018 3158; x_wconf 81' lang='lat' dir='ltr'><strong>obliviscar</strong></span> <span class='ocrx_word' id='word_1_449' title='bbox 2045 3119 2057 3156; x_wconf 89' lang='lat'><strong>:</strong></span> 
     </span>
    </p>
   </div>
   <div class='ocr_carea' id='block_1_63' title="bbox 2164 3104 3743 3205">
    <p class='ocr_par' dir='ltr' id='par_1_63' title="bbox 2170 3106 3743 3179">
     <span class='ocr_line' id='line_1_63' title="bbox 2170 3106 3743 3179; baseline -0.001 -19"><span class='ocrx_word' id='word_1_450' title='bbox 2170 3106 2446 3175; x_wconf 82' lang='grc' dir='ltr'>σφάξαντα</span> <span class='ocrx_word' id='word_1_451' title='bbox 2476 3109 2601 3169; x_wconf 76' lang='grc' dir='ltr'>τοὺς</span> <span class='ocrx_word' id='word_1_452' title='bbox 2635 3108 2690 3158; x_wconf 82' lang='grc' dir='ltr'><strong>ὲν</strong></span> <span class='ocrx_word' id='word_1_453' title='bbox 2735 3106 2923 3179; x_wconf 80' lang='grc' dir='ltr'><strong>Ῥώμῃ</strong></span> <span class='ocrx_word' id='word_1_454' title='bbox 2952 3107 3192 3176; x_wconf 88' lang='grc' dir='ltr'>γνησίως</span> <span class='ocrx_word' id='word_1_455' title='bbox 3227 3108 3377 3177; x_wconf 75' lang='grc' dir='ltr'>ἡμεῖς</span> <span class='ocrx_word' id='word_1_456' title='bbox 3426 3107 3743 3177; x_wconf 76' lang='grc' dir='ltr'>ὑποδεξαμέ-</span> 
     </span>
    </p>
   </div>
   <div class='ocr_carea' id='block_1_64' title="bbox 484 3197 2062 3268">
    <p class='ocr_par' dir='ltr' id='par_1_64' title="bbox 484 3197 2062 3268">
     <span class='ocr_line' id='line_1_64' title="bbox 484 3197 2062 3268; baseline -0.003 -16"><span class='ocrx_word' id='word_1_457' title='bbox 484 3209 641 3268; x_wconf 89' lang='lat' dir='ltr'><strong>teque</strong></span> <span class='ocrx_word' id='word_1_458' title='bbox 684 3200 844 3254; x_wconf 89' lang='lat' dir='ltr'><strong>laudo</strong></span> <span class='ocrx_word' id='word_1_459' title='bbox 889 3201 1031 3268; x_wconf 90' lang='lat' dir='ltr'><strong>quod</strong></span> <span class='ocrx_word' id='word_1_460' title='bbox 1083 3201 1227 3253; x_wconf 87' lang='lat' dir='ltr'><strong>viros</strong></span> <span class='ocrx_word' id='word_1_461' title='bbox 1277 3199 1432 3252; x_wconf 87' lang='lat' dir='ltr'><strong>nobis</strong></span> <span class='ocrx_word' id='word_1_462' title='bbox 1483 3197 1812 3260; x_wconf 76' lang='lat' dir='ltr'><strong>familiares,</strong></span> <span class='ocrx_word' id='word_1_463' title='bbox 1861 3210 2062 3262; x_wconf 88' lang='lat' dir='ltr'><strong>eosque</strong></span> 
     </span>
    </p>
   </div>
   <div class='ocr_carea' id='block_1_65' title="bbox 479 3286 2058 3354">
    <p class='ocr_par' dir='ltr' id='par_1_65' title="bbox 479 3286 2058 3354">
     <span class='ocr_line' id='line_1_65' title="bbox 479 3286 2058 3354; baseline -0.003 -10"><span class='ocrx_word' id='word_1_464' title='bbox 479 3288 842 3353; x_wconf 86' lang='lat' dir='ltr'><strong>Christianos,</strong></span> <span class='ocrx_word' id='word_1_465' title='bbox 875 3306 938 3344; x_wconf 86' lang='lat' dir='ltr'><strong>ac</strong></span> <span class='ocrx_word' id='word_1_466' title='bbox 965 3290 1308 3344; x_wconf 86' lang='lat' dir='ltr'><strong>tidelissimus</strong></span> <span class='ocrx_word' id='word_1_467' title='bbox 1335 3287 1641 3341; x_wconf 84' lang='lat' dir='ltr'><strong>sustuleris.</strong></span> <span class='ocrx_word' id='word_1_468' title='bbox 1673 3286 1752 3340; x_wconf 88' lang='lat' dir='ltr'><strong>Te</strong></span> <span class='ocrx_word' id='word_1_469' title='bbox 1789 3287 2058 3354; x_wconf 71' lang='lat' dir='ltr'><strong>acceptis-</strong></span> 
     </span>
    </p>
   </div>
   <div class='ocr_carea' id='block_1_66' title="bbox 483 3378 2062 3449">
    <p class='ocr_par' dir='ltr' id='par_1_66' title="bbox 483 3378 2062 3449">
     <span class='ocr_line' id='line_1_66' title="bbox 483 3378 2062 3449; baseline -0.004 -12"><span class='ocrx_word' id='word_1_470' title='bbox 483 3385 679 3437; x_wconf 83' lang='lat' dir='ltr'><strong>simum</strong></span> <span class='ocrx_word' id='word_1_471' title='bbox 716 3382 924 3446; x_wconf 91' lang='lat' dir='ltr'><strong>habeo,</strong></span> <span class='ocrx_word' id='word_1_472' title='bbox 970 3380 1114 3449; x_wconf 89' lang='lat' dir='ltr'><strong>qnod</strong></span> <span class='ocrx_word' id='word_1_473' title='bbox 1149 3395 1243 3434; x_wconf 89' lang='lat' dir='ltr'><strong>eos</strong></span> <span class='ocrx_word' id='word_1_474' title='bbox 1277 3380 1460 3433; x_wconf 73' lang='lat' dir='ltr'><strong>Roma:</strong></span> <span class='ocrx_word' id='word_1_475' title='bbox 1490 3379 1836 3432; x_wconf 89' lang='lat' dir='ltr'><strong>obtruncaris</strong></span> <span class='ocrx_word' id='word_1_476' title='bbox 1874 3393 1903 3430; x_wconf 89' lang='lat' dir='ltr'><strong>a</strong></span> <span class='ocrx_word' id='word_1_477' title='bbox 1943 3378 2062 3445; x_wconf 89' lang='lat' dir='ltr'><strong>qui-</strong></span> 
     </span>
    </p>
   </div>
   <div class='ocr_carea' id='block_1_67' title="bbox 484 3470 2062 3542">
    <p class='ocr_par' dir='ltr' id='par_1_67' title="bbox 484 3470 2062 3542">
     <span class='ocr_line' id='line_1_67' title="bbox 484 3470 2062 3542; baseline -0.004 -15"><span class='ocrx_word' id='word_1_478' title='bbox 484 3473 583 3527; x_wconf 88' lang='lat' dir='ltr'><strong>bus</strong></span> <span class='ocrx_word' id='word_1_479' title='bbox 614 3472 1021 3542; x_wconf 84' lang='lat' dir='ltr'><strong>perhumaniter</strong></span> <span class='ocrx_word' id='word_1_480' title='bbox 1043 3481 1301 3539; x_wconf 87' lang='lat' dir='ltr'><strong>cxceptus</strong></span> <span class='ocrx_word' id='word_1_481' title='bbox 1329 3470 1440 3535; x_wconf 86' lang='lat' dir='ltr'><strong>fui;</strong></span> <span class='ocrx_word' id='word_1_482' title='bbox 1473 3471 1686 3524; x_wconf 89' lang='lat' dir='ltr'><strong>beatam</strong></span> <span class='ocrx_word' id='word_1_483' title='bbox 1722 3484 1914 3537; x_wconf 86' lang='lat' dir='ltr'><strong>nempe</strong></span> <span class='ocrx_word' id='word_1_484' title='bbox 1948 3484 2062 3521; x_wconf 90' lang='lat' dir='ltr'><strong>ma-</strong></span> 
     </span>
    </p>
   </div>
   <div class='ocr_carea' id='block_1_68' title="bbox 2170 3196 3742 3270">
    <p class='ocr_par' dir='ltr' id='par_1_68' title="bbox 2170 3196 3742 3270">
     <span class='ocr_line' id='line_1_68' title="bbox 2170 3196 3742 3270; baseline -0.001 -18"><span class='ocrx_word' id='word_1_485' title='bbox 2170 3216 2314 3261; x_wconf 88' lang='grc' dir='ltr'>νους,</span> <span class='ocrx_word' id='word_1_486' title='bbox 2355 3199 2453 3269; x_wconf 75' lang='grc' dir='ltr'><strong>τὴν</strong></span> <span class='ocrx_word' id='word_1_487' title='bbox 2495 3199 2770 3270; x_wconf 83' lang='grc' dir='ltr'>μακαρίαν</span> <span class='ocrx_word' id='word_1_488' title='bbox 2812 3215 2904 3252; x_wconf 93' lang='grc' dir='ltr'><strong>σου</strong></span> <span class='ocrx_word' id='word_1_489' title='bbox 2949 3196 3096 3250; x_wconf 82' lang='grc' dir='ltr'>θείαν</span> <span class='ocrx_word' id='word_1_490' title='bbox 3143 3199 3244 3268; x_wconf 79' lang='grc' dir='ltr'>τὴν</span> <span class='ocrx_word' id='word_1_491' title='bbox 3287 3198 3506 3270; x_wconf 83' lang='grc' dir='ltr'>ἀληθῶς</span> <span class='ocrx_word' id='word_1_492' title='bbox 3554 3198 3742 3270; x_wconf 72' lang='grc' dir='ltr'>Εὑτρόο</span> 
     </span>
    </p>
   </div>
   <div class='ocr_carea' id='block_1_69' title="bbox 2172 3287 3743 3362">
    <p class='ocr_par' dir='ltr' id='par_1_69' title="bbox 2172 3287 3743 3362">
     <span class='ocr_line' id='line_1_69' title="bbox 2172 3287 3743 3362; baseline -0.002 -21"><span class='ocrx_word' id='word_1_493' title='bbox 2172 3305 2293 3342; x_wconf 83' lang='grc' dir='ltr'>πιον</span> <span class='ocrx_word' id='word_1_494' title='bbox 2315 3289 2450 3362; x_wconf 64' lang='grc'>(54),</span> <span class='ocrx_word' id='word_1_495' title='bbox 2487 3290 2582 3342; x_wconf 72' lang='grc' dir='ltr'><strong>καὶ</strong></span> <span class='ocrx_word' id='word_1_496' title='bbox 2626 3289 2974 3358; x_wconf 78' lang='grc' dir='ltr'>Ἀὅουτήριον</span> <span class='ocrx_word' id='word_1_497' title='bbox 3002 3288 3092 3340; x_wconf 77' lang='grc' dir='ltr'>τὸν</span> <span class='ocrx_word' id='word_1_498' title='bbox 3137 3289 3363 3359; x_wconf 80' lang='grc' dir='ltr'>γνήσιον</span> <span class='ocrx_word' id='word_1_499' title='bbox 3402 3291 3624 3349; x_wconf 79' lang='grc' dir='ltr'>ἐκεῖνον,</span> <span class='ocrx_word' id='word_1_500' title='bbox 3656 3287 3743 3341; x_wconf 75' lang='grc' dir='ltr'>καὶ</span> 
     </span>
    </p>
   </div>
   <div class='ocr_carea' id='block_1_70' title="bbox 2171 3381 3742 3452">
    <p class='ocr_par' dir='ltr' id='par_1_70' title="bbox 2171 3381 3742 3452">
     <span class='ocr_line' id='line_1_70' title="bbox 2171 3381 3742 3452; baseline 0 -20"><span class='ocrx_word' id='word_1_501' title='bbox 2171 3381 2521 3452; x_wconf 86' lang='grc' dir='ltr'>Σπειράντιον</span> <span class='ocrx_word' id='word_1_502' title='bbox 2544 3382 2644 3434; x_wconf 80' lang='grc' dir='ltr'><strong>τὸν</strong></span> <span class='ocrx_word' id='word_1_503' title='bbox 2680 3382 3019 3437; x_wconf 85' lang='grc' dir='ltr'>πιστότατον.</span> <span class='ocrx_word' id='word_1_504' title='bbox 3051 3381 3148 3433; x_wconf 81' lang='grc' dir='ltr'><strong>καὶ</strong></span> <span class='ocrx_word' id='word_1_505' title='bbox 3175 3381 3370 3445; x_wconf 82' lang='grc' dir='ltr'>ἀλλους</span> <span class='ocrx_word' id='word_1_506' title='bbox 3400 3381 3622 3445; x_wconf 72' lang='grc' dir='ltr'>πολλοὺς</span> <span class='ocrx_word' id='word_1_507' title='bbox 3651 3397 3742 3433; x_wconf 84' lang='grc' dir='ltr'>κα-</span> 
     </span>
    </p>
   </div>
   <div class='ocr_carea' id='block_1_71' title="bbox 2169 3459 3522 3534">
    <p class='ocr_par' dir='ltr' id='par_1_71' title="bbox 2169 3459 3522 3534">
     <span class='ocr_line' id='line_1_71' title="bbox 2169 3459 3522 3534; baseline -0.001 -11"><span class='ocrx_word' id='word_1_508' title='bbox 2169 3471 2292 3534; x_wconf 78' lang='grc' dir='ltr'>λούς</span> <span class='ocrx_word' id='word_1_509' title='bbox 2325 3489 2338 3526; x_wconf 88' lang='lat'>:</span> <span class='ocrx_word' id='word_1_510' title='bbox 3517 3459 3522 3463; x_wconf 69' lang='grc'><em>’</em></span> 
     </span>
    </p>
   </div>
   <div class='ocr_carea' id='block_1_72' title="bbox 484 3563 3734 3639">
    <p class='ocr_par' dir='ltr' id='par_1_72' title="bbox 484 3563 3734 3639">
     <span class='ocr_line' id='line_1_72' title="bbox 484 3563 3734 3639; baseline -0.001 -14"><span class='ocrx_word' id='word_1_511' title='bbox 484 3577 739 3625; x_wconf 88' lang='lat' dir='ltr'><strong>terteram</strong></span> <span class='ocrx_word' id='word_1_512' title='bbox 772 3576 916 3620; x_wconf 88' lang='lat' dir='ltr'><strong>tuam</strong></span> <span class='ocrx_word' id='word_1_513' title='bbox 957 3581 1012 3618; x_wconf 92' lang='lat' dir='ltr'><strong>re</strong></span> <span class='ocrx_word' id='word_1_514' title='bbox 1035 3576 1090 3620; x_wconf 89' lang='lat' dir='ltr'><strong>et</strong></span> <span class='ocrx_word' id='word_1_515' title='bbox 1113 3565 1327 3618; x_wconf 90' lang='lat' dir='ltr'><strong>nomine</strong></span> <span class='ocrx_word' id='word_1_516' title='bbox 1357 3563 1694 3631; x_wconf 82' lang='lat' dir='ltr'><strong>Eutropinm,</strong></span> <span class='ocrx_word' id='word_1_517' title='bbox 1728 3563 1778 3614; x_wconf 91' lang='lat' dir='ltr'><strong>id</strong></span> <span class='ocrx_word' id='word_1_518' title='bbox 1821 3575 1904 3616; x_wconf 74' lang='grc' dir='ltr'><strong>εει</strong></span> <span class='ocrx_word' id='word_1_519' title='bbox 1939 3563 2121 3632; x_wconf 86' lang='lat' dir='ltr'><strong>probis</strong></span> <span class='ocrx_word' id='word_1_520' title='bbox 2170 3577 2417 3620; x_wconf 86' lang='lat' dir='ltr'><strong>ornatam</strong></span> <span class='ocrx_word' id='word_1_521' title='bbox 2472 3568 2738 3632; x_wconf 90' lang='lat' dir='ltr'><strong>moribus,</strong></span> <span class='ocrx_word' id='word_1_522' title='bbox 2792 3568 3218 3638; x_wconf 79' lang='lat' dir='ltr'><strong>Abuteriumque</strong></span> <span class='ocrx_word' id='word_1_523' title='bbox 3271 3567 3734 3639; x_wconf 86' lang='lat' dir='ltr'><strong>ingenunmillum,</strong></span> 
     </span>
    </p>
   </div>
   <div class='ocr_carea' id='block_1_73' title="bbox 485 3653 2619 3728">
    <p class='ocr_par' dir='ltr' id='par_1_73' title="bbox 485 3653 2619 3728">
     <span class='ocr_line' id='line_1_73' title="bbox 485 3653 2619 3728; baseline 0 -12"><span class='ocrx_word' id='word_1_524' title='bbox 485 3677 585 3716; x_wconf 90' lang='lat' dir='ltr'><strong>nec</strong></span> <span class='ocrx_word' id='word_1_525' title='bbox 620 3673 724 3712; x_wconf 93' lang='lat' dir='ltr'><strong>non</strong></span> <span class='ocrx_word' id='word_1_526' title='bbox 755 3655 1104 3726; x_wconf 85' lang='lat' dir='ltr'><strong>Sperantiqu</strong></span> <span class='ocrx_word' id='word_1_527' title='bbox 1135 3655 1532 3720; x_wconf 85' lang='lat' dir='ltr'><strong>fidelissimum,</strong></span> <span class='ocrx_word' id='word_1_528' title='bbox 1561 3654 1804 3722; x_wconf 88' lang='lat' dir='ltr'><strong>aliosque</strong></span> <span class='ocrx_word' id='word_1_529' title='bbox 1834 3653 1974 3721; x_wconf 84' lang='lat' dir='ltr'><strong>frugi</strong></span> <span class='ocrx_word' id='word_1_530' title='bbox 2011 3656 2258 3712; x_wconf 82' lang='lat' dir='ltr'><strong>hamiues</strong></span> <span class='ocrx_word' id='word_1_531' title='bbox 2297 3661 2619 3728; x_wconf 83' lang='lat' dir='ltr'><strong>perumltos.</strong></span> 
     </span>
    </p>
   </div>
   <div class='ocr_carea' id='block_1_74' title="bbox 553 3742 2060 3811">
    <p class='ocr_par' dir='ltr' id='par_1_74' title="bbox 553 3742 2060 3811">
     <span class='ocr_line' id='line_1_74' title="bbox 553 3742 2060 3811; baseline -0.005 -6"><span class='ocrx_word' id='word_1_532' title='bbox 553 3753 608 3805; x_wconf 89' lang='lat'><strong>7.</strong></span> <span class='ocrx_word' id='word_1_533' title='bbox 633 3750 824 3803; x_wconf 84' lang='lat' dir='ltr'><strong>Annon</strong></span> <span class='ocrx_word' id='word_1_534' title='bbox 851 3745 1122 3800; x_wconf 86' lang='lat' dir='ltr'><strong>furibuudi</strong></span> <span class='ocrx_word' id='word_1_535' title='bbox 1146 3753 1229 3798; x_wconf 86' lang='lat' dir='ltr'><strong>est</strong></span> <span class='ocrx_word' id='word_1_536' title='bbox 1254 3746 1610 3804; x_wconf 85' lang='lat' dir='ltr'><strong>accusatoris,</strong></span> <span class='ocrx_word' id='word_1_537' title='bbox 1631 3744 1772 3811; x_wconf 88' lang='lat' dir='ltr'><strong>quod</strong></span> <span class='ocrx_word' id='word_1_538' title='bbox 1799 3742 2060 3811; x_wconf 80' lang='lat' dir='ltr'><strong>ejusmodi</strong></span> 
     </span>
    </p>
   </div>
   <div class='ocr_carea' id='block_1_75' title="bbox 485 3835 2058 3910">
    <p class='ocr_par' dir='ltr' id='par_1_75' title="bbox 485 3835 2058 3910">
     <span class='ocr_line' id='line_1_75' title="bbox 485 3835 2058 3910; baseline -0.004 -13"><span class='ocrx_word' id='word_1_539' title='bbox 485 3857 516 3897; x_wconf 66' lang='grc' dir='ltr'>ι</span> <span class='ocrx_word' id='word_1_540' title='bbox 540 3858 625 3897; x_wconf 91' lang='lat' dir='ltr'><strong>me</strong></span> <span class='ocrx_word' id='word_1_541' title='bbox 649 3852 924 3910; x_wconf 87' lang='lat' dir='ltr'><strong>peracunn</strong></span> <span class='ocrx_word' id='word_1_542' title='bbox 954 3838 1167 3891; x_wconf 80' lang='lat' dir='ltr'><strong>facinus</strong></span> <span class='ocrx_word' id='word_1_543' title='bbox 1191 3836 1272 3889; x_wconf 86' lang='lat' dir='ltr'><strong>vel</strong></span> <span class='ocrx_word' id='word_1_544' title='bbox 1301 3837 1639 3904; x_wconf 88' lang='lat' dir='ltr'><strong>suspicetur?</strong></span> <span class='ocrx_word' id='word_1_545' title='bbox 1665 3835 1899 3902; x_wconf 87' lang='lat' dir='ltr'><strong>Quinam</strong></span> <span class='ocrx_word' id='word_1_546' title='bbox 1929 3838 2058 3891; x_wconf 91' lang='lat' dir='ltr'><strong>mihi</strong></span> 
     </span>
    </p>
   </div>
   <div class='ocr_carea' id='block_1_76' title="bbox 487 3930 2060 4007">
    <p class='ocr_par' dir='ltr' id='par_1_76' title="bbox 487 3930 2060 4007">
     <span class='ocr_line' id='line_1_76' title="bbox 487 3930 2060 4007; baseline -0.004 -17"><span class='ocrx_word' id='word_1_547' title='bbox 487 3937 626 4007; x_wconf 87' lang='lat' dir='ltr'><strong>apud</strong></span> <span class='ocrx_word' id='word_1_548' title='bbox 659 3935 947 3989; x_wconf 89' lang='lat' dir='ltr'><strong>scelestum</strong></span> <span class='ocrx_word' id='word_1_549' title='bbox 985 3931 1136 3984; x_wconf 89' lang='lat' dir='ltr'><strong>illum</strong></span> <span class='ocrx_word' id='word_1_550' title='bbox 1177 3931 1388 3985; x_wconf 71' lang='lat' dir='ltr'><strong>ﬁducia:</strong></span> <span class='ocrx_word' id='word_1_551' title='bbox 1418 3930 1604 3984; x_wconf 85' lang='lat' dir='ltr'><strong>locus?</strong></span> <span class='ocrx_word' id='word_1_552' title='bbox 1638 3931 1970 3999; x_wconf 84' lang='lat' dir='ltr'><strong>Ecquidnam</strong></span> <span class='ocrx_word' id='word_1_553' title='bbox 2007 3931 2060 3984; x_wconf 90' lang='lat' dir='ltr'><strong>in</strong></span> 
     </span>
    </p>
   </div>
   <div class='ocr_carea' id='block_1_77' title="bbox 484 4021 2141 4113">
    <p class='ocr_par' dir='ltr' id='par_1_77' title="bbox 484 4021 2141 4113">
     <span class='ocr_line' id='line_1_77' title="bbox 484 4021 2141 4113; baseline -0.005 -31"><span class='ocrx_word' id='word_1_554' title='bbox 484 4029 602 4096; x_wconf 81' lang='lat' dir='ltr'><strong>ejus</strong></span> <span class='ocrx_word' id='word_1_555' title='bbox 640 4027 823 4080; x_wconf 88' lang='lat' dir='ltr'><strong>animo</strong></span> <span class='ocrx_word' id='word_1_556' title='bbox 866 4024 1174 4079; x_wconf 88' lang='lat' dir='ltr'><strong>securitatis</strong></span> <span class='ocrx_word' id='word_1_557' title='bbox 1223 4022 1586 4077; x_wconf 77' lang='lat' dir='ltr'><strong>advenerim?</strong></span> <span class='ocrx_word' id='word_1_558' title='bbox 1613 4021 1750 4074; x_wconf 86' lang='lat' dir='ltr'><strong>Num</strong></span> <span class='ocrx_word' id='word_1_559' title='bbox 1796 4023 1939 4090; x_wconf 87' lang='lat' dir='ltr'><strong>quod</strong></span> <span class='ocrx_word' id='word_1_560' title='bbox 1967 4022 2064 4075; x_wconf 87' lang='lat' dir='ltr'><strong>do-</strong></span> <span class='ocrx_word' id='word_1_561' title='bbox 2100 4059 2141 4113; x_wconf 71' lang='grc' dir='ltr'>υ</span> 
     </span>
    </p>
   </div>
   <div class='ocr_carea' id='block_1_78' title="bbox 489 4114 2065 4184">
    <p class='ocr_par' dir='ltr' id='par_1_78' title="bbox 489 4114 2065 4184">
     <span class='ocr_line' id='line_1_78' title="bbox 489 4114 2065 4184; baseline -0.004 -11"><span class='ocrx_word' id='word_1_562' title='bbox 489 4119 693 4173; x_wconf 87' lang='lat' dir='ltr'><strong>minum</strong></span> <span class='ocrx_word' id='word_1_563' title='bbox 729 4133 887 4173; x_wconf 88' lang='lat' dir='ltr'><strong>suum</strong></span> <span class='ocrx_word' id='word_1_564' title='bbox 915 4114 1290 4171; x_wconf 75' lang='lat' dir='ltr'><strong>obtruncat-it?</strong></span> <span class='ocrx_word' id='word_1_565' title='bbox 1339 4114 1481 4184; x_wconf 89' lang='lat' dir='ltr'><strong>quod</strong></span> <span class='ocrx_word' id='word_1_566' title='bbox 1528 4129 1655 4182; x_wconf 86' lang='lat' dir='ltr'><strong>erga</strong></span> <span class='ocrx_word' id='word_1_567' title='bbox 1692 4114 1898 4167; x_wconf 88' lang='lat' dir='ltr'><strong>amicos</strong></span> <span class='ocrx_word' id='word_1_568' title='bbox 1937 4129 2065 4168; x_wconf 90' lang='lat' dir='ltr'><strong>suos</strong></span> 
     </span>
    </p>
   </div>
   <div class='ocr_carea' id='block_1_79' title="bbox 486 4207 2070 4280">
    <p class='ocr_par' dir='ltr' id='par_1_79' title="bbox 486 4207 2070 4280">
     <span class='ocr_line' id='line_1_79' title="bbox 486 4207 2070 4280; baseline -0.003 -14"><span class='ocrx_word' id='word_1_569' title='bbox 486 4212 725 4280; x_wconf 74' lang='lat' dir='ltr'><strong>perﬁdus</strong></span> <span class='ocrx_word' id='word_1_570' title='bbox 773 4209 956 4275; x_wconf 82' lang='lat' dir='ltr'><strong>fuerit,</strong></span> <span class='ocrx_word' id='word_1_571' title='bbox 985 4207 1293 4276; x_wconf 79' lang='lat' dir='ltr'><strong>iuramenta</strong></span> <span class='ocrx_word' id='word_1_572' title='bbox 1325 4208 1566 4273; x_wconf 88' lang='lat' dir='ltr'><strong>violarit,</strong></span> <span class='ocrx_word' id='word_1_573' title='bbox 1593 4224 1723 4278; x_wconf 88' lang='lat' dir='ltr'><strong>erga</strong></span> <span class='ocrx_word' id='word_1_574' title='bbox 1766 4208 1934 4262; x_wconf 90' lang='lat' dir='ltr'><strong>Deum</strong></span> <span class='ocrx_word' id='word_1_575' title='bbox 1969 4208 2070 4262; x_wconf 91' lang='lat' dir='ltr'><strong>im-</strong></span> 
     </span>
    </p>
   </div>
   <div class='ocr_carea' id='block_1_80' title="bbox 489 4299 2070 4372">
    <p class='ocr_par' dir='ltr' id='par_1_80' title="bbox 489 4299 2070 4372">
     <span class='ocr_line' id='line_1_80' title="bbox 489 4299 2070 4372; baseline -0.003 -16"><span class='ocrx_word' id='word_1_576' title='bbox 489 4303 607 4372; x_wconf 71' lang='lat' dir='ltr'><strong>:ius</strong></span> <span class='ocrx_word' id='word_1_577' title='bbox 636 4301 837 4356; x_wconf 88' lang='lat' dir='ltr'><strong>fuerit?</strong></span> <span class='ocrx_word' id='word_1_578' title='bbox 863 4299 1004 4370; x_wconf 93' lang='lat' dir='ltr'><strong>quod</strong></span> <span class='ocrx_word' id='word_1_579' title='bbox 1037 4309 1223 4354; x_wconf 88' lang='lat' dir='ltr'><strong>contra</strong></span> <span class='ocrx_word' id='word_1_580' title='bbox 1254 4299 1344 4355; x_wconf 75' lang='lat' dir='ltr'><strong>llci</strong></span> <span class='ocrx_word' id='word_1_581' title='bbox 1364 4299 1574 4366; x_wconf 74' lang='lat' dir='ltr'><strong>iussum</strong></span> <span class='ocrx_word' id='word_1_582' title='bbox 1605 4299 1864 4354; x_wconf 85' lang='lat' dir='ltr'><strong>veneficis</strong></span> <span class='ocrx_word' id='word_1_583' title='bbox 1891 4301 2070 4354; x_wconf 86' lang='lat' dir='ltr'><strong>incan-</strong></span> 
     </span>
    </p>
   </div>
   <div class='ocr_carea' id='block_1_81' title="bbox 489 4389 2068 4463">
    <p class='ocr_par' dir='ltr' id='par_1_81' title="bbox 489 4389 2068 4463">
     <span class='ocr_line' id='line_1_81' title="bbox 489 4389 2068 4463; baseline -0.003 -16"><span class='ocrx_word' id='word_1_584' title='bbox 489 4396 859 4463; x_wconf 79' lang='lat' dir='ltr'><strong>lateribusque</strong></span> <span class='ocrx_word' id='word_1_585' title='bbox 883 4393 954 4448; x_wconf 90' lang='lat' dir='ltr'><strong>sit</strong></span> <span class='ocrx_word' id='word_1_586' title='bbox 986 4391 1154 4445; x_wconf 89' lang='lat' dir='ltr'><strong>usus?</strong></span> <span class='ocrx_word' id='word_1_587' title='bbox 1184 4389 1430 4458; x_wconf 85' lang='lat' dir='ltr'><strong>Quanam</strong></span> <span class='ocrx_word' id='word_1_588' title='bbox 1459 4392 1793 4447; x_wconf 89' lang='lat' dir='ltr'><strong>conscientia</strong></span> <span class='ocrx_word' id='word_1_589' title='bbox 1836 4391 2068 4446; x_wconf 85' lang='lat' dir='ltr'><strong>salutem</strong></span> 
     </span>
    </p>
   </div>
   <div class='ocr_carea' id='block_1_82' title="bbox 490 4485 2067 4554">
    <p class='ocr_par' dir='ltr' id='par_1_82' title="bbox 490 4485 2067 4554">
     <span class='ocr_line' id='line_1_82' title="bbox 490 4485 2067 4554; baseline -0.004 -14"><span class='ocrx_word' id='word_1_590' title='bbox 490 4486 565 4540; x_wconf 91' lang='lat' dir='ltr'><strong>illi</strong></span> <span class='ocrx_word' id='word_1_591' title='bbox 593 4487 874 4550; x_wconf 76' lang='lat' dir='ltr'><strong>dixissem,</strong></span> <span class='ocrx_word' id='word_1_592' title='bbox 899 4487 1058 4554; x_wconf 89' lang='lat' dir='ltr'><strong>cujus</strong></span> <span class='ocrx_word' id='word_1_593' title='bbox 1089 4486 1240 4539; x_wconf 86' lang='lat' dir='ltr'><strong>furor</strong></span> <span class='ocrx_word' id='word_1_594' title='bbox 1267 4496 1429 4554; x_wconf 86' lang='lat' dir='ltr'><strong>atque</strong></span> <span class='ocrx_word' id='word_1_595' title='bbox 1471 4485 1790 4546; x_wconf 87' lang='lat' dir='ltr'><strong>crudelitas,</strong></span> <span class='ocrx_word' id='word_1_596' title='bbox 1827 4500 1931 4537; x_wconf 86' lang='lat' dir='ltr'><strong>non</strong></span> <span class='ocrx_word' id='word_1_597' title='bbox 1981 4497 2067 4536; x_wconf 89' lang='lat' dir='ltr'><strong>me</strong></span> 
     </span>
    </p>
   </div>
   <div class='ocr_carea' id='block_1_83' title="bbox 487 4574 2067 4642">
    <p class='ocr_par' dir='ltr' id='par_1_83' title="bbox 487 4574 2067 4642">
     <span class='ocr_line' id='line_1_83' title="bbox 487 4574 2067 4642; baseline 0 -12"><span class='ocrx_word' id='word_1_598' title='bbox 487 4577 684 4642; x_wconf 81' lang='lat' dir='ltr'><strong>solum,</strong></span> <span class='ocrx_word' id='word_1_599' title='bbox 713 4579 806 4632; x_wconf 91' lang='lat' dir='ltr'><strong>sed</strong></span> <span class='ocrx_word' id='word_1_600' title='bbox 831 4589 884 4631; x_wconf 92' lang='lat' dir='ltr'><strong>et</strong></span> <span class='ocrx_word' id='word_1_601' title='bbox 913 4587 1082 4633; x_wconf 90' lang='lat' dir='ltr'><strong>totum</strong></span> <span class='ocrx_word' id='word_1_602' title='bbox 1117 4589 1387 4633; x_wconf 88' lang='lat' dir='ltr'><strong>terrarum</strong></span> <span class='ocrx_word' id='word_1_603' title='bbox 1423 4577 1612 4631; x_wconf 85' lang='lat' dir='ltr'><strong>orbem</strong></span> <span class='ocrx_word' id='word_1_604' title='bbox 1643 4592 1856 4630; x_wconf 90' lang='lat' dir='ltr'><strong>summo</strong></span> <span class='ocrx_word' id='word_1_605' title='bbox 1885 4574 2067 4630; x_wconf 85' lang='lat' dir='ltr'><strong>affecit</strong></span> 
     </span>
    </p>
   </div>
   <div class='ocr_carea' id='block_1_84' title="bbox 491 4668 2065 4740">
    <p class='ocr_par' dir='ltr' id='par_1_84' title="bbox 491 4668 2065 4740">
     <span class='ocr_line' id='line_1_84' title="bbox 491 4668 2065 4740; baseline -0.001 -18"><span class='ocrx_word' id='word_1_606' title='bbox 491 4669 712 4722; x_wconf 88' lang='lat' dir='ltr'><strong>dolore?</strong></span> <span class='ocrx_word' id='word_1_607' title='bbox 745 4668 988 4738; x_wconf 81' lang='lat' dir='ltr'><strong>Magnam</strong></span> <span class='ocrx_word' id='word_1_608' title='bbox 1026 4671 1236 4726; x_wconf 77' lang='lat' dir='ltr'><strong>scilicet</strong></span> <span class='ocrx_word' id='word_1_609' title='bbox 1281 4670 1692 4740; x_wconf 42' lang='lat' dir='ltr'><strong>plurimumque,</strong></span> <span class='ocrx_word' id='word_1_610' title='bbox 1717 4668 1788 4721; x_wconf 90' lang='lat' dir='ltr'><strong>illi</strong></span> <span class='ocrx_word' id='word_1_611' title='bbox 1833 4669 2065 4738; x_wconf 86' lang='lat' dir='ltr'><strong>gratiam</strong></span> 
     </span>
    </p>
   </div>
   <div class='ocr_carea' id='block_1_85' title="bbox 493 4759 2070 4828">
    <p class='ocr_par' dir='ltr' id='par_1_85' title="bbox 493 4759 2070 4828">
     <span class='ocr_line' id='line_1_85' title="bbox 493 4759 2070 4828; baseline 0.003 -17"><span class='ocrx_word' id='word_1_612' title='bbox 493 4759 677 4824; x_wconf 87' lang='lat' dir='ltr'><strong>habui,</strong></span> <span class='ocrx_word' id='word_1_613' title='bbox 707 4764 846 4826; x_wconf 91' lang='lat' dir='ltr'><strong>quod</strong></span> <span class='ocrx_word' id='word_1_614' title='bbox 887 4764 1056 4817; x_wconf 72' lang='lat' dir='ltr'><strong>beata:</strong></span> <span class='ocrx_word' id='word_1_615' title='bbox 1085 4765 1360 4818; x_wconf 69' lang='lat' dir='ltr'><strong>memoria:</strong></span> <span class='ocrx_word' id='word_1_616' title='bbox 1387 4762 1614 4814; x_wconf 82' lang='lat' dir='ltr'><strong>fratrem</strong></span> <span class='ocrx_word' id='word_1_617' title='bbox 1649 4770 1822 4824; x_wconf 89' lang='lat' dir='ltr'><strong>tuum,</strong></span> <span class='ocrx_word' id='word_1_618' title='bbox 1851 4761 1942 4828; x_wconf 82' lang='lat' dir='ltr'><strong>qui</strong></span> <span class='ocrx_word' id='word_1_619' title='bbox 1978 4775 2070 4815; x_wconf 88' lang='lat' dir='ltr'><strong>ec-</strong></span> 
     </span>
    </p>
   </div>
   <div class='ocr_carea' id='block_1_86' title="bbox 493 4853 2066 4924">
    <p class='ocr_par' dir='ltr' id='par_1_86' title="bbox 493 4853 2066 4924">
     <span class='ocr_line' id='line_1_86' title="bbox 493 4853 2066 4924; baseline 0.001 -19"><span class='ocrx_word' id='word_1_620' title='bbox 493 4853 686 4906; x_wconf 88' lang='lat' dir='ltr'><strong>clesias</strong></span> <span class='ocrx_word' id='word_1_621' title='bbox 713 4854 868 4908; x_wconf 89' lang='lat' dir='ltr'><strong>donis</strong></span> <span class='ocrx_word' id='word_1_622' title='bbox 910 4855 1024 4910; x_wconf 89' lang='lat' dir='ltr'><strong>suis</strong></span> <span class='ocrx_word' id='word_1_623' title='bbox 1057 4855 1396 4918; x_wconf 86' lang='lat' dir='ltr'><strong>cumnlarat,</strong></span> <span class='ocrx_word' id='word_1_624' title='bbox 1435 4858 1769 4924; x_wconf 88' lang='lat' dir='ltr'><strong>muneraque</strong></span> <span class='ocrx_word' id='word_1_625' title='bbox 1816 4854 2066 4916; x_wconf 87' lang='lat' dir='ltr'><strong>miserat,</strong></span> 
     </span>
    </p>
   </div>
   <div class='ocr_carea' id='block_1_87' title="bbox 489 4940 2068 5012">
    <p class='ocr_par' dir='ltr' id='par_1_87' title="bbox 489 4940 2068 5012">
     <span class='ocr_line' id='line_1_87' title="bbox 489 4940 2068 5012; baseline 0.003 -20"><span class='ocrx_word' id='word_1_626' title='bbox 489 4940 768 5009; x_wconf 89' lang='lat' dir='ltr'><strong>jngularit.</strong></span> <span class='ocrx_word' id='word_1_627' title='bbox 800 4943 900 5008; x_wconf 85' lang='lat' dir='ltr'><strong>Qui</strong></span> <span class='ocrx_word' id='word_1_628' title='bbox 929 4945 1114 5012; x_wconf 89' lang='lat' dir='ltr'><strong>homo,</strong></span> <span class='ocrx_word' id='word_1_629' title='bbox 1141 4962 1271 5002; x_wconf 88' lang='lat' dir='ltr'><strong>sane</strong></span> <span class='ocrx_word' id='word_1_630' title='bbox 1297 4947 1776 5008; x_wconf 80' lang='lat' dir='ltr'><strong>sceleratissimus,</strong></span> <span class='ocrx_word' id='word_1_631' title='bbox 1805 4959 1926 4998; x_wconf 91' lang='lat' dir='ltr'><strong>cum</strong></span> <span class='ocrx_word' id='word_1_632' title='bbox 1953 4944 2068 4997; x_wconf 72' lang='lat' dir='ltr'><strong>lucc</strong></span> 
     </span>
    </p>
   </div>
   <div class='ocr_carea' id='block_1_88' title="bbox 496 5033 2069 5102">
    <p class='ocr_par' dir='ltr' id='par_1_88' title="bbox 496 5033 2069 5102">
     <span class='ocr_line' id='line_1_88' title="bbox 496 5033 2069 5102; baseline 0.004 -17"><span class='ocrx_word' id='word_1_633' title='bbox 496 5033 610 5101; x_wconf 91' lang='lat' dir='ltr'><strong>ipsa</strong></span> <span class='ocrx_word' id='word_1_634' title='bbox 638 5035 996 5102; x_wconf 90' lang='lat' dir='ltr'><strong>conspiceret,</strong></span> <span class='ocrx_word' id='word_1_635' title='bbox 1025 5039 1159 5092; x_wconf 89' lang='lat' dir='ltr'><strong>nihil</strong></span> <span class='ocrx_word' id='word_1_636' title='bbox 1193 5049 1368 5094; x_wconf 88' lang='lat' dir='ltr'><strong>tamen</strong></span> <span class='ocrx_word' id='word_1_637' title='bbox 1394 5048 1480 5093; x_wconf 88' lang='lat' dir='ltr'><strong>est</strong></span> <span class='ocrx_word' id='word_1_638' title='bbox 1519 5039 1726 5092; x_wconf 86' lang='lat' dir='ltr'><strong>veritus</strong></span> <span class='ocrx_word' id='word_1_639' title='bbox 1762 5053 1778 5090; x_wconf 87' lang='lat'><strong>:</strong></span> <span class='ocrx_word' id='word_1_640' title='bbox 1809 5052 1906 5092; x_wconf 88' lang='lat' dir='ltr'><strong>uec</strong></span> <span class='ocrx_word' id='word_1_641' title='bbox 1947 5049 2069 5091; x_wconf 86' lang='lat' dir='ltr'><strong>eum</strong></span> 
     </span>
    </p>
   </div>
   <div class='ocr_carea' id='block_1_89' title="bbox 495 5124 2070 5196">
    <p class='ocr_par' dir='ltr' id='par_1_89' title="bbox 495 5124 2070 5196">
     <span class='ocr_line' id='line_1_89' title="bbox 495 5124 2070 5196; baseline 0.004 -20"><span class='ocrx_word' id='word_1_642' title='bbox 495 5124 789 5179; x_wconf 89' lang='lat' dir='ltr'><strong>absterruit</strong></span> <span class='ocrx_word' id='word_1_643' title='bbox 814 5128 986 5196; x_wconf 83' lang='lat' dir='ltr'><strong>gratia</strong></span> <span class='ocrx_word' id='word_1_644' title='bbox 1013 5129 1183 5183; x_wconf 69' lang='lat' dir='ltr'><strong>beatae</strong></span> <span class='ocrx_word' id='word_1_645' title='bbox 1208 5131 1482 5184; x_wconf 75' lang='lat' dir='ltr'><strong>memoria:</strong></span> <span class='ocrx_word' id='word_1_646' title='bbox 1519 5130 1636 5183; x_wconf 87' lang='lat' dir='ltr'><strong>viro</strong></span> <span class='ocrx_word' id='word_1_647' title='bbox 1663 5129 1717 5182; x_wconf 92' lang='lat' dir='ltr'><strong>in</strong></span> <span class='ocrx_word' id='word_1_648' title='bbox 1745 5129 2070 5196; x_wconf 88' lang='lat' dir='ltr'><strong>baptismate</strong></span> 
     </span>
    </p>
   </div>
   <div class='ocr_carea' id='block_1_90' title="bbox 495 5216 2071 5288">
    <p class='ocr_par' dir='ltr' id='par_1_90' title="bbox 495 5216 2071 5288">
     <span class='ocr_line' id='line_1_90' title="bbox 495 5216 2071 5288; baseline 0.002 -19"><span class='ocrx_word' id='word_1_649' title='bbox 495 5216 620 5271; x_wconf 84' lang='lat' dir='ltr'><strong>data</strong></span> <span class='ocrx_word' id='word_1_650' title='bbox 660 5221 797 5273; x_wconf 89' lang='lat' dir='ltr'><strong>:sed</strong></span> <span class='ocrx_word' id='word_1_651' title='bbox 836 5219 990 5288; x_wconf 87' lang='lat' dir='ltr'><strong>quasi</strong></span> <span class='ocrx_word' id='word_1_652' title='bbox 1031 5221 1241 5274; x_wconf 79' lang='lat' dir='ltr'><strong>dzemon</strong></span> <span class='ocrx_word' id='word_1_653' title='bbox 1285 5221 1502 5288; x_wconf 86' lang='lat' dir='ltr'><strong>quidam</strong></span> <span class='ocrx_word' id='word_1_654' title='bbox 1530 5221 1820 5285; x_wconf 80' lang='lat' dir='ltr'><strong>exitiosus,</strong></span> <span class='ocrx_word' id='word_1_655' title='bbox 1849 5219 2071 5274; x_wconf 88' lang='lat' dir='ltr'><strong>diaboli-</strong></span> 
     </span>
    </p>
   </div>
   <div class='ocr_carea' id='block_1_91' title="bbox 495 5309 2069 5382">
    <p class='ocr_par' dir='ltr' id='par_1_91' title="bbox 495 5309 2069 5382">
     <span class='ocr_line' id='line_1_91' title="bbox 495 5309 2069 5382; baseline 0.003 -20"><span class='ocrx_word' id='word_1_656' title='bbox 495 5323 716 5378; x_wconf 89' lang='lat' dir='ltr'><strong>cusque,</strong></span> <span class='ocrx_word' id='word_1_657' title='bbox 757 5309 960 5366; x_wconf 83' lang='lat' dir='ltr'><strong>furiose</strong></span> <span class='ocrx_word' id='word_1_658' title='bbox 984 5311 1132 5366; x_wconf 90' lang='lat' dir='ltr'><strong>illum</strong></span> <span class='ocrx_word' id='word_1_659' title='bbox 1163 5311 1387 5366; x_wconf 89' lang='lat' dir='ltr'><strong>adortus</strong></span> <span class='ocrx_word' id='word_1_660' title='bbox 1413 5320 1496 5367; x_wconf 89' lang='lat' dir='ltr'><strong>est</strong></span> <span class='ocrx_word' id='word_1_661' title='bbox 1529 5329 1542 5367; x_wconf 92' lang='lat'><strong>:</strong></span> <span class='ocrx_word' id='word_1_662' title='bbox 1574 5328 1680 5382; x_wconf 90' lang='lat' dir='ltr'><strong>quo</strong></span> <span class='ocrx_word' id='word_1_663' title='bbox 1713 5314 1916 5368; x_wconf 89' lang='lat' dir='ltr'><strong>factum</strong></span> <span class='ocrx_word' id='word_1_664' title='bbox 1965 5322 2069 5376; x_wconf 89' lang='lat' dir='ltr'><strong>est,</strong></span> 
     </span>
    </p>
   </div>
   <div class='ocr_carea' id='block_1_92' title="bbox 555 5419 1200 5492">
    <p class='ocr_par' dir='ltr' id='par_1_92' title="bbox 555 5419 1200 5492">
     <span class='ocr_line' id='line_1_92' title="bbox 555 5419 1200 5492; baseline 0.009 -21"><span class='ocrx_word' id='word_1_665' title='bbox 555 5419 676 5492; x_wconf 54' lang='lat'><strong>129)</strong></span> <span class='ocrx_word' id='word_1_666' title='bbox 709 5422 863 5492; x_wconf 63' lang='grc' dir='ltr'><strong>πρε..</strong></span> <span class='ocrx_word' id='word_1_667' title='bbox 889 5423 1200 5487; x_wconf 75' lang='grc' dir='ltr'>δεδωκότες.</span> 
     </span>
    </p>
   </div>
   <div class='ocr_carea' id='block_1_93' title="bbox 568 5489 1526 5561">
    <p class='ocr_par' dir='ltr' id='par_1_93' title="bbox 568 5489 1526 5561">
     <span class='ocr_line' id='line_1_93' title="bbox 568 5489 1526 5561; baseline 0.006 -18"><span class='ocrx_word' id='word_1_668' title='bbox 568 5489 678 5561; x_wconf 63' lang='grc' dir='ltr'><strong>βυ)</strong></span> <span class='ocrx_word' id='word_1_669' title='bbox 713 5489 866 5561; x_wconf 51' lang='lat' dir='ltr'><strong>Begu,</strong></span> <span class='ocrx_word' id='word_1_670' title='bbox 894 5495 1113 5558; x_wconf 77' lang='grc' dir='ltr'>ταύτας.</span> <span class='ocrx_word' id='word_1_671' title='bbox 1147 5495 1306 5558; x_wconf 85' lang='lat' dir='ltr'><strong>Editi,</strong></span> <span class='ocrx_word' id='word_1_672' title='bbox 1337 5512 1526 5549; x_wconf 85' lang='grc' dir='ltr'>ταυτα.</span> 
     </span>
    </p>
   </div>
   <div class='ocr_carea' id='block_1_94' title="bbox 569 5560 2064 5644">
    <p class='ocr_par' dir='ltr' id='par_1_94' title="bbox 569 5560 2064 5644">
     <span class='ocr_line' id='line_1_94' title="bbox 569 5560 2064 5644; baseline 0.006 -34"><span class='ocrx_word' id='word_1_673' title='bbox 569 5560 677 5628; x_wconf 80' lang='lat'><strong>(5|)</strong></span> <span class='ocrx_word' id='word_1_674' title='bbox 707 5563 768 5644; x_wconf 41' lang='lat' dir='ltr'><strong>&#39;ln</strong></span> <span class='ocrx_word' id='word_1_675' title='bbox 794 5560 952 5644; x_wconf 75' lang='lat' dir='ltr'><strong>editis</strong></span> <span class='ocrx_word' id='word_1_676' title='bbox 979 5565 1092 5644; x_wconf 81' lang='grc' dir='ltr'><strong>γὰρ</strong></span> <span class='ocrx_word' id='word_1_677' title='bbox 1121 5565 1298 5644; x_wconf 44' lang='grc' dir='ltr'>άφειν.</span> <span class='ocrx_word' id='word_1_678' title='bbox 1338 5565 1776 5644; x_wconf 27' lang='grc' dir='ltr'>πρὸς-ιωοηάοςθ</span> <span class='ocrx_word' id='word_1_679' title='bbox 1831 5566 2064 5644; x_wconf 87' lang='lat' dir='ltr'><strong>positum</strong></span> 
     </span>
    </p>
   </div>
   <div class='ocr_carea' id='block_1_95' title="bbox 501 5634 2034 5703">
    <p class='ocr_par' dir='ltr' id='par_1_95' title="bbox 501 5634 2034 5703">
     <span class='ocr_line' id='line_1_95' title="bbox 501 5634 2034 5703; baseline -0.01 -7"><span class='ocrx_word' id='word_1_680' title='bbox 501 5634 818 5703; x_wconf 56' lang='lat' dir='ltr'><strong>PTQJPdgpst</strong></span> <span class='ocrx_word' id='word_1_681' title='bbox 848 5634 982 5703; x_wconf 81' lang='grc' dir='ltr'>πρὸς</span> <span class='ocrx_word' id='word_1_682' title='bbox 1009 5650 1024 5686; x_wconf 90' lang='lat'><strong>:</strong></span> <span class='ocrx_word' id='word_1_683' title='bbox 1063 5637 1212 5703; x_wconf 80' lang='lat' dir='ltr'><strong>deest</strong></span> <span class='ocrx_word' id='word_1_684' title='bbox 1247 5634 1460 5688; x_wconf 53' lang='lat' dir='ltr'><strong>illud&#39;in</strong></span> <span class='ocrx_word' id='word_1_685' title='bbox 1489 5635 1620 5703; x_wconf 74' lang='lat' dir='ltr'><strong>Reg.</strong></span> <span class='ocrx_word' id='word_1_686' title='bbox 2028 5643 2034 5646; x_wconf 86' lang='lat'>&#39;</span> 
     </span>
    </p>
   </div>
   <div class='ocr_carea' id='block_1_96' title="bbox 573 5697 2059 5772">
    <p class='ocr_par' dir='ltr' id='par_1_96' title="bbox 573 5697 2059 5772">
     <span class='ocr_line' id='line_1_96' title="bbox 573 5697 2059 5772; baseline 0.007 -21"><span class='ocrx_word' id='word_1_687' title='bbox 573 5697 683 5766; x_wconf 73' lang='lat'><strong>(32)</strong></span> <span class='ocrx_word' id='word_1_688' title='bbox 725 5697 815 5772; x_wconf 89' lang='lat' dir='ltr'><strong>S_ic</strong></span> <span class='ocrx_word' id='word_1_689' title='bbox 853 5697 984 5772; x_wconf 59' lang='lat' dir='ltr'><strong>li&#39;eg.</strong></span> <span class='ocrx_word' id='word_1_690' title='bbox 1015 5713 1069 5757; x_wconf 87' lang='lat' dir='ltr'><strong>et</strong></span> <span class='ocrx_word' id='word_1_691' title='bbox 1099 5702 1262 5772; x_wconf 80' lang='lat' dir='ltr'><strong>Basil.</strong></span> <span class='ocrx_word' id='word_1_692' title='bbox 1299 5703 1356 5756; x_wconf 90' lang='lat' dir='ltr'><strong>ln</strong></span> <span class='ocrx_word' id='word_1_693' title='bbox 1402 5697 1704 5759; x_wconf 43' lang='lat' dir='ltr'><strong>editis‘rd’w</strong></span> <span class='ocrx_word' id='word_1_694' title='bbox 1732 5703 1904 5772; x_wconf 78' lang='lat' dir='ltr'><strong>deest.</strong></span> <span class='ocrx_word' id='word_1_695' title='bbox 1935 5707 2059 5762; x_wconf 77' lang='lat' dir='ltr'><strong>Mox</strong></span> 
     </span>
    </p>
   </div>
   <div class='ocr_carea' id='block_1_97' title="bbox 501 5765 1943 5844">
    <p class='ocr_par' dir='ltr' id='par_1_97' title="bbox 501 5765 1943 5844">
     <span class='ocr_line' id='line_1_97' title="bbox 501 5765 1943 5844; baseline 0.007 -24"><span class='ocrx_word' id='word_1_696' title='bbox 501 5765 632 5834; x_wconf 75' lang='lat' dir='ltr'><strong>Reg.</strong></span> <span class='ocrx_word' id='word_1_697' title='bbox 655 5765 709 5822; x_wconf 76' lang='lat' dir='ltr'><strong>et</strong></span> <span class='ocrx_word' id='word_1_698' title='bbox 747 5765 1334 5844; x_wconf 55' lang='lat' dir='ltr'><strong>Basil.,&#39;ém).a06ipr;v.</strong></span> <span class='ocrx_word' id='word_1_699' title='bbox 1359 5773 1520 5842; x_wconf 85' lang='lat' dir='ltr'><strong>Editi,</strong></span> <span class='ocrx_word' id='word_1_700' title='bbox 1551 5771 1943 5844; x_wconf 86' lang='grc' dir='ltr'>ἀπολαθοίμην.</span> 
     </span>
    </p>
   </div>
   <div class='ocr_carea' id='block_1_98' title="bbox 2244 3744 3736 3822">
    <p class='ocr_par' dir='ltr' id='par_1_98' title="bbox 2244 3744 3736 3822">
     <span class='ocr_line' id='line_1_98' title="bbox 2244 3744 3736 3822; baseline 0.001 -23"><span class='ocrx_word' id='word_1_701' title='bbox 2244 3747 2296 3800; x_wconf 88' lang='grc'><strong>7.</strong></span> <span class='ocrx_word' id='word_1_702' title='bbox 2327 3744 2452 3817; x_wconf 66' lang='grc' dir='ltr'><strong>Ἆρ’</strong></span> <span class='ocrx_word' id='word_1_703' title='bbox 2487 3749 2608 3819; x_wconf 74' lang='grc' dir='ltr'>ουχὶ</span> <span class='ocrx_word' id='word_1_704' title='bbox 2641 3749 2734 3802; x_wconf 70' lang='grc' dir='ltr'><strong>καὶ</strong></span> <span class='ocrx_word' id='word_1_705' title='bbox 2762 3749 2822 3802; x_wconf 83' lang='grc' dir='ltr'><strong>τὸ</strong></span> <span class='ocrx_word' id='word_1_706' title='bbox 2850 3749 3008 3820; x_wconf 80' lang='grc' dir='ltr'>μόνον</span> <span class='ocrx_word' id='word_1_707' title='bbox 3037 3749 3370 3804; x_wconf 78' lang='grc' dir='ltr'>ὑποπτεύειν</span> <span class='ocrx_word' id='word_1_708' title='bbox 3401 3751 3736 3822; x_wconf 69' lang='grc' dir='ltr'>περὶτούτων</span> 
     </span>
    </p>
   </div>
   <div class='ocr_carea' id='block_1_99' title="bbox 2170 3837 3734 3914">
    <p class='ocr_par' dir='ltr' id='par_1_99' title="bbox 2170 3837 3734 3914">
     <span class='ocr_line' id='line_1_99' title="bbox 2170 3837 3734 3914; baseline 0.001 -25"><span class='ocrx_word' id='word_1_709' title='bbox 2170 3837 2260 3890; x_wconf 80' lang='grc' dir='ltr'>τὸν</span> <span class='ocrx_word' id='word_1_710' title='bbox 2287 3841 2612 3909; x_wconf 85' lang='grc' dir='ltr'>κατήγορον,</span> <span class='ocrx_word' id='word_1_711' title='bbox 2645 3840 2761 3891; x_wconf 73' lang='grc' dir='ltr'>ἐστὶ</span> <span class='ocrx_word' id='word_1_712' title='bbox 2802 3841 3060 3909; x_wconf 80' lang='grc' dir='ltr'>μανικόν;</span> <span class='ocrx_word' id='word_1_713' title='bbox 3098 3839 3165 3891; x_wconf 87' lang='grc' dir='ltr'>Τί</span> <span class='ocrx_word' id='word_1_714' title='bbox 3196 3841 3304 3914; x_wconf 90' lang='grc' dir='ltr'><strong>γάρ</strong></span> <span class='ocrx_word' id='word_1_715' title='bbox 3339 3857 3407 3910; x_wconf 86' lang='grc' dir='ltr'><strong>με</strong></span> <span class='ocrx_word' id='word_1_716' title='bbox 3438 3840 3594 3894; x_wconf 83' lang='grc' dir='ltr'>πάλιν</span> <span class='ocrx_word' id='word_1_717' title='bbox 3619 3839 3734 3909; x_wconf 74' lang='grc' dir='ltr'>θαρ-</span> 
     </span>
    </p>
   </div>
   <div class='ocr_carea' id='block_1_100' title="bbox 2171 3929 3731 3999">
    <p class='ocr_par' dir='ltr' id='par_1_100' title="bbox 2171 3929 3731 3999">
     <span class='ocr_line' id='line_1_100' title="bbox 2171 3929 3731 3999; baseline 0.005 -21"><span class='ocrx_word' id='word_1_718' title='bbox 2171 3930 2286 3998; x_wconf 78' lang='grc' dir='ltr'><strong>ῥεῖν</strong></span> <span class='ocrx_word' id='word_1_719' title='bbox 2331 3929 2546 3982; x_wconf 78' lang='grc' dir='ltr'>ἔπειθεν</span> <span class='ocrx_word' id='word_1_720' title='bbox 2593 3930 2771 3999; x_wconf 75' lang='grc' dir='ltr'>αὐτῷς</span> <span class='ocrx_word' id='word_1_721' title='bbox 2818 3932 2984 3985; x_wconf 82' lang='grc' dir='ltr'>Ποίαν</span> <span class='ocrx_word' id='word_1_722' title='bbox 3037 3932 3204 3986; x_wconf 82' lang='grc' dir='ltr'>αὐτοῦ</span> <span class='ocrx_word' id='word_1_723' title='bbox 3249 3933 3492 3987; x_wconf 84' lang='grc' dir='ltr'>διάθεσιν</span> <span class='ocrx_word' id='word_1_724' title='bbox 3533 3934 3731 3986; x_wconf 75' lang='grc' dir='ltr'>ἔϐλεπον</span> 
     </span>
    </p>
   </div>
   <div class='ocr_carea' id='block_1_101' title="bbox 2169 4021 3729 4097">
    <p class='ocr_par' dir='ltr' id='par_1_101' title="bbox 2169 4021 3729 4097">
     <span class='ocr_line' id='line_1_101' title="bbox 2169 4021 3729 4097; baseline 0.002 -24"><span class='ocrx_word' id='word_1_725' title='bbox 2169 4021 2426 4091; x_wconf 81' lang='grc' dir='ltr'>άσφαλῆ;</span> <span class='ocrx_word' id='word_1_726' title='bbox 2473 4023 2594 4083; x_wconf 83' lang='grc' dir='ltr'>Ὅτι</span> <span class='ocrx_word' id='word_1_727' title='bbox 2636 4023 2727 4076; x_wconf 83' lang='grc' dir='ltr'>τὸν</span> <span class='ocrx_word' id='word_1_728' title='bbox 2767 4025 2894 4077; x_wconf 83' lang='grc' dir='ltr'>ἴδιον</span> <span class='ocrx_word' id='word_1_729' title='bbox 2933 4024 3203 4097; x_wconf 79' lang='grc' dir='ltr'>δεσπότην</span> <span class='ocrx_word' id='word_1_730' title='bbox 3245 4027 3447 4091; x_wconf 87' lang='grc' dir='ltr'>ἀνεῖλε,</span> <span class='ocrx_word' id='word_1_731' title='bbox 3495 4024 3729 4097; x_wconf 43' lang='grc' dir='ltr'>καὶπερὶ</span> 
     </span>
    </p>
   </div>
   <div class='ocr_carea' id='block_1_102' title="bbox 2171 4113 3728 4191">
    <p class='ocr_par' dir='ltr' id='par_1_102' title="bbox 2171 4113 3728 4191">
     <span class='ocr_line' id='line_1_102' title="bbox 2171 4113 3728 4191; baseline -0.001 -24"><span class='ocrx_word' id='word_1_732' title='bbox 2171 4113 2298 4174; x_wconf 77' lang='grc' dir='ltr'>τοὺς</span> <span class='ocrx_word' id='word_1_733' title='bbox 2329 4115 2518 4168; x_wconf 78' lang='grc' dir='ltr'>ἑαυτοῦ</span> <span class='ocrx_word' id='word_1_734' title='bbox 2551 4116 2734 4185; x_wconf 87' lang='grc' dir='ltr'>φίλους</span> <span class='ocrx_word' id='word_1_735' title='bbox 2771 4117 2995 4181; x_wconf 79' lang='grc' dir='ltr'>ἄπιστος</span> <span class='ocrx_word' id='word_1_736' title='bbox 3041 4119 3256 4186; x_wconf 89' lang='grc' dir='ltr'>γέγονε,</span> <span class='ocrx_word' id='word_1_737' title='bbox 3306 4121 3402 4172; x_wconf 59' lang='grc' dir='ltr'><strong>καὶ⁸</strong></span> <span class='ocrx_word' id='word_1_738' title='bbox 3430 4120 3616 4191; x_wconf 82' lang='grc' dir='ltr'>ὅρκους</span> <span class='ocrx_word' id='word_1_739' title='bbox 3647 4117 3728 4187; x_wconf 68' lang='grc' dir='ltr'>μὲν</span> 
     </span>
    </p>
   </div>
   <div class='ocr_carea' id='block_1_103' title="bbox 2171 4208 3724 4283">
    <p class='ocr_par' dir='ltr' id='par_1_103' title="bbox 2171 4208 3724 4283">
     <span class='ocr_line' id='line_1_103' title="bbox 2171 4208 3724 4283; baseline -0.001 -22"><span class='ocrx_word' id='word_1_740' title='bbox 2171 4209 2408 4280; x_wconf 82' lang='grc' dir='ltr'>παρέϐη,</span> <span class='ocrx_word' id='word_1_741' title='bbox 2452 4211 2530 4273; x_wconf 87' lang='grc' dir='ltr'><strong>είς</strong></span> <span class='ocrx_word' id='word_1_742' title='bbox 2569 4209 2624 4262; x_wconf 85' lang='grc' dir='ltr'><strong>δὲ</strong></span> <span class='ocrx_word' id='word_1_743' title='bbox 2673 4211 2765 4263; x_wconf 77' lang='grc' dir='ltr'><strong>τὸν</strong></span> <span class='ocrx_word' id='word_1_744' title='bbox 2807 4210 2938 4262; x_wconf 80' lang='grc' dir='ltr'>Θεὸν</span> <span class='ocrx_word' id='word_1_745' title='bbox 2980 4210 3243 4282; x_wconf 68' lang='grc' dir='ltr'>ἠσέϐησε,</span> <span class='ocrx_word' id='word_1_746' title='bbox 3295 4213 3611 4283; x_wconf 74' lang='grc' dir='ltr'>φαρμακοὺς</span> <span class='ocrx_word' id='word_1_747' title='bbox 3649 4208 3724 4260; x_wconf 78' lang='grc' dir='ltr'>καὶ</span> 
     </span>
    </p>
   </div>
   <div class='ocr_carea' id='block_1_104' title="bbox 2171 4301 3724 4375">
    <p class='ocr_par' dir='ltr' id='par_1_104' title="bbox 2171 4301 3724 4375">
     <span class='ocr_line' id='line_1_104' title="bbox 2171 4301 3724 4375; baseline -0.001 -22"><span class='ocrx_word' id='word_1_748' title='bbox 2171 4301 2454 4364; x_wconf 79' lang='grc' dir='ltr'>ὲπαοιδοὺς</span> <span class='ocrx_word' id='word_1_749' title='bbox 2485 4302 2712 4355; x_wconf 86' lang='grc' dir='ltr'>ὲπινοῶν</span> <span class='ocrx_word' id='word_1_750' title='bbox 2747 4303 2888 4356; x_wconf 78' lang='grc' dir='ltr'>κατὰ</span> <span class='ocrx_word' id='word_1_751' title='bbox 2913 4303 3012 4372; x_wconf 82' lang='grc' dir='ltr'>τῆς</span> <span class='ocrx_word' id='word_1_752' title='bbox 3040 4301 3134 4355; x_wconf 77' lang='grc' dir='ltr'>τοῦ</span> <span class='ocrx_word' id='word_1_753' title='bbox 3153 4302 3288 4355; x_wconf 76' lang='grc' dir='ltr'>Θεοῦ</span> <span class='ocrx_word' id='word_1_754' title='bbox 3317 4304 3578 4375; x_wconf 80' lang='grc' dir='ltr'>κρίσεως;</span> <span class='ocrx_word' id='word_1_755' title='bbox 3606 4301 3724 4367; x_wconf 65' lang='lat' dir='ltr'><strong>Heinr</strong></span> 
     </span>
    </p>
   </div>
   <div class='ocr_carea' id='block_1_105' title="bbox 2171 4390 3720 4468">
    <p class='ocr_par' dir='ltr' id='par_1_105' title="bbox 2171 4390 3720 4468">
     <span class='ocr_line' id='line_1_105' title="bbox 2171 4390 3720 4468; baseline -0.001 -22"><span class='ocrx_word' id='word_1_756' title='bbox 2171 4394 2229 4446; x_wconf 76' lang='grc' dir='ltr'><strong>δὲ</strong></span> <span class='ocrx_word' id='word_1_757' title='bbox 2256 4395 2516 4447; x_wconf 74' lang='grc' dir='ltr'>συνειδότι</span> <span class='ocrx_word' id='word_1_758' title='bbox 2559 4396 2766 4466; x_wconf 86' lang='grc' dir='ltr'>χαίρειν</span> <span class='ocrx_word' id='word_1_759' title='bbox 2801 4395 2984 4464; x_wconf 75' lang='grc' dir='ltr'>ἔλεγον</span> <span class='ocrx_word' id='word_1_760' title='bbox 3011 4395 3208 4466; x_wconf 78' lang='grc' dir='ltr'>τούτῳ,</span> <span class='ocrx_word' id='word_1_761' title='bbox 3233 4390 3296 4448; x_wconf 75' lang='grc' dir='ltr'>οὗ</span> <span class='ocrx_word' id='word_1_762' title='bbox 3328 4400 3361 4468; x_wconf 84' lang='grc' dir='ltr'>ἡ</span> <span class='ocrx_word' id='word_1_763' title='bbox 3397 4398 3558 4467; x_wconf 86' lang='grc' dir='ltr'>μανία</span> <span class='ocrx_word' id='word_1_764' title='bbox 3590 4395 3668 4448; x_wconf 75' lang='grc' dir='ltr'>καὶ</span> <span class='ocrx_word' id='word_1_765' title='bbox 3694 4394 3720 4461; x_wconf 75' lang='grc' dir='ltr'>ἡ</span> 
     </span>
    </p>
   </div>
   <div class='ocr_carea' id='block_1_106' title="bbox 2171 4484 3719 4558">
    <p class='ocr_par' dir='ltr' id='par_1_106' title="bbox 2171 4484 3719 4558">
     <span class='ocr_line' id='line_1_106' title="bbox 2171 4484 3719 4558; baseline 0 -21"><span class='ocrx_word' id='word_1_766' title='bbox 2171 4485 2390 4556; x_wconf 79' lang='grc' dir='ltr'>ὠμότης</span> <span class='ocrx_word' id='word_1_767' title='bbox 2420 4487 2519 4539; x_wconf 74' lang='grc' dir='ltr'><strong>οὐκ</strong></span> <span class='ocrx_word' id='word_1_768' title='bbox 2561 4488 2659 4557; x_wconf 77' lang='grc' dir='ltr'><strong>ἐμὲ</strong></span> <span class='ocrx_word' id='word_1_769' title='bbox 2709 4488 2887 4557; x_wconf 82' lang='grc' dir='ltr'>μόνον,</span> <span class='ocrx_word' id='word_1_770' title='bbox 2937 4486 3071 4540; x_wconf 79' lang='grc' dir='ltr'>ἀλλὰ</span> <span class='ocrx_word' id='word_1_771' title='bbox 3119 4489 3213 4540; x_wconf 72' lang='grc' dir='ltr'><strong>καὶ</strong></span> <span class='ocrx_word' id='word_1_772' title='bbox 3253 4491 3433 4542; x_wconf 80' lang='grc' dir='ltr'>πᾶσαν</span> <span class='ocrx_word' id='word_1_773' title='bbox 3483 4489 3574 4558; x_wconf 75' lang='grc' dir='ltr'><strong>τὴν</strong></span> <span class='ocrx_word' id='word_1_774' title='bbox 3623 4484 3719 4539; x_wconf 79' lang='grc' dir='ltr'>καθ’</span> 
     </span>
    </p>
   </div>
   <div class='ocr_carea' id='block_1_107' title="bbox 2174 4575 3720 4651">
    <p class='ocr_par' dir='ltr' id='par_1_107' title="bbox 2174 4575 3720 4651">
     <span class='ocr_line' id='line_1_107' title="bbox 2174 4575 3720 4651; baseline -0.002 -22"><span class='ocrx_word' id='word_1_775' title='bbox 2174 4579 2321 4648; x_wconf 79' lang='grc' dir='ltr'>ἡμᾶς</span> <span class='ocrx_word' id='word_1_776' title='bbox 2365 4579 2694 4650; x_wconf 82' lang='grc' dir='ltr'>οἰκουμένην</span> <span class='ocrx_word' id='word_1_777' title='bbox 2745 4578 3016 4650; x_wconf 77' lang='grc' dir='ltr'>ἐλύπησες</span> <span class='ocrx_word' id='word_1_778' title='bbox 3052 4579 3315 4649; x_wconf 85' lang='grc' dir='ltr'>Μεγάλην</span> <span class='ocrx_word' id='word_1_779' title='bbox 3357 4598 3419 4649; x_wconf 88' lang='grc' dir='ltr'><strong>γε</strong></span> <span class='ocrx_word' id='word_1_780' title='bbox 3468 4582 3614 4651; x_wconf 82' lang='grc' dir='ltr'>χάριν</span> <span class='ocrx_word' id='word_1_781' title='bbox 3644 4575 3720 4628; x_wconf 77' lang='grc' dir='ltr'>καὶ</span> 
     </span>
    </p>
   </div>
   <div class='ocr_carea' id='block_1_108' title="bbox 2175 4669 3720 4743">
    <p class='ocr_par' dir='ltr' id='par_1_108' title="bbox 2175 4669 3720 4743">
     <span class='ocr_line' id='line_1_108' title="bbox 2175 4669 3720 4743; baseline -0.001 -19"><span class='ocrx_word' id='word_1_782' title='bbox 2175 4671 2373 4742; x_wconf 74' lang='grc' dir='ltr'>πολλὴν</span> <span class='ocrx_word' id='word_1_783' title='bbox 2418 4673 2481 4724; x_wconf 80' lang='grc' dir='ltr'>ὲκ</span> <span class='ocrx_word' id='word_1_784' title='bbox 2521 4671 2724 4724; x_wconf 76' lang='grc' dir='ltr'>τούτων</span> <span class='ocrx_word' id='word_1_785' title='bbox 2771 4671 2999 4740; x_wconf 75' lang='grc' dir='ltr'>ὤφειλον</span> <span class='ocrx_word' id='word_1_786' title='bbox 3038 4673 3153 4742; x_wconf 79' lang='grc'><strong>(53)</strong></span> <span class='ocrx_word' id='word_1_787' title='bbox 3201 4673 3411 4743; x_wconf 80' lang='grc' dir='ltr'>τούτῳ,</span> <span class='ocrx_word' id='word_1_788' title='bbox 3459 4675 3536 4726; x_wconf 81' lang='grc' dir='ltr'>ὅτι</span> <span class='ocrx_word' id='word_1_789' title='bbox 3577 4674 3601 4723; x_wconf 93' lang='lat'><strong>6</strong></span> <span class='ocrx_word' id='word_1_790' title='bbox 3641 4669 3720 4738; x_wconf 80' lang='grc' dir='ltr'><strong>μὲν</strong></span> 
     </span>
    </p>
   </div>
   <div class='ocr_carea' id='block_1_109' title="bbox 2176 4763 3716 4835">
    <p class='ocr_par' dir='ltr' id='par_1_109' title="bbox 2176 4763 3716 4835">
     <span class='ocr_line' id='line_1_109' title="bbox 2176 4763 3716 4835; baseline -0.014 -1"><span class='ocrx_word' id='word_1_791' title='bbox 2176 4763 2482 4835; x_wconf 80' lang='grc' dir='ltr'>μακαρίτης</span> <span class='ocrx_word' id='word_1_792' title='bbox 2513 4763 2737 4826; x_wconf 79' lang='grc' dir='ltr'>ἀδελφός</span> <span class='ocrx_word' id='word_1_793' title='bbox 2780 4781 2871 4816; x_wconf 78' lang='grc' dir='ltr'><strong>σου</strong></span> <span class='ocrx_word' id='word_1_794' title='bbox 2905 4763 3003 4826; x_wconf 67' lang='grc' dir='ltr'><strong>τὰς</strong></span> <span class='ocrx_word' id='word_1_795' title='bbox 3044 4765 3343 4834; x_wconf 77' lang='grc' dir='ltr'>ἐκκλησίας</span> <span class='ocrx_word' id='word_1_796' title='bbox 3395 4763 3716 4834; x_wconf 74' lang='grc' dir='ltr'>ἀναθημάτων</span> 
     </span>
    </p>
   </div>
   <div class='ocr_carea' id='block_1_110' title="bbox 2174 4854 3715 4930">
    <p class='ocr_par' dir='ltr' id='par_1_110' title="bbox 2174 4854 3715 4930">
     <span class='ocr_line' id='line_1_110' title="bbox 2174 4854 3715 4930; baseline -0.008 -18"><span class='ocrx_word' id='word_1_797' title='bbox 2174 4860 2510 4930; x_wconf 80' lang='grc' dir='ltr'>ἐπλήρωσεν,</span> <span class='ocrx_word' id='word_1_798' title='bbox 2547 4855 2698 4921; x_wconf 69' lang='grc' dir='ltr'>οὗτος</span> <span class='ocrx_word' id='word_1_799' title='bbox 2727 4857 2780 4908; x_wconf 75' lang='grc' dir='ltr'><strong>δὲ</strong></span> <span class='ocrx_word' id='word_1_800' title='bbox 2807 4855 2966 4910; x_wconf 74' lang='grc' dir='ltr'>αὐτὸν</span> <span class='ocrx_word' id='word_1_801' title='bbox 2999 4855 3400 4909; x_wconf 82' lang='grc' dir='ltr'>ἀποστέλλοντα</span> <span class='ocrx_word' id='word_1_802' title='bbox 3440 4854 3715 4922; x_wconf 77' lang='grc' dir='ltr'>πεφόνευκε.</span> 
     </span>
    </p>
   </div>
   <div class='ocr_carea' id='block_1_111' title="bbox 2174 4942 3717 5019">
    <p class='ocr_par' dir='ltr' id='par_1_111' title="bbox 2174 4942 3717 5019">
     <span class='ocr_line' id='line_1_111' title="bbox 2174 4942 3717 5019; baseline -0.008 -13"><span class='ocrx_word' id='word_1_803' title='bbox 2174 4952 2284 5006; x_wconf 72' lang='grc' dir='ltr'><strong>Καὶ</strong></span> <span class='ocrx_word' id='word_1_804' title='bbox 2321 4951 2443 5004; x_wconf 74' lang='grc' dir='ltr'>οὔτε</span> <span class='ocrx_word' id='word_1_805' title='bbox 2476 4949 2650 5004; x_wconf 75' lang='grc' dir='ltr'>ταῦτα</span> <span class='ocrx_word' id='word_1_806' title='bbox 2701 4949 2910 5019; x_wconf 84' lang='grc' dir='ltr'>βλέπων</span> <span class='ocrx_word' id='word_1_807' title='bbox 2936 4951 2963 5002; x_wconf 89' lang='lat'><strong>6</strong></span> <span class='ocrx_word' id='word_1_808' title='bbox 2995 4948 3189 5019; x_wconf 76' lang='grc' dir='ltr'>μιαρὸς</span> <span class='ocrx_word' id='word_1_809' title='bbox 3239 4947 3458 5018; x_wconf 77' lang='grc' dir='ltr'>ᾐδέσθη,</span> <span class='ocrx_word' id='word_1_810' title='bbox 3499 4945 3608 5000; x_wconf 73' lang='grc' dir='ltr'>οετε</span> <span class='ocrx_word' id='word_1_811' title='bbox 3638 4942 3717 5009; x_wconf 71' lang='grc' dir='ltr'>τὴν</span> 
     </span>
    </p>
   </div>
   <div class='ocr_carea' id='block_1_112' title="bbox 2173 5039 3718 5112">
    <p class='ocr_par' dir='ltr' id='par_1_112' title="bbox 2173 5039 3718 5112">
     <span class='ocr_line' id='line_1_112' title="bbox 2173 5039 3718 5112; baseline -0.008 -17"><span class='ocrx_word' id='word_1_812' title='bbox 2173 5043 2418 5095; x_wconf 83' lang='grc' dir='ltr'>δοθεῖσαν</span> <span class='ocrx_word' id='word_1_813' title='bbox 2466 5043 2626 5112; x_wconf 86' lang='grc' dir='ltr'>χάριν</span> <span class='ocrx_word' id='word_1_814' title='bbox 2671 5040 2747 5110; x_wconf 81' lang='grc' dir='ltr'><strong>τῷ</strong></span> <span class='ocrx_word' id='word_1_815' title='bbox 2783 5041 3058 5112; x_wconf 82' lang='grc' dir='ltr'>μακαρίτῃ</span> <span class='ocrx_word' id='word_1_816' title='bbox 3104 5039 3194 5092; x_wconf 86' lang='grc' dir='ltr'><strong>διά</strong></span> <span class='ocrx_word' id='word_1_817' title='bbox 3242 5039 3336 5092; x_wconf 75' lang='grc' dir='ltr'>τοῦ</span> <span class='ocrx_word' id='word_1_818' title='bbox 3383 5039 3718 5110; x_wconf 80' lang='grc' dir='ltr'>βαπτίσματος</span> 
     </span>
    </p>
   </div>
   <div class='ocr_carea' id='block_1_113' title="bbox 2175 5126 3716 5205">
    <p class='ocr_par' dir='ltr' id='par_1_113' title="bbox 2175 5126 3716 5205">
     <span class='ocr_line' id='line_1_113' title="bbox 2175 5126 3716 5205; baseline -0.007 -18"><span class='ocrx_word' id='word_1_819' title='bbox 2175 5135 2510 5205; x_wconf 75' lang='grc' dir='ltr'>πεφόϐηταιο</span> <span class='ocrx_word' id='word_1_820' title='bbox 2549 5134 2661 5186; x_wconf 80' lang='grc' dir='ltr'>ἀλλ’</span> <span class='ocrx_word' id='word_1_821' title='bbox 2701 5134 2775 5196; x_wconf 83' lang='grc' dir='ltr'>ὼς</span> <span class='ocrx_word' id='word_1_822' title='bbox 2808 5133 3016 5203; x_wconf 85' lang='grc' dir='ltr'>δαίμων</span> <span class='ocrx_word' id='word_1_823' title='bbox 3041 5149 3125 5195; x_wconf 88' lang='grc' dir='ltr'><strong>τις</strong></span> <span class='ocrx_word' id='word_1_824' title='bbox 3158 5129 3413 5204; x_wconf 75' lang='grc' dir='ltr'>ἀλάστωρ</span> <span class='ocrx_word' id='word_1_825' title='bbox 3445 5133 3529 5185; x_wconf 69' lang='grc' dir='ltr'>καὶ</span> <span class='ocrx_word' id='word_1_826' title='bbox 3567 5126 3716 5181; x_wconf 72' lang='grc' dir='ltr'>διαϐο-</span> 
     </span>
    </p>
   </div>
   <div class='ocr_carea' id='block_1_114' title="bbox 2173 5216 3717 5297">
    <p class='ocr_par' dir='ltr' id='par_1_114' title="bbox 2173 5216 3717 5297">
     <span class='ocr_line' id='line_1_114' title="bbox 2173 5216 3717 5297; baseline -0.016 -5"><span class='ocrx_word' id='word_1_827' title='bbox 2173 5226 2342 5289; x_wconf 77' lang='grc' dir='ltr'>λικδς.</span> <span class='ocrx_word' id='word_1_828' title='bbox 2362 5227 2538 5297; x_wconf 77' lang='grc' dir='ltr'>ἐμάνη</span> <span class='ocrx_word' id='word_1_829' title='bbox 2567 5226 2688 5278; x_wconf 81' lang='grc' dir='ltr'>κατ’</span> <span class='ocrx_word' id='word_1_830' title='bbox 2713 5224 2896 5278; x_wconf 77' lang='grc' dir='ltr'>αὐτοῦ.</span> <span class='ocrx_word' id='word_1_831' title='bbox 2930 5223 3018 5295; x_wconf 85' lang='grc' dir='ltr'>Τῷ</span> <span class='ocrx_word' id='word_1_832' title='bbox 3050 5225 3148 5294; x_wconf 82' lang='grc' dir='ltr'><strong>μὲν</strong></span> <span class='ocrx_word' id='word_1_833' title='bbox 3177 5221 3270 5277; x_wconf 77' lang='grc' dir='ltr'><strong>οὖν</strong></span> <span class='ocrx_word' id='word_1_834' title='bbox 3303 5225 3568 5295; x_wconf 80' lang='grc' dir='ltr'>μακαρίτῃ</span> <span class='ocrx_word' id='word_1_835' title='bbox 3587 5216 3717 5271; x_wconf 76' lang='grc' dir='ltr'>τοῦτο</span> 
     </span>
    </p>
   </div>
   <div class='ocr_carea' id='block_1_115' title="bbox 2175 5312 3713 5388">
    <p class='ocr_par' dir='ltr' id='par_1_115' title="bbox 2175 5312 3713 5388">
     <span class='ocr_line' id='line_1_115' title="bbox 2175 5312 3713 5388; baseline -0.002 -19"><span class='ocrx_word' id='word_1_836' title='bbox 2175 5317 2395 5386; x_wconf 76' lang='grc' dir='ltr'>γέγονεν</span> <span class='ocrx_word' id='word_1_837' title='bbox 2429 5320 2508 5381; x_wconf 90' lang='grc' dir='ltr'>εἰς</span> <span class='ocrx_word' id='word_1_838' title='bbox 2537 5317 2862 5388; x_wconf 85' lang='grc' dir='ltr'>μαρτύριον·</span> <span class='ocrx_word' id='word_1_839' title='bbox 2891 5319 3096 5380; x_wconf 81' lang='grc' dir='ltr'>ἐκεῖνος</span> <span class='ocrx_word' id='word_1_840' title='bbox 3130 5317 3189 5371; x_wconf 82' lang='grc' dir='ltr'>δὲ</span> <span class='ocrx_word' id='word_1_841' title='bbox 3215 5317 3404 5370; x_wconf 82' lang='grc' dir='ltr'>λοιπὸν</span> <span class='ocrx_word' id='word_1_842' title='bbox 3430 5314 3501 5378; x_wconf 77' lang='grc' dir='ltr'>ὡς</span> <span class='ocrx_word' id='word_1_843' title='bbox 3531 5312 3713 5379; x_wconf 71' lang='grc' dir='ltr'>δέσμιῡς</span> 
     </span>
    </p>
   </div>
   <div class='ocr_carea' id='block_1_116' title="bbox 2253 5430 3200 5502">
    <p class='ocr_par' dir='ltr' id='par_1_116' title="bbox 2253 5430 3200 5502">
     <span class='ocr_line' id='line_1_116' title="bbox 2253 5430 3200 5502; baseline 0.001 -18"><span class='ocrx_word' id='word_1_844' title='bbox 2253 5431 2366 5500; x_wconf 75' lang='grc'><strong>(55)</strong></span> <span class='ocrx_word' id='word_1_845' title='bbox 2395 5430 2554 5502; x_wconf 57' lang='lat' dir='ltr'><strong>Reg,</strong></span> <span class='ocrx_word' id='word_1_846' title='bbox 2585 5431 2938 5502; x_wconf 82' lang='grc' dir='ltr'>θαυμάζομέν</span> <span class='ocrx_word' id='word_1_847' title='bbox 2966 5449 3046 5485; x_wconf 90' lang='grc' dir='ltr'><strong>σε.</strong></span> <span class='ocrx_word' id='word_1_848' title='bbox 3143 5499 3150 5502; x_wconf 24' lang='grc' dir='ltr'><strong>Α</strong></span> <span class='ocrx_word' id='word_1_849' title='bbox 3195 5495 3200 5500; x_wconf 29' lang='grc' dir='ltr'>ι</span> 
     </span>
    </p>
   </div>
   <div class='ocr_carea' id='block_1_117' title="bbox 2248 5491 3713 5571">
    <p class='ocr_par' dir='ltr' id='par_1_117' title="bbox 2248 5491 3713 5571">
     <span class='ocr_line' id='line_1_117' title="bbox 2248 5491 3713 5571; baseline -0.003 -16"><span class='ocrx_word' id='word_1_850' title='bbox 2248 5491 2361 5569; x_wconf 67' lang='grc' dir='ltr'><strong>(διδ</strong></span> <span class='ocrx_word' id='word_1_851' title='bbox 2394 5491 2505 5556; x_wconf 51' lang='grc' dir='ltr'>δίου</span> <span class='ocrx_word' id='word_1_852' title='bbox 2542 5491 2706 5559; x_wconf 60' lang='grc' dir='ltr'>ὲάίιίί</span> <span class='ocrx_word' id='word_1_853' title='bbox 2740 5491 2868 5569; x_wconf 59' lang='lat' dir='ltr'><strong>Reg.</strong></span> <span class='ocrx_word' id='word_1_854' title='bbox 2908 5518 3058 5562; x_wconf 86' lang='lat' dir='ltr'><strong>vero,</strong></span> <span class='ocrx_word' id='word_1_855' title='bbox 3082 5495 3382 5571; x_wconf 71' lang='grc' dir='ltr'>Εὔτροπον.</span> <span class='ocrx_word' id='word_1_856' title='bbox 3422 5491 3713 5571; x_wconf 60' lang='lat' dir='ltr'><strong>Basil.._E§-</strong></span> 
     </span>
    </p>
   </div>
   <div class='ocr_carea' id='block_1_118' title="bbox 2172 5566 3713 5695">
    <p class='ocr_par' dir='ltr' id='par_1_118' title="bbox 2172 5566 3713 5695">
     <span class='ocr_line' id='line_1_118' title="bbox 2172 5566 3713 5695; baseline -0.003 -71"><span class='ocrx_word' id='word_1_857' title='bbox 2172 5566 2384 5695; x_wconf 54' lang='grc' dir='ltr'>Ξεῐοπιν.</span> <span class='ocrx_word' id='word_1_858' title='bbox 2441 5573 2562 5626; x_wconf 79' lang='lat' dir='ltr'><strong>Mox</strong></span> <span class='ocrx_word' id='word_1_859' title='bbox 2621 5573 2752 5644; x_wconf 78' lang='lat' dir='ltr'><strong>Reg.</strong></span> <span class='ocrx_word' id='word_1_860' title='bbox 2819 5566 3155 5642; x_wconf 75' lang='grc' dir='ltr'>Ἇῦουήριον.</span> <span class='ocrx_word' id='word_1_861' title='bbox 3200 5566 3475 5628; x_wconf 70' lang='grc' dir='ltr'>’Νυιιιιίιιε</span> <span class='ocrx_word' id='word_1_862' title='bbox 3526 5566 3713 5633; x_wconf 66' lang='grc' dir='ltr'>ειτὶρεέι</span> 
     </span>
     <span class='ocr_line' id='line_1_119' title="bbox 2256 5659 2465 5695; baseline 0.005 -1"><span class='ocrx_word' id='word_1_863' title='bbox 2256 5659 2465 5695; x_wconf 85' lang='lat' dir='ltr'><strong>ucreon.</strong></span> 
     </span>
    </p>
   </div>
   <div class='ocr_carea' id='block_1_119' title="bbox 2256 5659 2465 5697">
    <p class='ocr_par' dir='ltr' id='par_1_119' title="bbox 2256 5659 2465 5697">
     <span class='ocr_line' id='line_1_120' title="bbox 2256 5659 2465 5697; baseline 0.014 -3"><span class='ocrx_word' id='word_1_864' title='bbox 2256 5659 2465 5697; x_wconf 80' lang='lat' dir='ltr'><strong>rm&#39;eon.</strong></span> 
     </span>
    </p>
   </div>
   <div class='ocr_carea' id='block_1_120' title="bbox 2243 5711 2815 5785">
    <p class='ocr_par' dir='ltr' id='par_1_120' title="bbox 2243 5711 2815 5785">
     <span class='ocr_line' id='line_1_121' title="bbox 2243 5711 2815 5785; baseline 0.01 -21"><span class='ocrx_word' id='word_1_865' title='bbox 2243 5711 2356 5783; x_wconf 79' lang='lat'><strong>(55)</strong></span> <span class='ocrx_word' id='word_1_866' title='bbox 2399 5713 2555 5785; x_wconf 78' lang='lat' dir='ltr'><strong>Reg.,</strong></span> <span class='ocrx_word' id='word_1_867' title='bbox 2592 5712 2815 5784; x_wconf 80' lang='grc' dir='ltr'>ὤφελον.</span> 
     </span>
    </p>
   </div>
  </div>
