3954 6496
214 337 312 394 605

1251 343 1597 400 APOLOGIA
1636 347 1726 401 AD
1763 348 2257 412 CONSTANTIUM
2294 358 2410 413 IMP

3364 380 3468 433 606

212 452 345 507 κατὰ
374 453 466 506 τὸν
501 452 642 505 Κάῖν
666 453 864 508 στένων
897 456 991 509 καὶ
1021 456 1239 528 τρέμων
1272 458 1548 523 ἐδιώκετο,
1581 462 1666 514 ἵνα
1699 480 1741 515 xi

1855 501 1865 530 ι
1897 478 1953 523 ιιι
1980 470 2168 527 faustae
2209 474 2291 526 vir
2323 477 2603 531 memoriae
2641 482 2962 547 martyrium
3002 486 3074 539 sit
3118 500 3464 545 consecutus-

212 544 291 597 τὸν
342 542 541 595 Ἰούδαν
581 545 637 595 ἐν
679 544 753 614 τῷ
801 545 1016 616 θανάτῳ
1053 550 1382 619 μιμήσηται,
1420 550 1612 621 δήμιος
1660 556 1780 607 καθ’

210 634 393 688 ἑαυτοῦ
427 635 729 704 γινόμενος,
765 638 859 689 καὶ
881 637 1073 709 διπλῆν
1106 641 1390 711 ἐποίσηται
1425 644 1545 697 καθ’
1581 645 1773 699 ἑαυτοῦ

210 726 294 797 τὴν
324 726 593 796 τιμωρίαν
630 728 686 779 ἐν
710 730 775 798 τῇ
817 729 953 799 μετὰ
984 731 1156 786 ταῦτα
1191 734 1389 804 κρίσει.

266 898 314 950 8.
354 898 595 967 Τοιούτῳ
631 918 698 970 με
729 901 879 970 φίλον
916 904 944 955 ὁ
979 905 1247 960 διαϐαλὼν
1273 908 1488 978 ἐνόμισε
1518 913 1777 983 γεγενῆσ-

205 986 315 1040 θαι·
369 989 401 1059 ἦ
447 990 588 1058 τάχα
637 992 757 1043 οὐδὲ
804 992 910 1063 (56)
947 996 1249 1066 νενόμικεν,
1300 999 1414 1052 ἀλλ’
1453 1002 1527 1065 ὡς
1584 1004 1775 1074 ἐχθρὸς

202 1080 466 1144 ἀπιθάνως
499 1083 802 1136 ἐπλάσατοο
839 1082 943 1137 οἶδε
974 1087 1082 1159 γὰρ
1111 1090 1373 1160 ἀκριϐῶς,
1407 1093 1489 1145 ὅτι
1514 1096 1776 1164 κατεψεύ-

202 1187 340 1225 σατο.
405 1172 735 1245 Ἐϐουλόμην
786 1177 841 1229 δὲ
896 1178 1078 1244 αὑτὸν,
1129 1182 1276 1245 ὅστις
1319 1185 1485 1247 ἐστὶν,
1542 1188 1773 1242 ἐνταῦθα

200 1266 459 1334 παρεῖναι,
497 1266 590 1318 καὶ
624 1269 712 1319 ἐπ’
746 1269 920 1338 αὐτῆς
960 1272 1056 1342 τῆς
1105 1274 1361 1345 ἀληθείας
1390 1278 1667 1347 ἐρωτῆσαι
1717 1279 1771 1349 (5t

204 1354 292 1425 γὰρ
332 1357 409 1418 ὡς
440 1357 576 1410 Θεοῦ
612 1360 875 1430 παρόντος
909 1362 1198 1434 λαλοῦμεν,
1232 1366 1419 1422 τοῦτον
1464 1371 1623 1441 ὅρκον
1655 1371 1771 1441 ἐχο-

199 1464 284 1515 μεν
314 1450 477 1518 ἡμεῖς
503 1450 553 1502 οἱ
581 1452 930 1524 Χριστιανοί)
967 1456 1194 1530 πότερος
1227 1460 1382 1530 ἡμῶν
1438 1461 1643 1533 ἔχαιρε,
1674 1463 1766 1516 τοῦ

197 1542 484 1611 μακαρίτου
509 1543 868 1607 Κώνσταντος
895 1544 1116 1611 ζῶντος,
1139 1550 1232 1602 καὶ
1262 1550 1344 1614 τίς
1374 1553 1572 1622 μᾶλλον
1599 1554 1766 1624 ηὔχε-

200 1646 289 1707 τοί
312 1633 405 1684 καὶ
508 1632 699 1704 πρώτη
733 1634 952 1707 διαϐολὴ
987 1638 1263 1703 δείκνυσι,
1301 1642 1391 1694 καὶ
1422 1646 1581 1697 παντὶ
1613 1646 1767 1699 τοῦτο

194 1719 333 1790 δῆλόν
364 1725 530 1777 ἐστιν.
560 1725 623 1776 Εἰ
656 1725 711 1777 δὲ
747 1726 841 1778 καὶ
874 1729 1035 1792 αὐτὸς
1070 1726 1208 1782 οἶδεν
1240 1734 1505 1803 ἀκριϐῶς,
1542 1737 1623 1788 ὅτι
1656 1737 1765 1790 τῶν

193 1811 318 1865 οὕτω
356 1813 732 1885 διακειμένων,
780 1818 874 1870 καὶ
908 1820 1071 1882 εἴτις
1096 1822 1286 1891 ἠγάπα
1328 1824 1418 1877 τὸν
1455 1828 1764 1897 μακαρίτην

192 1903 529 1969 Κώνσταντα,
568 1908 667 1960 οὐκ
707 1908 955 1978 ἐγίγνετο
999 1912 1150 1979 φίλος
1180 1914 1256 1983 τῷ
1289 1918 1407 1967 κατ’
1440 1918 1647 1970 ἐκείνου
1678 1936 1766 1987 γε·

190 1998 415 2069 νομένῳ·
457 2001 505 2051 εί
531 1999 586 2052 δὲ
616 2000 789 2064 ἄλλως
813 2002 1047 2056 διέκειτο
1075 2004 1106 2073 ἢ
1143 2005 1217 2068 ὡς
1252 2008 1431 2076 ἡμεῖς,
1469 2010 1761 2081 φοϐοῦμαι,

190 2087 253 2158 μὴ
286 2089 428 2161 ἅπερ
470 2093 499 2143 ὁ
537 2092 711 2161 μισῶν
742 2094 947 2147 ἐκεῖνον
994 2094 1369 2167 ἐντεθύμηται,
1401 2099 1571 2153 ταῦτα
1631 2120 1759 2155 κατ-

187 2175 445 2244 εψεύσατο
495 2183 617 2233 κατ’
655 2181 811 2252 ἐμοῦ.

1890 561 1957 614 At
1999 562 2088 616 ille
2119 564 2371 634 deinceps
2411 570 2563 636 quasi
2612 570 2859 637 vinctus,
2906 576 3160 648 velutque
3196 579 3328 634 Cain
3370 597 3468 650 ge-

1888 667 2040 707 mens
2078 669 2141 707 ac
2181 659 2567 715 tremebundus
2590 664 2829 733 undique
2858 667 3044 734 pulsus
3074 680 3157 723 est
3183 680 3238 723 ιιι
3272 671 3464 725 Judam

1888 744 1940 797 in
1985 755 2158 800 morte
2198 748 2470 815 imitatus,
2508 756 2699 824 suique
2748 758 2859 825 ipse
2909 762 3152 815 carnifex
3192 764 3462 819 cﬂ‘ectus:

1888 833 2088 901 duplici
2116 838 2382 905 supplicio
2411 842 2500 895 hic
2521 853 2574 895 et
2604 846 2654 897 in
2686 845 3087 914 futurojudicio
3114 851 3457 919 plecteretur.

1955 926 2119 995 238
2143 928 2195 981 8.
2233 928 2545 999 l'lujusmodi
2574 935 2691 990 viro
2722 954 2806 992 me
2839 941 3199 997 calumniator
3227 946 3458 998 amicum

1885 1015 2179 1070 arbitratus
2203 1029 2315 1072 est:
2346 1032 2438 1074 aut
2476 1022 2614 1078 forte
2646 1041 2987 1097 nequaquam
3016 1032 3087 1084 ita
3129 1032 3457 1098 arbitratus,

1882 1104 1973 1156 sed
2004 1113 2188 1171 utpote
2218 1107 2624 1168 inimicissimus
2652 1130 2765 1169 rem
2808 1118 2950 1171 illam
3000 1123 3349 1189 quantumvis
3378 1125 3459 1175 iu-

1881 1194 2192 1248 credihilem
2226 1211 2563 1257 commentus
2612 1214 2714 1269 est,
2747 1207 2873 1262 licet
2911 1213 3155 1278 apprime
3209 1214 3352 1268 norit
3400 1230 3458 1269 se

1880 1287 2164 1339 mentitum
2189 1302 2332 1342 esse.
2373 1291 2705 1362 Peroptarim
2733 1315 2865 1354 sane
2897 1310 2951 1353 ut
2984 1303 3071 1355 ille
3104 1305 3287 1367 homo,
3315 1307 3461 1374 quis-

1876 1376 1996 1442 quis
2035 1378 2250 1431 tandem
2288 1381 2390 1441 sit,
2440 1382 2528 1435 hic
2572 1400 2754 1440 coram
2800 1391 3036 1455 adesset,
3094 1405 3152 1448 ut
3191 1410 3312 1448 eum
3360 1413 3458 1466 per

1878 1463 2158 1531 ipsammet
2186 1468 2469 1522 veritatem
2504 1472 2897 1541 interrogarem
2929 1480 3284 1550 (quaecunque
3307 1463 3452 1540 enim

1876 1560 2025 1625 quasi
2062 1560 2168 1612 Deo
2208 1570 2473 1627 przesente
2499 1562 2790 1631 loquimur,
2816 1567 2915 1621 hoc
2948 1570 3101 1623 nobis
3127 1571 3453 1628 Christianis

1869 1650 2163 1719 jurameuti
2206 1651 2323 1705 loco
2357 1653 2479 1722 est)
2512 1662 2634 1708 uter
2668 1666 2911 1711 nostrum
2944 1660 3008 1714 de
3044 1662 3214 1716 beatae
3254 1678 3452 1718 memo-

1880 1740 1969 1792 ria?
2000 1737 2308 1795 Constantis
2336 1743 2707 1799 incolumitate
2750 1749 3008 1815 gauderet
3044 1768 3055 1803 :
3090 1762 3209 1805 uter
3239 1751 3448 1821 impen-

1871 1831 1985 1884 sius
2024 1846 2119 1898 pro
2145 1833 2232 1887 illo
2267 1844 2449 1887 oraret
2480 1852 2494 1886 :
2527 1834 2578 1886 id
2610 1851 2740 1889 sane
2764 1838 2846 1890 vel
2880 1840 3045 1907 priori
3074 1842 3127 1895 in
3158 1857 3241 1896 me
3274 1844 3449 1899 delata

1872 1920 2250 1975 criminatione
2287 1922 2572 1987 declarari,
2624 1939 2686 1977 ac
2733 1926 2865 1977 nulli
2913 1942 3015 1980 non
3062 1928 3279 1997 planum
3330 1947 3449 1986 esse

1871 2016 2124 2070 arbitror.
2162 2015 2315 2082 Quod
2361 2017 2407 2071 si
2450 2026 2509 2071 ut
2555 2018 2695 2073 bene
2738 2020 2886 2072 novit
2925 2021 3039 2089 ipse
3088 2024 3444 2093 sycophanta,

1869 2107 2157 2160 absurdum
2197 2116 2341 2161 esset
2377 2108 2614 2175 cogitare
2651 2109 2926 2163 hominem
2974 2113 3052 2165 sic
3098 2113 3348 2168 affectum
3381 2132 3443 2171 ac

1868 2194 2036 2248 beatae
2068 2195 2337 2247 memoriae
2361 2194 2668 2249 Constantis
2694 2195 3148 2263 aliiatitissimum.
3178 2202 3321 2257 illius
3350 2206 3445 2257 ad-

185 2271 419 2323 versat-io
447 2273 688 2326 amicum
738 2273 940 2343 fuisse;
985 2279 1281 2347 certequi
1324 2280 1429 2334 alio
1488 2296 1549 2335 ac
1614 2298 1710 2337 nos
1775 2286 1954 2339 animo
1998 2284 2221 2339 allectus
2262 2285 2455 2352 fuerit,
2506 2301 2731 2353 vereor,
2778 2305 2845 2344 ne
2897 2306 3015 2361 qua:
3060 2293 3209 2361 ipse,
3261 2305 3443 2366 utpote

183 2361 450 2437 Constanti
495 2363 787 2429 inimicus,
833 2368 1184 2423 machinatus
1229 2380 1341 2432 est,
1392 2378 1577 2426 eadem
1622 2376 1747 2429 mihi
1790 2376 1923 2430 falso
1972 2377 2260 2431 adiuuerit.

242 2457 292 2510 9,
334 2458 475 2525 Ἐγὼ
513 2460 611 2529 μὲν
641 2456 753 2526 οὖν,
788 2462 878 2514 ἐττί
915 2464 1090 2535 τούτῳ
1125 2464 1483 2537 ξενιζόμενοςν
1516 2470 1615 2522 ὅσα
1649 2472 1756 2542 χρὴ

180 2549 343 2617 λέγειν
385 2551 841 2623 ἀπολογούμενον,
888 2556 1118 2627 άπορῶο
1163 2559 1257 2612 καὶ
1303 2560 1460 2629 μόνον
1516 2564 1753 2631 ἐμαυτοῦ

182 2641 393 2711 μυρίους
432 2643 882 2713 καταψηφίζομαι
911 2632 1191 2711 θανάτους,
1222 2649 1315 2701 ἐὰν
1349 2652 1441 2704 καὶ
1472 2652 1607 2715 ὅλως
1650 2654 1751 2708 κᾶν

179 2733 369 2802 ὑποψία
394 2751 476 2797 τις
504 2737 585 2798 εἰς
614 2736 712 2805 ἐμὲ
749 2738 874 2807 περὶ
902 2738 1090 2792 τούτου
1120 2740 1373 2811 γένηται·
1407 2743 1486 2795 σοὶ
1519 2743 1593 2807 δὲ,
1632 2746 1751 2814 φιλ-

175 2825 362 2895 ἀληθες
404 2827 646 2896 βασιλεῦ,
693 2829 909 2901 θαρρῶν
965 2832 1369 2903 ἀπολογοῦμαι’
1422 2838 1740 2906 παρακαλῶ,

175 2918 305 2970 καθὰ
336 2923 639 2991 ⁷⁷προεῖπον,
702 2921 955 2987 ἐξέταζεο
1016 2924 1111 2977 καὶ
1165 2925 1397 2995 μάλιστα
1463 2927 1745 2999 μάρτυρας

172 3007 298 3077 ἔχων
328 3012 455 3073 τοὺς
496 3012 902 3076 ἀποσταλέντας
944 3015 1072 3067 ποτὲ
1116 3015 1245 3083 παρ’
1282 3016 1488 3068 ἐκείνου
1519 3019 1655 3088 πρὸς
1684 3020 1742 3072 σὲ

1938 2474 1990 2527 9.
2036 2474 2291 2542 Equidem
2322 2474 2605 2528 atrocitate
2635 2474 2918 2531 calumnia:
2942 2479 3224 2546 perculsus
3261 2481 3441 2536 haereo

1863 2564 1991 2632 quid
2017 2565 2081 2617 ad
2132 2579 2249 2617 eam
2296 2564 2665 2633 depellendam
2709 2565 2902 2620 alferre
2949 2569 3211 2634 debeam,
3242 2587 3305 2624 ac
3350 2587 3439 2627 me

1860 2658 1971 2725 ipse
2003 2658 2068 2709 ad
2093 2665 2379 2709 scxcentas
2418 2666 2621 2709 mortes
2662 2656 2858 2709 damno
2887 2659 2928 2711 si
2963 2660 3041 2713 vel
3080 2660 3302 2715 minima
3335 2665 3437 2717 hu-

1844 2757 2000 2825 jusce
2038 2748 2113 2799 rei
2144 2748 2196 2800 iu
2227 2761 2313 2800 me
2348 2746 2507 2800 cadat
2540 2740 2794 2816 suspicio.
2828 2749 2980 2817 Apud
3011 2760 3060 2804 te
3087 2760 3290 2817 autem,
3323 2755 3437 2808 veri

1852 2840 2091 2893 studiose
2137 2838 2450 2904 imperator,
2514 2852 2636 2891 cum
2685 2839 2880 2894 fiducia
2929 2856 3101 2894 meam
3158 2858 3439 2914 propugno

1851 2945 2108 2985 causam:
2148 2943 2383 2998 rOgoque
2426 2938 2496 2994 te,
2529 2928 2604 2981 uti
2632 2928 2741 2994 jam
2788 2930 2938 2995 dixi,
2986 2945 3099 2984 rem
3151 2934 3435 3002 diligenter

1850 3022 2141 3089 explores:
2172 3035 2291 3073 cum
2348 3019 2689 3088 potissimum
2742 3029 2904 3075 testes
2959 3022 3163 3077 habeas
3202 3023 3433 3093 legatos,

172 3102 451 3171 πρέσϐεις·
508 3103 617 3155 εἰσὶ
667 3103 724 3155 δὲ
774 3104 1072 3175 Σαρϐάτιος
1112 3106 1223 3175 (37)
1272 3106 1367 3158 καὶ
1412 3107 1659 3177 Μάξιμος
1692 3111 1741 3162 οἱ

1855 3117 1911 3164 ad
1962 3123 2012 3165 te
2054 3110 2179 3166 olim
2234 3108 2417 3162 abillo
2465 3108 2697 3175 missos;
2754 3108 3063 3164 Servatium
3123 3092 3329 3167 scilicet
3380 3107 3434 3166 ει

170 3193 464 3258 ἐπίσκοποι,
507 3195 602 3247 καὶ
642 3195 692 3246 οἱ
740 3196 835 3247 σὺν
879 3196 1094 3259 αὐτοῖς’
1132 3197 1227 3249 καὶ
1261 3196 1600 3267 Κλημέντιος
1650 3201 1743 3253 καὶ

170 3283 355 3355 Βάλης.
381 3286 556 3349 Μάθε,
577 3285 895 3355 παρακαλῶ,
926 3288 973 3338 εἰ
1002 3287 1304 3357 γράμματά
1334 3304 1420 3356 μοι
1445 3292 1743 3359 κεκομίκα-

169 3391 272 3428 σιν·
304 3376 475 3430 ταῦτα
506 3376 615 3447 γὰρ
644 3378 867 3446 παρεῖχε
891 3377 1162 3447 πρόφασιν
1192 3376 1360 3446 κάμοὶ
1390 3378 1482 3430 τοῦ
1510 3380 1739 3449 γράφειν

168 3466 367 3535 ἐκείνῳ.
401 3468 464 3519 Εἰ
507 3467 564 3519 δέ
608 3468 680 3539 μὴ
726 3466 951 3537 ἔγραψε,
996 3467 1129 3536 μηδὲ
1179 3468 1443 3534 ἐγίνωσκὲ
1499 3486 1589 3539 με,
1620 3471 1738 3535 πῶς

166 3556 393 3629 ἔγραφον
441 3556 552 3625 ἐγὼ
586 3558 659 3628 μὴ
707 3558 1064 3627 ἐπιστάμενος
1108 3557 1301 3621 αὑτόν;
1349 3557 1650 3629 Ἐρώτησον
1687 3563 1733 3614 εί

167 3648 254 3717 μὴ,
284 3648 547 3718 ἑωρακὼς
577 3650 703 3711 τοὺς
749 3648 876 3719 περὶ
920 3647 1258 3718 Κλημέντιον
1283 3648 1418 3719 (58),
1455 3650 1734 3721 ἐμνήσθην

162 3738 246 3791 τοῦ
287 3740 387 3809 τῆς
428 3738 698 3810 μακαρίας
738 3740 977 3810 μνήμης,
1024 3740 1116 3791 καὶ
1155 3737 1292 3791 κατὰ
1327 3740 1388 3792 τὸ
1415 3742 1734 3811 γεγραμμέ-

160 3844 264 3891 νον,
306 3833 363 3882 ἐν
401 3829 633 3901 δάκρυσί
666 3846 764 3900 μου
794 3829 863 3882 τά
899 3829 1087 3899 ἱμάτια
1135 3828 1432 3901 διέϐρεχον,
1466 3830 1731 3903 ἐνθυμού-

162 3934 315 3987 μενος
350 3922 446 3990 τὴν
492 3918 898 3990 φιλανθρωπίαν
930 3919 1025 3972 καὶ
1062 3917 1159 3989 τὴν
1191 3919 1536 3989 φιλόχριστον
1566 3921 1731 3975 αὑτοῦ

158 4009 350 4081 ψυχήν.
387 4012 543 4066 Μάθε
590 4010 726 4074 πῶς,
762 4012 999 4074 ἀκούσας
1033 4012 1158 4082 περὶ
1190 4013 1290 4081 τῆς
1322 4013 1601 4083 ὠμότητος
1637 4015 1730 4067 τοῦ

159 4098 363 4172 θηρίου,
406 4104 501 4157 καὶ
534 4102 657 4156 ἰδὼν
686 4104 810 4167 τοὺς
839 4104 967 4175 περὶ
995 4103 1233 4156 Βάλεντα
1270 4102 1359 4155 διὰ
1394 4103 1495 4172 τῆς
1526 4104 1731 4175 Λιϐύης

155 4191 421 4258 ἐλθόντας,
468 4193 777 4266 ἐφοϐούμην
829 4195 904 4266 μὴ
950 4195 1199 4259 κάκεῖνος
1242 4194 1476 4265 πειράσῃ
1527 4196 1729 4267 τολμῆ-

222 4372 265 4403 ⁶⁷
295 4372 436 4427 Psal.
460 4388 536 4439 Vl,
568 4373 620 4426 '7.

1846 3201 2134 3255 Maximum
2182 3201 2464 3268 episcopos
2498 3213 2622 3251 cum
2664 3200 2955 3254 comitibus
2982 3201 3094 3255 suis
3124 3220 3136 3255 :
3170 3202 3423 3257 Clemen-

1844 3293 1975 3346 tium
2000 3292 2125 3345 item
2155 3299 2209 3343 et
2237 3287 2540 3344 Valentem.
2590 3289 2762 3355 Disce,
2796 3305 2979 3358 quaeso
3001 3334 3015 3355 ,
3049 3307 3175 3345 num
3220 3291 3429 3348 litteras

1840 3384 1905 3438 ad
1935 3396 2019 3436 me
2051 3381 2343 3436 detulerint
2380 3399 2391 3433 :
2430 3381 2532 3433 illae
2571 3382 2768 3450 quippe
2799 3383 3011 3436 occasio
3044 3382 3171 3435 mihi
3204 3381 3429 3438 fuissent

1837 3473 1903 3526 ad
1942 3486 2061 3526 eum
2091 3470 2438 3524 rescribendi.
2470 3469 2624 3536 Quod
2662 3472 2705 3525 si
2740 3486 2839 3526 nec
2873 3472 3000 3525 mihi
3039 3472 3289 3542 scripsit,
3332 3489 3427 3528 ne-

1839 3577 1943 3632 que
1971 3578 2056 3616 me
2089 3562 2268 3627 novit,
2324 3576 2492 3629 quare
2524 3564 2589 3614 ad
2636 3562 2874 3630 ignotum
2923 3564 3098 3615 virum
3155 3564 3423 3617 misissem

1833 3647 2082 3704 litteras?
2124 3649 2415 3703 Sciscitare
2459 3663 2525 3702 au
2566 3650 2682 3702 viso
2724 3648 3042 3715 Clementio,
3089 3650 3264 3705 beata:
3309 3669 3425 3707 me-

1840 3739 2023 3794 moriae
2050 3738 2161 3793 Viri
2189 3739 2513 3793 mentionem
2542 3754 2646 3793 non
2672 3738 2892 3794 fecerim
2918 3756 2933 3795 :
2963 3755 3029 3794 an
3059 3742 3134 3794 uti
3158 3742 3420 3810 scriptum

1837 3840 1921 3887 est
1951 3832 2017 3896 ",
2048 3831 2305 3901 lacrymis
2352 3832 2485 3885 meis
2527 3831 2844 3885 vestimenta
2911 3847 3017 3885 non
3064 3833 3419 3902 perfuderim,

1838 3923 1963 3977 dum
2005 3922 2395 3977 humanitatem
2449 3921 2586 3990 ejus,
2642 3922 2989 3992 animamque
3025 3924 3169 3977 illam
3218 3922 3421 3978 Christi

1839 4012 2265 4066 amantissimam
2324 4010 2377 4064 in
2423 4020 2605 4067 mente
2643 4026 2938 4067 versarem.
2990 4014 3177 4080 Disce,
3212 4030 3416 4084 quazso,

1837 4111 2034 4171 quanta
2065 4101 2351 4156 formidine
2376 4116 2661 4170 percussus
2683 4104 2808 4170 sim,
2839 4104 3019 4160 audita
3058 4105 3247 4159 belluae
3279 4106 3419 4161 illius

1837 4196 2072 4260 feritate,
2094 4208 2215 4248 cum
2241 4192 2518 4247 Valentem
2545 4208 2641 4262 per
2669 4195 2894 4265 Libyam
2923 4196 3028 4250 iter
3061 4197 3260 4251 habere
3286 4212 3416 4251 con-

220 4578 500 4651 (56)‘Reg.
532 4593 585 4633 e.
611 4578 796 4651 Basi|.,
826 4577 969 4632 οὐδέ.
992 4577 1156 4643 Editi,
1196 4576 1355 4639 male,
1385 4576 1562 4630 οὐδέν.
1601 4573 1719 4631 Mox
1757 4579 1800 4634 D
1831 4576 2187 4651 Hermantius
2220 4589 2382 4642 porro
2412 4575 2465 4651 in_
2493 4575 2773 4651 Athanasii
2820 4576 2957 4651 V_i_m_,
2997 4579 3092 4651 lib.
3134 4579 3405 4651 νικά-15,

151 4646 284 4716 Reg.
311 4646 576 4717 asevpm
602 4646 758 4704 οιδεν.

218 4719 333 4787 (57)
370 4720 510 4773 Edit.
546 4717 782 4779 Comm.,
814 4718 1073 4778 Σαϐἀτιος
1127 4731 1140 4768 :

150 4784 279 4841 editi
317 4784 367 4842 et
414 4803 570 4858 mss._,
599 4787 941 4858 ΑΣαρϐάτιος.
980 4787 1271 4840 Existimat
1333 4784 1619 4858 Duronius
1652 4787 1717 4839 ad

149 4870 348 4910 annum
374 4857 498 4920 350,
532 4856 559 4927 §
592 4854 861 4927 28,7'hunc
922 4858 1249 4918 Sarvatium,
1284 4870 1376 4907 seu
1413 4854 1716 4909 Servatium

147 4927 458 4995 episcopum
509 4926 629 4980 esse
661 4926 1033 4994 Tungrensem
1062 4942 1077 4978 :
1103 4927 1243 4995 quod
1272 4939 1402 4978 sane
1451 4932 1563 4995 est,
1592 4940 1719 4978 vero

146 4994 484 5050 simillimum
530 5014 543 5049 :
588 5011 727 5049 unus
784 4997 981 5064 quippe
1015 4994 1294 5048 Servatius
1338 4994 1719 5064 interrGalliae

146 5065 428 5135 episcopos
460 5064 656 5135 legitur
710 5065 763 5118 in
798 5063 1320 5135 isubscriptionibus
1373 5063 1718 5135 Sardicensi-

146 5136 248 5187 bus
282 5133 536 5211 {ipologid
571 5144 750 5186 contra
772 5133 1018 5211 Ariques,
1071 5150 1124 5186 η.
1162 5133 1257 5194 50,
1307 5148 1465 5199 quem
1526 5133 1716 5211 opina-

146 5217 271 5254 mur
297 5203 652 5272 lmue'ipsum
687 5217 845 5272 esse,
873 5203 1358 5272 Sequentenrvero
1424 5203 1713 5272 maximum

146 5281 306 5338 putat
336 5269 593 5326 Baron'ius
630 5286 750 5350 esse
803 5269 1159 5325 Maximinum
1194 5271 1570 5350 Trevirenscm
1603 5269 1717 5350 :ELat

147 5351 507 5409 praeterquam
554 5343 698 5410 quod
747 5356 939 5394 nomen
996 5356 1101 5394 non
1136 5340 1353 5410 omnino
1408 5340 1714 5410 consentit;

147 5407 445 5463 exstat'in
510 5407 699 5464 iis—dem
752 5410 1240 5479 subscriptiouibus
1315 5409 1461 5479 inter
1524 5407 1715 5479 Callia:

145 5480 435 5555 episcopos
488 5479 773 5555 Maximus
808 5481 900 5548 qui
966 5476 1279 5555 postremus
1319 5478 1390 5531 ibi
1449 5476 1643 5544 legitur
1699 5493 1712 5555 ξ

142 5550 353 5615 quique
380 5549 628 5603 fortassis
654 5550 738 5603 hic
763 5547 874 5616 ipse
898 5547 1001 5603 est}
1057 5547 1418 5600 Maximianus
1466 5547 1713 5616 vero_qui

142 5613 492 5683 primusillic
532 5613 792 5680 habetur,
824 5618 1033 5671 videtur
1053 5631 1171 5672 esse
1222 5616 1544 5669 Maximinus
1580 5613 1714 5667 Tre-

138 5688 402 5749 virensis,
429 5688 518 5756 qui
551 5702 672 5741 cum
730 5686 1075 5741 Trevirorum
1131 5687 1319 5742 Galliae
1352 5683 1714 5756 metropoleos

134 5754 650 5825 episcopus'esset,
688 5771 752 5811 eo
807 5757 1024 5812 nomine
1072 5757 1274 5826 primas
1333 5754 1442 5810 illic
1495 5755 1690 5809 habeat

1202 4716 1289 4769 alii
1336 4731 1469 4769 vero
1529 4731 1720 4770 oumes

1869 4654 1984 4697 utat
2037 4642 2321 4696 Paulinum
2375 4646 2465 4711 qui
2520 4643 2731 4699 Ursacii
2761 4658 2813 4699 et
2844 4646 3083 4702 Valentis
3119 4648 3183 4699 ad
3209 4642 3406 4702 Julium

1854 4718 2045 4768 itteras
2071 4714 2369 4765 Athanasio
2403 4714 2661 4777 misisset,
2687 4716 2828 4768 circa
2859 4731 3059 4771 annum
3083 4717 3187 4772 550
3242 4719 3408 4772 fuisse

1828 4799 1919 4855 ep.
1970 4782 2349 4855 Trevircnsem
2375 4797 2398 4855 _:
2437 4782 2827 4855 unde_colligit
2863 4826 2878 4849 ,
2903 4788 3013 4854 jam
3068 4803 3132 4841 eo
3168 4798 3409 4855 tempore

1829 4850 2138 4907 defunctum
2167 4850 2519 4903 Maximinum
2581 4850 2958 4907 Trevirensem
2995 4856 3179 4909 fuisse.
3219 4850 3321 4910 Sed
3356 4859 3406 4910 in

1828 4920 2300 4991 omniliusreditis
2336 4930 2582 4991 Actumss.
2640 4922 2962 4987 Athanasii,
3020 4925 3172 4991 Apol.
3224 4936 3405 4979 contra

1828 4992 2072 5052 Arinnos,
2106 4990 2300 5059 legitur
2331 4988 2597 5057 Τιϐέρωι,
2648 4991 2918 5059 vertitque
2964 4988 3226 5056 Nannius,
3261 4995 3405 5048 l’nu-

1827 5062 1936 5112 lino
1963 5061 2200 5127 episcopo
2239 5058 2483 5127 Tyburis,
2527 5074 2686 5126 quem
2716 5058 2936 5115 secutus
2984 5073 3068 5115 est
3113 5064 3400 5116 Barnnius.

1824 5130 1893 5182 At
1922 5129 2259 5182 Parisienses
2301 5129 2537 5199 editores
2578 5143 2679 5199 suo
2707 5139 2878 5184 marte
2931 5135 3170 5199 episcopo
3221 5132 3403 5184 Trevi-

1825 5198 1961 5250 νειιεὶ
1987 5198 2458 5268 posuerunt.Vero
2490 5212 2620 5251 sane
2641 5198 2869 5252 similius
2893 5198 2974 5254 est
3003 5198 3396 5268 Tyburensem,

1825 5266 2387 5336 quamTrevirensem
2417 5269 2728 5336 episcopum
2766 5266 3128 5323 litterasJulio
3156 5268 3401 5320 Romano

1825 5337 1978 5391 (latas
2032 5337 2333 5390 Athanasio
2392 5338 2759 5391 transmisisse
2790 5375 2805 5398 ,
2857 5337 2984 5390 lii-et
3038 5352 3125 5391 res
3177 5337 3403 5387 omnino

1817 5410 2092 5475 explorata
2125 5422 2228 5459 non
2259 5407 2348 5467 sit,
2374 5417 2431 5457 ut
2464 5406 2620 5458 fateri
2651 5405 2874 5475 videtur
2891 5404 3234 5475 Hermantins
3263 5402 3395 5475 ipse.

1798 5462 2387 5543 'lnsubscriptionibus
2419 5474 2834 5543 Sardicensibus
2865 5472 3004 5543 inter
3055 5473 3219 5543 Italiae
3279 5462 3396 5540 epi-

1816 5560 2028 5615 scopos,
2069 5541 2263 5614 legitur
2304 5546 2525 5613 quidam
2573 5541 2883 5603 Paulianus,
2937 5541 3079 5595 forte
3130 5541 3269 5594 idem
3305 5544 3394 5609 qui

1816 5615 2093 5670 Paulinus.

1888 5686 2000 5757 (58)
2036 5687 2190 5755 Reg.,
2216 5680 2557 5752 Κλημάτιον.
