3954 6532
522 388 626 445 607
1090 378 1151 435 S.
1190 373 1572 432 ATHANASII
1609 368 1763 427 OPP.
1805 367 1989 426 PARS
2022 362 2066 424 l.
2103 399 2175 411 —
2215 361 2587 422 HISTORICA
2627 361 2714 421 ET
2758 366 3185 427 DOGMATIC‘A.
3681 377 3767 434 603

525 500 811 569 spicerem,
841 493 1048 550 veritus
1081 491 1288 548 scilicet
1318 503 1386 545 ne
1413 488 1688 560 quidpiam
1725 485 1811 540 ille
1847 483 2104 539 facinoris

2220 497 2299 534 rat
2325 480 2458 551 ('59),
2484 481 2578 532 καὶ
2598 481 2674 544 ὡς
2696 479 2899 553 λῃστὴς
2929 484 3163 555 φονεύσῃ
3191 484 3324 569 τοὺς
3353 484 3672 554 ἀγαπῶντας
3697 493 3773 544 καὶ

525 568 934 661 aggrederetur,
969 600 1071 639 neu
1096 583 1248 652 quasi
1279 583 1421 636 latro
1457 581 1576 636 illos
1602 579 1975 638 obtruncaret,
2016 575 2108 644 qui

2220 571 2650 642 μνημονεύοντας
2689 571 2781 624 τοῦ
2836 574 3108 643 μακαρίου
3131 591 3142 604 ’
3179 568 3258 628 ὧν
3310 577 3554 646 ἐμαυτὸν
3597 579 3774 643 οὐδενὸς

526 681 748 735 beatum
783 677 958 732 virum
991 689 1175 729 amore
1202 681 1257 727 et
1297 672 1556 727 memoria
1585 668 2104 738 complecterentur:

527 769 668 825 inter
705 784 839 840 quos
870 782 956 822 me
981 766 1110 821 nulli
1139 764 1430 820 secundum
1474 760 1702 814 allirmo.

599 862 689 916 10.
720 862 854 916 Cum
884 855 1289 913 rel'ormidarem
1345 852 1529 918 itaque
1573 863 1640 904 ne
1687 864 1752 903 eo
1798 848 1873 902 illi
1928 847 2112 901 animo

528 961 729 1016 essent,
755 968 820 1005 an
853 950 997 1020 potui
1027 963 1123 1018 pro
1156 956 1243 999 tua
1284 943 1620 998 humanitate
1667 939 1960 993 ferventius
2005 952 2131 991 non.

529 1045 727 1102 orare?
755 1045 835 1097 An
865 1039 1146 1112 parricida:
1170 1036 1377 1091 amicus
1401 1076 1416 1099 ,
1466 1033 1560 1087 tibi
1599 1048 1725 1086 vero
1759 1031 1924 1086 occisi
1968 1029 2102 1085 Con-

529 1139 724 1194 stantis
754 1134 929 1197 fratri,
957 1147 1020 1186 ac
1045 1129 1191 1184 necis
1221 1125 1419 1188 ultori,
1471 1125 1697 1178 inl‘es‘us
1749 1122 1988 1178 fuerim?
2031 1122 2112 1175 An

531 1227 660 1282 mihi
691 1235 797 1278 tam
826 1223 1060 1276 immane
1094 1217 1304 1270 facinus
1333 1213 1482 1269 cordi
1509 1228 1629 1268 cum
1669 1218 1833 1276 esset,
1863 1221 1965 1265 tum
1985 1223 2113 1280 erga

529 1333 617 1373 me
639 1313 1003 1372 beneﬁcentia
1032 1309 1230 1363 oblitus
1259 1320 1413 1372 sum;
1450 1319 1613 1374 quam
1652 1313 1773 1372 post
1802 1305 1970 1356 beata:
1999 1315 2115 1355 me-

531 1407 717 1462 moria:
762 1405 860 1457 viri
919 1403 1123 1457 obitum
1154 1399 1314 1453 talem
1359 1412 1486 1465 erga
1530 1412 1615 1448 me
1645 1396 1758 1447 l'ure
1779 1433 1793 1456 ,
1825 1393 1997 1462 qualis
2026 1392 2116 1447 illo

531 1495 816 1567 superstite
849 1492 1044 1555 fuerat,
1074 1488 1270 1542 litteris
1295 1485 1401 1539 tuis
1437 1485 1565 1538 mihi
1598 1485 1837 1536 indicare
1870 1481 2117 1548 dignatus

531 1587 629 1643 es?
663 1584 996 1652 Quibusnam
1039 1579 1212 1634 oculis
1281 1576 1608 1630 homicidam
1657 1573 1803 1626 illum
1852 1571 2118 1640 respexis-

533 1678 685 1734 scm?
715 1679 818 1730 Aut
851 1675 940 1744 qui
981 1670 1095 1726 lieri
1147 1675 1309 1738 queat
1355 1675 1416 1720 ut
1463 1680 1584 1720 cum
1650 1679 1748 1732 pro
1797 1672 1885 1716 tua
1941 1662 2114 1717 salute

533 1781 656 1824 vota
690 1767 862 1829 facio.
896 1767 1111 1819 beatum
1159 1761 1306 1816 illum
1353 1775 1439 1813 me
1476 1757 1791 1826 conspicere
1825 1770 1928 1809 non
1959 1766 2112 1824 puta-

2211 660 2348 716 εἶναι
2374 661 2625 733 δεύτερον
2651 663 2862 734 τίθημι.

2285 841 2368 896 10.
2399 841 2568 893 Τοῦτο
2605 836 2696 895 οὖν
2736 840 2921 905 δεδιὼς
2960 841 3296 913 φρονοῦντας
3330 846 3596 909 ἐκείνους,
3621 849 3702 900 καὶ
3725 851 3775 902 ού

2217 932 2414 1003 μᾶλλον
2435 932 2680 1002 ηὐχόμην
2710 932 2839 1002 περὶ
2862 933 2965 1002 τῆς
2993 934 3092 1002 σῆς
3121 933 3577 1006 φιλανθρωπίας;
3607 941 3686 992 καὶ
3704 941 3777 992 τὸν

2217 1025 2314 1095 μὲν
2345 1023 2677 1091 φονεύσαντα
2711 1025 2922 1076 ἐκεῖνον
2965 1017 3216 1094 ἠγάπων,
3251 1029 3330 1090 εἰς
3357 1025 3471 1097 (40)
3519 1032 3576 1082 σὲ
3614 1030 3668 1082 δὲ
3705 1033 3778 1084 τὸν

2213 1115 2438 1185 ἀδελφὸν
2490 1116 2639 1179 ὄντα,
2685 1116 2779 1168 καὶ
2837 1116 3155 1170 ἐκδικοῦντα
3192 1119 3288 1171 τὸν
3329 1120 3542 1172 ἐκείνου
3583 1121 3778 1174 θάνατον

2215 1205 2554 1276 ἐλυπούμην;
2585 1204 2724 1257 Ἀλλ’
2761 1207 2972 1259 ἐκείνου
3011 1208 3107 1276 μὲν
3136 1206 3237 1277 τῆς
3269 1209 3617 1278 παρανομίας
3642 1212 3781 1281 ὲμντπ

2219 1298 2460 1367 μόνευον,
2473 1297 2570 1366 τῆς
2583 1297 2638 1349 δὲ
2657 1298 2755 1368 σῆς
2769 1299 3090 1368 εὐεργεσίας
3106 1300 3561 1370 ἐπελανθανόμην
3576 1302 3777 1371 (εΗ-42),

2216 1394 2282 1462 ἦν
2311 1393 2403 1444 καὶ
2438 1392 2572 1461 μετὰ
2599 1391 2828 1445 θάνατον
2849 1393 2945 1446 τοῦ
2976 1395 3280 1465 μακαρίτου
3308 1398 3569 1468 τοιαύτην
3593 1398 3781 1452 ἔσεσθαι

2217 1483 2345 1553 περὶ
2379 1485 2497 1553 ἐμὲ,
2529 1485 2615 1536 οἵα
2640 1479 2708 1554 ἦν
2737 1485 2832 1537 καὶ
2859 1486 3138 1557 περιόντος
3169 1488 3407 1552 ἐκείνου,
3441 1489 3533 1542 διὰ
3559 1492 3784 1560 γραμμά-

2218 1595 2321 1630 των
2351 1578 2585 1648 δηλῶσαι
2625 1578 3010 1650 κατηξίωσας;
3041 1580 3224 1644 Ποίοις
3252 1583 3468 1652 ὄμμασι
3502 1582 3594 1634 τὸν
3625 1584 3784 1654 ἀνδρο-

2219 1671 2376 1738 φόνον
2425 1670 2682 1734 ἔϐλεπον;
2737 1671 2808 1723 ’Ἡ
2860 1669 2980 1733 πῶς
3027 1670 3148 1740 οὐχ,
3198 1672 3341 1741 ὑπὲρ
3392 1672 3496 1741 σῆς
3539 1675 3784 1745 σωτηρίας

2223 1761 2531 1830 εὐχόμενος,
2556 1759 2804 1830 ἐνόμιζον
2831 1761 2926 1814 καὶ
2959 1761 3050 1813 τὸν
3082 1761 3394 1832 μακαρίτην
3415 1764 3625 1816 ἐκεῖνον
3645 1765 3782 1836 ὁρᾷνς

535 1860 673 1915 rim?
707 1859 922 1913 Fratres
973 1855 1173 1922 quippe
1209 1851 1278 1906 ob
1311 1858 1520 1903 natura:
1568 1847 1881 1900 allinitatem
1931 1857 2113 1900 tnutua

2230 1851 2469 1920 Ἀδελφοὶ
2500 1852 2606 1922 γὰρ
2633 1852 2721 1904 διὰ
2748 1853 2847 1923 τὴν
2876 1853 3037 1921 φύσιν
3067 1853 3317 1925 ἀλλήλων
3362 1856 3472 1908 εἰσὶ
3506 1857 3782 1930 κάτοπτρα.

533 1962 662 2008 sunt
690 1948 926 2020 specula.
965 1941 1349 2010 Quamobrem,
1379 1954 1502 1994 cum
1534 1945 1604 2014 te‘
1629 1937 1682 1991 in
1723 1936 1812 1991 illo
1854 1936 2109 2000 intuerer,

533 2056 807 2111 nunquam
837 2049 1049 2108 possem
1095 2044 1146 2088 te
1191 2032 1479 2086 calumniis
1525 2028 1826 2084 vellicare:
1858 2027 2114 2096 illumque

535 2147 722 2187 rursus
757 2144 877 2184 cum
924 2127 980 2180 in
1022 2135 1073 2179 te
1100 2125 1470 2193 conspicerem
1495 2163 1510 2188 ,
1541 2136 1881 2191 nequaquam
1912 2121 2114 2175 voluis-

533 2239 646 2280 sem
674 2222 739 2275 ad
768 2235 914 2284 eum,
935 2217 1024 2286 qui
1047 2215 1300 2269 inimicus
1325 2213 1398 2268 illl
1420 2213 1619 2278 fuerat,
1653 2215 1860 2267 litteras
1882 2213 2112 2276 mittere,

534 2311 697 2384 239
742 2313 834 2367 sed
869 2311 1044 2379 potius
1077 2322 1176 2375 pro
1219 2315 1306 2359 tua
1349 2305 1520 2359 salute
1559 2303 1846 2357 hominum
1881 2304 2110 2372 precari.

536 2407 738 2461 Horum
769 2401 897 2456 mihi
931 2409 1095 2453 testes
1127 2404 1274 2462 sunt,
1303 2395 1478 2464 primo
1513 2395 1789 2458 Dominus,
1823 2394 1913 2463 qui
1945 2408 2112 2448 exau-

535 2499 666 2553 divit
691 2511 796 2560 me,
825 2509 889 2548 ac
919 2501 1092 2547 totum
1130 2490 1225 2544 tibi
1255 2504 1284 2542 a
1321 2488 1624 2556 majoribus
1649 2487 1963 2542 devolutum
1996 2495 2112 2540 tra-

535 2589 665 2642 didit
699 2584 982 2655 imperium
1028 2601 1042 2638 :
1087 2589 1252 2636 testes
1300 2590 1512 2647 quoque
1559 2577 1650 2646 qui
1707 2579 1832 2648 {tum
1891 2579 2116 2632 aderant

536 2675 904 2730 Felicissimus
935 2672 1062 2727 olim
1097 2671 1202 2724 dux
1226 2666 1444 2737 Ευριὶ
1465 2708 1480 2733 ,
1515 2666 1742 2721 Ruﬁnus
1762 2707 1776 2731 ,
1807 2676 1861 2722 et
1888 2667 2115 2735 Stepha-

538 2782 658 2833 nus,
690 2779 921 2834 quorum
951 2763 1042 2817 ille
1079 2759 1399 2823 catholicus,
1427 2759 1513 2813 hic
1542 2759 1801 2827 magister
1825 2761 1896 2814 ibi
1941 2771 2057 2816 erat
2094 2771 2112 2829 ;

537 2856 780 2910 Asterius
804 2856 930 2908 item
962 2867 1164 2916 comes,
1197 2851 1466 2906 Palladius
1503 2851 1595 2921 qui
1632 2851 1732 2904 l'uit
1766 2851 1948 2921 palatii
1995 2866 2112 2906 ma-

536 2948 732 3018 gister,
773 2945 1071 3000 Antiochus
1119 2953 1177 2998 et
1223 2942 1522 3012 Evagrius,
1569 2951 1790 3013 agentes
1838 2943 1890 2996 in
1931 2945 2108 2999 rebus.

537 3041 663 3095 Haec
694 3039 837 3093 enim
868 3037 1039 3090 solum
1073 3034 1273 3104 protuli
1317 3049 1331 3087 :
1365 3033 1595 3090 Oremus
1624 3049 1720 3105 pro
1758 3035 1933 3090 salute
1979 3037 2113 3105 piis-

536 3129 660 3184 simi
709 3125 933 3198 Augusti
983 3121 1310 3179 Constantii.
1359 3121 1662 3193 Omnisque
1721 3125 1949 3194 populus
2003 3139 2109 3179 una

537 3235 671 3276 voce
700 3218 885 3274 statim
920 3213 1266 3279 acclamavit,
1292 3213 1527 3281 Christe,
1554 3214 1820 3270 auxiliare
1853 3215 2114 3270 Constan-

537 3313 611 3369 tio
643 3328 658 3366 :
691 3321 746 3366 et
773 3313 887 3365 haec
913 3307 1186 3379 precando
1222 3307 1310 3364 diu
1343 3307 1731 3378 perseveravit.

610 3402 698 3456 Η.
730 3401 885 3470 Quod
928 3410 1108 3454 autem
1139 3397 1349 3454 litteras
1401 3413 1675 3468 nunquam
1710 3397 1794 3452 vel
1845 3397 1911 3453 ad
1964 3397 2113 3454 illum

538 3494 804 3561 miserim,
841 3493 924 3547 vel
958 3494 1026 3546 ab
1085 3507 1152 3546 eo
1199 3490 1534 3559 acceperim,
1573 3491 1738 3544 Deum
1776 3505 1828 3547 et
1877 3490 2113 3546 Verbum

537 3586 654 3656 ejus
675 3585 1011 3656 unigenitum
1039 3583 1324 3638 Dominum
1362 3591 1602 3637 nostrum
1627 3583 1810 3638 Iesum
1837 3583 2113 3639 Christum

540 3683 594 3735 in
626 3688 814 3735 testem
837 3678 1061 3732 advoco.
1093 3675 1504 3739 Accusatorem,
1525 3689 1725 3744 quaeso,
1751 3690 1926 3729 meum
1944 3717 1960 3742 ,
1987 3691 2116 3731 con-

539 3771 693 3834 cede,
733 3769 917 3824 uthac
943 3769 1010 3822 de
1051 3781 1109 3821 re
1139 3780 1354 3836 quoque
1395 3766 1582 3835 paucis
1612 3765 1938 3834 interrogem
1975 3782 1988 3816 :
2021 3775 2118 3815 un-

542 3864 736 3918 denam
767 3862 834 3915 ad
861 3861 1088 3931 hujusce
1119 3860 1196 3913 rei
1235 3858 1482 3912 notitiam
1521 3857 1771 3911 devenit?
1807 3857 1887 3910 Au
1916 3857 2116 3926 episto-

543 3954 608 4007 lae
636 3952 963 4020 exemplaria
985 3967 1043 4007 se
1068 3951 1269 4006 habere
1294 3950 1524 4005 dixerit?
1567 3953 1710 4004 hunc
1747 3949 1890 4004 enim
1933 3964 2121 4004 rumo-

540 4061 656 4100 rem
683 4056 744 4100 ,ιιι
781 4053 1096 4116 spargerent
1141 4041 1329 4098 Ariani
1369 4056 1712 4111 summopere
1748 4041 1925 4096 conati
1967 4050 2114 4097 sunt.

540 4137 721 4192 Primo
744 4135 962 4207 quidem
991 4135 1202 4191 litteras
1230 4134 1420 4190 saltem
1464 4134 1664 4189 nostris
1703 4133 1908 4188 similes
1940 4135 2117 4205 profe-

542 4236 648 4282 rat.
682 4228 750 4281 At
775 4241 1111 4296 nequaquam
1144 4235 1317 4279 tutum
1348 4224 1477 4279 illud
1505 4224 1703 4288 fuerit,
1732 4224 1940 4279 falsifici
1971 4227 2113 4281 enim

537 4323 686 4380 sunt,
716 4327 924 4369 vestras
947 4315 1142 4383 quippe
1172 4313 1552 4382 imperatorum
1581 4329 1773 4368 manus
1814 4329 1956 4383 saepe
1986 4325 2116 4369 sunt

538 4407 773 4462 imitati:
805 4409 946 4460 unde
989 4406 1284 4460 similitudo
1329 4406 1416 4460 illa
1466 4407 1689 4474 scriptis
1736 4407 2113 4462 auctoritatem

537 4499 760 4554 minime
782 4499 1015 4563 dederit,
1061 4498 1160 4552 nisi
1198 4497 1288 4567 qui
1321 4495 1580 4566 ejusmodi
1621 4499 1832 4554 litteras
1876 4500 2115 4554 scribere
2149 4527 2192 4585 ι)

535 4600 954 4654 consueverunt,
982 4590 1185 4660 scripta
1229 4589 1541 4646 testimonio
1584 4605 1681 4644 suo
1735 4593 2108 4660 comprobent.

537 4679 693 4735 Libet
726 4696 940 4736 rursum
973 4695 1038 4736 ex
1091 4682 1444 4752 sycophantis
1479 4679 1747 4735 sciscitari
1795 4696 1811 4733 :
1856 4682 2109 4752 quisnam

540 4769 658 4824 illas
683 4770 1146 4832 deditlitteras,‘et
1166 4769 1437 4825 undenam
1459 4769 1564 4826 illa:
1585 4769 2072 4838 suntdeprehensae
2086 4771 2113 4823 ἲ

538 4855 673 4910 Nam
705 4868 760 4912 et
792 4859 922 4912 mihi
955 4859 1244 4927 scriptores
1272 4859 1422 4914 fuere
1442 4899 1457 4924 ,
1491 4868 1546 4913 et
1589 4867 1818 4927 tyranno
1854 4858 2113 4924 ministri,

539 4947 631 5016 qui
663 4963 692 5001 a
729 4948 1026 5004 tabellariis
1059 4951 1270 5005 litteras
1298 4951 1632 5020 acciperent,
1679 4947 1891 5017 ipsique
1932 4949 2116 5004 trade—

543 5048 681 5092 rent.
707 5038 916 5093 Adsunt
941 5039 1116 5094 nostri
1143 5057 1159 5105 ;
1185 5049 1242 5094 et
1275 5039 1417 5104 illos,
1442 5053 1650 5108 quarso,
1685 5052 1948 5101 arcessas,
1979 5051 2114 5107 quos

540 5129 834 5186 verisimile
865 5139 948 5184 est
974 5131 1147 5186 adhuc
1171 5144 1292 5186 esse
1319 5131 1644 5202 superstites
1680 5147 1694 5185 :
1733 5144 1795 5186 ac
1825 5129 1892 5184 de
1917 5128 2116 5185 litteris

605 5366 718 5437 (59)
751 5367 844 5423 Sic
891 5365 1024 5434 Reg.
1074 5364 1218 5437 Edit.
1259 5379 1386 5419 vero
1428 5362 1640 5437 Cotum.
1700 5363 2028 5437 Parisiensis
2053 5379 2108 5422 et

542 5433 844 5515 Basiliensis
869 5433 1060 5515 code},
1089 5435 1338 5515 κάκεῖνος
1370 5435 1627 5515 πειράσαι
1667 5434 1936 5508 τολμήσῃ.
1990 5435 2112 5492 Ειιί-

543 5508 614 5560 tio
635 5507 1085 5578 Colon.,x&xsivo
1117 5506 1375 5575 πειράσαι
1403 5506 1672 5578 τολμήσῃ.

608 5575 1491 5717 ξέῗὶᾶἓῖῗίέεῗ.ἐπελανθανόμην.
1528 5638 1668 5702 Editi
1701 5661 1829 5701 vero
1857 5646 2120 5700 ἐπελαθό-

746 5783 888 5839 Edil.
921 5786 1159 5846 Comtn.,
1192 5785 1644 5857 ἁγεντισηρίκους
1665 5825 1680 5854 ,
1710 5784 1952 5844 Nannius
1993 5801 2116 5844 ver-

2216 1943 2313 1995 Διὰ
2363 1941 2518 1994 τοῦτο
2568 1944 2660 1994 καὶ
2689 1943 2748 1996 σὲ
2801 1943 3014 2013 βλέπων
3062 1945 3120 1997 ὲν
3171 1945 3389 2016 ἐκείνῳ,
3419 1946 3510 2012 ,οὐ
3563 1965 3684 2000 ποτε
3731 1951 3786 2003 ἂν

2213 2033 2486 2086 διέϐαλον·
2535 2033 2784 2088 κάκεῖνον
2827 2035 2884 2086 ὲν
2927 2038 3006 2087 σοὶ
3045 2035 3206 2088 πάλιν
3244 2036 3410 2107 ὀρῶν,
3464 2038 3527 2090 οὔ
3579 2056 3697 2092 ποτε
3731 2041 3785 2093 ἂν

2214 2124 2428 2195 ἔγραψα
2482 2123 2558 2193 τῷ
2618 2127 2739 2178 κατ’
2780 2126 2987 2178 ἐκείνου
3046 2129 3330 2198 γενομένῳ
3355 2167 3370 2192 ,
3422 2129 3565 2182 ἀλλὰ
3616 2132 3785 2201 μᾶλλον

2217 2216 2343 2286 περὶ
2369 2215 2468 2287 τῆς
2499 2217 2594 2287 σῆς
2625 2218 2898 2289 σωτηρίας
2932 2218 3198 2289 ηὐχόμην.
3242 2221 3350 2272 Καὶ
3383 2221 3662 2294 μάρτυρες
3682 2224 3785 2276 τού-

2214 2322 2322 2360 των
2357 2307 2781 2378 προηγουμένως
2835 2309 2936 2379 μὲν
2973 2310 3001 2361 6
3038 2309 3266 2381 Κύριος,
3304 2314 3334 2364 6
3373 2313 3686 2378 ἐπακούσας
3709 2315 3787 2367 καὶ

2215 2400 2584 2470 χαρισάμενος
2623 2400 2920 2472 ὁλόκληρόν
2965 2419 3048 2454 σοι
3095 2401 3195 2472 τὴν
3229 2405 3292 2454 ἐκ
3329 2405 3618 2474 προγόνων
3660 2405 3788 2475 βασι»

2213 2491 2364 2544 λείαν
2389 2508 2402 2521 ·
2442 2491 2716 2562 μάρτυρες
2745 2491 2800 2544 δὲ
2826 2492 2922 2544 καὶ
2952 2493 3000 2543 οἱ
3031 2491 3154 2544 τότε
3185 2493 3480 2562 παρόντες,
3517 2493 3789 2567 anmat-

2219 2600 2316 2654 μος
2348 2584 2377 2636 6
2409 2583 2697 2653 γενόμενος
2721 2581 2850 2646 δούξ
2891 2581 2990 2652 τῆς
3020 2582 3324 2650 Αἰγύπτου,
3356 2585 3456 2637 καὶ
3513 2586 3785 2654 Ῥουφῖνός,

2213 2676 2308 2728 καὶ
2351 2675 2640 2743 Στέφανος,
2669 2665 2744 2728 ὧν
2778 2676 2806 2728 6
2853 2675 2951 2744 μὲν
2997 2673 3310 2738 καθολικὺς,
3351 2675 3381 2729 6
3419 2675 3477 2729 δὲ
3519 2677 3792 2748 μὰγιστρος

2212 2762 2281 2838 ἦν
2312 2769 2453 2820 ἐκεῖ·
2507 2769 2601 2820 καὶ
2641 2765 2921 2837 Ἀστέριος
2975 2769 3006 2818 6
3050 2769 3250 2838 κόμης,
3303 2768 3400 2821 καὶ
3446 2768 3732 2832 Παλλάδιος
3768 2772 3792 2822 ὀ

2213 2856 2504 2926 γενόμενος
2531 2854 2626 2908 τοῦ
2657 2854 2921 2908 παλατίου
2952 2854 3276 2925 μάγιστρος,
3325 2856 3607 2927 Ἀντίοχός
3634 2873 3688 2909 τε
3710 2857 3792 2910 καὶ

2213 2949 2482 3018 Εὐὰγριος
2515 2950 2564 3000 οί
2599 2947 3053 3018 ἀγεντισηρίϐους
3091 2948 3221 3018 (45).
3256 2949 3437 3001 Μόνον
3462 2948 3574 3020 γὰρ
3592 2949 3791 3018 ἔλεγον·

2213 3039 2514 3111 Εὐξώμεθα
2546 3040 2674 3111 περὶ
2699 3040 2798 3110 τῆς
2823 3039 3102 3112 σωτηρίας
3145 3040 3241 3093 τοῦ
3286 3041 3680 3095 εὐσεϐεστάτου
3704 3044 3795 3095 Αὐ-

2215 3128 2446 3198 γούστου
2495 3130 2913 3183 Κωνσταντίου’
2963 3130 3057 3184 καὶ
3100 3131 3210 3194 πᾶς
3252 3133 3282 3184 6
3329 3130 3462 3194 λαὸς
3514 3133 3674 3195 εὐθὺς
3709 3133 3796 3202 μιᾷ

2221 3225 2370 3293 φωνῇ
2401 3221 2550 3274 ὲὸόαο
2581 3223 2804 3294 Χριστὲ,
2835 3222 3017 3294 βοήθει
3040 3223 3426 3295 Κωνσταντίῳο
3455 3226 3550 3278 καὶ
3574 3224 3798 3295 διέμενεν

2221 3309 2388 3374 οὕτως
2425 3310 2739 3382 εὐχόμενος.

2292 3401 2382 3454 Η.
2419 3401 2540 3454 ὀτι
2564 3401 2663 3471 μὲν
2695 3396 2788 3455 οὖν
2823 3402 2959 3473 μήτε
2989 3401 3206 3475 ἔγραψά
3248 3422 3382 3458 ποτε
3431 3406 3643 3477 ἐκείνῳ,
3673 3406 3798 3477 μήτε

2223 3490 2488 3561 ἐδεξάμην
2560 3493 2690 3545 ποτὲ
2734 3492 3117 3564 παρ”αὐτοῦ,
3187 3495 3445 3569 μάρτυρα
3506 3497 3598 3549 τὸν
3647 3497 3795 3558 Θεὸν,

2222 3581 2318 3635 καὶ
2368 3582 2460 3634 τὸν
2509 3581 2698 3635 τούτου
2751 3584 2924 3652 Λόγον
2981 3583 3074 3638 τὸν
3114 3586 3384 3655 μονογενῆ
3459 3586 3623 3639 αὐτοῦ
3683 3585 3798 3639 Υῑὺν

2217 3675 2314 3728 τὸν
2360 3674 2564 3745 Κύριον
2606 3674 2765 3746 ἡμῶν
2811 3674 3020 3745 Ἰησοῦν
3075 3677 3312 3747 Χριστὸν
3361 3677 3794 3747 ὲπεκαλεσάμηνυ

2221 3768 2313 3822 τὸν
2363 3767 2419 3820 δὲ
2469 3767 2822 3829 κατειπόντα,
2874 3768 2967 3819 καὶ
3025 3768 3153 3838 περὶ⁵
3222 3767 3418 3821 τούτου
3464 3767 3798 3838 συγχώρησον

2222 3858 2564 3930 ἐρωτηθῆναι
2587 3857 2654 3911 δι’
2677 3856 2896 3926 ὀλίγων,
2931 3858 3094 3911 πόθεν
3151 3861 3231 3922 είς
3285 3858 3449 3912 τοῦτο
3499 3857 3796 3929 τ’..αρῆλθεν;

2236 3951 2556 4020 Ἐπιστολῆς
2603 3949 2915 4020 ἀντίγραφα
2981 3951 3208 4020 φήσειεν
3269 3950 3452 4019 ἔχειν;
3505 3951 3659 4004 τοῦτο
3697 3948 3796 4018 γὰρ

2222 4043 2509 4113 ἀπέκαμον
2530 4042 2580 4093 οί
2622 4041 2888 4112 Ἀρειανοὶ
2926 4039 3271 4111 θρυλοῦντες.
3311 4041 3539 4112 Πρῶτον
3575 4041 3668 4111 μὲν
3709 4033 3797 4092 οὐν

2222 4135 2325 4190 κᾶν
2372 4134 2444 4188 τὰ
2487 4133 2789 4204 γράμματα
2849 4135 2960 4195 τοῖς
3011 4133 3307 4203 ἡμετέροις
3351 4134 3514 4204 ὅμοια
3570 4130 3793 4201 δεικνύῃ.

2207 4227 2373 4281 -οὕπω
2402 4243 2461 4278 τε
2490 4226 2726 4295 ἀσφαλὲς
2761 4224 2876 4295 ἔχει
2901 4224 3014 4295 (Η)
3039 4241 3052 4254 ·
3087 4224 3510 4296 πλαστογράφοι
3533 4227 3638 4295 γὰρ
3665 4224 3797 4276 εἰσὶν

2222 4320 2415 4381 οἵτινες
2436 4317 2530 4370 καὶ
2554 4316 2654 4379 τὰς
2679 4315 2834 4386 ὑμῶν
2869 4315 2978 4368 τῶν
3024 4315 3290 4384 βασιλέων
3317 4319 3509 4385 χεῖρας
3554 4314 3796 4372 πολλάκις

2223 4410 2563 4480 ἐμιμήσαντο
2585 4425 2598 4437 ο
2626 4407 2720 4459 καὶ
2754 4406 2854 4476 οὐχ
2896 4407 2930 4476 ὴ
2965 4404 3198 4476 μίμησις
3234 4407 3466 4477 παρέχει
3491 4409 3598 4468 τοῖς
3627 4403 3799 4474 γράμ-

2225 4513 2357 4567 μασι
2373 4495 2434 4548 τὸ
2467 4494 2653 4565 κῦρος,
2689 4494 2782 4546 ἐὰν
2817 4493 2891 4564 μὴ
2950 4492 3043 4546 καὶ
3101 4495 3150 4545 οἱ
3200 4493 3271 4546 τὰ
3325 4495 3546 4547 τοιαῦτα
3577 4494 3799 4564 γράφειν

2218 4587 2469 4650 εἰωθότες
2497 4585 2816 4656 μαρτυρῶσι
2862 4587 2986 4648 ταῖς
3040 4585 3377 4650 ἐπιστολαῖς.
3421 4586 3587 4639 Τοῦτο
3630 4583 3800 4637 τοίνυν

2220 4678 2451 4740 καὶτοὺς
2477 4675 2832 4740 διαϐαλόντας
2859 4677 3020 4729 πάλιν
3041 4678 3320 4750 ἐρωτῆσαι
3354 4679 3626 4750 βούλομαι,
3671 4675 3750 4735 τίς
3770 4674 3798 4723 ὀ

2221 4767 2515 4841 παρασχὼν
2572 4767 2746 4822 ταῦτά
2803 4785 2932 4821 ποτε
2960 4809 2974 4833 ,
3009 4771 3105 4823 καὶ
3146 4751 3311 4824 πόθεν
3372 4771 3564 4842 εὑρέθη
3589 4767 3756 4821 ταῦτα
3779 4781 3797 4795 ⁸

2213 4859 2306 4911 καὶ
2329 4857 2438 4927 γὰρ
2460 4856 2616 4923 κάγὼ
2651 4859 2779 4920 τοὺς
2808 4857 3120 4929 γράφοντας
3154 4856 3324 4930 εἶχον,
3361 4861 3603 4922 κάκεῖνος
3642 4850 3798 4909 πάλιν

2212 4951 2341 5013 τοὺς
2390 4948 2766 5020 λαμϐάνοντας
2807 4950 2958 5020 παρὰ
2995 4949 3108 5003 τῶν
3156 4951 3496 5023 κομιζόντων
3538 4952 3629 5005 καὶ
3681 4951 3800 5000 ἐπι-

2213 5039 2452 5103 διδόντας
2482 5039 2650 5110 αὐτῷ.
2685 5040 2747 5093 Οἱ
2778 5042 2875 5112 μὲν
2907 5036 2999 5095 οὖν
3031 5043 3298 5114 ἡμέτεροι
3342 5046 3591 5116 πάρεισι·
3637 5055 3802 5094 κατα-

2217 5131 2410 5198 ξίωσον
2449 5133 2510 5186 δὲ
2565 5132 2854 5198 κάκείνους
2887 5135 3146 5189 καλέσαι·
3175 5138 3278 5208 ζῇν
3305 5140 3416 5211 γὰρ
3452 5139 3656 5198 πάντως
3702 5127 3765 5193 ἐξ

2213 5371 2296 5443 tit,
2325 5370 2571 5443 praefecti
2596 5371 2915 5438 sericorum,
2949 5373 3176 5443 Regius,
3211 5376 3522 5434 Basiliensis
3556 5385 3613 5431 et
3655 5372 3788 5443 edit.

2212 5440 2554 5502 Parisiensis,
2616 5440 3091 5516 ἀγεντισηρῐϐους,
3150 5446 3216 5499 Ει
3271 5461 3417 5502 recte
3462 5448 3698 5516 quidem,
3733 5440 3793 5493 id

2216 5520 2321 5574 cst,
2374 5521 2600 5580 agentes
2655 5512 2706 5565 in
2744 5511 2939 5584 rebus.
2976 5511 3038 5566 Hi
3095 5525 3254 5569 erant
3303 5511 3490 5584 palatii
3521 5512 3790 5584 oﬂicialess

2219 5595 2446 5650 quorum
2487 5596 2681 5634 munus
2710 5581 3058 5650 describitur
3096 5585 3147 5637 iu
3189 5581 3384 5641 Codice
3437 5583 3789 5650 Τήεοόοσέειιο

2220 5648 2262 5724 s_
2286 5649 2489 5724 Iacobo
2513 5649 2852 5724 Gothofredo
2881 5653 3179 5724 illustrate,
3208 5669 3259 5708 v1
3290 5658 3441 5724 Cod.,
3470 5653 3640 5712 tit.27.
3673 5648 3784 5703 Ed.

2223 5719 2387 5790 Colon
2399 5758 2436 5782 .,
2467 5720 2899 5790 ἀγεντισήρικοι,
2931 5722 3095 5776 male.

2296 5789 2406 5861 (44)
2441 5791 2598 5860 Reg..
2624 5788 2776 5843 οὔπω
2803 5790 2882 5845 τῶ
2914 5792 3161 5859 ἀσφαλες
3188 5793 3311 5867 ἔχῃ.
