3954 6504
556 400 654 456 611

1145 390 1203 446 S.
1245 387 1613 446 ATHANASll
1652 386 1806 440 OPP.
1844 383 2027 439 PARS
2063 384 2104 437 1.
2146 413 2216 424 --
2254 381 2625 440 HlSTORlCA
2662 382 2752 439 ET
2794 381 3218 440 DOGMATICA.

3714 383 3811 439 612

561 518 701 587 quod
726 515 930 570 scilicet
947 510 1242 565 Christiani
1267 508 1389 572 viri,
1420 523 1483 562 ac
1508 506 1849 574 potissimum
1866 502 2129 573 episcopi,

2258 502 2359 565 πῶν,
2394 502 2489 555 καὶ
2521 497 2756 570 μάλιστα
2799 496 2908 551 τῶν
2940 496 3275 550 ἐπισκόπων.
3328 495 3399 547 Ἢ
3428 495 3478 547 εἰ
3515 493 3593 565 μὴ
3644 494 3812 564 βούλει

522 638 525 645 η
563 621 670 662 tam
705 605 908 661 nefaria
939 604 1343 665 maehinentur,
1371 596 1747 668 ejusmodique
1775 608 1865 648 res
1899 594 2136 648 scribere

520 684 539 771 ὀ
562 696 697 753 nihil
742 706 1052 750 vereamur.
1104 690 1257 759 Quod
1302 689 1346 745 si
1382 686 1625 757 graveris
1680 700 1794 739 rem
1850 684 2133 754 indagare,

534 778 772 859 aequum
814 802 945 843 sane
1000 784 1164 841 fuerit
1197 790 1255 836 ut
1285 781 1440 836 nobis
1485 780 1663 850 potius
1704 777 1795 846 qui
1840 777 2137 832 calumnias

548 881 884 953 depellimus
931 877 1090 933 [idem
1132 874 1370 939 habeas,
1417 886 1577 941 quam
1629 867 2134 925 calumniatoribus.

559 976 642 1030 llli
675 973 873 1043 quippe
903 984 1089 1040 pravo,
1124 974 1308 1036 utpote
1332 964 1489 1018 nobis
1527 961 1773 1026 inimici,
1807 961 1991 1014 animo
2024 961 2137 1015 haec

561 1073 825 1121 movent:
857 1077 959 1116 nos
999 1073 1130 1113 vero
1175 1055 1346 1111 nostri
1384 1068 1547 1108 causa
1594 1060 1971 1107 concertantes
2007 1050 2141 1120 legi-

565 1161 695 1212 tima
720 1156 993 1211 aﬂ‘erimus
1032 1157 1371 1219 argumenta.
1429 1146 1533 1200 Per
1587 1145 1718 1199 mihi
1765 1146 1961 1198 mirum
2012 1157 2141 1198 sane

564 1263 669 1316 est,
696 1251 787 1305 ubi
814 1263 912 1303 nos
934 1262 1054 1301 cum
1091 1253 1238 1298 metu
1272 1256 1337 1297 ac
1369 1239 1669 1295 reverentia
1710 1238 2000 1292 scribimus
2027 1276 2042 1300 ,
2076 1236 2142 1291 il-

562 1346 646 1400 los
668 1358 732 1398 eo
769 1337 1111 1409 impudentiae
1137 1332 1470 1405 processisse
1492 1371 1507 1395 ,
1540 1340 1599 1383 nt
1650 1330 1816 1385 etiam
1853 1327 1991 1397 apud
2035 1327 2140 1381 im-

562 1446 867 1508 peratorem
892 1429 1108 1486 mentiri
1142 1427 1342 1481 ausint.
1386 1424 1492 1480 Sed
1537 1422 1785 1492 inquire,
1835 1434 2042 1490 quaeso,
2074 1418 2142 1473 ad

564 1529 849 1582 veritatem
890 1520 1279 1591 explorandam
1316 1535 1331 1571 :
1380 1526 1435 1572 et
1468 1526 1626 1585 prout
1653 1516 1919 1585 scriptum
1974 1513 2141 1577 est”,

565 1618 847 1675 scrutanda
874 1622 1113 1669 scrutare
1144 1624 1329 1665 coram
1371 1608 1532 1663 nobis
1554 1647 1570 1671 ,
1601 1607 1867 1661 undenam
1914 1604 2003 1659 isti
2028 1602 2145 1658 haec

567 1728 686 1782 qua:
744 1710 930 1766 dicunt
994 1703 1302 1773 acceperint
1360 1717 1372 1753 :
1424 1710 1515 1755 aut
1546 1699 1764 1754 ubinam
1812 1698 1920 1752 sint
1951 1696 2145 1751 littera:

2238 592 2568 665 ἀνακρίνειν,
2618 590 2823 644 δίκαιον
2876 591 2969 642 καὶ
3016 589 3163 659 ἡμᾶς
3218 587 3576 641 πιστεύεσθαι
3624 587 3813 656 μᾶλλον

2238 683 2711 755 ἀπολογουμένους
2758 682 2792 754 ἢ
2841 681 2968 745 τοὺς
3036 680 3446 735 διαϐάλλοντας.
3503 674 3668 732 Οὗτοι
3727 680 3814 749 μὲν

2235 778 2366 850 γὰρ,
2393 778 2470 840 ὡς
2500 776 2707 847 ἐχθροὶ,
2740 772 3151 845 πονηρεύονται,
3182 775 3349 843 ἡμεῖς
3383 772 3441 825 δὲ
3481 770 3814 839 ἀγωνιῶντες

2236 870 2334 932 τὰς
2364 868 2664 934 ἀποδείξεις
2715 865 3043 936 παρέχομεν.
3091 863 3257 916 Ἀλλά
3310 864 3368 916 δὲ
3396 861 3811 933 θαυμάζωμθ),

2242 960 2357 1023 πῶς
2378 961 2536 1029 ἡμεῖς
2568 959 2665 1029 μὲν
2693 958 2808 1028 μετ’
2861 955 3142 1019 εὐλαϐείας
3195 954 3572 1024 φθεγγόμεθα,
3633 955 3814 1007 ἐκεῖνοι

2240 1053 2297 1105 δὲ
2322 1052 2603 1121 τοσαύτην
2634 1050 2791 1119 ἔσχον
2819 1048 3225 1120 ἀναισχυντίαν,
3249 1048 3326 1110 ὡς
3373 1048 3471 1100 καὶ
3518 1045 3815 1116 ψεύσασθαι

2242 1142 2352 1213 (50)
2390 1142 2615 1213 βασιλεῖ.
2660 1141 2800 1195 Ἀλλ’
2851 1138 3100 1204 ἐξέτασον
3146 1138 3235 1191 διὰ
3280 1138 3377 1209 τὴν
3409 1138 3696 1210 ἀλήθειαν,
3733 1139 3814 1191 καὶ

2242 1234 2430 1307 ὥσπερ
2476 1235 2784 1307 γέγραπται
2807 1274 2820 1299 ,
2851 1231 3109 1302 ἐρευνῶν
3160 1232 3498 1301 ἐρεύησον
3547 1230 3816 1300 παρόντων

2239 1328 2421 1401 ἡμῶν,
2454 1328 2614 1381 πόθεν
2664 1327 2838 1381 ταῦτα
2863 1327 3153 1397 λλέγουσιν,
3202 1324 3235 1395 ἥ
3280 1324 3447 1377 πόθεν
3506 1322 3717 1394 ηὑρέθη
3761 1324 3818 1376 τὰ

2242 1422 2563 1493 γράμματα.
2612 1420 2752 1473 Ἀλλ’
2779 1419 2903 1473 οὗτε
2957 1420 3065 1474 τῶν
3115 1418 3402 1489 ἡμετέρων
3449 1433 3538 1479 τις
3574 1414 3819 1487 ὲλεγχθή..

2245 1531 2415 1579 σεται,
2439 1512 2561 1567 οὔτε
2595 1512 2703 1566 τῶν
2734 1514 2940 1566 ἐκείνου
2971 1511 3162 1584 φήσειέ
3201 1525 3317 1573 τις⁶
3348 1508 3668 1563 πέπλασται
3701 1508 3815 1576 γάρ.

2242 1608 2352 1661 Kal.
2403 1607 2562 1659 πλέον
2612 1607 2763 1659 οὐδὲν
2807 1606 2949 1676 τάχα
3009 1604 3279 1677 προσήκει
3320 1602 3529 1672 ζητεῖν,
3560 1602 3685 1655 οὐδὲ
3724 1600 3820 1671 γὰρ

2247 1697 2547 1769 βούλονται,
2579 1698 2665 1751 ἵνα
2696 1697 2770 1769 μὴ
2802 1698 2897 1751 καὶ
2926 1699 2954 1749 ὁ
2977 1696 3186 1759 ταύτας
3214 1694 3438 1767 γράψας
3470 1694 3534 1758 ἐξ
3584 1694 3817 1761 ἀνάγκης

567 1815 822 1875 repertae.
856 1800 960 1855 Sed
994 1812 1169 1867 neque
1210 1811 1274 1851 ex
1319 1794 1523 1849 nostris
1554 1792 1821 1862 quispiam
1853 1790 2143 1846 convince-

2258 1790 2466 1862 εὑρεθῇ.
2496 1790 2674 1845 Ἰσασι
2706 1791 2813 1863 γὰρ
2836 1791 2996 1845 αὐτὸν
3015 1791 3064 1843 οἱ
3093 1788 3331 1843 διάϐολοι
3351 1787 3533 1857 μόνοι,
3560 1787 3660 1840 καὶ
3681 1786 3821 1850 ἄλλος

570 1873 679 1963 tur,
712 1911 887 1965 neque
911 1909 978 1948 ex
1020 1889 1235 1962 tyranni
1280 1887 1546 1942 ministris
1584 1887 1724 1940 ullus
1760 1886 1872 1939 haec
1901 1883 2098 1938 dixerit
2130 1900 2144 1935 :
2180 1873 2221 1927 Β
2250 1883 2443 1947 οὐδείς.
3366 1882 3382 1899 ’

573 2006 662 2048 res
709 1976 907 2060 quippe
948 1998 1158 2040 merum
1187 1990 1270 2035 est
1310 1990 1701 2037 commentum.
1733 1980 1811 2034 Ac
1843 1978 1983 2032 forte
2014 1976 2145 2031 nihil
2184 1976 2407 2033 ulterius
2453 1977 2713 2047 indagare
2796 1993 2898 2047 par
2964 1986 3128 2045 esset,
3161 1977 3304 2047 quod
3351 1990 3422 2031 ne
3464 1975 3578 2031 illis
3622 1974 3819 2042 quidem

572 2084 829 2154 placeret,
862 2080 1066 2135 veritis'
1124 2078 1333 2134 scilicet
1391 2090 1462 2132 ne
1496 2088 1684 2130 earum
1727 2071 1963 2143 scriptor
2002 2070 2306 2126 litterarum
2376 2072 2685 2129 necessarie
2724 2072 3177 2143 deprehendatur.
3246 2068 3296 2124 is
3328 2070 3537 2141 quippe
3580 2068 3710 2123 solis
3745 2082 3821 2137 sy-

571 2178 857 2249 eophantis
883 2176 1122 2246 nullique
1155 2174 1245 2229 alii
1273 2182 1431 2228 notus
1458 2180 1559 2227 est.

642 2271 733 2326 l-l.
770 2268 921 2336 Quod
982 2276 1162 2320 autem
1219 2262 1348 2317 mihi
1406 2262 1461 2315 in
1525 2260 1730 2316 crimen
1790 2266 2035 2322 vertunt,
2094 2256 2147 2309 in

572 2379 769 2434 magna
803 2360 1048 2416 #ecclesia
1076 2356 1313 2413 habitam
1347 2353 1514 2409 fuisse
1544 2353 1767 2421 synaxin
1789 2393 1804 2418 ,
1837 2352 2149 2421 priusquam

573 2454 900 2521 completum
933 2449 1221 2505 aedilicium
1245 2457 1388 2502 esset
1416 2462 1429 2498 :
1468 2458 1588 2513 age,
1615 2458 1733 2498 eam
1768 2457 1984 2512 quoque
2011 2441 2151 2510 apud

574 2559 723 2603 tuam
759 2547 1013 2615 pietatem
1042 2539 1368 2612 propulsabo
1398 2536 1873 2598 criminationem;
1917 2549 1983 2589 eo
2007 2534 2152 2587 enim

577 2638 904 2712 compellunt
936 2635 1030 2706 qui
1056 2632 1433 2688 inimicissimo
1476 2643 1604 2697 erga
1646 2642 1742 2682 nos
1775 2629 1957 2679 animo
2005 2634 2149 2679 sunt.

575 2730 653 2786 lta
693 2747 751 2786 se
785 2744 873 2783 res
900 2727 1085 2793 habet,
1118 2725 1172 2779 id
1196 2722 1367 2779 fateor
1397 2737 1411 2775 :
1440 2730 1503 2776 ut
1539 2720 1683 2775 enim
1717 2720 1982 2773 hactenus
2021 2714 2154 2769 nihil

578 2822 845 2878 mendacii
870 2820 1089 2890 protuli,
1124 2818 1227 2873 hoc
1249 2816 1363 2886 jam
1397 2831 1506 2871 non
1538 2812 1747 2868 inlicias
1774 2812 1882 2865 ibo.
1910 2810 2014 2864 Sed
2049 2809 2154 2862 alio

580 2929 802 2983 prorsus
826 2913 1007 2975 modo,
1037 2924 1197 2980 quam
1227 2907 1586 2963 criminantur
1614 2904 1712 2970 illi,
1752 2911 1903 2973 gesta
1928 2915 2015 2955 res
2049 2908 2149 2954 est.

578 3008 749 3072 Bona,
777 3018 980 3075 quaeso,
1011 3003 1166 3058 venia
1196 3002 1312 3056 haec
1340 3000 1538 3064 dicam,
1571 3009 1912 3066 nequaquam
1939 2993 2153 3049 dedica-

580 3101 743 3155 tionis
791 3099 933 3155 diem
1005 3096 1201 3152 festum
1267 3092 1691 3155 celebravimus,
1752 3085 2156 3157 religiosissime

577 3198 857 3265 Auguste:
900 3192 953 3247 id
978 3203 1210 3259 namque
1234 3197 1360 3242 ante
1375 3186 1585 3255 jussum
1625 3192 1775 3237 tuum
1807 3192 1968 3249 agere
2004 3177 2155 3231 nefas

2325 2256 2411 2310 N.
2462 2255 2679 2326 Ἐπειδὴ
2706 2253 2763 2306 δὲ
2795 2251 3046 2320 καὶπερὶ
3094 2251 3193 2321 τῆς
3239 2250 3489 2322 μεγάλης
3546 2248 3820 2319 ἐκκλησίας

2252 2351 2664 2421 κατειρήκασιν,
2704 2344 2779 2411 ὡς
2819 2347 2884 2417 δὴ
2918 2344 3187 2409 συνάξεως
3212 2345 3330 2396 ἐκεῖ
3354 2341 3819 2412 γενομένης,,πρ1ν

2252 2442 2422 2514 αὐτὴν
2457 2440 2851 2511 τελειωθῆναι·
2913 2437 3048 2507 φέρε
3095 2435 3189 2488 καὶ
3246 2434 3377 2506 περὶ
3430 2434 3629 2488 τούτου
3680 2433 3818 2486 πάλιν

2253 2536 2663 2606 ἀπολογήσομαι
2691 2536 2759 2604 τῇ
2793 2533 2858 2602 σῇ
2898 2529 3149 2600 εὐσεϐείᾳ
3178 2544 3193 2559 ο
3224 2528 3307 2590 είς
3349 2525 3530 2580 ταῦτα
3551 2525 3660 2596 γάρ
3688 2527 3821 2595 ἡμᾶς

2254 2629 2504 2682 ἕλκουσιν
2521 2628 2571 2680 οἱ
2610 2624 2911 2695 φιλέχθρως
2939 2621 3270 2692 διακείμενοι
3317 2621 3458 2691 πρὸς
3508 2620 3677 2690 ἡμᾶς.
3726 2618 3825 2670 Ναὶ

2254 2723 2500 2790 γέγονεν,
2527 2718 2771 2791 ὁμολογῶ
2797 2735 2809 2746 ·
2848 2716 2941 2769 καλ⁵
2972 2714 3080 2785 γὰρ
3109 2704 3201 2767 καὶ
3227 2711 3297 2765 τὰ
3317 2710 3516 2782 πρῶτα
3540 2710 3707 2778 λέγων
3735 2709 3826 2761 οὒκ

2256 2814 2592 2883 ἐψευσάμην,
2617 2807 2889 2864 καὶτοῦτο
2911 2806 3005 2859 νῦν
3025 2807 3126 2859 οὐκ
3149 2804 3481 2874 ἀρνήσομαι.
3514 2801 3651 2854 Ἀλλ’
3668 2799 3826 2861 ἄλλως

2257 2908 2418 2963 πάλιν
2451 2907 2484 2977 ἢ
2515 2907 2590 2969 ὡς
2618 2904 2772 2957 αὐτοὶ
2810 2899 3199 2972 κατειρήκασίν
3228 2899 3345 2950 ἐστι
3369 2897 3432 2950 τὸ
3466 2893 3825 2967 πρᾶγμα.Καί

2261 3018 2350 3071 μοι
2378 2998 2735 3069 συγχώρησον
2766 2997 2961 3057 εἰπεῖν,
2991 2994 3091 3046 οὐκ
3132 2989 3425 3059 ὲγκαινίων
3477 2988 3691 3058 ἡμέραν
3740 2985 3827 3036 ὲπ-

2259 3093 2606 3163 ετελέσαμεν,
2638 3087 3025 3142 θεοσεϐέστατε
3048 3083 3325 3152 Δῦγουστε
3344 3097 3357 3111 ⁸
3390 3080 3552 3133 τοῦτο
3580 3079 3687 3148 γάρ
3716 3075 3828 3129 ἀθέ-

2263 3201 2419 3256 μιτον
2448 3178 2516 3253 ἦν
2551 3179 2765 3250 ἀληθῶς
2796 3177 2903 3248 πρὸ
2935 3176 3036 3244 τῆς
3062 3174 3163 3243 σῆς
3193 3170 3546 3243 προστάξεως
3584 3166 3825 3234 ποιῆσαι·

580 3286 770 3343 fuisset
804 3307 822 3341 ι
865 3299 1040 3355 neque
1070 3281 1317 3339 consulto
1364 3280 1431 3334 ad
1464 3279 1516 3333 id
1560 3276 1799 3330 animum
1827 3270 2151 3342 appulimus.

2258 3255 2379 3330 οὐδὲ
2432 3277 2496 3328 ὲκ
2559 3270 2916 3344 παρασκευῆς
2947 3269 3026 3330 είς
3076 3265 3233 3318 τοῦτο
3299 3261 3679 3334 παρήλθομεν·
3718 3255 3830 3310 οὐδὲ

583 3378 771 3435 Nullus
791 3377 1098 3446 episcopus,
1126 3372 1306 3428 nullus
1329 3371 1434 3425 fuit
1462 3367 1695 3424 clericus
1721 3373 1988 3427 vocatus;
2023 3359 2156 3416 aedi-

584 3474 709 3527 ﬁcio
742 3473 942 3541 quippe
969 3468 1200 3539 plurima
1228 3465 1474 3520 deerant.
1510 3462 1625 3516 Imo
1672 3472 1801 3514 vero
1842 3456 1988 3511 nulla
2018 3469 2158 3524 prte-

582 3568 668 3620 via
724 3564 1020 3619 monitione
1072 3560 1297 3631 synaxis
1340 3566 1529 3613 coacta
1563 3563 1682 3618 est;
1723 3563 1783 3606 ut
1816 3566 1883 3606 ne
1935 3549 2058 3605 inde
2086 3546 2159 3600 illi

582 3655 950 3713 calumniandi
1000 3652 1345 3708 occasionem
1400 3656 1757 3717 aucupentur.
1805 3644 1875 3698 At
1921 3655 2035 3696 rem
2082 3638 2162 3692 uti

582 3761 732 3822 gesta
761 3760 844 3804 est
870 3747 1048 3803 nullus
1080 3746 1295 3817 ignorat
1342 3760 1357 3797 :
1400 3740 1644 3795 ausculta
1682 3748 1861 3791 tamen
1882 3775 1899 3801 ,
1930 3746 2059 3802 rogo
2089 3740 2159 3794 te,

582 3860 683 3913 pro
714 3854 801 3897 tua
826 3839 1243 3896 mansuetudine
1273 3846 1327 3889 et
1354 3832 1659 3888 tolerantia.
1694 3829 1913 3883 Festum
1942 3824 2159 3894 quidem

584 3943 705 3989 erat
730 3933 1014 3987 Paschatis
1048 3945 1062 3981 :
1093 3928 1385 3999 p0pulique
1422 3926 1611 3992 ingens
1634 3919 1823 3974 aderat
1846 3916 2161 3977 multitudo,

585 4035 849 4095 tantaque
872 4022 1307 4079 Christianorum
1346 4018 1522 4079 turba,
1558 4022 1815 4083 quantam
1854 4011 1905 4063 in
1940 4006 2163 4077 singulis

587 4118 816 4173 urbibus
832 4124 1048 4171 exstare
1066 4114 1418 4182 imperatores
1436 4107 1658 4163 Christo
1690 4105 1887 4159 addicti
1913 4110 2165 4171 peropta»

589 4224 649 4264 re
691 4209 947 4263 debeant.
1002 4205 1137 4261 Cum
1192 4205 1357 4272 igitur
1405 4198 1649 4255 ecclesia:
1701 4209 1885 4263 paucae
1942 4206 2166 4247 numero

588 4308 772 4356 essent
803 4308 857 4353 et
900 4297 1316 4368 angustissimzc,
1368 4290 1570 4361 ingenti
1616 4288 1762 4343 edito
1805 4284 2037 4340 tumultu
2079 4298 2165 4337 ro-

588 4394 786 4463 gabant
819 4388 1018 4461 populi,
1048 4397 1107 4442 ut
1134 4387 1187 4442 in
1220 4399 1413 4455 magna
1453 4380 1681 4436 ecclesia
1709 4385 2007 4433 conventus
2042 4388 2166 4443 age-

591 4496 745 4540 retur
786 4502 800 4539 :
842 4484 1022 4553 ibique
1050 4494 1238 4534 omnes
1262 4491 1450 4549 preces
1482 4474 1769 4528 funderent
1807 4484 1904 4539 pro
1948 4481 2037 4521 tua
2082 4481 2160 4520 sa-

2261 3366 2557 3428 ἐπίσκοπός
2576 3382 2661 3427 τις
2706 3362 2825 3416 οὐδὲ
2854 3360 3008 3423 ἄλλος
3037 3356 3298 3427 κληρικὸς
3338 3356 3420 3417 εἰς
3443 3353 3605 3406 τοῦτο
3647 3348 3832 3416 κέκλη-

2259 3476 2373 3522 ται,
2408 3458 2587 3510 ἔλειπε
2610 3456 2666 3508 δὲ
2689 3452 2856 3507 πολλὰ
2880 3452 2972 3504 καὶ
3005 3448 3080 3519 τῷ
3104 3448 3251 3519 ἔργῳ
3284 3446 3421 3516 (51).
3471 3443 3609 3497 Ἀλλ’
3637 3440 3747 3493 οὐδὲ
3772 3441 3833 3490 ἐκ

2263 3548 2633 3624 παραγγελίας
2671 3546 2894 3615 γέγονεν
2932 3546 2966 3615 ἡ
3000 3540 3239 3605 σύναξις,
3280 3539 3368 3591 ἵνα
3429 3535 3693 3607 πρόφασιν
3739 3528 3829 3583 εὖ-

2267 3661 2431 3717 ρωσιν
2452 3638 2595 3698 οὗτοι
2622 3640 2716 3694 τοῦ
2750 3638 3050 3693 κατειπεῖν.
3096 3632 3261 3688 Ἀλλά
3288 3632 3351 3685 τὸ
3379 3630 3663 3699 γενόμενον
3688 3625 3828 3677 ἴσασι

2263 3739 2497 3801 πάντες·
2523 3735 2751 3789 ἄκουσον
2793 3732 2852 3784 δὲ
2905 3731 3055 3800 ὅμως
3104 3730 3171 3797 τῇ
3206 3722 3406 3778 σαυτοῦ
3455 3717 3706 3787 ἐπιεικείᾳ
3732 3716 3828 3768 καὶ

2268 3828 2639 3901 μακροθυμίᾳ.
2670 3823 2861 3894 Ἐορτὴ
2887 3822 2983 3892 μὲν
3014 3818 3124 3889 γὰρ
3142 3813 3209 3887 ἦν
3232 3815 3293 3866 τὸ
3331 3813 3544 3882 Πάσχα,
3573 3812 3601 3862 ὁ
3626 3808 3679 3862 δὲ
3706 3805 3831 3866 λαὸς

2265 3922 2408 3974 πάνυ
2444 3919 2610 3982 πολὺς
2636 3918 2729 3971 καὶ
2760 3912 3012 3975 τοσοῦτος
3042 3907 3132 3975 ἦν,
3171 3910 3295 3961 ὅσον
3325 3906 3391 3959 ἂν
3440 3903 3673 3968 εὖξαιντο
3695 3897 3831 3951 κατά

2266 4014 2419 4067 πόλιν
2467 4006 2603 4064 εἶναι
2647 4005 2986 4079 Χριστιανῶν
3030 3999 3366 4071 φιλόχριστοι
3421 3993 3669 4064 βασιλεῖς.
3712 3988 3834 4063 Τιξλν

2266 4108 2443 4160 τοίνυν
2494 4100 2796 4171 ἐκκλησιῶν
2854 4096 3048 4165 ὀλίγων
3102 4090 3593 4162 καλ-’βραχυτάτων
3644 4080 3828 4139 οὐσῶν,

2268 4198 2494 4269 θόρυϐος
2542 4191 2609 4265 ἦν
2660 4193 2762 4245 οὐκ
2814 4189 3011 4258 ὀλίγος,
3048 4182 3342 4249 ἀξιούντων
3401 4183 3459 4234 ὲν
3508 4181 3571 4249 τῇ
3633 4172 3830 4245 μεγάλῃ

2268 4265 2535 4361 ἐκκλησίᾳ
2592 4284 2884 4345 συνελθεῖν,
2942 4281 3102 4334 κάκεῖ
3137 4277 3348 4339 πάντας
3385 4272 3635 4343 εὔχεσθαι
3687 4265 3826 4333 ὑπὲρ

2270 4383 2380 4455 (52)
2404 4354 2634 4452 ’ἑῆς-σῆς
2657 4374 2958 4446 σωτηρίαςο
2988 4372 3125 4441 ὅπερ
3144 4369 3239 4422 καὶ
3266 4367 3509 4435 γέγονεν.
3548 4359 3675 4414 Ἀλλ’
3697 4354 3830 4426 ἐμοῦ

2270 4446 2713 4546 παρακαλοῦντος
2740 4467 2878 4529 τέως
2906 4464 3169 4533 ἐπισχεῖν,
3192 4461 3287 4513 καὶ
3310 4460 3460 4520 ὅπως
3491 4456 3673 4525 δήποτε
3696 4446 3831 4519 μετά

591 4576 725 4633 lute.
756 4577 952 4645 Sicque
998 4583 1116 4627 acta
1160 4586 1248 4627 res
1291 4578 1387 4625 est.
1432 4567 1515 4621 Me
1563 4575 1749 4620 contra
1790 4538 2074 4624 hortante,
2108 4570 2154 4612 ut

2273 4538 2501 4636 θλίιζνεως
2534 4566 2591 4618 ὲν
2624 4564 2743 4625 ταῖς
2777 4559 2963 4620 ἄλλαις
3001 4553 3319 4625 ἐκκλησίαις
3370 4546 3701 4617 συναχθῆναι,
3732 4538 3832 4605 οὐχ

2527 4639 2540 4647 .
2791 4653 2811 4656 ,Α
3149 4646 3160 4656 _
3363 4638 3509 4656 mm
3543 4630 3820 4656 [Au-‘7

592 4686 709 4728 rem
758 4670 1021 4739 tantisper
1074 4665 1375 4729 diﬂ'errent,
1431 4670 1485 4716 et
1525 4657 1767 4729 quolibet
1810 4654 1971 4709 modo
2000 4652 2154 4707 etiam

2272 4630 2606 4733 ὑπηκουσαν,
2639 4654 2755 4709 ἀλλ’
2788 4653 2994 4721 ἕτοιμοι
3030 4646 3319 4716 γεγόνασιν
3359 4638 3591 4707 ἐξελθεῖν
3617 4634 3701 4704 τὴν
3734 4630 3832 4681 πό-

590 4780 714 4819 eum
742 4760 1141 4829 compressione
1167 4758 1221 4810 in
1261 4755 1382 4810 aliis
1422 4750 1667 4807 ecclesiis
1695 4757 1871 4803 coetus
1918 4752 2165 4814 agerent,

593 4870 797 4911 morem
825 4852 897 4907 illi
922 4867 1027 4907 non
1053 4863 1267 4921 gessere
1303 4863 1317 4900 :
1360 4844 1518 4918 241
1550 4843 1658 4897 imo
1686 4839 1863 4911 parati
1904 4847 2061 4893 erant
2099 4851 2166 4890 ex

595 4946 727 5001 urbe
748 4945 927 5014 egredi
952 4983 967 5006 ,
1000 4953 1056 4997 ut
1089 4943 1142 4997 in
1172 4938 1399 4996 desertis
1441 4937 1575 4991 locis
1617 4934 1717 4989 sub
1759 4932 1847 4988 dio
1873 4939 2171 4985 conventus

594 5036 964 5101 celebrarent;
992 5034 1162 5087 satius
1189 5033 1447 5086 ducentes
1476 5026 1689 5080 itineris
1724 5022 1966 5093 perferre
2019 5020 2170 5073 labo-

595 5144 735 5193 rem,
771 5142 931 5197 quam
958 5141 1078 5180 cum
1110 5137 1344 5179 mterore
1370 5122 1562 5175 festum
1599 5129 1884 5186 peragere.

670 5225 756 5278 lo.
794 5222 930 5276 Nam
958 5214 1298 5282 ereoe‘milii.
1324 5222 1647 5275 ttnperator,
1671 5219 1724 5262 et
1746 5210 1913 5278 hujus
1942 5217 2162 5275 quoque

670 5368 716 5401 "
736 5365 851 5422 Joel
875 5383 915 5432 ι,
940 5364 992 5416 ’1.

671 5516 781 5587 (49)
810 5513 969 5587 Beg.,
988 5509 1087 5587 Δᾼιὸ
1109 5499 1517 5587 καὶ-,θαυμάξωτ

985 5581 1141 5656 ξ-σχον
1172 5564 1430 5656 ἐξουσίαν.
1444 5570 1551 5656 καὶ,
1561 5564 1887 5650 ψεύσασθαι.

806 5634 1158 5725 ᾖᾶξῖξμέλᾷπε
1276 5642 1449 5725 πολλα
1470 5642 1562 5725 καὶ
1578 5634 2034 5725 λι-ιῖιι’ξρχῳκξμιτξὲἸ

605 5698 1295 5791 ιηῚὶὲςξῖἷὲᾘιιῖῐή’έειίιιίε
1338 5698 1745 5791 desiderantur.
1767 5698 1958 5791 Βέιειιι,
1985 5698 2169 5791 ξλείπε

694 5770 1171 5857 πέλλάκιςῖιαιτῷ
1210 5786 1379 5857 ἔργῳ,
1414 5781 1490 5834 Eo
1515 5781 1640 5857 item
1698 5776 1857 5857 modo
1909 5770 2168 5857 scriptum

606 5839 781 5923 tat-into
806 5839 1260 5935 fderati-iulle‘gio',
1287 5839 1379 5908 sed
1410 5850 1752 5905 einendatum
1782 5854 1839 5898 ut
1866 5856 2026 5906 supra
2048 5839 2168 5891 fuit.

2271 4722 2380 4819 λιν,
2402 4753 2481 4815 εἰς
2519 4750 2643 4811 τοὺς
2699 4746 2937 4817 ἐρήμους
2992 4739 3194 4801 τόπους
3252 4737 3311 4787 ἐν
3372 4732 3507 4804 ἡλίῳ
3557 4722 3827 4781 συνελθεῖν,

2275 4813 2480 4915 βέλτιον
2522 4813 2817 4911 ἡγούμενοι
2874 4834 3119 4904 κάματον
3162 4829 3407 4895 ἐνεγκεῖν
3449 4819 3642 4888 όδοῦ,ἦ
3694 4813 3830 4884 μετά

2273 4936 2449 5007 λύπης
2480 4934 2578 5004 τὴν
2598 4929 2790 5002 ἑορτὴν
2822 4924 3063 4995 ποιῆσαι.

2322 5196 2431 5249 ³15.
2470 5194 2698 5245 Πίστευε
2739 5187 2851 5259 (55)
2872 5185 3001 5256 γὰρ,
3051 5177 3297 5252 βασιλεῦ,
3334 5176 3428 5230 καί
3483 5170 3603 5242 περὶ
3650 5160 3824 5216 τούτου

2340 5480 2453 5550 (δι’.)
2482 5478 2536 5532 1η
2564 5474 2724 5531 editis
2746 5471 2974 5526 habetur
3002 5464 3095 5520 καί
3120 5471 3247 5518 ante
3271 5458 3441 5528 ὑπὲρ,
3464 5452 3551 5509 sed
3580 5450 3626 5503 in
3646 5439 3818 5497 codice

2274 5551 2441 5618 Regio
2474 5550 2643 5602 deest.
2835 5609 2847 5618 _
3038 5606 3050 5618 _
3128 5603 3169 5618 ἢ
3245 5601 3287 5618 ,ξ
3316 5616 3341 5618 _
3458 5588 3615 5618 nam:

2474 5590 2920 5691 Ῐῖεξῖξπωτῴω,
2947 5606 3107 5661 male.
3128 5601 3296 5685 Paulo
3315 5608 3437 5691 post
3458 5590 3673 5691 Nan'nigls‘

2274 5661 2454 5747 ιίινῖῖῗ
2474 5661 3125 5757 λῄῖιῗιξὲἱίιίξῖίξόηὶεσοειεε
3158 5689 3176 5727 :
3210 5661 3357 5728 itane
3398 5662 3599 5737 legerit,
3621 5671 3673 5710 at:
3697 5661 3815 5703 τηου

2274 5763 2445 5819 moria
2471 5753 2652 5827 lapsus
2686 5755 2779 5817 sit,
2816 5753 3106 5806 incertum.
