3954 6500
177 377 269 434 615

1160 350 1539 427 ἈΡοιοοιΑ
1577 366 1668 421 AD
1708 363 2201 422 CONSTANTIUM
2239 362 2359 419 me

3292 361 3402 420 6M

175 495 322 549 πάλιν
362 495 614 568 μάρτυρα
665 493 811 559 δέξαι
865 493 962 565 τὴν
1006 491 1301 563 ἀλήθειανο
1360 492 1442 544 ὅτι
1502 492 1559 543 ὲν
1618 490 1737 551 ταῖς

1848 488 1915 540 rei
1976 496 2166 541 testem
2242 486 2426 555 accipe
2478 484 2797 551 veritatem;
2850 483 2903 537 in
2961 482 3400 555 Quadragesinue

176 587 412 651 συνάξεσι
463 587 562 657 τῆς
621 584 1105 656 Τεσσαρακοστῆς,
1139 582 1228 636 διὰ
1285 582 1346 635 τὸ
1396 582 1504 634 τῶν
1558 580 1736 633 τόπων

175 676 347 730 στενὸν
377 677 472 730 καὶ
494 676 554 730 τὸ
576 676 708 730 πολὺ
728 675 929 746 πλῆθος
954 674 1061 728 τῶν
1090 673 1256 738 λαῶν,
1274 673 1501 726 πλεῖστα
1522 671 1733 737 παιδία,

174 770 258 823 καὶ
298 769 401 823 οὐκ
466 768 646 838 ὀλίγαι
707 767 968 839 νεώτεραι
1023 770 1314 836 γυναῖκες,
1364 764 1612 819 πλεῖσταί
1676 781 1734 818 τε

172 862 403 934 γραῖδες,
427 863 522 917 καὶ
553 863 652 916 ούκ
688 862 858 930 ὀλίγοι
915 862 1184 915 νεανίσκοι
1226 858 1497 921 θλιὸέντες
1530 856 1736 927 ἀπηνέ-

173 957 368 1027 χθησαν
394 959 474 1021 είς
510 958 635 1021 τοὺς
658 956 838 1020 οἴκους
859 974 873 987 ’
905 958 997 1009 κα).
1023 957 1115 1010 τοῦ
1154 954 1290 1009 Θεοῦ
1344 954 1733 1024 παρασχόντος,

171 1047 387 1116 τέθνηκε
425 1047 523 1117 μὲν
543 1046 747 1110 οὐδείς·
778 1046 976 1109 πάντες
1002 1047 1056 1100 δὲ
1083 1048 1405 1116 ἐγόγγυσαν,
1437 1045 1530 1098 καὶ
1569 1044 1734 1113 ἠξίω-

173 1154 261 1190 σαν
292 1137 380 1190 διὰ
417 1137 519 1207 τὴν
561 1138 800 1207 μεγάλην
838 1138 1153 1206 ἐκκλησίαν.
1191 1138 1253 1190 Εί
1278 1137 1335 1189 δὲ
1393 1138 1487 1189 καὶ
1518 1137 1574 1188 ἐν
1620 1137 1738 1198 ταῖς

172 1229 478 1300 προεόρτοις
500 1228 616 1300 (54)
651 1228 872 1299 τοιαύτη
905 1228 1091 1295 γέγονε
1122 1226 1320 1296 θλίψις,
1360 1227 1412 1279 τί
1443 1227 1508 1279 ἂν
1550 1227 1738 1295 ἐγεγὸ-

170 1337 241 1373 νει
274 1321 330 1371 ὲν
365 1320 503 1389 αὐτῇ
527 1321 593 1389 τῇ
618 1320 811 1390 ὲορτῇ;
842 1319 1063 1380 Πάντως
1086 1319 1262 1372 πάντα
1294 1316 1373 1369 ἔτι
1402 1318 1511 1387 (55)
1537 1316 1737 1371 τούτων

169 1408 540 1480 χαλεπώτερα.
590 1408 725 1461 Ἀλλ’
775 1410 875 1461 οὐκ
924 1410 1159 1479 ἔπρεπεν
1189 1409 1309 1461 ἀντὶ
1337 1410 1507 1478 χαρᾶς
1538 1408 1734 1477 λύπην,

169 1503 275 1555 ἀντ’
304 1500 646 1570 εὐφροσύνης
674 1500 888 1565 πένθος,
924 1501 1044 1554 ἀντὶ
1076 1500 1171 1571 τῆς
1221 1500 1410 1569 ἑορτῆς
1466 1497 1737 1568 κλαυθμὸν

169 1592 272 1653 τοῖς
298 1589 447 1652 λαοῖς
472 1589 755 1657 γενέσθαι»
792 1589 944 1653 εἰδὼς
984 1590 1096 1660 (56)
1145 1591 1238 1643 καὶ
1290 1589 1522 1660 μάλιστα
1569 1588 1738 1642 τύπον

170 1682 302 1753 ἔχειν
338 1682 448 1734 τῶν
473 1682 752 1752 Πατέρων.
799 1683 856 1735 '0
887 1682 994 1753 γὰρ
1030 1682 1336 1753 μακαρίτης
1373 1680 1735 1752 Ἀλέξανδρος,

172 1775 361 1827 στενῶν
380 1776 552 1828 ὄντων
582 1774 691 1828 τῶν
720 1775 893 1828 ἄλλων
930 1777 1129 1840 τόπων,
1164 1777 1257 1829 καὶ
1295 1775 1591 1847 οἰκοδομῶν
1640 1775 1738 1846 τὴν

170 1866 277 1919 τότε
314 1866 536 1937 μείζονα
568 1866 926 1937 νομιζομένην
963 1868 1256 1937 ἐκκλησίαν
1275 1866 1371 1938 τὴν
1402 1866 1737 1938 καλουμένην

169 1956 365 2019 Θεωνᾶ,
399 1957 634 2027 συνῆγεν
681 1957 797 2009 ἐκεῖ
827 1956 913 2008 διὰ
975 1957 1033 2009 τὸ
1094 1957 1314 2028 πλῆθος,
1352 1958 1446 2011 καὶ
1493 1958 1739 2025 συνάγων

168 2049 259 2101 οὐκ
292 2048 485 2119 ἡμέλει
524 2049 624 2119 τῆς
648 2050 952 2119 οἰκοδομῆς.
995 2049 1163 2101 Τοῦτο
1196 2050 1288 2103 καὶ
1333 2051 1391 2102 ὲν
1432 2050 1736 2121 Τριϐέροις,

169 2142 254 2193 καὶ
299 2143 355 2193 ὲν
403 2140 668 2211 Ἀκυληῖᾳ
718 2140 1009 2210 γενόμενον
1044 2140 1292 2211 ἑώρακα·
1337 2141 1497 2193 κάκεῖ
1534 2141 1641 2211 γὰρ
1682 2143 1738 2193 ἐν

166 2232 277 2292 ταῖς
300 2232 517 2302 ἑορταῖς
549 2230 636 2283 διὰ
668 2229 728 2283 τὸ
761 2230 981 2300 πλῆθος,
1011 2230 1089 2285 ἔτι
1140 2231 1246 2284 τῶν
1292 2232 1472 2285 τόπων
1530 2232 1735 2286 οἰκοδο-

170 2322 467 2392 μουμένων,
517 2322 747 2393 συνῆγον
797 2324 945 2376 ἐκεῖο
988 2324 1082 2377 καὶ
1132 2326 1229 2395 οὐχ
1286 2318 1442 2396 εὗρον
1494 2324 1735 2380 τοιοῦτον

167 2416 483 2485 κατήγορον.
556 2414 715 2467 Ἀλλὰ
780 2416 870 2468 καὶ
911 2418 939 2469 ὁ
988 2418 1291 2487 μακαρίτης
1345 2434 1437 2469 σου
1487 2418 1734 2487 ἀδελφὸς,

166 2508 220 2559 ἐν
264 2506 546 2578 Ἀκυληίᾳ,
606 2508 862 2577 τοιαύτης
926 2508 1090 2579 οὔσης
1146 2509 1442 2575 συνάξεως,
1476 2512 1734 2581 συνήχθη.

168 2601 315 2653 Οὕτω
346 2600 505 2669 κάγὼ
541 2601 834 2673 πεποίηκα,
894 2604 987 2654 καὶ
1040 2603 1260 2671 γέγονεν
1314 2604 1412 2656 οὐκ
1465 2606 1734 2672 ἐγκαίνια,

166 2694 295 2746 ἀλλὰ
321 2693 542 2758 σύναξις
568 2695 750 2763 εὐχῆς.
780 2695 850 2747 Σὺ
896 2695 992 2764 μὲν
1017 2691 1129 2757 οὖν,
1164 2691 1225 2747 εὖ
1278 2691 1413 2758 οἶδα,
1449 2697 1549 2759 ὅτι,
1586 2697 1735 2766 φιλό-

168 2783 281 2848 θεος
310 2784 407 2846 ὢν,
440 2786 549 2837 τῶν
576 2785 674 2854 μὲν
706 2785 849 2838 λαῶν
883 2785 1119 2856 ἀποδέχῃ
1138 2788 1234 2856 τὴν
1289 2786 1613 2857 προθυμίαν,
1646 2791 1737 2842 καὶ

168 2876 555 2944 συγγινώσκεις
584 2877 726 2948 ἐμοὶ,
756 2877 829 2949 μὴ
864 2876 1165 2932 κωλύσαντι
1190 2877 1443 2931 τοσούτου
1470 2878 1598 2934 λαοῦ
1639 2880 1739 2945 τὰς

164 2984 347 3039 ευχας.

1836 581 2167 651 synaxibus,
2218 582 2287 635 ob
2353 578 2594 635 locorum
2644 577 2944 648 angustiam
3018 578 3400 649 ingentemque

1835 672 2015 742 populi
2068 671 2451 742 frequentiam,
2484 670 2647 742 pueri
2689 669 3018 741 complures,
3069 685 3171 727 nec
3216 685 3402 741 paucae

1831 764 2074 833 jnniores
2128 766 2423 828 mulieres,
2473 764 2657 818 multm
2712 763 2973 828 aniculae,
3026 763 3403 821 adolescentes

1836 855 2074 924 plurimi,
2105 856 2425 926 compressi,
2448 855 2664 910 domum
2694 854 2853 908 delati
2882 862 3007 909 sunt
3034 873 3048 908 :
3080 853 3189 910 Deo
3223 863 3400 910 tamen

1838 949 1999 1003 dante
2027 949 2328 1005 exstinctus
2362 948 2537 1002 nullus
2564 956 2665 1004 est.
2693 946 2799 1002 Sed
2834 945 3072 1002 universi
3110 947 3254 1002 haud
3280 948 3402 1003 sine

1838 1040 2269 1095 murmuratione
2314 1039 2659 1109 postularunt
2702 1049 2760 1093 nt
2804 1038 2860 1093 in
2915 1053 3109 1111 magna
3172 1039 3401 1095 ecclesia

1838 1134 2242 1189 conveniretur.
2291 1134 2443 1201 Quod
2482 1136 2526 1188 si
2573 1134 2763 1189 diebus
2802 1133 3000 1189 festum
3049 1132 3409 1203 praecedenti-

1840 1229 1959 1291 bus,
1991 1234 2141 1280 tanta
2170 1226 2335 1281 fuerit
2360 1228 2714 1296 compressio,
2743 1227 2869 1294 quid
2910 1227 2961 1280 in
3006 1227 3121 1296 ipso
3146 1227 3232 1281 die
3264 1225 3407 1282 festo

1838 1317 2078 1372 futurum
2107 1317 2260 1372 erat?
2302 1317 2446 1372 Sane
2486 1319 2553 1371 iis
2588 1317 2869 1373 acerbiora
2903 1317 3284 1387 contigissent.
3333 1316 3407 1371 At

1842 1426 1943 1465 non
1984 1412 2206 1468 decebat
2247 1426 2343 1479 pro
2384 1410 2577 1481 gaudio
2625 1423 2935 1475 mmrorem,
2978 1425 3076 1479 pro
3112 1410 3295 1464 laztitia
3328 1410 3406 1465 lu-

1841 1513 2011 1564 ctum,
2061 1517 2157 1571 pro
2199 1502 2339 1557 festo
2384 1502 2471 1558 die
2508 1500 2689 1555 ﬂetum
2741 1502 2951 1571 populis
3001 1502 3240 1557 oboriri:
3275 1516 3400 1556 cum

1842 1594 2074 1647 maxime
2107 1609 2211 1647 non
2243 1594 2545 1663 ignorarem
2581 1591 2797 1647 Patrum
2840 1592 2971 1647 mihi
3001 1593 3246 1663 exempla
3275 1607 3404 1662 sup—

1844 1695 2045 1755 petere.
2088 1684 2265 1739 Beatae
2309 1685 2508 1754 quippe
2557 1684 2642 1738 vir
2690 1684 2965 1739 memoria
3008 1683 3315 1741 Alexander
3339 1684 3410 1739 ob

1845 1777 2071 1831 aliorum
2120 1776 2361 1831 locorum
2411 1775 2742 1845 angustiam,
2785 1776 2908 1829 dum
2957 1775 3072 1845 ipse
3101 1774 3409 1839 ecclesiam,

1844 1883 1962 1938 qua:
2003 1870 2240 1924 omnium
2286 1870 2523 1922 maxima
2556 1876 2684 1921 tunc
2724 1866 3036 1935 putabatur,
3069 1865 3305 1920 Theonae
3330 1866 3411 1920 di-

1842 1971 2005 2024 ctam.
2031 1968 2372 2024 exstrueret;
2420 1960 2475 2014 in
2517 1972 2582 2013 ea
2622 1969 2799 2012 tamen
2838 1957 2908 2012 ob
2948 1957 3130 2029 populi
3163 1956 3413 2028 frequen-

1845 2056 1970 2108 tiam
2003 2062 2303 2110 conventus
2344 2056 2476 2124 egit,
2511 2069 2683 2124 neque
2722 2054 2939 2127 interim
2968 2052 3037 2105 ob
3066 2049 3249 2120 populi
3286 2064 3412 2103 con-

1839 2155 2056 2200 ventum
2084 2147 2298 2201 aediﬁcii
2346 2151 2805 2206 constructionem
2840 2150 3245 2205 intermittebat.
3272 2147 3408 2202 Item

1839 2239 2067 2294 similem
2104 2239 2344 2295 Treviris
2368 2251 2424 2296 et
2450 2243 2711 2313 Aquileia:
2753 2244 2949 2299 factam
2979 2244 3084 2297 vidi
3110 2259 3124 2295 :
3154 2242 3244 2298 ubi
3279 2242 3407 2296 item

1837 2332 1907 2387 ob
1935 2333 2250 2402 p0pulorum
2278 2335 2659 2406 frequentiam,
2685 2339 2811 2391 dum
2839 2337 3033 2407 templa
3062 2345 3412 2392 exstrueren-

1840 2436 1946 2491 tur,
1978 2427 2031 2481 in
2059 2427 2166 2481 illis
2194 2428 2545 2484 nihilominus
2585 2439 2889 2484 conventus
2920 2429 3221 2499 agebantur
3249 2444 3263 2479 :
3290 2426 3409 2478 unl-

1839 2515 2033 2587 lusque
2073 2526 2251 2571 tamen
2282 2518 2493 2573 exstitit
2521 2520 2609 2589 qui
2647 2519 2847 2574 factum
2882 2517 3185 2587 huiusmodi
3224 2518 3275 2571 in
3300 2517 3410 2572 cri-

1840 2623 1963 2663 men
1995 2618 2231 2664 vocaret.
2260 2609 2565 2676 Quinetiam
2609 2609 2781 2666 beatae
2828 2611 2914 2665 vir
2936 2609 3211 2665 memoria:
3247 2608 3414 2662 frater

1851 2710 1997 2764 tuus,
2023 2701 2330 2771 hujusmodi
2356 2705 2645 2759 conventui
2670 2703 2930 2773 Aquileiae
2958 2718 3079 2758 cum
3102 2701 3225 2757 aliis
3246 2701 3416 2756 inter-

1843 2790 1964 2845 fuit.
1997 2792 2230 2861 ldipsum
2263 2810 2351 2850 me
2384 2797 2560 2866 egisse
2590 2798 2785 2861 fateor,
2842 2798 2917 2850 ita
2971 2805 3150 2850 tamen
3197 2806 3258 2848 ut
3302 2807 3412 2848 non

1846 2883 2130 2949 dedicatio,
2164 2886 2257 2940 sed
2309 2886 2529 2957 synaxis
2578 2888 2644 2940 ad
2700 2889 2965 2942 orandum
3008 2885 3280 2941 celebrata
3319 2883 3410 2937 sit.

1845 2974 2195 3045 Perspectum
2248 2977 2430 3046 itaque
2466 2976 2637 3031 habeo
2684 2985 2736 3031 te
2774 2986 2959 3046 utpote
2990 2977 3159 3045 pium,
3191 2973 3416 3043 populo-

167 3076 284 3115 rum
331 3061 665 3117 alacritatem
733 3063 1051 3131 approbare,
1099 3062 1339 3133 mihique
1392 3064 1603 3119 veniam
1645 3069 1966 3135 concedere,
2002 3070 2144 3139 quod
2183 3080 2291 3124 tam
2340 3069 2497 3123 multi
2564 3068 2746 3158 populi
2812 3069 3066 3139 precibus
3106 3081 3213 3122 non
3243 3066 3411 3122 obsti-

168 3158 348 3212 terim.

238 3273 323 3328 lG.
361 3267 504 3340 Ἐγὼ
536 3269 593 3322 δὲ
630 3268 741 3339 (57)
770 3266 861 3321 τὸν
901 3270 1226 3323 κατειπόντα
1265 3269 1431 3323 πάλιν
1465 3272 1592 3341 περὶ
1618 3270 1742 3323 τού-

1920 3270 2004 3325 16.
2036 3269 2146 3340 Ego
2176 3282 2302 3323 vero
2329 3267 2654 3338 peroptarim
2682 3268 2785 3323 hoc
2815 3268 2978 3325 etiam
3005 3285 3071 3325 ex
3110 3271 3413 3341 syc0phan-

164 3382 259 3419 του
312 3364 591 3437 ἐρωτῆσαι
655 3361 935 3431 βούλομαι,
989 3360 1092 3413 ποῦ
1140 3361 1368 3432 νόμιμον
1393 3359 1459 3433 ἦν
1487 3362 1741 3432 εὔχεσθαι

166 3457 258 3510 τὸν
290 3457 438 3520 λαὸν,
468 3459 526 3508 ἐν
575 3456 824 3526 ἐρήμοις,
854 3454 886 3525 ἢ
926 3454 984 3506 ὲν
1018 3446 1449 3525 οἰκοδομουμένῳ
1474 3456 1620 3525 τόπῳ
1646 3455 1747 3523 τῆς

168 3551 369 3620 εὐχῆς;
410 3548 519 3601 Ποῦ
546 3548 753 3619 πρέπον
773 3543 843 3617 ἦν
871 3547 965 3599 καὶ
998 3546 1143 3598 ὅσιον
1180 3547 1482 3600 ἐπακοῦσαι
1515 3548 1627 3617 (58)
1655 3548 1747 3600 τὸν

168 3643 295 3695 λαὸν
328 3642 390 3694 τὸ
440 3642 647 3711 Ἀμήν;
691 3642 747 3691 ὲν
787 3641 1032 3709 ἐρήμοις,
1081 3638 1114 3707 ἢ
1164 3639 1221 3690 ἐν
1252 3638 1329 3709 τῷ
1362 3639 1459 3709 ήδη
1510 3638 1747 3709 λεχθέντι

169 3733 475 3805 Κυριακῷς
530 3734 602 3785 Σὺ
654 3732 730 3795 δὲ,
778 3730 1155 3800 θεοφιλέστατε
1201 3730 1441 3801 βασιλεύ,
1480 3730 1583 3783 ποῦ
1624 3732 1750 3793 τοὺς

169 3828 332 3889 λαοὺς
380 3827 447 3879 ἂν
481 3824 671 3895 ἤθελες
698 3824 932 3875 ἐκτεῖναι
955 3821 1053 3884 τὰς
1102 3825 1289 3892 χεῖρας
1356 3824 1448 3875 καὶ
1493 3822 1748 3887 εὔξασθαι

170 3921 300 3989 περὶ
326 3917 423 3971 σοῦ
446 3935 461 3984 ;
491 3916 620 3969 ἔνθα
648 3917 742 3968 καὶ
770 3914 1030 3985 ’Έλληνες
1064 3914 1306 3967 ἵστανται
1333 3916 1747 3987 παρερχόμενοι,

168 4011 205 4082 ἢ
247 4014 303 4065 ἐν
332 4009 412 4081 τῷ
439 4008 714 4079 ἐπωνύμῳ
742 4025 833 4060 σου
869 4008 1037 4078 τόπῳ,
1063 4006 1121 4059 ὃν
1148 4006 1270 4076 ἢδη,
1308 4008 1504 4077 μᾶλλον
1551 4007 1623 4058 δὲ’
1657 4008 1751 4059 καὶ

172 4107 288 4175 ἅμα
340 4103 423 4174 τῷ
484 4102 738 4172 θεμελίῳ,
784 4100 1057 4172 κυριακὸν
1114 4099 1311 4164 πάντες
1363 4102 1747 4169 ὀνομάζουσιν;

171 4194 323 4259 Οἶδα,
363 4197 448 4249 ὅτι
472 4195 564 4247 τὸν
595 4194 685 4247 σὸν
712 4194 875 4246 τόπον
902 4193 1233 4265 προκρίνειςο
1270 4193 1476 4263 μειδιᾷς
1498 4194 1623 4263 γὰρ,
1658 4192 1750 4244 καὶ

171 4289 328 4342 τοῦτο
366 4288 588 4359 μειδιῶν
633 4288 935 4358 σημαίνεις.
983 4285 1122 4340 Ἀλλ’
1148 4286 1273 4349 ἔδει,
1310 4288 1471 4355 φησὶν
1497 4287 1525 4336 ὁ
1573 4301 1753 4337 κατει-

172 4381 311 4447 πὼν,
346 4384 405 4435 ὲν
433 4384 554 4443 ταῖς
584 4379 899 4451 ἐκκλησίαις
928 4381 1087 4434 τοῦτο
1127 4378 1398 4447 γενέσθαι.
1422 4378 1628 4449 Μικραί⁵
1655 4377 1753 4447 μὲν

172 4469 267 4527 οὖν
295 4473 392 4528 καὶ
425 4471 609 4525 στεναὶ
636 4472 807 4524 πᾶσαι
825 4472 958 4543 (59),
991 4471 1134 4525 καθὰ
1162 4472 1439 4542 προεῖπον,
1469 4470 1605 4540 πρὸς
1628 4468 1752 4530 τοὺς

172 4565 334 4630 λαούς
375 4566 534 4618 εἰσιν.
570 4562 878 4617 Ἔπειταδὲ
936 4562 1054 4627 πῶς
1087 4560 1294 4633 ἔπρεπε
1350 4559 1604 4628 γενέσθαι
1652 4556 1752 4619 τὰς

1849 3374 1898 3420 ta
1935 3362 2238 3419 sciscitari:
2272 3362 2489 3415 ubinam
2535 3362 2788 3432 populum
2846 3375 3007 3417 orare
3043 3377 3257 3430 aequum
3288 3362 3409 3426 fuit,

1847 3458 1897 3511 in
1929 3456 2228 3511 desertisne
2253 3454 2405 3521 locis,
2436 3470 2503 3509 an
2529 3455 2581 3509 in
2622 3455 2887 3511 orationis
2917 3455 3059 3521 loco,
3091 3458 3255 3511 etiam
3281 3456 3411 3513 dum

1844 3559 2216 3605 exstrueretur
2233 3550 2255 3601 ?
2275 3548 2501 3603 Ubinam
2536 3550 2776 3603 sanctius
2804 3549 3299 3619 condecentiusque
3316 3566 3414 3620 po-

1847 3642 2003 3714 pulus
2028 3641 2395 3710 responderet,
2427 3656 2619 3707 amen;
2656 3642 2708 3694 in
2742 3642 2999 3709 desertis,
3029 3657 3095 3696 an
3136 3643 3190 3697 in
3218 3643 3414 3715 templo

1846 3736 1986 3805 quod
2006 3733 2117 3800 jam
2141 3732 2515 3802 appellabatur
2538 3731 2915 3786 Dominicum?
2943 3732 3187 3799 Quonam
3212 3734 3265 3788 in
3294 3732 3415 3789 loco

1849 3827 2056 3889 malles,
2108 3824 2511 3893 religiosissime
2559 3824 2874 3893 imperator,
2913 3824 3169 3895 populum
3223 3840 3415 3880 manus

1848 3918 2138 3975 extendere
2166 3932 2229 3972 ac
2254 3932 2351 3986 pro
2385 3922 2437 3971 te
2467 3916 2670 3971 orare?
2692 3915 2875 3971 lllicne
2908 3917 2996 3971 ubi
3030 3927 3413 3988 pertransenn-

1850 4022 1930 4067 tes
1959 4010 2187 4081 gentiles
2218 4010 2439 4079 gradum
2470 4009 2760 4074 sisterent;
2796 4024 2866 4063 an
2900 4008 2956 4064 in
2998 4009 3117 4065 loco
3169 4011 3257 4067 cui
3304 4011 3414 4082 jam

1850 4113 2000 4157 tuum
2028 4104 2256 4157 inditum
2292 4112 2376 4157 est
2406 4116 2600 4156 nomen
2633 4120 2648 4156 :
2685 4116 2846 4171 quem
2876 4115 3042 4167 nunc,
3070 4101 3180 4158 imo
3211 4104 3418 4170 ajactis

1851 4195 2217 4249 fundamentis
2276 4193 2615 4248 Dominicum
2667 4208 2857 4248 omnes
2914 4195 3151 4248 vocant?
3195 4194 3413 4250 Certum

1851 4301 1984 4341 sane
2043 4287 2215 4341 habeo
2273 4294 2324 4340 te
2374 4292 2524 4338 tuum
2572 4285 2846 4339 anteferre
2913 4282 3134 4339 locum:
3167 4285 3414 4340 subrides

1851 4376 2020 4438 enim,
2065 4389 2130 4429 ac
2178 4373 2505 4429 subridendo
2539 4384 2817 4426 assensum
2855 4370 3151 4440 significas.
3197 4371 3303 4425 Sed
3338 4373 3414 4426 ait

1852 4470 2206 4532 obtrectator,
2259 4467 2312 4521 in
2355 4464 2600 4520 ecclesiis
2644 4462 2773 4517 illud
2823 4470 3003 4516 actum
3054 4464 3313 4533 oportuit.
3344 4465 3418 4519 At

1854 4571 2043 4617 omnes
2086 4557 2329 4622 omnino,
2366 4555 2445 4611 uti
2478 4554 2586 4625 iam
2616 4552 2820 4607 dictum
2848 4557 2954 4617 est,
2978 4564 3075 4620 pro
3099 4551 3278 4621 populi
3304 4551 3415 4606 fre-

248 4840 363 4908 (54)
393 4838 554 4904 Reg..
587 4838 650 4891 El
676 4837 733 4890 δὲ
763 4838 856 4891 καὶ
891 4839 949 4908 έν
970 4836 1093 4897 ταῖς
1129 4830 1476 4908 ᾐπροεόρτοις,
1523 4828 1742 4886 subaudi

1857 4826 2045 4884 αὑτοῦ.
2069 4827 2214 4908 Iussi
2250 4838 2302 4880 ut
2330 4826 2581 4908 dia'conus
2614 4822 2873 4908 psalmum
2914 4823 3134 4905 legeret,
3172 4821 3422 4908 populus-

173 4903 433 5035 ήμέὸραις.
462 4903 600 4962 Editi
625 4923 771 4972 vero,
799 4908 861 4961 Εί
886 4907 941 4960 δὲ
977 4908 1034 4959 ὲν
1066 4903 1537 4982 τοίςπροεόρτοις.

180 5050 202 5052 _
246 4984 265 5052 (
304 4982 361 5040 5)
395 4980 555 5046 Reg.,
586 4978 800 5052 πάντως
830 4996 931 5031 που
954 4976 1021 5052 τὰ
1047 4976 1148 5052 ἐτι;
1172 4973 1364 5037 Basrl.,
1394 4973 1609 5035 πάντως
1648 4987 1749 5023 που

173 5044 273 5105 ἐτί.
307 5052 451 5105 Editi
482 5044 634 5113 vero,
665 5050 880 5110 πάντως
910 5048 1085 5100 πάντα
1120 5044 1218 5097 ἔτι.

249 5122 364 5193 (56)
397 5119 531 5188 Reg.
567 5111 627 5174 et
649 5118 834 5185 Basil.,
862 5120 909 5171 et
937 5117 981 5169 δ’
1001 5116 1099 5179 ὡς,
1125 5114 1403 5169 mendose.
1439 5111 1607 5167 Paulo
1635 5118 1757 5181 post

176 5191 336 5245 Rea“
367 5191 530 5245 ἕγων.

297 5233 336 5256 .,
367 5208 530 5256 εχων.

226 5207 336 5262 83.,
367 5207 530 5259 εχων.
1715 5250 1728 5263 .

250 5261 459 5333 (57)_ln
487 5257 648 5333 editis
674 5270 794 5326 post
820 5257 875 5310 δέ
904 5257 1098 5327 legitur
1126 5254 1254 5320 καί,
1301 5252 1398 5308 sed
1438 5252 1553 5307 haec
1590 5260 1758 5322 parti-

173 5326 296 5387 cul'a
335 5326 498 5383 abest
527 5344 557 5381 a
593 5326 727 5395 Reg.

247 5401 361 5474 (58)
390 5392 700 5474 Legenduni
728 5397 883 5474 nobis
909 5397 1121 5474 videtur
1141 5392 1468 5474 ὑπακούσαι,
1493 5405 1618 5474 qua:
1646 5406 1751 5474 vos

175 5463 1091 5541 apud'ecCIEsiasticossignificat,
1123 5465 1450 5541 re:p_o_ndere.
1492 5463 1545 5516 Id
1608 5471 1756 5541 patet

177 5532 244 5596 ei
274 5545 340 5596 iis
371 5553 501 5609 qua:
520 5537 681 5609 paulo
711 5532 859 5609 infra'
878 5538 1127 5609 leguntur
1157 5556 1169 5591 :
1207 5532 1299 5609 Τί,
1351 5533 1447 5609 έὰν
1469 5532 1748 5609 ’τοσούτω-ν

174 5612 320 5666 λαῶν
365 5600 724 5663 συνελθόντων
757 5606 851 5676 μία
882 5600 1104 5677 γένηται
1150 5605 1321 5676 φωνὴ,
1357 5603 1620 5672 λεγόντων
1642 5600 1748 5677 ⁸τῷ

134 5720 141 5725 -
175 5682 295 5753 Θεῴ
344 5682 408 5735 τὸ
456 5678 664 5753 Ἀμήᾲν;
695 5672 831 5753 etin
872 5672 1424 5753 _Apologia'sequenti
1465 5690 1610 5753 nu_m_.
1638 5672 1745 5753 2‘5:

177 5743 534 5823 Πρὸέτρεπον
559 5743 649 5823 {by
680 5746 775 5817 μὲν
804 5743 1467 5823 διάκονονήὰναγινώσκειν
1512 5743 1745 5823 ψαλμὸν,

174 5814 301 5888 τόὺς
327 5814 384 5877 δὲ
408 5820 573 5883 λαοὺς
601 5814 917 5872 ὑπακούεινο
944 5820 1065 5872 ’Ότι
1092 5819 1171 5880 είς
1198 5814 1295 5869 τὸν
1315 5816 1485 5871 αἰῶνα
1514 5815 1575 5869 τὸ
1602 5814 1749 5888 ἕλεος

1856 4917 1955 4971 que
1984 4898 2308 4971 responderet
2341 4909 2360 4948 :
2401 4894 2662 4971 Quoniam
2687 4895 2742 4971 in
2787 4892 3036 4971 tetanum
3065 4892 3420 4948 misericordia

1859 4965 2023 5040 ejus:
2057 4965 2178 5040 nam
2236 4965 2530 5040 ὑπακούειν
2559 4967 2637 5020 sic
2689 4965 3014 5040 intellectum
3050 4972 3279 5040 oportet,
3294 4977 3418 5040 Anon

1861 5030 1921 5095 ut
1955 5039 2210 5095 Nannius.
2242 5036 2597 5102 nuscultaret,
2632 5045 2689 5089 ut
2722 5037 2922 5103 optime
2956 5030 3263 5089 observavit
3286 5030 3418 5087 Cou-

1863 5110 2083 5166 telerius
2113 5110 2163 5160 in
2194 5106 2343 5160 Notis
2378 5108 2443 5159 ad
2467 5104 2647 5159 Const.
2696 5115 2866 5171 apost.
2897 5104 2992 5161 lib.
3029 5120 3145 5171 vm,
3176 5118 3295 5172 cap.
3328 5103 3416 5162 13.

1859 5197 1981 5251 pag.
2015 5178 2141 5241 554,
2165 5178 2256 5251 ubi
2287 5178 2435 5251 v_oci_s
2463 5176 2784 5251 ὑπακουέτω
2809 5176 2947 5230 idem
2985 5190 3112 5251 usus
3148 5184 3250 5229 ρει.
3292 5173 3422 5226 Vide

1859 5243 2105 5305 eunuiem
2155 5246 2502 5301 Cottelerium
2560 5249 2624 5300 ad
2672 5248 2866 5300 librum
2924 5260 2963 5298 ll
3006 5243 3183 5297 Const.
3228 5252 3419 5309 apou.,

1858 5337 1908 5376 c.
1934 5319 2023 5383 57,
2048 5336 2101 5388 p.
2124 5318 2249 5388 205.
2287 5315 2441 5387 Apud
2466 5317 2863 5388 ecclesiasticos
2882 5329 3002 5388 _vox
3034 5311 3427 5388 bzzxoéetvﬁa

1858 5375 2125 5445 seritenlia
2174 5375 2487 5457 plerumque
2540 5404 2636 5440 usu
2686 5387 2850 5457 venit.
2876 5382 2976 5437 Job
3001 5398 3119 5457 xiv,
3153 5384 3215 5457 l_5_
3243 5400 3269 5457 :_
3288 5375 3421 5434 Εἶτα

1859 5461 2105 5523 καλέσεις
2126 5478 2151 5527 ’Δ
2174 5452 2287 5527 ἐγὼ
2330 5452 2522 5511 Esi-co:
2572 5455 2971 5527 ὑπακούσομαι.
3020 5453 3121 5527 libi
3178 5452 3418 5520 Vulgata,

1859 5532 2065 5586 vocabis
2088 5518 2191 5593 in'e,
2216 5518 2271 5583 ἐι
2298 5546 2389 5598 ego
2419 5529 2733 5598 respondebo
2764 5518 2962 5598 ιίίξξλει
2984 5522 3115 5575 alias
3151 5518 3311 5598 saepe}

1932 5601 2044 5671 (59)
2073 5588 2348 5654 Parlicula
2375 5588 2510 5671 καῖέ
2530 5610 2649 5663 quae
2676 5596 2729 5647 in
2768 5592 2929 5645 editis
2963 5601 3079 5657 post
3113 5588 3294 5671 στεναί
3321 5589 3420 5644 ba-

1856 5660 2038 5737 betur,
2061 5670 2233 5728 deleta
2262 5679 2345 5726 est
2373 5669 2425 5723 in
2477 5660 2609 5735 Reg.
2644 5677 2872 5732 eamque
2900 5676 3207 5732 expungere
3245 5660 3419 5717 visunt

1855 5752 1956 5797 851.
