3954 6514
578 382 683 443 613

1190 384 1250 443 S.
1289 384 1657 443 ATHANASII
1697 385 1844 443 OPP.
1880 384 2061 443 PARS
2099 387 2142 442 Ι.
2179 418 2250 429 —-
2286 387 2655 447 HISTORICA
2685 390 2781 448 ‘ET
2821 368 3241 452 DOGMATICA.

3703 405 3795 462 616

576 503 793 572 quentia
826 509 981 557 erant
1011 501 1379 570 angustiores.
1413 501 1619 557 Deinde
1640 517 1749 572 quo
1766 510 1926 572 pacto
1950 501 2107 557 Domi

2235 503 2432 575 εὐχάς;
2484 506 2580 560 καὶ
2618 504 2737 571 πῶς
2761 506 2873 581 (60)
2930 505 2999 582 ἦν
3053 510 3258 580 βέλτιον
3317 512 3459 569 κατὰ
3504 514 3670 587 μέρος
3712 502 3797 573 διαὶ

573 610 702 652 num
739 592 949 664 precari
992 592 1192 656 decuit,
1221 593 1416 662 quidve
1444 594 1614 649 satius
1653 592 1786 659 fuit;
1812 594 2109 663 separatim

2234 594 2576 670 διῃρημένως
2614 597 2705 652 τὸν
2737 598 2863 653 λαὸν
2908 602 3025 672 μετ’
3073 604 3415 659 ἐπικινδύνου
3463 610 3722 680 συνοχῆς,
3763 612 3792 685 ἢ

571 702 641 742 ne
682 684 933 757 populum
982 699 1105 741 cum
1140 685 1440 757 periculosa
1485 684 1889 754 compressione
1934 697 2132 741 conve-

569 779 712 846 nire,
750 794 813 834 an
843 779 897 835 in
936 777 1055 834 loco
1095 778 1184 849 qui
1231 779 1395 833 totius
1429 776 1786 832 multitudinis
1822 777 1935 846 jam
1962 792 2133 847 capax

567 881 745 938 esset;
778 880 835 926 ut
880 886 985 926 una
1032 870 1140 927 illic
1188 870 1484 939 eademque
1520 869 1841 941 populorum
1874 883 1977 927 vox
2008 884 2131 925 cum

568 962 918 1018 consonantia
950 962 1267 1017 audiretur?
1298 960 1598 1023 Praestabat
1624 972 1773 1018 certe
1803 961 1969 1028 istud,
2004 962 2131 1019 hinc

564 1054 709 1110 enim
742 1053 1101 1109 multitudinis
1127 1052 1536 1107 unanimitatem
1564 1067 1790 1110 cernere
1806 1063 1945 1120 erat,
1976 1054 2131 1110 hinc-

566 1163 673 1218 que
708 1147 876 1204 Deus:
890 1158 973 1203 est
1008 1146 1073 1201 ad
1114 1145 1511 1202 exaudiendum
1542 1147 1860 1217 promptior.
1890 1144 1945 1202 Si
1978 1163 2129 1201 nam-

564 1255 670 1310 que
690 1239 843 1307 juxta
871 1238 1039 1309 ipsius
1067 1237 1366 1295 Saivatoris
1402 1239 1815 1308 promissionem
1838 1239 1906 1306 7’,
1923 1238 2128 1295 duobus

559 1333 632 1387 ob
662 1331 823 1404 242
856 1332 1152 1402 quamlibet
1184 1345 1405 1387 causam
1445 1330 1919 1396 convenientibus,
1949 1330 2125 1399 quod-

558 1439 771 1495 cunque
810 1424 1067 1495 petierint
1110 1424 1325 1480 dabitur
1354 1421 1459 1477 illis
1493 1423 1661 1492 :quid
1694 1422 1739 1477 si
1776 1422 1909 1477 tanti
1942 1421 2124 1493 populi

556 1517 927 1573 convenientis
969 1532 1073 1571 uua
1121 1531 1224 1572 vox
1266 1514 1602 1586 proferatur,
1630 1528 1733 1585 qua
1774 1515 1882 1570 Deo
1918 1515 2121 1579 dicunt,

554 1606 762 1662 Amen?
791 1606 1019 1663 Cuinam
1065 1606 1167 1661 hoc
1211 1605 1385 1676 ipsum
1439 1617 1547 1658 non
1586 1604 1928 1659 admirationi
1978 1604 2124 1659 fuit?

556 1699 688 1767 Quis
721 1708 773 1755 te
794 1699 1013 1755 beatum
1038 1714 1144 1753 non
1172 1696 1506 1768 praedicavit,
1541 1711 1662 1751 cum
1705 1706 1908 1752 tantam
1938 1697 2119 1768 populi

554 1792 914 1864 frequentiam
944 1809 1051 1848 uno
1072 1793 1125 1848 in
1159 1793 1276 1847 loco
1307 1798 1551 1847 coactam
1578 1800 1822 1847 cerneret
1850 1792 1874 1845 ?
1901 1792 2119 1862 Ecquod

2234 686 2385 751 ὄντος
2416 688 2518 759 ἤδη
2540 687 2702 742 τόπου
2722 690 2815 744 τοῦ
2839 691 3134 763 δυναμένου
3181 694 3434 759 δέξασθαι
3494 698 3721 767 πάντας,
3745 704 3795 756 ἐν

2234 777 2380 848 αὐτῷ
2410 778 2680 833 συνελθεῖν
2698 781 2790 833 καὶ
2820 781 2950 852 μίαν
2972 784 3067 837 καὶ
3100 783 3200 854 τὴν
3217 784 3384 857 αὐτὴν
3410 787 3553 857 μετὰ
3584 804 3794 859 συμφω-

2232 868 2350 933 νίας
2376 869 2483 922 τῶν
2510 869 2653 923 λαῶν
2684 872 2933 939 γενέσθαι
2981 873 3080 945 τὴν
3114 878 3296 948 φωνήν
3322 892 3336 941 ;
3391 876 3566 930 Τοῦτο
3605 866 3797 947 βέλτιον

2228 956 2324 1033 ἦν·
2350 961 2506 1015 τοῦτο
2527 962 2634 1035 γὰρ
2666 965 2759 1018 καὶ
2794 966 2893 1035 τὴν
2926 965 3226 1037 ὁμοψυχίαν
3263 967 3503 1021 ἐδείκνυε
3540 969 3638 1024 τοῦ
3673 970 3795 1042 πλή-

2229 1053 2356 1117 θους
2374 1068 2387 1082 ⁸
2421 1054 2561 1108 οὕτω
2588 1058 2679 1109 καὶ
2696 1058 2906 1127 ταχέως
2933 1062 2961 1112 6
2982 1059 3114 1122 Θεὸς
3143 1059 3505 1115 ἐπακούει.Εἰ
3531 1061 3795 1139 γὰρμιατίι

2227 1143 2326 1217 τὴν
2356 1144 2520 1198 αὐτοῦ
2545 1146 2638 1199 τοῦ
2670 1146 2920 1219 Σωτῆρος
2949 1147 3300 1217 ἐπαγγελίαν,
3337 1148 3432 1201 ἐὰν
3460 1148 3556 1202 δύο
3584 1166 3795 1219 συμφω-

2226 1237 2447 1306 νήσαιεν
2477 1238 2604 1309 περὶ
2635 1239 2850 1305 παντὸς,
2880 1235 2941 1294 οὗ
2971 1239 3037 1294 ἂν
3069 1240 3181 1312 (61)
3205 1241 3561 1311 αἰτήσωνται,
3579 1244 3796 1320 γενήσε-

2224 1345 2313 1383 ται
2341 1330 2524 1393 αὐτοῖς
2547 1347 2561 1360 ·
2588 1330 2661 1396 τί,
2690 1331 2785 1384 ἐὰν
2804 1331 3069 1386 τοσούτων
3094 1331 3239 1386 λαῶν
3291 1331 3659 1385 συνελθόντων
3712 1334 3797 1403 μία

2224 1420 2447 1494 γένηται
2506 1422 2679 1495 φωνὴ,
2727 1407 2990 1493 λεγόντων
3030 1422 3109 1495 τῷ
3145 1422 3264 1494 Θεῷ
3314 1423 3375 1477 τὸ
3436 1424 3656 1496 Ἀμην;
3711 1423 3795 1489 Τίς

2222 1513 2353 1584 γοῦν
2400 1514 2500 1568 οὐκ
2547 1514 2851 1586 ἐθαύμασε;
2909 1516 3004 1580 Τίς
3037 1517 3137 1570 οὐκ
3184 1515 3495 1588 ἐμακάρισέ
3546 1534 3609 1570 σε
3670 1517 3794 1587 (62),

2225 1606 2439 1677 βλέπων
2469 1606 2560 1660 τὸν
2597 1607 2847 1661 τοσοῦτον
2880 1608 3006 1661 λαὸν
3037 1610 3095 1662 ὲν
3129 1608 3209 1662 ἐν).
3248 1608 3576 1662 συνελθόντα
3618 1610 3792 1678 τόπῳς

2222 1701 2345 1765 Πῶς
2365 1701 2583 1773 ἔχαιρον
2614 1703 2663 1755 οἱ
2690 1701 2809 1757 λαοὶ
2846 1702 3131 1773 βλέποντες
3154 1702 3421 1773 ἀλλήλους
3448 1702 3511 1755 τὸ
3540 1704 3794 1776 πρότερον

2221 1793 2279 1846 ἐν
2305 1793 2653 1866 διῃρημένοις
2682 1795 3061 1866 συνερχόμενοι
3092 1794 3315 1861 τόποις;
3368 1794 3547 1849 Τοῦτο
3597 1795 3794 1859 πάντας

554 1885 687 1943 illud
720 1885 1037 1956 populorum
1087 1884 1339 1955 gaudium
1372 1921 1388 1948 ,
1419 1881 1534 1953 qui,
1568 1898 1692 1937 cum
1745 1884 2007 1939 hactenus
2064 1885 2109 1938 in

2220 1885 2483 1957 ηὔφρανε,
2511 1886 2606 1940 καὶ
2639 1886 2796 1958 μόνον
2818 1888 2909 1941 τὸν
2930 1887 3249 1942 διαϐαλόντα
3274 1888 3388 1959 (65)
3407 1888 3671 1957 ἐλύπησε.

554 1978 813 2050 sejunctis
852 1976 985 2033 locis
1028 1976 1432 2044 convenissent,
1503 1985 1692 2031 mutuo
1736 1974 1847 2046 jam
1909 1986 2198 2048 conspectu
2238 1978 2588 2036 fruerentur?
2637 1980 2693 2036 Id
2744 1981 2996 2038 omnibus
3046 1982 3247 2036 latitia;
3298 1996 3467 2038 causa
3525 1980 3652 2047 fuit,
3703 1979 3793 2035 soli

551 2074 917 2146 syc0phantaa,
946 2072 1221 2128 maeroris.

624 2189 713 2244 17.
749 2188 939 2245 Restat
983 2197 1042 2243 ut
1092 2188 1249 2244 alteri
1285 2188 1403 2259 ejus
1447 2187 1737 2258 objectioni
1776 2202 1897 2259 qua:
1942 2188 2119 2244 adhuc

552 2291 798 2354 superest
827 2293 1132 2337 occurram.
1163 2280 1442 2352 Siquidem
1485 2284 1593 2336 aiet
1622 2280 1762 2337 forte
1789 2282 2121 2337 obtrectator

551 2374 684 2430 ille:
712 2372 963 2429 Edilicio
1015 2372 1250 2427 nondum
1294 2371 1585 2442 completo,
1628 2372 1770 2426 haud
1820 2371 1969 2426 licuit
2011 2372 2119 2427 illic

548 2463 823 2519 orationes
854 2462 1098 2517 fundere.
1128 2462 1197 2517 At
1252 2461 1509 2517 Dominus
1539 2462 1612 2517 ait
1640 2480 1651 2516 :
1681 2462 1761 2516 Tu
1794 2474 1968 2517 autem
1999 2480 2115 2517 cum

546 2554 800 2618 oraveris,
819 2553 959 2606 intra
976 2553 1030 2606 in
1049 2552 1345 2607 cubiculum
1366 2562 1535 2617 tuum,
1558 2563 1605 2607 et
1622 2552 1809 2608 claude
1830 2554 2023 2607 ostium
2046 2554 2113 2609 “.

550 2643 689 2711 Quid
736 2656 865 2713 ergo
897 2643 1096 2698 dixerit
1145 2644 1540 2701 calumniator?
1581 2646 1693 2702 imo
1736 2650 1938 2718 potius,
1985 2650 2114 2721 quid

548 2736 839 2807 prudentes
874 2751 936 2790 ac
963 2736 1075 2790 veri
1105 2734 1397 2792 Christiani
1438 2739 1713 2794 dixerint?
1740 2740 1848 2795 llos
1880 2740 2116 2796 interro-

547 2846 636 2900 ga,
670 2829 1003 2899 imperator:
1036 2844 1157 2882 nam
1189 2828 1256 2885 de
1296 2829 1399 2885 illis
1429 2832 1646 2901 quidem
1692 2833 1953 2903 scriptum
1984 2843 2063 2888 est
2095 2852 2110 2889 :

544 2923 751 2981 Stultus
784 2924 945 2979 stulta
976 2923 1285 2995 loquetur“
1314 2941 1330 2980 :
1356 2924 1420 2979 de
1454 2925 1536 2980 his
1572 2940 1721 2991 vero,
1755 2926 1833 2980 Ab
1869 2926 2010 2979 omni
2028 2943 2116 2980 sa-

543 3019 714 3088 piente
749 3017 1026 3073 consilium
1057 3018 1315 3085 accipe".
1356 3016 1488 3073 Cum
1525 3026 1632 3072 tam
1662 3031 1903 3088 augusta:
1938 3018 2113 3073 eccle-

536 3112 659 3179 siae,
704 3126 823 3167 cum
868 3120 1017 3166 tanta
1065 3120 1212 3166 esset
1256 3110 1438 3182 populi
1486 3110 1813 3181 frequentia,
1843 3120 1902 3167 ut
1930 3112 1996 3167 ad
2025 3112 2116 3167 deo

542 3214 686 3257 serta
711 3201 825 3257 loca
860 3203 1127 3273 proficisci
1156 3213 1433 3273 pararent,
1470 3204 1597 3274 quid
1618 3203 1762 3259 facto
1794 3218 1929 3275 opus
1957 3204 2112 3259 erat?

540 3292 787 3351 Solitudo
854 3297 1060 3367 absque
1107 3294 1316 3374 ianuis,
1364 3311 1428 3353 ac
1481 3298 1759 3367 quibusvis
1805 3297 2111 3354 volentibus

537 3386 757 3455 pervia;
793 3386 1104 3443 Dominicus
1135 3396 1314 3443 autem
1365 3386 1517 3443 locus
1561 3389 1732 3443 muris
1778 3389 1990 3445 cinctus
2028 3397 2115 3444 est

2294 2191 2381 2246 17.
2407 2191 2518 2262 Τὴν
2537 2190 2663 2258 γοῦν
2689 2189 2880 2260 ἑτέραν
2909 2188 2999 2242 καὶ
3028 2187 3466 2259 ὑπολειπομένην
3494 2187 3790 2258 ἀντιλογίαν

2219 2282 2383 2338 αὐτοῦ
2419 2282 2673 2353 βούλομαι
2715 2280 3022 2350 προλαϐεῖν.
3074 2268 3131 2331 ὁ0
3164 2278 3264 2350 μὲν
3294 2278 3407 2350 γὰρ
3458 2279 3792 2350 κατειρηκώς

2220 2374 2330 2444 (64)
2360 2390 2555 2444 φησιν·
2619 2372 2782 2426 Οὐπω
2829 2371 3141 2425 τετελείωτο
3191 2372 3251 2425 τὸ
3309 2371 3497 2443 ἔργον,
3557 2372 3655 2425 καὶ
3702 2372 3787 2425 οὐκ

2217 2467 2383 2539 ἐχρῆν
2428 2465 2591 2537 εὐχὰς
2651 2464 2937 2534 γενέσθαι’
2973 2467 3000 2518 6
3046 2465 3104 2518 δὲ
3143 2464 3350 2537 Κύριος
3372 2458 3499 2518 εἶπε
3524 2481 3538 2495 ·
3578 2467 3662 2518 Σὺ
3707 2464 3785 2528 δὲ,

2218 2558 2364 2611 ὅταν
2396 2558 2706 2627 προσεύχῃ
2727 2599 2741 2622 ,
2767 2558 3005 2612 εἴσελθε
3038 2561 3125 2624 εις
3163 2558 3232 2611 τὸ
3257 2558 3507 2628 ταμεῖόν
3536 2573 3675 2623 σου,
3700 2559 3789 2612 καὶ

2216 2639 2587 2706 ἀπόκλεισον
2632 2651 2737 2716 τὰς
2769 2651 2969 2719 θύρας.
3017 2650 3083 2703 Τί
3106 2649 3284 2703 τοίνυν
3321 2650 3552 2721 φήσειεν
3593 2652 3623 2703 6
3666 2667 3793 2702 κατ-

2216 2744 2449 2815 ήγορος;
2507 2743 2722 2799 Μᾶλλον
2772 2744 2827 2796 δέ
2868 2743 2919 2795 τί
2977 2742 3044 2796 ἂν
3092 2744 3293 2795 εἴποιεν
3321 2744 3372 2795 οἱ
3408 2743 3659 2814 φρόνιμοι
3703 2742 3791 2795 καὶ

2214 2833 2429 2905 ἀληθῶς
2464 2834 2575 2905 (65)
2630 2834 2978 2903 Χριστιανοί;
3039 2833 3273 2897 Τούτους
3325 2834 3437 2905 γὰρ
3496 2832 3786 2905 ἐρώτησον,

2214 2924 2466 2995 βασιλεῦ·
2510 2924 2694 2995 ἐπειδὴ
2729 2924 3035 2996 γέγραπται
3066 2924 3193 2995 περὶ
3242 2924 3340 2995 μὲν
3402 2924 3650 2989 ἐκείνων,
3714 2924 3790 2977 ἔτι

2225 3018 2288 3071 '0
2320 3016 2519 3087 μωρὸς
2552 3017 2718 3087 μωρὰ
2748 3015 3036 3082 lamiae:-
3085 3016 3212 3087 περὶ
3261 3016 3319 3070 δὲ
3370 3017 3601 3083 τούτων,
3632 3015 3792 3084 Παρὰ

2213 3108 2441 3176 παντὸς
2516 3110 2809 3179 φρονίμου
2869 3110 3246 3179 συμϐουλίαν
3318 3109 3612 3178 λάμϐανε.
3675 3108 3790 3162 Τῶν

2213 3199 2516 3273 ἐκκλησιῶν
2542 3201 2744 3254 στενῶν
2772 3199 2967 3264 οὐσῶν,
3011 3201 3105 3254 καὶ
3162 3200 3271 3253 τῶν
3322 3199 3471 3253 λαῶν
3523 3200 3790 3253 τοσούτων

2212 3294 2402 3361 ὄντων,
2433 3293 2529 3347 καὶ
2560 3292 2895 3364 βουλομένων
2916 3294 2995 3356 είς
3020 3292 3121 3357 τὰς
3147 3293 3393 3365 ἐρήμους
3430 3292 3706 3358 ἀπελθεῖν,
3737 3290 3789 3344 τί

2214 3388 2387 3440 ποιεῖν
2430 3385 2633 3458 ἐχρῆνς
2682 3385 2746 3437 Ἠ
2772 3384 2870 3455 μέν
2901 3384 3011 3456 γὰρ
3050 3384 3259 3456 ἔρημος
3289 3383 3513 3455 ἄθυρος,
3543 3383 3640 3436 καὶ
3683 3382 3789 3436 τῶν

536 3480 827 3551 januisque
865 3479 1081 3536 clausus
1113 3496 1129 3533 :
1157 3482 1419 3550 adestque
1453 3480 1563 3536 illic
1597 3481 1948 3551 conspicuum
1989 3480 2107 3549 pios

2220 3478 2546 3550 Βουλομένων
2593 3478 2761 3543 δίοδός
2813 3479 2980 3543 ἐστιν,
3020 3480 3050 3532 6
3087 3478 3145 3530 δὲ
3186 3478 3469 3550 Κυριακὺς
3501 3477 3670 3541 τόπος
3697 3476 3789 3530 καὶ

539 3574 681 3628 inter
731 3572 1099 3644 profanosque
1149 3573 1464 3629 discrimen.
1530 3570 1742 3638 Nonne,
1788 3573 2104 3643 imperator,

538 3665 718 3737 quivis
754 3667 967 3736 sapiens
1002 3679 1125 3721 cum
1174 3674 1260 3718 tua
1293 3663 1497 3735 pietate
1529 3663 1633 3719 hoc
1662 3663 1965 3735 eligendum
2009 3677 2105 3719 au-

535 3762 693 3817 nuit?
728 3759 937 3831 Quippe
958 3766 1163 3815 norunt
1191 3757 1280 3813 hic
1307 3755 1605 3826 legitimam
1634 3769 1754 3811 esse
1780 3755 2104 3822 orationem,

538 3854 649 3908 illic
676 3852 960 3907 incondita:
1002 3850 1179 3905 turba:
1219 3848 1583 3917 suspicionem
1614 3865 1627 3901 :
1657 3847 1759 3902 nisi
1795 3846 1937 3902 forte
1972 3847 2106 3902 deii-

534 3942 805 4001 cientibus
835 3938 1366 4012 locishsolitudinem
1415 3938 1451 3992 ii
1488 3938 1758 3993 duntaxat
1785 3937 1875 4007 qui
1922 3949 2100 4004 orant,

537 4031 801 4099 incolant,
837 4040 896 4084 ut
930 4029 1188 4086 lsraelitis
1227 4028 1457 4098 contigit
1486 4044 1500 4081 :
1528 4028 1638 4083 imo
1676 4042 1806 4083 vero
1831 4027 1936 4089 illis
1965 4042 2103 4096 quo-

536 4139 642 4194 que
666 4131 942 4178 exstructo
990 4120 1362 4187 tabernaculo,
1390 4119 1543 4175 locus
1581 4118 1844 4175 orationis
1870 4119 2103 4173 circum-

534 4216 769 4286 scriptus
800 4214 853 4269 in
891 4222 1162 4283 posterum
1203 4211 1321 4267 fuit.
1356 4211 1400 4268 Ο
1428 4211 1676 4278 Domine,
1712 4226 1775 4266 ac
1806 4224 1936 4267 vere
1986 4210 2101 4265 Rex

536 4324 722 4380 regum
753 4307 987 4374 Christe,
1013 4304 1115 4362 Fili
1168 4304 1263 4362 Dei
1316 4305 1614 4375 unigenite,
1650 4304 1885 4361 Verbum
1910 4314 1965 4359 et
2001 4302 2101 4359 Sa-

531 4402 734 4475 pientia
759 4401 960 4467 Patris,
991 4402 1045 4457 in
1074 4400 1277 4455 crimen
1318 4413 1447 4455 ecce
1475 4412 1657 4464 vocor,
1689 4397 1831 4468 quod
1864 4396 2101 4452 clemen-

530 4495 662 4549 tiam
686 4502 832 4549 tuam
861 4492 1087 4565 pupulus
1112 4491 1435 4563 deprecatus
1463 4491 1553 4556 sit,
1579 4506 1642 4545 ac
1669 4506 1765 4561 per
1799 4498 1851 4545 te
1879 4486 2098 4544 Patrem

530 4597 703 4655 tuum,
747 4588 834 4657 qui
871 4597 954 4642 est
995 4602 1157 4656 super
1205 4586 1383 4641 omnia
1430 4585 1592 4649 Deus,
1641 4583 1963 4648 obsecrarit,
2002 4598 2099 4652 pro

531 4680 703 4735 salute
729 4679 913 4734 famuli
949 4680 1024 4734 tui
1063 4678 1291 4748 piissimi
1314 4676 1640 4733 Constantii.
1667 4675 1774 4731 Sed
1812 4684 1915 4729 tuae
1944 4674 2100 4729 boui-

2206 3568 2533 3640 τετείχισται
2578 3568 2673 3622 καὶ
2722 3567 3043 3639 τεθύρωται,
3076 3566 3171 3621 καὶ
3217 3566 3319 3637 τὴν
3361 3565 3625 3638 διαφορὰν
3679 3565 3788 3618 τῶν

2207 3664 2445 3719 εὐσεϐῶν
2468 3662 2691 3718 καὶτῶν
2726 3659 2838 3733 (66)
2869 3660 3108 3731 βεϐήλων
3135 3658 3432 3712 δείκνυσιν.
3470 3654 3632 3729 Ἀρα,
3689 3656 3790 3727 βα-

2208 3755 2376 3823 σιλεῦ,
2408 3757 2468 3810 οὐ
2501 3755 2640 3827 μετὰ
2662 3755 2761 3826 τῆς
2788 3753 2887 3825 σῆς
2915 3751 3194 3814 εὐσεϐείας
3220 3752 3330 3814 πᾶς
3368 3750 3613 3804 ὁστισοῦν
3648 3749 3782 3818 φρό-
3896 3766 3899 3767 ⁷

2205 3867 2359 3921 νιμος
2391 3848 2625 3903 ἐπινεύει
2646 3846 2817 3917 τούτῳ
2841 3863 2856 3912 ;
2884 3846 3058 3899 "lauat
3087 3842 3218 3914 γὰρ,
3240 3844 3325 3896 ὅτι
3348 3837 3455 3897 ὧδε
3510 3843 3604 3915 μὲν
3630 3842 3787 3911 νόμι-

2208 3958 2306 4013 μος
2325 3941 2477 4012 εὐχὴ,
2505 3940 2688 3995 ἐκεῖδὲ
2711 3939 2934 4019 ἀταξίας
2963 3936 3167 4006 ὑποψία
3185 3954 3198 3968 ·
3231 3937 3281 3989 εί
3315 3937 3391 4008 μὴ
3433 3936 3573 4008 ἄρα.
3602 3936 3782 3987 τόπων

2208 4034 2281 4105 μὴ
2304 4035 2492 4095 ὄντων,
2537 4034 2683 4103 μόνοι
2707 4032 2805 4103 τὴν
2845 4030 3079 4102 ἐρημίαν
3119 4029 3186 4083 ἂν
3226 4031 3434 4089 οἰκοῖεν
3464 4028 3573 4098 (67)
3602 4028 3647 4081 oi
3684 4026 3783 4079 εὐο

2203 4127 2441 4197 χόμενοι,
2489 4124 2676 4194 ὥσπερ
2699 4119 2768 4195 ἦν
2816 4124 2846 4176 ὁ
2906 4120 3153 4192 Ἰσραήλ’
3206 4119 3345 4173 ἀλλὰ
3369 4120 3636 4183 κάκείνοις
3672 4117 3781 4186 τῆς

2205 4220 2408 4291 σκηνῆς
2433 4218 2730 4289 γενομένης
2770 4214 3098 4289 περιώριστο
3154 4214 3341 4268 λοιπὸν
3389 4216 3491 4286 τῆς
3532 4214 3688 4284 εὐχῆς
3749 4214 3783 4264 6

2200 4310 2382 4373 τόπος.
2412 4302 2483 4361 Ὦ
2532 4307 2774 4361 Δέσποτα
2825 4306 2918 4360 καὶ
2983 4303 3199 4375 ἀληθῶς
3258 4303 3480 4375 βασιλεῦ
3518 4304 3621 4357 τῶν
3658 4299 3779 4371 (68)

2202 4399 2586 4471 βασιλευόντων
2614 4396 2834 4469 Χριστὲ,
2864 4396 2957 4449 Υἱέ
2974 4395 3070 4449 τοῦ
3094 4394 3230 4449 Θεοῦ
3272 4393 3578 4467 μονογενὲς,
3603 4392 3782 4459 Λόγος

2200 4495 2293 4548 καὶ
2325 4493 2491 4563 Σοφία
2518 4492 2613 4546 τοῦ
2640 4492 2873 4563 Πατρὸς,
2911 4489 3098 4561 ἐπειδὴ
3122 4489 3219 4561 τὴν
3248 4489 3349 4561 σὴν
3368 4484 3780 4559 φιλανθρωπίαν

2198 4586 2227 4638 6
2260 4584 2387 4649 λαὸς
2415 4582 2638 4655 ηὔξατο,
2668 4581 2762 4636 καὶ
2779 4580 2867 4635 διὰ
2893 4580 2984 4633 σοῦ
3016 4579 3108 4633 τὸν
3140 4578 3233 4634 σὺν
3270 4578 3492 4650 Πατέρα
3534 4577 3621 4631 τὸν
3646 4580 3653 4590 “
3675 4574 3782 4627 ἐπὶ

2200 4675 2415 4729 πάντων
2444 4675 2577 4729 Θεὸν
2641 4672 3002 4744 παρεκάλεσε,
3046 4672 3176 4743 περὶ
3235 4670 3335 4741 τῆς
3369 4668 3633 4742 σωτηρίας
3668 4664 3776 4719 τοῦ

529 4770 627 4822 tati
660 4770 865 4838 gratias
913 4785 1034 4840 ago,
1068 4771 1207 4840 quod
1257 4767 1389 4822 mihi
1444 4766 1576 4821 vitio
1624 4776 1867 4821 vertatur
1915 4764 2094 4835 legum

2220 4766 2298 4819 τοῦ
2354 4765 2682 4836 θεράποντος
2736 4762 2828 4816 τοῦ
2890 4761 3280 4816 εὐσεϐεστάτου
3350 4755 3717 4815 Κωνσταντίου
3753 4792 3777 4815 ,

530 4869 745 4917 tuarum
809 4862 1135 4919 observatio.
1190 4860 1439 4917 Graviori
1508 4859 1656 4915 enim
1725 4854 2096 4913 criminationi

2220 4827 2629 4928 ιατηγοροῦμαι.
2671 4852 2830 4907 Ἀλλὰ
2857 4855 2921 4923 τῇ
2954 4854 3021 4923 σῇ
3044 4852 3339 4923 ἀγαθότητι
3368 4851 3547 4921 χάρις,
3576 4848 3649 4901 ὅτι
3672 4843 3773 4897 διὰ·

589 5098 646 5167 1,”
675 5095 865 5153 Matth.
894 5111 1050 5161 xvm,
1080 5095 1134 5149 2.
1210 5094 1254 5125 ⁸⁸
1280 5091 1472 5147 Matth.
1502 5106 1581 5155 vr,
1611 5088 1663 5144 6.
1740 5089 1783 5121 ⁸¹
1814 5086 1920 5141 lsa.
1957 5099 2109 5139 χχχιι

2296 5083 2341 5115 ⁸⁸
2376 5080 2513 5135 Tob.
2545 5095 2595 5133 tv
2648 5078 2733 5135 19.

528 5312 541 5351 r_
599 5278 712 5351 (60)
736 5275 799 5351 lu
824 5277 1003 5342 editis,
1038 5276 1142 5351 xu).
1156 5277 1272 5327 ἐκεῖ
1300 5272 1439 5336 πῶς.
1479 5269 1587 5325 Sed
1618 5270 1733 5323 ἐκεῖ
1763 5265 1905 5338 quod
1958 5263 2097 5320 desit

527 5349 581 5405 in
602 5348 854 5406 omnibus
889 5363 1016 5402 mss.
1040 5350 1296 5401 omissum
1322 5354 1423 5398 est.

599 5420 709 5489 (61)
746 5419 901 5488 Reg.,
931 5413 991 5472 οὐ
1013 5418 1127 5489 ἐάν.
1347 5480 1361 5489 _
1736 5478 1780 5489 υ
1896 5476 1908 5489 _

591 5478 705 5562 (‘62)
728 5491 793 5542 Σε
828 5478 979 5543 deest
1002 5489 1052 5562 in
1074 5488 1323 5562 Reg._ne_c
1347 5480 1541 5562 lectum
1561 5489 1643 5536 est
1679 5496 1708 5534 a
1736 5478 1967 5540 Nannio,
1993 5490 2083 5545 qut

524 5554 710 5627 vertit,
751 5569 842 5613 aut
866 5576 967 5612 non
997 5559 1133 5613 inter
1158 5555 1333 5624 felicia
1362 5554 1662 5628 prwdicet.‘
1703 5621 1717 5628 μ
1751 5621 1761 5628 _
1938 5617 1977 5628 ﬁ
2001 5616 2033 5628 η

597 5617 710 5701 (65)
770 5630 899 5701 Reg.
947 5644 1118 5701 quem
1158 5617 1448 5701 'sequiniur
1476 5661 1510 5701 ,n
1544 5621 1906 5701 διαϐαλόνταλ
1938 5617 2079 5701 ῌάῑι.

524 5687 755 5760 Εοιηιιῖ..
786 5687 1205 5761 ἐνδιαϐαλόνταε.
1237 5694 1399 5748 Busil.
1430 5694 1559 5747 edit.
1591 5692 1760 5745 Paris.
1792 5701 1845 5743 et
1868 5687 2079 5749 Colom,

522 5769 916 5825 ὲενδιαϐοιλόντα.

588 5840 700 5910 (64)
720 5839 880 5904 Editi,
899 5836 1171 5900 mendose,
1191 5833 1651 5903 κατείρηκέςᾸῖιεε
1680 5873 1695 5900 ,
1714 5825 2074 5897 κατειρηκώς.

2272 5259 2543 5332 (65)Βθε.
2583 5270 2638 5315 et
2675 5258 2837 5313 Basil.
2868 5271 3004 5328 quos
3033 5250 3332 5323 sequimur.
3373 5246 3602 5311 ἀληθῶς.
3625 5243 3773 5298 Ειιὶδ

2198 5334 2258 5396 ti,
2284 5331 2527 5402 ἀληθεῖς.
3310 5374 3313 5375 ν

2266 5422 2376 5496 (66)
2402 5422 2523 5476 Τῶν
2547 5422 2700 5477 deest
2724 5419 2777 5474 in
2806 5417 2943 5484 Reg.

2262 5492 2373 5588 (67)
2404 5513 2504 5588 είς⁸
2522 5513 2654 5582 Reg.
2687 5521 2741 5564 et
2778 5507 2948 5588 Dasil.
2976 5506 3124 5588 Edit._
3143 5520 3276 5588 vero
3326 5492 3763 5588 ﬁnisfinem.

2187 5563 2706 5644 οιπὲέῖὲίρῗ’ἰ;ὀὶήὶἲὶ.ζ
2754 5580 2977 5642 οἰκεῖον,
3020 5575 3183 5629 male.
3238 5572 3405 5644 Paulo
3440 5579 3553 5640 post
3591 5563 3765 5631 εἴτε..

2185 5656 2538 5730 περιώριστο,
2562 5642 2787 5722 optime.
2827 5648 2964 5702 Editi
2996 5646 3132 5701 utale
3163 5642 3539 5716 περιώριστον.

2259 5728 2369 5822 (68)
2403 5748 2547 5822 Haec,
2591 5742 2813 5822 βασιλεύ
2843 5739 2972 5807 τῶν,
2999 5740 3186 5796 desunt
3214 5739 3266 5794 in
3289 5738 3420 5806 Reg.
3445 5728 3593 5788 Paulo
3617 5730 3769 5795 post

2188 5813 2361 5888 idem,
2389 5820 2525 5888 Λόγε
2554 5813 2647 5871 καί
2685 5813 2875 5883 Σοφία.
