3954 6494
204 402 302 462 617

1235 422 1584 483 APOLOGIA
1622 428 1715 485 AD
1751 431 2245 494 CONSTANTIUM
2282 437 2419 495 IMP.

3339 455 3444 513 618

201 521 352 578 τοῦτο
382 524 479 578 καὶ
511 525 570 577 ἐν
599 530 713 593 τοῖς
734 531 846 594 σοῖς
881 533 1066 605 νόμοις
1086 536 1471 614 διαϐέϐλημαι.
1494 545 1749 611 Μειζόνωι

1873 565 2058 608 ansam
2137 555 2441 623 dedissem,
2487 571 2553 614 ac
2605 557 2794 617 fuisset
2846 562 3085 634 legitima
3144 573 3440 629 accusandi

202 616 303 689 γὰρ
331 616 396 671 ἂν
414 618 725 693 διεϐλήθην,
753 624 846 679 καὶ
877 621 945 698 ἦν
968 628 1183 701 ἀληθῶς
1206 632 1476 707 ἔγκλημα,
1507 640 1557 692 εί
1585 638 1643 693 δν
1660 640 1770 712 (69)

199 706 513 807 ᾠκοδόμὶησε
528 712 705 807 τόπον
736 715 765 768 6
798 715 1048 787 βασιλεὺς
1072 706 1489 800 παρηρχόμεθα,
1518 733 1611 804 καὶ
1645 706 1773 807 ἔρηζ

203 815 296 899 μον
343 797 663 899 ’ἐζητοῦμεν
725 810 805 873 είς
861 811 1047 884 εὐχήν.
1095 797 1238 882 Πῶς
1266 797 1341 873 ἂν⁷
1394 822 1424 875 6
1466 797 1771 899 staﬁva-po;

197 889 501 964 ὲφλυάρησε
533 896 692 952 τότεε
723 900 838 966 πῶς
866 903 933 957 ἂν
963 901 1030 975 ἦν
1079 908 1300 976 πιθανὸς
1350 912 1549 984 λέγων·
1592 889 1769 985 illico;

197 980 384 1052 θένησέ
408 1000 503 1038 σου
525 987 618 1041 τὸν
647 989 807 1046 τόπον
826 1009 841 1025 ο
871 997 1019 1069 παρὰ
1045 999 1269 1072 γνώμην
1306 980 1456 1060 ἐστὶν
1480 1007 1643 1062 αὐτοῦ
1664 980 1679 985 ⁷
1707 1010 1769 1065 τὸ

196 1069 512 1141 γινόμενον’
549 1077 775 1147 ἐγέλασε
807 1069 1249 1159 παρερχόμενοςλ
1298 1092 1466 1159 ἔδειξε
1506 1096 1603 1169 τὴν
1648 1099 1770 1173 ἕρη-

194 1179 290 1262 μον
311 1164 628 1262 πληροῦσαν
645 1172 739 1226 τοῦ
770 1174 933 1230 τόπου
952 1178 1050 1251 τὴν
1081 1183 1270 1253 χρείαν
1291 1202 1304 1215 ·
1332 1164 1581 1257 θέλοντας
1610 1164 1770 1262 εὖξα-

194 1252 311 1307 σθαι
346 1253 513 1321 λαοὺς
550 1261 851 1323 κεκώλυκε.
885 1266 1069 1323 Ταῦτα
1094 1272 1284 1342 ἢθελεν
1336 1277 1548 1345 εἰπεῖν’,
1597 1281 1770 1338 ταῦτα

191 1342 398 1415 ἐζήτει·
435 1348 530 1400 καὶ
583 1350 657 1422 μή
715 1353 890 1426 εὑρὼν
940 1358 1183 1430 ἄχθεται,
1229 1362 1325 1417 καὶ
1362 1342 1545 1423 λοιπὸν
1576 1370 1768 1440 λόγους

191 1435 432 1493 πλάττει.
459 1441 646 1496 Ταῦτα
668 1445 776 1518 γὰρ
810 1450 857 1502 εί
917 1450 1120 1521 ἔλεγεν,
1150 1454 1413 1512 ἐδυσώπει
1444 1461 1555 1533 (70)
1584 1435 1766 1535 κόίμέί

190 1527 373 1601 ῶσπερ
405 1532 503 1586 νῦν
539 1535 737 1603 ἀδικεῖ,
773 1539 864 1594 τὸν
918 1542 1164 1600 διαϐόλου
1218 1549 1415 1623 τρόπον
1459 1553 1763 1625 ἀναλαϐὼν,

190 1621 277 1717 καὶ
306 1628 795 1701 παρατηρούμενος
840 1635 965 1701 τοὺς
1000 1621 1497 1717 προσευχομένουςςο
1554 1647 1634 1703 διὸ
1672 1621 1767 1705 και

187 1710 389 1812 εσφάλη
418 1722 731 1789 παραγνοὺς
751 1723 809 1777 τὸ
832 1725 926 1778 τοῦ
943 1729 1160 1801 Δανιήλ⁶
1201 1710 1417 1806 ἐνόμισε
1442 1710 1550 1809 γὰρ
1571 1741 1599 1793 6
1622 1741 1765 1812 ἀμα-

185 1802 301 1875 θὴς,
326 1798 408 1860 ὅτι
431 1810 525 1863 καὶ
540 1813 635 1865 ἐπὶ
663 1815 758 1868 σοῦ
784 1817 851 1871 τὰ
883 1820 993 1874 τῶν
1022 1798 1378 1882 Βαϐυλωνίων
1412 1798 1623 1904 κρατεῖ,
1661 1798 1763 1889 ,καὶ

184 1896 281 1997 ούκ
304 1896 467 1968 ἔγνω,
489 1903 571 1957 ὅτι
606 1905 757 1973 φίλος
788 1904 841 1964 εἴ
860 1912 973 1984 (71)
999 1913 1093 1968 τοῦ
1114 1920 1382 1991 μακαρίου
1410 1896 1639 1997 Δανιήλγ·
1668 1929 1762 1983 καὶ
1791 1901 1834 1959 Β

184 1986 271 2042 τὸν
312 1991 477 2046 αὐτὸν
507 1995 655 2067 αὐτῷ
684 2000 815 2055 Θεὸν
868 2011 1211 2076 προσκυνεῖς,
1244 2012 1335 2066 καὶ
1386 2015 1448 2068 ού
1506 2018 1760 2087 κωλύεις,

180 2080 313 2136 ἀλλὰ
342 2084 516 2151 θέλεις
538 2090 743 2157 πάντας
761 2093 1035 2166 εὔχεσθαι,
1070 2102 1246 2168 εἰδὼς,
1270 2106 1352 2159 ὅτι
1377 2108 1594 2165 πάντων
1615 2080 1761 2169 ἐστίν

177 2172 329 2318 ἓχὴ,
359 2176 629 2243 σώζεσθαί
658 2202 716 2238 σε
757 2190 849 2242 καὶ
885 2189 1190 2259 βασιλεύειν
1222 2198 1282 2252 ὲν
1308 2201 1500 2277 εἰρήνῃ
1532 2204 1759 2262 διαπαν-

240 2282 287 2318 ε.

240 2282 287 2328 ς.

244 2443 342 2540 lg
384 2444 530 2516 Ἐγὼ
562 2450 662 2520 μὲν
685 2449 779 2508 οὖν
808 2458 903 2512 καὶ
935 2461 1107 2540 ταῦτα
1142 2468 1277 2539 πρὸς
1303 2471 1395 2528 τὸν
1426 2480 1755 2537 κατειπόντα

172 2532 519 2640 ἀπὶοδύρομαι
541 2556 553 2569 ·
596 2543 661 2595 σὺ
688 2543 764 2607 δὲ,
791 2532 1167 2619 θεοφιλέστατε
1188 2532 1502 2631 Ἀΰγουστε,
1536 2532 1756 2640 ζήσειας

172 2625 395 2692 πολλαῖς
428 2631 565 2685 ἐτῶν
605 2637 894 2707 περιόδοις,
948 2645 1040 2698 καὶ
1096 2647 1165 2701 τὰ
1211 2625 1461 2720 εγκαίνια
1489 2625 1755 2716 tanta:

170 2732 342 2782 σειας.
365 2721 439 2823 .Ai
467 2722 577 2793 γὰρ
614 2728 901 2799 γενόμεναι
950 2736 1103 2807 παρὰ
1130 2740 1347 2796 πάντων
1376 2746 1503 2816 περὶ
1534 2750 1633 2821 τῆς
1654 2752 1755 2823 σῆς

170 2812 448 2882 σωτηρίας
472 2815 631 2885 εὐχαὶ
654 2818 753 2873 οὐκ
782 2823 1126 2894 ἐμποδίζουσι
1177 2832 1279 2904 τὴν
1318 2835 1426 2890 τῶν
1450 2812 1755 2909 -ὲγκαινίῶν

165 2903 505 2975 πανήγυριν.
539 2908 629 2979 Μὴ
655 2910 812 2965 τοῦτο
836 2914 1212 2985 ψευδέσθωσαν
1234 2903 1285 2977 oi
1307 2903 1538 2998 ἀμαθεῖς
1555 2948 1568 2960 ο
1617 2934 1755 2991 ἀλλὰ

162 2995 319 3067 παρὰ
352 2998 454 3069 μὲν
472 2999 583 3054 τῶν
612 3005 870 3077 Πατέρων
905 3012 1242 3083 μαθέτωσαν,
1272 2995 1670 3091 ἀναγνώτωσαν
1698 3029 1753 3082 δὲ

161 3087 257 3188 καὶ
402 3090 675 3188 Γραιράςζ
693 3097 895 3164 μᾶλλον
951 3102 1008 3156 δὲ
1067 3106 1217 3178 παρὰ
1273 3111 1368 3166 σοῦ
1390 3087 1748 3188 μαθέτωσαν,

160 3179 446 3250 φιλολόγος
479 3185 591 3257 γὰρ
622 3184 689 3253 εἴ,
722 3191 805 3244 ὅτι
853 3192 948 3246 καὶ
979 3196 1185 3267 Ἰησοῦς
1223 3202 1252 3255 6
1298 3179 1421 3258 τοῦ-
1455 3179 1749 3267 Ἰωσεδὲκό

158 3272 362 3343 ἱερεὺς,
396 3278 489 3329 καὶ
519 3280 567 3331 οἱ
590 3280 807 3351 ἀδελφοὶ
839 3287 1025 3352 αὑτοῦ,
1063 3293 1158 3345 καὶ
1188 3297 1492 3368 Ζοροϐάϐελ
1514 3301 1542 3355 6
1570 3304 1744 3359 Σαλα-

155 3363 332 3437 θιὴλό
364 3369 548 3439 σοφὸς,
600 3373 695 3467 καὶ
727 3376 960 3449 Ἔσδρας
1015 3382 1043 3435 6
1092 3363 1272 3457 ἱερεὺς
1302 3390 1396 3444 καὶ
1440 3392 1535 3447 τοῦ
1577 3396 1741 3467 νόμου

155 3463 546 3555 γραμματεὺς,
582 3463 677 3518 τοῦ
703 3467 849 3538 ἱεροῦ
878 3469 990 3543 (72)
1024 3476 1162 3544 μετὰ
1206 3479 1306 3551 τὴν
1365 3463 1743 3555 αἰχμαλωσίαν

154 3552 611 3651 οἰκοδομουμένου
647 3597 662 3622 ,
718 3560 813 3614 καὶ
872 3565 1137 3639 ἐνστάσης
1207 3571 1309 3642 τῆς
1363 3552 1741 3651 Σκηνοπηγίας

154 3639 340 3742 (ἐρρτὴ
547 3644 811 3742 αὓτη-καὶ
836 3654 1139 3727 πανήγυρις
1161 3639 1415 3737 καὶ-εὐχὴ
1682 3639 1743 3725 ἐν

152 3730 231 3801 τῷ
270 3733 539 3824 Ϊῐσραὴλ),
579 3738 883 3809 συνήγαγον
907 3743 997 3798 τὸν
1022 3745 1147 3801 λαὸν
1174 3730 1514 3824 ὁμοθυμαδὸν
1530 3730 1657 3824 είς,
1678 3760 1740 3815 τὸ

153 3820 468 3896 εὐρύχωρον
496 3824 593 3878 τοῦ
631 3827 849 3897 πρώτου
879 3833 1123 3901 πυλῶνος
1150 3839 1245 3894 τοῦ
1279 3844 1416 3916 πρὸς
1442 3850 1508 3918 τῇ
1545 3850 1739 3907 ἀνατο-

150 3909 360 3985 λῇ,καὶ
381 3915 445 3969 τὸ
479 3916 863 3991 θυσιαστήριον
892 3926 984 3978 τοῦ
1019 3928 1154 3982 Θεοῦ
1209 3918 1542 4006 ἡτοίμασαν,
1579 3944 1740 3998 κάκεῖ

151 4008 541 4080 προσήνεγκαν
566 4048 582 4075 ,
632 4012 794 4067 κάκεῖ
842 4016 941 4088 τήν
990 4020 1180 4094 ἑορτήν
1233 4027 1575 4089 ἐπετέλεσαν.
1627 4038 1736 4090 Καὶ

148 4096 333 4154 λοιπὸν
379 4101 559 4166 οὕτως
607 4102 706 4168 τὰς
772 4107 909 4162 κατὰ
964 4111 1239 4193 Σάϐϐατόν
1294 4121 1388 4173 καὶ
1442 4128 1737 4197 νουμηνίαν

146 4194 493 4267 προσέφερον
549 4195 761 4263 θυσίας,
795 4202 888 4255 καὶ
932 4205 980 4257 oi
1040 4205 1159 4261 λαοὶ
1188 4208 1288 4275 τὰς
1338 4213 1503 4285 εὐχὰς
1542 4194 1734 4276 eam,

148 4284 436 4376 ἀνέφερον.
469 4287 583 4340 Καὶ
624 4292 871 4362 φανερῶς
903 4312 1067 4367 φησιν
1108 4300 1139 4370 ή
1175 4301 1388 4376 Γραφὴ,
1422 4284 1503 4361 ὅτι
1560 4310 1735 4368 ταῦτα

148 4374 420 4444 ἐγίγνετο,
440 4377 537 4430 καὶ
565 4378 593 4430 6
619 4378 744 4442 ναὸς
769 4380 865 4435 τοῦ
898 4384 1032 4438 Θεοῦ
1063 4385 1213 4443 οὔπω
1234 4374 1548 4468 ᾠκοδόμητο
1566 4415 1581 4431 ο
1598 4400 1736 4457 ἀλλὰ

149 4469 356 4538 μᾶλλον
372 4470 585 4524 τούτων
613 4470 784 4538 οὕτως
815 4476 1121 4549 εὐχομένων
1172 4483 1200 4534 6
1233 4484 1345 4556 (75)
1391 4482 1539 4554 οἶκος
1597 4510 1732 4564 προ-

141 4561 382 4617 έκοπτεν
415 4565 446 4617 6
483 4564 961 4638 οἰκοδομούμενος·
990 4573 1085 4626 καὶ
1115 4573 1236 4629 οὔτε
1262 4576 1350 4632 διὰ
1375 4579 1473 4653 τὴν
1503 4561 1733 4656 προσδο-
1760 4606 1815 4667 D

140 4653 269 4709 κίαν
312 4656 426 4709 τῶν
460 4657 751 4725 ὲγκαινίων
804 4662 1154 4738 ἐκωλύθησαν
1185 4672 1241 4724 αί
1283 4672 1457 4744 εὐχαὶ,
1487 4653 1609 4731 οὔτε
1647 4678 1738 4735 διὰ

132 4745 244 4810 τὰς
270 4749 579 4819 γενομένας
616 4751 866 4819 συνόδους
895 4756 1001 4812 τῶν
1026 4760 1201 4832 εὐχῶν
1234 4766 1627 4836 ἐμπεπόδισται
1663 4772 1733 4828 τὰ

133 4840 401 4909 ἐγκαίνια
424 4857 440 4873 ⁸
485 4841 621 4897 ἀλλὰ
655 4846 748 4898 καὶ
787 4848 815 4900 6
847 4848 974 4915 λαὸς
1022 4851 1197 4920 οὕτως
1240 4856 1475 4929 ηὖχετος
1514 4863 1608 4917 καὶ
1638 4864 1728 4920 ὅτε

125 4932 426 4988 τετέλεστο
452 4936 562 4999 πᾶς
606 4938 634 4989 ὁ
675 4934 840 5006 οἶκος,
879 4942 1141 5015 ἐποίησαν
1184 4949 1255 5003 τὰ
1304 4951 1576 5023 ἑγκαίνια,
1634 4961 1729 5015 καὶ

126 5030 532 5101 προσήνεγκαν
566 5030 647 5095 είς
674 5032 764 5085 τὸν
804 5035 1176 5107 ὲγκαινισμὸν,
1227 5041 1322 5095 καὶ
1356 5043 1559 5112 πάντες
1593 5050 1729 5123 ἑώρ-

122 5137 314 5174 τασαν
340 5122 439 5175 ὲπὶ
490 5126 557 5193 τῇ
599 5123 993 5199 τελεσιουργίᾳ.
1056 5130 1226 5185 Τοῦτο
1279 5134 1336 5188 δὲ
1379 5136 1541 5194 πάλιν
1577 5122 1729 5198 κα).ίὸ

123 5216 457 5287 μακαρίτης
484 5213 827 5290 Ἀλέξανδρος
852 5222 946 5276 καὶ
966 5223 1015 5275 οί
1041 5223 1190 5278 ἄλλοι
1219 5227 1458 5300 Πατέρες
1495 5236 1723 5306 πεποιή-

117 5323 270 5361 κασι
291 5325 303 5340 ·
342 5309 747 5378 συναγαγόντες
784 5316 891 5386 γὰρ
918 5316 1011 5368 καὶ
1038 5317 1419 5388 τελειώσαντες
1452 5324 1514 5377 τὸ
1542 5324 1720 5397 ἔργον,

190 5446 250 5479 ⁸³
283 5448 423 5505 Dan.
464 5464 541 5506 νι.
617 5451 664 5482 ⁸⁵
688 5451 707 5505 l
734 5452 890 5513 Esdr.
929 5458 1136 5527 111,10,
1167 5460 1254 5516 11.

197 5583 328 5718 (69)
351 5583 515 5653 Reg.,
547 5583 595 5636 el
619 5584 729 5672 τόν.
756 5585 876 5645 Mox
911 5590 1073 5674 idem,
1103 5594 1198 5648 καὶ

201 5659 221 5718 ι
233 5655 305 5708 70
354 5652 519 5718 Reg.,
544 5654 834 5715 ὲδυσωπει.
864 5660 1027 5718 Edttt.
1057 5664 1198 5718 ἐδυσι

201 5655 328 5726 (70)
354 5655 519 5777 [ἑξάεη
544 5655 834 5715 ἐδυσώπει.
864 5660 984 5715 Edil

107 5726 340 5781 ἀδικεῖ.
463 5725 544 5791 ili,
568 5726 730 5791 male,
760 5730 984 5786 ἀδικεῖν.

119 5799 135 5811 ·
198 5795 330 5866 (71)
355 5794 532 5867 ΞΒεει,

102 5863 513 5927 Ῑὺίιιεωάΰὶι.
550 5863 812 5927 (Σοωωει.
837 5870 972 5941 sola,
999 5874 1091 5929 καὶ
1120 5876 1177 5929 οὐ
1213 5879 1477 5943 κελεύεις,

1228 5593 1324 5679 sitv
1346 5594 1572 5679 ἕρηιψνε

354 5652 519 5742 nega
544 5654 834 5742 ἐδυσώπει.
864 5660 1027 5742 Egili,
1057 5652 1528 5724 ἐδυσσὼπὶειὶιὺἶά.
1556 5667 1719 5742 neg.,

592 5790 651 5865 ἦ.
700 5797 821 5882 Mox
856 5801 997 5882 idem
1030 5802 1119 5882 τδν
1158 5808 1328 5882 ἀύτδν
1354 5808 1526 5882 ἀύτῷ
1577 5809 1714 5882 Θεῷ.
1793 5850 1807 5862 .

1870 658 2055 712 causa,
2085 645 2131 701 si
2172 647 2312 715 loco,
2360 665 2519 721 quem
2562 651 2858 723 imperator
2905 668 3254 716 exstruxerat
3300 678 3442 732 pra:-

1872 737 2142 805 termisso,
2166 753 2406 797 eremum
2458 744 2524 797 ad
2552 746 2814 821 orandum
2867 749 3227 817 petiissemns.
3266 752 3440 821 Quam

1874 829 2103 893 multum
2150 843 2434 890 accusator
2473 845 2597 892 tunc
2637 838 3064 896 deblaterasset!
3118 859 3279 913 quam
3336 847 3442 903 lide

1869 918 2063 990 dignus
2085 921 2231 978 visus
2258 924 2446 981 fuisset
2477 927 2706 984 dicendo
2740 943 2754 982 :
2784 928 2983 984 Locum
3016 940 3162 986 tuum
3192 944 3440 990 contem-

1868 1013 1979 1081 psit
2012 1030 2027 1068 :
2054 1028 2189 1083 opus
2221 1031 2328 1071 non
2363 1021 2555 1087 probat
2582 1028 2732 1074 tuum
2758 1041 2772 1077 :
2801 1023 2993 1078 derisit
3028 1029 3428 1095 praetereundo,

1868 1101 2142 1156 desertum
2176 1103 2435 1160 indicavit
2462 1109 2605 1176 quod
2638 1108 2739 1165 loci
2769 1113 3079 1168 necessitati
3111 1116 3391 1185 suppleret
3420 1136 3437 1175 :

1868 1188 2092 1263 populos
2141 1197 2330 1251 orandi
2356 1200 2603 1268 “cupidos
2649 1202 2953 1274 impedivit.
2990 1205 3116 1263 Haec
3145 1217 3203 1263 ut
3231 1210 3331 1265 sibi
3367 1211 3443 1265 di-

1868 1287 2037 1340 cenda
2083 1297 2435 1357 suppeterent
2460 1294 2779 1364 peroptabat
2805 1296 3221 1370 inquirebatque
3256 1303 3439 1370 :quod

1866 1389 1991 1431 cum
2026 1390 2308 1434 assecutus
2339 1396 2440 1435 non
2468 1383 2559 1449 sit,
2588 1399 2824 1443 maerore
2862 1387 3085 1446 allectus
3105 1390 3441 1447 criminatio-

1868 1484 1964 1525 nes
1995 1471 2246 1543 deinceps
2282 1476 2732 1535 comminiscitur.
2758 1481 2826 1536 Ει
2852 1498 2983 1541 sane
3027 1486 3072 1541 si
3120 1487 3213 1543 illa
3259 1489 3440 1546 dicere

1866 1572 2070 1633 posset,
2100 1565 2306 1632 pudore
2344 1582 2429 1622 me
2460 1570 2815 1639 sullunderet,
2852 1585 2912 1629 ut
2954 1592 3040 1632 me
3079 1577 3193 1647 jam
3234 1580 3434 1650 injuria

1865 1654 2050 1722 allicit,
2082 1672 2204 1713 cum
2250 1658 2447 1716 diaboli
2500 1677 2678 1719 mores
2706 1665 2972 1735 imitatus,
2997 1685 3091 1725 eos
3121 1674 3213 1743 qui
3244 1685 3440 1731 vacant

1864 1749 2096 1805 orationi
2123 1751 2416 1808 observat:
2445 1754 2687 1813 Danielis
2737 1759 2937 1832 quippe
2986 1763 3331 1821 historiam”
3359 1770 3476 1826 le-A

1866 1841 2039 1909 genth
2073 1858 2171 1913 spe
2219 1843 2389 1901 falsus
2444 1857 2527 1903 est
2572 1866 2587 1904 :
2626 1853 2834 1918 putavit
2879 1855 3023 1910 enim
3074 1857 3299 1929 ignarus
3348 1862 3440 1917 ille
3480 1860 3481 1863 “

1862 1932 2279 2006 Babyloniorum
2314 1955 2498 1997 mores
2539 1945 2679 2015 apud
2729 1954 2781 2001 te
2824 1948 3023 2016 vigere,
3066 1967 3245 2023 neque
3286 1955 3437 2010 novit

1860 2040 1978 2081 esse
2015 2036 2069 2083 te
2108 2028 2251 2086 beati
2294 2031 2531 2088 Danielis
2576 2036 3055 2105 studiosissimum,
3086 2056 3150 2097 ac
3180 2045 3435 2100 eumdem

1860 2132 2017 2188 quem
2060 2121 2148 2177 ille
2183 2122 2351 2179 Deum
2384 2126 2615 2183 adorare
2652 2144 2752 2184 nec
2796 2130 3078 2201 impedire,
3110 2134 3220 2190 imo
3245 2136 3431 2205 potius

1858 2225 2202 2282 summopere
2235 2225 2425 2286 optare
2455 2227 2513 2274 ut
2561 2235 2752 2285 onmes
2786 2223 3020 2279 orationi
3059 2225 3423 2283 incumbant:

1858 2316 1979 2357 cum
2024 2304 2166 2362 scias
2207 2310 2449 2365 omnium
2482 2313 2759 2370 orationes
2794 2324 2851 2370 et
2902 2328 3026 2373 vota
3075 2333 3139 2374 ea
3188 2335 3336 2388 esse,
3371 2332 3429 2377 ut

1860 2393 2142 2453 incolumis
2164 2408 2219 2453 et
2244 2414 2366 2456 cum
2394 2418 2527 2472 pace
2556 2415 2817 2476 perpetuo
2848 2408 3104 2478 imperes.

1930 2485 2019 2539 18.
2062 2486 2323 2557 Equidem
2369 2493 2483 2549 haec
2530 2496 2790 2553 adversus
2831 2500 3256 2558 obtrectatorem
3300 2519 3429 2560 con-

1856 2591 2077 2646 queror.
2119 2579 2199 2635 Tu
2237 2597 2401 2651 vero,
2447 2586 2856 2656 religiosissime
2903 2594 3167 2661 Auguste,
3209 2595 3419 2651 utinam

1856 2669 2039 2725 multis
2079 2688 2345 2730 annorum
2387 2678 2606 2736 circulis
2641 2682 2863 2751 vixeris,
2894 2699 2959 2741 ac
3004 2684 3165 2758 243
3218 2688 3429 2745 dedica-

1859 2758 2018 2814 tionis
2047 2760 2308 2819 solemnia
2344 2766 2747 2827 celebraverisl
2782 2772 2919 2830 Nam
2958 2787 3109 2833 certe
3134 2793 3326 2849 preces
3356 2782 3425 2835 ab

1856 2850 2106 2907 omnibus
2141 2868 2241 2921 pro
2272 2865 2357 2911 tua
2387 2858 2559 2916 salute
2586 2860 2738 2927 lusa,
2769 2864 2903 2920 nihil
2956 2868 3175 2924 obstant
3205 2870 3425 2927 dedica-

1856 2944 2015 2999 tionis
2063 2946 2385 3005 celebritati.
2430 2950 2507 3007 Ne
2555 2954 2681 3010 talia
2740 2955 2981 3027 imperiti
3036 2959 3112 3014 illi
3177 2962 3424 3020 homines

1855 3034 2135 3092 mendacia
2174 3040 2495 3109 proferant:
2533 3046 2628 3101 sed
2676 3061 2706 3101 a
2744 3046 2999 3104 Patribus
3051 3051 3106 3105 id
3154 3052 3417 3119 ediscant,

1858 3126 2280 3202 Scripturasque
2312 3135 2584 3201 evolvant,
2608 3138 2694 3193 vel
2730 3138 2911 3208 potius
2939 3155 2967 3194 a
2998 3150 3046 3196 te
3076 3142 3192 3212 ipso
3225 3144 3423 3199 littera-

1856 3236 1969 3275 rum
2024 3224 2421 3283 studiosissimo
2450 3230 2784 3287 edoceantur
2816 3249 2831 3288 :
2867 3231 3049 3289 Jesum
3098 3235 3310 3290 scilicet
3342 3252 3421 3291 sa-

1849 3314 2122 3371 cerdotem
2151 3316 2395 3376 Josedeci
2424 3321 2590 3377 lilium
2622 3333 2677 3380 et
2708 3324 2909 3383 fratres
2938 3326 3078 3395 ejus,
3115 3328 3421 3384 Zorobabe-

1848 3409 1950 3465 lem
2010 3410 2177 3467 lilium
2236 3411 2551 3472 Salathielis
2607 3419 2912 3489 sapientem
2987 3419 3139 3476 illum
3204 3421 3416 3489 virum,

1847 3501 2074 3558 Esdram
2124 3505 2253 3562 item
2300 3509 2639 3565 sacerdotem
2701 3521 2757 3567 et
2817 3513 2951 3585 legis
2994 3518 3257 3583 scribam,
3296 3534 3418 3573 cum

1847 3593 2099 3663 templum
2127 3607 2251 3666 post
2278 3601 2648 3669 captivitatem
2679 3604 3060 3671 mdilicaretur,
3083 3610 3418 3681 instaretque

1846 3683 2200 3758 Scenopegia,
2233 3689 2288 3746 id
2316 3702 2400 3747 est
2422 3692 2624 3749 l‘estum
2654 3694 3188 3769 Tabernaculorum;
3223 3718 3417 3773 magna

1844 3780 2182 3850 solemnitas,
2243 3783 2298 3840 in
2355 3800 2458 3856 qua
2513 3787 2794 3844 orationes
2855 3790 3083 3858 publica:
3139 3791 3195 3846 in
3251 3792 3415 3850 Israel

1843 3873 2244 3945 oll‘erebantur;
2291 3878 2548 3948 populum
2596 3879 2651 3935 in
2708 3880 2890 3937 latiori
2933 3882 3199 3940 vestibulo
3246 3886 3411 3955 primi

1842 3968 1965 4024 ostii
1995 3984 2185 4027 versus
2214 3970 2487 4027 Orientem
2521 3972 2633 4039 siti,
2682 3976 2921 4031 unanimi
2957 3977 3226 4033 sententia
3282 3994 3415 4035 con-

1841 4070 2149 4129 gregarunt,
2179 4063 2553 4134 dispositoqne
2601 4065 2816 4121 Domini
2847 4066 3028 4132 altari,
3061 4067 3171 4125 illic
3196 4069 3409 4125 obtule-

1843 4161 1970 4207 runt
2002 4172 2016 4208 :
2048 4155 2352 4226 eodemque
2382 4156 2433 4210 in
2472 4157 2590 4211 loco
2615 4158 2881 4227 completa
2924 4159 3208 4215 celebritas
3244 4160 3411 4219 est“.

1841 4244 1921 4299 Eo
1950 4246 2076 4299 item
2120 4247 2282 4301 modo
2323 4247 2376 4301 in
2426 4257 2704 4315 posterum
2743 4249 2951 4305 hostias
2982 4250 3035 4304 in
3072 4250 3308 4306 Sabbato
3357 4261 3414 4307 et

1839 4337 2133 4393 Neomenia
2167 4340 2357 4394 solitas
2378 4338 2701 4406 offerebant,
2733 4341 3075 4412 p0pulusque
3113 4342 3405 4398 Dominum

1838 4432 2183 4502 precabatur.
2220 4431 2576 4501 Testaturque
2615 4432 2792 4502 palam
2845 4432 3127 4502 Scriptura
3170 4434 3410 4488 nondum

1840 4530 2118 4577 exstructo
2158 4523 2252 4577 Dei
2295 4523 2491 4593 templo
2518 4524 2635 4578 haec
2662 4533 2779 4578 acta
2820 4523 2987 4580 fuisse
3025 4542 3039 4579 :
3078 4526 3188 4580 imo
3227 4525 3411 4594 potius

1839 4613 1946 4670 illis
1971 4615 2046 4671 ita
2070 4615 2353 4672 orantibus
2385 4615 2763 4672 exstruebatur
2792 4617 3003 4683 domus,
3034 4617 3410 4673 accrescebat-

1842 4720 1948 4778 que
1976 4707 2030 4763 in
2055 4707 2209 4773 dies;
2242 4707 2317 4765 ita
2356 4714 2417 4764 ut
2445 4723 2546 4765 nec
2569 4716 2792 4779 propter
2812 4708 3190 4764 Encieniorum
3222 4724 3409 4780 exspe-

1840 4799 2132 4856 ctationem
2200 4800 2528 4857 intermissa:
2601 4801 2878 4857 orationes
2915 4820 2929 4856 :
2963 4817 3138 4873 neque
3189 4811 3409 4872 pr0pter

1836 4902 2136 4949 conventus
2197 4893 2471 4951 orantium
2532 4892 2786 4948 Encaania
2835 4893 3047 4950 sublata
3100 4894 3399 4959 sint:sed,

1837 4985 1965 5040 licet
1987 4997 2141 5040 antea
2182 4987 2293 5043 illic
2331 4986 2564 5058 populle
2591 4995 2840 5053 orasset,
2882 4986 3240 5042 nihilominus
3280 4995 3403 5057 post

1836 5078 2143 5134 absolutum
2179 5080 2462 5135 aediﬁcium
2496 5081 2769 5137 celebrata
2798 5081 3071 5139 dedicatio
3104 5090 3207 5146 est,
3232 5080 3401 5136 dona-

1834 5186 1940 5238 que
1969 5187 2070 5241 pro
2108 5172 2196 5228 illa
2238 5172 2550 5243 oli'erentes,
2584 5190 2774 5231 omnes
2809 5190 2906 5247 pro
2930 5173 3399 5232 consummatione
3460 5230 3465 5255 ς

1831 5265 2012 5333 0lleris
2037 5264 2435 5322 solemnitatem
2462 5279 2708 5340 egerunt.
2744 5269 2979 5341 ldipsum
3015 5284 3047 5323 a
3081 5268 3253 5323 beata:
3283 5280 3399 5319 me-

1832 5355 2017 5411 moriae
2043 5356 2356 5415 Alexandro
2386 5368 2443 5416 et
2476 5360 2544 5416 ab
2569 5361 2691 5418 aliis
2721 5362 2973 5419 Patribus
3005 5360 3210 5415 factum
3258 5357 3396 5419 vidi-

1898 5602 2032 5693 (Ἱὲ).
2056 5607 2417 5693 Importunam
2458 5622 2642 5664 vocem
2690 5608 2771 5689 ὅτι
2808 5618 2931 5664 ante
2957 5608 3049 5693 τοῦ
3079 5609 3250 5693 ἱεροῦ,
3274 5626 3393 5693 qua!

1823 5672 1878 5754 in
1906 5672 2066 5754 editis
2104 5672 2355 5754 habetur,
2380 5692 2684 5754 expungere
2709 5680 2882 5734 visunt
2911 5690 3032 5736 est:
3060 5672 3249 5752 estque

1824 5747 1877 5799 in
1912 5745 2082 5816 Regio
2106 5750 2291 5803 codice
2323 5745 2521 5802 deleta.

1892 5816 2005 5888 ('13)
2043 5819 2101 5873 '0
2127 5820 2274 5875 deest
2307 5817 2359 5873 in
2388 5818 2569 5888 editis,
2609 5820 2661 5876 in
2695 5819 2823 5892 Reg.
2860 5820 3107 5878 habetur.
