3954 6496
580 458 686 515 019

1144 462 1203 521 S.
1245 460 1619 519 ATHANASII
1648 459 1801 517 OPP.
1841 457 2021 514 PARS
2054 457 2095 514 Ι.
2136 488 2205 498 -
2243 454 2613 513 HISTORICA
2649 455 2739 511 ET
2776 453 3187 514 DOGMATICA.

3721 449 3821 507 69.0

582 592 725 641 mus,
761 576 851 645 qui
884 591 1009 633 cum
1056 578 1167 649 jam
1204 579 1314 636 illic
1364 580 1620 651 populum
1662 578 1990 650 coegissent,
2022 590 2130 633 cont

2247 574 2653 647 ηὐχαρίστησαν
2696 572 2772 644 τῷ
2824 573 3033 646 Κυρίῳ,
3087 571 3341 643 ὲγκαίνια
3391 569 3821 634 ὲπιτελεσαντες.

580 678 852 723 smnmato
881 680 1060 727 tamen
1097 686 1285 743 opere,
1314 674 1516 743 gratias
1540 670 1769 727 Domino
1801 676 2049 737 egerunt,
2079 682 2143 725 ac

578 760 971 818 dedicationem
1009 763 1369 821 celebrarunt.
1400 765 1456 821 ω
1482 773 1533 821 te
1559 778 1771 835 quoque
1790 760 1971 817 facere
2004 775 2139 816 con-

536 857 544 865 '
576 852 750 919 venit,
776 864 999 922 paratus
1039 856 1183 911 enim
1231 856 1400 924 locus,
1436 856 1841 927 praemissisque
1882 852 2143 910 oratiOni-

576 943 681 999 bus
704 947 977 1015 expiatus,
1011 956 1115 1004 tua;
1145 948 1366 1020 pietatis
1395 948 1736 1019 praasentiam
1773 946 2011 1017 postulat
2040 961 2055 999 :
2087 944 2141 1001 id

576 1037 722 1093 enim
754 1038 829 1094 illi
863 1038 932 1093 ad
965 1039 1261 1109 perfectum
1301 1049 1553 1097 ornatum
1593 1041 1761 1096 deest.
1789 1037 1904 1094 Hoc
1927 1038 2138 1093 utinam

574 1131 813 1201 expleas,
848 1148 911 1187 ac
948 1142 1069 1187 vota
1108 1144 1196 1187 tua
1224 1132 1455 1187 Domino
1503 1132 1721 1197 reddas,
1752 1132 1837 1187 cui
1874 1132 2012 1187 hanc
2043 1129 2141 1186 do-

573 1238 723 1278 mum
753 1224 1002 1279 excitasti
1027 1224 1041 1276 ι
1066 1223 1181 1279 haec
1210 1224 1406 1294 quippe
1440 1224 1680 1279 omnium
1711 1232 1835 1279 vota
1883 1230 2031 1278 sunt.

643 1312 733 1367 i9.
765 1312 986 1381 Verum,
1038 1328 1221 1384 quasso
1260 1323 1333 1381 te,
1364 1314 1523 1370 aliam
1552 1316 1907 1384 disquiramus
1935 1313 2140 1369 calum-

571 1402 745 1471 niam,
784 1404 902 1475 cjus
941 1420 1155 1476 quoque
1180 1407 1549 1477 propulsanda:
1595 1408 1804 1462 veniam
1835 1407 2136 1461 concedito.

568 1494 701 1549 Ausi
760 1505 887 1551 sunt
942 1498 1088 1552 enim
1135 1511 1219 1552 me
1264 1497 1609 1562 calumniari,
1662 1497 1815 1566 quasi
1872 1496 2138 1553 mandatis

569 1588 701 1652 tuis,
732 1588 931 1657 quibus
969 1588 1181 1659 jussum
1231 1589 1382 1644 aiunt
1422 1597 1480 1644 ut
1525 1589 1753 1645 ecclesia
1799 1587 2137 1653 excederent,

567 1694 678 1733 non
710 1680 1152 1749 obtemperarim.
1184 1680 1441 1750 Equidem
1481 1697 1589 1738 non
1619 1697 1837 1753 possum
1877 1696 1985 1738 non
2031 1681 2131 1736 mi-

567 1769 677 1824 rari
702 1785 796 1826 eos
820 1772 1040 1827 minime
1070 1772 1349 1842 defatigari
1395 1774 1450 1828 in
1489 1773 1856 1846 conﬁngendis
1892 1775 2139 1831 crimini-

564 1858 707 1916 bus:
735 1875 834 1916 nec
851 1862 931 1915 sic
946 1870 1124 1917 tamen
1142 1877 1241 1932 ego
1259 1865 1550 1929 deterreor,
1582 1864 1690 1919 imo
1709 1866 1884 1934 potius
1912 1872 2055 1921 vaetor
2083 1864 2137 1919 in

2244 668 2413 722 Τοῦτο
2434 667 2528 722 καὶ
2554 668 2613 720 σὲ
2633 668 2803 719 ποιεῖν
2824 667 3041 738 πρέπει,
3076 664 3512 741 φιλομαθέστατε
3566 660 3787 734 βασιλεῦ
3808 671 3823 689 ⁶

2243 761 2457 832 ἕτοιμος
2477 759 2585 831 γάρ
2617 761 2646 813 ὁ
2667 759 2829 822 τόπος
2858 756 3239 830 προαγνισθεὶς
3255 757 3377 820 ταῖς
3398 772 3529 829 προγ
3544 755 3821 825 ενομέναις

2243 853 2445 925 εὐχαῖς,
2468 851 2646 922 ζητῶν
2677 851 2975 923 παρουσίαν
3008 851 3105 922 τῆς
3136 851 3238 923 σῆς
3294 848 3577 913 εὐσεϐείας
3597 866 3611 879 ο
3670 846 3821 900 τοῦτο

2243 946 2351 1018 γὰρ
2379 944 2526 1016 αὐτῷ
2553 944 2727 997 λείπει
2758 943 2891 1016 πρὸς
2914 944 3005 997 τὸν
3031 943 3232 997 τέλειον
3259 943 3487 1013 κόσμον.
3519 939 3694 994 Τοῦτο
3729 940 3819 1010 μὲν

2242 1036 2335 1092 οῦν
2370 1036 2732 1110 πληρώσειας,
2758 1037 2850 1090 καὶ
2864 1037 2960 1109 τὴν
2989 1036 3149 1109 εὐχὴν
3192 1036 3457 1107 ἀποδοίης
3496 1033 3576 1105 τῷ
3612 1035 3815 1105 Κυρίῳ,

2239 1124 2284 1199 ᾧ
2321 1132 2415 1186 καὶ
2441 1131 2534 1186 τὸν
2563 1125 2710 1185 οἶκον
2744 1130 3074 1202 πεποίηκας·
3099 1128 3262 1184 τοῦτο
3290 1128 3401 1201 γὰρ
3428 1128 3651 1182 πάντων
3681 1127 3819 1178 ἐστὶν

2240 1224 2393 1296 εὐχή.

2313 1316 2399 1373 19.
2430 1315 2530 1380 Δὸς
2562 1315 2647 1389 δὴ,
2696 1316 2790 1370 καὶ
2830 1316 2929 1386 τὴν
2961 1314 3125 1387 ἄλλην
3169 1313 3373 1384 ἴδωμεν
3398 1310 3679 1381 διαϐολὴν,
3732 1308 3818 1363 καὶ

2244 1406 2594 1481 συγχώρησον
2618 1406 3059 1479 ἀπολογήσασθαι
3104 1406 3201 1460 καὶ
3232 1406 3361 1477 περ)⁵
3400 1404 3597 1473 αὐτῆς.
3632 1402 3818 1455 Τετολ-

2243 1501 2450 1572 μήκασι
2502 1500 2611 1571 γάρ
2654 1501 2749 1554 καὶ
2794 1498 2952 1552 τοῦτο
2978 1497 3323 1568 ⁵διαϐάλλειν,
3367 1498 3444 1559 ὡς
3472 1495 3817 1556 ἀντιστάντος

2240 1593 2373 1664 ὲμοῦ
2400 1594 2515 1656 τοῖς
2546 1594 2660 1656 σοῖς
2694 1594 3132 1665 προστάγμασιν,
3167 1589 3308 1644 ὥστε
3341 1588 3415 1660 μὴ
3456 1586 3699 1654 ἐξελθεῖν
3723 1587 3817 1657 τὴν

2240 1684 2547 1757 ἐκκλησίαν.
2602 1684 2871 1750 Ἐκείνους
2936 1685 3035 1755 μὲν
3079 1678 3172 1736 οὖν
3239 1679 3508 1750 θαυμάζω
3558 1679 3635 1750 μὴ
3691 1679 3817 1730 ἀπο-

2240 1778 2546 1848 κάμνοντας
2574 1779 2694 1841 ταῖς
2732 1775 3145 1846 συκοφαντίαις·
3180 1772 3290 1842 ἐγὼ
3317 1773 3373 1825 δὲ
3399 1773 3556 1843 ὅμως
3579 1770 3703 1823 οὐδὲ
3732 1768 3817 1822 οὐ·

2239 1887 2347 1934 τως
2404 1870 2726 1941 ἀποκάμνω,
2781 1868 2957 1940 χαίρω
3006 1868 3064 1923 δὲ
3110 1865 3307 1939 μᾶλλον
3357 1862 3811 1933 ἀπολογούμενος.

563 1966 631 2007 ea
676 1952 994 2020 depellenda
1038 1953 1689 2026 criminationezquanto
1745 1958 1887 2013 enim
1950 1958 2130 2027 plures

2237 1963 2386 2033 Ὀσῳ
2408 1962 2517 2033 γὰρ
2541 1962 2826 2030 ἀπολογίαι
2850 1961 3061 2024 πολλαὶ,
3091 1958 3331 2028 τοσούτῳ
3359 1956 3455 2011 καὶ
3490 1955 3655 2008 πλέον
3685 1955 3815 2007 ἐκεῖ·

570 2042 726 2096 edam
773 2042 1070 2113 apologias,
1132 2052 1285 2099 tanto
1329 2044 1541 2102 facilius
1591 2063 1780 2103 eorum
1827 2048 2136 2118 malignitas

573 2132 899 2201 deprehendi
944 2134 1297 2205 damnarique
1345 2139 1563 2206 poterit.
1631 2138 1985 2209 Nequaquam
2038 2139 2139 2194 ob—

570 2216 685 2271 stiti
724 2218 940 2289 pietatis
974 2228 1077 2274 tuae
1107 2223 1383 2290 mandato,
1426 2225 1599 2281 absit!
1638 2241 1743 2281 non
1784 2228 1914 2281 tanti
1942 2229 2137 2297 quippe

566 2325 686 2365 sum
735 2327 835 2384 ego
873 2322 932 2367 ut
971 2314 1229 2369 obsistam
1274 2317 1356 2372 vel
1413 2320 1667 2386 quaestori
1723 2317 1909 2383 Urbis,
1940 2321 2134 2373 nedum

565 2407 720 2457 tanto
749 2402 1086 2471 imperatori.
1125 2402 1311 2474 Neque
1345 2420 1480 2475 opus
1526 2416 1586 2461 ut
1634 2407 1733 2462 hac
1779 2407 1847 2462 de
1882 2422 1940 2462 re
1967 2407 2134 2462 multa

563 2495 730 2548 verba
781 2493 999 2560 l‘aciam,
1033 2497 1187 2551 testis
1220 2498 1417 2568 quippe
1469 2500 1598 2553 mihi
1644 2509 1727 2554 est
1757 2508 1870 2556 tota
1917 2500 2131 2555 civitas.

562 2586 813 2643 Concede
844 2598 1023 2645 tamen
1049 2600 1107 2645 ut
1132 2593 1199 2647 ab
1236 2592 1389 2647 initio
1420 2608 1530 2647 rem
1574 2595 1649 2649 uti
1679 2604 1829 2666 gesta
1860 2603 1942 2650 est
1976 2611 2134 2651 enar-

562 2692 719 2733 rem:
746 2695 869 2733 nam
906 2690 979 2745 te,
1002 2682 1044 2735 si
1080 2682 1342 2747 audieris,
1384 2685 1707 2739 miraturum
1748 2686 1985 2740 arbitror
2015 2686 2122 2739 ini-

560 2768 831 2825 uicorum
885 2784 1130 2826 meorum
1170 2773 1553 2830 temeritatem.
1594 2773 1880 2829 Montanus
1933 2775 2134 2831 Palati-

561 2875 667 2915 nus
698 2860 983 2929 epistolam
1014 2864 1079 2917 ad
1115 2878 1199 2919 me
1230 2864 1442 2932 detulit,
1472 2865 1625 2935 quasi
1656 2881 1755 2935 ego
1779 2881 1807 2919 a
1844 2877 1894 2920 te
1928 2868 2131 2937 scripto

558 2952 921 3022 postulassem
949 2965 1008 3009 ut
1050 2955 1102 3009 in
1137 2954 1348 3010 italiam
1399 2957 1527 3011 mihi
1564 2960 1863 3015 concedere
1904 2960 2127 3028 liceret;

558 3054 763 3115 utqua‘.
803 3046 965 3101 rebar
995 3046 1385 3104 ecclesiasticis
1430 3051 1590 3105 rebus
1633 3051 1871 3108 deiicere
1916 3054 2127 3107 instau-

557 3138 669 3193 rari
704 3148 940 3208 possent.
971 3139 1038 3193 Et
1069 3155 1199 3195 sane
1237 3142 1438 3212 gratias
1472 3158 1574 3213 ago
1603 3144 1791 3212 pietati
1823 3154 1951 3211 tute,
1985 3147 2129 3214 quod

558 3225 758 3283 litteris
783 3244 969 3298 quasa
1002 3245 1087 3285 me
1112 3231 1384 3301 prolectas
1420 3234 1718 3290 arbitratus
1745 3251 1803 3291 es
1835 3238 2127 3305 perhuma-

2237 2070 2317 2105 νοι
2356 2052 2608 2107 δύνανται
2656 2053 2768 2124 (74)
2808 2049 3334 2120 καταγινώσκεσθαι.
3394 2048 3514 2102 Θύκ
3561 2047 3814 2116 ἀντέστην

2236 2144 2617 2214 προστάγματι
2640 2142 2740 2212 τῆς
2774 2143 2873 2213 σῆς
2907 2139 3207 2206 εὐσεϐείας,
3248 2140 3322 2211 μὴ
3345 2137 3594 2207 γένοιτοῑ
3626 2136 3687 2189 οὐ
3714 2135 3812 2206 γὰρ

2235 2235 2548 2305 τηλικοῦτος
2582 2235 2749 2306 ἢμην,
2784 2235 2871 2288 ἵνα
2918 2233 3013 2287 καὶ
3053 2232 3273 2303 λογιστῇ
3308 2231 3521 2294 πόλεως
3565 2226 3813 2293 ἀντιστῶ,

2238 2328 2433 2398 μήτιγε
2463 2326 2765 2399 τηλικούτῳ
2803 2325 3043 2395 βασιλεῖ,
3078 2325 3191 2396 (75)
3234 2323 3328 2377 καὶ
3362 2324 3495 2394 περὶ
3520 2322 3713 2376 τούτου
3746 2338 3815 2374 το-

2237 2416 2442 2471 σούτων
2474 2416 2744 2471 πλείστων
2766 2414 2895 2486 παρ’
2930 2413 3064 2485 ἐμοῦ
3102 2413 3304 2481 λόγων
3332 2412 3485 2465 πᾶσα
3522 2410 3637 2481 γὰρ
3667 2410 3699 2479 ἡ
3726 2407 3810 2461 πό-

2234 2506 2316 2569 λις
2340 2523 2429 2576 μοι
2459 2506 2747 2578 μαρτυρεῖ.
2772 2502 3132 2574 Συγχὼρησον
3154 2502 3210 2555 δὲ
3230 2503 3381 2572 ὅμως
3414 2500 3515 2553 καὶ
3543 2498 3702 2553 τοῦτο
3728 2498 3814 2551 πά-

2232 2598 2315 2653 λιν
2348 2598 2409 2663 ὲξ
2436 2598 2608 2669 ἀρχῆς
2627 2596 2991 2667 διηγήσασθαι
3019 2595 3078 2648 τὸ
3099 2596 3362 2666 πρᾶγμα·
3400 2592 3498 2646 καὶ
3530 2591 3640 2663 γὰρ
3663 2589 3815 2644 άκούο

2236 2706 2352 2753 σας,
2388 2687 2710 2760 θαυμάσεις,
2760 2682 2817 2740 εῦ
2860 2683 2956 2740 οἷδ’
2984 2687 3087 2750 ὅτι,
3137 2685 3245 2737 τῶν
3291 2682 3508 2755 ἐχθρῶν
3553 2683 3651 2750 τὴν
3678 2678 3816 2750 εὐχέ-

2238 2798 2405 2852 ρειαν.
2436 2781 2710 2844 Μοντάνος
2764 2781 2792 2833 ὁ
2824 2778 3120 2841 Παλατινδς
3151 2772 3281 2848 ἦλθε
3324 2774 3573 2845 κομίζων
3610 2775 3815 2826 ἐπιστο-

2232 2873 2350 2943 λὴν,
2377 2873 2452 2936 ὡς
2477 2871 2611 2943 ἐμοῦ
2647 2872 2975 2943 γράψαντος,
3005 2871 3091 2924 ἵνα
3132 2871 3212 2933 είς
3239 2868 3337 2939 τὴν
3378 2866 3616 2921 Ἰταλίαν
3649 2864 3776 2917 ἔλθω
3796 2880 3807 2892 ·

2232 2964 2326 3015 καὶ
2364 2961 2399 3015 ἃ
2437 2961 2640 3032 νομίζω
2682 2960 2890 3013 λείπειν
2927 2963 3040 3024 τοῖς
3084 2960 3592 3030 ὲκκλησιαστικοῖς,
3655 2954 3813 3009 ταῦτα

2234 3054 2588 3125 πληρωθῆναι
2632 3052 2853 3124 δυνηθῇ.
2890 3053 2969 3124 Τῇ
2998 3053 3094 3123 μὲν
3126 3046 3219 3106 οῦν
3249 3054 3314 3122 σῇ
3347 3050 3615 3120 εὐσεϐείᾳ
3644 3050 3811 3119 χάρις,

2232 3148 2314 3201 ὅτι
2336 3145 2691 3217 κατηξίωσεν,
2719 3144 2794 3207 ὡς
2824 3144 2958 3215 ἐμοῦ
2988 3142 3317 3214 γράψαντος,
3360 3140 3650 3195 ἐπινεῦσαι
3684 3139 3811 3210 (76),

2234 3242 2328 3294 καὶ
2357 3240 2455 3309 τῆς
2474 3238 2593 3291 ὁδοῦ
2627 3238 2881 3309 πρόνοιαν
2905 3237 3202 3307 πεποίηκεν
3234 3235 3375 3305 ὑπὲρ
3397 3234 3494 3287 τοῦ
3517 3233 3719 3303 ταύτην
3741 3232 3816 3284 ὲλ-

558 3319 705 3374 niter
727 3322 1009 3387 annueris,
1044 3336 1342 3392 curamque
1374 3326 1612 3393 gesseris
1661 3336 1721 3381 ut
1748 3330 2032 3383 commode
2064 3343 2129 3383 ac

2236 3331 2365 3393 θεῖν,
2395 3302 2488 3382 καὶ
2528 3302 2734 3399 ἀκμητὶ
2776 3327 3022 3381 διανῦσαί
3055 3302 3156 3397 με·
3194 3328 3321 3388 τοὺς
3344 3302 3409 3378 ’δὲ
3442 3302 3813 3395 ψευσαμένους

557 3411 680 3467 sine
722 3412 910 3468 labore
941 3412 1045 3466 iter
1073 3414 1435 3483 instituerem,
1464 3418 1525 3470 ad
1562 3427 1724 3489 teque
1763 3421 2126 3488 pervenirem.

562 3506 635 3559 At
675 3513 824 3560 certe
871 3504 1042 3560 miror
1081 3520 1318 3571 rursum,
1350 3508 1493 3576 quod
1546 3510 1630 3562 vel
1687 3511 1754 3565 ad
1813 3527 1971 3566 aures
2008 3520 2127 3567 tuas

556 3596 775 3651 mentiri
814 3595 952 3650 nihil
1000 3596 1109 3652 sint
1151 3597 1348 3663 veriti,
1384 3614 1505 3653 cum
1552 3610 1728 3655 tamen
1788 3602 2128 3656 mendacium

555 3688 777 3745 diabolo
807 3690 877 3744 sit
934 3690 1236 3760 proprium,
1296 3691 1694 3762 mendacesque
1746 3694 1814 3748 ab
1848 3710 1914 3747 eo
1964 3694 2126 3748 alieni

555 3783 664 3838 sint
688 3782 782 3852 qui
814 3782 927 3837 ait:
956 3780 1069 3851 Ego
1100 3799 1216 3835 sum
1264 3784 1453 3837 veritas
1472 3784 1536 3836 ⁸⁵.
1568 3782 1685 3838 Νοιι
1724 3784 1865 3839 enim
1909 3784 2123 3853 scripsi,

558 3891 660 3930 nec
696 3876 1001 3931 istiusmodi
1043 3876 1328 3946 epistolam
1385 3889 1670 3932 accusator
1724 3894 1960 3947 unquam
2002 3894 2127 3949 pro-

556 3963 705 4020 ferre
752 3965 970 4035 poterit.
1010 3963 1087 4019 Ac
1133 3966 1235 4020 etsi
1273 3982 1370 4036 par
1404 3968 1534 4021 mihi
1570 3966 1755 4022 fuisset
1789 3968 1983 4023 litteris
2012 3985 2040 4022 a
2075 3978 2127 4023 te

558 4055 803 4124 quotidie
835 4055 1131 4127 postulare,
1161 4068 1220 4110 ut
1255 4057 1545 4128 benignum
1571 4059 1773 4112 vultum
1812 4070 1959 4115 tuum
1992 4076 2124 4115 con-

558 4150 771 4220 spicere
803 4150 1030 4215 liceret;
1059 4151 1223 4223 244
1256 4160 1625 4205 verumtamen
1667 4167 1765 4206 nec
1801 4151 1879 4206 las
1927 4162 2009 4207 est
2037 4168 2126 4208 ec-

556 4241 756 4297 clesias
783 4242 1062 4307 deserere,
1098 4258 1195 4297 nec
1251 4258 1337 4296 me
1385 4243 1562 4297 decuit
1599 4243 1783 4311 pietati
1824 4254 1927 4297 tum
1962 4246 2128 4299 mole-

554 4343 702 4387 stum
735 4348 878 4398 esse,
923 4348 1045 4387 cum
1077 4332 1446 4404 potissimum,
1478 4333 1633 4387 nobis
1683 4338 1845 4389 etiam
1892 4336 2129 4390 absenti-

2234 3423 2334 3485 τὰς
2370 3422 2467 3485 σάς
2502 3422 2669 3485 ἀκοάς
2700 3420 3019 3491 τεθαύμακα
3053 3418 3213 3473 πάλιν
3246 3419 3321 3489 μὴ
3351 3417 3704 3489 φοϐηθέντας,
3730 3418 3812 3470 ὅτι

2236 3514 2296 3566 τὸ
2320 3513 2512 3582 ψεῦδος
2548 3512 2676 3565 ίδιόν
2703 3513 2818 3564 ἐστι
2852 3510 2942 3563 τοῦ
2970 3509 3232 3571 διαϐόλου,
3270 3510 3367 3561 καὶ
3408 3511 3457 3561 οἱ
3504 3508 3810 3577 ψευδόμενοι

2239 3605 2507 3675 ἀλλότριοι
2534 3605 2639 3656 εισι
2664 3601 2757 3655 τοῦ
2786 3601 3033 3667 λέγοντος
3057 3616 3071 3630 ο
3117 3598 3257 3669 Ἐγώ
3294 3602 3413 3669 εἰμι
3461 3600 3499 3666 ή
3547 3598 3809 3663 ἀλήθεια.

2230 3694 2306 3748 Οὐ
2352 3695 2459 3765 γὰρ
2504 3692 2739 3765 ἔγραψα,
2796 3692 2915 3745 οὐδὲ
2948 3691 3203 3760 τοιαύτην
3232 3690 3525 3762 ἐπιστολὴν
3564 3690 3735 3760 εὑρεῖν
3781 3689 3813 3740 ό

2230 3786 2533 3857 κατήγορος
2565 3786 2872 3855 δυνήσεται.
2907 3784 2969 3835 Εἰ
3001 3784 3093 3835 καί
3129 3782 3235 3835 ἔδει
3292 3800 3359 3853 με
3400 3784 3624 3854 γράφειν
3671 3781 3809 3834 καθ-

2228 3878 2467 3949 ημέραν,
2518 3878 2607 3931 ἵνα
2638 3877 2734 3946 τὴν
2769 3875 2977 3946 ἀγαθήν
3026 3892 3117 3926 σου
3146 3874 3414 3945 πρόσοψιν
3456 3876 3563 3946 (77)
3593 3873 3807 3942 θεωρῶο

2228 3970 2339 4023 ἀλλ’
2365 3968 2489 4023 οὐτε
2522 3969 2619 4033 τὰς
2662 3966 2990 4037 Ἐκκλησίας
3024 3965 3463 4037 καταλιμπάνειν
3490 3969 3647 4027 ὅσιον,
3682 3964 3809 4016 οὐδὲ

2233 4062 2297 4114 δι’
2326 4063 2483 4133 ὄχλου
2503 4064 2569 4133 τῇ
2594 4063 2657 4131 σῇ
2684 4058 2930 4129 εὐσεσείᾳ
2952 4059 3194 4127 γίνεσθαι
3221 4059 3434 4112 δίκαιον
3454 4054 3520 4129 ἦν
3540 4076 3552 4089 ·
3582 4057 3809 4127 μάλιστα

2234 4160 2317 4211 ὅτι
2355 4157 2447 4209 καὶ
2475 4155 2719 4209 ἀπόντων
2760 4153 2917 4225 ἡμῶν
2956 4152 3224 4216 ἐπινεύεις
3278 4155 3403 4215 ταῖς
3438 4152 3806 4221 ἐκκλησιαστι-

2236 4250 2360 4309 καῖς
2388 4244 2694 4312 ἀξιώσεσιν.
2729 4245 2796 4296 "A
2831 4243 2927 4313 μὲν
2956 4238 3047 4295 οὖν
3079 4241 3190 4311 (78)
3226 4241 3479 4295 ἐκέλευσε
3515 4239 3806 4303 Μοντάνος,

2240 4338 2498 4391 κέλευσον
2544 4335 2848 4405 ἀναγνῶναί
2889 4352 2987 4405 με·
3018 4334 3265 4405 ἔστιγὰρ
3301 4334 3541 4389 ταῦτα...

556 4435 678 4495 bus,
715 4429 895 4485 soleas
931 4428 1317 4486 ecclesiasticis
1372 4430 1721 4500 petitionibus
1767 4446 2026 4488 annuere.
2051 4434 2119 4487 At
2157 4449 2276 4505 qua:
2316 4434 2596 4489 Montanus
2655 4432 2834 4502 jussit,
2878 4448 2962 4487 me
3005 4432 3237 4486 recitare
3290 4431 3502 4500 iubeto,
3542 4446 3651 4485 nam
3681 4429 3805 4482 haec

555 4526 669 4595 ipsa
702 4532 895 4579 sunt...

624 4618 714 4674 20.
753 4618 862 4675 Sed
888 4620 1164 4676 undenam
1196 4620 1462 4689 ejusmodi
1512 4621 1795 4690 epistolam
1829 4624 1973 4677 nacti
2002 4631 2127 4679 sunt

2305 4622 2395 4675 ΞΟ.
2423 4619 2591 4673 Πόθεν
2620 4620 2678 4672 δὲ
2713 4616 2819 4690 ἆρα
2853 4619 2945 4671 καὶ
2975 4617 3177 4687 ταύτην
3203 4617 3300 4688 τὴν
3334 4616 3613 4686 ἐπιστολὴν
3642 4608 3806 4685 εὗρον

552 4707 948 4765 obtrectatores
991 4710 1141 4765 mei?
1164 4709 1334 4765 Nosse
1361 4710 1519 4765 velim
1556 4712 1808 4781 quisnam
1846 4714 1976 4783 ipsis
2002 4729 2122 4769 eam

556 4800 800 4856 tradidit.
841 4800 1000 4866 Jube,
1030 4817 1235 4872 quaso,
1267 4812 1327 4857 ut
1366 4804 1727 4873 respondeant
1761 4822 1774 4857 :
1806 4806 1934 4860 hinc
1980 4806 2125 4862 enim

554 4891 768 4947 edisccs
800 4891 945 4961 ipsos
966 4893 1106 4949 hanc
1134 4904 1471 4950 commentos
1500 4908 1621 4949 esse
1649 4896 2121 4961 criminationem;

554 4981 1006 5048 quemadmodum
1075 4985 1222 5039 illam
1288 5001 1407 5055 quas
1466 4996 1677 5055 Spectat
1732 4988 2124 5042 exsecrandum

557 5069 919 5141 Magnentium
948 5073 1086 5129 l'also
1112 5076 1514 5145 pervulgarunt.
1534 5076 1684 5141 Quod
1708 5079 1752 5131 si
1784 5079 1836 5131 in
1866 5078 1968 5131 hoc
1994 5092 2124 5147 quo-

556 5178 665 5233 que
715 5166 1068 5236 sycophanta:
1101 5167 1598 5236 deprehendantur,
1633 5173 1698 5223 ad
1729 5185 1890 5238 quam
1926 5171 1979 5224 in
2028 5184 2125 5239 po-

558 5264 765 5313 sterum
821 5272 920 5313 nos
964 5258 1286 5329 pertrahent
1335 5259 1745 5319 defensionem?
1783 5262 1895 5319 Hoc
1928 5270 2124 5319 curant

519 5433 528 5443 ,
626 5373 670 5404 ³⁵
700 5372 853 5427 Joan.
884 5387 995 5439 nv,
1026 5372 1078 5427 6.

631 5490 745 5560 (74)
778 5490 869 5547 Sic
894 5490 1029 5560 Reg.
1057 5499 1112 5544 et
1148 5487 1313 5544 Basil.
1350 5486 1492 5542 Editi
1526 5500 1675 5553 vero,
1700 5487 1983 5543 δύνωνται.

628 5562 742 5631 (75)
772 5560 955 5617 Lectio
992 5560 1201 5631 vitiata.

625 5627 740 5701 {'76)
775 5632 862 5686 Sic
895 5632 1029 5701 Reg.
1056 5630 1192 5684 Editi
1222 5637 1401 5701 autem
1434 5627 1774 5701 ὲπιστξῦσαι.

628 5670 746 5771 iiii
776 5670 869 5756 ’ἑὶῖι
896 5670 1029 5771 ἰίἕξζ
1056 5670 1555 5755 ἓῖᾝάῖἶὲὄηῖιὶῖῖ
1572 5670 1895 5754 Εᾶῐιῗῖιετο
1948 5697 2121 5755 Paris.

633 5702 746 5821 ('37?
778 5702 869 5756 Sic
896 5702 1029 5771 Reg.
1067 5710 1121 5755 et
1161 5702 1291 5754 edit.
1323 5702 1490 5753 Conm

565 5779 620 5824 et
644 5774 853 5849 glori,
883 5770 1162 5849 mendose!3
1198 5770 1490 5849 προσόψον.

642 5839 752 5906 (78l
788 5839 879 5893 Sic
911 5837 1068 5907 Reg.,
1106 5836 1196 5892 οῦν
1240 5836 1289 5892 in
1323 5836 1480 5893 editis
1522 5839 1693 5894 deest.
1732 5838 1969 5907 Epistola
1998 5856 2126 5895 vero

574 5906 811 5965 Montani
860 5909 927 5963 de
974 5906 1076 5977 qua
1108 5911 1219 5976 hic,
1253 5910 1393 5964 forte
1442 5911 1660 5975 excidit,
1689 5911 1772 5966 vel
1828 5911 1968 5979 quod
2000 5926 2126 5968 vero

2231 4715 2280 4766 οἱ
2309 4712 2724 4783 κατειρηκότες;
2757 4710 3054 4779 ἐϐουλόμην
3089 4711 3218 4779 παρ’
3247 4710 3425 4763 αὐτῶν
3452 4708 3685 4765 ἀκοῦσαι,
3714 4706 3803 4767 τίς

2231 4807 2415 4868 αὐτοῖς
2456 4804 2549 4856 καὶ
2577 4802 2775 4871 ταύτην
2808 4801 3117 4854 ἐπιδέδωκε.
3170 4801 3404 4871 Ποίησον
3438 4801 3622 4860 αὐτοὺς
3661 4799 3803 4850 ἁπο-

2230 4895 2537 4967 κρίνασθαι.
2575 4895 2788 4965 Δυνήσῃ
2842 4892 2947 4962 γὰρ
2984 4894 3047 4944 ὲκ
3092 4891 3283 4944 τούτου
3330 4892 3539 4963 μαθεῖν,
3578 4893 3650 4943 ὅτι
3702 4890 3800 4939 καὶ

2228 4988 2430 5058 ταύτην
2451 4986 2708 5050 ἔπλασαν,
2736 4983 2883 5037 ὥσπε
2894 5000 2922 5055 ρ
2950 4983 3207 5053 κάκείνην
3233 4983 3535 5055 ὲθρύλησαν
3557 4979 3666 5051 περὶ
3698 4978 3795 5029 τοῦ

2229 5078 2544 5148 δυσωνύμου
2579 5074 2934 5147 Μαγνεντίου.
2973 5075 3467 5142 Καταγνωσθὲντες
3491 5075 3544 5127 δὲ
3580 5070 3658 5124 καὶ
3692 5087 3796 5121 πε·

2233 5173 2287 5246 ρὶ
2318 5171 2541 5240 ταύτης,
2568 5171 2648 5233 εἰς
2684 5169 2841 5222 ποίαν
2874 5165 2983 5241 ἆρα
3014 5169 3150 5239 μετά
3171 5167 3341 5220 ταῦτα
3369 5168 3525 5221 πάλιν
3553 5166 3799 5219 ἕλκουσιν

2227 5265 2376 5336 ἡμᾶς
2401 5263 2726 5331 ἁπολυγίαν;
2762 5261 2929 5317 Τοῦτο
2955 5260 3063 5332 γὰρ
3090 5260 3509 5332 μεμελετήκασι,
3538 5257 3622 5311 καὶ
3649 5254 3793 5307 ταύ-

2237 5492 2470 5565 similius
2504 5501 2586 5547 est
2629 5493 2696 5549 ab
2739 5492 3037 5565 Athanasio
3091 5505 3368 5565 nunquam
3434 5488 3532 5542 huc
3569 5481 3790 5565 filice"

2235 5563 2369 5627 Ῑυῖίς
2395 5578 2516 5619 nam
2547 5578 2667 5617 cum
2699 5579 2881 5619 coram
2903 5555 3322 5618 Constantio'sui
3353 5555 3793 5627 purgandicausa

2232 5622 2377 5689 esset
2416 5642 2695 5703 oraturus,
2725 5634 2895 5703 potuit
2940 5634 3097 5703 hujus
3151 5622 3389 5703 epistolis
3437 5622 3700 5703 esemplfll'
3719 5622 3791 5671 δῦ

2234 5703 2490 5774 Apologia
2523 5691 2821 5772 seiunctum
2849 5691 3085 5766 deferie,
3119 5691 3517 5774 ut'Constantio
3542 5691 3789 5774 perl'ege-

2235 5759 2335 5829 ret.
2393 5759 2540 5832 Alias
2577 5759 2713 5846 'un
2763 5790 2937 5831 causae
2992 5759 3136 5829 esset
3200 5771 3345 5841 quod
3402 5759 3582 5826 omissa
3630 5759 3783 5815 {ti-s-

2235 5846 2351 5900 sct?
