3954 6510
187 368 279 427 621
1217 365 1571 422 APOLOGIA
1608 366 1699 420 AD
1729 363 2224 421 CONSTANTIUM
2256 365 2397 422 1MP.
2501 403 2511 414 .

3342 366 3448 422 622

183 508 278 566 την
303 491 545 564 ἔχουσιν,
573 492 650 558 ὡς
679 492 812 566 ὀρῶ,
846 478 1100 564 σπουδὴν,
1137 494 1315 546 πάντα
1349 494 1520 546 κινεῖν
1560 492 1655 544 καὶ
1687 494 1766 544 θο-

1878 494 2020 546 enim
2050 509 2065 545 :
2096 492 2223 558 hoc,
2263 490 2341 545 uti
2390 494 2737 559 perspectum
2789 487 2988 551 habeo.
3040 486 3355 556 moliuntur,
3390 500 3445 545 ut

187 581 383 657 ρυϐεῖν.
420 586 577 656 Τάχα
610 585 857 655 λέγοντες
889 586 1061 641 πολλὰ
1099 584 1457 657 παροξύνουσί
1492 584 1605 655 (79)
1636 600 1768 636 ποτε

186 666 302 731 καθ’
331 677 491 749 ἡμῶν
513 694 527 706 ⁸
559 676 699 731 ἀλλὰ
733 678 859 741 τοῦς
890 676 1165 742 τοιούτους
1206 677 1299 730 καὶ
1331 674 1769 747 ἀποστρέφεσθαι

191 768 278 825 καὶ
307 770 487 839 μισεῖν
514 768 718 822 δίκαιόν
752 769 920 833 ἐστιν,
951 768 1054 833 ὅτι,
1096 764 1198 821 οἷοί
1220 770 1347 832 εἰσι,
1379 767 1653 831 τοιούτους
1675 768 1770 821 καὶ

187 862 308 926 τοὺς
322 861 624 924 ἀκούοντας
648 860 824 915 αὐτῶν
858 860 1321 932 ὑπολαμϐάνουσι,
1369 861 1463 914 καὶ
1487 859 1769 932 νομίζουσι

187 952 441 1009 δύνασθαι
471 951 571 1015 τὰς
591 950 843 1015 διαϐολάς
875 951 1080 1023 ἰσχύειν
1107 952 1202 1007 καὶ
1232 950 1384 1022 παρὰ
1412 951 1514 1005 σοί.
1551 952 1768 1022 Ἰσχυσε

188 1044 295 1117 γάρ
334 1060 471 1098 ποτε·
509 1045 544 1115 ἡ
582 1044 677 1097 τοῦ
718 1042 876 1115 Δωὴκ
916 1042 1058 1097 κατὰ
1098 1043 1206 1097 τῶν
1248 1044 1438 1115 ἱερέων
1472 1042 1565 1096 τοῦ
1595 1042 1765 1096 Θεοῦο

186 1136 298 1191 ἀλλ’
341 1139 371 1192 ὁ
406 1135 645 1201 ἀκούσας
682 1136 853 1190 Σαοὺλ
894 1131 963 1207 ἦν
1002 1137 1031 1189 ὁ
1056 1136 1261 1200 ἄδικος.
1298 1136 1408 1190 Καὶ
1444 1135 1675 1201 Ἰεζάϐελ
1711 1137 1767 1190 δὲ

184 1228 512 1283 διαϐαλοῦσα
567 1228 809 1300 ἠδυνήθη
845 1227 1042 1300 βλάψαι
1078 1227 1170 1283 τὸν
1209 1228 1624 1283 θεοσεϐέστατον
1651 1230 1766 1283 Να-

186 1322 371 1376 ϐουθαί
406 1321 549 1392 (80)·
593 1321 729 1375 ἀλλά
768 1321 862 1374 καὶ
906 1321 1108 1391 Ἂχαάϐ
1150 1322 1179 1374 ὁ
1218 1322 1452 1394 πονηρὸς
1505 1323 1599 1375 καὶ
1627 1323 1767 1376 ἁπο-

189 1414 386 1486 στάτης
417 1416 447 1469 ό
473 1413 710 1470 ἀκούων.
760 1414 823 1467 ’0
853 1412 911 1467 δὲ
944 1412 1244 1483 ἀγιώτατος
1276 1414 1459 1480 Δαϐὶδ,
1494 1408 1555 1468 οῦ
1595 1432 1767 1485 μιμη-

185 1508 280 1579 τὴν
321 1502 461 1562 εἷναί
505 1525 564 1560 σε
599 1507 886 1579 προσήκει,
922 1508 1018 1561 καὶ
1068 1509 1268 1572 πάντες
1327 1506 1593 1578 εὔχονται,
1643 1510 1768 1572 τοὺς

186 1597 456 1662 τοιούτους
478 1598 602 1653 οῦτε
626 1599 929 1674 προσίεται,
960 1598 1096 1653 ἀλλὰ
1116 1599 1212 1653 καὶ
1239 1598 1315 1663 ὡς
1338 1598 1649 1663 λυσσῶντας
1673 1599 1768 1653 κύ-

186 1708 279 1754 νας
306 1690 687 1762 ἀπεστρέφετο
720 1691 853 1763 (81),
893 1691 1066 1761 λέγων
1087 1709 1100 1721 ·
1150 1691 1263 1746 Τὸν
1308 1691 1769 1745 καταλαλοῦντα

187 1782 376 1852 λάθρα
430 1783 539 1838 τοῦ
600 1784 867 1852 πλησίον
912 1783 1123 1849 αὐτοῦ,
1161 1782 1379 1838 τοῦτον
1424 1783 1762 1849 ἐξεδίωκον.

198 1874 493 1947 Ἐςρύλαττε
552 1877 659 1949 γάρ
709 1876 807 1949 τὴν
864 1876 1129 1947 λέγουσαν
1185 1877 1403 1948 ἐντολήν
1429 1894 1441 1907 ·
1514 1879 1595 1931 Οὐ
1656 1893 1767 1931 πα-

179 1966 403 2036 ραδέξῃ
431 1966 627 2035 ἀκοὴν
653 1970 933 2037 ματαίαν.
971 1969 1195 2023 Μάταια
1227 1969 1284 2022 δέ
1324 1968 1420 2022 καὶ
1461 1967 1531 2022 τά
1562 1968 1765 2022 τούτων

184 2060 296 2113 ἐστί⁵
346 2060 501 2131 παρὰ
567 2059 647 2112 σοί
674 2076 688 2090 ·
748 2060 961 2132 ᾔτησας
1017 2061 1145 2132 γὰρ,
1191 2060 1266 2124 ὠς
1296 2062 1332 2115 ὁ.
1359 2059 1633 2132 Σολομὼν,
1671 2059 1766 2113 καὶ

186 2155 246 2206 σὺ
279 2152 432 2224 παρά
458 2153 689 2223 Κυρίου,
718 2154 811 2206 καὶ
839 2154 1117 2226 εἰληφέναι
1147 2153 1390 2219 πίστευε,
1438 2154 1501 2208 τὸ
1538 2154 1766 2225 μάταιον

183 2245 337 2315 λόγον
391 2245 687 2317 καὶψευδῆ
730 2246 946 2317 μακρὰν
1000 2246 1109 2301 ἀπὸ
1150 2246 1242 2300 σοῦ
1295 2247 1546 2316 γενέσθαι
1599 2264 1767 2321 προσ-

186 2336 360 2407 ήκειν.

252 2427 341 2483 21.
377 2426 479 2480 Διά
498 2425 655 2480 τοῦτο
689 2427 865 2481 τοίνυν
893 2426 1068 2495 κάγὼ,
1105 2428 1295 2501 ἐπειδὴ
1330 2431 1393 2483 ἐκ
1419 2428 1670 2500 διαϐολῆς
1697 2425 1765 2502 ἦν

185 2516 463 2588 ἐπιστολὴ,
494 2517 589 2570 καὶ
640 2518 739 2571 οὐκ
772 2512 916 2589 εἶχεν
958 2518 1079 2571 ούδέ
1112 2519 1205 2572 τοῦ
1240 2519 1411 2573 ἐλθεῖν
1447 2518 1763 2591 πρόσταξιν,

185 2608 377 2678 ἔγνων,
410 2609 495 2662 ὅτι
539 2608 859 2681 προαίρεσις
894 2610 995 2663 οὐκ
1017 2607 1086 2682 ἦν
1115 2612 1217 2682 τῆς
1246 2613 1343 2684 σῆς
1373 2611 1653 2677 εὐσεϐείας
1687 2613 1767 2666 ἐλ-

185 2700 294 2755 θεῖν
318 2703 471 2772 ἡμᾶς
498 2701 651 2774 παρὰ
700 2702 779 2755 σέ.
807 2702 881 2755 Τὸ
912 2702 1019 2776 γὰρ
1052 2704 1126 2775 μὴ
1154 2704 1407 2758 κελεῦσαι
1440 2706 1658 2769 πάντως
1680 2705 1767 2759 ἐλ-

186 2792 317 2858 θεῖν,
349 2792 489 2846 ἀλλά
510 2793 603 2846 καὶ
631 2793 837 2864 γράψαι
876 2794 953 2858 ὡς
993 2794 1127 2867 ἐμοῦ
1170 2796 1503 2866 γράψαντος,
1554 2798 1649 2848 καὶ
1681 2795 1768 2849 θέ-

184 2884 366 2949 λοντος
396 2884 792 2956 διορθώσασθαι
815 2885 887 2939 τὰ
918 2886 1179 2941 δοκοῦντα
1199 2887 1425 2953 λείπειν,
1456 2888 1631 2942 καίτοι
1665 2906 1767 2959 μη-

185 2976 335 3041 δενὸς
359 2976 630 3045 λέγοντος,
654 2976 903 3050 ’φανερὸν
941 2974 1009 3050 ἦν
1042 2979 1195 3052 παρὰ
1233 2979 1458 3052 γνώμην
1498 2976 1637 3035 εἶναι
1669 2982 1767 3053 τῆς

184 3067 285 3139 σῆς
332 3068 674 3141 ἡμερότητος
699 3071 797 3141 τὴν
848 3071 1200 3140 κομισθεῖσαν
1243 3072 1549 3144 ἐπιστολήν.
1598 3075 1767 3128 Τοῦτο

182 3163 385 3226 πάντες
409 3163 657 3232 ἔγνωσαν
676 3180 689 3193 ·
716 3164 979 3219 τοῦτοκαὶ
1002 3166 1229 3237 γράφων
1258 3167 1501 3238 ἐδήλωσα
1518 3185 1532 3198 ·
1565 3169 1662 3222 καὶ
1690 3166 1767 3223 οἷ-
1794 3204 1837 3266 C

179 3255 240 3308 δε
267 3255 567 3323 Μοντάνος,
596 3257 678 3310 ὅτι
712 3258 770 3311 ού
814 3258 873 3311 τὸ
915 3258 1089 3313 ἐλθεῖν
1126 3260 1507 3333 παρῃτούμην,
1539 3262 1673 3317 ἀλλὰ
1699 3264 1761 3317 τὺ

181 3348 260 3412 ὡς
282 3348 415 3421 ἐμοῦ
444 3348 755 3421 γράψαντος
779 3350 954 3405 ἐλθεῖν
986 3352 1232 3424 ἀπρεπὲς
1262 3354 1531 3426 ἡγούμην,
1568 3357 1655 3411 ἴνα
1688 3359 1765 3431 μὴ

179 3441 277 3495 κάι
300 3442 358 3495 ἐν
380 3441 557 3513 τούτῳ
582 3443 850 3513 πρόφασιν
879 3442 1114 3516 εὕρωσιν
1145 3446 1195 3498 οἱ
1221 3446 1550 3515 συκοφάνται
1578 3450 1760 3516 πάλιν,

180 3534 264 3597 ὡς
290 3534 402 3604 (82)
433 3533 668 3606 ὀχληροῦ
711 3535 1004 3605 γενομένου
1056 3554 1156 3607 μου
1205 3539 1272 3608 τῇ
1329 3528 1396 3609 σῇ
1461 3539 1761 3611 θεοσεϐείᾳ.

193 3623 414 3694 Ἀμέλει
466 3624 991 3694 παρεσκευασάμην,
1044 3624 1138 3677 καὶ
1192 3622 1350 3677 τοῦτο
1401 3619 1539 3681 οἶδεν
1581 3627 1761 3691 αὐτὸς,

180 3716 293 3781 ἵνα,
322 3716 420 3770 ἐὰν
441 3716 652 3788 γράψαι
676 3714 1040 3789 καταξιὼσῃς,
1067 3717 1228 3782 εὐθὺς
1254 3717 1473 3784 ἐξέλθω,
1498 3719 1592 3773 καὶ
1628 3719 1765 3789 φθά-

182 3824 265 3860 σω
294 3810 362 3879 τῇ
398 3807 680 3880 προθυμίᾳ
710 3808 770 3861 τὸ
804 3809 1166 3880 προσταχθέν.
1214 3810 1288 3863 Ού
1322 3809 1431 3883 γὰρ
1460 3811 1765 3883 ἐμαινόμην

179 3900 458 3955 ἀντειπεῖν
490 3900 717 3970 τοιούτῳ
750 3919 844 3955 σου
875 3902 1276 3973 προστάγματι.
1476 3902 1766 3975 γραψάσης

180 3992 361 4048 τοίνυν
414 3993 586 4057 ὅντως
618 3994 715 4065 τῆς
761 3994 860 4066 σῆς
902 3995 1203 4060 εὐσεϐείας,
1249 3994 1365 4059 πῶς
1394 3996 1656 4067 ἀντέστην
1690 3997 1765 4068 μὴ

182 4084 529 4150 κελευσθείς;
564 4084 633 4137 Ἦ
672 4084 789 4148 πῶς
830 4083 1100 4153 λέγουσιν,
1146 4084 1249 4137 οὐκ
1275 4084 1556 4155 ἐπείσθην,
1590 4085 1765 4138 καίτοι

181 4176 538 4250 προστάξεως
567 4174 641 4247 μὴ
670 4175 834 4247 οὔσης
856 4193 871 4242 ;
898 4176 1015 4241 πῶς
1040 4176 1104 4231 οὐ,
1128 4176 1458 4244 συκοφαντία
1487 4177 1582 4230 καὶ
1608 4177 1767 4231 τοῦτο

178 4267 289 4323 τῶν
316 4266 532 4340 ἐχθρῶν
565 4267 905 4323 πλαττόντων
933 4269 993 4321 τὸ
1025 4267 1099 4341 μὴ
1126 4268 1414 4338 γενόμενον
1438 4266 1514 4331 ὡς
1541 4268 1766 4336 γενόμε-

178 4377 305 4425 νον;
330 4359 610 4431 Φοϐοῦμαι
638 4358 713 4431 μὴ
735 4360 828 4415 καὶ
857 4358 971 4424 νῦν,
1007 4358 1442 4430 ἀπολογουμένου
1472 4377 1594 4430 μου,
1633 4360 1765 4431 θρυ-

176 4451 425 4523 λὴσωσιν
464 4451 542 4516 ὡς
586 4452 661 4522 μὴ
712 4449 1045 4518 ἀξιώσαντος
1078 4451 1553 4523 ἀπολογήσασθαι·
1594 4450 1767 4515 οὓτως

1872 584 2053 638 omnia
2104 593 2355 640 moveant
2383 592 2436 638 et
2465 581 2806 652 perturbent.
2836 578 3091 635 Fortasse
3114 581 3451 667 plurimisOte

1871 676 2056 732 verbis
2112 677 2396 732 adversum
2449 682 2569 729 nos'
2602 680 2931 741 exasperant
2972 686 2986 724 :
3036 673 3131 728 sed
3181 670 3451 741 eiusmodi

1870 768 2019 823 viros
2060 769 2327 832 aversari,
2371 777 2428 823 et
2477 765 2605 821 odio
2651 764 2857 820 habere
2903 778 3116 833 aequum
3166 772 3271 833 est,
3303 767 3449 836 quod

1871 860 2062 930 quales
2084 860 2187 931 ipsi
2222 871 2369 927 sunt,
2401 859 2538 915 tales
2567 858 2888 915 existiment
2911 873 3006 913 eos
3032 857 3124 928 qui
3152 873 3211 914 se
3232 859 3450 913 auscul-

1874 962 2009 1019 tant,
2034 969 2276 1026 suasque
2304 953 2602 1008 calumnias
2626 951 2793 1007 etiam
2823 951 2964 1022 apud
2999 959 3053 1006 te
3077 950 3259 1007 valere
3289 966 3450 1022 posse

1872 1047 2304 1111 arbitrentur,"
2326 1046 2467 1103 Olim
2512 1057 2660 1103 certe
2712 1052 2905 1101 contra
2956 1042 3277 1099 sacerdotes
3328 1044 3447 1109 Dei,

1874 1136 2035 1207 lioegi
2071 1136 2337 1192 calumnia
2376 1138 2485 1192 vim
2528 1137 2753 1204 habuit;
2781 1138 2874 1193 sed
2913 1137 3044 1192 Saul
3071 1146 3190 1191 erat
3228 1137 3318 1207 qui
3350 1152 3449 1189 au-

1871 1242 1984 1283 rem
2018 1228 2246 1299 praebuit
2290 1229 2374 1283 vir
2407 1246 2536 1285 sane
2567 1230 2803 1299 iniquus.
2832 1232 2877 1263 ⁸⁷
2902 1229 2967 1283 Et
2997 1227 3214 1284 Jezabel
3242 1228 3451 1284 calum-

1872 1321 1977 1375 niis
2018 1322 2132 1376 suis
2170 1321 2651 1390 religiosissimum
2678 1321 3319 1391 Nabothlazderepotuit;
3351 1322 3449 1376 sed

1869 1413 2060 1467 Achab
2102 1423 2244 1480 erat,
2304 1414 2567 1469 scelestus
2610 1414 2702 1469 ille
2742 1423 2796 1468 et
2849 1423 3115 1483 apostata,
3161 1413 3252 1484 qui
3290 1416 3447 1467 uxori

1870 1521 2077 1561 morem
2120 1506 2309 1577 gessit.
2346 1506 2741 1561 Sanctissimus
2766 1516 2943 1561 autem
2984 1506 3348 1576 David,cujus
3375 1517 3445 1571 te,

1868 1607 1928 1652 ut
1957 1613 2148 1652 omnes
2190 1607 2500 1668 peroptant,
2527 1600 2857 1653 imitatorem
2891 1613 3011 1653 esse
3038 1600 3309 1664 convenit,
3343 1599 3449 1651 Im-
3556 1638 3559 1645 .

1865 1689 2101 1759 jusmodi
2136 1690 2287 1746 viros
2322 1706 2428 1746 non
2454 1691 2717 1758 admittit,
2762 1692 2856 1746 sed
2897 1690 3052 1760 quasi
3092 1704 3256 1746 canes
3298 1690 3446 1743 rabi-

1872 1783 1967 1839 dos
2014 1784 2394 1849 aversabatur,
2419 1786 2612 1840 dicens
2646 1801 2659 1837 :
2702 1783 3072 1847 Damt/tentem
3101 1792 3296 1838 secreto
3334 1799 3453 1850 pro-

1866 1874 2008 1927 ximo
2054 1890 2171 1939 suo,
2221 1875 2359 1927 hunc
2402 1875 2746 1945 persequebar
2768 1874 2833 1927 ⁸⁸.
2872 1872 3207 1942 Przeceptum
3253 1872 3453 1941 quippe

1870 1965 1999 2020 illud
2048 1967 2404 2022 observavit:
2443 1966 2652 2020 Vanum
2690 1982 2951 2019 rumorem
2987 1982 3091 2019 non
3124 1964 3447 2019 admittes".

1868 2058 2141 2116 Incassum
2204 2070 2352 2116 certe
2390 2060 2463 2115 illi
2516 2061 2654 2131 apud
2706 2071 2758 2115 te
2817 2061 3097 2116 mendacia
3129 2060 3443 2128 loquuntur,

1867 2153 1959 2221 qui
2008 2151 2156 2208 velut
2208 2152 2464 2209 Salomon
2510 2167 2539 2207 a
2597 2154 2829 2208 Domino
2882 2146 3364 2223 postularis,qnod
3394 2162 3449 2206 te

1868 2244 2147 2314 accepisse
2184 2246 2412 2313 credas;
2454 2254 2515 2300 ut
2555 2245 2812 2300 nimirum
2875 2245 3102 2300 verbum
3148 2258 3344 2297 vanum
3389 2253 3444 2297 et

1867 2334 2096 2389 mendax
2131 2334 2288 2406 longe
2316 2337 2440 2391 sita
2475 2345 2527 2391 te
2546 2336 2617 2401 °°,
2646 2336 2719 2390 uti
2751 2351 2847 2405 par
2878 2344 2979 2389 est.

1937 2427 2027 2481 21.
2065 2426 2406 2498 Quapropter
2439 2444 2561 2483 cum
2610 2428 2723 2484 sola
2771 2427 3227 2482 calumniatornm
3280 2440 3445 2495 opera

1869 2520 1992 2575 data
2019 2518 2212 2575 fuisset
2242 2519 2493 2591 epistola,
2524 2536 2625 2575 nec
2652 2532 2737 2574 me
2770 2520 2883 2589 ipsa
2910 2519 3126 2589 juberet
3152 2519 3217 2573 ad
3244 2529 3294 2573 te
3320 2532 3447 2583 pra-

1869 2612 2073 2678 licisci;
2106 2621 2454 2683 perspectum
2500 2628 2635 2670 sane
2680 2614 2845 2669 habui
2875 2627 2993 2669 eam
3024 2628 3131 2667 non
3169 2627 3292 2667 esse
3329 2610 3447 2680 pie-

1869 2705 1998 2761 tatis
2060 2714 2165 2761 tuae
2212 2706 2545 2762 voluntatem
2583 2714 2645 2761 ut
2703 2715 2755 2761 te
2812 2706 3181 2762 convenirem.
3232 2703 3445 2759 Etenim

1868 2811 1989 2850 cum
2042 2811 2150 2850 non
2188 2799 2410 2852 omnino
2446 2798 2677 2868 iusseris
2724 2808 2785 2852 ut
2835 2797 3185 2863 accederem,
3232 2794 3324 2850 sed
3370 2794 3443 2848 ita

1869 2888 2155 2957 scripseris
2188 2889 2343 2959 quasi
2371 2888 2425 2943 id
2453 2904 2555 2957 ego
2587 2904 2615 2943 a
2647 2898 2699 2943 te
2742 2888 2939 2942 litteris
2970 2887 3354 2955 postulassem,
3390 2892 3449 2937 ut

1871 2996 1993 3049 quze
2023 2981 2259 3037 deiicere
2306 2982 2632 3037 videbantur
2660 2984 2967 3037 instaurare
3012 2981 3234 3045 liceret;
3268 2978 3445 3046 palam

1873 3073 1977 3126 fuit
2011 3073 2252 3143 (nemine
2282 3071 2408 3128 licet
2435 3073 2728 3142 indicante)
2758 3074 3016 3142 perlatam
3046 3072 3111 3126 ad
3140 3084 3224 3125 me
3244 3069 3447 3138 episto-

1870 3165 1976 3218 lam
2003 3180 2107 3219 non
2135 3180 2165 3221 e
2199 3165 2472 3220 sententia
2506 3165 2939 3220 mansuetudinis
2976 3174 3081 3218 tuae
3114 3159 3448 3215 fuisse.scri-

1870 3263 2040 3323 ptam.
2083 3253 2197 3309 Hoc
2227 3255 2359 3308 nulli
2392 3264 2578 3311 notum
2618 3271 2723 3309 non
2770 3263 2894 3310 est:
2926 3254 3028 3309 hoc
3067 3250 3268 3320 scripto
3299 3248 3441 3305 indi-

1873 3347 2035 3401 cavi:
2081 3362 2145 3401 ac
2184 3347 2333 3401 novit
2368 3346 2484 3415 ipse
2535 3345 2824 3399 Montanus
2875 3359 2980 3399 non
3024 3355 3306 3397 recusasse
3358 3353 3446 3393 me

1871 3439 1937 3493 ad
1976 3448 2028 3494 te
2050 3440 2344 3507 accedere;
2378 3440 2472 3494 sed
2521 3438 2594 3493 ita
2634 3437 2915 3502 accedere,
2938 3450 3002 3491 ac
3041 3433 3087 3490 si
3120 3447 3219 3503 ego
3249 3430 3448 3486 litteris

1871 3532 2007 3586 meis
2040 3530 2418 3603 proﬁciscendi
2452 3530 2727 3586 licentiam
2770 3528 3151 3599 postulassem,
3208 3533 3359 3580 certe
3392 3524 3444 3577 id

1872 3638 1981 3678 non
2039 3626 2232 3679 decere
2277 3623 2571 3677 arbitratus
2621 3637 2764 3687 sum,
2811 3636 2882 3677 ne
2930 3622 3059 3675 hinc
3105 3616 3446 3674 occasionem

1872 3714 2068 3769 iterum
2122 3723 2409 3783 captarent
2448 3714 2814 3785 sycophantae,
2859 3713 3012 3784 quasi
3059 3708 3307 3781 religioni
3345 3717 3449 3762 tua:

1874 3808 2135 3862 molestus
2161 3806 2409 3862 fuissem.
2436 3804 2503 3858 Et
2528 3821 2664 3860 sane
2706 3805 2820 3874 jam
2851 3820 2938 3860 me
2966 3804 3067 3859 via:
3105 3800 3471 3857 committeret

1874 3899 2153 3968 parabam,
2187 3908 2247 3953 ut
2276 3899 2389 3968 ipse
2414 3900 2563 3953 novit
2589 3897 2899 3964 Montanus,
2931 3907 3011 3963 ut,
3040 3897 3084 3952 si
3117 3895 3182 3951 ad
3202 3908 3289 3949 me
3314 3894 3450 3949 scri-

1874 3989 2003 4044 bere
2034 3988 2125 4043 tibi
2160 3989 2476 4058 placuisset,
2500 3990 2603 4044 iter
2631 3989 3035 4060 quamprimum
3067 3987 3446 4049 instituerem,

1873 4093 2235 4153 promptoque
2297 4084 2480 4138 animo
2545 4082 2757 4151 jussum
2815 4092 2965 4137 tuum
3024 4089 3445 4136 anteverterem.

1874 4174 2224 4243 Nequaquam
2254 4175 2400 4229 enim
2439 4190 2505 4229 eo
2538 4175 2768 4230 insania:
2796 4175 3147 4237 deveneram,
3177 4181 3235 4225 ut
3263 4171 3448 4241 hujus-

1876 4265 2016 4321 modi
2047 4272 2317 4335 praecepto
2354 4273 2448 4319 tuo
2475 4279 2855 4335 repugnarem.
2884 4262 3019 4317 Cum
3049 4246 3227 4316 nullas
3266 4264 3449 4330 itaque

1875 4359 1941 4411 ad
1974 4372 2059 4411 me
2093 4357 2310 4411 litteras
2350 4357 2558 4410 miserit
2604 4357 2777 4425 pietas
2828 4365 2939 4420 tua,
2976 4354 3068 4424 qui
3102 4353 3447 4424 repugnarim

1876 4464 1995 4502 cum
2023 4448 2161 4502 nihil
2183 4449 2391 4519 jussum
2432 4448 2628 4502 fuerit?
2653 4448 2761 4502 Aut
2789 4449 3058 4517 quomodo
3090 4461 3177 4501 me
3216 4460 3323 4499 non
3354 4445 3451 4499 ob-

174 4541 294 4610 ὲγὼ
335 4541 440 4613 μὲν
471 4542 708 4613 εὐχερής
734 4543 848 4612 εἰμι
881 4542 1011 4611 παρ’
1044 4542 1228 4606 αὐτοῖς
1256 4543 1335 4606 είς
1361 4542 1421 4596 τὸ
1446 4544 1766 4614 κατηγορεῖ-

1877 4547 2123 4622 secutum
2154 4536 2444 4605 aﬂirmant,
2474 4552 2597 4591 cum
2633 4538 2838 4593 nullum
2891 4537 3055 4593 fuerit
3093 4537 3448 4591 mandatum?

174 4630 305 4685 σθαι
336 4632 471 4703 παρ’
499 4629 679 4684 αὐτῶν
701 4647 715 4661 ο
753 4631 905 4685 αὐτοὶ
929 4631 986 4684 δὲ
1016 4634 1200 4703 ταχεῖς
1230 4633 1309 4695 εἰς
1328 4633 1389 4686 τὸ
1402 4634 1773 4702 συκοφαντεῖν

1877 4632 2016 4698 Quid
2041 4631 2181 4686 aliud
2211 4630 2338 4685 illud
2366 4639 2449 4686 est
2481 4646 2643 4700 quam
2678 4647 2823 4686 mera
2851 4632 3207 4704 syCOpliantia
3253 4632 3449 4684 adver-

171 4724 277 4777 καὶ
301 4726 665 4795 καταφρονεῖν
690 4723 788 4795 τῆς
815 4724 1037 4796 Γραφῆς
1064 4723 1328 4794 λεγούσης
1346 4741 1359 4755 ⁶
1417 4728 1475 4779 Μ
1482 4724 1514 4792 ὴ
1572 4722 1766 4794 ἀγάπα

1876 4723 2142 4777 sarior-um
2174 4737 2439 4788 meorum,
2467 4722 2557 4791 qui
2595 4737 2713 4792 quae
2773 4732 2921 4793 gesta
2969 4738 3075 4777 non
3122 4730 3266 4785 sunt,
3298 4734 3449 4793 gesta

169 4816 578 4885 καταλαλεῖν,
610 4817 712 4870 ἵνα
736 4816 823 4886 μὴ
848 4816 1129 4889 ἐξαρθῇς.

1878 4812 2401 4868 comminiscuntur?
2454 4810 2657 4868 Vereor
2704 4828 2837 4868 sane
2890 4813 3054 4867 etiam
3109 4814 3154 4867 si
3222 4827 3445 4868 causam

171 4925 364 4965 meam
405 4911 818 4981 propugnarim,
848 4927 917 4967 ne
943 4897 1281 4968 deblaterent
1338 4911 1463 4981 ipsi,
1527 4910 1684 4981 quasi
1723 4924 1829 4965 non
1870 4907 1973 4961 sim
2030 4921 2150 4961 eam
2206 4920 2548 4976 prepngnare
2599 4906 2893 4975 dignatus:
2926 4920 3096 4974 usque
3139 4907 3275 4961 adeo
3327 4921 3448 4960 sum

168 5022 375 5062 eorum
426 5006 900 5064 criminationibus
965 5008 1216 5075 idoneus,
1256 5007 1444 5078 illique
1505 5009 1571 5062 ad
1611 5006 2051 5062 calumniandum
2125 5005 2342 5074 parati:
2387 5004 2521 5059 adeo
2554 5012 2612 5057 ut
2640 5002 2983 5072 Scripturam
3024 5002 3183 5058 nihili
3224 5002 3448 5066 faciant,

164 5112 303 5168 qua:
328 5097 405 5152 ait
439 5115 454 5153 :
486 5095 570 5151 Ne
598 5114 740 5153 ames
766 5099 975 5170 obloqui
1017 5117 1078 5154 ne
1115 5100 1440 5155 evellaris“.

251 5193 345 5247 22.
374 5176 658 5248 Μοντάνου
694 5194 875 5249 τοίνυν
910 5196 1385 5268 ἀποδημήσαντος,
1430 5190 1562 5266 ἦλθε
1590 5194 1772 5261 Διογέ-

163 5304 282 5359 νης
310 5287 341 5340 ό
380 5285 633 5358 νοτάριος
686 5287 824 5357 μετά
859 5288 917 5355 ἒξ
947 5290 1041 5342 καὶ
1069 5289 1239 5342 εἴκοσι
1281 5286 1486 5357 μῆνας
1525 5287 1620 5338 καὶ
1647 5284 1770 5338 οὕτε

158 5380 345 5445 αὐτὸς
371 5378 665 5452 ἐπιστολὴν
686 5380 965 5448 ἀπεδίδου,
984 5380 1105 5436 οὔτε
1132 5380 1458 5453 ἑωράκαμεν
1485 5377 1771 5450 ἀλλήλους,

1954 5188 2045 5242 22.
2086 5187 2199 5256 (85)
2227 5186 2361 5242 Cum
2402 5184 2683 5254 profectus
2727 5188 2911 5257 itaque
2961 5186 3244 5243 Montanus
3282 5195 3450 5250 esset,
3540 5219 3567 5248 ,-

1881 5280 2109 5334 accessit
2154 5286 2277 5347 post
2325 5290 2420 5331 sex
2450 5286 2506 5331 et
2531 5277 2721 5347 viginti
2753 5292 2969 5332 menses
3009 5277 3271 5347 Diogenes
3300 5286 3454 5329 nota-
3524 5342 3529 5352 ι

1881 5373 2020 5442 rius;
2035 5373 2128 5445 qui
2148 5385 2323 5441 neque
2343 5370 2456 5441 ipse
2477 5385 2690 5441 quoque
2711 5371 2990 5440 epistolam
3020 5368 3259 5434 tradidit,
3279 5381 3452 5435 neque
3522 5416 3528 5435 ι

247 5542 303 5575 ⁸⁸
331 5541 666 5614 lBeg.jxxtt,
694 5540 751 5599 9.
769 5540 814 5574 ⁸⁷
839 5537 907 5595 Ili
931 5540 1065 5610 Reg.
1092 5554 1206 5605 χχι,
1226 5538 1279 5602 7,
1305 5551 1458 5609 seqq.
1494 5534 1541 5567 ⁸⁸
1571 5532 1716 5592 Psal.
1739 5549 1766 5592 c

1874 5576 1876 5587 π
1910 5534 1955 5569 ⁸⁸
1990 5535 2164 5592 Exod.
2197 5545 2355 5600 χχιιι,
2390 5537 2443 5591 1.
2484 5539 2534 5571 ³ο
2561 5536 2720 5590 Prov.
2742 5550 2869 5599 xxx,
2892 5533 2942 5587 8.
2987 5534 3031 5565 ’ί
3062 5530 3217 5588 Prov.
3242 5547 3335 5595 xx,
3362 5532 3448 5587 15.

255 5710 374 5785 F19)
392 5710 498 5785 _$ic
549 5709 683 5785 Reg:
713 5708 852 5785 Editi
889 5722 1040 5785 vero,
1076 5706 1489 5785 napoguvd‘psvd
1520 5724 1579 5760 σε
1629 5706 1767 5761 καθ’.

161 5788 231 5844 1n
266 5778 477 5847 'Basil.,
506 5780 701 5849 παροξ.
730 5779 851 5831 καθ’
878 5778 1055 5849 ἡμῶν,
1091 5780 1415 5836 intermedia
1447 5794 1625 5836 erasa.

250 5853 370 5926 (80)
396 5852 558 5924 Reg.,
581 5849 850 5907 Ναϐουθέ.

1934 5708 2066 5777 ⁴(81)
2102 5706 2194 5761 Sic
2221 5707 2355 5777 Reg.
2383 5704 2526 5777 Editi
2554 5720 2711 5777 vero,
2739 5702 3159 5777 ἀποστρέφεται.

1956 5775 2069 5849 (82)
2106 5775 2355 5849 βὶείῐίοᾴ.
2392 5775 2635 5849 caligis“.
2674 5776 2835 5843 Etliti,
2870 5777 3027 5840 male,
3069 5775 3141 5840 ὡς
3173 5777 3227 5849 ἡ.

1956 5848 2070 5920 (83)
2102 5847 2258 5904 Initio
2282 5847 2407 5902 anni
2435 5845 2558 5901 356.
