3954 6500
1407 457 1444 472 ..
1701 414 1812 468 οιδιν.
1857 412 2030 467 PARS
2065 411 2107 465 1.

2254 406 2626 465 HISTORICA
2664 405 2754 462 ET
2774 402 3202 476 ,DOGMATICA.
3706 403 3795 462 ιιι

1209 583 1214 588 ·
1305 571 1414 620 ἠὲ

1413 681 1424 688 .
1481 633 1808 694 “natavit.
1865 629 1973 681 lino
2017 643 2137 682 cum

1359 767 1368 776 .
1407 742 1714 783 cunarum
1746 725 2018 792 ingressus
2032 731 2136 786 est,

1225 847 1366 878 Nam
1398 819 1784 890 ναιτυιιιὶδαδ,
1816 830 1880 868 ac
1909 829 1970 870 se
1997 815 2141 869 arbi-

1103 951 1130 972 ._\
1211 915 1651 972 ..'-..uu\t.£tlilbtl$;
1698 907 2026 962 sciscitabar
2069 922 2138 961 ex

1047 1041 1130 1066 ..ρ
1219 1051 1248 1056 ..
1317 1005 1608 1059 nutabant
1634 1001 1844 1054 litteras
1874 1001 2135 1054 haberet:

961 1147 972 1156 .
1047 1135 1086 1154 η.
1149 1111 1372 1152 .moms
1419 1106 1522 1148 tum
1564 1092 1770 1147 litteras
1815 1090 2136 1160 postulasse.

985 1223 1026 1250 η,
1103 1217 1170 1242 ω
1233 1193 1422 1243 τωικιιε
1451 1185 1694 1247 dixisset,
1732 1183 1916 1254 rogavi
1963 1192 2021 1237 ut
2055 1184 2139 1237 vel

763 1311 798 1336 ε.
871 1331 876 1334 .
919 1313 1026 1342 ..λ
1061 1305 1136 1336 νιηι
1177 1280 1430 1334 luimus
1462 1274 1748 1346 prmfectus
1789 1274 2008 1348 Egypti
2037 1275 2140 1330 hoc

801 1409 888 1430 ,νᾳ
917 1407 946 1426 ,,
983 1389 1170 1439 ,ιι-μευ
1205 1370 1496 1423 traderent.
1534 1365 1649 1422 Hoc
1683 1374 1861 1421 autem
1894 1368 2014 1422 ideo
2039 1381 2138 1437 p0-

787 1511 796 1520 .
847 1495 966 1528 iu...
1013 1481 1094 1516 tua
1127 1461 1256 1514 mihi
1299 1459 1608 1513 humanitas
1653 1460 1987 1529 scripsisset,
2018 1470 2135 1515 uta

629 1605 636 1610 ,
697 1581 728 1612 υ
785 1572 1024 1614 summa
1076 1564 1245 1619 usque
1295 1549 1362 1603 iis
1403 1550 1496 1619 qui
1555 1564 1641 1604 me
1694 1561 1901 1608 terrere
1938 1552 2138 1608 vellent

621 1667 908 1704 ...ιημψειυ
942 1665 952 1695 :
985 1644 1078 1700 sed
1123 1644 1176 1696 in
1206 1641 1453 1698 ecclesiis
1484 1644 1735 1714 degerem
1789 1645 1925 1699 citra
1971 1644 2134 1699 ullum

601 1761 776 1798 ..ιιωιι
829 1738 910 1794 vel
962 1734 1402 1790 sollicitudinem.
1437 1733 1540 1802 Qui
1572 1746 1751 1791 autem
1781 1752 1900 1792 eam
1930 1738 2135 1807 episto-~

581 1841 680 1890 ’ωε
711 1831 963 1891 acutis-re,
994 1835 1120 1882 sunt
1154 1824 1424 1882 Palladius
1453 1827 1582 1882 olim
1615 1828 1799 1898 palatii
1846 1831 2129 1900 magister,

575 1941 628 1984 et
671 1923 897 1978 \sterius
921 1919 1010 1986 qni
1040 1916 1144 1971 fuit
1167 1917 1274 1971 dux
1305 1919 1594 1973 Armeniae.
1627 1920 1918 1991 Exemplar
1951 1931 2129 1977 autem

571 2012 806 2082 ψίδωΐιιι
833 2018 888 2061 ut
923 2007 1192 2078 perlegam
1219 2009 1480 2074 concede,
1511 2010 1761 2082 sicenim
1796 2013 1988 2069 habet:

636 2103 724 2157 '33.
767 2097 1050 2166 Exemplar
1077 2098 1316 2168 epistola:
1343 2101 1488 2171 quod
1519 2102 1598 2157 sic
1631 2103 1792 2158 habet
1835 2121 1850 2155 .-

743 2189 1084 2244 Constantius
1129 2188 1307 2246 Victor
1334 2193 1604 2264 Augustus
1639 2195 1951 2249 Athanasio.

633 2284 859 2353 Optasse
892 2296 978 2336 me
1004 2297 1220 2352 semper
1249 2294 1305 2338 ut
1330 2287 1510 2340 omnia
1537 2285 1718 2341 fausta
1743 2287 2000 2343 defuncto
2027 2287 2134 2342 rra-

564 2376 630 2428 tri
651 2387 770 2427 meo
805 2370 1087 2427 Constanti
1119 2376 1458 2444 acciderent,
1487 2378 1792 2446 prudentia:
1828 2390 1932 2434 tua:
1964 2380 2133 2436 latere

560 2478 664 2520 non
683 2461 940 2517 arbitror.
973 2463 1142 2532 Quem
1165 2481 1287 2522 cum
1313 2469 1861 2525 sceleratissimorum
1887 2472 2130 2526 virorum

557 2557 679 2610 dolo
707 2553 980 2609 sublatum
1014 2558 1417 2628 cognovissem,
1469 2576 1579 2631 quo
1622 2575 1858 2618 maerore
1907 2562 2131 2621 affectus

558 2648 685 2712 sim,
738 2645 899 2702 facile
934 2660 1118 2704 vestra
1177 2653 1465 2722 prudentia
1523 2655 1868 2725 indicaverit.
1933 2656 2127 2714 Verum

554 2739 679 2808 quia
723 2737 825 2794 hoc
877 2751 1119 2812 tempore
1152 2745 1393 2800 nonnulli
1442 2755 1492 2801 te
1532 2756 1640 2801 tam
1686 2747 1938 2804 luctuoso
1969 2766 2131 2822 nego-

558 2833 752 2886 tiorum
785 2832 1019 2888 decursu
1054 2845 1261 2891 terrere
1303 2851 1607 2904 conantur,
1658 2839 1758 2894 has
1794 2841 2006 2896 litteras
2061 2843 2129 2896 ad

556 2930 704 2975 tuam
749 2925 1113 2978 reverentiam
1176 2927 1470 2984 mittendas
1520 2929 1854 2986 existimavi.
1907 2930 2131 2986 llortor-

554 3022 662 3078 que
694 3018 764 3076 te,
794 3017 875 3075 ut,
907 3013 1362 3080 quemadmodum
1393 3018 1708 3087 episcopum
1736 3020 1915 3086 decet,
1955 3037 2129 3092 popu-

554 3097 667 3152 lum
699 3098 897 3155 doceas
925 3101 991 3155 ad
1028 3101 1326 3171 legitimam
1357 3106 1652 3162 convenire
1689 3107 2000 3177 religionem
2024 3149 2039 3173 ,
2074 3119 2131 3164 et

1475 555 1810 606 _...\gutmn;
1852 552 1946 592 nec
1982 535 2128 605 quid.

2239 533 2362 587 οὔτε
2400 533 2478 597 ὡς
2510 531 2860 606 προστάξεως
2887 527 3048 601 οὔσης
3080 527 3382 584 ἐνετείλατό
3415 546 3508 601 μοι
3531 545 3545 558 ·
3575 526 3800 584 ἀλλὰκαὶ

2241 627 2327 679 ὅτε
2347 626 2418 677 Συ
2425 626 2607 696 ριανὸς
2629 626 2657 677 ό
2679 621 3052 694 στρατηλάτης
3077 620 3322 692 εἰσῆλθεν
3338 622 3420 686 είς
3450 619 3553 692 τὴν
3581 618 3800 686 Ἀλεξάν-

2240 719 2444 792 δρειαν,
2492 717 2681 788 ἐπειδὴ
2725 715 2878 786 παρά
2923 714 3031 769 τῶν
3091 714 3386 787 Ἀρειανῶν
3436 711 3707 786 ἐθρυλεῖτό
3732 726 3801 766 τι-

2238 831 2328 876 να,
2383 810 2481 865 καὶ
2536 810 2682 878 άπερ
2743 807 3040 873 ἐϐούλοντο,
3096 808 3498 880 ἐπηγγέλλοντο
3557 808 3798 877 γίνεσθαι,

2240 903 2472 976 ἠρώτων
2508 903 2556 956 εἰ
2575 902 2879 974 γράμματα
2903 901 3012 972 ἔχει
3050 902 3180 973 περὶ
3210 894 3288 956 ὧν
3319 899 3581 971 θρυλοῦσι
3599 917 3612 929 ⁸
3639 901 3794 972 γράμ-

2245 1014 2391 1066 ματα
2448 996 2559 1066 γάρ
2618 995 2891 1067 ἀπῄτουν,
2950 995 3232 1066 ὁμολογῶ,
3292 995 3394 1064 τῆς
3453 993 3793 1067 προστάξεως.

2255 1087 2470 1158 Ἐπειδὴ
2521 1087 2579 1140 δέ
2629 1088 2703 1160 μὴ
2733 1088 2876 1157 ἔχειν
2912 1087 3092 1157 ἔλεγεν
3123 1088 3262 1160 (84),
3297 1087 3485 1157 ἠξίουν
3533 1084 3635 1140 κάν
3661 1085 3798 1140 αὑτὸν

2240 1177 2518 1251 Συριανὸν,
2541 1177 2574 1248 ἢ
2610 1177 2701 1230 τὸν
2727 1177 2962 1251 ἔπαρχον
2986 1179 3086 1248 τῆς
3110 1177 3386 1246 Αἰγύπτου
3411 1176 3663 1246 Μάξιμον
3685 1175 3798 1246 γρά-

2237 1271 2338 1341 ψαι
2373 1288 2464 1341 μοι
2495 1270 2622 1342 περὶ
2642 1270 2853 1325 τούτου.
2883 1269 3050 1323 Τοῦτο
3081 1271 3136 1323 δὲ
3168 1268 3344 1333 οὕτως
3370 1267 3635 1339 ἀπῄτουν,
3667 1269 3796 1320 ἐπει-

2237 1363 2302 1434 δὴ
2345 1361 2605 1434 γράψασά
2638 1379 2728 1431 μοι
2759 1357 2827 1433 ἦν
2873 1363 2906 1433 ἡ
2944 1361 3012 1434 σὴ
3039 1359 3441 1431 φιλανθρωπία,
3476 1359 3620 1412 ὥστε
3669 1359 3798 1430 παρὰ

2241 1455 2467 1526 μηδενός
2505 1471 2571 1525 με
2599 1453 2981 1524 ταράττεσθαι,
3011 1451 3144 1524 μηδὲ
3180 1450 3470 1522 ἀνέχεσθαι
3506 1450 3616 1504 τῶν
3644 1449 3799 1504 eam

2236 1563 2344 1599 των
2365 1547 2510 1617 ἡμᾶς
2522 1549 2726 1610 πτοεῖν,
2751 1545 2887 1599 ἀλλά
2912 1545 3089 1616 μένειν
3119 1545 3176 1597 ἐν
3209 1547 3329 1608 ταῖς
3360 1543 3800 1612 ἐκύησίαιςάμε-

2242 1635 2464 1707 ρίμνως.
2501 1639 2564 1690 Οἱ
2600 1637 2699 1707 μὲν
2732 1631 2824 1689 οὖν
2850 1634 3173 1706 κομίσαντες
3198 1633 3296 1705 τὴν
3320 1633 3582 1704 τοιαύτην
3612 1633 3799 1685 ἐπιστο-

2235 1727 2332 1799 λήν
2359 1730 2465 1782 εἰσι
2493 1729 2810 1794 Παλλάδιος,
2844 1730 2872 1781 ὁ
2903 1728 3193 1798 γενόμενος
3225 1726 3320 1780 τοῦ
3353 1727 3623 1781 παλατίου
3659 1726 3798 1796 μάγι-

2239 1837 2417 1890 στρος,
2447 1820 2543 1874 καὶ
2584 1819 2858 1892 Ἀστέριος
2881 1821 2908 1872 ὁ
2931 1817 3220 1887 γενόμενος
3240 1815 3366 1881 δοὺξ
3405 1815 3711 1886 Ἀρμενίας.
3736 1815 3797 1868 Τδ

2235 1913 2294 1966 δὲ
2319 1912 2646 1984 ἀντίγραφον
2673 1913 2771 1983 τῆς
2802 1910 3084 1981 ἐπιστολῆς
3117 1909 3478 1981 συγχώρησον
3513 1907 3796 1978 ἀναγνῶναί

2236 2021 2302 2075 με
2328 2020 2342 2035 ⁶
2376 2004 2490 2058 ἐστι
2522 2004 2632 2076 γὰρ
2657 2003 2842 2058 τοῦτο·

2302 2096 2391 2151 25.
2431 2097 2606 2162 Ἀντίγ
2619 2113 2787 2169 ραφον
2815 2095 3100 2164 ἐπιστολῆς
3120 2093 3296 2156 οὕτως
3319 2091 3440 2163 ἕχον
3464 2108 3479 2120 ·

2307 2188 2722 2254 Κωνστάντιος
2742 2187 3001 2254 Νικητὴς
3017 2185 3365 2255 Αὔγουστος
3392 2181 3735 2249 Ἀθανασίῳ.

2305 2281 2414 2354 (85)
2449 2279 2715 2351 Εὕγεσθαί
2745 2297 2810 2351 με
2836 2279 2923 2332 ἀεὶ
2946 2280 3085 2334 ὥστε
3113 2278 3291 2331 πάντα
3316 2277 3472 2329 αἴσια
3502 2275 3794 2328 ἀποϐαίνειν

2232 2376 2310 2446 τῷ
2349 2392 2477 2429 ποτε
2507 2373 2722 2444 ἀδελφῷ
2744 2373 2859 2444 ἐμῷ
2880 2372 3216 2435 Κωνστάντι,
3245 2370 3364 2424 ούδέ
3390 2371 3491 2441 τὴν
3520 2370 3621 2441 σὴν
3652 2369 3792 2439 ὑπερ-

2233 2468 2332 2538 έϐη
2359 2467 2592 2521 σύνεσιν.
2631 2467 2848 2520 Ὀντινα
2885 2464 3072 2536 ἐπειδὴ
3113 2464 3172 2530 ἐξ
3203 2463 3423 2534 ἀπάτης
3449 2462 3793 2518 ἀτοπωτάτων

2233 2559 2344 2630 (86)
2367 2558 2670 2632 ἀνῃρῆσθαι
2690 2559 2881 2627 ἔγνων,
2910 2557 3051 2630 πόσῃ
3075 2557 3193 2627 εἰμὶ
3216 2573 3281 2609 πε
3290 2555 3571 2627 ριϐληθεὶς
3599 2552 3775 2622 στυγνό

2230 2670 2372 2724 τητι,
2395 2652 2634 2724 εὐχερῶς
2657 2651 2690 2722 ἡ
2715 2651 2956 2722 ὑμετέρα
2988 2650 3245 2720 φρόνησις
3267 2648 3562 2719 δυνήσεται
3587 2647 3791 2719 κρίνειν.

2229 2743 2337 2797 Καὶ
2365 2743 2548 2816 ἐπειδή
2582 2743 2726 2806 τινές
2749 2743 2906 2807 εἰσιν,
2955 2741 3152 2804 οἵτινες
3177 2742 3234 2795 ἐν
3266 2739 3345 2810 τῷ
3373 2740 3608 2810 παρόντι
3638 2737 3794 2810 καιρῷ

2229 2833 2306 2906 τῷ
2351 2834 2494 2887 οὕτω
2548 2833 2862 2904 δακρυτικῷ
2919 2831 3156 2904 δράματι
3214 2829 3326 2901 (87)
3374 2830 3702 2883 καταπτοεῖν
3749 2843 3793 2880 σε

2229 2926 2570 2998 πειράζουσι,
2601 2925 2689 2979 διὰ
2717 2924 2874 2979 τοῦτο
2920 2923 2988 2977 τὰ
3014 2923 3258 2994 παρόντα
3299 2922 3478 2975 ταῦτα
3511 2921 3795 2992 γράμματα

2230 3019 2366 3090 πρὸς
2403 3018 2502 3090 τὴν
2530 3017 2626 3090 σὴν
2653 3018 2938 3088 τιμιότητα
2972 3015 3176 3068 στεῖλαι
3204 3014 3397 3085 ἔκρινα
3422 3030 3435 3044 ”
3487 3012 3795 3084 προτρέπων

2230 3129 2288 3166 σε
2318 3112 2426 3176 ἵνα,
2452 3109 2642 3182 ὥσπερ
2669 3110 2866 3181 πρέπει
2899 3108 3202 3179 ἐπισκόπῳ,
3225 3109 3305 3169 εἰς
3339 3106 3440 3176 τὴν
3472 3121 3797 3175 κεχρεωατη-

553 3203 678 3247 cum
715 3191 809 3244 illo
834 3192 900 3244 de
925 3208 1074 3248 more
1097 3195 1436 3251 orationibus
1491 3197 1771 3253 incumbas
1801 3217 1814 3252 :
1874 3198 1926 3253 id
1978 3201 2122 3254 enim

2236 3203 2400 3276 μένην
2473 3201 2766 3275 θρησκείαν
2828 3201 3138 3272 συντρέχειν
3213 3198 3486 3263 διδάξειας
3559 3198 3649 3250 τὸν
3712 3196 3795 3265 δῆ-

555 3282 712 3339 "Ohio
742 3283 938 3353 placet.
965 3286 1098 3342 Nam
1123 3290 1264 3358 quod
1287 3293 1834 3361 Spectatsententiam
1863 3303 2126 3359 nostram,

555 3385 608 3430 te
639 3378 786 3432 omni
821 3388 1062 3449 tempore
1090 3381 1145 3437 in
1172 3383 1278 3439 tuis
1299 3385 1516 3439 sedibus
1542 3384 1854 3454 episcOpum
1882 3399 2003 3440 esse
2033 3399 2126 3440 vo-

553 3465 755 3524 lumus.

624 3559 690 3614 Et
723 3559 825 3616 alia
851 3579 1047 3620 manu:
1088 3566 1354 3622 Divinitas
1380 3576 1562 3624 servet
1589 3577 1640 3624 te
1672 3567 1919 3638 plurimis
1948 3568 2126 3635 annis,

553 3647 716 3708 Pater
753 3653 1128 3714 dilectissime.

623 3834 715 3887 24.
776 3835 850 3892 De
900 3837 1004 3892 hac
1055 3835 1285 3907 epistola
1335 3837 1409 3892 illi
1448 3839 1666 3908 quidem
1704 3855 1828 3895 cum
1854 3841 2128 3911 judicibus

553 3931 718 3985 verba
753 3929 949 3985 fecere.
1000 3928 1111 3999 Ego
1149 3944 1278 3984 vero
1339 3947 1463 3985 cum
1525 3933 1808 3997 epistolam
1867 3933 2126 3988 haberem

554 4019 840 4087 ejusmodi,
871 4035 1052 4073 nonne
1079 4017 1200 4086 jure
1229 4020 1434 4074 litteras
1469 4019 1754 4090 postulavi,
1793 4035 1889 4077 nec
1925 4031 2130 4078 temere

553 4128 741 4166 eorum
767 4112 1263 4168 machinationibus
1292 4113 1513 4168 adhibui
1536 4115 1816 4168 animum?
1843 4113 1920 4169 [lli
1948 4124 2128 4171 autem

551 4219 675 4259 cum
692 4202 843 4271 jussa
865 4213 966 4258 tuae
984 4204 1198 4274 pietatis
1219 4220 1560 4275 nequaquam
1582 4205 1888 4275 proferrent
1909 4223 1924 4272 ;
1954 4223 2130 4262 nonne

551 4295 710 4366 plane
743 4304 930 4351 contra
977 4295 1140 4364 hujus
1193 4297 1433 4368 epistolae
1480 4299 1800 4353 sententiam
1859 4300 2128 4368 agebant?

551 4389 816 4460 Equidem
854 4405 978 4446 cum
1031 4390 1239 4446 litteras
1293 4391 1368 4445 illi
1409 4407 1515 4446 non
1543 4393 1758 4460 darent,
1783 4392 1925 4447 haud
1954 4391 2129 4448 simile

549 4497 680 4538 vero
707 4483 964 4554 putabam
999 4483 1162 4539 verba
1191 4484 1310 4539 sine
1335 4483 1532 4540 litteris
1565 4485 1632 4539 ad
1676 4500 1762 4540 me
1795 4485 2126 4539 transmitti:

2234 3315 2355 3369 μον,
2415 3302 2509 3350 καὶ
2567 3297 2685 3368 μετ’
2738 3295 2903 3350 αὑτοῦ
2957 3294 3100 3348 κατά
3157 3293 3218 3347 τὺ
3272 3291 3396 3356 ἔθος
3451 3293 3572 3354 ταῖς
3629 3291 3797 3360 εὐχαῖς

2232 3390 2588 3462 σχολάσειας·
2647 3391 2780 3460 ἡμῖν
2815 3387 2924 3460 γὰρ
2966 3389 3122 3442 τοῦτο
3155 3386 3382 3456 ἀρέσκει
3427 3384 3509 3444 τὸ.
3557 3383 3618 3435 σὲ
3672 3382 3799 3434 κατὰ

2227 3485 2328 3556 τὴν
2359 3483 2636 3555 ἡμετέραν
2673 3481 2946 3553 βούλησιν,
2988 3483 3044 3533 ἐν
3091 3481 3254 3532 παντὶ
3308 3475 3485 3548 καιρῷ
3525 3477 3582 3528 ἐν
3624 3474 3700 3544 τῷ
3728 3473 3796 3542 σῷ

2229 3576 2399 3646 τόπῳ,
2429 3575 2726 3628 ἐπίσκοπον
2754 3569 2894 3626 εἶναι
2917 3571 3235 3642 βουλόμεθα.
3257 3569 3372 3623 Κοι)⁵
3397 3568 3531 3639 ἄλλῃ
3560 3565 3721 3637 χειρίυ
3739 3565 3794 3615 'll

2231 3667 2421 3740 θεότης
2455 3664 2705 3735 φυλάξειέ
2732 3681 2790 3717 σε
2817 3662 3028 3726 πολλοῖς
3053 3663 3338 3724 ἐνιαυτοῖς,
3373 3659 3556 3728 Πάτερ
3582 3671 3792 3727 προστριο

2230 3759 2456 3811 λέστατε
2484 3756 2614 3828 (88).

2297 3849 2388 3903 24.
2416 3849 2553 3921 Περὶ
2565 3847 2790 3917 ταύτης,
2813 3848 3006 3900 ἐκεῖνοι
3023 3845 3122 3916 μὲν
3150 3843 3244 3896 καὶ
3269 3842 3381 3910 (89)
3399 3844 3514 3906 τοῖς
3533 3838 3792 3900 δικασταῖς

2230 3941 2547 4012 εἰρήκασιν·
2590 3939 2700 4008 ἐγὼ
2739 3938 2796 3992 δὲ
2834 3939 3036 4009 ταύτην
3063 3936 3160 4008 τὴν
3194 3933 3490 4004 ἐπιστολὴν
3523 3932 3671 4003 έχων,
3708 3924 3791 3999 εἷς’

2229 4035 2329 4086 οὐκ
2374 4032 2598 4096 εἰκότως
2633 4030 2874 4101 ἀπῄτουν
2910 4031 3235 4101 γράμματα,
3286 4027 3382 4080 καὶ
3422 4027 3483 4078 οὐ
3524 4022 3791 4095 προσεῖχον

2231 4123 2569 4196 προφάσεσιν
2639 4122 2856 4185 ἁπλῶςς
2926 4121 3153 4173 Ἐκεῖνοι
3213 4117 3269 4170 δέ
3334 4117 3411 4188 μὴ
3477 4113 3790 4172 δεικνύοντες

2231 4214 2557 4286 πρόσταγμα
2584 4213 2682 4284 τῆς
2703 4213 2801 4283 σῆς
2824 4209 3123 4273 εὐσεϐείας,
3153 4209 3253 4261 οὐκ
3296 4207 3558 4278 ἄντικρυς
3592 4200 3792 4257 ἐναντία

2228 4304 2432 4377 ταύτης
2448 4305 2547 4374 τῆς
2571 4302 2858 4372 ἐπιστολῆς
2889 4301 3190 4370 ἕπραττον;
3238 4297 3380 4367 Ἐγὼ
3412 4298 3490 4360 δέ,
3526 4299 3603 4350 ὅτι
3627 4293 3791 4364 γράμο

2233 4414 2376 4468 ματα
2400 4395 2460 4448 οὐ
2484 4395 2592 4467 (90)
2620 4396 2899 4464 παρεῖχον,
2924 4393 3020 4446 οὑκ
3038 4388 3351 4453 ἀκολούθως
3379 4387 3624 4458 ἡγούμην
3646 4382 3793 4442 ἐκτὸς

2231 4487 2408 4541 αὐτῶν
2430 4484 2566 4540 εἶναι
2589 4485 2686 4549 τὰς
2708 4486 2899 4554 φάσεις
2918 4503 2931 4516 ο
2963 4487 3073 4548 τοῖς
3103 4483 3368 4546 τοιούτοις
3400 4482 3507 4553 γὰρ
3539 4480 3608 4552 μὴ
3635 4492 3789 4545 προσ-

549 4574 860 4644 hujusmodi
891 4576 1090 4647 quippe
1118 4577 1296 4632 verbis
1329 4592 1398 4633 ne
1422 4577 1662 4632 animum
1695 4578 2007 4633 adhiberem
2041 4579 2128 4633 lit-

2236 4579 2377 4649 ἐχειν
2417 4595 2483 4649 με
2514 4577 2875 4654 προσέταττεν
2913 4579 2945 4646 ἡ
2972 4574 3228 4646 ἐπιστολὴ
3257 4576 3356 4644 τῆς
3378 4574 3482 4644 σῆς,
3504 4570 3788 4654 φιλανθρω-

550 4666 684 4723 teris
707 4668 824 4723 suis
850 4668 1091 4738 jnsserat
1123 4677 1212 4723 tua
1243 4669 1574 4725 humanitas.
1600 4668 1728 4725 Jure
1773 4670 1941 4741 igitur
1997 4670 2127 4726 illud

550 4760 658 4832 egi,
693 4760 1102 4829 religiosissime
1126 4760 1368 4830 Auguste
1395 4779 1411 4815 :
1436 4769 1494 4815 ut
1525 4762 1666 4815 sicut
1712 4777 1836 4816 cum
1884 4761 2126 4833 epistolis

549 4854 830 4922 ingressus
859 4868 977 4906 sum
1000 4852 1051 4905 in
1073 4854 1322 4923 patriam.
1348 4855 1428 4908 sic
1451 4869 1517 4908 ex
1547 4855 1799 4908 mandato
1825 4863 1915 4908 tuo
1937 4853 2004 4908 ab
2033 4852 2124 4909 illa

549 4946 885 5000 discederem
926 4965 938 5000 :
976 4961 1042 5000 ne
1074 4957 1259 5016 utpote
1289 4947 1377 5017 qui
1399 4947 1466 5001 ab
1499 4948 1736 5002 Ecclesia
1767 4946 2123 5018 autugissem,

549 5035 607 5090 in
631 5033 894 5102 judicium
929 5035 1222 5106 aliquando
1270 5052 1496 5091 vocarer
1525 5053 1539 5090 :
1576 5037 1671 5092 sed
1706 5035 1914 5106 jussus,
1947 5035 2126 5107 profe-

623 5169 734 5244 (84)
787 5172 877 5227 Sic
909 5172 1043 5244 Reg.
1078 5173 1243 5230 Basil.
1283 5183 1336 5229 et
1378 5174 1508 5229 edit.
1539 5174 1752 5232 Comm.
1798 5176 1942 5232 Edit.
1999 5191 2130 5233 vero

548 5239 621 5296 Pa
631 5239 748 5304 ris.,
779 5243 935 5304 male,
967 5239 1172 5312 ἔλεγον.

627 5312 882 5383 (85)":ec
911 5315 1212 5369 Constantii
1260 5313 1484 5382 epistola
1529 5315 1764 5370 habetur
1808 5327 2033 5385 quoque
2075 5318 2129 5373 in

552 5379 728 5446 Epist.
757 5385 826 5435 ad
856 5385 1144 5444 solitarios.
1171 5385 1262 5439 sed
1294 5379 1404 5438 non
1444 5387 1632 5439 iisdem
1685 5379 1883 5440 verbis.
1910 5379 1958 5440 A'
1982 5388 2130 5442 Con-

551 5454 752 5507 stantio
783 5455 925 5507 enim
962 5453 1153 5507 Latine
1183 5456 1407 5524 scripta,
1441 5455 1524 5509 bis
1549 5455 1735 5509 Graece
1763 5471 1920 5510 versa
1939 5467 2022 5512 est
2058 5460 2127 5512 ab

549 5524 899 5576 Athanasio:
961 5525 1114 5593 cujus
1144 5526 1317 5592 prima
1349 5526 1463 5579 haec
1513 5535 1596 5580 est
1643 5527 1836 5591 versio,
1888 5530 2123 5582 secunda

552 5608 680 5647 vero
713 5597 776 5664 ἱιι⁸
801 5593 1038 5661 Epistota
1064 5596 1132 5645 ad
1159 5597 1302 5648 salit.
1340 5595 1554 5664 legitur.

624 5665 711 5735 Ait
759 5662 972 5735 Lucifer
1003 5665 1345 5735 Calaritauus
1391 5662 1484 5722 lib.
1523 5681 1667 5735 ιρι-ο
1718 5675 1908 5720 sancto
1954 5668 2120 5723 Alba-

552 5733 740 5806 nasia,
783 5734 994 5806 p.132,
1057 5733 1429 5806 constantinm
1490 5733 1683 5806 litteris
1734 5739 1846 5790 suis
1908 5737 2122 5806 jurasse

552 5802 952 5877 Alesandt‘inis,
980 5817 1038 5859 se
1069 5805 1200 5859 nihil
1229 5805 1484 5877 deinceps
1511 5805 1637 5863 mali
1659 5802 1926 5864 facturum
1954 5807 2120 5864 Atha-

553 5885 704 5923 llilSlU
1516 5886 1520 5891 ’

2232 4671 2378 4734 πίας.
2425 4669 2658 4732 Δικαίως
2707 4663 2800 4722 οὖν
2836 4667 2990 4720 τοῦτο
3026 4667 3264 4730 ἐποίουν,
3307 4659 3787 4735 θεοφιλέστατεἉΰο

2232 4777 2448 4831 γουστε,
2478 4761 2584 4825 ἵνα,
2611 4759 2799 4831 ὥσπερ
2831 4759 2969 4830 έχων
3003 4757 3294 4820 ἐπιστολὰς
3320 4757 3563 4828 εἰσῆλθον
3595 4757 3669 4817 εἰς
3697 4753 3787 4821 τὴν

2232 4853 2485 4924 πατρίδα,
2515 4851 2688 4916 οὕτως
2721 4851 2859 4922 ἔχων
2896 4848 3190 4921 πρόσταξιν
3229 4849 3324 4902 ἀπ’
3362 4848 3533 4918 αὐτῆς
3569 4844 3784 4912 ἐξέλθω⁶

2233 4943 2326 4997 καὶ
2355 4943 2427 5014 μὴ
2462 4943 2538 5006 ὡς
2575 4940 2757 5011 φυγὼν
2803 4940 2902 5010 τὴν
2939 4939 3286 5008 Ἐκκλησίαν,
3333 4937 3624 4998 ὑπεύθυνός
3664 4947 3785 4986 ποτε

2233 5036 2500 5107 γένωμαι,
2525 5033 2638 5088 ἀλλ’
2665 5034 2740 5097 ὡς
2779 5031 3085 5096 κελευσθεὶς
3118 5031 3228 5101 ἔχω
3260 5031 3529 5102 πρόφασιν
3555 5028 3645 5097 τῆς
3666 5025 3784 5076 ἀνα-

2303 5175 2420 5246 (86)
2447 5176 2523 5230 Ita
2547 5175 2682 5244 Reg.
2717 5183 2772 5228 et
2803 5175 2875 5227 ita
2906 5173 3190 5246 legendum
3223 5171 3460 5246 videtur.
3487 5167 3640 5246 ῐίιιίιὶἶ
3664 5178 3779 5218 ατο·

2231 5238 2511 5316 πωτάτης.
2559 5238 2727 5316 Ροῖιιο
2767 5254 2891 5316 post
2939 5244 3073 5316 Reg.
3111 5254 3204 5316 et_
3223 5241 3410 5316 Basil.,
3460 5238 3774 5316 στυγνότητι.

2230 5317 2396 5384 Editi,
2429 5311 2738 5386 συγνὸτητι,
2765 5311 2922 5386 male.
2950 5311 3331 5386 IbidemReg.,
3353 5311 3604 5386 ὑμετέρα,
3628 5314 3777 5360 recte.

2230 5388 2401 5468 Ed‘i’ti,
2413 5383 2678 5468 ἡμετέρας.
2703 5385 2824 5468 μοι
2853 5383 3020 5468 Reg...
3033 5383 3335 5468 δυνῄσηται
3361 5383 3554 5468 κρῖναι,

2298 5447 2409 5529 (87⁷)
2435 5447 2602 5529 “eg...
2629 5456 2894 5529 δράματι,
2926 5447 3090 5529 Εᾱίιξ,
3137 5447 3410 5524 δρώματιξ
3461 5448 3616 5505 Paulo
3666 5447 3778 5514 ροει

2229 5525 2716 5598 Βειζητιμιότητα.
2739 5525 2920 5590 Ἐάἰιὶ,
2943 5525 3232 5598 τιμότητα.

2303 5585 2412 5668 (88)
2437 5585 2560 5652 βοει
2590 5585 2770 5667 Πάτερ
2796 5585 3247 5668 προσφιλέστατε,
3271 5593 3401 5648 editi
3433 5593 3541 5668 iure
3573 5585 3773 5668 habent.

2227 5659 2380 5731 τέλος
2394 5659 2508 5738 ’τῆς
2540 5659 2917 5720 Κωνσταντίου
2952 5659 3250 5738 ’ἐπιστολῆς
3273 5703 3290 5729 ,
3336 5678 3455 5732 qua:
3483 5664 3534 5715 in
3577 5659 3692 5724 Reg.
3714 5659 3775 5703 ει

2228 5739 2395 5792 Basil.
2425 5737 2638 5803 desunt,
2673 5749 2726 5790 et
2753 5737 3135 5805 expunximus.

2313 5808 2423 5875 (89)
2451 5807 2561 5859 Καί
2595 5809 2646 5860 in
2673 5806 2806 5874 Reg.
2825 5803 3046 5874 legitur.
3085 5806 3140 5858 in
3172 5805 3332 5862 editis
3371 5803 3514 5861 deest

2301 5880 2410 5946 (90)
2441 5878 2495 5931 ln
2531 5877 2662 5948 Reg.
2690 5878 2748 5930 οὐ
2781 5879 2950 5946 deest,
2975 5875 3131 5932 male.
