3954 6556
158 437 365 496 ’σεδ

1277 424 1623 484 APOLOGIA
1663 425 1756 481 AD
1801 422 2296 482 CONSTANTIUM
2337 422 2470 479 1MP.
2530 428 2541 435 ’

3402 421 3510 477 626

260 558 571 631 χωρήσεως.
597 552 766 607 Τοῦτο
792 552 886 607 καὶ
902 553 950 605 οἱ
965 550 1086 605 λαοὶ
1104 550 1303 613 πάντες
1323 548 1582 621 μετὰτῶν
1604 547 1807 618 πρεσϐυ

1939 546 2136 602 ctionis
2164 559 2384 600 causam
2410 542 2656 615 proferre
2695 557 2933 613 possem.
2958 541 3072 598 Hoc
3112 542 3284 612 ipsum
3314 557 3503 598 omnes

259 652 447 723 τέρων,
485 648 582 701 καὶ
622 646 871 699 πλεῖστον
913 643 970 697 δὲ
999 644 1098 713 τῆς
1131 641 1337 704 πόλεως
1381 640 1545 712 μέρος
1597 639 1712 710 μετ’
1738 640 1834 693 αύ-

258 739 382 803 τῶν,
423 738 511 790 ἵνα
540 736 613 807 μὴ
640 733 782 802 λέγω
810 732 994 796 πλέον,
1028 729 1353 793 ἀπελθόντες
1382 728 1520 800 πρὸς
1550 727 1830 799 Συριανδν,

257 830 434 901 ἠξίουν
454 846 469 860 ·
500 830 617 882 ἐκεῖ
637 827 693 881 δέ
721 823 788 898 ῆν
810 827 905 879 κα)⁸
925 828 953 878 6
975 824 1212 895 ἔπαρχος
1233 823 1332 893 τῆς
1355 821 1629 891 Αἰγύπτου
1660 821 1833 888 Μάξι-

259 942 373 995 μος.
410 923 477 975 Ἡ
506 921 563 974 δὲ
595 920 818 987 ἀξίωσις
858 914 926 989 ἦν
955 917 988 987 ἦ
1020 916 1229 987 γράψαι
1256 917 1350 970 κα)⁹
1377 915 1689 971 ἀποστεῖλαί
1717 932 1829 989 μοι,

256 1017 285 1087 ἢ
324 1014 519 1087 μηκέτι
557 1013 783 1083 διοχλεῖν
810 1012 931 1073 ταῖς
972 1008 1338 1081 Ἐκκλησίαις,
1373 1008 1477 1072 ἕως
1506 1007 1572 1062 ἂν
1591 1007 1744 1060 αὐτοὶ
1780 1007 1830 1059 οἱ

255 1108 370 1161 λαοὶ
393 1107 524 1177 περ).
553 1104 743 1158 τούτου
773 1101 1182 1174 πρεσϐεύωνται
1215 1100 1366 1172 παρὰ
1396 1100 1498 1153 σοί.
1539 1100 1663 1153 Ἐπὶ
1694 1098 1829 1153 πολὺ

254 1200 426 1255 τοίνυν
464 1198 644 1252 αὐτῶν
672 1196 984 1265 ἀξιούντων,
1019 1192 1245 1247 συνιδὼν
1272 1191 1532 1264 Συριανὸς
1576 1192 1638 1244 τὸ
1678 1190 1830 1244 εύλο-

252 1311 365 1362 γον,
393 1289 814 1345 διεϐεϐαιὼσατο
844 1286 1251 1359 μαρτυρόμενος
1276 1286 1375 1357 τὴν
1405 1284 1502 1356 σὴν
1535 1283 1825 1355 σωτηρίαν,

252 1385 341 1439 κει.)⁸
382 1385 475 1437 ἐπὶ
509 1382 684 1453 τούτῳ
718 1381 900 1453 παρῆν
930 1379 1052 1433 τότε
1082 1379 1176 1433 καὶ
1213 1378 1457 1448 Ἰλάριος,
1498 1377 1694 1449 μηκέτι
1730 1377 1827 1447 μὲν

250 1476 494 1547 διοχλεῖν,
526 1472 816 1547 ἀναφέρειν
845 1472 899 1525 δὲ
930 1472 1022 1525 ἐπὶ
1045 1473 1144 1542 τὴν
1174 1470 1271 1541 σὴν
1296 1469 1621 1523 θεοσέϐειαν.
1658 1468 1826 1522 Τοῦτο

248 1564 381 1622 οἶδεν
421 1568 454 1638 ἡ
496 1566 650 1630 τάξις
691 1564 784 1618 τού
823 1564 1036 1627 δουκὸς,
1073 1562 1167 1616 καὶ
1211 1564 1244 1633 ἡ
1277 1561 1428 1628 τάξις
1464 1560 1556 1614 τοῦ
1584 1560 1823 1632 ἐπάρχου

246 1662 340 1732 τῆς
368 1659 664 1729 Αίγύπτου.
703 1657 813 1711 Καὶ
852 1658 880 1710 ό
920 1654 1188 1726 πρύτανις
1218 1655 1274 1707 δὲ
1314 1653 1414 1723 τῆς
1455 1652 1659 1716 πόλεως
1711 1652 1823 1723 ἔχει

247 1754 341 1817 τὰς
372 1752 580 1822 φωνὰς,
608 1752 704 1805 καὶ
739 1750 963 1804 δύνασαι
998 1747 1213 1819 μαθεῖν,
1251 1748 1333 1801 ὃτι
1369 1744 1490 1799 οὔτε
1524 1744 1655 1814 ἐγὼ,
1699 1744 1821 1799 οὔτε

246 1863 325 1909 τις
348 1846 537 1916 ἕτερος
563 1842 860 1912 ἀντιλέγων
895 1838 963 1913 ἦν
989 1842 1055 1911 τῇ
1088 1842 1154 1911 σῇ
1182 1837 1494 1910 προστάξει.

305 2110 395 2164 '25.
420 2109 630 2172 Πάντες
655 2108 713 2161 δὲ
739 2106 925 2177 ἠξίουν
947 2104 1248 2178 γράμματα
1280 2102 1557 2174 δειχθῆναι
1593 2102 1691 2174 τῆς
1717 2102 1815 2172 σῆς

240 2202 537 2266 εὐσεϐείας.
554 2200 662 2254 Καὶ
680 2200 840 2270 φάσις
866 2198 963 2269 μὲν
981 2198 1089 2269 γὰρ
1108 2197 1239 2267 μόνη
1263 2194 1414 2266 παρὰ
1439 2193 1700 2265 βασιλέως
1714 2193 1814 2264 τὴν

238 2293 406 2363 αὐτὴν
439 2291 552 2362 ἔχει
589 2290 817 2360 δύναμιν
855 2290 967 2351 τοῖς
1003 2285 1385 2360 γραφομένοις,
1419 2284 1546 2338 ὅταν
1582 2282 1815 2355 μάλιστα

237 2383 437 2454 ταύτην
490 2386 518 2436 6
566 2382 807 2453 κομίζων
853 2379 1029 2451 θαρρῇ
1088 2378 1179 2431 καὶ
1225 2378 1411 2448 γραφῇ
1452 2372 1807 2445 προσταχθέν·

237 2475 423 2545 ἐπειδὴ
448 2475 506 2527 δὲ
531 2473 653 2526 οὕτε
678 2470 924 2543 φανερῶς
944 2470 1127 2539 ἔλεγον
1159 2466 1269 2539 (91)
1298 2465 1434 2521 εἶναι
1462 2466 1807 2537 πρόσταγμα,

234 2566 376 2629 οὔτε,
402 2568 539 2635 ὅπερ
562 2564 767 2635 ἠξίουν,
798 2563 1089 2633 ἐγγράφως
1123 2558 1461 2621 ἐπέστελλον,
1486 2556 1599 2611 ἀλλ’
1618 2556 1692 2618 ὡς
1717 2556 1809 2623 ἀφ’

233 2654 441 2710 ἑαυτῶν
474 2653 655 2707 πάντα
675 2651 1002 2723 πράττοντες
1030 2645 1168 2719 ἦσαν
1189 2665 1201 2677 ·
1228 2645 1495 2717 ὁμολογῶ,
1535 2645 1629 2698 καὶ
1651 2642 1809 2696 τοῦτο

232 2748 370 2815 λέγω
408 2745 547 2817 μετὰ
571 2742 901 2815 παρρησίας,
925 2741 1163 2803 ὕποπτος
1186 2738 1452 2808 ἐγενόμην
1490 2736 1569 2799 είς
1590 2734 1803 2798 αύτούς.

231 2839 423 2891 Πολλοὶ
462 2837 572 2908 γάρ
604 2832 742 2906 ἦσαν
784 2835 833 2887 οἱ
870 2833 998 2903 περὶ
1031 2832 1225 2893 αὐτοὺς
1270 2827 1558 2899 ’Λρειανοὶ,
1596 2824 1806 2889 τούτοις

228 2947 281 2983 τε
318 2928 630 2999 συνήσθιον,
658 2926 751 2978 καὶ
782 2924 918 2996 μετά
939 2922 1143 2976 τούτων
1173 2920 1520 2975 ἐϐουλεύοντο
1539 2936 1553 2949 ·
1590 2918 1682 2971 καὶ
1712 2918 1804 2969 ού-

226 3022 307 3075 δὲν
361 3022 464 3091 μὲν
519 3018 655 3090 μετὰ
698 3016 1006 3089 παρρησίας
1038 3015 1324 3089 ἔπραττον,
1359 3012 1578 3083 ἐνέδρας
1618 3011 1675 3064 δὲ
1712 3011 1805 3064 καὶ

226 3107 409 3171 δόλους
444 3108 745 3177 ἐπιχειρεῖν
786 3104 1054 3175 ἐμελέτων
1089 3104 1207 3157 κατ’
1230 3102 1385 3173 ἐμοῦ.
1427 3102 1535 3154 Καὶ
1564 3102 1673 3172 (92)
1710 3101 1803 3153 ού-

224 3202 309 3255 δέν
354 3203 456 3273 μὲν
487 3201 563 3263 ὡς
599 3198 861 3270 βασιλέως
902 3195 1302 3267 προστάξαντος
1353 3194 1589 3258 ἐποίουν,
1637 3192 1712 3255 ὡς
1747 3192 1803 3245 δὲ

226 3296 350 3365 παρ’
379 3291 593 3363 ἐχθρῶν
620 3287 767 3353 ἁξιού
777 3305 948 3358 μενοι,
978 3286 1205 3356 ἤλεγχον
1230 3285 1478 3350 ἑαυτούς.
1503 3285 1675 3339 Τοῦτο
1694 3286 1801 3355 γάρ

230 3404 289 3456 με
325 3386 425 3439 καὶ
461 3383 660 3455 μᾶλλον
688 3382 938 3435 ἀπαιτεῖν
970 3380 1078 3451 (95)
1119 3379 1419 3450 γράμματα
1470 3380 1599 3449 παρ’
1624 3377 1801 3431 αὐτῶν

226 3477 568 3548 ἠνάγκαζεν,
606 3475 789 3545 ἐπειδὴ
825 3474 919 3527 καὶ
950 3472 1168 3525 ὕποπτα
1199 3466 1266 3541 ἦν
1312 3471 1455 3543 ἆπερ
1488 3470 1803 3541 ἐπεχείρουν

226 3572 313 3623 καὶ
341 3569 704 3622 ἐσκέπτοντο·
739 3567 833 3619 καὶ
862 3566 942 3617 ὅτι
968 3563 1214 3634 ἀπρεπὲς
1248 3558 1338 3633 ἦν,
1373 3562 1507 3633 μετά
1537 3560 1803 3615 τοσούτων

224 3662 569 3733 γραμμάτων
610 3658 723 3730 (94)
768 3656 1075 3710 εἰσελθόντα
1126 3670 1217 3725 με,
1258 3655 1427 3725 χωρὶς
1458 3653 1802 3725 γραμμάτων

222 3752 578 3826 ἀναχωρῆσαι
605 3751 704 3820 τῆς
749 3747 1092 3818 Ἐκκλησίας.
1124 3744 1387 3815 Συριανοῦ
1427 3744 1603 3798 τοίνυν
1633 3748 1805 3813 ἐπαγ-

223 3844 571 3916 γειλαμένου,
597 3842 890 3911 συνήγοντο
910 3840 1109 3904 πάντες
1135 3841 1191 3892 ἐν
1212 3840 1330 3901 ταῖς
1354 3838 1463 3909 (95)
1489 3837 1803 3909 ἐκκλησίαις

228 3938 360 4009 μετὰ
418 3936 594 4005 χαρᾶς
628 3934 723 3985 καὶ
755 3932 1107 4003 ἀμεριμνίας.
1173 3930 1331 3984 Ἀλλά
1370 3930 1508 4001 μετὰ
1546 3936 1593 3983 κ’
1628 3930 1721 3983 καὶ
1753 3935 1801 3998 γ’

223 4032 438 4101 ἡμέρας
463 4028 562 4096 τῆς
592 4023 920 4092 ἐπαγγελίας
952 4025 1242 4094 ἐπέρχεται
1286 4022 1424 4092 μετά
1459 4020 1802 4093 στρατιωτῶν

222 4125 285 4194 τῇ
321 4120 613 4190 ἐκκλησίᾳ,
643 4118 734 4170 καὶ
756 4117 915 4187 ἡμεῖς
941 4116 1037 4186 μὲν
1064 4114 1343 4185 ηὐχόμεθα
1386 4114 1630 4184 συνήθως
1658 4130 1673 4145 ·
1713 4112 1804 4166 ού-

221 4232 295 4268 τω
323 4214 438 4284 γὰρ
463 4212 767 4283 ἑωράκασιν
795 4209 844 4261 οἱ
871 4206 1199 4269 εἰσελθόντες
1228 4205 1359 4275 (96),
1392 4204 1577 4275 ἐπειδὴ
1603 4222 1803 4259 παννυο

223 4308 303 4377 χίς
340 4304 416 4378 ἦν
468 4303 733 4375 ἐσομένης
766 4300 1056 4363 σννάξεως.
1111 4297 1348 4350 Τοιαῦτα
1394 4297 1449 4350 δὲ
1495 4296 1686 4365 γέγονε
1734 4298 1800 4366 τῇ

222 4398 378 4450 νυκτὶ
419 4394 623 4463 ἐκείνῃ,
657 4387 745 4444 οἶα
774 4390 960 4461 ἤθελον
990 4388 1084 4442 καὶ
1114 4386 1528 4457 ἐπηγγέλλοντο,
1552 4388 1680 4459 πρὶν
1707 4405 1801 4457 γε·-

219 4485 434 4550 νέσθαι,
478 4484 527 4536 οἱ
571 4481 865 4553 Ἀρειανοί·
900 4480 1095 4541 αὐτοὺς
1146 4478 1253 4549 γὰρ
1301 4477 1437 4549 ἔχων
1460 4478 1576 4549 μεθ’
1609 4478 1799 4533 ἐαυτοῦ

1934 639 2111 708 populi
2140 653 2265 694 cum
2300 637 2654 709 presbyteris,
2685 646 2738 692 et
2765 652 2884 691 cum
2909 637 3017 691 illis
3056 637 3289 690 maxima
3315 637 3503 691 civita-

1934 732 2001 786 tis
2018 747 2162 801 pars,
2195 746 2261 785 ne
2288 731 2413 801 quid
2437 730 2665 800 amplius
2699 731 2895 795 dicam,
2921 728 3209 799 Syrianum
3239 729 3502 784 adeuntes

1933 822 2278 891 postulabant
2310 840 2324 878 :
2356 822 2572 893 illicque
2601 830 2714 876 tum
2760 821 2949 876 aderat
2972 820 3186 892 [Egypti
3212 820 3500 889 praefectus

1932 913 2218 971 Maximus.
2256 914 2368 970 Hoc
2390 924 2570 969 autem
2600 914 2845 984 impense
2868 914 3148 983 rogabant,
3174 923 3233 967 ut
3259 914 3340 969 vel
3363 915 3498 970 scri-

1930 1007 2188 1061 berentur
2220 1008 2668 1075 mitterenturque
2690 1006 2757 1061 ad
2786 1020 2871 1061 me
2895 1005 3108 1069 litterae,
3138 1005 3222 1060 vel
3249 1022 3353 1061 non
3381 1020 3499 1059 am-

1929 1099 2070 1168 plius
2104 1098 2179 1153 illi
2222 1098 2490 1154 Ecclesias
2516 1097 2931 1164 conturbarent,
2978 1098 3147 1152 donec
3187 1098 3286 1167 ipsi
3318 1097 3495 1167 populi

1930 1190 2034 1245 hac
2073 1192 2142 1245 de
2188 1204 2252 1246 re
2281 1189 2487 1260 legatos
2514 1190 2581 1244 ad
2615 1199 2667 1244 te
2702 1189 2996 1245 misissent.
3039 1189 3173 1244 Cum
3216 1188 3381 1258 igitur
3408 1204 3499 1242 ve-

1929 1283 2214 1338 hementer
2269 1281 2560 1347 instarent,
2605 1291 2950 1350 perspectum
2987 1280 3195 1335 habens
3233 1280 3496 1352 Syrianus

1927 1386 2085 1441 quam
2116 1386 2273 1441 aequa
2300 1380 2443 1426 esset
2477 1370 2794 1441 postulatio,
2822 1380 2965 1424 tuam
3020 1370 3249 1424 salutem
3309 1382 3497 1425 conte‘

1925 1469 2100 1515 status
2127 1458 2399 1530 pollicitus
2423 1470 2528 1526 est,
2559 1469 2827 1531 praesente
2860 1460 2987 1515 tunc
3018 1458 3245 1525 Hilario,
3273 1475 3332 1515 se
3356 1461 3493 1515 nihil

1929 1551 2162 1621 amplius
2195 1551 2667 1617 conturbaturum,
2704 1550 2797 1605 sed
2845 1565 2959 1605 rem
2996 1551 3060 1604 ad
3106 1561 3251 1605 tuam
3282 1551 3493 1621 religio-

1924 1658 2049 1697 nem
2079 1642 2403 1699 delaturum.
2436 1641 2549 1697 lloe
2583 1642 2713 1697 item
2766 1644 2933 1711 probe
2980 1651 3181 1697 norunt
3208 1641 3373 1714 246
3397 1658 3488 1696 co-

1924 1735 2052 1789 hors
2084 1734 2269 1800 ducis,
2310 1735 2509 1790 cohors
2546 1734 2672 1789 item
2723 1734 2961 1805 prmiecti
3000 1733 3243 1804 IEgypti.
3298 1734 3490 1789 Prml‘e—

1923 1834 2042 1881 ctus
2072 1834 2252 1880 autem
2285 1824 2445 1879 Urbis
2472 1826 2574 1879 hoc
2610 1836 3019 1880 monumentum
3053 1828 3190 1897 apud
3220 1840 3279 1881 se
3315 1841 3482 1881 reser-

1850 1896 1895 1953 B
1930 1927 2042 1985 vat,
2098 1919 2240 1973 unde
2272 1917 2607 1986 exploratum
2645 1918 2844 1971 habeas
2894 1933 2991 1972 nec
3020 1932 3138 1984 me,
3187 1933 3286 1973 nec
3321 1918 3484 1973 alium

1932 2009 2235 2079 quempiam
2263 2008 2428 2079 jussis
2458 2009 2732 2063 obstitisse
2759 2010 2882 2063 tuis.

1928 2122 1942 2153 ι
2002 2099 2093 2155 25.
2125 2099 2407 2170 Rogabant
2460 2100 2624 2170 igitur
2653 2113 2840 2153 omnes
2871 2108 2928 2152 ut
2959 2099 3328 2167 proferrentur
3380 2108 3485 2156 tua:

1920 2191 2135 2259 pietatis
2165 2189 2381 2245 litterae.
2406 2189 2617 2244 Etenim
2644 2190 2769 2244 licet
2791 2188 2905 2244 sola
2940 2188 3281 2257 imperatoris
3299 2189 3481 2257 verba,

1917 2284 2108 2338 eadem
2135 2298 2241 2351 qua
2289 2284 2493 2352 scripta
2530 2281 2648 2352 ejus
2691 2282 2800 2337 sint
2829 2281 3175 2347 auctoritate,
3231 2282 3321 2336 ubi
3363 2298 3481 2336 ma.-

1917 2376 2062 2431 xime
2086 2375 2177 2445 qui
2207 2375 2294 2429 illa
2326 2375 2502 2430 defert
2528 2388 2647 2429 rem
2674 2375 2881 2444 jussam
2910 2374 3112 2443 scripto
3138 2374 3352 2429 tradere
3386 2390 3483 2428 au-

1915 2471 2040 2534 det;
2069 2475 2267 2521 ateum
2300 2465 2376 2520 illi
2400 2481 2578 2536 neque
2611 2475 2795 2535 aperte
2841 2464 3319 2535 dicerentjussum
3348 2464 3478 2520 illud

1915 2558 2104 2625 fuisse,
2154 2573 2349 2627 neque,
2394 2566 2454 2612 ut
2506 2558 2801 2629 rogabant,
2834 2556 3138 2627 iussionem
3173 2556 3479 2613 describere

1912 2650 2135 2715 vellent,
2161 2650 2256 2705 sed
2281 2650 2459 2705 omnia
2501 2658 2729 2719 agerent
2782 2650 2939 2719 quasi
2972 2666 3071 2707 suo
3094 2650 3351 2716 nomine;
3402 2651 3480 2704 fa-

1911 2748 2051 2807 teor,
2089 2749 2143 2795 et
2192 2741 2293 2796 hoc
2338 2756 2458 2796 cum
2486 2740 2682 2796 ﬁducia
2727 2741 2867 2806 dico,
2903 2756 2990 2797 me
3019 2742 3140 2798 illos
3192 2752 3474 2811 suSpectos

1912 2831 2186 2887 habuisse.
2207 2831 2359 2887 Multi
2382 2832 2579 2903 quippe
2604 2833 2733 2903 ipsis
2762 2833 2990 2888 aderant
3015 2834 3200 2888 Ariani
3225 2835 3477 2899 comites,

1911 2925 2234 2993 quibuscum
2286 2940 2393 2979 uua
2424 2922 2787 2994 epulabantur
2839 2935 2895 2979 et
2948 2924 3174 2980 consilia
3216 2924 3473 2979 inibant:

1911 3014 2154 3083 nihilque
2199 3015 2378 3083 palam
2431 3023 2487 3069 et
2523 3029 2644 3069 cum
2685 3014 2881 3070 ﬁducia
2926 3017 3201 3086 agebant;
3257 3019 3350 3070 sed
3380 3017 3475 3069 ad-

1910 3121 2125 3162 versum
2156 3121 2243 3162 me
2277 3107 2499 3162 insidias
2542 3106 2996 3162 machinabantur
3026 3116 3081 3163 et
3129 3107 3296 3164 dolos.
3331 3108 3474 3163 Nihil

1908 3209 2137 3271 egerunt
2164 3200 2321 3268 quasi
2357 3214 2424 3254 ex
2454 3199 2796 3269 imperatoris
2822 3198 3023 3268 placito
3052 3220 3066 3256 :
3099 3201 3193 3256 sed
3226 3210 3284 3254 ut
3303 3215 3369 3256 ex
3391 3215 3475 3255 eo-

1906 3307 2023 3347 rum
2054 3291 2219 3362 gestis
2242 3290 2653 3359 deprehendere
2685 3289 2863 3356 licuit,
2899 3304 2963 3345 ea
3006 3289 3179 3345 solum
3211 3305 3332 3360 quae
3372 3292 3468 3344 ad-

1905 3382 2128 3438 versarii
2181 3381 2351 3436 nostri
2406 3380 2763 3450 postularent,
2829 3395 2947 3448 quae
2999 3381 3131 3435 mihi
3191 3381 3467 3450 potissima

1905 3489 2071 3529 causa
2124 3473 2225 3528 fuit
2284 3472 2494 3528 litteras
2529 3474 2597 3528 ab
2650 3473 2755 3528 illis
2809 3473 3155 3542 postulandi;
3216 3483 3467 3542 suspecta

1903 3566 2101 3635 quippe
2138 3565 2267 3620 mihi
2293 3574 2446 3621 erant
2475 3580 2661 3620 eorum
2712 3565 2987 3619 molimina
3021 3573 3183 3634 atque
3216 3565 3463 3620 consilia.

1903 3655 2086 3724 Neque
2114 3656 2342 3710 decebat
2372 3672 2457 3709 me
2484 3655 2719 3723 quicum
2750 3662 2845 3708 'tot
2896 3654 3093 3709 litteris
3142 3656 3197 3708 in
3238 3654 3464 3723 patriam

1904 3748 2207 3812 rediissem,
2247 3746 2449 3816 absque
2477 3746 2670 3801 litteris
2692 3748 2758 3800 ab
2782 3746 3020 3801 Ecclesia
3041 3745 3337 3801 discedere.
3364 3745 3465 3816 Sy-

1905 3841 2058 3895 riano
2082 3840 2262 3908 itaque
2289 3840 2446 3895 ﬁdem
2478 3839 2659 3904 dante,
2694 3839 2872 3910 populi
2901 3854 3091 3893 omnes
3126 3854 3248 3893 cum
3268 3840 3465 3909 gaudio

1904 3932 1956 3985 in
1981 3930 2222 3987 ecclesiis
2253 3941 2556 3986 conventus
2588 3929 2844 4000 agebant,
2866 3931 3013 3985 omni
3041 3930 3289 3999 deposito
3320 3938 3467 3983 metu

1902 4038 1966 4078 ac
1990 4022 2317 4093 suspicione.
2363 4022 2469 4077 Sed
2503 4032 2625 4092 post
2652 4023 2767 4079 dies
2799 4034 2909 4078 tres
2936 4032 2991 4078 et
3022 4022 3212 4093 viginti
3261 4036 3293 4075 a
3341 4020 3466 4075 data

1904 4116 2006 4171 [ide
2037 4132 2158 4171 cum
2184 4116 2445 4171 militibus
2470 4116 2558 4171 ille
2588 4116 2640 4170 in
2683 4116 2967 4172 ecclesiam
3006 4115 3278 4185 irrumpit,
3310 4114 3467 4170 nobis

1903 4210 1968 4262 de
1994 4224 2144 4263 more
2194 4210 2497 4274 orantibus,
2530 4210 2671 4277 quod
2710 4211 2871 4262 etiam
2909 4210 3157 4264 viderunt
3199 4208 3236 4261 ii
3286 4208 3378 4277 qui
3410 4208 3462 4260 in

1900 4300 2181 4355 ecclesiam
2218 4301 2444 4371 ingressi
2490 4311 2636 4365 sunt,
2664 4301 2941 4369 sequentis
2966 4300 3166 4369 quippe
3193 4313 3462 4369 synaxeos

1902 4399 2032 4446 tunc
2055 4393 2390 4461 pervigilium
2423 4392 2821 4447 celebrabatur.
2853 4390 2945 4445 llla
2975 4401 3156 4445 autem
3191 4399 3346 4444 nocte
3396 4406 3459 4444 ea

1900 4492 2050 4553 gesta
2074 4491 2195 4538 sunt
2231 4499 2349 4552 quae
2377 4484 2595 4538 Arianis
2648 4482 2920 4551 placuere,
2954 4496 3182 4551 quaeque
3213 4481 3285 4535 illi
3317 4492 3464 4534 ante-

219 4574 383 4649 ἦλθεν
421 4579 449 4629 ὁ
485 4573 889 4645 στρατηλάτης·
921 4572 1013 4625 καὶ
1049 4571 1202 4625 αὐτοὶ
1232 4565 1370 4640 ἦσαν
1390 4571 1438 4621 οἱ
1460 4569 1674 4641 ἐξαρχοι
1702 4570 1799 4623 καὶ

1912 4591 2061 4646 quam
2096 4575 2377 4630 evenirent
2404 4576 2585 4630 futura
2619 4574 3069 4645 praenuntiarant,
3095 4574 3163 4628 iis
3182 4575 3326 4627 enim
3360 4574 3460 4627 sti-

222 4666 519 4738 σύμϐουλοι
554 4665 654 4734 τῆς
681 4662 933 4733 τοιαύτης
963 4661 1171 4730 ἐφόδου.
1230 4661 1338 4715 Καὶ
1362 4660 1519 4714 τοῦτο
1542 4662 1640 4714 οὐκ
1672 4662 1799 4716 ἄπι-

220 4776 365 4824 στον,
405 4756 787 4826 θεοφιλέστατε
829 4754 1137 4821 Αύγουστε·
1170 4754 1230 4806 οὑ
1256 4753 1361 4825 γὰρ
1400 4752 1609 4817 ἐλαθον,
1662 4753 1796 4808 ἀλλά

221 4848 503 4920 πανταχοῦ
525 4847 881 4917 κεκήρυκται.
920 4843 1057 4912 Ἐγὼ
1086 4843 1263 4897 τοίνυν
1294 4843 1512 4915 θεωρῶν
1568 4843 1665 4915 τὴν
1702 4846 1796 4913 ἐφ-

218 4944 356 5006 οδον,
390 4939 780 5012 παρακαλέσας
803 4939 1063 5009 πρότερον
1080 4936 1425 5008 ἀναχωρῆσαι
1459 4936 1584 5000 τοὺς
1613 4936 1792 5001 λαοὺς,

218 5037 339 5088 τότε
377 5032 539 5101 κάγὼ
582 5033 697 5102 μετ’
728 5013 922 5095 αὐτοὺς
945 5071 959 5094 ,
993 5030 1085 5084 τοῦ
1125 5029 1261 5082 Θεοῦ
1297 5029 1658 5094 καλύπτοντος
1700 5033 1794 5084 καὶ

215 5122 543 5194 ῶηγοῦντος
579 5121 693 5190 (καὶ
721 5120 878 5172 τοῦτο
902 5120 1009 5190 γὰρ
1030 5121 1076 5171 οἱ
1098 5119 1216 5172 τότε
1243 5136 1330 5189 μοι
1353 5120 1598 5183 συνόντες
1624 5121 1793 5191 ἑωρά-

218 5220 430 5281 κασιν),
455 5211 797 5281 ἀνεχώρησα·
834 5213 928 5264 καί⁵
962 5210 1072 5279 (97)
1102 5211 1160 5277 ἐξ
1188 5210 1393 5263 ἐκείνου
1418 5213 1537 5264 κατ’
1558 5212 1794 5281 ἐμαυτὸν

217 5304 434 5374 ἔμεινα,
475 5302 614 5373 ἔχων
646 5304 954 5375 παρρησίαν
992 5302 1086 5355 καὶ
1113 5302 1407 5370 ἀπολογίαν
1449 5305 1794 5375 προηγουμέ-

287 5478 799 5553 (91)]ιελῐὶεετηοι
844 5478 1009 5536 Basil.
1058 5479 1200 5537 Editi
1255 5494 1402 5549 vero,
1434 5481 1620 5553 ἐπειδὴ
1672 5481 1797 5537 οὔτε

218 5548 474 5673 φανεὲὦς
498 5548 672 5602 πάντα
696 5550 898 5619 ἔλεγον.
1608 5548 1619 5553 ’

293 5621 347 5673 (9
394 5619 543 5673 iKai
576 5621 725 5673 deest
763 5620 816 5673 in
862 5620 995 5673 Rea.
1027 5619 1135 5673 Sed
1182 5621 1319 5673 bene
1375 5621 1606 5673 nositum
1644 5623 1690 5673 vi

293 5619 410 5690 (92)
436 5619 543 5672 Καί
576 5621 725 5675 deest
763 5620 816 5674 in
862 5620 995 5690 Reg.
1027 5619 1135 5677 Sed
1182 5621 1319 5677 bene
1374 5621 1606 5690 positum
1644 5623 1793 5680 vide-

220 5702 407 5828 ω’(ίλὸ)
444 5759 576 5828 Reg.
620 5770 740 5827 post
766 5760 1018 5816 ἀπαιτεῖν
1071 5760 1234 5817 habet
1259 5762 1452 5816 ἐποίει.
1488 5762 1544 5817 In
1598 5763 1786 5819 eodem

217 5847 341 5884 mox
381 5829 692 5899 ἠνάγκαζεν
731 5831 897 5886 deest.

293 5901 413 5971 (95)
473 5901 603 5971 Reg.
653 5914 809 5972 quem
858 5899 1132 5972 sequimur
1190 5902 1565 5972 γραμμάτων,
1614 5902 1789 5959 deleto

1902 4677 2057 4739 palus
2084 4668 2314 4723 accessit
2345 4669 2453 4723 dux
2490 4667 2763 4723 exercitus
2791 4684 2805 4721 :
2850 4676 3112 4736 erantque
3164 4665 3239 4720 illi
3271 4665 3464 4736 praefe-

1902 4758 1972 4812 cti
1999 4767 2055 4814 et
2076 4767 2331 4815 auctores
2353 4759 2496 4813 illius
2526 4758 2841 4814 invasionis.
2873 4758 3023 4825 Quod
3061 4772 3192 4813 sane
3227 4759 3460 4813 incredi-

1899 4849 2006 4904 bile
2058 4865 2162 4904 non
2212 4858 2314 4914 est,
2375 4850 2779 4917 religiosissime
2840 4850 3121 4921 Auguste,
3174 4864 3297 4905 cum
3359 4850 3460 4919 ipsi

1900 4941 2123 4995 minime
2145 4940 2426 5005 latuerint,
2457 4941 2550 4995 sed
2580 4941 2817 5010 undique
2866 4942 3081 5011 vulgata
3109 4956 3196 4996 res
3226 4942 3316 4996 sit.
3348 4941 3460 5011 Ego

1899 5032 2080 5102 itaque
2106 5040 2385 5101 perspecta
2408 5031 2669 5102 ejusmodi
2702 5034 3001 5098 invasione,
3034 5034 3368 5103 populosque
3401 5041 3459 5086 ut

1899 5124 2241 5179 discederent
2265 5126 2413 5194 prius
2453 5126 2742 5189 hortatus;
2793 5136 2913 5196 post
2939 5125 3059 5182 illos
3087 5127 3298 5180 demum
3349 5124 3457 5178 Deo

1899 5216 2208 5271 occultante
2232 5233 2300 5273 ac
2331 5218 2581 5283 ducente,
2606 5228 2665 5273 ut
2703 5220 2770 5275 ab
2799 5220 3052 5275 omnibus
3104 5219 3193 5288 qui
3245 5232 3453 5272 mecum

1899 5308 2124 5363 aderant
2149 5320 2497 5380 conspectum
2528 5320 2632 5379 est,
2663 5312 2862 5367 isthinc
2890 5326 2977 5366 me
3004 5308 3268 5379 proripui,
3301 5309 3454 5362 exin-

1898 5487 2177 5563 τυγ.Ει]ἰιῘ
2204 5506 2352 5563 vero,
2379 5492 2838 5563 συγγραμμάτων.
2853 5487 2999 5563 _Hist.
3034 5502 3262 5556 sequens
3292 5501 3450 5543 enar-

1894 5568 2070 5631 ratur“
2088 5560 2212 5613 item
2245 5561 2297 5614 in
2337 5560 2605 5631 Apologia
2622 5560 2887 5631 sequenti.

1965 5626 2079 5699 (95)
2122 5631 2208 5683 Ἐν
2230 5635 2349 5694 ταῖς
2382 5626 2527 5685 deest
2550 5631 2603 5682 in
2630 5626 2762 5696 Reg.

1963 5695 2075 5769 (96)
2110 5701 2307 5767 Regius
2346 5702 2514 5753 codex
2553 5710 2609 5753 et
2649 5695 2812 5753 editio
2838 5697 3070 5766 Comm.,
3098 5695 3454 5761 siceitOdweg:

1892 5767 1948 5822 In
1976 5767 2112 5822 edit.
2148 5770 2431 5823 Parisiensi
2456 5769 2505 5821 oi
2538 5770 2708 5822 deest.

1969 5838 2080 5909 (97)
2111 5838 2201 5895 Sic
2221 5838 2388 5909 Reg.;
2416 5840 2507 5893 καί
2539 5839 2687 5895 deest
2709 5839 2762 5895 in
2787 5839 2965 5897 editis.
