3954 6542
477 404 579 462 627

1040 404 1098 461 S.
1140 402 1519 461 ATHANASII
1556 402 1707 460 OPP.
1748 400 1930 460 PARS
1966 402 2014 458 L
2051 434 2121 444 —
2158 402 2531 462 IIISTOBICA
2568 404 2656 460 ET
2696 403 3114 461 DOGMATICA.

3627 401 3729 460 628

478 528 651 596 deque
680 523 925 581 occultus
955 523 1151 591 mansi,
1197 520 1475 590 ﬁduciam,
1528 525 1743 594 meique
1785 525 2046 596 purgandi

2178 545 2253 590 ως
2274 526 2387 597 (98)
2418 526 2519 598 μὲν
2555 526 2691 598 πρὸς
2730 527 2820 580 τὸν
2845 526 2997 593 Θεὸν,
3032 526 3221 579 ἔπειτα
3247 525 3304 579 δέ
3336 526 3435 580 καὶ
3459 523 3599 596 πρὸς
3634 525 3731 599 τὴν

479 617 653 671 locum
714 615 941 681 habens,
996 615 1172 685 primo
1222 615 1362 686 apud
1404 615 1615 680 Deum,
1659 614 1854 669 deinde
1907 615 2047 684 apud

478 719 630 763 tuam
652 707 905 778 pietatem
937 724 951 762 :
983 723 1107 764 cum
1136 723 1245 763 non
1271 717 1328 763 ut
1361 707 1584 778 populos
1613 706 1925 761 desererem
1950 721 2049 760 au-

2150 619 2251 689 σὴν
2267 619 2570 684 εὐσέϐειαν,
2595 619 2678 672 ὅτι
2706 619 2808 672 οὐκ
2828 619 3030 689 ἔφυγον
3055 618 3388 687 καταλείψας
3407 618 3539 681 τοὺς
3549 617 3729 683 λαοὺς,

2148 709 2288 765 ἀλλά
2321 710 2574 782 μάρτυρα
2601 711 2699 781 τῆς
2724 710 2956 775 διώξεως
2987 709 3095 781 ἔχω
3121 708 3217 781 τὴν
3248 709 3438 777 ἔφοδον
3458 709 3555 762 τοῦ
3580 726 3736 779 στρα-

478 800 708 871 fugerim
740 818 755 855 :
808 801 903 858 sed
935 808 1133 857 testem
1168 799 1571 871 persecutionis
1614 799 1843 854 habeam
1877 800 2048 869 ipsam

2178 805 2385 876 ἠλάτου
2403 822 2417 834 ·
2442 804 2471 857 ὃ
2501 804 2730 876 μάλιστα
2752 805 2845 857 καὶ
2871 804 3070 865 πάντες
3089 802 3429 873 ἐθαύμασαν.
3459 802 3610 855 Ἔδει
3628 802 3733 873 γὰρ

479 892 640 948 ducis
664 893 1021 962 irruptionem
1051 908 1066 947 :
1102 893 1245 963 quod
1269 905 1460 946 omnes
1487 890 1839 947 vehementer
1868 889 2051 946 mirati

2178 897 2192 968 ἱ
2228 898 2304 970 μὴ
2330 897 2780 967 ἐπαγγείλασθαι,
2803 895 2858 969 ἦ,
2888 894 3379 965 ἐπαγγειλάμενον,
3415 892 3496 964 μὴ
3535 892 3734 963 ψεύσα-

481 995 632 1040 sunt.
655 986 906 1056 Oportuit
928 986 1127 1057 quippe
1157 984 1308 1041 illum
1350 993 1443 1040 aut
1482 985 1643 1041 ﬁdem
1671 1001 1779 1042 non
1811 986 2048 1053 dedisse,

482 1082 578 1130 aut
600 1076 782 1131 datam
805 1091 909 1131 non
941 1074 1149 1131 fallere.

556 1167 654 1225 26.
673 1166 941 1235 Quorsum
995 1167 1160 1237 igitur
1207 1166 1313 1222 hoc
1360 1181 1548 1222 eorum
1594 1168 1920 1224 consilium?
1948 1169 2057 1225 Aut

484 1258 616 1328 qui'd
668 1270 847 1313 causa:
883 1265 968 1311 est
1012 1256 1154 1326 quod
1202 1255 1339 1311 dolis
1387 1256 1709 1328 insidiisque
1743 1274 1841 1314 nos
1873 1258 2055 1314 adorti

486 1354 635 1409 sunt,
682 1345 879 1414 quibus
913 1353 967 1399 et
1004 1343 1227 1413 iubendi
1266 1354 1320 1399 et
1361 1344 1661 1415 iussionem
1713 1348 1920 1418 scripto
1954 1357 2061 1404 trae

487 1437 644 1493 dendi
683 1435 916 1492 facultas
954 1437 1141 1492 esset?
1168 1437 1516 1507 Imperatoris
1543 1438 1688 1492 enim
1738 1440 1910 1509 iussio
1946 1456 2059 1494 ma-

460 1546 646 1605 .gnam
680 1534 884 1604 prebet
914 1530 1318 1587 conﬁdentiam.
1347 1530 1453 1585 Sed
1485 1532 1630 1600 quod
1664 1532 1763 1602 ipsi
1791 1533 1927 1587 clam
1947 1548 2058 1589 rem

486 1640 653 1695 agere
706 1632 988 1695 optarent,
1045 1623 1179 1678 illud
1210 1638 1343 1679 sane
1384 1623 1751 1692 suspicionem
1806 1625 2057 1695 augebat,

490 1719 637 1788 ipsos
687 1733 717 1771 a
767 1727 821 1772 te
856 1717 1065 1771 nullum
1105 1717 1383 1785 accepisse
1434 1716 1771 1772 mandatum.
1802 1716 1941 1784 Quid
1966 1721 2062 1775 ah-

492 1811 644 1867 surdi
698 1810 1066 1879 postulabam,
1117 1811 1232 1864 veri
1287 1809 1685 1864 studiosissime
1726 1808 2063 1878 imperator?

2159 990 2303 1047 σθαι.

2233 1173 2325 1231 26.
2360 1174 2425 1227 Τί
2456 1173 2634 1227 τοίνυν
2665 1172 2837 1237 οὕτως
2879 1172 3241 1238 ἐϐουλεύοντο,
3384 1158 3484 1225 διᾶ
3502 1171 3569 1224 τί
3604 1171 3739 1241 μετὰ

2166 1268 2318 1321 δόλου
2351 1265 2651 1337 ἐνεδρεύειν
2675 1264 3011 1336 ἐπεχείρουν,
3058 1265 3177 1333 ἐξὸν
3202 1265 3296 1318 καὶ
3327 1262 3587 1317 κελεῦσαι
3610 1262 3736 1333 (99),

2165 1359 2261 1413 καὶ
2292 1358 2537 1430 γράψαι;
2564 1357 2837 1421 Βασιλέως
2875 1357 2983 1430 γὰρ
3019 1354 3314 1429 πρόσταξις
3349 1353 3600 1425 μεγάλην
3632 1353 3738 1423 ἔχει

2164 1450 2495 1523 παρρησίαν.
2539 1448 2697 1503 Ἀλλά
2722 1449 2783 1502 τὸ
2807 1448 3088 1519 βούλεσθαι
3108 1448 3288 1501 λαθεῖν
3314 1447 3646 1517 λευκοτέραν
3667 1446 3738 1516 (1)

2164 1542 2335 1595 ἐποίει
2368 1542 2471 1613 τὴν
2502 1539 2739 1609 ὑποψίαν
2766 1538 2857 1593 τοῦ
2894 1540 2967 1611 μὴ
2996 1540 3137 1610 ἐχειν
3156 1540 3353 1602 αὐτοὺς
3387 1539 3736 1616 πρόσταγμα.

2166 1635 2230 1687 Τί
2258 1634 2313 1686 δὲ
2341 1633 2539 1686 ἄτοπον
2577 1630 2839 1702 ἀπῄτουν,
2868 1630 3083 1701 βασιλεῦ
3111 1630 3439 1702 φιλάληθες;
3497 1628 3621 1693 Πῶς
3646 1629 3741 1681 οὐκ

2164 1724 2391 1791 εὔλογον
2425 1724 2706 1796 ἐπισκόπῳ
2733 1724 2834 1797 τὴν
2858 1722 3112 1795 τοιαύτην
3135 1724 3356 1788 ἀξίωσιν
3377 1722 3444 1776 ἄν
3472 1739 3560 1785 τις
3582 1722 3740 1787 simi;

2166 1810 2332 1878 οἶδας,
2363 1814 2629 1883 ἀναγνοὺς
2647 1815 2745 1878 τὰς
2781 1814 3022 1886 Γραφάς,
3052 1813 3239 1884 ἡλίκον
3276 1812 3395 1866 ἐστὶ
3435 1812 3503 1883 δὴ
3553 1810 3744 1881 ἔγκλη-

494 1903 627 1970 Quis
672 1918 777 1957 non
824 1903 1058 1955 fateatur
1104 1902 1241 1957 hanc
1275 1902 1595 1972 petitionem
1651 1903 1905 1973 episcopo
1945 1918 2066 1958 esse

2179 1923 2255 1977 μα
2325 1907 2756 1977 καταλιμπάνειν
2800 1905 3092 1959 ἐπίσκοπον
3146 1905 3243 1975 τὴν
3286 1904 3612 1973 ἐκκλησίαν,
3657 1905 3745 1957 καὶ

495 1993 957 2049 consentaneam?
982 2008 1107 2048 cum
1137 1994 1449 2064 Scripturas
1483 1993 1702 2063 legeris,
1729 1995 1869 2050 nosti
1897 2010 2067 2065 quan-

497 2093 608 2139 tum
640 2085 713 2139 sit
750 2084 878 2139 illud
914 2085 1180 2153 criminis,
1208 2087 1522 2156 episcopum
1577 2086 1863 2143 ecclesiam
1913 2102 2067 2142 suam

499 2179 770 2242 deserere,
801 2177 1004 2248 Deique
1033 2178 1194 2233 ovilia
1222 2194 1326 2233 non
1358 2195 1553 2235 curare
1578 2197 1594 2235 :
1619 2190 1895 2251 pastorum
1921 2181 2067 2235 enim

494 2266 738 2322 absentia
776 2268 954 2337 gregis
984 2268 1268 2322 invadendi
1300 2270 1813 2340 occasionemlupis
1840 2272 2066 2340 praebet.

440 2378 441 2381 η
497 2358 613 2415 Hoc
646 2368 827 2413 autem
856 2359 1167 2427 quaerebant
1193 2359 1408 2427 Ariani,
1456 2370 1510 2416 et
1546 2363 1634 2417 alii
1680 2377 1869 2418 omnes
1898 2364 2071 2420 haere-

506 2453 620 2519 tici,
656 2461 714 2506 ut
744 2451 1062 2507 absentibus
1095 2452 1252 2505 nobis
1276 2450 1455 2506 locum
1504 2452 2072 2521 opportunitatemque

500 2545 669 2611 nacti,
692 2544 945 2615 populum
979 2543 1045 2597 ad
1074 2543 1406 2612 impietatem
1435 2543 1795 2597 deducerent.
1835 2544 1893 2599 Si
1942 2558 2071 2615 ergo

500 2637 783 2706 fugissem,
815 2635 1031 2707 qualem
1059 2636 1199 2704 apud
1226 2649 1385 2689 veros
1409 2635 1723 2703 episcopos;
1755 2635 1864 2690 imo
1886 2636 2065 2704 potius

503 2731 646 2799 apud
679 2746 800 2786 eum
835 2731 926 2800 qui
965 2729 1095 2783 mihi
1143 2728 1303 2799 247
1340 2743 1556 2800 gregem
1589 2728 1897 2783 crediderat
1925 2738 2072 2784 attu-

500 2822 682 2879 lissem
726 2821 1173 2878 excusationem?
1221 2820 1315 2876 Est
1367 2831 1545 2875 autem
1580 2820 1690 2884 ille,
1738 2821 1833 2889 qui
1865 2820 2075 2889 iudicat

501 2928 712 2969 omnem
745 2925 967 2981 terram,
990 2928 1152 2969 verus
1179 2912 1557 2969 universorum
1589 2910 1705 2967 Rex
1731 2922 1786 2967 et
1819 2914 2076 2969 Dominus

503 3015 690 3063 noster
718 3004 877 3061 Jesus
915 3005 1190 3073 Christus,
1212 3003 1403 3074 [Filius
1459 3004 1580 3060 Dei.
1632 3006 1826 3061 Annon
1875 3008 2074 3063 merito

507 3099 637 3155 mihi
664 3082 992 3168 populorum.
1014 3098 1221 3152 incuria
1250 3096 1565 3166 imputanda
1606 3096 1842 3154 fuisset?
1886 3099 2077 3155 Nonne

2172 1998 2396 2069 ἀμελεῖν
2438 1998 2546 2051 τῶν
2570 1997 2663 2051 τοῢ
2695 1996 2829 2050 Θεοῦ
2864 1997 3148 2069 ποιμνίων.
3180 1996 3467 2066 Ποιμένων
3512 1995 3622 2065 γὰρ
3646 1996 3745 2050 ἀπ-

2174 2090 2337 2145 ουσία
2368 2091 2637 2162 πρόφασιν
2657 2089 2843 2160 ἐφόδου
2870 2091 2981 2153 τοῖς
3015 2089 3196 2152 λύκοις
3227 2087 3459 2159 παρέχει
3491 2088 3745 2159 κατὰττῆς

2171 2182 2395 2252 ἀγέλης.
2432 2182 2603 2235 Τοῦτο
2635 2182 2692 2235 δὲ
2728 2181 2953 2252 ἐζήτουν
2979 2183 3028 2233 οἱ
3074 2180 3360 2251 Ἀρειανοὶ,
3395 2180 3493 2235 καὶ
3527 2180 3579 2233 οἱ
3605 2179 3744 2233 ἄλλοι

2173 2274 2373 2336 πάντες
2398 2274 2682 2344 αἱρετικοὶ,
2710 2274 2795 2326 ἵνα
2817 2274 2883 2343 τῇ
2911 2270 3069 2343 ἡμῶν
3102 2271 3341 2342 ἀπουσίᾳ
3371 2270 3560 2342 χώραν
3592 2270 3748 2341 εὐρω-

2174 2382 2258 2419 σιν
2290 2366 2504 2436 ἀπατᾷν
2535 2365 2661 2428 τοὺς
2687 2364 2846 2427 λαοὺς
2880 2364 2959 2426 είς
2980 2361 3255 2416 ἀσέϐειαν.
3290 2363 3352 2415 Εὶ
3386 2363 3574 2414 τοίνυν
3609 2362 3745 2431 ἤμην

2172 2456 2378 2525 φυγὼν,
2411 2456 2569 2509 ποίαν
2615 2454 2905 2523 ἀπολογίαν
2950 2448 3096 2523 εἶχον
3150 2451 3302 2523 παρὰ
3333 2455 3449 2516 τοῖς
3482 2451 3743 2522 ἀληθινοῖς

2176 2548 2514 2613 ἐπισκόποις,
2545 2547 2738 2617 μᾶλλον
2754 2546 2809 2599 δὲ
2825 2548 2976 2618 παρὰ
2998 2546 3077 2617 τῷ
3102 2545 3495 2601 πεπιστευκότι
3514 2544 3614 2614 τὴν
3634 2542 3749 2611 ἀγέρ-

2176 2642 2273 2713 λην
2300 2658 2315 2707 ;
2347 2642 2503 2694 Ἔστι
2526 2641 2583 2694 δὲ
2610 2635 2761 2704 οὗτος
2780 2642 2807 2694 ὁ
2828 2641 3028 2712 κρίνων
3058 2640 3238 2692 πᾶσαν
3267 2636 3367 2709 τὴν
3402 2637 3535 2708 γῆν,
3564 2639 3593 2689 ὁ
3620 2636 3744 2705 ἀλη-

2175 2733 2320 2797 θινὸς
2371 2732 2746 2803 παμϐασιλεύς
2796 2733 2888 2786 καὶ
2934 2731 3134 2803 Κύριος
3162 2730 3323 2801 ἡμῶν
3368 2726 3582 2800 Ἰησοῦς
3618 2728 3743 2798 Χρι-

2177 2826 2323 2890 στὸς,
2348 2829 2377 2881 ὁ
2401 2825 2527 2889 Υἱὸς
2556 2824 2647 2879 τοῦ
2687 2823 2841 2878 Θεοῦ.
2873 2823 2999 2888 Πῶς
3025 2825 3125 2877 οὐκ
3164 2822 3231 2877 ἄν
3255 2839 3340 2884 τις
3373 2821 3615 2889 εὐλόγως
3656 2819 3744 2890 τὴν

2177 2918 2434 2989 ἀμέλειαν
2472 2917 2578 2970 τῶν
2608 2916 2752 2969 λαῶν
2784 2917 2863 2979 είς
2894 2915 2995 2986 ἐμὲ
3025 2915 3358 2985 μετήνεγκε;
3393 2912 3523 2975 Πῶς
3561 2911 3617 2963 δὲ
3652 2912 3746 2964 οὐκ

2179 3010 2245 3066 ἂν
2271 3009 2552 3080 ἐπέμψατο
2573 3010 2666 3062 καὶ
2692 3011 2725 3079 ἡ
2754 3008 2821 3079 σὴ
2846 3007 3097 3060 εὐσέϐεια
3132 3005 3356 3068 δικαίως
3381 3004 3636 3071 λέγουσα,
3656 3002 3746 3053 Διὰ

2177 3103 2249 3165 τί,
2304 3102 2441 3172 μετά
2489 3101 2829 3173 γραμμάτων
2872 3098 3149 3164 εἰσελθὼν,
3197 3098 3366 3170 χωρὶς
3408 3095 3745 3166 γραμμάτων

505 3205 594 3246 me
640 3199 731 3245 tua
781 3190 897 3260 ipsa
950 3189 1125 3259 pietas
1170 3189 1292 3258 iure
1338 3187 1680 3260 obiurgasset
1723 3189 1807 3243 his
1848 3190 2073 3256 verbis,

2180 3194 2502 3263 ἀναχωρεῖς,
2544 3193 2637 3245 καὶ
2673 3188 2996 3259 κατέλειψας
3026 3189 3150 3252 τοὺς
3178 3187 3373 3251 λαούς;
3408 3186 3534 3249 Πῶς
3562 3184 3619 3237 δὲ
3657 3184 3747 3237 καὶ

506 3283 687 3348 Quare
723 3297 846 3337 cum
887 3281 1082 3336 litteris
1117 3296 1366 3337 reversus
1412 3282 1821 3353 ingressusque,
1869 3283 2073 3352 absque

2180 3284 2341 3347 αὐτὸς
2381 3286 2410 3337 ό
2439 3283 2567 3346 λαὸς
2599 3282 2820 3346 εἰκότως
2860 3283 2920 3335 ἐν
2943 3280 3124 3352 ἡμέρα
3154 3280 3391 3348 κρίσεως
3419 3278 3518 3346 τὴν
3550 3276 3747 3329 ἑαυτῶν

506 3372 702 3429 litteris
754 3372 1093 3435 abscessisti,
1135 3386 1199 3426 ac
1253 3370 1484 3440 populos
1516 3373 1858 3427 deseruisti?
1889 3371 2079 3428 Nonne

507 3466 628 3534 ipse
650 3465 898 3536 populus,
936 3465 1078 3519 haud
1113 3463 1336 3532 iniuria,
1362 3463 1416 3517 in
1454 3463 1541 3518 die
1566 3464 1779 3534 iudicii,
1814 3465 1897 3519 sui
1924 3465 2080 3521 incu-

509 3559 649 3613 riam
690 3558 746 3613 in
780 3574 868 3613 me
906 3556 1248 3625 coniecisset,
1296 3556 1519 3622 dicens,
1579 3553 1630 3610 Is
1664 3556 1754 3626 qui
1798 3559 1939 3626 apud
1984 3571 2081 3613 nos

513 3650 750 3721 episcopi
792 3662 1018 3704 munere
1061 3647 1385 3721 fungebatur
1420 3644 1652 3717 aufugit,
1702 3660 1907 3714 nosque
1945 3645 2083 3701 inte—

514 3719 618 3799 rim
666 3743 936 3813 neglectui
985 3719 1270 3807 habemur,
1318 3740 1497 3795 nullus
1522 3752 1648 3795 cum
1695 3740 1766 3793 sit
1795 3740 1888 3809 qui
1930 3749 2079 3794 recta

514 3844 733 3890 moneat
755 3835 778 3887 ?
801 3834 965 3899 Quid,
990 3846 1195 3901 quaso,
1226 3831 1351 3883 talia
1406 3829 1753 3899 loquentibus
1786 3831 2080 3898 responde-

516 3924 681 3981 rem?
716 3924 840 3979 Haec
891 3925 982 3979 illa
1006 3932 1112 3989 ,εει
1161 3920 1460 3976 Ezechielis
1529 3920 1891 3989 expostulatio
1951 3936 2075 3975 cum

517 4017 714 4085 priscis
763 4016 870 4069 illis
917 4013 1227 4083 pastoribus
1268 4015 1336 4068 θ’.
1384 4012 1441 4067 1d
1498 4026 1621 4066 cum
1666 4013 1836 4081 probe
1900 4021 2084 4069 nosset

517 4108 710 4161 beatus
764 4103 1047 4175 apostolus
1068 4103 1310 4169 Paulus,
1362 4102 1653 4172 unicuique
1711 4112 1953 4157 nostrum
1989 4118 2084 4171 per

518 4195 845 4267 discipulum
875 4210 1030 4250 suum
1085 4193 1191 4250 hoc
1222 4194 1383 4248 tradit
1410 4203 1735 4265 praeceptum
1765 4211 1779 4247 :
1835 4193 1962 4248 Noli
1990 4210 2083 4248 ne-

518 4290 712 4362 gligere
739 4291 962 4358 gratiam
990 4302 1109 4357 qua:
1142 4296 1219 4341 est
1246 4289 1301 4340 in
1336 4296 1403 4352 te,
1432 4302 1549 4356 qua:
1580 4287 1705 4341 data
1731 4296 1803 4340 est
1831 4287 1943 4349 tibi,
1968 4304 2084 4341 cum

519 4382 848 4453 impositione
900 4395 1155 4433 manuum
1196 4379 1506 4449 presbyterii
1560 4380 1628 4433 ".
1679 4379 1914 4449 ldipsum
1959 4394 2084 4434 cum

522 4474 961 4538 reformidarem,
1007 4464 1195 4541 fugere
1246 4472 1518 4536 nolebam,
1555 4472 1649 4526 sed
1694 4480 1840 4525 tuam
1901 4486 2086 4542 exspe-

2181 3377 2438 3447 ἀμέλειαν
2478 3375 2702 3447 ἔρριψαν
2745 3375 2825 3438 είς
2856 3374 2975 3444 ἐμὲ,
3004 3372 3252 3441 λέγοντες
3273 3411 3288 3435 ,
3330 3369 3389 3422 '0
3420 3368 3747 3421 ἐπισκεπτόε

2185 3485 2343 3539 μενος
2402 3470 2547 3539 ἡμᾶς
2582 3468 2769 3537 ἔφυγε,
2810 3466 2905 3520 καὶ
2935 3464 3308 3537 ἠμελήθημεν,
3349 3463 3450 3516 οὐκ
3481 3463 3633 3525 ὃντος
3659 3460 3746 3514 τοῦ

2184 3560 2721 3630 ὐπομιμνήσκοντος;
2753 3558 2816 3611 Ei
2846 3556 3017 3613 ταῦτα
3045 3556 3247 3625 ἔλεγον,
3283 3557 3337 3609 τί
3364 3555 3431 3609 ἂν
3457 3554 3745 3624 ἀπεκρινά-

2186 3668 2291 3722 μην
2313 3668 2326 3717 ;
2349 3652 2612 3722 Τοιαύτην
2630 3651 2703 3723 (2)
2724 3652 2830 3723 γὰρ
2854 3646 2999 3755 μέρῖ
3012 3668 3057 3703 ιν
3080 3652 3233 3720 ἔσχον
3263 3649 3353 3702 διὰ
3380 3647 3476 3701 τοῦ
3508 3646 3744 3718 Ἰεζεχιὴλ

2183 3744 2276 3797 καὶ
2297 3743 2346 3794 οἱ
2368 3742 2621 3812 ποιμένες
2646 3742 2753 3797 τῶν
2785 3737 3050 3798 παλαιῶν.
3083 3741 3253 3796 Τοῦτο
3286 3740 3573 3809 γινώσκων
3606 3737 3690 3792 καὶ
3713 3738 3743 3788 ό

2187 3829 2457 3901 μακάριος
2480 3830 2770 3893 ἀπόστολος
2796 3830 3005 3894 Παῦλος
3027 3830 3239 3900 ἑκάστῳ
3254 3829 3412 3900 ἡμῶν
3436 3829 3525 3882 διὰ
3545 3827 3631 3881 τού
3656 3842 3745 3898 μα-

2186 3922 2349 3994 θητοῦ
2373 3923 2725 3995 παρήγγειλε,
2754 3922 2956 3991 λέγων·
3003 3922 3098 3991 Μὴ
3153 3921 3361 3992 ἀμέλει
3409 3922 3519 3976 τοῦ
3556 3921 3623 3974 ἐν
3650 3923 3743 3973 σοι

2189 4015 2574 4084 χαρίσματος,
2635 4012 2666 4067 ὃ
2719 4014 2895 4083 ἐδόθη
2938 4027 3057 4075 σοι,
3096 4012 3247 4082 μετὰ
3286 4011 3610 4078 ἐπιθέσεως
3633 4008 3744 4063 τῶν

2185 4106 2398 4175 χειρῶν
2418 4105 2525 4160 τοῦ
2553 4105 2997 4174 πρεσϐυτερίου.
3026 4103 3194 4158 Τοῦτο
3227 4102 3385 4172 κάγὼ
3427 4102 3744 4172 φοϐούμενος

2188 4200 2286 4252 οὐκ
2317 4198 2503 4269 ἤθελον
2535 4200 2748 4268 φυγεῖν,
2778 4196 2911 4250 ἀλλὰ
2952 4194 3247 4268 πρόσταξιν
3284 4194 3450 4265 ἔχειν,
3487 4196 3635 4265 εἴπερ
3677 4188 3745 4261 ἦν

2187 4288 2430 4360 βούλημα
2457 4289 2554 4359 τῆς
2588 4287 2689 4357 σῆς
2715 4286 3013 4350 εὐσεϐείας.
3060 4284 3197 4338 Ἀλλ’
3233 4283 3357 4338 οὐτε
3397 4283 3583 4337 ἔλαϐον
3615 4284 3743 4351 ὅπερ

2186 4380 2421 4449 εὐλόγως
2445 4380 2708 4451 ἀπῄτουν,
2747 4379 2883 4433 ἀλλά
2908 4379 3002 4433 καὶ
3034 4377 3127 4433 νῦν
3159 4378 3335 4449 μάτην
3375 4376 3744 4450 κατηγορήθην

2188 4474 2336 4544 παρά
2362 4475 2475 4525 σοί·
2501 4472 2624 4527 οὔτε
2666 4473 2775 4545 γὰρ
2804 4471 3063 4543 ἀντέστην
3096 4472 3478 4542 προστάγματι
3520 4469 3615 4539 τῆς
3649 4467 3743 4535 σῆς

518 4565 732 4619 ctabam
768 4563 1109 4633 iussionem;
1154 4559 1200 4615 si
1251 4569 1428 4615 tamen
1471 4560 1599 4615 illud
1641 4558 1833 4614 fuisset
1874 4560 2073 4629 pietati:

2191 4562 2500 4626 εὐσεϐείας,
2555 4562 2679 4616 οὔτε
2740 4562 2837 4617 νῦν
2886 4564 2964 4625 εἰς
3028 4560 3431 4632 ’Δλεξάνδρειαν
3499 4558 3745 4613 εἰσελθεῖν

520 4667 625 4711 tuze
672 4656 947 4725 placitum.
993 4653 1063 4707 At
1109 4668 1449 4723 nequaquam
1500 4653 1553 4707 id
1592 4652 1734 4722 quod
1776 4652 1973 4720 iustea
2002 4669 2087 4709 me

522 4748 851 4817 postulatum
880 4756 985 4811 est,
1018 4746 1199 4816 accepi
1233 4764 1245 4799 :
1274 4746 1496 4814 iamque
1538 4743 1678 4814 apud
1721 4752 1773 4798 te
1805 4743 1940 4799 falso
1967 4760 2086 4799 sum

519 4839 752 4904 delatus,
786 4852 908 4891 nam
940 4838 1158 4906 pietatis
1206 4848 1308 4892 tute
1351 4836 1604 4891 mandato
1657 4834 1881 4891 minime
1934 4851 2087 4906 repu-

522 4928 925 4998 gnavizneque
955 4929 1340 4983 Alexandriam
1392 4919 1601 4995 ingredi
1629 4929 1866 4983 conabor
1916 4928 2084 4984 donec

2196 4654 2456 4727 πειράσω,
2487 4654 2591 4720 ἕως
2623 4657 2656 4726 ή
2688 4656 2753 4726 σὴ
2777 4654 3152 4727 φιλανθρωπία
3180 4652 3339 4705 τοῦτο
3366 4653 3613 4723 βούληται
3645 4649 3739 4719 (5).

2192 4745 2301 4799 Καὶ
2329 4745 2485 4799 τοῦτο
2516 4746 2573 4798 δέ
2605 4744 2889 4818 προλαϐὼν
2908 4743 3125 4816 εἴρηκα,
3160 4744 3247 4798 ἵνα
3277 4742 3413 4815 μηδὲ
3449 4742 3571 4812 περὶ
3597 4736 3747 4793 τοῦτο

2193 4838 2355 4891 πάλιν
2407 4840 2455 4891 οἱ
2507 4839 2834 4909 συκοφάνται
2883 4837 3154 4909 πρόφασιν
3215 4833 3418 4908 εὕρωσι
3479 4833 3745 4887 κατειπεῖν

2191 4932 2222 4999 ἡ
2233 4930 2364 5000 μῶν.

525 5021 850 5076 humanitati
883 5031 985 5076 tuae
1012 5022 1064 5078 id
1090 5022 1380 5093 placuerit.
1413 5020 1527 5080 Hoc
1565 5032 1775 5079 mature
1800 5021 2085 5092 denuntio,
2128 5040 2193 5080 ne
2236 5027 2360 5083 hinc
2398 5042 2609 5084 rursum
2654 5028 3002 5101 schphantae
3034 5024 3377 5082 occasionem
3412 5026 3616 5092 captent
3639 5029 3742 5072 nos

524 5111 895 5171 insimulandi.

596 5328 641 5361 ”
661 5328 860 5385 Ezecb.
886 5345 1074 5400 xxxnv,
1096 5330 1151 5386 2.
1229 5331 1275 5364 ⁸³
1302 5330 1322 5385 l
1351 5332 1490 5389 Tim.
1519 5348 1593 5401 tv,
1617 5335 1703 5390 14.

600 5557 710 5681 l(98)
738 5559 900 5629 Editi,
925 5563 1018 5616 καὶ
1041 5558 1483 5633 προηγουμένως.
1512 5557 1566 5611 In
1584 5558 1715 5629 Reg.
1746 5559 1835 5612 καί
1864 5556 2093 5611 deletum

534 5644 593 5684 es
626 5666 639 5679 .

567 5644 639 5682 Sl.

605 5697 713 5765 (99)
736 5698 875 5753 Edit.
902 5700 1223 5756 Parisiensis
1244 5708 1298 5754 et
1314 5698 1529 5758 Colon.,
1547 5698 1819 5761 mendose,
1848 5696 1941 5749 καὶ
1974 5693 2095 5748 λεῦ-

535 5784 653 5819 σαν.
685 5768 784 5819 Alii
812 5786 999 5826 omnes
1029 5772 1120 5823 καὶ
1157 5769 1427 5823 κελεῦσαι.

605 5835 681 5903 (1)
713 5837 819 5889 Καί
853 5850 978 5897 ante
1032 5839 1356 5907 λευκοτέραν
1404 5837 1596 5906 legitur
1646 5837 1701 5894 in
1757 5834 1933 5894 editis.
1987 5833 2090 5891 Sed

2200 5571 2322 5611 cum
2382 5557 2616 5614 deletum
2669 5554 2833 5611 fuerit
2878 5555 2933 5610 in
2986 5553 3120 5624 Reg.
3168 5565 3222 5611 et
3271 5554 3580 5629 superﬂuum
3630 5550 3751 5621 ait,

2197 5638 2516 5695 expunctum
2538 5635 2640 5680 est.

2270 5698 2346 5766 (‘2)
2375 5697 2529 5767 ch.,
2560 5696 2845 5767 τοσαύτην.

2271 5767 2345 5837 (ὖ)
2384 5770 2471 5824 Sic
2504 5767 2817 5837 ch.,Editi
2856 5783 2977 5824 vero
3006 5767 3266 5838 βούλεται.
