3954 6496
185 429 275 486 629

1193 420 1541 502 Ληοιοριιι
1580 418 1671 475 AD
1708 416 2207 476 CONSTANTIUM
2243 419 2381 474 lMP.

3315 412 3420 469 6'50

247 548 336 602 27.
379 547 568 601 Ταῦτα
602 545 872 619 συνορῶν,
917 547 977 599 οὐ
1031 545 1432 613 κατεγίνωσκον
1484 542 1787 615 ἐμαυτοῦΗ

1922 542 2013 597 27.
2051 542 2175 600 Haec
2205 559 2326 599 cum
2358 558 2567 600 mecum
2609 542 3017 615 perpenderem,
3042 540 3096 596 in
3128 537 3282 608 culpa
3333 549 3421 591 me

194 640 314 696 ἀλλὰ
360 640 457 693 καὶ
492 639 693 710 ταύτην
735 638 872 709 ἔχων
912 636 1011 709 τὴν
1059 636 1354 706 ἀπολογίαν
1374 678 1389 702 ,
1435 635 1748 707 ἠπειγόμην

197 732 321 805 πρὸς
340 731 445 802 τὴν
462 731 569 802 σὴν
584 728 880 795 εὐσέϐειαν,
907 728 1063 793 εἰδὼς
1082 730 1180 801 τὴν
1203 729 1302 801 σὴν
1323 729 1752 801 φιλανθρωπίαν,

194 824 269 879 διὰ
304 825 525 894 μνήμης
561 839 621 875 τε
658 821 795 892 ἔχων
837 821 936 885 τὰς
975 819 1075 884 σὰς
1114 819 1365 889 ἀψευδεῖς
1412 819 1754 890 ὑποσχέσεις,

195 916 281 967 καὶ
317 913 538 986 θαρρῶν
558 956 573 980 ,
602 913 707 978 ὃτι,
748 911 890 967 κατὰ
920 912 980 966 τὸ
1012 911 1392 983 γεγραμμένον
1424 912 1482 965 ἐν
1514 910 1594 982 (4)
1637 913 1759 975 ταῖς

195 995 356 1068 θείαις
417 1004 780 1075 Παροιμίαις·
840 1002 1007 1072 Παρὰ
1062 1002 1459 1072 φιλανθρώπῳ
1509 1001 1766 1067 ,βασιλεῖ

194 1096 385 1150 δεκτοί
409 1097 569 1149 εἰσιν
596 1099 649 1149 οὶ
676 1095 890 1150 δίκαιοι
926 1096 1227 1166 λογισμοί.
1257 1095 1397 1167 Ἤδη
1422 1095 1479 1149 δέ
1510 1094 1609 1165 τῆς
1639 1092 1762 1147 ὁδοῦ

198 1204 290 1257 μου
321 1185 633 1251 ἐπιϐάντος,
666 1186 761 1241 καὶ
790 1185 891 1255 τὴν
923 1184 1126 1257 ἔρημον
1157 1182 1483 1251 ἐξελθόντος,
1511 1182 1648 1253 ἀκοή
1677 1198 1763 1246 τις

196 1278 409 1347 γέγονεν
436 1277 731 1347 ἐξαίφνης⁸
756 1276 877 1346 ἥτις
906 1275 1134 1339 ἄπιστος
1168 1274 1265 1345 μὲν
1306 1268 1447 1328 εἶναι
1484 1271 1626 1327 κατὰ
1665 1270 1764 1342 τὴν

196 1367 365 1439 ἀρχὴν
394 1367 590 1433 ἐδόκει,
625 1365 762 1438 μετὰ
784 1365 840 1419 δὲ
865 1364 1037 1419 ταῦτα
1068 1364 1273 1437 ἀληθὴς
1299 1363 1531 1436 ἐδείχθη.
1570 1362 1764 1434 Ἐθρυ-

196 1460 331 1512 λεῖτο
380 1458 493 1531 γὰρ
550 1456 857 1529 πανταχοῦ,
901 1457 983 1511 ὃτι
1019 1455 1269 1527 Λιϐέριος
1313 1456 1342 1508 6
1389 1455 1489 1526 τῆς
1549 1453 1768 1524 Ῥώμης

197 1551 508 1617 ἐπίσκοπος,
542 1551 638 1605 καὶ
664 1552 693 1605 6
718 1549 827 1603 τῶν
852 1548 1102 1604 Σπανιῶν
1131 1549 1317 1612 Ὀσιος
1340 1550 1369 1601 6
1396 1546 1589 1618 μέγας,
1624 1546 1769 1598 Παυ-

198 1642 331 1706 λῖνός
356 1659 418 1695 τε
454 1643 484 1695 6
513 1641 623 1695 τῶν
656 1641 920 1704 Γαλλιῶν,
955 1641 1051 1695 καὶ
1079 1638 1351 1701 Διονύσιος
1390 1637 1485 1690 καὶ
1512 1635 1770 1699 Εὐσέϐιος

196 1738 243 1790 οί
271 1737 370 1807 τῆς
414 1735 680 1802 Ἰταλίας,
715 1735 1049 1806 Λουκίφερός
1086 1751 1147 1787 τε
1179 1734 1286 1788 ἀπὸ
1315 1732 1629 1805 Σαρδινίας,
1677 1732 1771 1786 καὶ

199 1828 340 1884 ἄλλοι
368 1828 514 1893 τινὲς
543 1828 854 1891 ἐπίσκοποι,
878 1827 973 1881 καὶ
1004 1825 1386 1900 πρεσϐύτεροι,
1416 1825 1511 1877 καὶ
1535 1823 1772 1877 διάκονοι

199 1920 592 1992 ἐξωρίσθησαν,
627 1922 707 1974 ὅτι
739 1919 814 1992 μὴ
857 1919 1148 1991 ⁴ήνέσχοντε)
1181 1918 1306 1973 καθ’
1332 1916 1492 1989 ἡμῶν
1531 1914 1775 1986 ὑπογρόμ

198 2014 311 2084 ψαι.
347 2014 460 2068 Καὶ
485 2006 631 2067 οῦτοι
671 2012 769 2084 μὲν
801 2010 1189 2083 ἐξωρίσθησαν,
1213 2008 1521 2072 Οὐῖκέντιος
1541 2008 1597 2061 δέ
1624 2009 1651 2061 6
1680 2007 1778 2077 τῆς

200 2106 454 2178 Καπύης,
487 2106 583 2159 καὶ
623 2104 1111 2176 Φουρτουνατιανὸς
1148 2105 1176 2156 6
1200 2102 1302 2172 τῆς
1342 2100 1645 2173 Ἀκυληίας
1676 2099 1777 2179 (5),

211 2199 469 2271 Ἦρέμιός
494 2217 556 2253 τε
588 2201 617 2253 6
645 2199 743 2270 τῆς
767 2196 1184 2266 Θεσσαλονίκης,
1216 2194 1310 2248 καὶ
1336 2196 1533 2256 πάντες
1564 2195 1611 2245 oi
1637 2191 1782 2291 κατρ

199 2292 294 2364 τὴν
313 2293 476 2345 Δύσιν
506 2291 815 2356 ἐπίσκοποι,
848 2290 965 2360 βίαν
991 2289 1053 2341 οὐ
1080 2288 1178 2359 τὴν
1210 2285 1498 2357 τυχοῦσαν,
1529 2284 1663 2339 ἀλλὰ
1685 2284 1785 2353 κα),

202 2387 459 2458 πλείστην
498 2385 747 2455 ἀνάγκην
797 2383 891 2437 καὶ
945 2382 1123 2445 δεινὰς
1175 2379 1364 2450 ὕϐρεις
1415 2378 1779 2443 πεπόνθασιν,

202 2481 305 2544 ἕως
360 2478 798 2548 ἐπαγγείλωνται
847 2478 921 2549 μὴ
974 2477 1247 2529 κοινωνεῖν
1294 2474 1445 2546 ἡμῖν.
1499 2468 1633 2526 Εἶτα
1683 2470 1780 2543 (6),

203 2572 593 2646 θαυμαζόντων
636 2570 792 2642 ἡμῶν
836 2570 929 2623 καὶ
972 2567 1369 2639 διαπορούντων
1415 2565 1508 2618 ἐπὶ
1550 2564 1780 2627 τούτοις,

208 2666 314 2719 ἰδοὺ
348 2663 513 2718 πάλιν
546 2662 709 2734 ἐτέρα
740 2680 823 2726 τις
856 2659 1153 2714 κατέλαϐεν
1197 2656 1335 2729 ἀκοὴ
1364 2658 1493 2729 περὶ
1520 2657 1628 2709 τῶν
1662 2656 1781 2708 κατ’

204 2758 481 2826 Αιγυπτον
517 2754 739 2816 καὶτὰς
768 2752 972 2816 Λιϐύας
1010 2752 1107 2821 (7)⁶
1147 2752 1228 2804 ὅτι
1270 2752 1319 2803 οἱ
1354 2751 1451 2821 μέν
1496 2750 1783 2803 ἐπίσκοποι

206 2851 371 2919 ἐγγὺς
405 2848 728 2921 ἐνενήκοντα
757 2843 1112 2913 ἐδιώχθησαν,
1152 2842 1210 2894 αἱ
1244 2841 1303 2894 δὲ
1330 2840 1647 2910 Ἐκκλησίαι
1675 2841 1787 2901 τοῖς

207 2941 528 3014 ὁμολογοῦσι
567 2940 637 2992 τὰ
679 2938 888 3009 Ἀρείου
925 2934 1332 3005 παρεδόθησαν·
1364 2933 1457 2986 καὶ
1493 2930 1791 3003 ἐξωρίσθη-

209 3055 305 3091 σαν
336 3037 435 3107 μὲν
463 3034 596 3088 δέκα
622 3031 717 3086 καὶ
743 3031 821 3096 ἒξ,
850 3029 960 3084 τῶν
992 3029 1048 3082 δέ
1080 3027 1253 3081 ἄλλων
1285 3027 1332 3078 oi
1363 3026 1459 3095 μὲν
1492 3023 1789 3093 ἐφυγαδεύ-

209 3131 405 3201 θησαν,
454 3128 506 3180 οἱ
556 3126 613 3178 δέ
652 3123 1078 3195 ἠναγκάσθησαν
1118 3117 1539 3191 ὑποκρίνασθαι.
1589 3117 1792 3170 Τοσοῦ-

1863 649 1984 691 esse
2015 651 2121 691 non
2161 637 2509 693 arbitrabar:
2549 637 2642 692 sed
2702 651 2822 691 cum
2867 636 2970 690 hac
3013 632 3266 703 Apologia
3301 643 3420 685 mea

1858 728 1923 783 ad
1950 736 2096 785 tuam
2121 730 2374 798 pietatem
2398 728 2777 800 preperabam,
2803 736 2947 781 tuam
2973 720 3424 793 compertamha-

1856 820 1992 877 bens
2024 821 2384 887 clementiam,
2418 835 2733 890 memorque
2761 828 2973 874 tuarum
2999 815 3316 872 certissima;
3360 811 3425 867 fi-

1859 914 1947 969 dei
1976 915 2412 983 promissionum,
2449 913 2733 969 conlidens
2768 911 2898 966 item
2937 909 3061 964 huic
3113 907 3419 962 divinorum

1857 1002 2269 1061 Proverbiorum
2320 1006 2604 1062 sententia:
2651 1023 2665 1058 :
2711 1002 2869 1072 Apud
2932 1001 3207 1070 benignum
3262 1013 3432 1068 regem

1862 1096 2060 1160 accepti
2112 1106 2230 1151 sunt
2269 1097 2403 1167 justi
2470 1110 2731 1151 sermones
2770 1092 2839 1148 ".
2888 1089 3011 1146 1am
3042 1103 3129 1143 me
3186 1088 3292 1142 iter
3338 1087 3424 1140 in—

1863 1189 2139 1255 stituente,
2188 1190 2485 1260 relictaque
2543 1204 2749 1255 eremo,
2809 1186 2953 1242 fama
2984 1183 3233 1254 quaedam
3263 1180 3421 1236 dere-

1862 1290 2024 1354 pente
2053 1281 2404 1352 percrebuit:
2446 1297 2564 1351 quae
2592 1281 2747 1336 initio
2795 1280 3011 1349 quidem
3044 1290 3211 1346 supra
3261 1273 3425 1329 ﬁdem

1867 1377 2004 1442 visa,
2035 1386 2157 1448 post
2180 1391 2309 1432 vera
2333 1376 2665 1445 deprehensa
2693 1381 2796 1429 est.
2821 1374 3027 1427 Rumor
3048 1369 3288 1439 undique
3312 1380 3435 1437 per-

1868 1469 2187 1540 vagabatur,
2243 1467 2521 1525 Liberium
2562 1466 2869 1521 Romanum
2921 1462 3259 1532 episcopum,
3320 1470 3438 1510 ma-

1871 1575 2143 1631 gnumque
2182 1560 2333 1615 illum
2387 1558 2615 1615 Hosium
2670 1558 2724 1613 in
2759 1554 3035 1627 Hispaniis
3075 1552 3390 1623 episcopum
3421 1588 3437 1611 ,

1871 1653 2153 1709 Paulinum
2182 1652 2503 1718 Galliarum,
2539 1648 2856 1720 Dionysium
2906 1657 3121 1716 quoque
3163 1649 3218 1697 et
3270 1638 3443 1694 Euse-

1872 1743 2046 1809 bium,
2078 1744 2267 1801 ltaliaa.
2288 1741 2598 1797 Luciferum
2626 1737 2914 1803 Sardiniae,
2944 1742 3000 1791 et
3019 1732 3154 1787 alios
3183 1728 3443 1800 quosdam

1874 1835 2184 1906 episcopos,
2204 1833 2555 1903 presbyteros
2585 1839 2640 1885 et
2668 1829 2946 1891 diaconos,
2977 1824 3120 1895 quod
3154 1821 3445 1877 adversum

1880 1942 1980 1983 nos
2028 1925 2371 1982 subscribere
2418 1922 2750 1987 renuissent,
2794 1920 2848 1974 in
2907 1916 3157 1972 exsilium
3225 1913 3443 1969 missos.

1876 2018 2220 2074 Vincentium
2245 2030 2378 2071 vero
2405 2013 2745 2084 Capuanum,
2795 2007 3245 2065 Fortunatianum
3275 2002 3446 2073 Aqui-

1876 2109 2159 2171 leiensem,
2191 2104 2500 2161 Heremium
2537 2098 3099 2157 Thessalonicensem,
3149 2104 3447 2159 omnesque

1878 2198 2253 2259 Occidentales
2281 2195 2585 2264 episcopos,
2607 2192 2658 2245 vi
2691 2206 2798 2247 non
2820 2188 3065 2252 minima,
3084 2185 3193 2239 imo
3213 2181 3449 2236 maxima

1877 2290 2158 2353 violentia,
2192 2286 2554 2359 gravibusque
2592 2281 2804 2349 injuriis
2860 2277 3082 2332 affectos
3110 2288 3251 2337 esse,
3279 2271 3451 2325 donec

1878 2382 2265 2454 pollicerentur
2319 2392 2378 2432 se
2432 2376 2487 2429 in
2523 2381 2797 2442 posterum
2829 2367 3108 2421 nobiscum
3144 2377 3253 2418 non
3305 2374 3454 2415 com-

1882 2474 2273 2530 municaturos.
2298 2468 2436 2523 Hinc
2462 2465 2617 2521 nobis
2632 2460 2992 2532 stupentibus,
3018 2472 3080 2511 ac
3103 2469 3168 2511 ea
3197 2455 3263 2509 de
3288 2464 3455 2519 causa

1880 2564 2281 2625 haesitantibus,
2309 2560 2478 2614 altera
2507 2570 2636 2611 ecce
2676 2552 2817 2607 fama
2854 2549 3175 2625 perlabitur.
3221 2559 3317 2601 eos
3349 2541 3457 2597 sci-

1882 2659 2012 2713 licet
2032 2656 2122 2726 qui
2146 2656 2201 2709 in
2218 2654 2452 2725 Aigypto
2481 2660 2534 2705 et
2556 2648 2726 2718 Libya
2753 2651 2955 2709 essent,
2978 2642 3265 2710 episcopos
3287 2650 3455 2706 prope

1888 2748 2187 2817 nonaginta
2212 2742 2645 2813 persecutionem
2676 2753 2898 2808 passos:
2927 2732 3198 2789 Ecclesias
3230 2728 3340 2783 Arii
3368 2741 3459 2782 se-

1886 2840 2149 2910 quacibus
2186 2836 2410 2890 traditas
2445 2851 2459 2886 :
2507 2834 2559 2888 in
2587 2832 2838 2886 exsilium
2867 2827 3052 2898 pulsos
3080 2822 3313 2879 sedecim
3348 2819 3463 2891 epi-

1889 2947 2081 3002 scopos
2113 2949 2126 2985 :
2164 2929 2298 2982 alios
2326 2926 2409 2981 vel
2450 2934 2643 2994 sponte
2677 2922 2974 2992 aufugisse,
2999 2918 3085 2973 vel
3115 2916 3180 2970 ad
3207 2910 3463 2968 simulan-

1892 3025 2015 3078 dmn
2049 3023 2267 3076 adactos
2292 3034 2432 3074 esse.
2448 3018 2677 3072 Tantam
2709 3015 2852 3069 enim
2881 3011 2993 3066 illic
3026 3003 3463 3079 persecutionem

1894 3118 2064 3172 fuisse
2100 3114 2419 3173 narrabant,
2451 3121 2511 3164 ut
2532 3110 2658 3163 dum
2690 3102 3040 3162 Alexandrini
3066 3099 3263 3154 fratres
3292 3095 3345 3149 in
3375 3093 3468 3147 Pa-

208 3189 298 3283 τος
330 3189 441 3290 γαρ
475 3189 694 3284 ἐλέγετο
728 3189 974 3285 διωγμὸς
998 3215 1132 3275 ἐκεῖ,
1172 3189 1278 3275 ὡς,
1309 3212 1366 3263 ἐν
1422 3207 1787 3281 Ἀλεξανδρείᾳ

1896 3209 2063 3265 schali
2123 3205 2468 3262 solemnitate
2505 3212 2559 3257 et
2600 3198 2898 3254 Dominicis
2970 3194 3027 3248 in
3078 3193 3196 3247 loco
3246 3189 3468 3245 deserto

208 3307 523 3379 εὐχομένων
549 3306 661 3359 τῶν
695 3305 937 3373 ἀδελφῶν
970 3307 1027 3358 ἐν
1059 3303 1135 3375 τῷ
1163 3303 1355 3373 Πάσχα
1395 3302 1489 3354 καὶ
1526 3304 1646 3365 ταῖς
1681 3305 1793 3355 Κυ-

214 3402 434 3472 ριακαῖς
463 3399 521 3451 ἐν
550 3398 742 3468 ἐρήμῳ
766 3396 913 3467 τόπῳ
942 3396 1167 3466 πλησίον
1191 3394 1283 3448 τοῦ
1308 3395 1662 3465 κοιμητηρίου
1694 3394 1792 3464 (8),

212 3492 306 3544 τὸν
339 3488 717 3561 στρατηλάτην
756 3488 891 3559 μετὰ
935 3488 1173 3560 πλήθους
1219 3487 1568 3557 στρατιωτῶν
1616 3487 1796 3541 πλεῖον

212 3581 567 3653 τρισχιλίων,
598 3581 739 3634 ὅπλα
771 3582 863 3633 καὶ
906 3579 1034 3650 ξίφη
1072 3579 1256 3649 γυμνὰ
1294 3579 1388 3633 καὶ
1436 3578 1564 3650 βέλη
1606 3581 1799 3651 φερόν-

212 3690 346 3737 των,
395 3671 643 3725 ἐπελθεῖν
697 3672 839 3725 κατὰ
890 3672 999 3727 τῶν
1049 3670 1411 3742 Χριστιανῶν,
1468 3671 1562 3723 καὶ
1613 3670 1799 3726 λοιπὸν

212 3764 445 3819 τοιαῦτα
491 3762 780 3832 γενέσθαι,
812 3757 899 3815 οἷα
933 3762 1000 3816 ἂν
1041 3761 1253 3831 γένοιτο
1290 3763 1355 3815 ἐκ
1392 3761 1646 3831 τοιαύτης
1684 3762 1803 3815 ἐπι-

213 3855 451 3927 δρομῆς,
494 3854 638 3907 κατὰ
672 3852 949 3921 γυναικῶν
1008 3852 1105 3905 καὶ
1156 3850 1391 3916 παίδων,
1440 3852 1591 3906 οὐδὲν
1641 3849 1800 3903 πλέον

216 3948 525 4001 ποιούντων
555 3946 589 4017 ἦ
622 3946 929 4016 εὐχομένων
959 3943 1035 4015 τῷ
1065 3945 1203 4015 Θεῷ.
1233 3946 1547 4016 Διηγεῖσθαι
1574 3946 1632 3999 δὲ
1665 3943 1803 3998 αὐτά

215 4038 320 4095 νῦν
373 4038 506 4102 ἴσως
557 4037 824 4109 ἀπρεπὲς,
863 4037 937 4107 μὴ
986 4037 1092 4107 ἄρα
1146 4038 1240 4090 καὶ
1292 4031 1453 4109 μόνον
1500 4038 1707 4090 τούτων
1769 4037 1801 4104 ἠ

220 4134 416 4203 μνήμη
448 4130 661 4202 δάκρυα
688 4131 821 4183 πᾶσι
850 4130 1067 4200 κινήσῃ.
1100 4130 1207 4182 Καὶ
1244 4130 1353 4201 γὰρ
1392 4129 1629 4198 τοσαύτη
1662 4123 1728 4197 ἦν
1770 4130 1804 4198 ἡ

216 4224 467 4295 ὠμότης,
498 4224 574 4286 ὼς
606 4221 907 4293 παρθένους
944 4221 1043 4291 μὲν
1070 4220 1428 4291 γυμνοῦσθαι,
1458 4221 1566 4273 τῶν
1589 4220 1647 4273 δέ
1675 4220 1807 4271 ἀπο-

219 4316 496 4371 θανόντων
525 4315 590 4367 ἐκ
624 4313 732 4368 τῶν
767 4313 985 4384 πληγῶν
1021 4313 1155 4383 μηδὲ
1192 4312 1262 4365 τὰ
1297 4313 1522 4384 σώματα
1555 4311 1807 4382 παραυτὰ

217 4409 449 4481 δοθῆναι
481 4408 559 4470 είς
604 4407 804 4478 ταφὴν,
832 4406 945 4458 ἀλλ’
973 4405 1077 4471 ἔξω
1112 4406 1419 4476 ῥιπτεῖσθαι
1461 4405 1535 4476 (9)
1566 4406 1679 4467 τοῖς
1715 4419 1810 4456 κυ-

219 4499 335 4560 σὶν,
371 4496 480 4560 ἕως
516 4494 654 4566 μετὰ
687 4494 887 4565 πολλῆς
928 4494 1130 4565 ζημίας
1169 4495 1570 4567 κεκρυμμένως
1598 4493 1809 4563 κλέψω-

1896 3314 2063 3371 prope
2096 3295 2467 3355 cmmeterium
2512 3289 2743 3347 orationi
2774 3286 3173 3344 incumberent,
3208 3279 3313 3335 dux
3345 3291 3467 3333 cum

1897 3404 2085 3461 magna
2118 3403 2276 3441 manu
2309 3386 2427 3455 plus
2452 3397 2613 3453 quam
2640 3380 2800 3433 trium
2828 3376 3056 3431 millium
3088 3372 3343 3434 militum,
3380 3381 3470 3420 ar-

1900 3457 2010 3548 ma,
2036 3480 2308 3535 districtos
2348 3478 2577 3547 gladios,
2620 3474 2829 3541 telaque
2870 3467 3182 3528 ferentium,
3236 3462 3288 3516 in
3322 3457 3474 3515 Chri-

1900 3578 2109 3633 stianos
2142 3571 2398 3641 irruperit
2431 3584 2535 3622 :ac
2566 3575 2751 3637 postea
2783 3558 3040 3616 taliaillic
3068 3559 3376 3626 perpetrata
3400 3548 3475 3602 fa-

1900 3669 2086 3723 cinora
2128 3665 2319 3726 fuisse,
2343 3660 2522 3729 qualia
2557 3658 2733 3713 solent
2762 3654 2813 3706 in
2841 3647 3100 3716 ejusmodi
3151 3641 3429 3698 invasione
3455 3653 3470 3690 :

1902 3772 2072 3828 eaque
2094 3766 2279 3812 contra
2333 3753 2587 3806 mulieres
2615 3756 2669 3803 et
2711 3741 2965 3815 parvulos
3006 3745 3155 3808 gesta
3176 3776 3191 3802 ,
3221 3732 3309 3802 qui
3342 3726 3477 3784 nihil

1905 3850 2046 3904 aliud
2079 3846 2204 3901 mali
2236 3844 2603 3907 admisissent,
2638 3852 2798 3909 quam
2828 3835 2969 3905 quod
2991 3833 3157 3886 Deum
3181 3834 3475 3909 precaren-

1906 3950 2013 3997 tur.
2056 3938 2184 3994 Haec
2223 3951 2363 3991 nunc
2392 3946 2652 3990 enarrare
2687 3930 2827 3984 forte
2864 3942 2971 3981 non
3020 3922 3224 3981 decet;
3258 3928 3325 3968 ne
3361 3908 3476 3965 sola

1906 4035 2099 4089 horum
2132 4028 2395 4084 memoria
2428 4024 2683 4082 omnibus
2720 4020 2990 4089 lacrymas
3031 4014 3271 4066 moveat.
3303 4000 3481 4057 Tanta

1906 4123 2103 4192 quippe
2131 4118 2296 4189 248
2329 4116 2419 4169 illa
2462 4113 2561 4167 fuit
2600 4108 2927 4172 immanitas,
2971 4110 3033 4157 ut
3067 4096 3304 4167 virgines
3335 4093 3482 4192 ipsa:

1910 4218 2275 4274 nudarentur,
2319 4221 2545 4274 corpora
2593 4213 2773 4256 autem
2825 4212 3010 4253 eorum
3057 4192 3150 4260 qui
3210 4188 3261 4240 vi
3301 4183 3483 4253 plaga-

1910 4322 2028 4362 rum
2053 4302 2305 4359 exstincti
2357 4298 2594 4361 fuerant,
2653 4309 2757 4347 non
2810 4290 2991 4347 Statim
3024 4286 3090 4339 ad
3143 4277 3478 4348 sepulturam

1909 4400 2281 4455 traderentur,
2314 4391 2410 4445 sed
2440 4389 2575 4442 foris
2610 4384 2836 4439 canibus
2863 4379 3279 4449 projicerentur,
3309 4368 3483 4421 donec

1912 4506 2035 4545 cum
2064 4485 2271 4557 ingenti
2298 4478 2537 4553 periculo
2573 4475 2785 4543 cognati
2825 4484 3046 4527 suorum
3083 4476 3312 4531 corpora
3340 4457 3481 4511 clam

219 4607 314 4644 σιν
341 4590 392 4642 oi
422 4591 610 4642 οἰκεῖοι
644 4587 712 4640 τὰ
752 4587 859 4643 τῶν
904 4588 1049 4640 ἰδίων
1090 4586 1338 4657 σώματα,
1374 4590 1467 4642 καὶ
1510 4588 1675 4651 πολὺς
1712 4587 1787 4641 κάη

1916 4555 2314 4640 subducerent:
2343 4574 2436 4643 qui
2466 4570 2607 4627 haud
2632 4569 2753 4623 sine
2780 4577 2973 4634 magno
2996 4559 3182 4615 labore
3207 4555 3486 4613 curarunt,

221 4698 401 4753 ματος
441 4680 665 4750 γένηται
704 4680 795 4732 τοῦ
833 4680 1033 4751 μηδένα
1075 4679 1277 4749 γνῶναι
1319 4681 1446 4752 περὶ
1487 4680 1711 4733 τούτων.

298 4773 389 4827 ‘28.
430 4773 591 4828 Τὰ.δὲ
617 4772 751 4826 ἄλλα
778 4773 848 4826 τὰ
891 4773 1156 4844 γενόμενα
1189 4771 1318 4836 ἴσως
1356 4774 1455 4844 μὲν
1494 4773 1698 4826 ἄπιστα
1728 4789 1811 4824 νο-
1862 4768 1867 4771 “

222 4865 580 4937 μισθήσεται,
613 4865 705 4918 καὶ
740 4865 946 4927 πάντας
978 4863 1238 4935 ἐκπλήξει
1263 4864 1352 4917 διὰ
1384 4864 1481 4935 τὴν
1507 4864 1811 4935 ὑπερϐολὴν

216 4957 324 5012 τοῦ
361 4957 585 5029 μύσους.
649 4958 965 5027 Ἀναγκαῖον
1010 4957 1067 5009 δὲ
1106 4957 1255 5026 ὅμως
1302 4959 1502 5019 εἰπεῖν,
1538 4958 1625 5009 ἵνα
1664 4958 1697 5026 ἡ
1745 4956 1810 5027 σὴ

219 5048 579 5119 φιλόχριστος
609 5046 821 5117 σπουδῆ
841 5047 935 5100 καὶ
968 5045 1249 5099 θεοσέϐεια
1291 5045 1459 5115 μάθῃ,
1493 5043 1567 5107 ὡς
1596 5044 1651 5096 αἱ
1688 5042 1809 5096 καθ’

216 5140 391 5212 ἡμῶν
418 5139 664 5194 διαϐολαὶ
703 5140 796 5193 καὶ
829 5138 1180 5206 συκοφαντίαι
1219 5136 1285 5189 δι’
1327 5136 1477 5189 οὐδὲν
1508 5134 1694 5204 ἕτερον
1724 5150 1814 5202 γεο

221 5233 515 5304 γόνασινῆ
559 5233 647 5286 ἵνα
678 5233 826 5302 ἡμᾶς
868 5232 964 5303 μὲν
992 5230 1260 5285 ἐκϐάλωσι
1302 5228 1410 5282 τῶν
1454 5226 1811 5296 Ἐκκλησιῶν,

224 5327 334 5399 τὴν
358 5327 416 5381 δὲ
464 5326 598 5381 ἰδίαν
627 5324 878 5379 ἀσέϐειαν
916 5325 1340 5394 ἀντεισενεγκεῖν
1373 5321 1659 5393 δυνηθῶσι.
1694 5318 1815 5376 Τῶν

292 5448 340 5481 ’⁸
362 5448 529 5505 Prov.
557 5462 675 5515 xv1,
701 5445 790 5503 15.

295 5563 385 5632 ,(4)
419 5562 498 5617 Ita
539 5561 673 5630 Reg.
700 5560 755 5615 in
775 5557 939 5632 editis
969 5570 1101 5632 vero
1126 5556 1385 5632 ἐνόεεει.

412 5634 581 5704 Reg.,
621 5623 728 5703 ῖτῆς
772 5627 1081 5700 Ἀκυληίας.
1130 5628 1272 5684 Editi
1325 5640 1473 5694 vero,
1508 5623 1618 5685 τῶν
1654 5624 1815 5677 Ἀκυ-

328 5723 411 5761 ας.

226 5721 477 5857 Tigrin
506 5772 670 5854 editis
694 5781 814 5842 post
852 5764 991 5857 iii—ca
1015 5769 1208 5841 legitur
1239 5769 1329 5823 καί
1360 5810 1373 5839 ,
1408 5769 1501 5828 sed
1530 5782 1651 5827 cum
1680 5763 1819 5823 desit

226 5842 295 5924 it)
327 5842 461 5917 Reg.
493 5842 755 5902 omissum
788 5852 887 5898 est.

1917 4687 1987 4727 ne
2012 4668 2248 4737 cuipiam
2284 4674 2407 4719 nota
2433 4676 2520 4716 res
2541 4669 2702 4714 esset.

1991 4731 2355 4824 98.-Reiiqua
2396 4764 2573 4806 autem
2622 4744 2820 4814 ﬂagitia
2857 4738 3115 4812 ejusmodi
3162 4743 3284 4791 sunt
3314 4742 3373 4785 ut
3401 4731 3486 4783 in-

1917 4851 2198 4910 credibilia
2246 4849 2384 4903 forte
2424 4844 2730 4903 videantur,
2768 4836 3128 4901 omnibusque
3174 4827 3242 4883 ob
3283 4824 3490 4879 facino-

1918 4960 2036 5001 rum
2072 4940 2410 4997 atrocitatem
2440 4946 2710 5002 stuporem
2748 4929 2993 4983 alferant.
3046 4921 3275 4977 Necesse
3311 4926 3489 4971 tamen

1920 5049 2002 5095 est
2029 5052 2092 5093 ea
2123 5046 2405 5095 enarrare,
2437 5039 2497 5083 ut
2534 5036 2625 5080 tua
2657 5022 2875 5079 Christo
2915 5018 3124 5074 addicta
3179 5026 3306 5068 cura
3362 5006 3490 5061 reli~

1921 5132 2118 5203 gioque
2174 5128 2389 5187 discat,
2441 5118 2852 5177 criminationes
2916 5109 3350 5203 calumniasque.
3382 5111 3490 5151 non

1924 5190 2046 5279 21a;
2064 5228 2335 5291 spectare,
2364 5230 2525 5286 quam
2556 5222 2613 5267 ut
2641 5225 2737 5267 nos
2778 5224 2844 5263 ex
2888 5201 3146 5260 Ecclesiis
3179 5190 3489 5291 deturbem,

1923 5274 2187 5383 suamque
2244 5274 2578 5378 impietatem
2646 5297 2987 5355 introducere
3048 5287 3281 5342 valeant.
3345 5274 3484 5331 Nam

1998 5542 2242 5616 (7)_H:ec
2276 5532 2803 5616 enarranturetiam'
2840 5528 2892 5581 in
2927 5514 3488 5616 sequenti-Apologia.

1923 5594 2273 5682 sedeciu—nque
2288 5594 2371 5662 illi
2397 5603 2628 5682 episcopi
2658 5598 2888 5682 exsules,
2919 5594 3282 5653 nominantur.
3492 5594 3497 5605 ‘

1960 5669 2077 5753 "'(8)
2104 5669 2344 5753 Πλτησίον
2366 5669 2460 5729 τοῦ
2488 5669 2863 5753 κοιμητηρίου.

2024 5685 2055 5738 8
2104 5684 2337 5753 Πλησίον
2366 5684 2460 5729 τοῦ
2488 5692 2595 5744 κοιι

2000 5684 2078 5826 ὶο)
2102 5753 2260 5823 Reg.,
2294 5744 2595 5832 ῥίπτεσθαι.
