3954 6510
172 403 270 459 653

1193 400 1541 458 APOLOGIA
1574 400 1666 457 AD
1703 401 2206 459 CONSTANTIUM
2244 402 2384 459 IMP.

3329 407 3434 462 654

173 515 386 583 ξεσθαιο
421 514 669 587 πρώτους
698 515 795 586 μὲν
826 514 1019 586 σοφίας
1046 514 1317 587 ἐξηγητάς
1350 516 1745 583 καταστάντας,

1853 528 2086 574 vestram
2116 518 2365 588 amplecti
2396 534 2412 572 :
2452 518 2596 588 quod
2628 516 2785 589 primi
2819 520 3100 591 sapientia:
3141 523 3434 592 magistros

174 610 417 680 πρώτους
434 608 493 661 δὲ
508 608 638 662 Θεὸν
653 608 742 662 τὸν
759 607 892 679 (IQ‘)
908 608 1183 672 συνιέντας
1200 608 1337 679 (15),
1353 610 1401 662 οἳ
1427 609 1521 661 καὶ
1534 609 1645 662 τῶν
1665 608 1754 675 ἐξ-

175 700 389 773 ηγητῶν
415 701 543 764 τοὺς
561 699 760 772 ἄκρους
779 698 1005 765 εἵλεσθε,
1032 699 1124 753 xui
1141 701 1238 770 τὴν
1266 700 1541 772 ἡμετέραν
1570 700 1751 771 ψῆφον

175 793 385 855 ἑκόντες
429 790 751 864 ἐστέρξατε,
781 790 871 844 τὸν
924 791 1044 862 μὲν,
1065 790 1356 843 ἀπατεῶνα
1403 791 1499 844 xui
1538 790 1752 860 φένακα

173 880 391 943 δικαίως
419 878 857 951 ἁποστραφέντες
878 918 892 944 ,
922 880 1122 944 τοῖςδέ
1160 873 1398 950 σεμνοῖς
1421 881 1517 934 xui
1548 881 1751 945 παντὸς

175 974 425 1028 ἐπέκεινα
458 972 735 1044 θαύματος
761 970 989 1036 δεόντως
1026 970 1404 1042 προσθέμενοι.
1438 972 1629 1026 Καίτοι
1667 973 1751 1036 τίς

174 1068 349 1135 ἀγνοεῖ
379 1065 477 1118 xui
512 1065 622 1118 τῶν
647 1064 746 1127 τὰς
776 1063 1033 1135 ἐσχατιὰς
1057 1063 1349 1117 οἰκούντων
1385 1064 1487 1135 τὴν
1512 1064 1603 1119 ἐπὶ
1634 1067 1748 1129 τοῖς

173 1156 460 1229 πραχθεῖσι
492 1155 836 1226 φιλατιμίαν;
871 1151 952 1219 οἷς
985 1155 1085 1208 οὐκ
1126 1154 1281 1224 ἴσμεν
1320 1155 1414 1208 xui
1442 1155 1494 1208 τί
1528 1155 1609 1208 δεῖ
1646 1173 1751 1209 πα-

174 1241 621 1321 ραὸάλλεσθαιῶν
646 1246 1018 1318 συμϐέϐηκεν.
1055 1247 1425 1317 Ἑτύφλωττον
1451 1249 1549 1320 μὲν
1572 1250 1680 1321 γὰρ
1700 1253 1747 1304 ei

174 1342 409 1394 πλεῖστοι
458 1339 569 1393 τῶν
615 1337 756 1392 κατά
799 1338 898 1409 τὴν
943 1338 1127 1391 πόλιν’
1164 1339 1458 1409 ἐπεκράτει
1508 1340 1566 1394 δὲ
1608 1342 1748 1414 ἀνὴρ

176 1433 457 1504 βαράθρων
488 1432 597 1484 ἀπὸ
624 1430 867 1501 ἐσχάτων
890 1429 1229 1501 ὁρμώμενος,
1261 1430 1450 1502 ὥσπερ
1487 1432 1545 1485 ἐν
1572 1434 1749 1504 σκότῳ

173 1528 291 1589 τοὺς
322 1525 424 1595 τῆς
469 1524 581 1593 (14)
630 1522 885 1594 ἀληθείας
917 1522 1237 1593 ἐφιεμένους
1270 1524 1406 1594 πρὸς
1457 1525 1516 1577 τὸ
1557 1526 1749 1595 ψεῦδος

173 1616 411 1681 ἀπατῶν,
447 1615 607 1685 λόγον
648 1615 749 1686 μὲν
790 1614 1067 1686 ἔγκαρπον
1099 1616 1354 1669 οὐδέποτε
1400 1620 1750 1690 παρασχόμε-

172 1728 273 1775 νος,
304 1708 599 1781 τερθρεξας
630 1708 685 1760 δέ
715 1707 809 1760 καὶ
842 1706 1121 1776 τηνάλλως
1148 1707 1247 1769 τὰς
1276 1708 1453 1778 ψυχὰς
1496 1708 1606 1779 (15)
1657 1710 1750 1763 λυ-

173 1802 529 1875 μαινόμενοςο
584 1802 633 1854 οἱ
685 1801 782 1872 μὲν
828 1800 1057 1862 κόλακες
1091 1800 1258 1853 ἐϐόων
1308 1802 1402 1853 xui
1454 1802 1744 1873 ἐκρότουν,

172 1895 579 1965 ἐξεπλήττοντο,
614 1891 709 1955 οὒς
741 1891 820 1943 ἐτι
853 1889 1076 1962 γρύζειν
1116 1891 1263 1955 εἰκὸς
1297 1891 1402 1944 ὑπὸ
1443 1893 1628 1948 ὀδόντα
1653 1911 1666 1924 ·
1696 1896 1745 1947 οἱ

1854 1910 2043 1969 mare,
2081 1877 2407 1973 applaudere
2426 1944 2441 1967 ,
2496 1905 2842 1975 obstupefieri

170 1988 222 2041 δὲ
252 1987 495 2042 πλεῖστοι
535 1984 645 2040 τῶν
687 1983 1088 2056 ἀφελεστέρων,
1125 1983 1261 2055 πρὸς
1290 1984 1351 2037 τὸ
1379 1984 1584 2041 τούτων
1613 1986 1750 2052 ἔζων

173 2080 445 2153 σύνθημαο
479 2079 549 2133 τά
580 2078 638 2131 δέ
661 2077 962 2148 πράγματα
988 2076 1130 2129 κατὰ
1156 2075 1281 2147 ῥοῦν
1308 2077 1531 2149 ἐφέρετο
1562 2078 1750 2151 ὥσπερ

170 2175 232 2228 ἐν
285 2172 695 2243 κατακλυσμῷ,
756 2171 974 2225 πάντων
1038 2169 1207 2241 ἄρδην
1276 2169 1745 2242 όλιγωρουμένων.

180 2268 388 2337 Ἡγεῖτο
429 2268 487 2320 δέ
516 2268 657 2339 ἀνὴρ
700 2264 795 2317 τοῦ
831 2262 1065 2334 πλήθους
1095 2262 1247 2332 (πῶς
1291 2262 1355 2315 ἂν
1391 2261 1748 2333 ἀληθέστερον

170 2359 295 2412 αὐτὸ
322 2360 536 2429 εἴποιμι
561 2374 575 2424 ;
600 2358 618 2428 )
646 2356 797 2410 οὐδὲν
825 2354 933 2408 τῶν
962 2354 1242 2425 βαναύσων
1273 2353 1563 2425 διαφέρων,
1592 2353 1750 2405 τοῦτο

171 2451 326 2523 μόνον
356 2455 425 2523 τῇ
457 2451 613 2504 πόλει
645 2448 1038 2520 συναράμενος,
1071 2446 1131 2498 τὸ
1168 2444 1242 2516 μὴ
1282 2443 1423 2498 κατὰ
1458 2443 1748 2515 βαράθρων

164 2562 301 2598 ωσαι
334 2544 462 2607 τοὺς
494 2544 553 2596 ἐν
605 2542 765 2613 αὐτῇ.
823 2538 960 2593 Ἀλλ’
1010 2540 1038 2591 ὁ
1087 2541 1331 2628 γεγναῖος
1364 2526 1471 2590 καῖ
1499 2536 1748 2607 λαμπρὸς

166 2637 282 2690 οὐδὲ
330 2636 517 2707 κρίσιν
562 2633 743 2704 ἔμεινε
783 2632 903 2686 κατ’
952 2627 1360 2699 αὐτοῦ,⁷φυγὴν
1402 2627 1511 2698 (l6)
1542 2630 1598 2679 ἐν
1623 2627 1748 2701 δίκῃ

166 2728 488 2798 καταγνούςο
518 2727 593 2791 ὼς
623 2726 739 2779 ἔστι
771 2742 833 2794 γε
864 2725 957 2777 xui
983 2722 1124 2795 ὑπὲρ
1156 2722 1265 2775 τῶν
1298 2722 1588 2793 βαρϐάρων
1646 2721 1747 2789 ὑφ-

165 2821 402 2883 ελέσθαι,
429 2822 504 2892 μή
517 2836 668 2881 τινας
689 2817 867 2870 αὐτῶν
884 2815 1162 2868 δυσσεϐεἰν
1184 2813 1473 2881 ἀναπείσῃ,
1497 2809 1748 2880 καθάπερ

165 2917 223 2968 ἐν
250 2914 489 2987 δράματι
537 2914 677 2983 πρὸς
717 2912 843 2973 τοὺς
887 2907 1137 2979 πρώτους
1180 2904 1602 2974 ἐντυγχάνοντας
1635 2902 1746 2972 (17)

163 3004 581 3077 ὀλοφυρόμενος.
618 3002 805 3072 Τούτῳ
843 3000 942 3072 μὲν
976 2995 1067 3053 οὖν
1101 2997 1321 3071 μακράν
1351 2996 1562 3068 χαίρειν
1590 2996 1745 3068 εἰρή-

165 3114 350 3150 σεται·
386 3098 533 3167 ὑμᾶς
564 3095 623 3148 δέ
667 3112 733 3166 με
766 3093 869 3165 χρὴ
902 3092 1017 3164 μετ’
1050 3091 1245 3159 ὀλίγων
1274 3090 1506 3154 τάττειν,
1546 3087 1746 3159 μᾶλλον

1852 610 2247 666 constitueritis
2275 625 2290 662 :
2326 611 2484 681 primi
2520 610 2687 665 Deum
2715 613 2807 681 qui
2831 622 2913 668 est
2933 615 3259 683 agnoveritis
3292 631 3308 670 ι
3338 616 3434 685 qui

1851 703 2140 770 magistros
2178 703 2333 773 longe
2368 703 2840 775 praestantissimos
2863 704 3127 775 elegistis,
3152 707 3431 762 decretum

1853 804 2094 851 nostrum
2134 794 2363 851 libenter
2400 798 2719 865 excepistis;
2759 806 2814 851 et
2861 799 2928 853 ab
2980 799 3270 870 deeeptore
3311 802 3435 870 qui-

1850 886 1971 941 dem
2008 887 2101 942 illo
2128 888 2499 956 etimpostore
2519 887 2643 956 jure
2668 892 2867 955 aversi,
2898 890 2965 946 iis
3004 893 3093 960 qui
3138 909 3301 962 supra
3331 895 3434 949 mi-

1852 978 2093 1032 raculum
2123 979 2462 1034 venerabiles
2497 990 2551 1035 et
2589 981 2766 1035 ornati
2796 992 2970 1047 erant,
3010 993 3068 1037 ut
3106 985 3305 1051 decuit,
3340 990 3436 1040 ad-

1850 1069 2121 1124 haesistis.
2175 1070 2306 1137 Quis
2340 1073 2482 1125 enim
2518 1073 2601 1127 vel
2631 1075 2858 1129 extremi
2889 1077 3036 1131 orbis
3083 1078 3257 1134 incola
3304 1095 3439 1134 con-

1854 1163 2144 1218 tentiosam
2194 1165 2246 1217 in
2284 1165 2443 1221 rebus
2470 1182 2640 1236 nuper
2666 1170 2833 1239 gestis
2861 1170 3191 1226 simultatem
3218 1173 3435 1242 ignora.

1850 1257 2061 1311 verit?
2104 1257 2301 1326 quibus
2358 1259 2545 1313 nescio
2592 1261 2719 1329 quid
2778 1276 2845 1315 ex
2900 1263 2966 1318 iis
3021 1280 3141 1333 quas
3195 1280 3434 1335 unquam

1851 1349 2179 1419 ccutigerint
2228 1353 2535 1420 comparari
2568 1353 2759 1422 possit.
2791 1354 3064 1425 Siquidem
3116 1357 3358 1428 plerique
3381 1360 3434 1413 in

1851 1442 1987 1495 urbe
2021 1443 2427 1497 excutiebant:
2463 1444 2786 1512 praevalebat
2828 1446 2911 1499 vir
2935 1461 3000 1501 ex
3042 1448 3242 1504 inlimis
3284 1450 3439 1503 bara-

1852 1532 1990 1587 thris
2009 1548 2278 1598 emersus,
2312 1534 2402 1603 qui
2431 1534 2575 1589 velut
2612 1534 2665 1590 in
2709 1535 2968 1601 tenebris,
3009 1539 3255 1594 veritatis
3284 1542 3437 1610 cupi-

1850 1621 1947 1675 dos
2000 1621 2069 1675 ad
2124 1624 2467 1677 mendacium
2517 1624 2825 1692 abducens,
2865 1641 3170 1682 sermonem
3213 1630 3434 1698 quidem

1849 1714 2187 1771 fructuosum
2212 1732 2485 1786 nunquam
2523 1718 2813 1786 tribuebat,
2846 1721 2937 1776 sed
2959 1723 3246 1791 przestigiis
3267 1732 3436 1779 teme-

1850 1823 1910 1863 re
1948 1809 2155 1863 animas
2173 1810 2574 1879 corrumpebat.
2606 1812 2986 1868 Assentatores
3013 1817 3229 1883 quidem
3260 1818 3438 1872 accla-

2888 1926 2902 1962 :
2950 1923 3085 1977 quos
3134 1911 3436 1965 etiamnum

1851 1996 2144 2050 verisimile
2196 2005 2274 2050 est
2316 1996 2417 2051 sub
2459 1997 2710 2053 dentibus
2748 2000 3060 2054 mussitare.
3095 2000 3437 2073 Plurimique

1850 2104 1880 2143 e
1914 2088 2376 2158 simplicioribus,
2422 2088 2553 2157 ipsis
2601 2092 3033 2145 consentiebant.
3089 2092 3197 2147 Res
3250 2106 3431 2148 autem

1847 2178 1992 2233 ﬂuxu
2062 2179 2295 2247 quodam
2354 2179 2667 2235 ferebantur
2713 2183 2866 2251 quasi
2914 2183 2965 2237 iu
3018 2184 3255 2251 diluvio,
3305 2201 3431 2240 cum

1848 2288 2035 2327 omnes
2065 2272 2116 2327 id
2170 2287 2391 2341 prorsus
2443 2274 2795 2344 negligereut.
2825 2275 3062 2332 Pra‘erat
3088 2288 3266 2332 autem
3293 2280 3373 2333 vir
3402 2296 3433 2333 e

1851 2366 2003 2418 turba
2036 2364 2185 2435 (quid
2216 2366 2398 2419 verius
2430 2368 2611 2422 dicere
2637 2369 2898 2438 possim?)
2930 2371 3020 2438 qui
3050 2371 3180 2425 nihil
3205 2387 3233 2425 a
3267 2372 3435 2427 sellu-

1849 2458 1999 2511 lariis
2035 2457 2337 2524 differebat,
2377 2460 2576 2530 quique
2612 2460 2665 2514 in
2709 2462 2811 2516 hoc
2839 2463 3009 2516 solum
3043 2463 3247 2517 civitati
3274 2480 3430 2533 opem

1851 2551 2084 2615 ferebat,
2111 2552 2253 2621 quod
2280 2554 2428 2607 cives
2452 2554 2569 2621 ejus
2599 2553 2652 2607 in
2677 2554 2931 2608 barathra
2970 2571 3074 2609 non
3113 2555 3431 2625 impelleret.

1850 2642 1957 2699 Sed
1986 2659 2279 2712 generosus
2312 2655 2366 2698 et
2401 2646 2692 2715 praeclarus
2722 2647 2807 2701 ille
2850 2648 2934 2701 vir
2969 2646 3233 2717 judicium
3260 2649 3326 2702 de
3371 2665 3435 2704 se

1848 2737 2128 2793 ferendum
2160 2752 2263 2791 non
2302 2740 2636 2807 exspectavit
2663 2757 2676 2793 :
2704 2740 2798 2794 sed
2835 2742 2888 2793 in
2915 2740 3015 2794 hac
3055 2756 3216 2795 causa
3242 2741 3430 2795 existi-

1849 2829 2014 2884 mavit
2042 2828 2140 2882 sibi
2174 2829 2295 2899 fuga
2342 2830 2729 2884 consulendum
2777 2846 2789 2879 :
2824 2846 2985 2900 quem
3019 2847 3051 2887 e
3100 2833 3275 2886 medio
3314 2834 3431 2887 tolli

1859 2935 1890 2976 e
1927 2936 1986 2975 re
2007 2921 2359 2976 barbarorum
2398 2924 2632 2991 ipsorum
2667 2932 2776 2978 est:
2800 2940 2865 2978 ne
2895 2926 3215 2995 quihusdam
3245 2941 3433 2982 eorum

1848 3014 2179 3085 impietatem
2209 3015 2456 3078 suadeat,
2490 3017 2615 3069 dum
2643 3017 2797 3085 quasi
2840 3017 2893 3071 in
2933 3033 3093 3071 scena
3140 3018 3279 3087 apud
3327 3018 3435 3087 prio

1848 3120 1993 3159 mum
2020 3114 2368 3160 occurrentes
2406 3106 2579 3160 vicem
2632 3122 2784 3162 suam
2814 3108 2981 3171 dolet.
3011 3110 3104 3163 llle
3139 3110 3303 3180 igitur
3335 3110 3425 3164 fa-

158 3188 221 3242 δὲ
266 3188 464 3260 μόνους
517 3186 623 3257 πρὸ
679 3185 787 3240 τῶν
829 3183 1003 3239 ἄλλων
1044 3182 1346 3255 σεμνύνειν,
1387 3175 1467 3245 οἷς
1498 3179 1745 3235 τοσοῦτον

1850 3211 2062 3253 cessere
2088 3197 2361 3267 jubeatur.
2391 3197 2474 3252 Me
2503 3207 2680 3252 autem
2719 3202 2992 3266 convenit,
3019 3216 3111 3256 vos
3140 3218 3261 3257 cum
3292 3217 3430 3271 pau-

161 3281 361 3352 ἀρετῆς
411 3278 507 3332 καὶ
548 3282 641 3333 νοῦ
681 3278 980 3347 περίεστιν,
1014 3276 1137 3329 ὅσον
1170 3276 1228 3330 αἱ
1268 3274 1494 3345 πράξεις
1539 3272 1747 3344 κηρύτ-

162 3388 334 3436 τουσι,
382 3369 584 3442 μικροῦ
636 3371 815 3423 πᾶσαν
851 3368 948 3440 τὴν
998 3364 1161 3422 οὖσαν
1199 3366 1557 3438 ὑμνούμεναι.
1604 3360 1747 3433 Εὖγε

159 3466 262 3537 τῆς
279 3463 633 3535 σωφροσύνης
656 3464 667 3516 !
688 3464 749 3515 Εἰ
765 3462 835 3531 γά
842 3480 874 3534 ρ
890 3461 1135 3531 ἀγγέλων
1151 3460 1528 3532 ἀκροασαίμην
1556 3458 1747 3513 τοσού-

120 3570 125 3573 “
159 3579 270 3617 των
310 3561 406 3614 καὶ
466 3558 716 3631 δεύτερον
756 3557 1056 3624 διεξιόντων
1096 3557 1164 3610 τὰ
1197 3556 1439 3627 ὑμέτερα
1479 3555 1571 3607 καὶ
1613 3572 1747 3625 σεμ-

161 3640 456 3716 νυνόντων,
480 3651 525 3704 ὦ
558 3652 652 3705 xui
682 3652 808 3714 τοὺς
846 3650 1109 3721 πρότερον
1142 3647 1560 3719 ἁποκρύψαντες
1598 3648 1749 3718 φιλο-

162 3744 338 3817 τιμία,
370 3744 468 3799 xui
498 3747 608 3808 τοῖς
638 3742 732 3797 νῦν
754 3760 813 3796 τε
839 3743 931 3795 xui
956 3741 1181 3813 ὕστερον
1211 3740 1559 3812 παράδειγμα
1583 3740 1746 3795 καλὸν

162 3838 444 3907 ἐσόμενοι·
482 3837 631 3908 μόνοι
667 3853 724 3888 τε
758 3835 851 3889 xui
882 3837 993 3899 τοῖς
1033 3833 1177 3888 ἔθεσι
1219 3834 1390 3902 λόγων
1430 3833 1525 3888 xui
1568 3832 1746 3906 ἔργων

162 3931 411 4001 ἡγεμόνα
446 3929 539 3981 τὸν
582 3928 916 3981 τελειότατον
965 3926 1075 3979 τῶν
1122 3926 1291 3981 ὄντων
1342 3926 1606 3996 ἐλόμενοι,
1650 3925 1747 3980 xui

158 4021 279 4075 οῦδὲ
311 4019 453 4092 πρὸς
485 4018 659 4092 βραχὺ
691 4019 1061 4082 διστάσαντες,
1092 4018 1205 4070 ἀλλ’
1233 4017 1491 4089 ἀνδρείως
1516 4016 1747 4089 μεταθέ-

161 4131 313 4182 μενοι
339 4113 437 4166 xui
468 4116 578 4176 τοῖς
608 4112 787 4175 ἄλλοις
818 4110 1177 4183 προσθέμενοι
1210 4109 1342 4181 (l8),
1375 4110 1483 4163 ἀπὸ
1509 4110 1616 4162 τῶν
1646 4126 1746 4180 χα-

162 4205 261 4273 μαὶ
291 4203 506 4256 τούτων
544 4203 638 4255 xui
669 4201 961 4272 περιγεὶων
990 4200 1126 4271 πρὸς
1162 4200 1231 4254 τὰ
1269 4200 1602 4270 κατουράνια
1633 4198 1743 4270 (19)

156 4295 544 4367 ἐπειχθέντες,
594 4293 945 4362 ξεναγοῦντος
986 4294 1075 4345 ἐπ’
1112 4291 1251 4346 αύτά
1277 4291 1371 4345 τοῦ
1414 4290 1742 4362 σεμνοτάτου

154 4386 469 4460 Γεωργίου,
502 4387 692 4459 ἀνδρὸς
732 4385 954 4439 τοιαῦτα
985 4383 1183 4448 παντὸς
1210 4384 1407 4455 μᾶλλον
1437 4384 1746 4456 ἡκριίωκό-

152 4494 277 4543 τός’
322 4478 395 4532 δι’
439 4477 499 4529 ὃν
536 4477 629 4530 xui
663 4476 805 4529 κατὰ
849 4477 938 4530 τὸν
985 4476 1208 4550 ὕστερον
1244 4474 1356 4545 βίον
1405 4474 1540 4547 (20),
1605 4476 1743 4547 μετά

152 4571 330 4643 καλῆς
364 4568 582 4632 ἐλπίδος
616 4568 847 4635 διάξετε,
882 4568 978 4622 xui
1011 4568 1103 4621 τὸν
1139 4569 1197 4620 ἐν
1234 4565 1311 4637 τῷ
1338 4566 1563 4638 παρόντι
1600 4567 1738 4637 μετὰ

150 4664 451 4736 ῥᾳστώνης
486 4660 764 4731 βιώσεσθε.
792 4660 891 4732 Εἶη
921 4661 978 4714 δέ
1020 4661 1170 4731 κοινῇ
1210 4660 1415 4723 πάντας
1448 4658 1572 4722 τοὺς
1598 4656 1740 4711 κατά

147 4758 255 4827 τὴν
284 4755 470 4818 πόλιν,
500 4752 686 4825 ὥσπερ
714 4754 865 4825 ἱερᾶς
888 4752 1157 4825 ἀγκύρας,
1191 4752 1291 4823 τῆς
1325 4751 1515 4806 τούτου
1554 4749 1738 4822 φωνῆς

144 4845 518 4919 ἐξηρτῆσθαι,
553 4846 643 4900 ἵνα
691 4845 765 4917 μὴ
808 4845 990 4916 τομῶν
1041 4845 1074 4916 ἢ
1129 4844 1373 4899 καύσεων
1423 4844 1738 4916 δεηθῶμεν,

141 4939 300 4994 κατά
347 4937 461 4992 τῶν
511 4937 607 5002 τὰς
649 4937 759 5008 (2|)
808 4936 986 5007 ψυχὰς
1037 4936 1427 5009 λελωϐημένων
1451 4953 1465 4967 ο
1525 4931 1606 5001 οἷς
1654 4936 1737 4990 ὅτι

144 5031 402 5101 μάλιστα
452 5027 820 5101 παραινοῦμεν
877 5027 1207 5097 ἀφίστασθαι
1257 5030 1355 5100 τῆς
1415 5027 1735 5082 Ἀθανασίου

139 5124 423 5196 σπουδῆς,
453 5122 549 5177 xui
587 5120 719 5193 μηδὲ
751 5119 1060 5192 μεμνῆσθαι
1100 5120 1198 5192 τῆς
1230 5119 1492 5193 περιττῆς
1520 5121 1736 5193 ἐκείνης

223 5301 587 5378 (ᾖξ’)-Εοι-ιε,
615 5300 760 5378 τούς.
795 5301 951 5359 Eon.

227 5371 362 5445 (13’
382 5374 515 5442 Reg.
526 5389 632 5445 ,συ
646 5371 842 5445 θέντας.

225 5437 347 5517 (14)
380 5437 495 5517 Τῆξ
529 5437 716 5517 deerat
748 5444 797 5517 in
834 5441 1013 5517 editis.
1047 5438 1104 5517 in
1133 5439 1431 5517 RegLvero
1459 5437 1674 5517 legitur.

225 5450 324 5517 (l4
380 5450 495 5514 Τῆς
529 5450 716 5498 deerat
748 5450 797 5496 in
834 5450 1013 5498 editis.
1050 5450 1104 5495 In
1135 5450 1269 5509 Heg.
1301 5453 1431 5495 vero
1459 5450 1674 5506 tegitur.

224 5450 349 5589 (ιεῖ
393 5516 554 5585 Reg.,
596 5511 849 5585 τερθρίας
888 5513 945 5566 δὲ
985 5511 1079 5569 καί
1132 5510 1409 5582 τηνάλλως
1456 5510 1576 5572 ταῖς
1631 5507 1734 5577 ψυ-

112 5608 305 5642 ναις.

129 5606 364 5730 χαῐῗθλ
384 5654 787 5730 [ἰοεηιφυγεῖνε
816 5652 936 5730 Mo_x_
970 5651 1221 5730 xui_ant_e
1251 5651 1393 5722 ὑπέρ
1436 5648 1487 5702 ἰη
1540 5649 1730 5705 eodem

129 5744 198 5789 et
228 5722 295 5785 in
326 5722 499 5780 Basil.
528 5725 741 5792 legitur,
777 5725 826 5777 in
852 5722 1012 5776 editis
1048 5722 1407 5792 desideratur.

223 5799 344 5867 (t7)
376 5798 453 5852 lta
479 5787 613 5865 lieg'.
637 5793 777 5849 Editi
818 5807 960 5857 vero,
997 5790 1132 5863 πρὸς
1165 5790 1411 5862 πρώτους
1469 5787 1732 5859 ἐντυγχά-

128 5887 315 5928 νοντα
323 5906 337 5923 ο

1847 3289 1927 3345 eis
1956 3290 2168 3346 sociare
2194 3308 2209 3357 ;
2237 3291 2365 3359 quin
2389 3300 2444 3345 et
2469 3291 2612 3347 solos
2641 3307 2750 3361 prae
2780 3292 2899 3348 aliis
2928 3295 3197 3350 honorare
3231 3295 3431 3364 quibus

1846 3392 1999 3438 tanta
2031 3385 2223 3451 virtus,
2251 3392 2399 3438 tanta
2442 3400 2596 3439 mens
2640 3386 2811 3447 inest,
2850 3394 3103 3453 quantam
3141 3400 3228 3440 res
3266 3398 3433 3454 gestae

1846 3476 2161 3546 praedicant,
2191 3490 2309 3544 qua:
2340 3491 2435 3545 per
2456 3479 2763 3531 universum
2794 3475 2908 3532 fere
2938 3477 3123 3532 orbem
3146 3476 3428 3532 celebran-

1849 3576 1953 3621 tur.
1983 3567 2156 3623 Macte
2208 3568 2575 3637 prudentiaml
2616 3568 2769 3634 Quod
2796 3569 2841 3623 si
2879 3569 3054 3623 denuo
3096 3577 3173 3623 tot
3210 3571 3431 3625 nuntios

1846 3659 2107 3713 audierim
2133 3659 2224 3728 qui
2254 3674 2340 3714 res
2373 3674 2403 3713 a
2429 3660 2580 3714 vobis
2604 3667 2785 3730 gestas
2812 3668 3067 3715 enarrent
3094 3670 3149 3715 et
3171 3660 3423 3714 laudibus

1844 3750 2163 3807 celebrent:
2205 3750 2249 3807 Ο
2296 3751 2386 3821 qui
2430 3750 2668 3821 majores
2713 3761 2924 3807 vestros
2976 3752 3197 3807 virtutis
3249 3754 3428 3807 studio

1843 3840 2000 3911 longe
2019 3842 2318 3913 Superatis,
2338 3843 2537 3913 quique
2562 3844 2756 3899 coarvis
2776 3855 2830 3899 et
2856 3846 3087 3915 posteris
3108 3845 3427 3915 praeclarum

1845 3932 2148 4003 exemplum
2208 3931 2374 3987 futuri
2405 3932 2540 3987 estis
2566 3934 2581 3987 l
2612 3933 2710 3988 soli
2757 3933 2901 3988 enim
2940 3933 2994 3988 in
3040 3949 3275 3997 morum,
3304 3949 3429 3989 ver-

1843 4024 2034 4080 borum
2068 4034 2124 4079 et
2154 4040 2375 4092 operum
2400 4026 2610 4088 ducem,
2643 4026 3153 4094 praestantissimum
3185 4026 3426 4081 virorum

1845 4110 2161 4179 c00ptastis.
2176 4108 2286 4164 Nec
2304 4110 2567 4164 tantillum
2584 4111 2799 4179 quidem
2826 4110 3083 4180 temporis
3097 4110 3427 4174 haesitantes,

1844 4201 2075 4256 viriliter
2100 4210 2308 4256 mutata
2335 4200 2628 4266 sententia,
2665 4201 2869 4270 reliquo
2902 4202 3065 4255 coetui
3114 4215 3210 4255 vos
3247 4200 3426 4255 socia-

1846 4291 1983 4346 stis:
2013 4302 2067 4345 et
2107 4292 2174 4345 ab
2202 4290 2404 4346 inlimis
2438 4290 2555 4347 istis
2585 4299 2639 4345 et
2682 4292 2911 4346 terrenis
2943 4306 3039 4345 vos
3074 4291 3325 4346 erexistis
3358 4290 3425 4345 ad

1846 4383 2110 4443 ccelestia,
2149 4383 2502 4453 antesignano
2555 4382 2636 4437 usi
2684 4383 3133 4451 praestantissimo
3166 4382 3421 4452 Georgio,

1846 4477 1963 4531 viro
1994 4475 2045 4529 in
2080 4475 2386 4545 hujusmodi
2425 4474 2586 4528 rebus
2613 4474 2855 4526 omnium
2910 4472 3220 4528 mortalium
3262 4486 3424 4527 exer-

1846 4565 2165 4621 citatissimo
2215 4564 2408 4633 :cujus
2439 4576 2604 4633 opera
2648 4562 2699 4616 in
2737 4559 2918 4627 l’uturo
2959 4576 3081 4615 cum
3134 4561 3273 4617 bona
3324 4575 3423 4632 spe

1845 4656 2054 4728 degetis
2093 4672 2108 4721 ;
2148 4664 2204 4710 et
2232 4655 2285 4710 iu
2334 4654 2585 4725 prasenti
2624 4653 2967 4723 tranquillam
3022 4654 3192 4725 agetis
3232 4653 3421 4710 vitam.

1847 4749 2059 4805 Utinam
2086 4763 2275 4805 omnes
2294 4748 2451 4803 simul
2481 4748 2571 4817 qui
2597 4748 2648 4802 in
2684 4748 2784 4803 ista
2816 4746 2948 4803 urbe
2971 4747 3195 4813 degunt,
3214 4746 3282 4801 ab
3305 4747 3424 4818 ejus

1842 4858 1997 4911 voce,
2040 4852 2290 4913 tanquam
2322 4857 2351 4896 a
2383 4858 2534 4897 sacra
2583 4843 2843 4909 anchora,
2883 4843 3193 4912 pendeant:
3230 4858 3299 4900 ne
3335 4858 3422 4899 se-

1843 4936 2116 4994 ctionibus
2149 4944 2204 4991 et
2230 4935 2602 4990 adustionibus
2640 4935 2999 5007 indigeamus,
3032 4936 3296 4992 adversus
3321 4952 3416 4992 eos

1842 5043 2069 5100 quorum
2107 5027 2301 5081 animm
2353 5035 2619 5096 corrupte
2663 5035 2789 5081 sunt
2829 5042 2845 5080 :
2886 5042 3023 5097 quos
3076 5042 3422 5091 summopere

1842 5118 2124 5174 hortamur
2164 5127 2223 5172 ut
2263 5131 2294 5171 a
2320 5118 2500 5173 studio
2544 5130 2670 5188 erga
2719 5117 3078 5173 Athanasium
3126 5118 3417 5180 absistant,

1910 5295 2020 5366 (18)
2057 5292 2203 5360 Haec,
2232 5295 2326 5350 xui
2354 5298 2465 5359 τοῖς
2493 5295 2675 5368 ἀλλοις
2697 5295 3077 5368 προσθέμενοι,
3104 5296 3327 5368 deerant
3362 5292 3412 5346 in

1837 5363 2010 5422 editis
2033 5377 2252 5436 propter
2289 5366 2712 5437 όμοιοτέλευτον.
2743 5363 2859 5420 Sed
2910 5363 2971 5419 in
3021 5365 3152 5433 Reg.
3210 5363 3413 5416 haben-

1840 5448 2021 5577 ml(‘19)
2080 5506 2248 5578 Reg.,
2309 5473 2592 5562 κατούσια.
2635 5504 2778 5559 Idem
2842 5519 2985 5567 mox,
3032 5501 3406 5572 ξεναγοῦντες,
3464 5572 3467 5575 ἢ

1838 5579 2022 5720 milesii)
2056 5647 2179 5702 Βίον
2238 5649 2421 5703 deerat
2462 5646 2514 5700 in
2541 5644 2700 5699 editis
2756 5661 2770 5698 :

1840 5729 2022 5861 ιι¹1(ξ’-1)
2054 5789 2143 5845 Sic
2168 5790 2324 5859 (£03.,
2354 5785 2451 5848 τάς
2479 5783 2531 5840 in
2559 5783 2717 5840 editis
2754 5783 2927 5841 deest.

2827 5643 2919 5697 sed
2977 5645 3030 5698 in
3089 5642 3226 5717 Reg.
3276 5642 3409 5715 legi-
