3954 6496
525 402 632 458 635

1077 396 1134 451 S.
1175 389 1540 449 ATHANASII
1575 386 1723 443 OPP.
1762 382 1942 440 PARS
1982 381 2022 436 l.
2060 411 2113 421 —

2218 375 2543 434 ISTORICA
2581 374 2670 430 ET
2709 371 3131 429 DOGMATICA.

3650 374 3756 423 σενι»

531 531 632 570 nec
679 513 1026 569 recordentur
1062 509 1347 582 superﬂua:
1390 508 1531 563 illius
1590 503 1940 575 garrulitatis,
1995 508 2088 554 aut

2218 478 2532 566 δολεσχίας,
2571 494 2604 564 ἢ
2650 493 2871 564 λήσουσι
2914 493 3025 553 τοῖς
3078 488 3330 559 ἐσχάτοις
3383 485 3558 557 ἔνοχοι
3610 484 3757 550 ὄντες

530 623 651 661 sero
680 606 1102 661 auimadvertent
1138 620 1197 659 se
1237 606 1293 660 in
1334 601 1594 659 extremis
1627 597 1828 652 versari
1873 593 2087 664 pericu-

531 696 635 749 lis:
669 711 736 749 ex
761 694 952 761 quibus
990 694 1262 748 nescimus
1300 708 1365 746 an
1395 691 1515 760 quis
1556 704 1622 743 ex
1651 684 1981 756 gravissimis
2005 682 2087 737 vi-

532 786 609 839 ris
631 784 917 839 seditiosos
946 784 1139 853 eripiet
1163 784 1177 835 l
1202 781 1506 837 Absurdum
1543 778 1738 848 quippe
1767 786 1869 840 est,
1907 774 2088 846 perdi-

536 876 798 929 tissimam
828 876 1202 938 Athanasium,
1230 876 1281 929 in
1310 872 1633 941 turpissimis
1670 869 1962 925 sceleribus
1994 866 2087 921 de-

535 965 899 1034 prebe'nsum,
962 979 991 1017 a
1045 965 1261 1035 regione
1312 963 1365 1016 in
1419 961 1689 1032 regionem
1745 957 1978 1028 expelli,
2035 967 2093 1011 ut

536 1055 824 1125 aliquando
865 1055 1099 1108 debitum
1167 1052 1485 1121 supplicium
1533 1051 1689 1105 luat:
1730 1049 1776 1103 si
1820 1059 1995 1102 tamen
2040 1048 2093 1102 id

536 1146 778 1217 praestari
807 1146 993 1215 possit,
1029 1144 1241 1198 etiamsi
1282 1142 1405 1212 quis
1445 1141 1596 1195 illum
1626 1140 1818 1209 .decies
1846 1138 2089 1194 occidat:

538 1242 897 1287 assentatores
943 1241 1121 1284 autem
1158 1231 1273 1297 ejus
1304 1239 1358 1284 et
1405 1230 1697 1293 ministros,
1744 1229 2093 1298 praestigiato-

538 1338 647 1386 res,
686 1321 925 1390 talesque
978 1321 1246 1388 homines,
1289 1329 1345 1374 ut
1382 1335 1476 1374 eos
1512 1319 1594 1374 vel
1629 1320 1906 1373 nominare
1944 1328 2097 1386 turpe

538 1415 629 1478 sit,
647 1413 976 1468 exsultantes
1007 1414 1277 1483 negligere
1307 1431 1321 1466 :
1347 1427 1484 1481 quos
1528 1411 1699 1467 occidi
1731 1410 1934 1481 jamdiu
1955 1411 2098 1479 judi-

538 1506 690 1560 cibus
723 1514 1041 1573 praeceptum
1071 1513 1172 1557 est.
1196 1503 1260 1555 Et
1290 1502 1515 1556 fortasse
1545 1502 1784 1557 morituri
1811 1501 1971 1571 250
1996 1516 2097 1555 non

540 1606 684 1662 sunt,
707 1597 753 1651 si
788 1611 817 1649 a
851 1597 1122 1665 prioribus
1144 1596 1351 1649 delictis
1380 1609 1501 1649 sero
1530 1593 1741 1649 tandem
1765 1594 2097 1664 resipiscant.

540 1689 743 1755 Quibus
778 1671 1225 1744 sceleratissimus
1281 1687 1604 1742 Athanasius
1643 1700 1702 1741 se
1737 1687 1922 1741 ducem
1963 1702 2100 1755 pra--

540 1776 676 1841 buit,
708 1792 831 1831 nam
864 1786 917 1831 et
943 1792 1051 1831 rem
1086 1776 1350 1846 publicam
1391 1774 1753 1840 labefactavit,
1782 1791 1845 1831 ac
1873 1777 2099 1831 sanctis-

540 1870 692 1924 simis
718 1869 849 1922 viris
879 1870 1069 1938 impias
1107 1878 1160 1922 et
1196 1868 1432 1922 nefarias
1472 1882 1660 1923 manus
1690 1868 1887 1922 intulit.

611 1961 699 2015 51.
740 1960 814 2015 De
841 1960 1154 2014 Frumentio
1186 1970 1362 2015 autem
1400 1960 1661 2015 Auxumis
1698 1963 1965 2031 episcopo,
1992 1959 2105 2015 hac

541 2053 609 2108 ad
633 2052 870 2123 ejusdem
902 2054 1050 2107 urbis
1083 2061 1337 2123 tyrannos
1359 2052 1556 2121 scripta
1586 2062 1711 2106 sunt
1739 2067 1754 2105 :

550 2229 727 2286 Victor
780 2231 1114 2287 Constantius
1151 2218 1415 2357 ngimus
1468 2231 1728 2303 Augustus
1780 2230 2004 2286 Αῖιαηιε
2059 2239 2109 2286 et

1248 2318 1455 2355 azanw.

1248 2318 1455 2355 azanw.

613 2393 860 2448 Maxima:
891 2393 1045 2449 nobis
1078 2401 1222 2448 cura:
1253 2408 1317 2447 ac
1361 2392 1538 2448 studio
1585 2401 1688 2458 est,
1720 2406 1780 2449 ut
1818 2395 1957 2449 Deus
2012 2409 2106 2450 co-

542 2494 864 2555 gnoscatur;
893 2483 997 2539 hoc
1029 2485 1083 2538 in
1114 2484 1327 2554 negotio
1349 2484 1491 2538 enim
1533 2484 1786 2549 arbitror,
1806 2499 1987 2553 parem
2015 2500 2111 2553 pro

543 2576 816 2630 communi
844 2575 1125 2630 hominum
1157 2590 1353 2644 genere
1385 2574 1797 2631 sollicitudinem
1824 2570 2111 2645 gerendam

544 2680 685 2730 esse,
740 2674 797 2719 ut
842 2666 909 2719 ad
959 2665 1054 2720 Dei
1109 2667 1356 2723 notitiam
1391 2666 1629 2729 deducti,
1662 2667 1826 2721 vitam
1861 2684 1983 2723 cum
2017 2683 2113 2739 spe

546 2755 865 2825 transigant,
890 2755 942 2810 in
969 2755 1223 2825 nulloque
1250 2757 1552 2826 discrepent
1581 2756 1725 2811 circa
1752 2758 1882 2826 justi
1912 2772 1977 2812 ac
2002 2758 2114 2813 veri

546 2848 997 2917 disquisitionem.
1038 2847 1171 2903 Cum
1206 2849 1297 2902 tali
1336 2849 1496 2918 igitur
1532 2864 1627 2904 vos
1672 2850 2004 2917 providentia
2034 2851 2116 2904 di-

545 2955 682 3008 gnos
730 2938 1047 3002 habeamus,
1073 2938 1328 3008 pariaque
1372 2937 1525 2993 vobis
1572 2948 1628 2993 et
1670 2939 1928 2995 Romanis
1974 2956 2113 3010 prte-

546 3031 801 3095 beamus,
832 3044 992 3084 unam
1027 3030 1379 3100 eamdemque
1423 3031 1725 3085 doctrinam
1765 3033 1906 3100 apud
1940 3040 2118 3086 utros-

549 3134 652 3188 que
686 3120 738 3173 in
766 3121 1021 3177 Ecclesiis
1057 3123 1239 3192 vigere
1267 3123 1626 3192 prazcipimus.
1650 3121 1827 3189 Quare
1855 3122 2115 3177 Frumen-

548 3212 680 3264 tium
711 3212 1015 3280 episcopum
1052 3213 1451 3282 quamprimum
1485 3213 1684 3268 mittite
1724 3214 1776 3266 in
1800 3212 2111 3283 Egyptum,

550 3301 692 3370 apud
726 3302 1201 3357 honoratissimum
1245 3302 1532 3373 Georgium
1568 3304 1873 3372 episcOpum
1901 3312 1955 3356 et
1981 3302 2114 3357 alios

551 3392 768 3463 .Egypti
806 3394 1104 3463 episcopos,
1146 3393 1339 3463 quibus
1385 3396 1437 3448 in
1484 3396 1671 3463 primis
1719 3394 2023 3461 ordinandi,
2051 3410 2115 3451 ac

553 3491 809 3559 ejusmodi
862 3505 950 3545 res
1001 3489 1324 3559 diiudicandi
1386 3492 1679 3546 auctoritas
1736 3492 1894 3545 inest.
1940 3490 2117 3545 Nostis

554 3582 695 3635 enim
730 3590 784 3636 et
822 3581 1161 3646 meministis,
1191 3582 1292 3637 nisi
1352 3596 1471 3651 quze
1509 3582 1646 3651 apud
1686 3596 1874 3637 omnes
1902 3579 1953 3635 in
1985 3595 2116 3637 con-

554 3671 699 3726 fesso
732 3682 876 3737 sunt,
912 3672 1013 3727 soli
1056 3672 1313 3744 ignorare
1338 3673 1628 3735 simuletis,
1671 3672 2039 3729 Frumentium
2064 3674 2117 3727 in

556 3766 700 3819 hunc
723 3764 844 3819 vita:
873 3764 1097 3830 gradum
1127 3774 1431 3833 promotum
1456 3779 1577 3819 esse
1602 3767 1669 3819 ab
1688 3766 1982 3820 Athanasio
2006 3779 2121 3820 sex-

557 3854 732 3907 centis
761 3853 1077 3907 criminibus
1126 3854 1393 3920 obnoxio;
1426 3854 1519 3923 qui
1559 3868 1680 3907 cum
1714 3854 1911 3908 nullam
1950 3871 1981 3910 e
2017 3856 2119 3911 sibi

559 3950 724 4004 illatis
752 3949 1186 4003 accusationibus
1239 3947 1406 4017 probe
1442 3949 1645 4004 diluere
1686 3951 1967 4018 potuisset,
2005 3961 2119 4007 sta-

562 4044 656 4097 tim
691 4042 905 4111 quidem
930 4041 1184 4096 cathedra
1218 4041 1457 4095 excidit:
1493 4056 1555 4095 ac
1585 4057 1705 4095 cum
1728 4041 1913 4097 nullibi
1934 4044 2121 4099 viven-

560 4137 613 4191 di
646 4135 820 4189 locum
863 4132 1118 4202 reperiat,
1149 4131 1486 4186 errabundus
1525 4132 1592 4186 ab
1619 4132 1720 4186 alia
1761 4133 1813 4186 in
1850 4134 2008 4188 aliam
2039 4148 2123 4188 re-

560 4225 773 4292 gionem
826 4231 1087 4289 vagatur,
1135 4220 1288 4290 quasi
1338 4236 1402 4276 eo
1450 4230 1605 4290 pacto
1643 4236 1700 4276 se
1756 4223 1951 4277 malum
2006 4238 2125 4277 esse

561 4316 796 4386 elIugere
846 4313 1038 4382 possit.
1067 4310 1123 4366 Si
1147 4312 1311 4381 igitur
1333 4323 1522 4380 sponte
1553 4311 1892 4368 Frumentius
1920 4314 2125 4369 obtem-

560 4415 714 4473 peret
756 4402 992 4456 universi
1052 4417 1233 4456 rerum
1281 4411 1454 4456 status
1505 4403 1743 4457 rationes
1787 4390 2122 4468 reddit'ui-us,

561 4502 898 4563 compertum
931 4493 1185 4549 omnibus
1214 4494 1318 4546 erit
1346 4506 1471 4547 eum
1509 4494 1578 4548 ab
1615 4493 1869 4548 Ecclesiae
1898 4492 2125 4563 legibus,

564 4596 620 4642 et
647 4601 676 4640 a
713 4586 817 4640 [ide
843 4599 965 4654 qua:
1000 4585 1113 4654 jam
1151 4585 1393 4649 obtinet,
1436 4584 1738 4639 nullatenus
1777 4586 2126 4656 discrepare;

565 4690 795 4746 cumque
844 4675 1111 4745 judicatus
1142 4675 1325 4743 fuerit,
1352 4675 1620 4744 totiusque
1654 4676 1775 4731 vita:
1795 4692 1904 4733 suae
1928 4679 2133 4748 experi-

565 4778 806 4823 mentum
837 4768 1065 4832 dederit,
1094 4767 1319 4837 ejusque
1358 4768 1621 4824 rationem
1657 4769 1794 4838 apud
1838 4784 1931 4826 eos
1960 4771 2134 4825 reddi-

569 4858 711 4911 derit
748 4857 813 4910 ad
839 4870 975 4925 quos
1000 4856 1234 4925 pertinet
1262 4854 1573 4924 huiusmodi
1616 4856 1831 4927 negotia
1865 4855 2131 4924 judicare,

570 4948 639 5001 ab
668 4948 746 5001 eis
784 4949 1176 5012 constituetur;
1213 4948 1259 5003 si
1303 4957 1480 5003 tamen
1520 4963 1678 5003 verus
1706 4947 2134 5018 episcopusqu-

573 5047 734 5107 taque
759 5037 904 5105 leges
934 5039 1216 5092 ordinatus
1241 5040 1425 5094 haberi
1462 5038 1604 5092 velit.
1635 5038 1788 5105 Quod
1829 5040 1871 5094 si
1910 5054 2134 5107 procra-

572 5128 884 5195 stinaverit,
920 5143 985 5182 ac
1019 5129 1280 5198 judicium
1322 5129 1733 5201 subterfugerit,
1772 5131 1947 5199 palam
1992 5140 2138 5186 certe

572 5221 683 5276 erit
734 5220 907 5291 ipsum
964 5220 1329 5275 scelestissimi
1362 5221 1639 5278 Athanasii
1672 5224 2010 5279 sermonibus
2052 5236 2139 5278 se-

652 5444 758 5518 (22)
779 5445 855 5518 Ita
882 5446 1011 5518 Reg.
1053 5455 1105 5501 et
1125 5445 1726 5518 sic‘legendum.iEditi,
1758 5448 1855 5518 τῆς
1880 5449 2043 5503 πάνυ.

649 5516 760 5585 (25)
789 5517 881 5570 Sic
916 5516 1111 5584 Regius
1128 5527 1182 5571 et
1203 5516 1489 5573 Basilicus.
1514 5517 1676 5584 Editi,
1702 5516 1975 5585 mendose,
2007 5521 2142 5573 άπε-

583 5583 905 5657 πληλᾷσθαι,
932 5597 986 5657 et
1004 5583 1410 5657 άπεπηλᾶσθαι.

655 5656 766 5727 (24)
816 5654 1291 5727 Ειίῇιὶηούδέποτε
1330 5654 1628 5727 θνήξονται.
1676 5655 1809 5725 Reg.
1863 5666 1915 5712 et
1954 5659 2138 5723 Basil.,

584 5723 793 5799 οὐδέπω
828 5724 1208 5799 τεθνήξονται,
1268 5723 1425 5782 (ιιιὺίιὶ
1486 5728 1669 5784 lectio.
1720 5723 1841 5782 Μοι
1893 5731 1966 5799 μή
2021 5738 2137 5798 post

589 5792 653 5852 ἠν
682 5792 1009 5854 superﬂuum
1038 5797 1266 5851 videtur.

2187 585 2469 647 κινδύνοις,
2500 577 2575 637 ὧν
2599 584 2699 636 οὐκ
2733 582 2888 652 ῐσμεν
2921 581 3079 644 εἴτις
3111 580 3222 633 τῶν
3255 579 3394 631 πάνυ
3431 577 3544 647 (22)
3574 577 3759 632 δεινῶν

2188 677 2530 747 ἐξαιρήσεται
2562 674 2684 737 τοὺς
2715 672 3120 735 στασιάζοντας.
3155 672 3267 724 Καὶ
3293 670 3402 741 γὰρ
3432 671 3635 724 ἄτοπον
3671 669 3760 724 τὸν

2193 769 2291 839 μὲν
2350 766 2573 836 ὄλεθρον
2650 764 2961 818 Ἀθανάσιον
3016 764 3118 833 γῆν
3182 762 3288 833 πρὸ
3352 761 3457 831 γῆς
3492 759 3760 830 ἀπεληλᾶ-

2192 860 2314 913 σθαι
2354 859 2486 929 (25),
2516 859 2610 912 καὶ
2661 860 2772 920 τοῖς
2815 856 3112 926 αἰσχίστοις
3159 854 3377 918 ἁλόντα,
3420 852 3497 916 ὥς
3536 869 3665 905 ποτε
3696 850 3759 904 ἂν

2191 955 2396 1015 ἐκεῖνος
2432 957 2529 1021 τὴν
2572 950 2727 1014 ἀξίαν
2765 950 3026 1011 ὲκτ-ίσειε,
3072 948 3167 1000 καὶ
3208 947 3257 998 εἰ
3301 945 3525 998 δέκατόν
3558 960 3642 1006 τις
3670 944 3758 997 τοῦ

2193 1042 2291 1113 ζῇν
2322 1042 2723 1113 προσαφέληται
2748 1059 2761 1072 ·
2792 1042 2917 1103 τοὺς
2947 1041 3003 1093 δὲ
3032 1039 3241 1092 ἐκείνου
3275 1037 3516 1099 κόλακας
3552 1037 3649 1089 καὶ
3677 1036 3759 1088 θε-

2196 1135 2470 1207 ραπευτάς
2499 1134 2739 1204 ἀγύρτας
2766 1131 2945 1197 τινὰς,
2986 1132 3080 1184 καὶ
3116 1129 3391 1190 τοιούτους
3424 1126 3761 1197 ἀνθρώπους,

2194 1230 2336 1291 οἵους
2374 1225 2656 1297 ὀνομάζειν
2695 1227 2942 1295 αἰσχύνη,
2967 1225 3228 1294 περιορᾷν
3256 1221 3650 1289 σφαδάζοντας,
3677 1218 3763 1283 οὒς

2198 1322 2363 1375 πάλαι
2388 1320 2636 1373 τεθνάναι
2664 1318 3001 1389 διηγόρευται
3026 1319 3135 1379 τοῖς
3177 1315 3479 1376 δικασταῖς.
3504 1312 3617 1365 Καὶ
3644 1312 3765 1375 ῐσως

2196 1412 2404 1465 οὐδέπω
2438 1410 2775 1480 τεθνήξονται
2827 1409 2973 1479 (24),
3012 1408 3076 1479 ἢν
3136 1407 3240 1478 μὴ,
3292 1405 3402 1457 τῶν
3448 1402 3765 1474 φθασάντων

2199 1502 2528 1565 ἀποστάντες
2569 1500 3074 1571 πλημμελημάτων,
3103 1498 3202 1566 ὀιζμέ
3238 1513 3368 1548 ποτε
3406 1493 3761 1565 μεταθῶνται·

2198 1589 2272 1649 ὧν
2304 1596 2332 1646 ὁ
2365 1592 2762 1664 μοχθηρότατος
2807 1589 3121 1651 Ἀθανάσιος
3154 1590 3360 1657 ἠγεῖτο,
3391 1587 3487 1638 καὶ
3510 1586 3579 1655 τῇ
3623 1585 3762 1655 κοινῇ

2202 1684 2458 1755 πολιτείᾳ·
2481 1684 2904 1754 λυμαινόμενος,
2932 1682 3022 1734 καὶ
3061 1684 3172 1743 τοῖς
3218 1678 3548 1746 ἁγιωτάτοις
3584 1676 3763 1729 δυσσε-

2204 1776 2315 1841 ϐεῖς
2338 1777 2429 1830 κα)⁸
2452 1778 2662 1843 ἐναγεῖς
2693 1774 2977 1846 προσάγων
3007 1774 3105 1835 τὰς
3140 1774 3348 1842 χεῖρας.

2273 1955 2360 2010 31.
2406 1955 2473 2007 Ἀ
2501 1955 2556 2007 δὲ
2586 1954 2674 2007 καὶ
2706 1952 2815 2023 (25)
2846 1949 3207 2022 Φρουμεντίου
3235 1949 3396 2021 χάριν
3422 1948 3520 2002 τοῦ
3556 1946 3763 2002 ἐπισκό-

2203 2063 2307 2099 που
2344 2043 2440 2114 τῆς
2476 2044 2798 2115 Δύξούμεως
2832 2043 3138 2113 γέγραπται
3165 2044 3276 2105 τοῖς
3315 2042 3433 2093 ἐκεῖ
3471 2040 3763 2111 τυράννοις,

2206 2137 2318 2191 ἔστι
2350 2135 2546 2190 ταῦτα·

2308 2228 2569 2299 Νικητὴς
2613 2226 3023 2299 Κωνστάῃτιος
3047 2227 3343 2299 Μέγιστος
3392 2224 3692 2290 Σεϐαστὸς

2672 2296 2889 2362 Ἁϊζανᾷ
2930 2297 3026 2349 καὶ
3071 2294 3322 2362 Σαζανᾷ,

2277 2392 2424 2447 Πάνυ
2450 2391 2538 2446 διὰ
2566 2390 2841 2462 φροντίδος
2872 2388 2963 2441 καὶ
2995 2388 3083 2441 διὰ
3120 2388 3356 2459 σπουδῆς
3388 2387 3489 2459 τῆς
3523 2385 3766 2457 μεγίστης

2209 2486 2341 2558 ἡμῖν
2380 2488 2524 2539 ἐστιν
2558 2486 2590 2555 ἡ
2629 2482 2720 2538 τοῦ
2750 2482 3055 2553 κρείττονος
3096 2479 3316 2550 γνῶσις.
3349 2483 3443 2533 Δεῖ
3490 2481 3598 2551 γάρ
3633 2475 3768 2551 οἶμαι

2209 2579 2271 2633 τὸ
2314 2578 2491 2631 κοινὸν
2532 2576 2639 2629 τῶν
2693 2574 2995 2645 ἀνθρώπων
3039 2573 3196 2641 γένος
3243 2573 3345 2643 τῆς
3399 2571 3525 2642 ἴσης
3571 2571 3628 2624 ἐν
3670 2573 3768 2633 τοῖς

2212 2670 2473 2733 τοιούτοις
2500 2667 2775 2735 ἀξιοῦσθαι
2809 2666 3149 2739 κηδεμονίας,
3177 2665 3252 2729 ὡς
3287 2665 3353 2719 ἂν
3391 2664 3553 2736 μέχρι
3579 2664 3666 2735 τῆς
3691 2662 3769 2715 ἐλ-

2214 2762 2364 2825 πίδος
2404 2760 2494 2813 τὸν
2542 2758 2651 2829 βίον
2693 2758 2958 2825 διάγοιεν,
2999 2756 3066 2810 τὰ
3102 2754 3326 2809 τοιαῦτα
3361 2754 3615 2826 περὶτοῦ
3650 2751 3770 2808 Θεοῦ

2215 2853 2593 2923 γινώσκοντες,
2639 2853 2733 2905 καὶ
2770 2850 2935 2922 μηδὲν
2961 2849 3356 2919 διαφωνοῦντες
3392 2849 3523 2919 περὶ
3564 2847 3657 2918 τὴν
3688 2844 3772 2899 τοῦ

2215 2947 2418 3000 δικαίου
2472 2947 2566 2999 καὶ
2626 2943 2855 3016 ἀληθοῦς
2910 2943 3169 3009 ἐξέτασιν.
3226 2942 3340 3011 Τῆς
3388 2942 3563 3013 αὐτῆς
3613 2940 3775 2994 τοίνυν

2216 3038 2471 3109 προνοίας
2506 3036 2779 3101 ἀξιοῦντες
2816 3035 2980 3104 ὑμᾶς,
3029 3035 3123 3087 καὶ
3163 3034 3271 3087 τῶν
3321 3032 3455 3085 ἴσων
3500 3031 3777 3102 Ῥωμαίοις

2222 3127 2608 3199 μεταδιδόντες,
2636 3125 2693 3178 ἓν
2714 3143 2765 3177 τι
2800 3126 2913 3194 μετ’
2944 3124 3119 3178 αὐτῶν
3140 3124 3318 3195 δόγμα
3347 3126 3571 3194 κρατεῖν
3594 3126 3649 3175 ὲν
3672 3124 3777 3183 ταῖς

2229 3218 2571 3287 Ἐκκλησίαις
2642 3216 2951 3287 κελεύομεν.
3010 3214 3216 3268 Οὐκοῦν
3253 3214 3617 3285 Φρουμέντιον
3676 3210 3777 3281 (26)

2214 3310 2305 3363 τὸν
2338 3309 2631 3363 ἐπίσκοπον
2660 3308 2971 3377 ἐκπέμπετε
2996 3306 3093 3378 τὴν
3125 3306 3387 3377 ταχίστην
3417 3308 3497 3369 είς
3520 3307 3779 3373 Αἴγυπτον

2216 3399 2366 3470 παρὰ
2409 3399 2498 3451 τὸν
2543 3399 2865 3469 σεμνότατον
2907 3396 3174 3468 Γεώργιον
3217 3398 3310 3450 τὸν
3359 3397 3657 3450 ἐπίσκοπον
3694 3394 3781 3448 καὶ

2216 3491 2341 3553 τοὺς
2371 3490 2559 3553 ἄλλους
2598 3491 2722 3552 τοὺς
2756 3491 2875 3542 κατ’
2918 3488 3206 3556 Αἴγυπτον,
3248 3487 3297 3540 οἳ
3330 3486 3425 3539 τοῦ
3471 3487 3780 3557 χειροτονεῖν

2218 3583 2313 3636 καὶ
2336 3582 2541 3653 κρίνειν
2564 3581 2633 3634 τὰ
2660 3581 2881 3633 τοιαῦτα
2905 3580 3083 3650 κύριοι
3108 3578 3302 3649 μᾶλλόν
3328 3572 3489 3631 εἰσιν.
3522 3577 3657 3630 Ἰστε
3680 3576 3778 3644 γάρ

2218 3674 2388 3745 δήπου
2423 3674 2515 3727 καὶ
2552 3671 2850 3743 μέμνησθε,
2886 3673 2932 3723 εί
2964 3670 3036 3741 μὴ
3067 3670 3188 3723 λίαν
3210 3669 3279 3722 τὰ
3308 3669 3462 3741 παρά
3477 3670 3636 3723 πᾶσιν
3661 3670 3779 3738 ὀμο-

2220 3766 2522 3838 λογούμενα
2565 3765 2712 3837 μόνοι
2735 3766 2947 3833 ἀγνοεῖν
2976 3762 3378 3834 προσποιεῖσθε,
3406 3762 3489 3814 δτι
3514 3762 3597 3814 τὸν
3618 3761 3779 3829 Φρουο

2225 3860 2434 3930 μέντιον
2469 3857 2654 3911 τοῦτον
2690 3859 2767 3920 είς
2799 3856 2997 3925 ταύτην
3035 3854 3132 3925 τὴν
3165 3852 3317 3916 τάξιν
3360 3853 3455 3905 τοῦ
3504 3852 3615 3921 βίου
3658 3865 3778 3902 κατ-

2222 3951 2448 4021 έστησεν
2493 3948 2834 4011 Ἀθανάσιος,
2883 3946 3096 4017 μυρίοις
3136 3943 3317 4013 ἔνοχος
3362 3941 3438 3994 ὢν
3482 3942 3692 4003 κακοῖς·
3721 3938 3780 4000 ὃς

2222 4042 2372 4094 οὐδὲν
2412 4040 2519 4093 τῶν
2549 4038 2955 4110 ἐπιφερομένων
2997 4035 3359 4105 ἐγκλημάτων
3389 4032 3541 4102 αὐτῷ
3573 4028 3780 4090 δικαίως

2224 4132 2379 4203 ἔσχεν
2412 4130 2787 4192 ἐπιλύσασθαι,
2820 4129 3015 4181 αὐτίκα
3054 4128 3153 4197 τῆς
3183 4127 3282 4197 μὲν
3326 4124 3593 4193 καθέδρας
3630 4120 3781 4173 ἐκτέ-

2225 4238 2407 4274 πτωκε
2427 4261 2441 4285 ,
2476 4220 2569 4272 καὶ
2604 4218 2696 4271 τοῦ
2742 4218 2854 4288 βίου
2886 4216 2976 4270 τοῦ
3010 4218 3183 4285 πάντη
3225 4213 3543 4285 διαμαρτὼν
3579 4212 3778 4270 ἀλᾶται.

2227 4313 2319 4364 ἀπ’
2356 4312 2519 4380 ἄλλης
2560 4312 2639 4373 είς
2667 4310 2832 4381 ἄλλην
2858 4310 2960 4379 γῆν
3003 4308 3483 4379 μετανιστάμενος.
3517 4305 3692 4372 ὥσπερ
3716 4302 3782 4353 ὲκ

2225 4402 2416 4455 τούτου
2456 4402 2517 4455 τὸ
2556 4402 2725 4465 κακὸς
2760 4397 2902 4454 εἶναι
2950 4398 3390 4469 διαφευξόμενος.
3445 4397 3510 4449 Ei
3558 4396 3651 4465 μὲν
3690 4385 3783 4444 οῦν

2162 4497 2458 4584 Βετοίμως
2507 4495 2866 4550 ὑπακούσειεν
2915 4495 2943 4547 ὁ
2988 4491 3380 4564 Φρουμέντιος,
3430 4486 3649 4584 εὐθύνας
3685 4483 3782 4552 τῆς

2233 4588 2359 4659 ὅλης
2392 4587 2771 4648 καταστάσεως
2798 4584 3002 4648 δώσων,
3035 4581 3192 4652 δῆλος
3222 4580 3373 4633 ἔσται
3405 4578 3555 4649 παρὰ
3582 4575 3783 4629 πάντων

2233 4678 2311 4749 τῷ
2345 4678 2444 4748 τῆς
2499 4677 2821 4749 Ἐκκλησίας
2863 4677 3011 4747 νόμῳ
3052 4676 3147 4728 καὶ
3189 4677 3257 4745 τῇ
3300 4673 3575 4745 κρατούσῃ
3618 4671 3783 4723 πίστει

2236 4771 2356 4824 κατ’
2397 4768 2546 4822 οὐδὲν
2587 4768 2896 4838 διαφωνῶν·
2949 4767 3156 4837 κριθείς
3205 4783 3264 4818 τε
3310 4766 3404 4819 καὶ
3443 4765 3564 4827 δοὺς
3604 4763 3783 4831 πεῖραν

2238 4858 2428 4914 ἑαυτοῦ
2465 4858 2557 4913 τοῦ
2587 4860 2783 4923 παντὸς
2816 4858 2952 4928 βίου,
2981 4858 3076 4910 καὶ
3102 4857 3258 4924 λόγον
3300 4856 3490 4908 τούτου
3524 4849 3779 4925 παρασχόο

2244 4969 2402 5024 μενος
2440 4950 2592 5021 παρὰ
2628 4950 2735 5004 τῶν
2765 4948 2835 5002 τά
2878 4948 3099 5002 τοιαῦτα
3137 4948 3450 5019 κρινόντων.
3493 4947 3599 5001 Καὶ
3627 4959 3781 4997 κατα-

2242 5045 2495 5114 στήσεται
2537 5042 2663 5114 παρ’
2697 5041 2894 5104 αὐτῶν,
2926 5043 2974 5093 εί
3012 5040 3190 5110 μέλλοι
3222 5039 3300 5109 τῷ
3330 5040 3441 5092 δντι
3469 5038 3601 5091 κατά
3622 5034 3675 5088 τὸ
3700 5033 3779 5086 δί-

2241 5151 2395 5187 καιον
2424 5133 2715 5195 ἐπίσκοπος
2745 5129 2881 5185 εἶναι
2911 5132 3102 5184 δοκεῖν.
3138 5131 3200 5182 Εί
3236 5130 3293 5182 δὲ
3326 5128 3659 5183 ἀναϐάλλοιτο
3685 5122 3778 5174 καὶ

2244 5226 2434 5296 φεύγοι
2458 5224 2556 5294 τὴν
2583 5223 2783 5294 κρίσιν,
2810 5224 3026 5294 εὔδηλον
3064 5223 3350 5293 δήπουθεν,
3384 5224 3466 5276 ὅτι
3491 5224 3595 5284 τοῖς
3631 5215 3776 5269 ’Δοαο

2316 5449 2428 5519 (25)
2455 5448 2623 5521 Hujus
2662 5448 2956 5521 [rumentii
2979 5448 3269 5521 historiam
3301 5449 3423 5504 vide
3447 5441 3779 5521 ιιρυιιίῐὶυίὶειἶ

2245 5520 2297 5591 1,
2318 5517 2357 5582 ι,
2386 5517 2437 5574 δ.
2479 5517 2565 5584 l9,
2580 5528 2645 5591 et
2680 5517 2946 5591 Theodor.
2978 5519 3094 5591 lat,
3116 5533 3165 5591 c.
3196 5517 3376 5591 25,_et
3420 5522 3471 5591 in
3500 5517 3777 5591 Athanasii

2254 5588 2373 5642 Vita
2401 5605 2429 5642 a
2470 5583 2623 5643 nobis
2658 5588 2953 5655 adornata;
2982 5588 3073 5641 τόν
3111 5588 3263 5643 deest
3295 5588 3349 5641 in
3381 5590 3568 5647 editis.
3598 5583 3674 5640 sed
3714 5583 3773 5634 ill

2245 5658 2619 5731 Regulegitur.
2998 5727 3011 5731 Δ
3215 5727 3243 5731 η
3393 5727 3417 5731 _
3513 5727 3525 5731 _
3674 5716 3734 5731 ι,

2315 5719 2428 5796 (26)
2456 5719 2583 5782 Post
2610 5729 2745 5792 haac,
2777 5727 2902 5782 editi
2928 5727 3146 5789 habent,
3170 5727 3321 5791 τέλος
3358 5727 3458 5795 τῆς
3507 5719 3776 5788 ἑταστολῆς

2243 5797 2464 5861 ταύτης,
2491 5813 2609 5861 qua:
2639 5799 2802 5864 verba
2834 5799 3025 5853 desunt
3055 5797 3105 5851 in
3134 5797 3267 5861 Reg.
3302 5806 3352 5851 et
3376 5797 3537 5851 Basil.
