3954 6496
202 415 296 472 637

1221 402 1564 461 APOLOGIA
1602 403 1693 457 AD
1734 399 2226 459 CONSTANTIUM
2274 402 2412 459 1MP.

3346 406 3453 464 658

199 532 380 590 νασίου
438 527 536 584 τοῦ
594 526 961 599 πονηροτάτου
1016 523 1192 594 λόγοις
1241 522 1480 594 ἠγμένος
1529 520 1777 574 δυσσεϐεῖ

1881 518 2096 573 ductum
2131 518 2293 589 impie
2335 518 2403 575 de
2434 517 2547 573 Deo
2589 517 2811 588 sentire,
2857 521 2931 576 ita
2977 533 3170 592 nempe
3199 520 3453 577 affectum

203 627 327 699 περὶ
369 624 431 679 τὸ
478 624 651 689 θεῖον,
687 619 831 675 οὕτω
870 616 1257 691 προῃρημένος
1285 616 1361 679 ὼς
1407 616 1612 676 ἐκεῖνος
1666 613 1776 665 ἀπ-

199 697 408 790 ἐδείχθη
439 715 675 787 πονηρὸς
708 712 801 766 ὥν.
831 712 942 765 Καὶ
961 710 1077 773 δέος
1106 709 1201 781 μὴ,
1232 707 1421 770 διαϐὰς
1459 707 1538 769 εἰς
1567 704 1773 768 Αοξου-

202 828 310 883 μιν,
339 806 633 878 διαφθείρῃ
665 805 792 865 τοὺς
836 801 966 872 παρ’
1002 801 1152 871 ύμῖν,
1202 798 1394 866 λόγους
1427 796 1638 863 ἐναγεῖς
1679 793 1774 846 καὶ

198 901 471 963 δυσσεϐεῖς
524 897 930 970 παρεχόμενος,
985 891 1060 964 μὴ
1098 891 1257 963 μόνον
1303 889 1403 952 τὰς
1450 885 1775 956 Ἐκκλησίας

201 993 439 1064 συγχέων
468 991 562 1045 καὶ
591 987 855 1060 θορυϐῶν,
889 986 985 1039 acati.
1017 981 1350 1054 βλασφημῶν
1377 983 1457 1044 είς
1478 980 1568 1033 τὸν
1594 977 1774 1051 κρείτ-

197 1104 340 1151 τονα,
382 1083 519 1139 ἀλλὰ
544 1082 771 1144 καὶτοῖς
802 1077 944 1132 κατὰ
969 1077 1029 1130 τὸ
1054 1076 1203 1139 ἔθνος
1232 1076 1295 1127 ἐκ
1318 1074 1523 1126 τούτων
1550 1072 1775 1142 ἀνατρο-

199 1179 301 1251 πὴν
341 1178 439 1231 καί¹
475 1176 769 1229 ἀνάστασιν
822 1169 1061 1239 παντελῆ
1106 1164 1401 1238 προξενῶν.
1451 1165 1639 1233 Ἴσμεν
1693 1162 1770 1225 δὲ,

197 1271 294 1334 ὅτι,
335 1265 669 1340 προσμαθών
702 1283 755 1318 τι
798 1264 890 1317 καὶ
935 1261 1077 1333 μέγα
1122 1258 1218 1312 καὶ
1255 1257 1431 1311 κοινὸν
1473 1255 1664 1325 ὄφελος
1711 1255 1773 1307 ἐκ

146 1354 290 1449 iaci};
311 1360 405 1415 τοῦ
436 1357 765 1431 σεμνοτάτου
790 1353 1063 1428 Γεωργίου
1097 1348 1381 1411 συνουσίας
1408 1347 1769 1416 ἀπονάμενος,

198 1456 287 1509 καὶ
322 1453 430 1507 τῶν
458 1449 686 1513 λοιπῶν,
732 1450 845 1500 ὅσοι
888 1447 957 1499 τά
1003 1442 1228 1498 τοιαῦτα
1273 1438 1548 1493 παιδεύειν
1590 1437 1774 1509 ἄκρως

199 1551 361 1610 ἴσασι,
388 1545 491 1617 τὴν
524 1542 693 1613 αὐτὴν
721 1538 1002 1610 ἐπανήξει,
1041 1536 1216 1591 πάντα
1254 1533 1323 1586 τὰ
1350 1532 1456 1584 τῶν
1482 1531 1772 1601 ἐκκλησια-

199 1638 393 1694 στικῶν
424 1638 504 1701 εἱς
534 1635 703 1707 ἀκρον
744 1629 1090 1704 ήκριϐωκώς.
1136 1630 1195 1682 '0
1232 1626 1363 1689 Θεὸς
1396 1626 1541 1697 ὑμᾶς
1584 1623 1774 1694 διαφυ-

198 1734 397 1797 λάττοι,
432 1728 655 1797 ἀδελφοὶ¹
679 1724 1019 1797 τιμιώτατοι.

262 1826 349 1881 52.
386 1822 575 1876 Ταῦτα
601 1818 813 1874 ἁκούων
843 1816 974 1886 ἐγὼ,
1002 1814 1097 1869 καὶ¹
1126 1812 1308 1885 σχεδὸν
1336 1811 1547 1883 βλέπων
1576 1809 1667 1879 ἀφ’
1697 1802 1771 1864 ὧν

1877 618 1935 663 ιιι
1995 609 2086 664 ille
2127 609 2354 666 aﬂ‘ectus
2390 612 2699 668 declaratus
2736 622 2842 678 est,
2889 611 3147 669 scelestus
3195 629 3319 668 cum
3356 614 3452 670 sit.

1875 699 2296 772 Verendumque
2338 711 2425 758 est
2466 719 2534 759 ne
2578 704 2885 759 Auxumim'
2922 704 3222 774 profectus,
3249 715 3458 760 vestra-

1872 801 1955 849 tes
1974 793 2196 849 nefariis
2219 804 2274 849 et
2296 795 2475 867 impiis
2495 796 2837 851 sermonibus
2863 804 3200 865 corrumpat;
3234 810 3332 850 nec
3360 810 3456 850 so-

1874 884 1982 939 lum
2013 886 2271 941 ecclesias
2296 887 2593 943 confundat
2614 896 2668 943 et
2698 888 2898 953 turbet,
2933 887 2985 942 in
3026 888 3301 957 Deumque
3334 887 3453 941 bla-

1874 977 2142 1047 sphemet,
2190 979 2283 1034 sed
2321 980 2484 1034 etiam
2522 980 2747 1051 singulis
2783 979 3093 1035 nationibus
3119 981 3245 1034 hinc
3269 988 3454 1034 vasta-

1875 1070 2038 1125 tionis
2068 1077 2123 1124 et
2171 1071 2368 1126 excidii
2419 1082 2610 1127 auctor
2649 1073 2741 1128 sit.
2788 1072 3008 1129 Certum
3046 1073 3242 1143 quippe
3279 1074 3453 1129 habeo

1874 1159 2045 1228 ipsum
2083 1160 2453 1219 Frumentium
2492 1179 2596 1219 non
2638 1180 2810 1236 pauca
2857 1166 3130 1231 edoctum,
3185 1180 3457 1236 magnam-

1874 1266 1978 1321 que
2025 1252 2079 1307 in
2134 1253 2408 1323 publicum
2466 1256 2665 1312 bonum
2720 1258 3009 1313 utilitatem
3064 1270 3452 1322 consecutum,

1872 1345 2324 1402 venerabilissimi
2381 1347 2588 1403 scilicet
2642 1350 2858 1421 Georgii
2895 1350 3190 1414 consortio,
3243 1364 3454 1405 necnon
3498 1356 3502 1363 ‘

1874 1437 2199 1506 reliquorum
2232 1439 2323 1508 qui
2359 1440 2411 1494 in
2438 1439 2503 1496 iis
2527 1441 2784 1496 docendis
2816 1443 3058 1512 apprime
3081 1443 3278 1497 versati
3303 1453 3452 1507 sunt,

1874 1530 1941 1584 ad
1973 1545 2099 1586 suas
2123 1532 2279 1587 sedes
2301 1548 2671 1599 reversurum,
2700 1534 2753 1588 in
2780 1534 3031 1591 omnibus
3066 1536 3459 1591 ecclesiasticis

1872 1620 2033 1677 rebus
2059 1622 2302 1692 apprime
2332 1624 2625 1680 eruditum.
2652 1625 2793 1682 Deus
2824 1640 2920 1681 vos
2947 1627 3233 1695 custodiat,
3259 1626 3458 1685 fratres

1874 1711 2307 1773 honoratissimi.

1941 1807 2034 1863 52.
2064 1806 2159 1862 His
2193 1808 2393 1864 auditis
2416 1818 2469 1864 et
2489 1809 2879 1879 pr0pemodum
2917 1810 3234 1880 perspectis,
3262 1825 3360 1880 per
3389 1824 3456 1865 ea

198 1919 244 1971 οἱ
275 1914 708 1985 ἀπαγγέλλοντες
741 1909 1028 1981 ὠδύροντο,
1060 1903 1324 1978 ὁμολογῶ,
1355 1904 1515 1958 πάλιν
1553 1904 1631 1966 εἰς
1673 1902 1771 1973 τὴν

1881 1916 1992 1972 quae
2031 1900 2202 1955 nuntii
2235 1900 2368 1956 fusis
2409 1902 2668 1973 lacrymis
2706 1903 3058 1968 enarrabant,
3080 1903 3251 1957 fateor
3290 1915 3375 1957 me
3400 1903 3455 1958 in

198 2010 399 2082 ἔρημον
426 2006 763 2078 ὑπέστρεψα,
802 2002 959 2055 τοῦτο
1003 1998 1391 2069 λογισάμενος,
1429 1997 1566 2066 ὅπερ
1611 1995 1702 2047 καὶ
1735 1995 1769 2066 ή

199 2102 262 2173 σὴ
298 2099 580 2154 θεοσέϐεια
624 2096 850 2167 συνορᾷ·
887 2093 989 2156 ὅτι,
1036 2092 1085 2143 εί
1123 2086 1451 2161 ζητούμεθα,
1486 2087 1572 2139 ἵνα
1613 2086 1769 2156 εὑρε-

198 2188 378 2251 θέντες
413 2182 906 2258 παραπεμφθῶμεν
951 2179 1086 2252 πρὸς
1138 2178 1264 2241 τοὺς
1312 2175 1618 2247 ἐπάρχους,
1666 2173 1773 2227 κώ-

196 2280 345 2343 λυσίς
380 2282 498 2333 ἐστι
531 2277 625 2331 τοῦ
665 2275 739 2347 μὴ
773 2272 924 2346 παρὰ
969 2272 1068 2342 τὴν
1102 2270 1201 2341 σὴν
1242 2266 1650 2339 φιλανθρωπίαν
1687 2265 1774 2317 ἐλ-

100 2442 103 2443 ν
196 2373 326 2426 θεῖν.
357 2372 471 2425 Καὶ
495 2370 616 2423 εἰοὶ
654 2368 727 2439 μὴ
756 2365 1077 2437 θελήσαντες
1101 2358 1411 2432 ὑπογράψαι
1450 2357 1571 2411 καθ’
1594 2355 1770 2428 ἡμῶν,

194 2466 417 2522 τοιαῦτα
461 2464 555 2518 καὶ
594 2458 831 2515 τοσαῦτα
864 2455 1213 2519 πεπόνθασιν,
1238 2453 1379 2507 οἵτε
1421 2450 1493 2523 μὴ
1532 2450 1775 2511 θέλοντες

193 2562 303 2617 τῶν
326 2556 535 2614 λαῖκῶν
570 2554 847 2610 κοινωνεῖν
878 2552 990 2614 τοῖς
1045 2548 1339 2617 ’Ᾱρειανοῖς
1376 2542 1774 2613 ἐκελεύσθησαν

194 2653 560 2722 ἀποθνήσκειν
578 2663 592 2676 ·
635 2645 733 2698 ούκ
772 2640 1069 2715 ἀμφίϐολον
1088 2676 1103 2704 ,
1132 2637 1214 2690 ὅτι
1243 2637 1458 2698 πάντως
1488 2634 1774 2704 ἐπινοηθή-

197 2760 380 2798 σονται
416 2737 569 2810 παρὰ
596 2730 1091 2802 τῶνθσυκοφαντῶν
1127 2728 1429 2799 καινότεροι
1461 2726 1556 2780 καὶ
1592 2726 1773 2797 μυρίοι

194 2836 416 2889 θάνατοι
446 2830 569 2885 κατ’
595 2826 730 2899 ἐμοῦ
756 2843 769 2856 ·
799 2825 894 2879 καὶ
932 2822 1071 2894 μετὰ
1104 2821 1331 2875 θάνατον
1361 2819 1642 2889 κινήσουσι
1672 2816 1779 2870 λοι-

192 2922 292 2975 πὸν
345 2913 429 2982 οἷς
474 2916 754 2987 βούλονται
815 2911 911 2966 καὶ
955 2910 991 2965 δι
1043 2908 1322 2980 βούλονται
1369 2907 1670 2979 πράγματα
1724 2906 1775 2957 οἱ

191 3014 400 3087 ἐχθροὶ,
432 3010 754 3081 ψευδόμενοι
793 3004 913 3059 καθ’
962 2999 1119 3073 ἡμῶν
1163 2999 1439 3072 μειζόνως,
1466 2998 1541 3061 ὡς
1579 2997 1776 3069 μηκέτι

191 3108 412 3179 ἔχοντες
438 3106 565 3167 τοὺς
595 3102 913 3172 ἐλέγχοντας
952 3094 1167 3157 αὐτούς.
1192 3093 1266 3147 Ob
1307 3091 1415 3164 γάρ
1442 3091 1538 3162 τὴν
1568 3092 1666 3163 σὴν
1689 3092 1779 3145 εύ-

191 3200 415 3254 σέϐειαν
454 3192 642 3257 δεδιὼς
670 3192 896 3262 ἔφευγον
932 3182 1084 3259 (οῖδα
1118 3184 1227 3255 γάρ
1262 3199 1352 3235 σου
1401 3183 1501 3254 τὴν
1529 3181 1777 3248 ἀνεξικα-

1872 2006 2114 2047 eremum
2186 1990 2438 2046 retulisse
2495 1991 2721 2060 pedem,
2764 1991 2818 2046 id
2871 1991 3052 2047 animo
3096 1994 3459 2061 perpendens,

1871 2084 2015 2153 quod
2069 2092 2174 2138 tuae
2222 2097 2436 2152 quoque
2488 2082 2735 2153 religioni
2800 2093 3139 2152 perspectum
3198 2084 3456 2149 arbitror,

1876 2177 1922 2231 si
1966 2190 2065 2231 nos
2113 2190 2503 2245 quaereremur,
2538 2184 2598 2229 ut
2623 2175 2945 2243 deprehensi
2971 2176 3361 2230 adduceremnr
3388 2177 3456 2229 ad

1878 2269 2186 2339 praefectos,
2216 2268 2333 2324 fore
2378 2268 2508 2323 illud
2548 2269 2992 2337 impedimentum
3043 2282 3109 2321 ne
3168 2275 3314 2321 tuam
3356 2266 3456 2321 ad-

1873 2363 2076 2418 iremus
2119 2360 2531 2431 benignitatem.
2560 2360 2695 2416 Nam
2743 2361 2791 2416 si
2841 2359 2875 2414 ii
2912 2359 3003 2429 qui
3039 2352 3326 2413 adversum
3356 2372 3462 2412 nos

1873 2451 2219 2509 subscribere
2278 2458 2600 2505 recusarunt
2650 2458 2729 2507 tot
2775 2451 3053 2520 tantisque
3114 2449 3271 2505 malis
3330 2458 3461 2505 sunt

1874 2543 2050 2599 affecti
2092 2559 2109 2601 :
2153 2543 2200 2599 si
2251 2542 2377 2598 laici
2430 2543 2522 2613 qui
2586 2557 2710 2598 cum
2772 2541 2994 2597 Arianis
3052 2541 3464 2598 communicare

1876 2634 2166 2689 noluerunt
2230 2632 2428 2703 capitis
2501 2632 2745 2688 damnati
2806 2642 2983 2699 sunt;
3031 2630 3167 2686 nihil
3231 2630 3458 2687 dubium

1875 2735 1992 2781 erat
2075 2724 2380 2780 recentiora
2457 2739 2523 2781 ac
2602 2732 2854 2781 sexcenta
2917 2723 3084 2791 necis
3171 2738 3367 2794 genera
3429 2737 3460 2776 a

1876 2819 2033 2890 251
2075 2820 2427 2890 sycophantis
2478 2821 2765 2874 adversum
2811 2833 2899 2873 me
2946 2817 3312 2888 excogitatum
3349 2817 3459 2873 iri:

1877 2928 2071 2983 meque
2110 2914 2433 2968 obtruncato
2477 2911 2820 2967 adversarios
2857 2920 3075 2966 nostros
3105 2910 3368 2979 quidlibet
3400 2907 3456 2963 in

1878 3007 2148 3077 quoslibet
2180 3006 2590 3061 machinaturos
2621 3020 2761 3073 esse,
2796 3019 2972 3075 eoque
3003 3005 3259 3058 libentius
3288 3003 3465 3056 auda-

1879 3101 2107 3170 ciusque
2146 3099 2491 3163 mentituros,
2539 3112 2648 3167 quo
2683 3096 2816 3152 nulli
2854 3096 3084 3151 aderunt
3116 3095 3206 3165 qui
3243 3108 3302 3150 se
3334 3092 3463 3149 falsi

1879 3202 2130 3263 arguant.
2167 3190 2286 3245 Non
2320 3190 2464 3247 enim
2498 3190 2568 3245 ob
2600 3189 2823 3259 pietatis
2854 3196 2960 3243 tute
2991 3186 3335 3255 formidinem
3363 3200 3462 3238 au-

191 3293 314 3346 κίαν
356 3289 454 3343 καὶ
488 3285 588 3358 τὴν
625 3258 1086 3354 φιλανθρωπίαν),
1124 3275 1236 3329 ἀλλ’
1274 3274 1412 3346 ὁρῶν
1444 3276 1506 3328 ἐκ
1546 3273 1652 3327 τῶν
1688 3290 1775 3342 γι-

1881 3258 1991 3357 fugi
2024 3300 2039 3339 :
2074 3284 2349 3355 explorata
2393 3258 2769 3352 quippeimihi
2814 3288 2900 3336 est
2947 3288 3035 3334 tua
3082 3276 3369 3348 clemeqtia
3408 3284 3463 3329 et

98 3370 101 3371 ν
188 3385 436 3456 νομένων
457 3382 548 3435 τὸν
578 3377 747 3449 θυμὸν
774 3374 882 3429 τῶν
910 3370 1138 3443 ἐχθρῶν,
1165 3369 1260 3423 καὶ
1298 3367 1661 3447 λογιζόμενος,
1692 3368 1775 3420 ὅτι

188 3479 521 3549 φοϐούμενοι
550 3474 759 3546 μήποτε
792 3466 1118 3539 ἐλεγχθῶσιν
1148 3465 1230 3533 ἐφ’
1252 3457 1333 3525 οἷς
1358 3461 1597 3533 ἔπραξαν
1629 3460 1779 3532 παρὰ

187 3572 422 3642 γνώμην
476 3566 578 3638 τῆς
631 3565 729 3635 σῆς
768 3557 1193 3628 καλοκάγαθίας,
1248 3555 1424 3609 πάντα
1481 3552 1777 3627 πράξουσιν

187 3664 328 3716 ὥστε
366 3660 465 3715 καὶ
496 3657 833 3713 ἀποκτεῖναι.
879 3653 1008 3706 Ἰδοὺ
1044 3649 1153 3721 γὰρ
1188 3650 1221 3720 ἡ
1253 3648 1349 3719 μὲν
1381 3646 1448 3717 σὴ
1477 3646 1778 3715 φιλανθρω-

185 3756 284 3808 πία
320 3753 499 3826 μόνον
534 3749 641 3815 ἔξω
664 3746 772 3801 τῶν
812 3745 1018 3799 πόλεων
1052 3743 1148 3797 καὶ
1181 3740 1279 3811 τῆς
1306 3736 1573 3809 ἐπαρχίας
1609 3753 1778 3808 προσ-

184 3832 789 3913 έταξενζέκϐάλλεσθαι
844 3837 970 3898 τοὺς
1039 3832 1400 3894 ἐπισκόπουςο
1450 3830 1500 3882 οἱ
1542 3828 1597 3881 δέ
1650 3827 1780 3880 θαυ-

185 3939 417 4012 μαστοὶ,
462 3934 627 3988 πλέον
668 3948 719 3984 τι
765 3929 863 4000 τῆς
918 3927 1017 3997 σῆς
1056 3923 1401 3997 προστάξεως
1450 3919 1777 3991 τολμῶντες,

180 4033 321 4105 ὑπὲρ
348 4030 509 4102 τρεῖς
531 4024 798 4096 ἐπαρχίας
829 4023 908 4085 εἰς
936 4020 1175 4092 ἐρήμους
1211 4016 1308 4071 καὶ
1340 4016 1529 4086 ἀήθεις
1562 4013 1653 4066 καὶ
1685 4030 1782 4082 φο-

176 4104 393 4196 ϐεροὺς
439 4121 642 4181 τόπους
692 4112 956 4183 ἐξώρισαν
1007 4110 1267 4181 γέροντας
1319 4107 1637 4179 ἀνθρώπους
1685 4104 1781 4157 καὶ

176 4195 479 4276 πολυετεῖς
517 4207 872 4269 ἐπισκόπους.
910 4205 971 4258 Οἱ
1017 4203 1114 4274 μὲν
1153 4200 1261 4272 γὰρ
1294 4199 1401 4252 ἀπὸ
1439 4198 1537 4267 τῆς
1572 4195 1779 4265 Λιϐύης

173 4314 254 4377 είς
293 4311 414 4383 τὴν
443 4306 689 4379 μεγάλην
720 4303 931 4364 Ὄασιν,
972 4299 1020 4351 οἱ
1046 4296 1103 4351 δὲ
1137 4296 1246 4350 ἀπὸ
1272 4298 1372 4366 τῆς
1398 4291 1662 4363 Θηϐαΐδος
1701 4291 1781 4355 εἰς

174 4408 274 4466 τὴν
314 4396 724 4475 Ἀμμωνιακὴν
764 4399 862 4466 τῆς
895 4391 1101 4462 Λιϐύης
1132 4388 1538 4457 ἀπεστάλησαν.
1579 4384 1687 4438 Καὶ
1719 4383 1780 4436 οὐ

176 4474 591 4561 δεδιὼςίπάλιν
637 4488 949 4551 ἀποθανεῖν,
996 4484 1194 4553 ἔφυγον
1219 4501 1231 4511 ·
1281 4480 1355 4553 μὴ
1402 4478 1602 4542 δειλίας
1645 4474 1780 4548 ἐμοῦ

175 4610 263 4656 τις
312 4590 436 4661 (27)
491 4583 672 4640 αὐτῶν
725 4578 1213 4650 καταγινωσκέτω·
1263 4575 1376 4629 ἀλλ’
1415 4575 1497 4629 ὅτι
1538 4573 1633 4628 καὶ
1686 4570 1779 4625 τοῦ

174 4681 455 4755 Σωτῆρός
495 4680 614 4732 ἐστι
653 4672 1038 4747 παράγγελμα,
1078 4668 1437 4740 διωκομένους
1493 4668 1590 4739 μὲν
1636 4666 1791 4755 {mai

175 4754 443 4849 φεύγειν,
498 4769 864 4843 ζητουμένους
913 4766 970 4819 δὲ
1012 4761 1373 4835 κρύπτεσθαι,
1422 4760 1517 4816 καὶ
1573 4757 1649 4831 μὴ
1707 4754 1789 4821 εἱξ

174 4867 481 4946 προῦπτον
498 4864 760 4934 ⁸κίνδυνον
788 4858 1013 4922 ἑαυτοὺς
1046 4855 1333 4919 ἐκδιδόναι,
1367 4853 1499 4926 μηδέ
1524 4850 1788 4923 φαινομέ-

172 4985 305 5031 νους
333 4963 511 5019 πλέον
544 4958 785 5014 ἐκκαίειν
825 4953 934 5025 (28)
970 4952 1063 5005 τὸν
1092 4950 1260 5022 θυμὸν
1302 4950 1412 5003 τῶν
1454 4947 1783 5002 διωκόντων.

174 5061 332 5114 Ἴσον
364 5054 487 5126 γάρ
527 5052 645 5106 ἐστι
668 5048 730 5102 τὸ
754 5046 997 5118 φονεύειν
1027 5042 1238 5105 ἐαυτὸν,
1264 5042 1361 5094 καὶ
1399 5040 1599 5095 διδόναι
1623 5038 1785 5091 πάλιν

170 5150 383 5206 ἑαυτὸν
422 5146 541 5207 τοῖς
573 5140 786 5212 ἐχθροῖς
814 5139 894 5202 εἰς
921 5137 980 5191 τὸ
1024 5133 1291 5205 φονεύειν.
1334 5132 1407 5185 Τὸ
1448 5131 1506 5184 δέ
1539 5130 1784 5201 φεύγειν,

170 5244 252 5308 ὡς
281 5235 675 5311 παρήγγειλεν
708 5233 737 5285 ὁ
762 5230 973 5302 Σωτὴρ,
1001 5225 1291 5298 γινώσκειν
1316 5225 1433 5278 ἐστὶ
1456 5223 1547 5277 τὸν
1573 5221 1787 5292 καιρὸν,

168 5336 270 5389 καὶ
306 5309 544 5399 άληθῶς
577 5321 837 5395 κήδεσθαι
885 5319 994 5373 τῶν
1035 5316 1375 5377 διωκόντων,
1420 5313 1507 5366 ἵνα
1540 5310 1648 5382 μὴ,
1693 5309 1789 5363 καὶ

173 5429 390 5499 μέχρις
435 5421 671 5489 αἵματος
700 5414 1033 5485 φθάσαντες,
1070 5407 1361 5463 ὑπεύθυνοι
1391 5406 1657 5475 γένωνται
1690 5402 1786 5473 τῷ,

167 5496 637 5589 Μῆκςςονεύσῃς
656 5526 669 5539 ο
697 5510 745 5562 εί
771 5505 880 5579 (9.9)
912 5505 1006 5559 καὶ
1035 5504 1105 5557 τὰ
1131 5502 1365 5574 μάλιστα
1394 5498 1565 5552 καὶτὸ
1595 5496 1788 5550 παθεῖν

164 5613 331 5685 ἡμᾶς
368 5602 761 5663 διαϐάλλοντες
797 5597 1097 5668 βούλονται.
1141 5596 1208 5648 "A
1244 5593 1352 5666 γὰρ
1382 5592 1471 5646 καὶ
1498 5589 1592 5644 νῦν
1627 5588 1789 5641 πάλιν

246 5707 297 5739 ’⁸
324 5700 520 5759 Exod.
549 5714 641 5766 xx,
674 5696 764 5751 15.

246 5826 375 5897 (9.7)
414 5822 605 5897 ﬂerat.L
628 5836 729 5890 μου
758 5819 860 5882 τίς.

226 5878 379 5975 ,ξᾶδῇ
436 5878 536 5949 su”:
568 5878 704 5962 Reg.
767 5878 833 5946 etv
870 5886 1002 5944 edit.
1056 5884 1266 5943 Comm.
1332 5881 1471 5936 Edit.
1519 5878 1693 5934 Paris.
1743 5886 1797 5931 et

1879 3377 2218 3438 humanitas;
2249 3376 2343 3431 sed
2375 3374 2518 3444 quod
2563 3388 2628 3429 ex
2655 3372 2820 3444 gestis
2848 3370 3182 3426 facinoribus
3210 3367 3464 3422 ini-mico-

1880 3486 1997 3525 rum
2032 3469 2271 3524 furorem
2314 3483 2426 3539 pra:
2479 3465 2651 3522 oculis
2704 3465 2958 3519 haberem
2989 3480 3003 3516 :
3030 3474 3352 3530 mecumque
3376 3474 3465 3514 re-

1880 3573 2126 3634 putarem
2157 3560 2273 3615 fore
2301 3567 2362 3614 ut
2403 3558 2559 3613 veriti
2597 3557 2673 3612 illi
2711 3571 2776 3611 ne
2805 3556 2871 3611 de
2906 3553 3071 3609 rebus
3102 3562 3300 3622 praeter
3341 3566 3463 3621 pro-

1879 3654 2068 3709 bitatis
2112 3660 2217 3711 tuae
2268 3651 2594 3706 sententiam
2631 3648 2797 3720 gestis
2835 3652 3304 3714 coarguerentur;
3357 3640 3464 3695 mei

1881 3740 2244 3799 interficiendi
2288 3755 2452 3797 causa
2486 3740 2621 3796 nihil
2654 3755 2759 3795 non
2795 3744 3036 3808 agerent.
3072 3735 3165 3790 Nae
3200 3735 3287 3789 illa
3327 3736 3466 3789 dun-

1884 3845 2031 3891 taxat
2077 3834 2179 3890 fuit
2233 3842 2338 3888 tuae
2383 3831 2738 3889 humanitatis
2785 3828 2985 3899 jussio,
3032 3834 3092 3882 ut
3119 3825 3357 3896 episcopi
3397 3838 3466 3878 ex

1882 3929 2106 3984 urbibus
2140 3936 2197 3982 et
2227 3941 2296 3982 ex
2332 3925 2588 3995 eparchia
2623 3924 2951 3992 ejicerentur
2981 3938 2995 3975 :
3024 3934 3213 3975 verum
3250 3917 3327 3972 illi
3374 3917 3468 3969 ad-

1882 4021 2119 4076 mirandi
2148 4019 2277 4085 viri,
2313 4019 2436 4089 plus
2461 4033 2624 4088 quam
2660 4025 2717 4071 tu
2747 4018 2991 4085 iusseras
3019 4012 3158 4077 ausi,
3190 4011 3330 4064 ultra
3359 4020 3470 4063 tres

1882 4113 2189 4183 cparchias,
2250 4111 2306 4165 in
2355 4112 2608 4176 deserta,
2658 4107 2858 4163 inculta
2911 4114 2966 4161 et
3020 4103 3303 4159 horribilia
3346 4101 3465 4156 loca

1884 4221 2040 4262 senes
2092 4204 2340 4260 homines
2386 4212 2441 4258 et
2489 4203 2807 4274 grandaevos
2855 4199 3138 4269 episcopos
3186 4193 3465 4264 expulere.

1884 4298 2017 4351 Nam
2050 4298 2141 4367 qui
2186 4312 2253 4352 ex
2284 4295 2451 4368 Libya
2481 4303 2659 4361 erant,
2692 4294 2745 4347 in
2775 4304 3024 4359 magnam
3059 4286 3247 4351 Oasin,
3287 4294 3344 4340 et
3371 4283 3466 4354 qui

1885 4407 1952 4445 ex
1985 4390 2281 4455 Thebaide,
2309 4391 2360 4444 in
2396 4388 2801 4443 Ammoniacam
2836 4383 3017 4452 Libyae
3063 4390 3188 4436 sunt
3227 4378 3469 4449 relegati.

1886 4482 2073 4554 Neque
2104 4498 2317 4537 rursum
2352 4480 2643 4536 formidine
2675 4477 2866 4531 mortis
2891 4472 3075 4543 effugi,
3107 4486 3175 4528 ne
3204 4471 3326 4541 quis
3348 4469 3469 4523 illo-

1890 4590 2007 4629 rum
2040 4575 2164 4645 jure
2193 4572 2496 4628 timiditatis
2527 4586 2613 4625 me
2643 4579 2867 4639 arguat;
2903 4569 2999 4624 sed
3030 4567 3156 4637 quia
3185 4564 3316 4620 illud
3350 4561 3472 4618 Sal-

1889 4666 2096 4722 vatoris
2126 4675 2453 4735 praeceptum
2484 4673 2587 4729 est,
2613 4673 2693 4728 ut,
2715 4677 2839 4716 cum
2875 4660 3310 4730 persecutionem
3336 4656 3476 4726 pati-

1885 4772 2025 4820 mur,
2067 4755 2368 4827 fugiamus;
2418 4756 2545 4809 dum
2601 4751 2953 4823 inquirimur,
3014 4765 3112 4804 nos
3164 4747 3471 4804 absconda-

1888 4865 2028 4915 ntus,
2064 4864 2162 4905 nec
2203 4849 2257 4903 in
2298 4858 2544 4920 apertum
2596 4862 2697 4902 nos
2729 4846 3030 4916 periculum
3072 4841 3468 4897 immittamus:

1889 4962 1980 5013 ne,
2009 4945 2138 4999 dum
2186 4958 2284 4999 nos
2336 4940 2637 5005 oﬂ‘erimus,
2676 4947 3089 5010 persecutorum
3136 4934 3271 4988 iram
3303 4931 3475 5001 magis

1887 5040 2267 5095 accendamus.
2293 5034 2399 5091 Par
2426 5034 2623 5105 quippe
2654 5032 2862 5088 crimen
2894 5039 2978 5085 est
3021 5027 3122 5083 sibi
3167 5039 3361 5081 manus
3392 5024 3475 5078 in-

1889 5130 2054 5194 ferre,
2094 5139 2149 5182 et
2185 5128 2423 5199 seipsum
2473 5124 2714 5181 inimicis
2760 5119 3195 5178 interﬁciendum
3234 5115 3471 5169 tradere.

1888 5223 2106 5278 Etenim
2143 5220 2351 5290 fugere,
2399 5229 2457 5275 ut
2483 5219 2648 5291 jussit
2675 5217 2951 5281 Salvator,
2989 5212 3120 5273 illud
3148 5217 3231 5265 est
3262 5216 3473 5274 tempus

1889 5329 2205 5386 agnoscere,
2241 5329 2306 5369 ac
2335 5328 2524 5370 revera
2569 5319 2976 5383 persecutorum
3019 5316 3203 5358 curam
3249 5309 3468 5369 gerere:

1890 5385 1947 5460 ut
1983 5420 2049 5461 ne
2083 5405 2158 5460 illi
2195 5407 2261 5461 ad
2290 5405 2610 5476 sanguinem
2643 5414 2812 5469 usque
2834 5395 3207 5453 deszevientes,
3234 5386 3311 5441 rei
3335 5385 3474 5440 fiant

1890 5499 2072 5553 violati
2118 5499 2262 5555 illius
2297 5496 2549 5570 praecepti
2582 5512 2597 5548 :
2634 5492 2755 5546 Non
2787 5485 3077 5544 occides”.
3116 5480 3354 5536 Tametsi
3394 5477 3470 5531 illi

1889 5592 2015 5647 dum
2060 5606 2159 5649 nos
2188 5591 2592 5648 calumniantur
2624 5587 2673 5640 id
2711 5581 2945 5637 maxime
2985 5584 3249 5649 spectant,
3283 5581 3343 5628 ut
3375 5584 3476 5628 nos

1894 5802 2108 5864 Colom,
2129 5800 2393 5868 ἐγκαίειν.

1983 5873 2091 5942 (29)
2135 5864 2224 5925 Sic
2259 5871 2386 5939 ltcg.
2420 5869 2473 5925 In
2500 5867 2658 5925 editis
2684 5868 2731 5919 εἰ
2754 5864 2924 5921 deest.
