3954 6498
555 395 653 451 6H

1144 386 1201 442 S.
1243 383 1611 441 ATHANASII
1650 381 1803 436 OPP.
1842 379 2023 434 PARS
2060 380 2102 433 1.
2143 409 2212 419 --
2250 376 2623 435 HISTORICA
2661 377 2750 434 ET
2792 375 3217 435 DOGMATICA.

3712 378 3810 434 διε

560 513 701 582 quod
725 510 929 565 scilicet
945 505 1240 561 Christiani
1265 504 1386 567 viri,
1417 519 1480 557 ac
1506 501 1845 570 potissimum
1864 498 2125 568 episcopi,

2261 497 2356 561 ῶν,
2392 496 2488 549 καὶ
2520 492 2753 565 μάλιστα
2796 491 2906 546 τῶν
2938 491 3274 544 ἐπισκόπων.
3327 490 3399 542 Ἣ
3426 490 3476 542 εἰ
3513 487 3591 560 μὴ
3642 488 3811 559 βούλει

522 634 525 639 -
562 616 669 657 tam
703 600 906 656 nefaria
938 599 1341 660 machinentur,
1369 592 1744 664 ejusmodique
1772 604 1862 644 res
1896 590 2132 644 scribere

518 678 537 767 ί
561 692 697 749 nihil
740 701 1051 745 vereamur.
1102 685 1254 754 Quod
1299 685 1344 740 si
1380 681 1623 753 graveris
1678 695 1792 735 rem
1848 680 2131 750 indagare,

532 773 772 855 aequum
813 797 945 838 sane
999 779 1162 836 fuerit
1194 786 1252 832 ut
1283 777 1437 831 nobis
1483 775 1661 846 potius
1702 770 1793 841 qui
1838 772 2135 827 calumnias

556 876 883 947 depellimus
930 872 1089 927 [idem
1132 870 1368 935 habeas,
1415 882 1574 937 quam
1626 862 2132 920 calumniatoribus.

558 970 642 1024 Illi
675 968 872 1038 quippe
902 979 1088 1035 pravo,
1122 969 1306 1032 utpote
1331 959 1487 1013 nobis
1524 956 1770 1022 inimici,
1805 956 1989 1009 animo
2022 956 2135 1010 hinc

560 1068 824 1115 movent:
856 1072 958 1111 nos
998 1068 1128 1108 vero
1173 1050 1344 1106 nostri
1383 1063 1545 1103 causa
1591 1055 1969 1103 concertantes
2004 1044 2139 1115 legi-

565 1155 695 1207 tima
719 1151 992 1205 ali’erimus
1032 1152 1370 1215 argumenta.
1428 1142 1531 1196 Per
1584 1140 1717 1194 mihi
1763 1140 1959 1193 mirum
2010 1152 2139 1193 sane

563 1257 669 1310 est,
696 1245 785 1301 ubi
814 1258 911 1298 nos
933 1257 1053 1296 cum
1090 1248 1236 1293 metu
1271 1250 1335 1292 ac
1367 1234 1668 1291 reverentia
1708 1233 1997 1287 scribimus
2024 1271 2039 1295 ,
2074 1230 2139 1285 il-

561 1341 645 1393 los
667 1353 732 1393 eo
768 1331 1109 1404 impudentiae
1136 1327 1469 1400 processisse
1490 1366 1505 1391 ,
1539 1335 1598 1378 nt
1648 1325 1814 1380 etiam
1851 1322 1989 1392 apud
2032 1322 2138 1375 im-

561 1440 865 1502 peratorem
892 1424 1107 1480 mentiri
1141 1422 1341 1475 ausint.
1384 1418 1491 1475 Sed
1535 1418 1782 1487 inquire,
1833 1428 2039 1485 quaaso,
2071 1413 2140 1468 ad

563 1523 848 1577 veritatem
889 1515 1276 1586 explorandam
1314 1530 1328 1567 :
1378 1520 1433 1567 et
1464 1521 1624 1581 prout
1651 1511 1915 1579 scriptum
1971 1516 2054 1563 est
2071 1507 2138 1570 ⁷⁸,

563 1612 845 1669 scrutando
871 1616 1111 1663 scrutare
1142 1619 1326 1660 coram
1368 1602 1529 1658 nobis
1551 1642 1566 1666 ,
1597 1601 1863 1655 undenam
1910 1598 2000 1653 isti
2024 1596 2142 1652 hinc

564 1722 684 1776 qua;
742 1704 928 1760 dicunt
992 1698 1299 1768 acceperint
1356 1712 1370 1748 :
1420 1704 1512 1749 aut
1542 1693 1760 1749 ubinam
1808 1693 1916 1746 sint
1948 1690 2142 1745 littera:

2235 587 2566 660 ἀνακρίνειν,
2616 585 2821 639 δίκαιον
2873 585 2967 637 καὶ
3014 584 3163 653 ἡμᾶς
3217 581 3574 636 πιστεύεσθαι
3622 582 3812 652 μᾶλλον

2235 677 2709 749 ἀπολογουμένους
2755 677 2789 748 ἢ
2839 675 2965 739 τοὺς
3033 674 3444 730 διαϐάλλοντας.
3501 669 3665 727 Οὗτοι
3724 676 3812 744 μὲν

2233 773 2364 844 γάρ,
2392 773 2468 835 ὠς
2498 770 2706 842 ἐχθροὶ,
2737 766 3150 840 πονηρεύονται,
3181 769 3348 838 ἡμεῖς
3380 767 3438 820 δὲ
3478 765 3811 834 ἀγωνιῶντες

2235 865 2333 927 τὰς
2362 862 2663 928 ἀποδείξεις
2712 859 3041 930 παρέχομεν.
3092 858 3254 911 Ἀλλά
3309 858 3365 911 δέ
3394 856 3809 927 θαυμάζωμθ),

2240 954 2355 1017 πῶς
2376 955 2535 1024 ἡμεῖς
2567 953 2663 1023 μὲν
2691 952 2805 1023 μετ’
2859 949 3142 1013 εὐλαϐείας
3193 948 3569 1019 φθεγγόμεθα,
3630 951 3811 1003 ἐκεῖνοι

2238 1047 2294 1100 δὲ
2322 1045 2601 1116 »τοσαύτην
2632 1045 2789 1114 ἔσχον
2818 1042 3223 1114 ἀναισχυντίαν,
3248 1042 3323 1105 ὡς
3371 1042 3468 1095 καὶ
3514 1040 3811 1111 ψεύσασθαι

2240 1137 2350 1208 (50)
2388 1136 2613 1207 βασιλεῖ.
2659 1136 2797 1189 Ἀλλ’
2849 1133 3100 1199 ἐξέτασον
3144 1132 3232 1186 διὰ
3278 1132 3374 1204 τὴν
3406 1132 3692 1205 ἀλήθειαν,
3730 1134 3811 1185 καὶ

2239 1228 2429 1301 ῶσπερ
2474 1229 2782 1301 γέγραπται
2805 1268 2819 1292 ,
2849 1226 3109 1296 ἐρευνῶν
3158 1227 3494 1295 ἐρεύνησωθ
3543 1225 3813 1295 παρόντων

2237 1323 2418 1395 ήμῶν,
2451 1323 2613 1375 πόθεν
2663 1321 2836 1375 ταῦτα
2861 1321 3150 1391 ξλέγουσιν,
3199 1319 3232 1390 ἢ
3277 1318 3443 1371 πόθεν
3501 1317 3715 1389 ηὑρέθη
3757 1318 3815 1370 τὰ

2240 1416 2562 1488 γράμματα.
2611 1414 2750 1467 Ἀλλ’
2777 1413 2901 1467 οὗτε
2954 1413 3064 1468 τῶν
3113 1412 3398 1485 ἡμετέρων
3446 1427 3533 1474 τις
3570 1409 3817 1482 ἐλεγχθή-

2242 1525 2413 1573 σεται,
2437 1505 2560 1561 οῦτε
2593 1507 2701 1562 τῶν
2732 1507 2937 1560 ἐκείνου
2969 1505 3160 1578 φήσειέ
3198 1519 3313 1567 τιςο
3345 1503 3663 1556 πέπλασται
3698 1503 3813 1571 γάρ.

2240 1602 2350 1655 Καὶ
2402 1601 2560 1653 πλέον
2610 1601 2761 1654 οὐδὲν
2805 1600 2948 1671 τάχα
3007 1598 3276 1671 προσήκει
3317 1597 3524 1667 ζητεῖν,
3556 1596 3681 1649 οὐδὲ
3720 1595 3818 1665 γὰρ

2244 1691 2546 1763 βούλονται,
2577 1692 2663 1745 ἵνα
2693 1692 2767 1763 μὴ
2800 1692 2894 1744 καὶ
2924 1694 2952 1744 ὁ
2975 1690 3183 1753 ταύτας
3211 1687 3434 1761 γράψας
3466 1687 3529 1753 ἐξ
3580 1688 3815 1755 ἀνάγκης

565 1809 820 1869 repertae.
853 1794 959 1850 Sed
990 1806 1165 1861 neque
1207 1806 1270 1845 ex
1315 1788 1519 1844 nostris
1551 1787 1818 1856 quispiam
1849 1784 2140 1839 convince-

2258 1784 2463 1856 εὑρεθῇ.
2494 1785 2672 1839 Ἵσασι
2703 1786 2811 1857 γὰρ
2833 1785 2994 1840 αὐτὸν
3012 1784 3062 1838 οἱ
3092 1783 3328 1837 διάϐολοι
3347 1782 3527 1851 μόνοι,
3556 1782 3656 1835 καὶ
3678 1780 3819 1845 ἄλλος

568 1867 676 1957 tur,
708 1905 884 1959 neque
909 1903 977 1943 ex
1018 1884 1232 1957 tyranni
1276 1882 1542 1936 ministris
1579 1881 1721 1934 ullus
1756 1880 1868 1933 haec
1897 1877 2094 1933 dixerit
2127 1894 2141 1930 :
2176 1867 2218 1921 Β
2247 1877 2440 1941 οὐδείς.
3364 1876 3379 1893 ‘

570 1999 660 2041 res
707 1970 905 2054 quippe
945 1993 1155 2035 merum
1183 1984 1267 2030 est
1307 1985 1697 2032 commentum.
1728 1975 1808 2028 Ac
1839 1972 1979 2027 forte
2010 1971 2141 2025 nihil
2180 1971 2404 2028 ulterius
2450 1972 2710 2041 indagare
2794 1987 2895 2042 par
2961 1980 3126 2038 esset,
3159 1970 3301 2041 quod
3348 1985 3417 2026 ne
3460 1970 3573 2025 illis
3618 1968 3818 2036 quidem

570 2078 827 2147 placeret,
860 2074 1063 2129 veritis-
1122 2072 1329 2129 scilicet
1387 2085 1458 2126 ne
1492 2082 1680 2125 earum
1723 2065 1959 2137 scriptor
1998 2064 2303 2120 litterarum
2373 2067 2682 2123 necessarie
2720 2066 3175 2137 deprehendatur.
3243 2062 3293 2119 is
3326 2064 3532 2135 quippe
3575 2062 3709 2118 solis
3744 2076 3819 2132 sy-

568 2172 854 2242 cophantis
881 2170 1119 2239 nullique
1152 2168 1241 2223 alii
1269 2176 1428 2222 notus
1454 2174 1555 2221 est.

639 2264 731 2319 14.
767 2261 919 2329 Quod
979 2270 1159 2313 autem
1215 2256 1345 2311 mihi
1403 2255 1457 2309 in
1522 2254 1726 2309 crimen
1786 2260 2031 2315 vertunt,
2091 2249 2143 2303 in

570 2371 766 2426 magna
801 2352 1045 2409 iecclesia
1074 2349 1310 2406 habitam
1344 2346 1510 2402 fuisse
1540 2346 1764 2415 synaxin
1786 2386 1801 2412 ,
1833 2346 2146 2414 priusquam

570 2446 898 2513 completum
931 2442 1219 2498 aedilicium
1242 2449 1385 2495 esset
1412 2455 1426 2491 :
1465 2452 1585 2507 age,
1612 2452 1730 2491 eam
1765 2451 1981 2506 quoque
2008 2435 2147 2504 apud

573 2551 721 2595 tuam
756 2539 1011 2606 pietatem
1039 2532 1366 2604 pr0pulsabo
1396 2530 1870 2591 criminationem;
1914 2542 1979 2583 eo
2003 2527 2148 2581 enim

574 2630 902 2704 compellunt
934 2627 1028 2698 qui
1053 2624 1431 2680 inimicissimo
1474 2636 1601 2690 erga
1644 2635 1739 2675 nos
1772 2622 1953 2673 animo
2001 2628 2145 2673 sunt.

571 2722 651 2777 lta
691 2738 749 2777 se
784 2735 871 2775 res
898 2719 1083 2785 habet,
1116 2716 1169 2771 id
1193 2714 1365 2771 fateor
1394 2729 1409 2767 :
1438 2722 1500 2768 ut
1537 2712 1679 2767 enim
1714 2712 1978 2766 hactenus
2017 2708 2150 2763 nihil

575 2814 843 2869 mendacii
868 2812 1086 2881 protuli,
1121 2809 1223 2864 hoc
1246 2808 1361 2877 jam
1394 2822 1502 2863 non
1535 2805 1744 2860 inlicias
1771 2805 1879 2858 ibo.
1907 2803 2010 2858 Sed
2044 2802 2150 2856 alio

576 2920 800 2975 prorsus
823 2905 1005 2967 modo,
1034 2916 1193 2971 quam
1224 2899 1583 2954 criminantur
1611 2896 1708 2962 illi,
1748 2904 1899 2965 gesta
1924 2908 2011 2949 res
2045 2902 2145 2948 est.

575 2999 746 3063 Bona,
774 3010 977 3066 quaeso,
1008 2995 1163 3049 venia
1193 2993 1308 3047 haec
1336 2992 1534 3056 dicam,
1567 3002 1907 3058 nequaquam
1935 2987 2148 3041 dedica-

575 3092 739 3147 tionis
788 3090 929 3147 diem
1001 3087 1197 3143 festum
1263 3084 1687 3147 celebravimus,
1748 3078 2151 3149 religiosissime

570 3189 854 3257 Auguste:
896 3183 949 3238 id
975 3195 1205 3251 namque
1230 3178 1580 3248 antejussum
1621 3184 1770 3229 tuum
1803 3186 1964 3243 agere
2000 3170 2151 3223 nefas

562 3278 766 3334 afuisset
800 3298 817 3333 τ
860 3290 1036 3346 neque
1066 3273 1313 3330 consulto
1359 3272 1427 3326 ad
1460 3271 1512 3326 id
1555 3268 1793 3322 animum
1822 3263 2146 3335 appulimus.
2178 3251 2220 3310 C

577 3369 766 3427 Nullus
787 3369 1093 3438 episcopus,
1121 3364 1301 3420 nullus
1325 3363 1429 3417 fuit
1458 3359 1690 3416 clericus
1717 3365 1984 3420 vocatus;
2019 3352 2151 3408 aedi-

579 3466 704 3520 ﬁcio
738 3465 937 3534 quippe
964 3460 1195 3531 plurima
1223 3457 1469 3512 deerant.
1506 3454 1620 3507 lmo
1667 3464 1796 3505 vero
1839 3448 1983 3503 nulla
2014 3461 2153 3516 prae~

576 3560 663 3613 via
719 3556 1016 3619 monitione
1068 3551 1292 3623 synaxis
1334 3558 1525 3605 coacta
1558 3555 1677 3610 est;
1718 3555 1779 3598 ut
1811 3558 1879 3598 ne
1930 3542 2053 3596 inde
2081 3538 2153 3592 illi

578 3647 946 3706 calumniandi
996 3645 1339 3700 occasionem
1394 3647 1753 3708 aucupentur.
1800 3635 1870 3689 At
1917 3647 2031 3687 rem
2077 3630 2157 3684 uti

578 3753 727 3814 gesta
757 3751 840 3796 est
866 3739 1044 3795 nullus
1076 3739 1290 3808 ignorat
1336 3751 1351 3788 :
1394 3731 1639 3787 ausculta
1677 3739 1856 3783 tamen
1877 3766 1894 3792 ,
1925 3738 2053 3793 rogo
2084 3731 2154 3786 te,

577 3852 679 3906 pro
710 3845 797 3889 tua
822 3830 1238 3888 mansuetudine
1268 3837 1322 3881 et
1348 3823 1654 3880 tolerantia.
1688 3820 1907 3874 Festum
1938 3815 2155 3885 quidem

579 3935 699 3982 erat
725 3925 1009 3979 Paschatis
1043 3936 1057 3973 :
1088 3920 1379 3991 populique
1416 3918 1605 3984 ingens
1628 3911 1818 3965 aderat
1842 3907 2156 3969 multitudo,

580 4028 843 4087 tantaque
867 4014 1301 4071 Christianorum
1340 4010 1516 4071 turba,
1552 4014 1810 4075 quantam
1848 4002 1901 4054 in
1935 3998 2158 4069 singulis

582 4111 811 4165 urbibus
826 4116 1041 4163 exstare
1061 4106 1412 4174 imperatores
1430 4099 1652 4155 Christo
1684 4096 1882 4151 addicti
1907 4101 2161 4163 peropta~

584 4216 643 4257 re
685 4201 941 4255 debeant.
996 4196 1131 4253 Cum
1187 4197 1351 4264 igitur
1399 4191 1643 4247 ecclesia:
1696 4202 1880 4256 paucae
1938 4200 2161 4240 numero

583 4300 766 4349 essent
797 4300 851 4344 et
894 4289 1310 4359 angustissime,
1362 4282 1565 4354 ingenti
1611 4280 1757 4336 edito
1800 4277 2033 4332 tumultu
2074 4290 2160 4329 ro-

583 4387 779 4456 gabant
812 4380 1011 4452 populi,
1042 4389 1100 4434 ut
1129 4379 1181 4434 in
1215 4392 1408 4447 magna
1447 4373 1676 4429 ecclesia
1704 4377 2002 4426 conventus
2037 4381 2161 4436 age-

585 4488 738 4532 retur
778 4493 793 4530 :
835 4476 1016 4544 ibique
1044 4486 1233 4527 omnes
1256 4484 1445 4543 preces
1476 4467 1763 4522 funderent
1802 4477 1899 4531 pro
1943 4474 2031 4514 tua
2076 4474 2155 4513 sa-

2323 2250 2409 2304 14.
2458 2249 2676 2320 Ἐπειδὴ
2702 2247 2759 2300 δὲ
2792 2245 3043 2314 καὶπερὶ
3091 2245 3190 2317 τῆς
3237 2244 3484 2315 μεγάλης
3542 2243 3819 2312 ἐκκλησίας

2249 2344 2661 2414 κατειρήκασιν,
2700 2337 2775 2405 ὡς
2816 2340 2880 2410 δὴ
2915 2337 3185 2404 συνάξεως
3209 2339 3327 2391 ἐκεῖ
3351 2336 3682 2406 γενομένης,
3710 2335 3819 2405 πρὶν

2249 2436 2419 2508 αὐτὴν
2454 2434 2847 2505 τελειωθῆναι·
2910 2432 3045 2502 φέρε
3092 2430 3187 2483 καὶ
3243 2428 3373 2500 περὶ
3426 2428 3626 2482 τούτου
3679 2427 3818 2480 πάλιν

2250 2530 2659 2600 ἀπολογήσομαι
2687 2529 2754 2598 τῇ
2789 2527 2855 2596 σῇ
2895 2520 3147 2594 εὐσεϐείᾳ
3176 2539 3190 2553 ·
3221 2522 3304 2584 εἰς
3345 2519 3525 2575 ταῦτα
3546 2518 3659 2591 γάρ
3688 2522 3820 2590 ἡμᾶς

2250 2623 2500 2676 ἕλκουσιν
2517 2622 2567 2674 οἱ
2607 2618 2908 2690 φιλέχθρως
2936 2616 3268 2687 διακείμενοι
3313 2615 3454 2686 πρὸς
3504 2614 3677 2684 ἡμᾶς.
3726 2612 3824 2665 Ναὶ

2250 2717 2496 2784 γέγονεν,
2522 2712 2768 2784 ὁμολογῶ
2793 2729 2806 2740 ·
2844 2711 2938 2764 καλ⁸
2968 2708 3079 2780 γὰρ
3107 2700 3199 2761 καὶ
3225 2706 3293 2760 τά
3313 2705 3512 2777 πρῶτα
3536 2705 3707 2773 λέγων
3735 2704 3824 2757 οὐκ

2252 2807 2589 2877 ἐψευσάμην,
2613 2802 2885 2858 καὶτοῦτο
2908 2800 3002 2853 νῦν
3022 2801 3124 2854 οὐκ
3148 2799 3476 2869 ἀρνήσομαι.
3510 2796 3649 2849 Ἀλλ’
3668 2794 3825 2856 ἄλλως

2252 2902 2413 2957 πάλιν
2446 2901 2479 2972 ἢ
2511 2901 2586 2963 ὡς
2614 2898 2769 2952 αὐτοὶ
2807 2893 3195 2967 κατειρήκασὶν
3226 2893 3342 2945 ἐστι
3365 2891 3428 2944 τὸ
3461 2888 3825 2962 πρᾶγμα.Καί

2256 3011 2345 3065 μοι
2374 2992 2731 3063 συγχώρησον
2763 2992 2957 3051 εἰπεῖν,
2988 2989 3089 3041 οὐκ
3130 2984 3422 3053 ἐγκαινίων
3473 2983 3690 3053 ἡμέραν
3739 2981 3826 3032 ἐπ-

2254 3087 2602 3157 ετελέσαμεν,
2635 3082 3022 3137 θεοσεϐέστατε
3046 3078 3321 3146 Αὖγουστε
3340 3092 3353 3105 ·
3385 3074 3548 3127 τοῦτο
3576 3073 3686 3143 γὰρ
3714 3070 3828 3125 ἀθέο

2259 3195 2414 3249 μιτον
2443 3172 2511 3247 ἦν
2547 3174 2763 3245 άληθῶς
2793 3172 2900 3243 πρὸ
2931 3171 3033 3239 τῆς
3060 3169 3160 3238 σῆς
3189 3165 3543 3239 προστάξεως
3580 3161 3793 3230 ποιῆσαι
3813 3177 3826 3189 ο

2254 3270 2374 3322 οὐδὲ
2427 3270 2491 3321 ἐκ
2555 3265 2913 3338 παρασκευῆς
2944 3264 3023 3325 εἰς
3073 3260 3230 3313 τοῦτο
3295 3256 3678 3329 παρήλθομεν⁶
3718 3251 3828 3306 οὐδὲ

2256 3359 2552 3421 ὲπίσκοπός
2573 3376 2657 3421 τις
2703 3357 2823 3410 οὐδὲ
2851 3355 3005 3417 ἄλλος
3033 3351 3294 3423 κληρικὸς
3334 3352 3416 3412 εἰς
3440 3348 3603 3401 τοῦτο
3647 3344 3832 3412 κέκλη-

2255 3468 2368 3516 ται,
2404 3451 2584 3504 ἔλειπε
2606 3450 2663 3502 δὲ
2686 3446 2854 3502 τωλλὰ
2876 3446 2969 3499 καὶ
3002 3443 3078 3515 τῷ
3102 3443 3246 3515 ἔργῳ
3280 3441 3417 3511 (51).
3467 3438 3607 3492 Ἀλλ’
3635 3435 3747 3489 οὐδὲ
3770 3436 3831 3486 ἐκ

2258 3542 2629 3617 παραγγελίας
2668 3541 2892 3610 γέγονεν
2930 3540 2963 3609 ή
2997 3535 3236 3600 σύναξις,
3275 3534 3365 3586 ἵνα
3425 3531 3693 3602 πρόφασιν
3740 3525 3831 3578 εὖ·-

2262 3655 2426 3709 ρωσιν
2446 3631 2592 3691 οὗτοι
2618 3633 2713 3688 τοῦ
2748 3633 3047 3688 κατειπεῖν.
3093 3627 3256 3682 Ἀλλά
3284 3626 3346 3679 τὸ
3374 3625 3663 3694 γενόμενον
3689 3621 3827 3673 ἴσασι

2259 3732 2492 3794 πάντες’
2518 3728 2748 3783 ἄκουσον
2791 3727 2849 3779 δὲ
2902 3726 3051 3794 ὅμως
3101 3724 3168 3791 τῇ
3203 3716 3403 3773 σαυτοῦ
3450 3714 3709 3793 ἐπιεικείᾳ
3734 3712 3829 3763 καὶ

2264 3792 2635 3894 μακροθυμίᾳ.
2667 3818 2859 3889 Ἑορτὴ
2884 3792 2979 3886 μέν
3011 3812 3121 3884 γὰρ
3139 3807 3206 3882 ἦν
3228 3809 3289 3861 τὸ
3328 3808 3541 3877 Πάσχα,
3572 3792 3599 3857 ό
3625 3804 3679 3858 δὲ
3708 3801 3831 3863 λαὸς

2260 3915 2404 3967 πάνυ
2440 3912 2607 3976 πολὺς
2632 3912 2727 3966 καὶ
2756 3907 3009 3969 τοσοῦτος
3039 3901 3129 3969 ἦν,
3168 3904 3290 3956 ὅσον
3320 3900 3387 3954 ἂν
3435 3898 3674 3963 εὖξαιντο
3696 3891 3832 3947 κατὰ

2261 4006 2415 4059 πόλιν
2463 3999 2599 4057 εἶναι
2644 3999 2982 4074 Χριστιανῶν
3026 3994 3361 4066 φιλόχριστοι
3418 3989 3669 4059 βασιλεῖς.
3714 3984 3833 4059 Τῶν

2261 4101 2440 4153 τοίνυν
2490 4094 2793 4166 ἐκκλησιῶν
2850 4091 3045 4159 ὀλίγων
3099 4084 3590 4157 καὶκβραχυτάτων
3644 4075 3827 4136 οὐσῶν.

2264 4190 2490 4263 Θόρυὸος
2539 4185 2606 4259 ἦν
2658 4187 2758 4240 οὐκ
2810 4183 3007 4253 ὀλίγος,
3044 4177 3338 4244 ἀξιούντων
3396 4177 3455 4229 ἐν
3505 4176 3569 4244 τῇ
3631 4167 3830 4240 μεγάλῃ

2264 4261 2531 4354 ἐκκλησίᾳ
2589 4278 2879 4341 συνελθεῖν,
2939 4276 3099 4328 κάκεῖ
3133 4272 3343 4333 πάντας
3381 4266 3633 4338 εὔχεσθαι
3686 4261 3826 4328 ὑπὲρ

2266 4377 2377 4448 (52)
2401 4349 2631 4445 τῆς-σῆς
2654 4368 2954 4440 σωτηρίας·
2984 4366 3121 4435 ὅπερ
3140 4364 3234 4417 καὶ
3262 4362 3506 4429 γέγονεν.
3545 4354 3673 4409 Ἀλλ’
3697 4349 3830 4421 ἐμοῦ

2266 4464 2710 4539 παρακαλοῦντος
2737 4462 2874 4523 τέως
2902 4459 3165 4527 ἐπισχεῖν,
3188 4455 3282 4508 καὶ
3306 4454 3455 4515 ὅπως
3486 4450 3673 4519 δήποτε
3697 4441 3831 4514 μετά

586 4569 717 4625 lute.
748 4569 946 4638 Sicque
992 4575 1111 4621 acta
1155 4534 1382 4621 res.est.
1427 4560 1510 4615 Me
1558 4567 1743 4613 contra
1784 4557 2069 4617 hortante,
2102 4562 2149 4605 ul

2268 4534 2496 4630 Mill/sm;
2530 4558 2588 4612 ἐν
2621 4558 2741 4619 ταῖς
2774 4552 2959 4614 ἄλλαις
2997 4546 3315 4619 ἐκκλησίαις
3365 4540 3702 4612 συναχθῆναι,
3732 4534 3832 4600 οὐχ

2706 4648 2709 4649 ,
2788 4647 2807 4649 α
3144 4640 3155 4649 .
3358 4633 3561 4649 .-ειη
3626 4624 3802 4649 ᾼ,..λ

585 4679 701 4721 rem
751 4662 1015 4732 tantisper
1069 4658 1370 4721 dill‘errent,
1425 4663 1480 4709 et
1520 4650 1762 4721 quolibet
1804 4647 1965 4702 modo
1994 4645 2149 4700 etiam

2267 4624 2603 4726 ὑπήκουσαν,
2636 4648 2751 4703 ἀλλ’
2785 4647 2990 4715 ἕτοιμοι
3026 4640 3314 4710 γεγόνασιν
3355 4633 3589 4702 ἐξελθεῖν
3616 4629 3702 4699 τὴν
3735 4624 3832 4677 πό-

583 4774 706 4814 cum
734 4752 1135 4823 compressione
1163 4751 1216 4803 in
1255 4747 1376 4803 aliis
1417 4742 1660 4800 ecclesiis
1689 4749 1865 4795 ccetus
1912 4745 2161 4808 agerent,

584 4863 790 4905 morem
818 4846 890 4901 illi
914 4860 1020 4901 non
1046 4855 1262 4914 gessere
1298 4855 1312 4893 :
1355 4837 1513 4911 241
1545 4835 1652 4890 imo
1681 4830 1857 4902 parati
1898 4838 2056 4885 erant
2094 4843 2161 4882 ex

587 4940 720 4995 urbe
740 4938 920 5008 egredi
945 4976 960 4999 .
992 4946 1050 4989 nt
1082 4935 1136 4989 in
1166 4931 1393 4989 desertis
1435 4928 1569 4983 locis
1611 4926 1711 4981 sub
1753 4923 1841 4980 dio
1867 4930 2166 4978 conventus

585 5031 957 5093 celebrarent;
984 5026 1156 5080 satius
1183 5024 1441 5079 ducentes
1470 5017 1683 5072 itineris
1718 5014 1959 5085 perferre
2014 5012 2165 5066 labo-

587 5138 729 5185 rem,
764 5135 924 5189 quam
951 5133 1072 5173 cum
1105 5130 1338 5171 maerore
1363 5114 1556 5167 festum
1593 5121 1879 5179 peragere.

664 5218 749 5270 la.
787 5214 924 5269 Nam
952 5206 1293 5274 crene‘milii,
1318 5214 1640 5266 imperator,
1665 5212 1718 5254 et
1738 5201 1908 5269 hujus
1936 5209 2155 5267 quoque

664 5360 709 5394 "
730 5356 845 5413 Joel
869 5374 909 5424 ι,
934 5356 986 5409 7.

664 5508 774 5581 (49)
802 5506 962 5581 βεεη
981 5501 1080 5581 ριὸ
1102 5491 1510 5581 καῖ’θαυμάξω,

978 5572 1134 5648 ξ-σχον
1164 5556 1880 5648 ἐλξουσίανὶίκαὶιψευσασθαι.

760 5626 776 5715 3
799 5626 1151 5719 llaa'cgke'im
1269 5635 1442 5719 πολλά
1463 5626 1658 5719 καὶίτῶ
1692 5631 2028 5719 ιττργ,ιρ,ζξιιιτξῇλ

596 5691 1287 5784 imiiéiéwcﬁdfi‘n'gains
1330 5691 1738 5784 desiderantur.
1760 5691 1951 5784 hastu,
1979 5691 2162 5784 ἐλείπε

685 5763 1164 5850 πξῗλάκῖξκαῖτῷ
1203 5779 1372 5850 ἔργῳ,
1406 5774 1483 5828 Eo
1509 5775 1634 5850 item
1691 5768 1850 5850 modo
1902 5763 2161 5850 scrip‘tnrn

592 5831 773 5919 primo
797 5831 1253 5929 fueratJi'tivll‘e'giol,
1279 5831 1371 5903 'séd
1403 5844 1745 5900 emendatum
1775 5846 1833 5891 ut
1859 5848 2019 5899 supra
2042 5831 2161 5883 fuit.

2266 4718 2375 4812 λιν,
2397 4745 2476 4807 είς
2515 4743 2639 4805 τοὺς
2696 4740 2934 4811 ἐρήμους
2988 4733 3190 4794 τόπους
3248 4730 3307 4782 ἐν
3367 4726 3504 4799 ἡλίῳ
3554 4718 3827 4776 συνελθεῖν,

2270 4808 2475 4908 βέλτιον
2518 4808 2813 4903 ἡγούμενοι
2870 4827 3115 4897 κάματον
3158 4822 3403 4888 ἐνεγκεῖν
3444 4815 3641 4883 όδοῦ,ἧ
3696 4808 3830 4880 μετά

2268 4929 2444 4999 λύπης
2476 4925 2574 4995 τὴν
2594 4922 2785 4995 ἑορτὴν
2817 4918 3059 4988 ποιῆσαι.

2317 5188 2425 5242 ⁸15.
2465 5185 2694 5238 Πίστευε
2735 5177 2995 5252 (55)γὰρ,
3046 5170 3295 5244 βασιλεῦ,
3332 5169 3424 5223 καὶ
3481 5164 3602 5235 περὶ
3650 5154 3827 5211 τούτου

2334 5472 2447 5544 (5‘2)
2475 5471 2529 5544 In
2559 5466 2719 5524 editis
2741 5463 2969 5518 habetur
2996 5456 3091 5511 καί
3118 5465 3244 5511 ante
3269 5419 3439 5521 ὑπέρ,
3463 5446 3551 5503 sed
3580 5443 3626 5497 in
3647 5433 3821 5491 codice

2268 5544 2434 5612 [legio
2466 5543 2638 5595 deest.
2830 5600 2843 5612 _
3032 5598 3072 5612 ,ί
3126 5596 3169 5612 ἢ
3243 5594 3286 5612 ,Α
3313 5602 3429 5612 μ’,
3456 5582 3617 5612 “mm:

2468 5584 2915 5684 Reg-:anatsndw,
2942 5598 3105 5653 male.
3126 5594 3295 5678 Paulo
3313 5602 3435 5684 post
3456 5584 3676 5684 Nannius
3696 5584 3824 5684 is:

2267 5654 2446 5739 ιὶιυῖῗ
2466 5654 3124 5750 ίῄλῗιξέῖάιξῖιξεηξεοοειεδ
3157 5682 3176 5720 :
3209 5654 3354 5721 itane
3396 5656 3601 5731 legerit,
3623 5664 3676 5704 an
3700 5654 3819 5697 m0-

2267 5756 2436 5811 moria
2463 5745 2646 5820 lapsus
2679 5747 2773 5809 sit,
2810 5745 3103 5798 incertum.
