3954 6500
178 380 272 438 613

1114 364 1121 369 ‘
1168 355 1545 431 'APOLOGIA
1583 371 1674 427 AD
1713 369 2204 427 CONSTANTIUM
2243 367 2361 424 me

3292 366 3401 426 6η

176 498 325 552 πάλιν
366 499 621 571 μάρτυρα
673 496 820 562 δέξαι
874 496 971 568 τὴν
1014 494 1269 567 ἀλήθειαν
1293 513 1308 527 ο
1365 496 1447 549 δτι
1507 496 1565 547 ἐν
1624 495 1742 556 ταῖς

1848 493 1919 546 rei
1980 501 2169 547 testem
2245 490 2429 560 accipe
2480 489 2798 556 veritatem;
2852 488 2905 544 in
2962 488 3399 560 Quadragesimm

178 589 417 653 συνάξεσι
468 590 568 660 τῆς
628 587 1113 659 Τεσσαρακοστῆς,
1147 585 1235 640 διὰ
1292 586 1352 639 τὸ
1402 586 1509 638 τῶν
1563 584 1740 637 τόπων

177 680 350 734 στενὸν
381 681 477 733 καὶ
499 680 559 733 τὸ
582 679 715 733 πολὺ
735 678 937 749 πλῆθος
962 678 1068 731 τῶν
1096 677 1262 741 λαῶν,
1280 677 1507 730 πλεῖστα
1527 676 1738 741 παιδία,

177 772 261 826 καὶ
302 772 404 826 οὐκ
470 772 651 841 ὀλίγαι
713 770 975 842 νεώτεραι
1030 774 1320 839 γυναῖκες,
1369 770 1617 824 πλεῖσταί
1680 786 1739 822 τε

175 866 406 937 γραῖδες,
430 867 526 921 καὶ
557 867 658 920 οὐκ
694 865 865 934 ὀλίγοι
922 865 1190 918 νεανίσκοι
1232 863 1503 925 θλιϐέντες
1534 860 1739 932 ἀπηνέ-

176 961 370 1031 χθησαν
396 962 477 1024 εἰς
514 961 640 1024 τοὺς
663 959 843 1023 οίκους
865 976 879 990 ·
911 962 1003 1013 καὶ
1030 960 1122 1014 τοῦ
1160 958 1296 1013 Θεοῦ
1349 960 1736 1029 παρασχόντος,

174 1051 389 1121 τέθνηκε
427 1051 527 1121 μὲν
547 1051 753 1114 οὐδείς’
783 1050 983 1113 πάντες
1009 1051 1062 1104 δὲ
1089 1052 1410 1120 ἐγόγγυσαν,
1442 1050 1535 1103 καὶ
1574 1049 1737 1118 ἠξίω-

176 1158 262 1194 σαν
295 1141 383 1194 διὰ
419 1140 523 1211 τὴν
565 1141 805 1212 μεγάλην
842 1141 1159 1211 ἐκκλησίαν.
1197 1142 1259 1194 Εἰ
1284 1141 1341 1194 δὲ
1397 1143 1491 1194 καὶ
1522 1142 1578 1193 ὲν
1624 1142 1741 1204 ταῖς

174 1232 481 1303 προεόρτοις
505 1232 619 1303 (54)
654 1232 877 1303 τοιαύτη
910 1232 1097 1300 γέγονε
1128 1231 1325 1301 θλίψις,
1365 1232 1417 1284 τί
1448 1232 1512 1284 ἂν
1555 1232 1742 1301 ἐγεγό-

174 1341 242 1377 νει
276 1324 333 1374 ὲν
367 1324 506 1393 αὐτῇ
530 1325 596 1393 τῇ
621 1324 816 1393 ἐορτῇ;
846 1322 1069 1384 Πάντως
1091 1323 1267 1376 πάντα
1299 1321 1377 1374 ἔτι
1406 1322 1515 1392 (55)
1541 1322 1740 1376 τούτων

173 1411 544 1484 χαλεπώτερα.
594 1412 729 1465 Ἀλλ’
779 1413 879 1465 οὐκ
928 1413 1164 1482 ἔπρεπεν
1194 1413 1314 1466 ἀντί
1341 1414 1511 1483 χαρᾶς
1542 1412 1737 1483 λύπην,

172 1506 277 1558 ἀντ’
306 1503 650 1574 εὐφροσύνης
679 1504 892 1568 πένθος,
928 1504 1048 1557 ἀντὶ
1080 1504 1176 1575 τῆς
1225 1504 1414 1573 ἑορτῆς
1470 1502 1741 1573 κλαυθμὸν

172 1596 274 1656 τοῖς
300 1593 450 1656 λαοῖς
475 1592 758 1661 γενέσθαι·
795 1592 948 1657 εἰδὼς
988 1594 1100 1663 (56)
1149 1595 1242 1647 καὶ
1293 1594 1525 1664 μάλιστα
1572 1594 1741 1648 τύπον

174 1685 305 1756 ἔχειν
341 1685 451 1738 τῶν
477 1686 755 1755 Πατέρων.
803 1686 859 1737 '0
890 1685 999 1756 γὰρ
1034 1685 1339 1756 μακαρίτης
1376 1684 1737 1757 Ἀλέξανδρος,

174 1778 364 1831 στενῶν
384 1779 554 1832 όντων
585 1778 694 1831 τῶν
723 1778 896 1831 ἄλλων
933 1780 1132 1843 τόπων,
1167 1781 1261 1832 καὶ
1299 1779 1594 1851 οἰκοδομῶν
1642 1780 1740 1851 τὴν

174 1869 280 1922 τότε
317 1869 538 1940 μείζονα
571 1868 929 1941 νομιζομένην
966 1871 1259 1941 ἐκκλησίαν
1278 1871 1374 1942 τὴν
1405 1871 1740 1943 καλουμένην

172 1958 369 2022 Θεωνᾶ,
403 1960 638 2030 συνῆγεν
684 1960 800 2012 ἐκεῖ
830 1958 917 2012 διὰ
978 1961 1036 2013 τὸ
1096 1960 1316 2032 πλῆθος,
1354 1962 1449 2015 καὶ
1496 1963 1741 2031 συνάγων

171 2053 261 2104 οὐκ
294 2052 489 2122 ἠμέλει
526 2052 627 2122 τῆς
651 2052 954 2123 οἰκοδομῆς.
998 2052 1165 2106 Τοῦτο
1198 2054 1291 2106 καὶ
1336 2055 1393 2106 ὲν
1434 2054 1738 2126 Τριὸέροις,

172 2145 256 2196 καί
302 2146 360 2196 ὲν
407 2144 671 2214 ’Λκυληῖᾳ
721 2143 1012 2214 γενόμενον
1047 2143 1295 2215 ὲώρακα’
1340 2145 1499 2198 κάκεῖ
1536 2145 1643 2216 γὰρ
1684 2148 1740 2198 ἐν

169 2237 279 2296 ταῖς
303 2235 520 2305 ἑορταῖς
552 2234 639 2287 διὰ
672 2232 731 2286 τὸ
764 2233 984 2304 πλῆθος,
1014 2233 1092 2288 ἔτι
1142 2235 1248 2288 τῶν
1294 2236 1474 2290 τόπων
1532 2237 1738 2291 οἰκοδο-

172 2325 471 2396 μουμένων,
520 2325 750 2396 συνῆγον
800 2328 948 2379 ἐκεῖ·
991 2328 1084 2381 καὶ
1134 2329 1232 2399 ούχ
1289 2323 1444 2400 εὗρον
1496 2329 1736 2385 τοιοῦτον

170 2420 487 2489 κατήγορον.
559 2417 719 2471 Ἀλλὰ
783 2420 873 2472 καὶ
914 2422 941 2472 ὁ
990 2421 1293 2491 μακαρίτης
1347 2438 1439 2474 σου
1488 2422 1736 2492 ἁδελφὸς,

170 2511 221 2562 ὲν
265 2510 549 2582 Ἀκυληῖα,
609 2511 865 2581 τοιαύτης
928 2511 1092 2583 ούσης
1148 2513 1444 2580 συνάξεως,
1477 2516 1735 2586 συνήχθη.

170 2604 320 2658 Οὕτω
350 2603 508 2672 κάγὼ
545 2604 837 2676 πεποίηκα,
897 2607 989 2658 καὶ
1043 2606 1263 2674 γέγονεν
1316 2608 1414 2660 οὐκ
1466 2610 1736 2677 ὲγκαίνια,

169 2697 298 2750 ἀλλὰ
326 2697 545 2762 σύναξις
572 2698 753 2768 εὐχῆς.
783 2698 853 2750 Σὺ
899 2698 994 2768 μὲν
1019 2694 1132 2761 οὖν,
1166 2695 1228 2751 εὖ
1281 2695 1415 2762 οἶδα,
1450 2701 1550 2765 ὅτι,
1588 2702 1737 2771 φιλὸ-

170 2787 283 2852 θεος
316 2787 413 2850 ὢν,
444 2789 554 2841 τῶν
580 2788 677 2859 μὲν
710 2788 853 2843 λαῶν
886 2789 1122 2860 ἀποδέχῃ
1140 2790 1237 2859 τὴν
1292 2790 1615 2861 προθυμίαν,
1648 2795 1739 2847 καὶ

170 2880 559 2949 συγγινώσκεις
589 2881 731 2952 ἐμοὶ,
760 2881 834 2952 μὴ
868 2880 1169 2936 κωλύσαντι
1194 2881 1446 2935 τοσούτου
1472 2883 1600 2939 λαοῦ
1641 2884 1741 2949 τὰς

166 2973 353 3043 εὐχάς.

1840 586 2171 656 synaxibus,
2221 586 2290 639 ob
2356 583 2596 640 locorum
2646 583 2946 653 angustiam
3020 583 3399 655 ingentemque

1838 676 2018 747 pepuli
2071 676 2453 747 frequentiam,
2486 676 2648 747 pueri
2691 675 3019 746 complures,
3070 690 3171 733 nec
3216 690 3401 747 pauca

1834 769 2077 839 juniores
2130 770 2425 833 mulieres,
2474 768 2659 823 multae
2714 768 2974 833 aniculaz,
3027 769 3402 827 adolescentes

1838 860 2076 929 plurimi,
2107 861 2426 931 compressi,
2450 860 2666 915 domum
2695 859 2855 913 delati
2883 868 3009 914 sunt
3035 879 3049 914 :
3081 860 3189 916 Deo
3223 869 3399 916 tamen

1841 955 2001 1009 dante
2028 954 2329 1010 exstinctus
2364 953 2539 1007 nullus
2565 962 2666 1010 est.
2694 952 2799 1008 Sed
2836 950 3073 1007 universi
3110 953 3254 1008 haud
3280 954 3400 1008 sine

1840 1045 2271 1101 murmuratione
2314 1045 2660 1114 postularunt
2703 1054 2761 1099 ιιι
2806 1044 2861 1099 in
2915 1059 3109 1115 magna
3172 1044 3399 1101 ecclesia

1840 1140 2243 1195 conveniretur.
2292 1139 2443 1207 Quod
2484 1140 2527 1192 si
2574 1139 2764 1194 diebus
2804 1139 3001 1194 festum
3049 1137 3407 1208 praecedenti-

1841 1234 1960 1296 bus,
1993 1240 2142 1286 tanta
2172 1231 2335 1286 fuerit
2360 1234 2714 1301 compressio,
2744 1232 2869 1300 quid
2910 1232 2963 1285 in
3006 1232 3121 1302 ipso
3146 1232 3233 1286 die
3264 1230 3406 1287 festo

1840 1322 2079 1377 futurum
2108 1322 2260 1378 erat?
2302 1322 2447 1378 Sane
2486 1324 2553 1377 iis
2589 1323 2869 1378 acerbiora
2904 1322 3283 1392 contigissent.
3333 1322 3406 1376 At

1843 1432 1945 1471 non
1985 1417 2206 1473 decebat
2248 1431 2343 1485 pro
2382 1415 2577 1486 gaudio
2625 1429 2936 1481 maerorem,
2978 1431 3076 1484 pro
3111 1415 3295 1469 laetitia
3326 1415 3405 1469 lu-

1842 1518 2012 1569 ctum,
2062 1523 2159 1577 pro
2200 1507 2339 1562 festo
2384 1508 2470 1563 die
2508 1506 2688 1562 ﬂetum
2741 1507 2952 1577 populis
3001 1507 3241 1562 oboriri:
3274 1521 3399 1561 cum

1843 1599 2076 1653 maxime
2108 1614 2211 1653 non
2244 1599 2545 1668 ignorarem
2579 1597 2797 1653 Patrum
2840 1598 2971 1652 mihi
3001 1598 3245 1668 exempla
3274 1612 3403 1666 sup-

1844 1700 2047 1760 petere.
2089 1690 2266 1745 Beatae
2310 1691 2508 1759 quippe
2556 1690 2641 1743 vir
2689 1689 2964 1745 memoriae
3006 1688 3314 1745 Alexander
3338 1689 3408 1743 ob

1846 1781 2072 1837 aliorum
2122 1782 2361 1837 locorum
2411 1780 2741 1851 anguetiam,
2783 1781 2907 1834 dum
2956 1780 3071 1851 ipse
3100 1779 3407 1845 ecclesiam,

1845 1888 1964 1943 quze
2004 1875 2241 1929 omnium
2286 1876 2523 1927 maxima
2556 1882 2683 1926 tunc
2724 1871 3035 1940 putabatur,
3068 1870 3305 1925 Theonae
3329 1870 3409 1925 di-

1844 1976 2007 2029 ctam,
2034 1974 2374 2029 exstrueret;
2421 1966 2476 2019 in
2518 1978 2583 2018 ea
2622 1974 2799 2018 tamen
2838 1962 2908 2017 ob
2948 1962 3130 2034 populi
3163 1962 3411 2033 frequen-

1847 2060 1973 2113 tiam
2005 2067 2304 2115 conventus
2346 2061 2477 2130 egit,
2512 2074 2684 2129 neque
2723 2059 2940 2131 interim
2968 2057 3037 2111 ob
3068 2054 3250 2125 populi
3287 2069 3411 2109 con-

1842 2160 2059 2206 ventum
2086 2152 2300 2206 mdificii
2348 2156 2806 2211 constructionem
2841 2155 3246 2211 intermittebat.
3273 2152 3407 2207 Rem

1840 2243 2069 2299 similem
2107 2244 2345 2301 Treviris
2370 2256 2425 2301 et
2451 2248 2711 2318 Aquileia:
2754 2250 2950 2304 factam
2981 2249 3125 2302 vidi:
3155 2247 3245 2303 ubi
3280 2247 3408 2302 item

1839 2337 1909 2392 ob
1937 2338 2251 2407 p0pulorum
2280 2340 2660 2411 frequentiam,
2686 2344 2812 2397 dum
2840 2342 3034 2412 templa
3062 2350 3413 2398 exstrueren-

1843 2440 1949 2496 tur,
1981 2432 2033 2485 in
2061 2432 2167 2486 illis
2195 2433 2547 2489 nihilominus
2586 2445 2889 2490 conventus
2921 2435 3222 2504 agebantur
3250 2450 3264 2485 :
3290 2432 3409 2484 nal-

1840 2520 2034 2591 lusqne
2075 2531 2252 2576 tamen
2283 2524 2495 2578 exstitit
2522 2526 2610 2594 qui
2648 2524 2848 2579 factum
2883 2523 3186 2593 huiusmodi
3224 2523 3276 2577 in
3300 2523 3411 2577 cri-

1842 2628 1964 2667 men
1997 2624 2233 2669 vocaret.
2261 2614 2566 2681 Quinetiam
2610 2615 2782 2672 beatae
2829 2617 2915 2671 vir
2937 2615 3212 2672 memoria:
3247 2614 3414 2668 frater

1853 2715 1998 2769 tuus,
2024 2706 2333 2777 hujusmodi
2358 2710 2646 2765 conventui
2671 2708 2931 2778 Aquileiae
2959 2724 3080 2764 cum
3102 2707 3225 2763 aliis
3246 2707 3416 2762 inter-

1845 2794 1965 2850 fuit.
1998 2797 2231 2867 ldipsum
2264 2814 2352 2855 me
2385 2802 2561 2871 egisse
2590 2803 2785 2867 fateor,
2844 2803 2918 2856 ita
2972 2811 3151 2856 tamen
3197 2812 3258 2854 ut
3301 2812 3413 2854 non

1848 2888 2131 2953 dedicatio,
2165 2891 2258 2945 sed
2310 2892 2530 2961 synaxis
2580 2892 2645 2945 ad
2700 2895 2965 2947 orandum
3008 2891 3282 2947 celebrata
3321 2890 3411 2943 sit.

1847 2979 2197 3050 Perspectunt
2250 2982 2431 3051 itaque
2467 2982 2639 3036 habeo
2686 2991 2737 3036 te
2775 2992 2960 3052 utpote
2991 2983 3160 3051 pium,
3191 2979 3417 3050 populo~

169 3080 283 3119 rum
337 3064 670 3121 alacritatem
738 3067 1055 3134 approbare,
1104 3066 1343 3137 mihique
1396 3068 1607 3124 veniam
1648 3073 1968 3140 concedere,
2004 3075 2145 3144 quod
2184 3084 2292 3129 tam
2341 3074 2499 3129 multi
2565 3074 2747 3163 populi
2813 3075 3067 3144 precibus
3107 3088 3213 3128 non
3244 3073 3412 3128 obsti-

168 3163 353 3216 terim.

234 3277 329 3333 16.
365 3270 508 3344 Ἐγὼ
540 3273 597 3325 δὲ
635 3271 746 3342 (57)
774 3270 866 3325 τὸν
906 3274 1231 3326 κατειπόντα
1270 3273 1435 3326 πάλιν
1469 3275 1595 3345 περ).
1621 3274 1743 3327 τού-

1920 3274 2006 3329 16.
2038 3274 2148 3345 Ego
2176 3287 2303 3328 vero
2330 3272 2655 3342 peroptarim
2682 3272 2785 3329 hoc
2816 3274 2978 3330 etiam
3006 3291 3072 3330 ex
3111 3278 3414 3347 sycophan-

163 3386 252 3422 του
316 3367 595 3439 ἐρωτῆσαι
659 3364 939 3435 βούλομαι,
993 3363 1096 3417 ποῦ
1144 3365 1371 3436 νόμιμον
1396 3362 1462 3436 ἦν
1490 3365 1743 3436 εὔχεσθαι

163 3460 251 3513 τὸν
285 3461 440 3523 λαὸν,
470 3462 529 3512 ὲν
579 3458 677 3530 ὲρή
688 3476 827 3529 μοις,
857 3458 889 3528 ἢ
929 3457 987 3510 ὲν
1021 3457 1451 3528 οἰκοδομουμένῳ
1475 3459 1622 3528 τόπῳ
1648 3458 1749 3527 τῆς

165 3555 369 3624 εὐχῆς
413 3552 522 3605 Ποῦ
548 3552 755 3622 πρέπον
775 3547 845 3620 ἦν
874 3551 967 3602 καὶ
1000 3550 1145 3603 ὅσιον
1182 3551 1484 3604 ἐπακοῦσαι
1516 3550 1628 3620 (58)
1656 3552 1748 3603 τὸν

166 3645 289 3699 λαὸν
325 3646 391 3698 τὸ
442 3646 649 3715 Ἀμήν;
693 3645 749 3695 ὲν
789 3644 1034 3713 ἐρήμοις,
1083 3642 1115 3711 ἢ
1166 3643 1223 3693 ὲν
1254 3642 1331 3713 τῷ
1363 3642 1460 3713 ἤδη
1510 3642 1748 3713 λεχθέντι

166 3737 475 3811 Κυριακῷς
531 3737 604 3789 Σὺ
657 3735 732 3797 δὲ,
780 3734 1156 3804 θεοφιλέστατε
1202 3734 1442 3804 βασιλεῦ,
1481 3734 1584 3787 ποῦ
1624 3735 1751 3797 τοὺς

167 3830 329 3894 λαοὺς
380 3830 447 3883 ἂν
481 3827 673 3899 ἤθελες
699 3828 934 3879 ἐκτεῖναι
957 3825 1054 3888 τὰς
1103 3828 1290 3895 χεῖρας
1356 3828 1449 3878 καὶ
1493 3825 1749 3890 εὔξασθαι

165 3925 295 3994 περ).
322 3921 423 3975 σοῦ
446 3939 461 3989 ;
490 3919 622 3973 ἔνθα
649 3921 743 3972 καὶ
772 3918 1031 3988 ’Έλληνες
1066 3919 1306 3971 ἵστανται
1333 3919 1747 3990 παρερχόμενοι,

163 4014 197 4085 ἢ
238 4019 296 4069 ἐν
329 4014 412 4085 τῷ
439 4012 715 4083 ἐπωνύμῳ
743 4029 834 4064 σου
870 4012 1038 4082 τόπῳ,
1064 4010 1121 4063 ὃν
1149 4010 1271 4080 ἤδη,
1308 4011 1504 4080 μᾶλλον
1551 4011 1623 4062 δὲ(
1657 4010 1751 4062 καὶ

165 4109 280 4179 ἃμα
338 4107 423 4179 τῷ
484 4106 738 4176 θεμελίῳ,
784 4104 1057 4176 Κυριακδν
1114 4103 1311 4167 πάντες
1364 4104 1747 4173 ὀνομάζουσιν;

164 4198 319 4264 Οἶδα,
362 4201 449 4253 ὅτι
473 4199 567 4251 τὸν
596 4198 687 4251 σὸν
714 4198 876 4250 τόπον
903 4196 1234 4267 προκρίνεις·
1271 4197 1476 4266 μειδιᾷς
1497 4196 1623 4266 γὰρ,
1657 4195 1750 4247 καὶ

162 4293 325 4347 τοῦτο
366 4292 589 4364 μειδιῶν
634 4292 936 4362 σημαίνεις.
984 4288 1123 4342 Ἀλλ’
1148 4289 1273 4353 ἔδει,
1310 4291 1470 4358 φησὶν
1497 4290 1524 4340 ὁ
1573 4306 1753 4341 κατει-

163 4386 306 4451 πὼν,
345 4389 408 4439 ὲν
436 4388 555 4447 ταῖς
586 4383 901 4455 ἐκκλησίαις
930 4383 1088 4436 τοῦτο
1128 4380 1398 4450 γενέσθαι.
1422 4382 1627 4453 Μικραὶ
1654 4381 1752 4451 μὲν

161 4473 257 4531 οὖν
288 4477 395 4532 κα)⁸
428 4475 611 4529 στεναὶ
637 4477 808 4528 πᾶσαι
827 4474 960 4544 (59),
993 4474 1135 4528 καθὰ
1162 4476 1439 4544 προεῖπον,
1469 4473 1604 4543 πρὸς
1628 4472 1751 4535 τοὺς

161 4568 331 4633 λαούς
376 4569 537 4621 εἰσιν.
572 4566 881 4620 Ἐπειταδὲ
937 4564 1055 4629 πῶς
1088 4563 1294 4636 ἔπρεπε
1349 4562 1604 4632 γενέσθαι
1651 4560 1752 4624 τὰς

1851 3378 1899 3423 ta
1936 3366 2239 3423 sciscitari:
2273 3366 2491 3420 ubinam
2536 3367 2788 3437 p0pulum
2846 3381 3007 3422 orare
3043 3383 3257 3437 aequum
3288 3368 3409 3434 fuit,

1848 3462 1899 3515 in
1930 3461 2229 3515 desertisne
2254 3459 2406 3526 locis,
2436 3475 2503 3513 an
2529 3460 2581 3514 in
2622 3460 2887 3516 orationis
2916 3461 3059 3527 loco,
3091 3464 3256 3518 etiam
3281 3463 3411 3519 dum

1845 3563 2217 3609 exstrueretur
2234 3555 2256 3606 ?
2276 3552 2501 3607 Ubinam
2537 3554 2776 3608 sanctius
2805 3555 3300 3625 condecentiusque
3316 3572 3414 3627 po-

1848 3646 2003 3718 pulus
2028 3646 2395 3714 reSponderet,
2427 3660 2619 3712 amen;
2655 3647 2708 3700 in
2743 3648 2999 3715 desertis,
3029 3664 3094 3703 an
3136 3649 3190 3703 in
3217 3650 3414 3722 templo

1847 3740 1987 3809 quod
2006 3737 2117 3804 jam
2141 3735 2516 3806 appellabatur
2537 3736 2915 3792 Dominicum?
2943 3738 3186 3804 Quonam
3210 3740 3264 3795 in
3294 3739 3414 3796 loco

1848 3830 2056 3893 malles,
2108 3828 2511 3897 religiosissime
2559 3828 2873 3898 imperator,
2912 3830 3168 3901 populum
3222 3846 3414 3887 manus

1848 3922 2137 3979 extendere
2166 3936 2229 3975 ac
2254 3936 2350 3990 pro
2386 3927 2436 3976 te
2466 3922 2669 3976 orare?
2691 3921 2875 3976 lllicne
2907 3922 2995 3977 ubi
3028 3934 3411 3993 pertransenn-

1850 4026 1930 4070 tes
1959 4013 2186 4084 gentiles
2216 4014 2437 4083 gradum
2469 4013 2759 4079 sisterent;
2795 4029 2866 4068 an
2899 4014 2954 4070 in
2997 4014 3116 4072 loco
3168 4017 3255 4073 cui
3301 4018 3412 4088 jam

1851 4116 1999 4161 tuum
2028 4106 2255 4160 inditum
2291 4116 2375 4161 est
2404 4121 2599 4160 nomen
2632 4125 2647 4161 :
2684 4121 2845 4176 quem
2874 4122 3040 4173 nunc,
3068 4108 3178 4165 imo
3209 4111 3415 4178 ajactis

1851 4198 2217 4253 fundamentis
2275 4197 2613 4251 Dominicum
2665 4213 2855 4254 omnes
2913 4202 3149 4255 vocant?
3193 4201 3412 4257 Certum

1851 4305 1983 4346 sane
2041 4291 2213 4345 habeo
2271 4298 2322 4344 te
2372 4296 2523 4342 tuum
2569 4290 2844 4344 anteferre
2911 4289 3085 4345 locum
3117 4309 3132 4343 :
3165 4293 3412 4349 subrides

1850 4380 2019 4443 enim,
2063 4393 2128 4434 ac
2176 4377 2503 4434 subridendo
2536 4390 2815 4431 assensum
2853 4376 3147 4446 significas.
3195 4379 3301 4433 Sed
3335 4380 3411 4434 ait

1851 4476 2204 4537 obtrectator,
2257 4471 2310 4527 in
2353 4470 2597 4525 ecclesiis
2641 4467 2770 4522 illud
2820 4476 3000 4523 actum
3052 4471 3310 4540 oportuit.
3340 4473 3414 4527 At

1852 4577 2040 4621 omnes
2083 4563 2326 4628 omnino,
2364 4560 2443 4616 uti
2474 4560 2583 4630 iam
2614 4558 2817 4613 dictum
2845 4563 2951 4624 est,
2974 4571 3072 4627 pro
3096 4559 3274 4629 populi
3300 4559 3413 4614 fre-

235 4843 363 4911 (54)
398 4841 556 4908 Reg.,
589 4842 652 4895 Εἰ
678 4840 734 4893 δὲ
765 4841 858 4894 καὶ
893 4840 951 4911 έν
972 4838 1093 4911 ταῖς
1130 4835 1475 4911 Ῠπροεόρτοις,
1522 4832 1743 4891 subaudi

1854 4830 2041 4889 αὐτοῦ.
2066 4833 2211 4911 Iussi
2247 4845 2299 4886 ut
2327 4832 2579 4911 diafonur
2611 4830 2870 4911 psalmum
2911 4830 3131 4911 legeret,
3168 4828 3418 4911 populus-

155 4908 437 4986 ἡμέραιῇ
466 4914 603 4966 Editi
626 4927 773 4986 vero,
800 4912 862 4963 Εἰ
888 4909 943 4962 δὲ
979 4910 1036 4986 εν
1051 4908 1537 4986 -τοῖςκπροεόρτοιᾳ

230 4933 270 4968 ιε
315 4933 437 4975 αις.
467 4933 603 4966 nuru
627 4933 773 4975 vero,
800 4933 862 4963 nt
888 4933 943 4962 οε
979 4933 1036 4961 εν
1067 4933 1178 4971 τοις
1204 4933 1537 4978 πρυιυρτυις.

230 4933 359 5055 (ὕρὸὶ
400 4983 557 5050 Reg.,
588 4982 801 5055 πάντως
831 4997 933 5033 που
956 4978 1023 5055 τὰ
1048 4979 1148 5055 ἕτιί
1173 4978 1363 5042 Basil.,
1392 4978 1608 5039 πάντως
1647 4992 1748 5028 που

154 5047 260 5110 ἔτί.
298 5055 454 5109 Etiiti
485 5047 636 5117 vero,
666 5053 882 5112 πάντως
912 5049 1086 5103 πάντα
1120 5047 1219 5101 ἔτι.

233 5122 533 5246 (56)ἕι)ιθε.
569 5116 628 5177 et
650 5122 835 5188 Basil.,
864 5121 911 5173 εἰ
939 5119 983 5171 δ’
1003 5119 1101 5185 ὡς,
1127 5118 1402 5175 mendose.
1438 5116 1606 5172 Paulo
1634 5123 1756 5185 post

233 5214 330 5246 ΞΗ.-
400 5210 532 5246 γων.

156 5195 350 5260 Βθεη⁷
366 5195 532 5260 ἔχων.

208 5211 331 5266 eg.,
366 5211 532 5263 εχων.

234 5265 461 5338 (57)_ln
489 5261 649 5338 editis
676 5273 796 5330 pom
822 5259 877 5313 δέ
905 5259 1100 5329 legitur
1127 5258 1255 5323 καί,
1302 5256 1398 5312 sed
1438 5257 1553 5312 haec
1588 5255 1756 5326 parti-

153 5330 285 5392 cul'a
330 5330 500 5388 abest
529 5348 558 5385 a
594 5330 728 5399 Reg.

229 5405 359 5479 (58)
394 5396 701 5479 Le-genduin
729 5400 885 5479 nobis
911 5400 1123 5479 videtur
1143 5396 1469 5479 ὑπακούσαι,
1494 5409 1617 5479 qua:
1646 5410 1749 5479 vos

152 5467 310 5547 apud
338 5467 1056 5547 'echESiasticos_signilicat
1080 5511 1094 5533 ,
1126 5469 1450 5547 resp_o_nder_e.
1492 5467 1546 5519 ιιι
1607 5476 1754 5547 patet

154 5536 224 5602 ei
258 5550 335 5601 iis
370 5557 497 5611 qua:
522 5541 682 5609 paulo
713 5536 862 5593 infra'
882 5542 1129 5607 leguntur
1159 5559 1172 5594 :
1216 5539 1300 5611 Τί,
1352 5537 1448 5611 εὰν
1470 5536 1746 5611 *τοσούτων

151 5616 312 5672 λαῶν
363 5605 725 5666 συνελθόντων
760 5611 854 5692 μία
885 5605 1107 5733 γένηται
1152 5609 1323 5680 φωνὴ,
1358 5607 1619 5690 λεγόντων
1668 5605 1747 5692 τῷ

151 5688 283 5733 Har?)
341 5685 415 5733 τὸ
460 5683 665 5733 Ἀιιήνε
698 5690 751 5733 et
780 5698 833 5733 tn
884 5682 998 5733 Ana
1023 5698 1144 5733 oata
1184 5688 1425 5733 seuuentt
1465 5693 1610 5733 num.
1637 5676 1743 5730 23:

120 5688 283 5753 -Θεῷ
341 5685 415 5738 τὸ
460 5683 665 5753 Ἀμήν;
698 5676 833 5753 ρι’ἱιι
877 5676 1425 5753 Apologia'sequenti
1465 5693 1610 5753 num.
1637 5676 1743 5753 23':

149 5743 537 5880 Πρὸέ-ἑρεπον
561 5743 660 5805 τιν
683 5750 777 5822 μὲν
808 5743 1468 5818 διάκονοννάναγινώσκειν
1513 5747 1744 5870 ψαλμὸν,

149 5832 289 5880 τοὺς
415 5824 575 5880 λαοὺς
603 5823 921 5877 ὑπακούειν·
948 5824 1069 5876 ’Ότι
1096 5823 1174 5880 εἰς
1205 5820 1296 5873 τὸν
1316 5819 1485 5875 αἰῶνα
1514 5818 1575 5872 τὸ
1601 5817 1627 5870 ἒ
1661 5834 1744 5880 εος

148 5817 289 5895 τοὺς
319 5817 388 5880 δὲ
415 5824 575 5888 λαοὺς
603 5817 921 5877 ὑπακούειν·
948 5824 1069 5876 ’Ότι
1096 5823 1174 5884 εἰς
1200 5817 1296 5873 τὸν
1316 5819 1485 5875 αἰῶνα
1514 5818 1575 5872 τὸ
1601 5817 1749 5893 ἔλεος

1853 4921 1952 4973 que
1980 4905 2305 4971 responderet
2338 4916 2358 4955 :
2398 4901 2659 4967 Quoniam
2683 4902 2739 4954 in
2784 4899 3032 4973 externum
3060 4899 3416 4955 misericordia

1856 4972 1969 5043 ejus
2002 4990 2019 5027 :
2053 4989 2174 5027 nam
2233 4972 2527 5027 ὑπακούειν
2556 4974 2633 5027 sic
2686 4972 3010 5043 intellectum
3046 4979 3275 5043 oportet,
3293 4984 3414 5043 Διιοιι

1858 5037 1918 5098 ut
1951 5043 2206 5101 Nannius.
2238 5044 2593 5109 (tusculfaref,
2629 5052 2686 5096 ut
2719 5044 2919 5110 optime
2952 5037 3259 5096 observavit
3282 5037 3414 5094 Cot-

1860 5114 2079 5169 telerius
2110 5116 2159 5165 in
2190 5111 2340 5166 Notis
2375 5115 2439 5166 ad
2464 5112 2643 5166 Const.
2693 5122 2862 5178 apart.
2894 5111 2988 5167 lib.
3024 5127 3141 5177 vui,
3172 5124 3291 5178 cap.
3323 5110 3411 5169 13,

1856 5200 1978 5253 pag.
2010 5182 2137 5245 354,
2166 5184 2252 5253 ubi
2283 5184 2431 5253 vocis
2459 5182 2780 5237 ὑπακουέτω
2805 5183 2943 5237 idem
2981 5196 3107 5253 usus
3144 5190 3245 5236 est.
3288 5180 3418 5233 Vide

1856 5249 2101 5307 eumdem
2151 5252 2498 5306 Cottelerium
2556 5255 2621 5305 ad
2667 5254 2862 5306 librum
2919 5266 2958 5305 ιι
3002 5249 3179 5303 Const.
3223 5260 3415 5316 αροει..

1854 5338 1904 5378 c.
1930 5323 2019 5387 57,
2044 5339 2097 5392 p.
2120 5322 2246 5392 205.
2283 5320 2437 5391 Apud
2461 5323 2859 5377 ecclesiasticos
2879 5336 2997 5392 _vox
3029 5318 3423 5392 Onaxodatv‘ea

1855 5383 2121 5447 sententia
2170 5383 2483 5461 plerumque
2536 5409 2631 5445 usu
2682 5393 2846 5446 venit.
2872 5389 2971 5445 Job
2997 5405 3107 5452 ιιιν,
3148 5391 3211 5445 15
3238 5383 3417 5461 ςίΕῐτα

1855 5464 2101 5527 καλέσεις
2122 5482 2147 5531 ’Δ
2170 5461 2282 5531 ἐγὼ
2325 5460 2411 5514 se
2437 5478 2518 5513 σοι
2568 5461 2967 5531 ὑπακούσομαι.
3021 5461 3117 5514 Ubi
3173 5460 3414 5529 Vulgata,

1856 5535 2060 5588 vocabis
2084 5521 2187 5597 ὶηέ,
2212 5521 2266 5586 ἐι
2293 5549 2384 5601 ego
2414 5533 2729 5599 respondebo
2760 5521 2874 5593 tibi,
2907 5541 2959 5583 et
2980 5531 3111 5584 alias
3148 5521 3306 5601 saepe;

1928 5603 2039 5673 (59)
2069 5597 2337 5657 Particula
2370 5597 2502 5673 καίες
2525 5615 2644 5668 qua:
2672 5601 2725 5653 in
2764 5600 2925 5653 editis
2960 5611 3075 5666 post
3108 5597 3290 5673 στεναί
3317 5597 3416 5652 ha-

1852 5669 2030 5739 betur,
2056 5674 2228 5731 deleta
2257 5673 2421 5730 estin
2472 5669 2604 5739 Reg.
2640 5684 2867 5738 eamque
2896 5684 3203 5741 expungere
3241 5669 3414 5725 visunt

1852 5754 1952 5798 est.
