3954 6520
585 386 690 447 615

1198 390 1258 447 s.
1298 389 1665 448 ATDANASII
1704 390 1852 447 OPP.
1888 389 2069 449 psus
2107 394 2150 448 l.
2188 425 2258 435 -
2295 394 2663 454 HISTORICA
2693 398 2789 455 ar
2828 376 3250 461 o'ooua'nca.

3702 413 3794 470 6l6

584 507 801 577 quentia
834 514 987 561 erant
1019 505 1387 575 angustiores.
1421 506 1626 562 Deinde
1648 522 1757 577 quo
1774 515 1933 578 pacto
1958 507 2112 562 Domi

2244 510 2440 582 εὐχάς;
2492 513 2588 567 καὶ¹
2625 512 2744 578 πῶς
2769 513 2881 587 (60)
2937 512 3005 590 ἦν
3058 518 3268 588 βέλτιον
3327 521 3465 577 κατὰ
3511 521 3671 594 μέρος
3709 510 3795 580 καὶ

581 614 710 656 num
748 597 956 668 precari
1000 597 1200 661 decuit,
1229 597 1424 667 quidve
1452 599 1622 654 satius
1660 597 1794 665 fuit;
1820 599 2111 668 separatim

2243 601 2583 676 διῃρημένως
2622 604 2712 660 τὸν
2744 604 2870 660 λαὸν
2914 609 3031 679 μετ’
3078 611 3421 667 ἐπικινδύνου
3469 617 3719 687 συνοχῆς,
3762 620 3791 693 ῆ

579 706 650 747 ne
690 689 941 761 populum
990 704 1113 745 cum
1146 689 1447 761 periculosa
1492 689 1896 760 compressione
1941 703 2140 747 conve-

578 784 720 849 nire,
758 798 822 838 an
852 783 906 839 in
944 782 1063 838 loco
1102 782 1192 852 qui
1240 784 1403 837 totius
1437 781 1794 837 multitudinis
1829 782 1943 851 jam
1970 797 2141 853 capax

574 886 753 943 esset;
786 884 843 930 ut
888 890 993 931 una
1040 873 1148 930 illic
1196 875 1493 944 eademque
1527 873 1849 945 populorum
1882 889 1985 931 vox
2016 890 2139 931 cum

575 966 926 1022 consonantia
958 966 1274 1021 audiretur?
1305 964 1606 1027 Praestabat
1632 976 1781 1022 certe
1811 966 1976 1033 istud,
2012 967 2139 1025 ltinc

572 1058 716 1115 enim
749 1057 1109 1113 multitudinis
1135 1056 1543 1112 unanimitatem
1571 1071 1798 1115 cernere
1814 1068 1953 1124 erat,
1984 1058 2139 1115 hinc-

574 1166 681 1222 que
716 1152 883 1208 Deus:
898 1162 981 1207 est
1016 1150 1081 1205 ad
1122 1149 1518 1206 exaudiendum
1550 1152 1868 1222 promptior.
1897 1149 1952 1206 Si
1986 1168 2137 1207 nam-

572 1258 677 1313 que
697 1243 850 1312 juxta
879 1242 1047 1313 ipsius
1074 1242 1373 1299 Salvatoris
1410 1244 1823 1312 promissionem
1846 1244 2136 1310 7’,duobus

567 1337 639 1391 ob
669 1335 830 1408 242
863 1336 1160 1406 quamlibet
1192 1349 1412 1391 causam
1453 1335 1927 1401 convenientibus,
1957 1336 2132 1404 quod-

566 1443 779 1499 cunque
818 1428 1075 1499 petierint
1117 1428 1333 1484 dabitur
1362 1426 1467 1481 illis
1500 1442 1515 1479 :
1542 1427 1669 1496 quid
1702 1426 1747 1481 si
1784 1427 1917 1481 tanti
1950 1426 2132 1498 populi

564 1521 935 1577 convenientis
976 1536 1081 1575 una
1128 1535 1231 1576 vox
1274 1518 1609 1590 proferatur,
1637 1533 1740 1589 qua
1780 1519 1889 1575 Deo
1925 1520 2128 1584 dicunt,

562 1610 769 1666 Amen?
798 1610 1027 1667 Cuinam
1072 1610 1175 1665 hoc
1219 1609 1393 1680 ipsum
1447 1621 1555 1662 non
1594 1608 1935 1664 admirationi
1985 1609 2131 1664 fuit?

565 1703 695 1771 Quis
729 1712 781 1759 te
802 1703 1020 1759 beatum
1046 1718 1151 1757 non
1179 1700 1514 1772 praedicavit,
1548 1714 1669 1755 cum
1712 1711 1915 1756 tantam
1946 1703 2127 1773 populi

562 1796 921 1868 frequentiam
951 1812 1058 1852 uno
1079 1796 1132 1851 in
1166 1796 1283 1851 loco
1314 1802 1558 1850 coactam
1585 1805 1828 1851 cerneret
1858 1796 1881 1850 ἲ
1908 1796 2126 1867 Ecquod

2243 693 2393 757 ὄντος
2424 694 2525 765 ἠδη
2547 694 2709 749 τόπου
2730 697 2822 750 τοῦ
2845 697 3138 770 δυναμένου
3183 701 3439 766 δέξασθαι
3500 705 3718 773 πάντας,
3743 710 3794 763 ἐν

2241 782 2387 854 αὐτῷ
2418 785 2687 839 συνελθεῖν
2704 788 2797 840 καὶ⁵
2827 788 2956 858 μίαν
2978 792 3073 844 καὶ
3105 790 3205 861 τὴν
3224 792 3389 864 αὐτὴν
3416 794 3556 863 μετὰ
3587 811 3793 866 συμφω-

2240 874 2358 938 νίας
2384 875 2491 929 τῶν
2518 876 2660 931 λαῶν
2690 878 2939 947 γενέσθαι
2988 881 3086 952 τὴν
3120 884 3342 954 φωνήν;
3396 883 3569 938 Τοῦτο
3608 873 3794 954 βέλτιον

2236 962 2332 1038 ἦν·
2358 966 2512 1021 τοῦτο
2534 968 2641 1041 γὰρ
2673 972 2765 1024 καὶ
2801 972 2899 1041 τὴν
2932 972 3231 1044 ὁμοψυχίαν
3268 974 3508 1028 ἐδείκνυε
3544 976 3640 1031 τοῦ
3672 977 3792 1050 πλη-

2238 1059 2363 1123 θους
2382 1073 2395 1088 ⁸
2428 1060 2567 1114 οὕτω
2594 1064 2685 1115 καὶ
2702 1064 2913 1133 ταχέως
2940 1068 2967 1119 6
2989 1066 3121 1129 Θεὸς
3149 1066 3509 1122 ἐπακούει.Εἱ
3534 1068 3792 1147 γὰρματὰ

2234 1149 2334 1222 τὴν
2365 1150 2527 1204 αὐτοῦ
2552 1152 2646 1205 τοῦ
2676 1153 2927 1225 Σωτῆρος
2955 1154 3306 1223 ἐπαγγελίαν,
3340 1154 3436 1209 ἐὰν
3464 1155 3559 1209 δύο
3587 1174 3792 1226 συμφω-

2234 1243 2455 1311 νήσαιεν
2485 1244 2611 1315 περὶ
2642 1246 2856 1311 παντὸς,
2887 1241 2946 1300 οὗ
2977 1246 3043 1300 ἂν
3075 1246 3186 1319 (61)
3210 1248 3564 1319 αἰτήσωνται,
3583 1251 3793 1327 γενήσε-

2232 1350 2321 1387 ται
2348 1335 2531 1399 αὐτοῖς
2554 1352 2567 1365 ³
2595 1335 2668 1401 τί,
2697 1336 2791 1391 ἐὰν
2811 1338 3075 1392 τοσούτων
3100 1338 3243 1392 λαῶν
3296 1338 3658 1393 συνελθόντων
3708 1341 3793 1411 μία

2232 1425 2455 1499 γένηται
2513 1428 2685 1501 φωνὴ,
2734 1413 2996 1499 λεγόντων
3036 1429 3114 1501 τῷ
3150 1429 3269 1501 Θεῷ
3318 1430 3379 1484 τὸ
3439 1431 3654 1503 Ἀμήνς
3707 1430 3791 1496 Τίς

2230 1518 2361 1589 γοῦν
2408 1520 2508 1573 οὐκ
2554 1520 2856 1592 ἐθαύμασε;
2915 1522 3010 1587 Τίς
3042 1523 3143 1577 οὐκ
3190 1522 3499 1595 ἐμακάρισέ
3550 1541 3612 1578 σε
3668 1525 3790 1594 (6Ξ),

2232 1611 2446 1683 βλέπων
2476 1612 2567 1666 τὸν
2604 1613 2853 1667 τοσοῦτον
2885 1614 3012 1667 λαὸν
3043 1616 3101 1669 ἐν
3134 1614 3214 1668 ἐνὶ
3253 1615 3581 1669 συνελθόντα
3620 1617 3788 1686 τόπῳ;

2229 1707 2352 1771 Πῶς
2373 1706 2589 1779 ἔχαιρον
2620 1708 2669 1761 οἱ
2696 1707 2815 1763 λαοὶ
2852 1708 3137 1779 βλέποντες
3160 1708 3425 1780 ἀλλήλους
3453 1709 3514 1763 τὸ
3544 1711 3790 1783 πρότερον

2228 1798 2287 1852 ἐν
2312 1799 2659 1872 διῃρημένοις
2688 1801 3067 1872 συνερχόμενοι
3097 1800 3319 1868 τόποις;
3372 1801 3551 1856 Τοῦτο
3600 1802 3789 1866 πάντας

562 1889 694 1947 illud
727 1888 1044 1959 populorum
1094 1888 1346 1959 gaudium
1378 1925 1395 1952 ,
1426 1885 1541 1957 qui,
1574 1901 1699 1941 cum
1752 1888 2014 1944 hactenus
2070 1890 2112 1943 ir

2225 1890 2489 1963 ηὔφρανε,
2516 1892 2611 1946 καὶ
2645 1892 2802 1964 μόνον
2824 1895 2915 1947 τὸν
2936 1894 3255 1949 διαϐαλόντα
3279 1895 3393 1965 (65)
3411 1894 3669 1965 ἐλύπησε.

562 1981 819 2054 sejunCtis
858 1979 992 2036 locis
1035 1980 1439 2047 convenissent,
1510 1989 1699 2035 mutuo
1743 1979 1854 2051 jam
1916 1991 2205 2053 conspectu
2244 1983 2594 2041 fruerentur?
2643 1986 2699 2042 ld
2751 1988 3001 2044 omnibus
3052 1988 3253 2043 Iustitiae
3303 2003 3471 2045 causa
3528 1988 3651 2054 fuit,
3702 1986 3788 2043 soli

561 2078 924 2149 schphantae,
954 2076 1227 2132 maeroris.

631 2192 719 2247 17.
757 2192 945 2247 Restat
989 2200 1048 2246 ut
1099 2191 1255 2247 alteri
1291 2191 1409 2262 ejus
1453 2190 1743 2262 objectioni
1782 2207 1903 2263 qua:
1948 2194 2125 2250 adhuc

559 2294 804 2358 superest
834 2296 1138 2340 occurram.
1169 2282 1447 2356 Siquidem
1490 2287 1599 2340 aiet
1628 2283 1768 2341 forte
1796 2286 2127 2341 obtrectator

557 2378 690 2433 ille:
719 2375 970 2432 Ediﬁcio
1021 2377 1255 2431 nondum
1300 2376 1591 2446 completo,
1634 2376 1776 2431 haud
1825 2376 1975 2431 licuit
2017 2377 2125 2432 illic

555 2467 829 2523 orationes
860 2465 1104 2521 fundere.
1133 2466 1203 2521 At
1256 2465 1515 2522 Dominus
1544 2467 1617 2521 ait
1646 2485 1657 2520 :
1687 2466 1766 2521 Tu
1800 2478 1973 2522 autem
2004 2485 2121 2522 cum

552 2558 805 2623 oraveris,
824 2557 965 2611 intra
982 2557 1035 2611 in
1055 2556 1350 2612 cubiculum
1370 2566 1540 2622 tuum,
1563 2568 1610 2611 et
1628 2558 1814 2613 claude
1835 2559 2028 2612 ouium
2052 2559 2118 2615 ".

556 2647 695 2715 Quid
742 2661 870 2718 ergo
902 2647 1101 2702 dixerit
1150 2648 1544 2706 calumniator?
1585 2650 1698 2706 lmn
1741 2655 1943 2723 potius,
1991 2656 2119 2726 quid

552 2741 845 2812 prudentes
879 2756 941 2795 ac
968 2741 1081 2796 veri
1110 2739 1401 2797 Christiani
1442 2744 1718 2800 dixerint?
1746 2745 1854 2801 llos
1886 2746 2122 2801 interro-

553 2850 642 2904 ga,
676 2834 1008 2905 imperator:
1041 2849 1161 2888 nam
1193 2834 1260 2890 de
1300 2835 1404 2891 illis
1434 2838 1651 2907 quidem
1697 2838 1959 2908 scriptum
1989 2849 2069 2893 est
2101 2857 2116 2895 :

550 2928 757 2986 Stultus
789 2929 951 2983 stulta
981 2928 1223 3000 loquetur
1243 2929 1289 2961 ⁸¹
1320 2930 1425 2985 :de
1459 2930 1541 2986 his
1578 2946 1726 2997 vero,
1761 2932 1839 2985 Ab
1875 2932 2015 2984 omni
2034 2948 2121 2985 sa-

549 3024 720 3093 piente
755 3022 1031 3077 consilium
1062 3024 1321 3090 accipe”.
1361 3022 1493 3078 Cum
1530 3031 1638 3078 tam
1667 3036 1908 3093 angustae
1944 3023 2119 3079 eccle-

546 3116 664 3183 size,
709 3131 829 3171 cunt
874 3124 1024 3171 tanta
1070 3125 1217 3171 esset
1261 3115 1443 3187 populi
1491 3115 1818 3186 frequentia,
1848 3126 1907 3171 ut
1935 3117 2001 3172 ad
2030 3117 2121 3173 de-

548 3218 691 3261 serta
716 3206 830 3262 loca
866 3207 1132 3278 proﬁcisci
1161 3218 1439 3278 pararent,
1476 3209 1602 3278 quid
1624 3208 1767 3263 facto
1800 3223 1935 3279 opus
1962 3210 2117 3264 erat?

547 3297 793 3356 Solitudo
860 3302 1066 3372 absque
1113 3300 1322 3378 ianuis,
1370 3315 1434 3356 ac
1486 3302 1764 3371 quibusvis
1810 3302 2116 3359 volentibus

542 3391 763 3460 pervia;
798 3391 1110 3448 Dominicus
1141 3401 1319 3447 autem
1371 3389 1523 3446 locus
1567 3393 1738 3446 muris
1784 3393 1995 3450 cinctus
2033 3402 2119 3448 est

2301 2196 2387 2251 17.
2414 2197 2524 2268 Τὴν
2543 2195 2669 2264 γοῦν
2696 2194 2886 2267 ἑτέραν
2914 2195 3005 2248 καὶ
3034 2194 3469 2266 ὑπολειπομένην
3497 2194 3787 2265 ἀντιλογίαν

2225 2287 2389 2343 αὐτοῦ
2424 2287 2679 2359 βούλομαι
2722 2286 3028 2357 προλαϐεῖν.
3080 2274 3134 2338 ⁵0
3169 2285 3269 2357 μὲν
3299 2285 3410 2357 γὰρ
3460 2286 3788 2357 κατειρηκώς

2226 2380 2336 2451 (64)
2366 2395 2560 2450 φησιν’
2624 2378 2788 2432 Οὔπω
2835 2377 3146 2431 τετελείωτο
3196 2378 3255 2431 τὺ
3313 2378 3499 2449 ἔργον,
3560 2378 3655 2432 καὶ
3702 2380 3784 2432 οὐκ

2223 2472 2388 2544 ἐχρῆν
2434 2471 2597 2543 εὐχὰς
2656 2471 2942 2541 γενέσθαι*
2977 2474 3005 2524 6
3051 2471 3108 2525 δὲ
3147 2471 3353 2544 Κύριος
3375 2465 3501 2525 εἷπε
3527 2488 3542 2502 ’
3580 2473 3663 2525 Σὺ
3708 2472 3782 2535 δὲ,

2224 2564 2370 2618 ὅταν
2401 2564 2712 2634 ’προσεύχῃ
2732 2605 2747 2628 ,
2773 2565 3010 2619 εἴσελθε
3044 2568 3129 2630 εις
3169 2565 3236 2618 τὸ
3261 2565 3510 2635 ταμεῖόν
3540 2582 3677 2631 σου,
3700 2566 3784 2619 καὶ

2221 2644 2593 2712 ἀπόκλεισον
2637 2657 2743 2723 τὰς
2775 2658 2974 2724 θύρας.
3022 2657 3087 2709 Τί
3110 2656 3288 2709 τοίνυν
3325 2657 3555 2728 φήσειεν
3597 2660 3626 2710 6
3669 2674 3787 2709 κατ·-

2221 2749 2454 2820 ήγορος;
2512 2750 2728 2804 Μᾶλλον
2777 2750 2832 2802 δὲ
2873 2749 2924 2801 τί
2981 2748 3048 2803 ἂν
3097 2751 3297 2802 εἴποιεν
3325 2750 3375 2802 οἱ
3410 2749 3662 2821 φρόνιμοι
3702 2749 3786 2802 καὶ

2220 2839 2435 2912 ἀληθῶς
2469 2840 2580 2911 (65)
2636 2840 2983 2909 Χριστιανοί;
3044 2839 3276 2904 Τούτους
3328 2840 3439 2912 γὰρ
3498 2839 3780 2911 ἐρώτησον,

2220 2930 2471 3000 βασιλεῦ⁸
2515 2931 2699 3001 ἐπειδὴ
2735 2930 3039 3002 γέγραπται
3070 2931 3197 3002 περὶ
3246 2931 3343 3002 μὲν
3405 2931 3652 2995 ἐκείνων,
3710 2931 3784 2984 ὅτι

2231 3024 2293 3076 '0
2325 3022 2525 3093 μωρὸς
2557 3024 2723 3093 μωρὰ
2753 3022 3040 3089 λαλήσει·
3088 3024 3216 3093 περὶ
3264 3022 3323 3076 δέ
3373 3023 3603 3091 τούτων,
3634 3023 3786 3091 Παρὰ

2219 3114 2447 3182 παντὸς
2521 3117 2813 3186 φρονίμου
2873 3116 3249 3185 συμϐουλίαν
3322 3116 3614 3185 λάμϐανε.
3674 3114 3783 3169 Τῶν

2218 3206 2521 3278 ἐκκλησιῶν
2547 3207 2749 3260 στενῶν
2777 3206 2971 3270 οὐσῶν,
3015 3207 3109 3260 καὶ
3166 3206 3275 3260 τῶν
3324 3206 3473 3259 λαῶν
3525 3206 3783 3260 τοσούτων

2216 3300 2406 3367 ὄντων,
2438 3300 2534 3353 καὶ
2565 3298 2898 3371 βουλομένων
2919 3300 2999 3364 εἰς
3024 3299 3125 3363 τὰς
3151 3300 3395 3371 ἐρήμους
3431 3299 3703 3365 ἀπελθεῖν,
3734 3297 3783 3351 τί

2218 3393 2392 3445 ποιεῖν
2434 3391 2637 3463 ἐχρῆν;
2686 3391 2751 3444 Ἡ
2777 3391 2873 3462 μὲν
2904 3390 3015 3463 γὰρ
3054 3390 3261 3463 ἕρημος
3293 3389 3517 3462 ἄθυρος,
3546 3390 3641 3443 καὶ
3682 3389 3782 3443 τῶν

541 3484 832 3555 janui'sque
870 3484 1087 3541 clausus
1118 3501 1134 3538 :
1163 3485 1424 3553 adestque
1458 3483 1569 3539 illic
1603 3484 1953 3554 conspicuum
1994 3484 2111 3553 pios

2222 3483 2550 3556 βουλομένων
2597 3484 2766 3549 δίοδός
2818 3486 2985 3549 ἐστιν,
3024 3486 3053 3538 6
3090 3484 3148 3537 δὲ
3189 3484 3471 3557 Κυριακὸς
3504 3484 3670 3548 τόπος
3696 3482 3781 3537 καὶ

544 3578 686 3633 inter
737 3577 1105 3648 profanosque
1155 3577 1470 3633 discrimen.
1536 3573 1748 3641 Nonne,
1792 3576 2108 3646 imperator,

544 3670 724 3741 quivis
760 3671 973 3740 sapiens
1008 3683 1131 3725 cum
1179 3679 1266 3723 tua
1299 3667 1502 3738 pietate
1534 3666 1638 3721 hoc
1667 3666 1969 3737 eligendum
2013 3682 2109 3723 an-

542 3766 700 3821 nuit?
734 3763 943 3835 Quippe
964 3770 1169 3819 norunt
1196 3760 1286 3817 hic
1313 3759 1609 3830 legitimam
1640 3772 1759 3815 esse
1785 3758 2107 3826 orationem,

543 3858 654 3912 illic
682 3856 966 3911 incondita:
1008 3854 1184 3909 turba:
1224 3853 1587 3922 suspicionem
1619 3869 1631 3905 :
1661 3851 1764 3906 nisi
1799 3851 1941 3907 forte
1975 3852 2109 3906 deti-

540 3946 810 4005 cientibus
840 3943 1371 4017 locisnsolitudinem
1419 3943 1456 3997 ii
1493 3942 1761 3998 duntaxat
1789 3942 1879 4012 qui
1926 3954 2104 4009 orant,

541 4036 806 4103 incolant,
842 4044 901 4089 ut
935 4034 1192 4090 lsraelitis
1232 4032 1461 4104 contigit
1490 4049 1504 4086 :
1532 4032 1641 4088 imo
1680 4048 1809 4088 vero
1834 4033 1939 4094 illis
1968 4047 2107 4102 quo-

540 4144 646 4199 que
670 4136 946 4183 exstructo
994 4125 1365 4193 tabernaculo,
1394 4124 1547 4180 locus
1585 4124 1847 4180 orationis
1874 4124 2107 4178 circum-

537 4221 773 4291 scriptus
804 4219 857 4274 iu
895 4227 1165 4289 posterum
1206 4216 1324 4273 fuit.
1359 4216 1403 4274 Ο
1432 4216 1680 4283 Domine,
1715 4230 1778 4271 ac
1810 4229 1939 4272 vere
1988 4216 2102 4271 Rex

539 4328 725 4384 regum
756 4312 990 4379 Christe,
1016 4309 1118 4368 Fili
1171 4310 1266 4367 Dei
1319 4311 1617 4381 unigenite,
1653 4309 1888 4366 Verbum
1914 4320 1968 4365 et
2004 4307 2105 4364 Sa-

535 4407 737 4479 pientia
762 4405 963 4472 Patris,
994 4407 1048 4462 in
1076 4405 1279 4461 crimen
1321 4419 1450 4461 ecce
1477 4418 1660 4470 vocor,
1692 4402 1835 4473 quod
1867 4402 2104 4458 clemen-

534 4499 664 4554 tiam
690 4506 836 4553 tuam
864 4498 1090 4570 populus
1115 4496 1437 4567 deprecatus
1466 4496 1556 4562 sit,
1581 4512 1645 4551 ac
1671 4512 1767 4567 per
1801 4504 1854 4550 te
1882 4492 2101 4550 Patrem

534 4601 705 4660 tuum,
749 4592 838 4661 qui
874 4602 957 4647 est
998 4606 1160 4661 super
1208 4591 1386 4646 omnia
1433 4591 1594 4656 Deus,
1644 4589 1965 4654 obsecrarit,
2003 4603 2102 4658 pro

533 4684 707 4740 salute
732 4683 917 4739 famuli
952 4685 1027 4739 tui
1066 4683 1294 4752 piissimi
1317 4682 1643 4738 Constantii.
1670 4680 1777 4736 Sed
1815 4689 1918 4736 tuae
1947 4680 2104 4735 boni-

2210 3573 2537 3645 τετείχισται
2582 3574 2677 3627 καὶ
2727 3573 3046 3645 τεθύρωται,
3079 3572 3174 3627 καὶ
3221 3573 3322 3643 τὴν
3364 3573 3628 3646 διαφοράν
3683 3572 3781 3625 τῶν

2212 3670 2449 3724 εὐσεϐῶν
2472 3668 2695 3723 καὶτῶν
2730 3666 2842 3738 (66)
2873 3666 3111 3738 βεϐήλων
3139 3665 3434 3719 δείκνυσιν.
3472 3661 3635 3737 Ἀρά,
3694 3664 3781 3735 βα-

2212 3761 2380 3829 σιλεῦ,
2412 3762 2472 3815 οὐ
2506 3760 2643 3832 μετὰ
2666 3761 2765 3831 τῆς
2792 3760 2891 3831 σῆς
2919 3757 3197 3822 εὐσεϐείας
3224 3759 3333 3821 πᾶς
3370 3757 3619 3811 ὁστισοῦν
3655 3756 3771 3825 φρόο
3884 3772 3887 3773 ⁷

2209 3872 2363 3926 νιμος
2395 3853 2630 3907 ἐπινεύει
2651 3853 2821 3923 τούτῳ
2844 3868 2859 3917 ;
2887 3852 3061 3906 ’ἰσασι
3090 3849 3221 3921 γὰρ,
3243 3851 3326 3903 ὅτι
3350 3843 3457 3903 ὧδε
3512 3849 3610 3921 μέν
3636 3850 3775 3918 νόμι-

2212 3964 2309 4017 μος
2328 3946 2481 4017 εὐχὴ,
2510 3947 2692 4000 ἐκεῖδέ
2715 3945 2937 4025 ἀταξίας
2967 3943 3202 4012 ὑποψία·
3234 3943 3285 3995 εί
3317 3943 3393 4014 μὴ
3434 3943 3575 4014 ἄρα,
3605 3943 3770 3994 τόπων

2211 4039 2285 4111 μὴ
2308 4040 2495 4102 ὄντων,
2541 4040 2687 4109 μόνοι
2711 4038 2810 4108 τὴν
2849 4037 3082 4107 ἐρημίαν
3123 4035 3189 4090 ἂν
3230 4038 3435 4095 οίκοῖεν
3466 4034 3576 4105 (67)
3605 4035 3651 4088 οἱ
3690 4032 3769 4085 εὐ-

2207 4132 2445 4203 χόμενοι,
2493 4129 2680 4200 ῶσπερ
2703 4125 2773 4200 ἦν
2820 4129 2850 4182 6
2908 4126 3156 4198 Ἰσραήλο
3210 4126 3347 4180 ἀλλὰ
3371 4127 3641 4189 κάκείνοις
3679 4124 3766 4193 τῆς

2208 4225 2412 4297 σκηνῆς
2437 4224 2734 4294 γενομένης
2774 4220 3101 4295 περιώριστο
3156 4221 3343 4275 λοιπὸν
3392 4222 3494 4292 τῆς
3535 4221 3693 4291 εὐχῆς
3741 4219 3767 4269 ό

2203 4315 2385 4378 τόπος.
2415 4308 2486 4366 ’Ὦ
2536 4312 2777 4366 Δέσποτα
2829 4311 2921 4366 καὶ
2987 4309 3202 4382 ἀληθῶς
3261 4309 3483 4381 βασιλεῦ
3521 4310 3625 4364 τῶν
3665 4306 3764 4377 (68)

2205 4404 2590 4477 βασιλευόντων
2618 4402 2838 4475 Χριστέ,
2867 4402 2961 4455 Υἱὲ
2978 4401 3072 4455 τοῦ
3097 4400 3233 4455 Θεοῦ
3275 4400 3581 4473 μονογενὲς,
3605 4399 3765 4465 Λόγος

2204 4500 2296 4553 καὶ
2328 4498 2494 4569 Σοφία
2522 4497 2617 4551 τοῦ
2644 4498 2876 4568 Πατρὸς,
2914 4495 3100 4567 ἐπειδὴ
3124 4494 3222 4567 τὴν
3251 4495 3352 4567 σὴν
3372 4490 3764 4567 φιλανθρωπίαν

2202 4592 2231 4644 ὁ
2263 4589 2389 4654 λαὸς
2418 4588 2641 4661 ηὔξατο,
2671 4588 2766 4641 καὶ
2783 4586 2870 4641 διὰ
2896 4585 2989 4639 σοῦ
3021 4584 3110 4639 τὸν
3142 4584 3235 4639 σὺν
3272 4585 3495 4656 Πατέρα
3536 4584 3625 4638 τὸν
3654 4580 3763 4633 ’ἐπὶ

2203 4681 2418 4735 πάντων
2446 4681 2579 4735 Θεὸν
2644 4678 3005 4750 παρεκάλεσε,
3049 4677 3178 4749 περὶ
3237 4677 3337 4747 τῆς
3371 4674 3639 4748 σωτηρίας
3674 4668 3759 4724 τοῦ

532 4774 629 4827 tati
663 4775 868 4843 gratias
916 4789 1037 4844 ago,
1070 4775 1210 4843 quod
1260 4773 1391 4827 mihi
1446 4772 1579 4827 vitio
1626 4781 1869 4827 vertatur
1918 4771 2097 4841 legum

2222 4771 2300 4824 τοῦ
2357 4770 2685 4841 θεράποντος
2739 4768 2831 4823 τοῦ
2892 4766 3283 4822 εὐσεϐεστάτου
3352 4761 3715 4822 Κωνσταντίου
3741 4796 3757 4819 ν

532 4874 748 4921 tuarum
812 4866 1139 4924 observatio.
1193 4866 1442 4922 Graviori
1511 4866 1658 4921 enim
1728 4860 2099 4918 criminationi

2222 4834 2632 4934 ιατηγοροῦμαι.
2674 4858 2833 4914 Ἀλλὰ
2859 4861 2924 4930 τῇ
2958 4860 3025 4930 σῇ
3046 4857 3341 4929 ἀγαθότητι
3370 4857 3549 4926 χάρις,
3580 4854 3658 4907 ὅτι
3678 4846 3755 4902 διᾶθ

595 5102 649 5172 δ”
676 5099 867 5157 Matth.
896 5115 1053 5165 xvm,
1083 5098 1137 5153 2.
1212 5098 1257 5129 ⁸⁸
1282 5096 1475 5151 Matth.
1506 5111 1583 5161 vr,
1614 5094 1665 5149 6.
1742 5094 1785 5126 ⁶¹
1816 5092 1923 5148 lsa.
1960 5106 2112 5146 χχχιι

2298 5088 2343 5119 ⁸’
2378 5086 2516 5141 Tob.
2547 5101 2598 5139 tv
2651 5084 2736 5140 l9.

530 5314 544 5355 ζ
602 5281 715 5355 (60)
739 5280 801 5355 lu
826 5282 1004 5346 editis,
1040 5280 1144 5355 ml
1159 5281 1275 5331 ἐκεῖ
1303 5276 1441 5340 πῶς.
1482 5274 1589 5329 Sed
1621 5275 1737 5327 ἐκεῖ
1765 5270 1907 5344 quod
1959 5268 2099 5325 desit

529 5352 584 5409 in
605 5352 856 5410 omnibus
891 5368 1018 5406 mss.
1042 5353 1299 5405 omissum
1324 5359 1426 5402 est.

602 5423 711 5492 (61)
748 5422 903 5492 Reg.,
933 5416 992 5476 οὗ
1016 5422 1129 5475 ἐάν.

594 5482 706 5565 (62)
730 5494 795 5545 Σε
829 5482 982 5547 deest
1003 5494 1054 5565 in
1077 5492 1325 5565 Regnnec
1349 5484 1544 5565 lectum
1564 5494 1646 5541 est
1682 5501 1710 5539 a
1738 5482 1969 5545 Nannio,
1995 5496 2085 5550 qut

526 5558 712 5631 vertit,
753 5573 843 5617 aut
868 5580 969 5616 non
998 5564 1136 5616 inter
1160 5559 1336 5633 felicia
1364 5558 1665 5633 pradicel.‘
1706 5626 1719 5633 _
1752 5626 1763 5633 _
1939 5622 1979 5633 _
2003 5621 2035 5633 υ

599 5621 712 5705 (63)
771 5634 900 5705 Reg.
948 5648 1120 5705 quem
1160 5621 1451 5705 sequimur
1479 5665 1514 5705 ,_
1547 5626 1908 5705 διαϐαλόνταλ
1939 5621 2081 5705 βιίίι.

526 5692 757 5763 (ἒοὶιιιιίη
787 5692 1206 5766 ἐνξιαϐαλόνται.
1239 5698 1401 5753 Basil.
1433 5699 1562 5751 edit.
1594 5697 1762 5749 Paris.
1794 5705 1846 5747 et
1870 5692 2081 5753 Culum,

524 5773 918 5829 ἐ-νδιαϐαλόντα.
1048 5840 1051 5841 ν
1334 5837 1344 5841 _
1471 5838 1480 5841 λ
1540 5837 1573 5841 _
2001 5830 2011 5841 .

590 5843 702 5914 (64)
720 5842 881 5909 Editi,
901 5840 1172 5905 mendose,
1192 5837 1653 5907 xataipqxégBeg
1682 5877 1697 5904 ,
1716 5837 2077 5902 κατειρηκως.

2273 5268 2386 5337 (65)
2406 5265 2545 5337 Reg.
2586 5275 2641 5320 et
2677 5263 2839 5319 Basil.
2868 5275 3005 5332 quos
3034 5256 3335 5329 sequimur.
3376 5251 3610 5316 ἀληθῶς.
3634 5247 3751 5303 Εόίδ

2200 5340 2261 5402 ti,
2290 5336 2530 5408 ἀληθεῖς.

2268 5426 2378 5501 (66)
2403 5428 2525 5481 Τῶν
2549 5428 2701 5482 deest
2725 5424 2778 5479 in
2807 5422 2944 5488 Reg.

2264 5494 2375 5591 (67)
2406 5519 2503 5591 Sic
2523 5518 2656 5587 Reg.
2688 5526 2743 5569 et
2778 5511 2948 5591 Basil.
2976 5510 3279 5591 Edit._ver_o
3330 5508 3498 5591 Paris.
3518 5494 3740 5591 pelagi)!-

2755 5584 2978 5647 οἰκεῖον,
3021 5581 3186 5634 male.
3242 5578 3409 5650 Paulo
3444 5584 3557 5646 post
3598 5568 3739 5635 Begu

2188 5660 2539 5734 περιώριστο,
2564 5649 2788 5726 optime.
2828 5653 2965 5707 Editi
2996 5652 3136 5706 male
3167 5649 3542 5723 περιώριστον.

2262 5731 2376 5825 (68)
2405 5753 2549 5816 Haec,
2593 5747 2814 5825 βασιλεῆ
2844 5743 2973 5810 τῶν,
2999 5745 3189 5800 desunt
3217 5745 3269 5799 in
3292 5744 3423 5812 Reg.
3449 5734 3597 5794 Paulo
3622 5731 3738 5800 ροει

2191 5818 2362 5892 itlétu,
2391 5825 2526 5891 Λόγε
2556 5818 2649 5875 καὶ
2686 5818 2875 5888 Σοφία.
