3954 6506
214 404 314 464 617

1243 426 1592 487 APOLOGIA
1630 434 1723 490 AD
1760 437 2253 501 CONSTANTIUM
2291 445 2428 503 IMP.

3346 465 3452 523 618

211 523 363 579 τοῦτο
393 526 489 580 καὶ
521 527 579 580 ἐν
608 532 720 595 τοῖς
742 534 854 597 σοῖς
890 536 1075 609 νόμοις
1095 540 1480 619 διαϐέϐλημαι.
1502 550 1750 617 Μειζόνω

211 618 311 643 -.1-
345 618 673 643 ευρηρυω
832 627 845 643 .
889 624 917 643 τ
988 631 1029 643 ..
1086 633 1151 643 ,..
1217 636 1240 643 _
1314 638 1327 643 -

1881 572 2066 614 ansam
2145 562 2449 631 dedissem,
2496 579 2561 623 ac
2613 566 2803 625 fuisset
2855 570 3093 643 legitima
3152 583 3447 639 accusandi

210 618 313 690 γὰρ
341 618 407 673 ἂν
424 620 733 696 διεϐλήθην,
762 627 854 682 καὶ
886 624 954 701 ἦν
977 631 1191 704 ἀληθῶς
1214 636 1483 712 ἔγκλημα,
1514 644 1563 697 εί
1593 643 1651 698 δν
1667 645 1777 718 (69)

208 708 522 813 ᾠκοδόμησε
536 714 712 813 ,τόπον
745 718 773 771 6
806 718 1056 790 βασιλεὺς
1080 708 1497 805 παρηρχόμεθα,
1526 738 1618 809 καὶ
1652 708 1780 813 έρηζ

211 817 305 904 μον
367 799 670 877 ἐζητοῦμεν
734 813 813 876 εἰς
868 814 1055 887 εὐχήν.
1103 799 1350 886 ιιῶξὲιεί
1402 827 1432 880 6
1474 799 1778 904 κατήγορός

206 890 509 966 ἐφλυάρησε
541 899 699 955 τότεε
730 903 846 969 πῶς
874 906 941 960 ἂν
971 905 1038 979 ἦν
1087 912 1309 980 πιθανὸς
1357 916 1556 989 λέγων·
1600 890 1776 990 ίὲξᾉυξ

202 1254 318 1310 σθαι
353 1256 520 1324 λαοὺς
558 1264 858 1325 κεκώλυκε.
891 1269 1077 1327 Ταῦτα
1102 1276 1291 1346 ἤθελεν
1342 1282 1555 1350 εἰπεῖν’,
1604 1287 1777 1343 ταῦτα

199 1345 405 1417 ἐζήτει·
442 1350 537 1403 καὶ
590 1353 664 1425 μὴ
722 1356 897 1429 εὑρὼν
947 1345 1190 1433 ἄχθεται,
1236 1367 1332 1422 καὶ
1367 1345 1551 1429 λοιπὸν
1582 1375 1775 1446 λόγους

199 1437 439 1495 πλάττει.
465 1443 652 1499 Ταῦτα
674 1448 782 1521 γὰρ
816 1453 863 1505 εί
923 1454 1127 1524 ἔλεγεν,
1156 1459 1419 1517 ἐδυσώπει
1451 1466 1562 1538 (70)
1590 1437 1772 1541 κόίμέῖ

197 1529 379 1603 ὥσπερ
412 1534 509 1588 νῦν
545 1537 743 1607 ἀδικεῖ,
778 1542 871 1597 τὸν
924 1545 1171 1604 διαϐόλου
1224 1553 1421 1627 τρόπον
1465 1558 1769 1631 ἀναλαϐὼν,

197 1623 283 1723 καὶ
309 1630 801 1723 παρατηρούμενος
845 1639 971 1704 τοὺς
1006 1623 1502 1723 προσευχόμένουςῨ
1560 1652 1639 1708 διὸ
1678 1623 1772 1711 καί

195 1712 395 1817 ἐσφάλη
424 1724 736 1791 παραγνοὺς
757 1726 815 1780 τὸ
838 1729 932 1782 τοῦ
948 1733 1166 1805 Δανιήλ·
1208 1712 1423 1810 ἐνόμισε
1448 1712 1555 1814 γὰρ
1576 1746 1604 1798 6
1627 1746 1770 1817 ἀμα-

194 1804 307 1877 θὴς,
331 1800 413 1863 ὅτι
437 1812 531 1865 καὶ
546 1816 640 1869 ἐπὶ
669 1817 764 1872 σοῦ
789 1820 857 1875 τὰ
888 1823 998 1877 τῶν
1027 1800 1384 1887 Βαϐυλωνίων
1417 1800 1628 1908 κρατεῖ,
1667 1800 1768 1895 ’κᾲι

192 1898 286 2003 ούκ
309 1899 471 1971 ἔγνω,
494 1905 576 1960 ὅτι
612 1908 763 1975 φίλος
793 1907 847 1967 εἴ
866 1915 977 1988 (71)
1004 1917 1099 1971 τοῦ
1119 1925 1388 1996 μακαρίου
1416 1898 1644 2003 Δανιὴλ·
1673 1935 1767 1989 καὶ
1796 1907 1839 1965 Β

192 1988 276 2044 τὸν
318 1994 481 2048 αὑτὸν
512 1997 660 2071 αὐτῷ
689 2003 819 2059 Θεὸν
873 2016 1215 2080 προσκυνεῖς.
1250 2018 1341 2071 καὶ
1391 2020 1453 2073 ού
1511 2023 1764 2093 κωλύεις,

188 2081 317 2138 ἀλλά
346 2086 521 2153 Θέλεις
542 2093 749 2159 πάντας
766 2097 1040 2170 εὔχεσθαι,
1075 2105 1251 2173 εἰδὼς,
1275 2110 1357 2163 ὅτι
1382 2113 1599 2170 πάντων
1620 2081 1765 2175 ἐστίν

186 2174 333 2320 εὲχὴ,
363 2178 633 2245 σώζεσθαί
663 2205 721 2241 σε
762 2192 854 2245 καὶ
889 2192 1194 2263 βασιλεύειν
1227 2202 1286 2256 ἐν
1312 2206 1504 2282 είρήνῃ
1536 2174 1763 2267 διαπανέ

186 2282 214 2319 τ
244 2284 291 2320 ς.

185 2282 291 2330 τος.

248 2446 346 2544 10..
388 2446 533 2519 Ἐγὼ
565 2453 665 2523 μὲν
688 2452 783 2511 οὖν
812 2461 907 2516 καὶ
939 2465 1111 2544 ταῦτα
1145 2472 1281 2543 πρὸς
1306 2475 1399 2534 τὸν
1430 2485 1758 2543 κατειπόντα

180 2533 521 2645 ἀπὶοδύρομαι
543 2558 556 2573 ο
599 2546 664 2598 σὺ
690 2547 768 2611 δὲ,
794 2533 1170 2623 θεοφιλέστατε
1191 2533 1760 2645 Ᾰθγουστεν,ὴξησῖειας

179 2626 398 2694 πολλαῖς
431 2634 568 2688 ἐτῶν
607 2641 897 2710 περιόδοις,
952 2649 1044 2701 καὶ
1100 2651 1169 2705 τὰ
1214 2626 1464 2724 ἐγκαίνια

178 2734 345 2783 σειας.
368 2723 442 2829 Ἀἱ
469 2724 579 2796 γὰρ
616 2731 904 2803 γενόμεναι
953 2740 1105 2811 παρὰ
1134 2723 1350 2801 πάντων
1379 2752 1506 2821 περὶ
1537 2755 1636 2826 τῆς
1657 2758 1759 2829 σῆς

178 2814 450 2884 σωτηρίας
475 2818 634 2888 εὐχαὶ
657 2821 756 2877 οὐκ
784 2827 1129 2897 ἐμποδίζουσι
1180 2837 1281 2909 τὴν
1322 2840 1428 2895 τῶν
1452 2814 1757 2914 ἐγκαίνίωυ

173 2905 507 2977 πανήγυριν.
542 2911 632 2982 Μὴ
658 2914 814 2968 τοῦτο
838 2917 1214 2989 ψευδέσθωσαν
1235 2905 1287 2982 οἱ
1309 2905 1541 3003 ἀμαθεῖς
1557 2954 1570 2966 ·
1620 2939 1757 2997 ἀλλὰ

171 2997 321 3069 παρὰ
355 3000 456 3071 μὲν
474 3002 584 3057 τῶν
613 3008 872 3081 Πατέρων
906 3015 1244 3087 μαθέτωσαν,
1274 2997 1673 3095 ἀναγνώτωσαν
1700 3034 1755 3089 δὲ

169 3089 259 3194 καὶ
405 3092 445 3145 Γ
447 3095 677 3194 ραφάςζ
695 3101 898 3168 μᾶλλον
952 3106 1010 3159 δέ
1070 3111 1219 3183 παρὰ
1275 3116 1370 3171 σοῦ
1391 3089 1749 3194 μαθέτωσαν,

169 3180 448 3252 φιλολόγος
480 3188 593 3261 γὰρ
624 3187 691 3256 εἴ,
724 3194 807 3247 ὅτι
855 3196 950 3250 καὶ
981 3180 1187 3271 Ἰησοῦς
1224 3207 1254 3260 6
1300 3180 1423 3263 τοῦ·
1456 3180 1751 3273 Ἰωσεδὲκό

167 3273 363 3346 ἱερεὺς,
398 3280 491 3332 καὶ
520 3283 569 3335 oi
591 3283 809 3355 ἀδελφοὶ
841 3290 1027 3356 αὑτοῦ,
1065 3297 1160 3349 καὶ
1188 3301 1493 3373 Ζοροϐάϐελ
1515 3306 1543 3360 6
1571 3310 1745 3365 Σαλα-

166 3365 334 3439 θιὴλό
364 3371 549 3443 σοφὸς,
601 3376 696 3473 καὶ
728 3379 961 3473 Ἔσδρας
1016 3386 1045 3438 6
1092 3365 1274 3461 ἱερεὺς
1303 3395 1397 3449 καὶ
1441 3397 1536 3452 τοῦ
1578 3401 1743 3473 νόμου

164 3466 547 3533 γραμματεὺς,
582 3466 678 3521 τοῦ
704 3470 850 3542 ἱεροῦ
879 3473 991 3547 (72)
1025 3480 1164 3548 μετὰ
1208 3484 1307 3555 τὴν
1365 3466 1743 3561 αἰχμαλωσίαν

162 3553 612 3656 οἰκοδομουμένου
647 3600 663 3625 ,
719 3564 814 3617 καὶ
873 3569 1139 3644 ἐνστάσης
1208 3553 1309 3647 τῆς
1364 3553 1743 3656 Σκηνοπηγίας

162 3640 340 3743 (ἐρρτὴ
370 3642 514 3747 δὲιην
548 3647 689 3720 αὕτη
718 3654 812 3706 καὶ
837 3640 1139 3732 πανήγυρις
1162 3640 1415 3742 καὶέύχὴ

160 3731 238 3803 τῷ
272 3735 539 3830 ῘΙσραὴλ),
568 3741 883 3830 ⁸συνήγαγον
907 3746 998 3802 τὸν
1023 3731 1147 3805 λαὸν
1175 3731 1514 3829 ὁμοθυμαδὸν
1531 3731 1657 3830 ἐίςι
1679 3766 1740 3821 τὸ

161 3821 467 3898 εὐρύχωρον
496 3827 594 3881 τοῦ
631 3830 849 3901 πρώτου
879 3837 1123 3904 πυλῶνος
1150 3844 1244 3898 τοῦ
1279 3849 1416 3920 πρὸς
1442 3855 1508 3923 τῇ
1545 3856 1739 3912 ἀνατο-

158 3911 359 3987 λῇ,καὶ
380 3918 445 3972 τὸ
479 3918 863 3994 θυσιαστήριον
892 3929 983 3981 τοῦ
1020 3931 1154 3986 Θεοῦ
1209 3922 1541 4011 ἡτοίμασαν,
1578 3949 1740 4003 κάκεῖ

160 4011 581 4099 προσήνεγκαν,
632 4014 793 4069 κάκεῖ
842 4020 940 4091 τὴν
989 4025 1179 4099 ἑορτὴν
1232 4031 1575 4094 ἐπετέλεσαν.
1626 4043 1736 4096 Καὶ

157 4098 333 4156 λοιπὸν
379 4103 559 4169 οὕτως
607 4105 705 4171 τὰς
771 4111 909 4166 κατὰ
964 4098 1239 4173 Σάϐϐατον
1293 4125 1387 4178 καὶ
1442 4133 1736 4202 νουμηνίαν

157 4196 492 4268 προσέφερον
548 4198 760 4267 θυσίας,
795 4205 887 4257 καὶ
932 4208 979 4260 οἱ
1040 4208 1159 4264 λαοὶ
1188 4212 1287 4279 τὰς
1337 4218 1503 4290 εὐχὰς
1540 4196 1732 4281 -αύτῶν

157 4285 434 4359 ἀνέφερον.
468 4290 581 4380 Καὶ
623 4295 871 4365 φανερῶς
902 4315 1066 4369 φησιν
1108 4303 1139 4373 ἡ
1174 4285 1502 4380 Γραφὴίδτι
1560 4316 1734 4373 ταῦτα

157 4375 419 4445 ἐγίγνετο,
439 4379 535 4433 καὶ
563 4381 592 4433 6
618 4381 743 4445 ναὸς
768 4383 864 4437 τοῦ
897 4385 1031 4441 Θεοῦ
1062 4375 1547 4473 οΰπωήῴκοδόμητο
1565 4420 1580 4435 ο
1597 4405 1734 4463 ἀλλὰ

158 4471 355 4539 μᾶλλον
371 4472 583 4526 τούτων
611 4473 783 4540 οὕτως
814 4479 1121 4551 εὐχομένων
1170 4486 1199 4537 6
1232 4488 1344 4561 (75)
1390 4471 1538 4559 οἶκος
1596 4515 1731 4569 προ-

151 4562 381 4619 έκοπτεν
414 4567 444 4619 6
481 4567 959 4641 οἰκοδομούμενος·
989 4576 1084 4629 καὶ
1114 4576 1234 4632 οὔτε
1260 4581 1348 4637 διὰ
1373 4584 1471 4659 τὴν
1502 4562 1731 4663 προσδο-
1757 4611 1813 4673 D

150 4654 268 4710 κέαν
312 4658 424 4712 τῶν
458 4660 749 4728 ἐγκαινίων
803 4665 1152 4740 ἐκωλύθησαν
1183 4675 1238 4727 al
1281 4654 1455 4750 εὐχαί,
1485 4654 1607 4739 οὔτε
1645 4685 1735 4742 διὰ

143 4746 243 4811 τὰς
270 4751 577 4821 γενομένας
614 4754 864 4821 συνόδους
893 4758 999 4814 τῶν
1024 4763 1198 4835 εὐχῶν
1230 4746 1625 4841 ἐμπεπόδισται
1662 4780 1731 4835 τὰ

144 4840 437 4909 ἐγκαίνια·
482 4844 619 4899 ἀλλὰ
653 4849 746 4901 καὶ
784 4850 813 4903 ό
846 4850 971 4917 λαὸς
1020 4854 1194 4923 οιτως
1236 4840 1473 4935 ηὔχετοζ
1512 4871 1605 4924 καὶ
1636 4871 1726 4927 ὅτε

135 4934 423 4989 τετέλεστο
448 4939 558 5002 πᾶς
603 4941 631 4992 6
673 4936 838 5010 οἶκος,
877 4946 1138 5019 ἐποίησαν
1181 4952 1251 5007 τὰ
1301 4934 1573 5029 ἐγκαίνια,
1631 4968 1727 5021 καὶ

136 5030 528 5102 προσήνεγκαν
562 5033 644 5097 είς
671 5035 762 5088 τὸν
800 5038 1173 5111 ἐγκαινισμὸν,
1224 5046 1319 5099 καὶ
1352 5049 1556 5118 πάντες
1590 5056 1727 5129 ἐώρ.

133 5136 313 5175 τασαν
339 5125 436 5177 ἐπὶ
486 5129 554 5197 τῇ
595 5126 990 5203 τελεσιουργίᾳ.
1052 5135 1223 5189 Τοῦτο
1276 5139 1333 5193 δὲ
1376 5142 1538 5200 πάλιν
1575 5125 1726 5205 καὶ-ὁ

133 5217 454 5289 μακαρίτης
480 5216 823 5292 Ἀλέξανδρος
848 5226 942 5279 καὶ
962 5227 1011 5278 οἱ
1038 5227 1186 5282 ἄλλοι
1215 5232 1454 5304 Πατέρες
1492 5242 1719 5313 πεποιή-

130 5322 269 5362 κασι
290 5326 303 5341 ’
340 5312 743 5381 συναγαγόντες
780 5319 886 5389 γὰρ
914 5319 1006 5371 καὶ
1034 5320 1415 5392 τελειώσαντες
1448 5329 1510 5383 τὸ
1539 5312 1716 5403 ἔργον,

201 5446 249 5479 ⁸³
282 5449 419 5507 Dan.
459 5467 537 5508 Vt.
614 5454 660 5486 ⁸⁵
683 5454 703 5508 1
729 5456 884 5516 Esdr.
923 5476 1005 5530 ιιι,
1038 5463 1131 5531 10,
1163 5462 1250 5519 11.

208 5584 326 5719 (69)
347 5585 510 5655 883.,
542 5586 591 5639 εί
614 5587 724 5645 τόν.
750 5589 870 5648 Mox
904 5592 1067 5660 idem,
1097 5596 1194 5651 xui.

210 5656 304 5719 (70
350 5655 514 5719 Reg.,
538 5657 827 5717 ἐδυσώπει.
858 5663 1020 5719 Editi.
1049 5668 1194 5719 ἐδυσι

210 5655 326 5724 (70)
350 5655 487 5724 Reg.

211 5697 326 5724 ιη’,
351 5697 433 5710 -.ν
475 5697 514 5722 ι,
538 5697 827 5717 υνυυιυιυςι.
858 5697 976 5717 uult

118 5725 337 5781 ἀδικεῖ.
373 5697 538 5794 Erilli,
562 5729 723 5790 male.
752 5732 976 5788 ἀδικεῖν.

1223 5596 1321 5682 γῆν
1342 5598 1567 5683 gentm:

130 5794 644 5887 ῖυ(71)ίΒΞὲ.,ρῆ.
693 5799 988 5887 Moxidem
1021 5806 1111 5887 τόν
1151 5809 1521 5887 ἀύτδν-αὐτῷ
1572 5814 1709 5887 Θεῷ.
1788 5856 1802 5867 .

114 5866 506 5926 Ιὺὶιιειιιέϋὶι.
543 5866 803 5930 CommeL
827 5873 963 5944 sola,
990 5877 1083 5930 καὶ
1112 5878 1171 5932 οὐ
1207 5866 1471 5948 κελεύεις.

1878 664 2063 718 causa,
2093 652 2139 707 si
2180 654 2320 722 loco,
2369 672 2528 728 quem
2570 659 2865 731 imperator
2912 677 3261 725 exstruxerat
3307 688 3449 741 prae-

1880 743 2149 811 termisso,
2175 760 2414 803 eremum
2467 752 2533 805 ad
2561 754 2822 831 orandum
2875 758 3235 825 petiissemus.
3273 762 3446 830 Quam

1882 835 2111 899 multum
2157 850 2442 897 accusator
2480 852 2605 899 tunc
2645 846 3071 905 deblaterassetl
3124 868 3286 922 quant
3343 857 3448 912 fide

1877 925 2071 996 dignus
2093 927 2239 985 visus
2266 931 2454 988 fuisset
2485 935 2713 992 dicendo
2747 952 2761 990 :
2791 936 2989 993 Locum
3022 949 3169 995 tuum
3198 954 3445 999 contem-

1875 1019 1987 1086 psit
2019 1036 2035 1074 :
2062 1034 2197 1089 opus
2228 1038 2335 1077 non
2370 1028 2562 1094 probat
2590 1036 2739 1083 tuum
2765 1050 2779 1086 :
2808 1031 2999 1087 derisit
3034 1039 3433 1103 prmtereundo,

1755 1137 1777 1149 ο
1875 1107 2150 1163 desertum
2183 1110 2441 1167 indicavit
2470 1117 2611 1184 quod
2646 1117 2745 1174 loci
2776 1122 3085 1177 necessitati
3116 1125 3396 1195 suppleret
3425 1146 3442 1185 :

1750 1231 1776 1243 -
1875 1194 2100 1269 populos
2148 1205 2336 1258 orandi
2364 1208 2610 1275 ‘cupidos
2656 1211 2957 1282 impedivit.
2995 1214 3121 1272 Haec
3150 1194 3337 1273 utsibi
3372 1221 3448 1275 di-

1875 1293 2045 1347 cenda
2091 1304 2441 1364 suppeterent
2466 1302 2784 1371 peroptabat
2810 1306 3227 1379 inquirebatque
3261 1328 3275 1364 :
3301 1313 3444 1380 quod

1873 1396 1998 1437 cum
2032 1397 2314 1441 assecutus
2345 1403 2446 1443 non
2474 1390 2564 1457 sit,
2593 1407 2829 1451 moerore
2868 1396 3089 1455 allectus
3110 1400 3445 1457 criminatio—

1874 1490 1971 1531 nes
2001 1477 2251 1550 deinceps
2287 1484 2738 1543 comminiscitur.
2764 1490 2831 1545 Ει
2857 1507 2988 1549 sane
3032 1495 3078 1551 si
3126 1496 3219 1553 illa
3264 1499 3446 1556 dicere

1872 1579 2076 1639 posset,
2106 1572 2312 1638 pudore
2350 1589 2435 1630 me
2466 1577 2821 1648 sulfunderet,
2858 1593 2919 1638 ut
2961 1601 3047 1641 me
3086 1587 3200 1657 jam
3241 1590 3440 1661 injuria

1871 1660 2056 1728 allicit,
2088 1679 2210 1719 cum
2256 1666 2454 1723 diaboli
2506 1686 2684 1727 mores
2713 1673 2978 1743 imitatus,
3003 1694 3098 1735 eos
3128 1684 3219 1752 qui
3252 1695 3446 1742 vacant

1870 1755 2102 1812 orationi
2129 1758 2422 1815 observat:
2451 1762 2693 1821 Danielis
2742 1768 2943 1841 quippe
2992 1772 3337 1831 historiam”
3365 1780 3444 1836 le—
3476 1806 3489 1821 ι-

1871 1848 2044 1915 gendo
2078 1864 2176 1919 spe
2224 1850 2394 1908 falsus
2449 1865 2533 1911 est
2577 1874 2592 1912 :
2632 1861 2839 1926 putavit
2884 1864 3028 1919 enim
3078 1866 3304 1938 ignarus
3353 1872 3445 1928 ille
3484 1872 3487 1873 ⁷

1867 1938 2283 2012 Babyloniorum
2319 1962 2503 2005 mores
2544 1953 2685 2023 apud
2734 1962 2786 2009 te
2829 1956 3027 2025 vigere,
3071 1976 3250 2032 neque
3291 1965 3441 2019 novit

1865 2046 1983 2088 esse
2021 2042 2074 2089 te
2113 2035 2256 2092 beati
2298 2039 2536 2096 Danielis
2581 2044 3059 2113 studiosissimum,
3090 2066 3156 2107 ac
3184 2054 3439 2110 eumdem

1865 2139 2021 2194 quem
2066 2128 2153 2184 ille
2186 2129 2355 2186 Deum
2389 2133 2619 2191 adorare
2656 2152 2756 2192 nec
2800 2138 3083 2210 impedire,
3115 2143 3225 2199 imo
3250 2146 3435 2215 potius

1863 2231 2206 2289 summopere
2239 2232 2429 2293 optare
2459 2235 2517 2281 ut
2565 2242 2757 2293 omnes
2790 2232 3025 2288 orationi
3064 2235 3384 2294 incumbant
3411 2256 3427 2291 :

1861 2322 1983 2362 cum
2028 2311 2170 2369 scias
2211 2317 2452 2372 omnium
2487 2321 2763 2377 orationes
2798 2332 2855 2379 et
2905 2336 3029 2382 vota
3079 2342 3143 2383 ea
3192 2344 3340 2398 esse,
3374 2342 3433 2387 ut

1864 2399 2146 2459 incolumis
2168 2415 2222 2460 et
2248 2421 2370 2462 cum
2398 2424 2530 2479 pace
2559 2424 2821 2485 perpetuo
2852 2417 3108 2487 imperes.

1934 2491 2022 2546 18.
2066 2493 2326 2564 Equidem
2372 2500 2486 2557 haec
2534 2504 2794 2561 adversus
2835 2508 3260 2568 obtrectatorem
3304 2528 3434 2570 con-

1859 2597 2079 2652 queror.
2122 2586 2202 2641 Tu
2242 2604 2404 2658 vero,
2450 2594 2859 2664 religiosissime
2906 2602 3170 2670 Auguste,
3212 2604 3423 2661 utinam

1858 2675 2042 2731 multis
2083 2694 2349 2737 annorum
2389 2685 2609 2743 circulis
2644 2689 2866 2759 vixeris,
2896 2708 2963 2750 ac
3007 2694 3169 2767 243
3221 2697 3432 2755 dedica-

1861 2764 2021 2820 tionis
2050 2767 2311 2826 solemnia
2347 2773 2711 2834 celebraveris
2737 2780 2750 2833 ι
2784 2780 2921 2838 Nam
2961 2764 3112 2841 certe
3130 2764 3329 2858 preces
3358 2791 3428 2845 ab

1858 2856 2109 2914 omnibus
2144 2875 2243 2928 pro
2274 2871 2360 2918 tua
2389 2865 2562 2923 salute
2588 2869 2741 2936 fusas,
2772 2872 2905 2928 nihil
2958 2856 3177 2933 obstant
3207 2879 3428 2937 dedica-

1858 2950 2017 3005 tionis
2066 2952 2388 3012 celebritati.
2432 2957 2509 3014 Ne
2557 2962 2683 3018 talia
2743 2963 2983 3035 imperiti
3038 2969 3114 3024 illi
3179 2972 3427 3030 homines

1857 3042 2137 3099 mendacia
2176 3047 2497 3115 proferant:
2535 3054 2630 3108 sed
2678 3069 2709 3109 a
2746 3054 3001 3113 Patribus
3053 3060 3108 3115 id
3156 3062 3421 3129 ediscant,

1860 3133 2283 3209 Scripturasque
2314 3142 2586 3211 evolvant,
2610 3146 2695 3201 vel
2733 3146 2914 3217 potius
2941 3164 2970 3203 a
3000 3160 3049 3205 te
3078 3151 3194 3221 ipso
3227 3153 3424 3209 littera-

1777 3250 1819 3308 α
1857 3242 1971 3282 rum
2026 3231 2423 3290 studiosissimo
2452 3237 2786 3295 edoceantur
2818 3258 2833 3297 :
2868 3240 3051 3297 Jesum
3100 3245 3311 3300 scilicet
3343 3262 3422 3301 sa-

1851 3321 2123 3378 cerdotem
2153 3323 2397 3383 Josedeci
2426 3328 2592 3385 lilium
2623 3341 2679 3387 et
2709 3332 2911 3391 fratres
2939 3335 3080 3404 ejus,
3117 3337 3423 3394 Zorobabe-

1848 3415 1952 3471 lem
2011 3417 2178 3474 [ilium
2238 3418 2553 3479 Salathielis
2607 3427 2913 3497 sapientem
2988 3428 3140 3485 illum
3206 3431 3417 3499 virum,

1848 3508 2075 3564 Esdram
2125 3512 2254 3569 item
2301 3517 2640 3573 sacerdotem
2702 3529 2758 3575 et
2818 3521 2952 3593 legis
2995 3527 3257 3593 scribam,
3297 3544 3418 3584 cum

1848 3599 2100 3670 templum
2130 3614 2253 3673 post
2279 3609 2649 3676 captivitatem
2680 3612 3060 3681 aedificaretur,
3083 3618 3418 3691 instaretque

1846 3690 2200 3765 Scenopegia,
2234 3696 2289 3753 id
2317 3709 2401 3755 est
2423 3699 2624 3757 festum
2654 3701 3187 3779 Tabernaculorum;
3224 3690 3417 3783 magna

1844 3786 2183 3858 solemnitas,
2244 3790 2298 3847 in
2355 3808 2458 3863 qua
2513 3795 2794 3853 orationes
2855 3800 3083 3867 publicae
3139 3800 3194 3855 in
3250 3802 3415 3860 lsrael

1843 3879 2244 3952 oti'erebantur;
2292 3886 2547 3956 populum
2596 3887 2651 3943 in
2708 3888 2889 3947 latiori
2933 3892 3198 3949 vestibulo
3245 3895 3410 3964 primi

1841 3974 1965 4030 ostii
1994 3990 2185 4033 versus
2214 3977 2487 4034 Orientem
2521 3981 2633 4048 siti,
2681 3984 2921 4040 unanimi
2956 3986 3225 4043 sententia
3281 4004 3414 4045 con-

1840 4077 2149 4135 gregarunt,
2179 4070 2552 4141 dispositoque
2600 4072 2813 4129 Domini
2846 4075 3026 4141 altari,
3060 4076 3169 4134 illic
3194 4079 3407 4134 obtule-

1842 4168 1969 4213 runt
2001 4178 2015 4214 :
2048 4162 2351 4233 eodemque
2380 4163 2432 4217 in
2471 4164 2589 4219 loco
2613 4166 2879 4235 completa
2922 4168 3206 4224 celebritas
3242 4170 3408 4229 est“.

1840 4249 1921 4304 Eo
1949 4252 2075 4306 item
2120 4254 2281 4308 modo
2321 4254 2374 4308 in
2425 4265 2702 4322 posterum
2742 4257 2949 4314 hostias
2980 4259 3033 4313 iu
3070 4259 3306 4316 Sabbato
3354 4272 3411 4317 et

1838 4342 2131 4400 Neomenia
2165 4346 2356 4401 solitas
2376 4346 2699 4414 offerebant,
2731 4350 3072 4422 populusque
3110 4352 3402 4408 Dominum

1836 4438 2180 4507 precabatur.
2218 4437 2573 4509 Testaturque
2612 4440 2789 4510 palam
2842 4441 3123 4511 Scriptura
3167 4445 3405 4498 nondum

1837 4537 2115 4583 exstructo
2157 4530 2249 4584 Dei
2293 4530 2488 4601 templo
2516 4532 2631 4586 ham:
2658 4542 2775 4587 aeta
2817 4533 2984 4590 fuisse
3021 4552 3036 4589 :
3075 4536 3185 4590 imo
3223 4536 3409 4604 potius

1836 4619 1943 4675 illis
1967 4621 2043 4677 ita
2068 4622 2350 4680 orantibus
2382 4624 2760 4680 exstruebatur
2789 4625 2999 4693 domus,
3030 4628 3406 4683 accrescebat-

1839 4726 1945 4783 que
1973 4713 2027 4769 in
2052 4713 2167 4772 dies
2190 4731 2206 4780 ;
2238 4714 2314 4772 ita
2352 4720 2413 4772 ut
2442 4731 2543 4773 nec
2564 4725 2788 4787 propter
2808 4717 3186 4774 Encteniorum
3217 4734 3404 4792 exspe-

1837 4805 2128 4863 ctationem
2196 4807 2523 4865 intermissae
2597 4810 2873 4866 orationes
2910 4829 2924 4866 :
2959 4826 3133 4883 neque
3185 4821 3405 4883 propter

1834 4908 2132 4957 conventus
2194 4902 2467 4959 orantium
2527 4900 2782 4958 Encaauia
2831 4902 3042 4959 sublata
3096 4905 3395 4969 sint:sed,

1834 4991 1962 5048 licet
1984 5004 2138 5048 antea
2180 4994 2290 5050 illic
2328 4996 2560 5066 popul'us
2587 5004 2836 5061 orasset,
2878 4996 3236 5053 nihilominus
3276 5006 3398 5068 post

1833 5085 2140 5142 absolutum
2175 5088 2459 5143 aedilicium
2492 5089 2766 5146 celebrata
2794 5090 3066 5148 dedicatio
3100 5101 3203 5157 est,
3228 5091 3396 5146 dona-

1831 5193 1937 5245 que
1966 5195 2066 5249 pro
2104 5180 2192 5236 illa
2235 5180 2546 5252 oﬂ'erentes,
2580 5199 2769 5240 omnes
2803 5200 2902 5256 pro
2925 5184 3395 5241 consummatione
3456 5240 3460 5271 ς

1827 5273 2009 5340 operis
2034 5272 2431 5331 solemnitatem
2458 5288 2703 5348 egerunt.
2740 5278 2974 5350 ldipsum
3011 5294 3041 5333 a
3076 5278 3249 5333 beata;
3279 5292 3395 5330 me-

1827 5362 2013 5418 moriae
2039 5364 2352 5423 Alexandro
2382 5376 2438 5424 et
2472 5369 2541 5424 ab
2565 5370 2687 5427 aliis
2717 5371 2968 5428 Patribus
3000 5370 3206 5425 factum
3253 5369 3392 5431 vidi-
3459 5408 3462 5412 .

1893 5609 2027 5692 (7g).
2051 5613 2413 5692 Importunam
2453 5631 2637 5673 vocem
2685 5617 2767 5692 ὅτι
2802 5626 2926 5673 ante
2951 5618 3044 5672 τοῦ
3074 5620 3244 5692 ἱεροῦ,
3269 5636 3387 5691 qua:

538 5657 1020 5764 Eiuaﬁﬁlﬂigggjll,
1049 5657 1523 5729 ἐδυσσώπειίιὺἶά.
1551 5672 1713 5747 Reg.,

1955 5657 1985 5665 -
2166 5657 2413 5673 υ...........
2462 5657 2637 5673 ηπ...
2685 5657 2767 5671 υ..
2802 5657 2926 5673 ...ην
2963 5657 3043 5672 ,νυ
3075 5657 3121 5672 ,ε
3161 5657 3221 5674 συ
3309 5657 3387 5678 ...ς

1860 5657 2061 5764 ιξόίίίε
2099 5657 2350 5764 habetur,
2376 5701 2679 5764 expungere
2704 5688 2876 5743 visum
2906 5699 3027 5745 est:
3055 5657 3244 5762 esttque

1819 5752 1873 5804 in
1909 5751 2077 5822 Regio
2101 5756 2286 5810 codice
2318 5751 2516 5810 deleta.

1887 5822 1999 5893 ('15)
2038 5825 2096 5879 Ὀ
2122 5826 2269 5882 deest
2302 5825 2354 5882 in
2383 5826 2563 5897 editis,
2604 5828 2655 5885 in
2689 5828 2817 5901 Reg.
2854 5829 3101 5888 habetur.
