3954 6548
569 481 677 539 819

1136 486 1196 544 S.
1236 483 1611 541 ATHANASII
1640 482 1793 540 OPP.
1832 479 2013 537 PARS
2045 479 2088 537 Ι.
2127 511 2196 521 —
2233 476 2603 535 HISTORICA
2639 477 2729 534 ΕΤ
2767 475 3179 535 DOGMATICA.
3693 470 3777 529 690

571 615 716 665 mus,
752 599 842 668 qui
875 614 1000 656 cum
1048 601 1160 672 jam
1195 602 1307 659 illic
1357 603 1612 674 populum
1654 602 1982 672 coegissent,
2014 612 2122 655 cont

2237 596 2644 669 ηὐχαρίστησαν
2686 594 2764 667 τῷ
2816 596 3024 668 Κυρίῳ,
3078 593 3332 665 ὲγκαίνια
3381 591 3779 655 ὲπιτελεσανιες.

570 700 843 747 summato
872 703 1051 751 tamen
1089 709 1278 765 opere,
1306 696 1509 766 gratias
1534 694 1761 750 Domino
1793 699 2040 761 egerunt,
2071 705 2134 748 ac

569 783 962 841 dedicationem
1000 786 1362 844 celebrarunt.
1392 788 1448 843 ld
1474 796 1526 843 te
1551 801 1763 857 quoque
1784 783 1963 840 facere
1997 798 2130 839 con-

526 879 535 888 ‘
566 876 741 942 venit,
768 887 991 945 paratus
1030 879 1176 935 enim
1223 879 1393 948 locus,
1428 879 1833 950 praemissisque
1874 875 2135 933 orationi-

554 958 672 1022 bus
696 969 968 1037 expiatus.
1003 979 1107 1027 tuae
1136 971 1358 1042 pietatis
1388 970 1729 1042 prazsentiam
1765 968 2004 1040 postulat
2032 984 2047 1022 :
2078 966 2133 1023 id

566 1059 713 1115 enim
746 1062 822 1117 illi
854 1061 923 1116 ad
958 1062 1254 1132 perfectum
1293 1072 1545 1119 ornatum
1585 1063 1754 1119 deest.
1782 1060 1897 1117 Hoc
1920 1061 2130 1117 utinam

564 1154 805 1224 expleas,
839 1171 904 1210 ac
940 1165 1062 1211 vota
1100 1167 1188 1210 tua
1217 1155 1447 1211 Domino
1495 1155 1714 1221 reddas,
1744 1155 1829 1209 cui
1866 1155 2003 1209 hanc
2035 1151 2133 1208 do-

564 1260 714 1301 mum
744 1247 994 1303 excitasti
1019 1247 1033 1300 l
1058 1246 1173 1302 haec
1202 1246 1398 1317 quippe
1432 1246 1672 1302 omnium
1703 1255 1828 1301 vota
1875 1251 2023 1300 sunt.

634 1335 725 1391 l9.
755 1334 978 1404 Verum,
1030 1351 1213 1407 quaeso
1253 1346 1326 1404 te,
1357 1337 1515 1392 aliam
1544 1338 1899 1406 disquiramus
1927 1335 2132 1391 calum-

562 1425 738 1494 niam,
776 1427 895 1498 ejus
933 1443 1148 1499 quoque
1172 1430 1541 1500 propulsandae
1587 1430 1796 1484 veniam
1827 1429 2128 1484 concedito.

560 1516 693 1572 Ausi
752 1528 879 1573 sunt
934 1520 1080 1575 enim
1127 1534 1211 1575 me
1256 1519 1601 1584 calumniari,
1654 1519 1807 1588 quasi
1864 1518 2130 1575 mandatis

562 1610 694 1675 tuis,
725 1611 924 1679 quibus
962 1610 1173 1681 jussum
1223 1612 1375 1666 aiuttt
1414 1620 1473 1666 ut
1517 1611 1745 1668 ecclesia
1791 1609 2129 1675 excederem,

559 1716 671 1756 non
703 1703 1145 1771 obtemperarim.
1176 1703 1434 1773 Equidem
1473 1720 1581 1760 non
1611 1718 1829 1775 possum
1869 1719 1978 1759 non
2022 1703 2123 1758 mi-

559 1792 671 1847 rari
695 1807 788 1849 eos
813 1794 1033 1850 minime
1062 1794 1341 1864 delatigari
1387 1796 1442 1850 in
1481 1795 1848 1868 contingendis
1884 1796 2131 1853 crimini-

557 1881 701 1939 bus:
728 1898 827 1939 nec
844 1885 924 1938 sic
940 1892 1116 1939 tamen
1135 1899 1233 1955 ego
1251 1887 1542 1952 deterreor,
1574 1886 1683 1941 imo
1701 1887 1876 1957 potius
1905 1894 2047 1942 -aetor
2075 1885 2129 1941 in

2235 691 2405 745 Τοῦτο
2426 689 2520 744 καὶ
2545 690 2604 743 σὲ
2624 690 2794 742 ποιεῖν
2815 689 3033 761 πρέπει,
3070 686 3501 759 φιλομαθέστατε
3556 681 3749 755 βασιλεῦ
3768 692 3783 710 °

2234 784 2449 854 ἕτοιμος
2469 782 2576 854 γὰρ
2609 783 2638 836 ό
2658 782 2821 845 τόπος
2850 766 3230 852 προαγνισθεὶς
3245 780 3367 841 ταῖς
3388 793 3518 849 προγ
3533 776 3782 847 ενομέναις

2234 875 2437 947 εὐχαῖς,
2461 873 2637 945 ζητῶν
2668 873 2967 946 παρουσίαν
3000 873 3097 943 τῆς
3128 872 3228 944 σῆς
3284 869 3565 933 εὐσεϐείας
3584 888 3597 900 ·
3653 866 3783 922 τοῦτο

2234 968 2342 1041 γὰρ
2371 967 2517 1039 αὐτῷ
2544 966 2717 1020 λείπει
2748 965 2883 1039 πρὸς
2906 966 2996 1019 τὸν
3021 965 3221 1019 τέλειον
3248 964 3476 1035 κόσμον.
3508 960 3673 1014 Τοῦτο
3702 961 3782 1031 μὲν

2234 1058 2326 1115 οῦν
2361 1059 2723 1133 πληρώσειας,
2749 1060 2841 1113 καὶ
2856 1059 2952 1131 τὴν
2980 1059 3141 1131 εὐχὴν
3184 1056 3447 1128 ἀποδοίης
3485 1054 3565 1126 τῷ
3598 1055 3780 1126 Κυρίῳ,

2230 1146 2275 1222 ᾧ
2313 1154 2407 1208 καὶ⁵
2434 1153 2525 1208 τὸν
2555 1147 2701 1208 οἶκον
2735 1152 3035 1224 πεποίηκας
3054 1168 3065 1182 '
3091 1149 3252 1205 τοῦτο
3279 1149 3391 1222 γὰρ
3418 1148 3638 1203 πάντων
3663 1147 3784 1199 ἐστὶν

2232 1246 2385 1319 εὐχή.

2305 1339 2391 1395 19.
2423 1338 2522 1402 Δὸς
2554 1337 2639 1411 δὴ,
2688 1338 2781 1392 καὶ
2821 1338 2920 1408 τὴν
2952 1335 3116 1409 ἄλλην
3161 1334 3363 1405 ἴδωμεν
3388 1330 3661 1403 διαϐολὴν,
3707 1329 3785 1383 καὶ

2236 1428 2585 1503 συγχώρησον
2609 1428 3049 1501 ἀπολογήσασθαι
3095 1428 3191 1481 καὶ
3222 1427 3351 1497 περὶ
3390 1424 3585 1494 αὐτῆς.
3621 1422 3786 1476 Τετολ-

2234 1523 2442 1594 μήκασι
2494 1522 2602 1594 γὰρ
2645 1523 2740 1576 καὶ
2785 1519 2943 1574 τοῦτο
2968 1519 3314 1589 βιαϐάλλειν,
3357 1519 3434 1581 ὼς
3463 1515 3786 1577 ἀντιστάντος

2232 1615 2365 1686 ἐμοῦ
2393 1616 2507 1678 τοῖς
2537 1616 2651 1678 σοῖς
2685 1615 3123 1687 προστάγμασιν,
3158 1610 3299 1665 ὥστε
3331 1608 3406 1681 μὴ
3446 1607 3679 1675 ἐξελθεῖν
3701 1608 3787 1678 τὴν

2231 1706 2538 1779 ἐκκλησίαν.
2594 1706 2863 1772 Ἐκείνους
2928 1706 3026 1777 μὲν
3069 1698 3163 1757 οὖν
3229 1700 3498 1772 θαυμάζω
3548 1700 3622 1771 μὴ
3672 1699 3789 1751 ἀπο-

2232 1800 2538 1869 κάμνοντας
2566 1800 2685 1863 ταῖς
2723 1797 3136 1868 συκοφαντίαις·
3171 1793 3281 1864 ἐγὼ
3307 1794 3363 1847 δὲ
3390 1794 3546 1863 ὅμως
3570 1790 3685 1844 οὐδὲ
3712 1789 3789 1843 οὗ·

2231 1909 2339 1956 τως
2396 1891 2717 1962 ἀποκάμνω,
2772 1890 2947 1962 χαίρω
2997 1889 3056 1944 δὲ
3101 1887 3297 1960 μᾶλλον
3347 1883 3785 1954 ἀπολογούμενος.

556 1989 624 2030 ea
669 1974 986 2043 depellenda
1030 1975 1409 2032 criminatione
1436 2001 1446 2033 :
1477 1988 1681 2048 quanto
1737 1980 1879 2035 enim
1942 1980 2122 2048 plures

2229 1984 2378 2055 Ὅσῳ
2400 1984 2508 2054 γάρ
2533 1983 2817 2051 άπολογίαι
2842 1982 3052 2045 πολλαὶ,
3082 1979 3322 2050 τοσούτῳ
3349 1978 3445 2032 καὶ
3481 1976 3642 2029 πλέον
3669 1976 3791 2028 ὲκεῖο

563 2064 719 2119 edam
766 2065 1063 2136 apologias,
1125 2074 1278 2122 tanto
1320 2066 1534 2124 facilius
1583 2085 1773 2124 eorum
1819 2070 2128 2140 malignitas

566 2155 891 2224 deprehendi
936 2156 1290 2227 damnarique
1337 2161 1555 2228 poterit.
1624 2160 1977 2231 Nequaquam
2030 2161 2131 2216 ob-

562 2239 677 2294 stiti
718 2241 933 2311 pietatis
966 2250 1069 2296 tua}
1100 2245 1376 2312 mandato,
1418 2247 1591 2303 absit!
1630 2263 1735 2303 non
1776 2251 1906 2303 tanti
1935 2251 2129 2319 quippe

559 2348 679 2388 sum
727 2350 827 2406 ego
866 2345 925 2390 ut
963 2336 1221 2391 obsistam
1266 2338 1348 2393 vel
1405 2343 1660 2407 quzestori
1715 2340 1902 2405 Urbis,
1932 2343 2126 2395 nedum

557 2430 713 2479 tanto
742 2424 1079 2494 imperatori.
1118 2424 1303 2497 Neque
1337 2442 1473 2497 opus
1518 2437 1579 2483 ut
1626 2429 1726 2484 hac
1772 2430 1840 2484 de
1875 2445 1932 2485 re
1959 2430 2126 2484 multa

555 2518 722 2571 verba
772 2516 992 2583 faciam,
1026 2519 1180 2574 testis
1213 2520 1410 2591 quippe
1462 2522 1591 2575 mihi
1636 2532 1719 2576 est
1749 2530 1863 2577 tota
1910 2522 2123 2577 civitas.

554 2609 805 2666 Concede
837 2621 1015 2667 tamen
1041 2622 1100 2668 ut
1125 2616 1191 2669 ab
1228 2615 1382 2670 initio
1412 2630 1523 2670 rem
1566 2617 1643 2671 uti
1672 2627 1822 2688 gesta
1853 2625 1935 2672 est
1968 2632 2126 2673 enar-

553 2716 711 2756 rem:
738 2718 860 2756 nam
899 2713 972 2769 te,
994 2704 1037 2758 si
1072 2705 1334 2770 audieris,
1376 2708 1700 2761 miraturum
1741 2708 1978 2762 arbitror
2006 2708 2114 2761 ini-

551 2791 823 2848 micorum
878 2808 1123 2849 meorum
1162 2796 1546 2853 temeritatem.
1586 2795 1872 2851 Montanus
1925 2797 2126 2853 Palati-

552 2898 659 2938 nus
690 2884 976 2953 epistolam
1006 2887 1072 2941 ad
1107 2902 1192 2942 me
1222 2886 1434 2954 detulit,
1464 2888 1618 2957 quasi
1649 2903 1747 2957 ego
1771 2903 1800 2941 a
1836 2899 1887 2942 te
1920 2889 2123 2958 scripto

550 2975 913 3045 postulassem
941 2988 1000 3033 ut
1042 2979 1095 3033 in
1128 2978 1341 3033 Italiam
1391 2980 1519 3035 mihi
1556 2982 1855 3037 concedere
1896 2982 2119 3049 liceret;

550 3077 611 3121 ut
635 3083 755 3138 quae
795 3070 957 3124 rebar
986 3070 1377 3127 ecclesiasticis
1422 3074 1581 3127 rebus
1625 3074 1863 3129 deiicere
1908 3075 2119 3129 instau-

549 3161 661 3216 rari
696 3172 933 3231 possent.
962 3162 1030 3217 Et
1061 3178 1192 3218 sane
1230 3164 1430 3235 gratias
1464 3181 1566 3236 ago
1595 3166 1783 3235 pietati
1815 3175 1943 3233 tuae,
1976 3169 2121 3236 quod

550 3248 750 3306 litteris
776 3266 961 3321 quasa
994 3268 1079 3308 me
1104 3254 1376 3323 profectas
1412 3256 1710 3312 arbitratus
1736 3273 1795 3313 es
1827 3260 2119 3327 perhuma-

2228 2091 2308 2127 νοι
2348 2074 2600 2128 δύνανται
2646 2074 2760 2146 (74)
2799 2070 3325 2141 καταγινώσκεσθαι.
3386 2069 3504 2124 Θύκ
3551 2068 3791 2137 ἀντέστην

2228 2165 2608 2237 προστάγματι
2631 2164 2732 2234 τῆς
2765 2164 2864 2234 σῆς
2898 2160 3198 2227 εὐσεϐείας,
3239 2162 3313 2233 μὴ
3336 2159 3584 2229 γένοιτοί
3614 2157 3672 2210 οὐ
3698 2156 3789 2228 γὰρ

2227 2257 2540 2328 τηλικοῦτος
2572 2257 2741 2328 ήμην,
2776 2256 2862 2310 ἵνα
2909 2255 3004 2309 καὶ
3044 2254 3263 2325 λογιστῇ
3299 2253 3512 2315 πόλεως
3555 2248 3791 2315 ἀπιστῶ,

2230 2351 2425 2420 μήτιγε
2454 2348 2756 2421 τηλικούτῳ
2794 2347 3034 2417 βασιλεῖ,
3069 2346 3182 2419 (75)
3225 2345 3319 2399 καὶ
3353 2346 3485 2416 περὶ
3511 2344 3698 2397 τούτου
3728 2359 3796 2395 το-

2229 2438 2434 2493 σούτων
2465 2438 2735 2493 πλείστων
2757 2436 2886 2508 παρ’
2920 2434 3054 2507 ἐμοῦ
3093 2435 3295 2503 λόγων·
3323 2433 3476 2487 πᾶσα
3513 2431 3625 2503 γὰρ
3654 2431 3686 2501 ἡ
3711 2429 3791 2481 πό-

2226 2528 2308 2590 λις
2332 2545 2421 2598 μοι
2450 2528 2738 2599 μαρτυρεῖ.
2763 2524 3123 2596 Συγχὼρησον
3145 2524 3200 2576 δὲ
3221 2524 3372 2593 ὅμως
3405 2522 3506 2575 καὶ
3532 2520 3689 2573 τοῦτο
3713 2519 3797 2572 πά-

2224 2620 2307 2674 λιν
2339 2619 2400 2684 ὲξ
2427 2619 2599 2691 ἀρχῆς
2618 2618 2983 2689 διηγήσασθαι
3010 2616 3069 2670 τὸ
3090 2617 3353 2687 πρᾶγμαο
3390 2613 3489 2667 καὶ
3520 2612 3629 2684 γὰρ
3652 2610 3797 2665 ἀκού-

2228 2728 2344 2774 σας,
2379 2708 2701 2781 θαυμάσεις,
2751 2704 2808 2762 εῦ
2851 2704 2948 2761 οἷδ’
2976 2709 3077 2772 ὅτι,
3127 2706 3236 2759 τῶν
3280 2703 3499 2775 ἐχθρῶν
3544 2704 3641 2771 τὴν
3667 2699 3800 2771 εὐχέ-

2229 2820 2397 2874 ρειαν.
2426 2802 2701 2865 Μοντάνος
2756 2802 2784 2854 ό
2816 2798 3111 2862 Παλατινὺς
3142 2793 3271 2869 ἦλθε
3315 2795 3563 2866 κομίζων
3600 2795 3800 2847 ἐπιστοο

2224 2894 2341 2965 λὴν,
2368 2894 2443 2958 ὡς
2469 2892 2602 2965 ἐμοῦ
2638 2892 2966 2964 γράψαντος,
2996 2891 3082 2944 ἵνα
3122 2892 3203 2954 είς
3230 2889 3327 2960 τὴν
3368 2888 3606 2941 Ἰταλίαν
3640 2884 3763 2938 ἔλθω
3782 2901 3793 2913 ·

2224 2985 2318 3037 καὶ
2355 2983 2391 3037 ἃ.
2428 2982 2631 3053 νομίζω
2674 2981 2882 3035 λείπειν
2918 2983 3031 3045 τοῖς
3076 2980 3582 3051 ὲκκλησιαστικοίς,
3646 2975 3801 3029 ταῦτα

2225 3075 2580 3147 πληρωθῆναι
2624 3073 2845 3145 δυνηθῇ.
2882 3074 2960 3144 Τῇ
2990 3073 3085 3144 μὲν
3117 3066 3210 3126 οῦν
3240 3074 3305 3143 σῇ
3338 3070 3606 3140 εὐσεϐείᾳ
3635 3070 3800 3139 χάρις,

2224 3170 2305 3222 ὅτι
2328 3166 2683 3237 κατηξίωσεν,
2711 3165 2786 3228 ὡς
2816 3164 2949 3236 ἐμοῦ
2980 3163 3308 3235 γράψαντος,
3350 3161 3642 3216 ἐπινεῦσαι
3674 3159 3802 3231 (76),

2226 3262 2319 3315 καὶ
2348 3261 2446 3331 τῆς
2466 3259 2585 3313 ὁδοῦ
2618 3259 2873 3329 πρόνοιαν
2896 3258 3193 3328 πεποίηκεν
3224 3256 3325 3308 ὑπέ
3333 3272 3366 3326 ρ
3388 3254 3485 3307 τοῦ
3508 3254 3711 3324 ταύτην
3732 3252 3808 3304 ἐλ-

550 3342 697 3397 niter
719 3344 1001 3410 annueris,
1036 3359 1334 3415 curamque
1367 3347 1604 3415 gesseris
1653 3358 1713 3403 ut
1740 3352 2024 3405 commode
2055 3365 2120 3404 ac

2227 3352 2357 3415 θεῖν,
2386 3324 2479 3404 καὶ
2520 3324 2727 3421 ἀκμητὶ
2768 3348 3014 3403 διανῦσαι
3046 3324 3148 3419 με’
3185 3349 3312 3409 τοὺς
3334 3324 3400 3399 -δὲ
3432 3346 3805 3416 ψευσαμένους

550 3434 672 3489 sine
714 3435 902 3491 labore
933 3435 1037 3490 iter
1065 3436 1427 3505 instituerem,
1456 3440 1518 3492 ad
1554 3449 1716 3511 teque
1754 3443 2117 3510 pervenirem.

554 3529 627 3581 At
667 3536 817 3583 certe
864 3528 1034 3584 miror
1073 3544 1310 3594 rursum,
1343 3531 1485 3598 quod
1538 3532 1623 3584 vel
1679 3533 1746 3587 ad
1805 3549 1963 3588 aures
2000 3542 2119 3588 tuas

548 3619 768 3673 mentiri
808 3618 946 3674 nihil
993 3618 1102 3674 sint
1144 3620 1341 3685 veriti,
1377 3636 1497 3675 cum
1544 3632 1720 3677 tamen
1780 3624 2119 3679 mendacium

549 3711 770 3767 diabolo
801 3712 870 3766 sit
928 3713 1229 3781 proprium,
1289 3713 1686 3783 mendacesque
1738 3715 1806 3769 ab
1840 3730 1905 3769 eo
1956 3716 2118 3770 alieni

549 3805 658 3860 sint
683 3804 776 3875 qui
807 3804 921 3858 ait:
950 3802 1063 3873 Ego
1094 3820 1209 3856 sum
1257 3806 1446 3858 veritas
1465 3805 1529 3857 ⁸⁵.
1561 3804 1677 3860 Non
1716 3805 1857 3859 enim
1901 3806 2115 3875 scripsi,

551 3913 654 3953 nec
690 3897 994 3953 istiusmodi
1035 3896 1321 3967 epistolam
1378 3911 1662 3953 accusator
1717 3916 1952 3968 unquam
1994 3916 2119 3971 pro-

550 3986 699 4042 ferre
747 3986 964 4057 poterit.
1003 3984 1081 4040 Ac
1127 3987 1228 4041 etsi
1266 4002 1363 4057 par
1397 3989 1526 4042 mihi
1561 3988 1747 4043 luisset
1782 3988 1976 4044 litteris
2004 4006 2032 4043 a
2067 4000 2119 4044 te

551 4076 796 4147 quotidie
828 4077 1124 4148 postulare,
1154 4089 1213 4131 ut
1248 4078 1538 4149 benignum
1564 4080 1766 4133 vultum
1804 4090 1951 4135 tuum
1984 4096 2116 4135 con-

552 4172 764 4242 spicere
797 4172 1022 4237 liceret;
1051 4172 1215 4244 244
1248 4181 1617 4226 verumtamen
1659 4187 1758 4226 nec
1792 4171 1871 4227 fas
1919 4182 2001 4229 est
2029 4189 2118 4229 ec-

551 4263 750 4318 clesias
777 4263 1054 4327 deserere,
1090 4278 1188 4318 nec
1244 4278 1330 4317 me
1377 4264 1555 4318 decuit
1592 4264 1776 4332 pietati
1816 4274 1919 4319 tuae
1954 4267 2119 4321 mole-

548 4365 696 4410 stum
730 4369 872 4420 esse,
916 4368 1038 4410 cum
1070 4354 1438 4424 potissimum,
1470 4354 1627 4409 nobis
1676 4360 1838 4410 etiam
1884 4358 2122 4412 absenti-

2226 3444 2325 3507 τὰς
2361 3444 2459 3506 σὰς
2493 3442 2661 3506 ἀκοάς
2691 3441 3010 3511 τεθαύμακα
3045 3439 3204 3494 πάλιν
3237 3440 3312 3511 μὴ
3341 3438 3698 3510 φοϐηθέντας,
3726 3439 3807 3491 ὅτι

2226 3536 2287 3588 τὸ
2312 3535 2503 3604 ψεῦδος
2540 3533 2667 3586 ἴδιόν
2694 3534 2809 3585 ἐστι
2844 3531 2935 3584 τοῦ
2961 3531 3224 3591 διαϐόλου,
3261 3531 3359 3582 καὶ
3400 3532 3449 3582 οἱ
3496 3529 3806 3598 ψευδόμενοι

2231 3626 2499 3698 ἀλλότριοι
2525 3626 2630 3678 εισι
2655 3622 2749 3677 τοῦ
2777 3622 3025 3689 λέγοντος
3049 3637 3062 3651 ⁸
3109 3619 3248 3690 Ἐγώ
3285 3623 3405 3689 εἰμι
3452 3620 3491 3687 ἠ
3538 3619 3805 3684 ἀλήθεια.

2221 3716 2297 3770 Οὐ
2343 3717 2451 3787 γάρ
2495 3714 2730 3787 ἔγραψα,
2787 3712 2908 3766 οὐδὲ
2940 3712 3196 3781 τοιαύτην
3223 3711 3517 3783 επιστολὴν
3556 3712 3732 3781 εὑρεῖν
3777 3710 3809 3761 ό

2222 3808 2524 3879 κατήγορος
2556 3808 2863 3877 δυνήσεται.
2899 3806 2961 3857 Εἰ
2992 3805 3086 3857 καὶ
3121 3803 3227 3857 ἔδει
3283 3822 3350 3875 με
3391 3805 3622 3875 γράφειν
3672 3802 3807 3856 καθ-

2220 3900 2458 3971 ημέραν,
2510 3900 2598 3953 ἵνα
2629 3899 2725 3967 τὴν
2761 3897 2969 3967 ἀγαθήν
3018 3914 3108 3948 σου
3137 3896 3404 3967 πρόσοψιν
3446 3897 3557 3968 (7'7)
3589 3895 3805 3965 θεωρῶσ

2220 3992 2331 4045 ἀλλ’
2356 3990 2480 4044 οὐτε
2513 3991 2610 4054 τὰς
2652 3989 2982 4059 Ἐκκλησίας
3016 3987 3455 4059 καταλιμπάνειν
3482 3990 3643 4050 ὅσιον,
3681 3985 3810 4038 οὐδὲ

2225 4083 2289 4135 δι’
2318 4083 2474 4153 ὄχλου
2494 4086 2561 4154 τῇ
2585 4084 2649 4153 σῇ
2676 4080 2923 4151 εὐσεϐείᾳ
2944 4081 3186 4149 γίνεσθαι
3213 4081 3425 4134 δίκαιον
3445 4076 3513 4151 ἦν
3532 4098 3545 4111 ο
3575 4079 3811 4150 μάλιστα

2226 4180 2308 4232 ὅτι
2347 4179 2439 4231 καὶ
2466 4177 2710 4230 ἀπόντων
2752 4175 2908 4246 ἡμῶν
2949 4175 3216 4237 ἐπινεύεις
3269 4177 3393 4237 ταῖς
3429 4174 3809 4243 ἐκκλησιαστι-

2228 4271 2352 4331 καῖς
2380 4266 2685 4333 άξιώσεσιν.
2721 4266 2787 4318 ’Ἀ
2823 4265 2920 4336 μὲν
2948 4260 3040 4317 οὖν
3072 4262 3183 4333 (78)
3218 4262 3473 4316 ἐκέλευσε
3508 4261 3809 4323 Μοντάνος,

2231 4360 2491 4413 κέλευσον
2536 4357 2840 4427 ἀναγνῶναί
2881 4375 2981 4427 με·
3011 4356 3256 4427 ἔστιγὰρ
3292 4355 3535 4410 ταῦτα...

550 4458 672 4517 bus,
710 4451 889 4507 soleas
924 4450 1310 4508 ecclesiasticis
1364 4451 1714 4523 petitionibus
1760 4468 2018 4511 annuere.
2044 4456 2112 4510 At
2148 4471 2268 4527 quae
2308 4456 2588 4511 Montanus
2647 4453 2827 4523 jussit,
2870 4471 2955 4509 me
2998 4454 3229 4508 recitare
3281 4452 3494 4522 jubeto,
3534 4468 3649 4506 nam
3679 4451 3811 4503 haec

549 4549 663 4618 ipsa
696 4554 888 4601 sunt...

618 4640 708 4694 20.
747 4640 855 4697 Sed
881 4642 1157 4697 undenam
1188 4642 1455 4711 ejusmodi
1505 4643 1788 4712 epistolam
1822 4646 1966 4699 nacti
1995 4654 2119 4701 sunt

2297 4643 2386 4697 20.
2414 4641 2583 4695 Πόθεν
2612 4640 2670 4693 δὲ
2704 4637 2812 4712 ἆρα
2845 4641 2939 4692 καὶ
2969 4639 3169 4709 ταύτην
3195 4639 3290 4711 τὴν
3324 4638 3609 4707 ἐπιστολὴν
3640 4628 3813 4706 εὗρον

546 4729 942 4786 obtrectatores
984 4732 1133 4787 mei?
1156 4731 1327 4787 Nosse
1353 4731 1511 4787 velim
1549 4734 1801 4803 quisnam
1838 4737 1968 4806 ipsis
1994 4751 2115 4791 eam

550 4821 793 4877 tradidit.
834 4822 993 4889 Jube,
1022 4838 1227 4893 quaeso,
1260 4832 1320 4878 ut
1359 4827 1720 4894 respondeant
1754 4844 1767 4878 :
1798 4829 1926 4882 hinc
1973 4829 2117 4883 enim

548 4906 761 4969 edisCes
794 4914 938 4984 ipsos
958 4915 1099 4970 hanc
1126 4926 1464 4972 commentos
1494 4930 1614 4972 esse
1642 4918 2112 4983 criminationem;

548 5004 998 5072 quemadmodum
1068 5007 1215 5062 illam
1281 5023 1400 5077 quae
1459 5018 1670 5077 spectat
1725 5010 2116 5063 exsecrandum

549 5092 912 5163 Magnentium
942 5096 1078 5151 falso
1104 5097 1507 5168 pervulgaruut.
1527 5098 1677 5165 Quod
1701 5100 1745 5153 si
1777 5101 1829 5153 in
1859 5100 1960 5153 hoc
1986 5113 2116 5169 quo-

549 5201 658 5256 que
709 5188 1061 5259 sycophantae
1094 5190 1590 5257 deprehendantur,
1625 5194 1691 5245 ad
1722 5207 1882 5260 quam
1917 5193 1971 5246 in
2020 5206 2116 5261 po-

551 5287 757 5335 sterum
815 5295 913 5335 nos
956 5280 1279 5351 pertrahent
1327 5281 1737 5340 defensionem?
1776 5284 1888 5341 Hoc
1920 5291 2115 5340 curant

510 5456 520 5466 ,
618 5394 663 5426 ⁸⁵
692 5393 845 5448 Joan.
877 5409 987 5461 xiv,
1018 5394 1071 5449 6.

623 5512 737 5580 (74)
771 5510 862 5568 Sic
886 5512 1021 5581 Reg.
1049 5520 1104 5565 et
1140 5508 1305 5565 Basil.
1342 5507 1485 5564 Editi
1519 5522 1667 5575 vero,
1692 5508 1975 5563 δύνωνται.

620 5583 735 5652 (75)
764 5581 948 5638 Lectio
984 5581 1193 5635 vitiata.

617 5649 732 5722 {76)
767 5653 854 5707 Sic
887 5653 1021 5722 Reg.
1048 5652 1184 5706 Editi
1214 5659 1393 5706 autem
1426 5649 1766 5722 ἐπιστεῦσαι.

625 5718 739 5843 (γη
770 5722 860 5777 Sic
888 5718 1021 5793 Reg.
1059 5731 1113 5776 et
1153 5722 1284 5777 edit.
1315 5722 1524 5775 Comm.
1569 5720 1713 5775 Edit.
1760 5733 1888 5774 vero
1939 5718 2113 5777 Paris.

636 5793 709 5843 (ιο
731 5808 816 5843 on.
830 5830 845 5843 .
876 5792 1155 5843 mendose.
1172 5832 1173 5835 η
1190 5792 1483 5843 προσόψον.

556 5800 613 5845 et
636 5792 816 5862 (gelen.
830 5830 845 5852 ,
876 5792 1155 5862 mendose,
1172 5832 1173 5835 η
1190 5792 1483 5862 προσόψον.

634 5860 744 5927 (Ἱδὶ
780 5860 872 5915 Sic
903 5858 1061 5929 Reg,
1099 5858 1189 5914 οῦν
1232 5858 1282 5913 in
1316 5858 1473 5915 editis
1514 5860 1685 5915 deest.
1724 5858 1961 5927 Epistola
1990 5875 2118 5915 vero

567 5926 803 5985 ncntani
852 5930 919 5984 de
966 5926 1069 5998 q'ua
1100 5932 1211 5997 hic,
1246 5930 1384 5985 forte
1434 5931 1652 5995 excidit,
1680 5926 1781 5987 vel
1819 5931 1961 6000 quod
1992 5946 2117 5988 vero

2223 4736 2273 4788 οἱ
2301 4734 2716 4805 κατειρηκότες;
2749 4731 3047 4802 ἐϐουλόμην
3082 4732 3210 4801 παρ’
3238 4730 3417 4783 αὐτῶν
3443 4729 3684 4789 ἀκοῦσαι,
3712 4728 3810 4787 τίς

2223 4828 2407 4889 αὐτοῖς
2448 4826 2541 4878 καὶ
2568 4824 2768 4894 ταύτην
2801 4822 3110 4875 ἐπιδέδωκε.
3162 4822 3395 4891 Ποίησον
3429 4822 3617 4882 αὐτούς
3658 4818 3811 4871 ἀπο-

2222 4917 2529 4988 κρίνασθαι.
2566 4917 2780 4988 Δυνὴσῃ
2834 4914 2941 4984 γὰρ
2977 4916 3039 4965 ὲκ
3085 4912 3274 4966 τούτου
3321 4914 3531 4984 μαθεῖν,
3571 4914 3646 4965 ὅτι
3697 4910 3807 4961 καὶ

2220 5009 2422 5079 ταύτην
2442 5007 2700 5072 ἔπλασαν,
2728 5006 2915 5077 ὥσπερ
2943 5005 3199 5075 κάκείνην
3225 5004 3527 5076 ἐθρύλησαν
3548 5001 3665 5074 περὶ
3694 4999 3805 5051 τοῦ

2221 5098 2535 5169 δυσωνύμου
2571 5096 2926 5169 Μαγνεντίου.
2964 5096 3459 5163 Καταγνωσθέντες
3484 5096 3537 5149 δὲ
3574 5093 3658 5145 καὶ
3689 5108 3806 5143 πε-

2225 5194 2278 5267 ρὶ
2309 5192 2533 5262 ταύτης,
2561 5192 2641 5255 εἰς
2677 5190 2833 5244 ποίαν
2866 5186 2976 5261 ἆρα
3006 5190 3142 5260 μετὰ
3162 5188 3333 5242 ταῦτα
3361 5189 3519 5243 πάλιν
3546 5188 3810 5242 ἕλκουσιν

2219 5287 2368 5357 ἡμᾶς
2393 5284 2718 5353 ἀπολογίαν;
2755 5282 2922 5338 Τοῦτο
2947 5282 3055 5353 γὰρ
3082 5282 3503 5353 μεμελετήκασι,
3532 5279 3617 5333 καὶ
3646 5275 3803 5328 ταύ-

2229 5513 2461 5586 similius
2496 5521 2578 5568 est
2621 5513 2689 5569 ab
2732 5513 3030 5586 Athanasio
3084 5525 3361 5586 nunquam
3428 5509 3527 5563 huc
3564 5503 3800 5586 adies?“

2226 5584 2360 5648 fuit;
2385 5598 2508 5639 nam
2538 5598 2660 5639 cum
2692 5599 2874 5639 coram
2896 5576 3314 5638 Constantio'sui
3346 5576 3807 5648 purgandicausg

2224 5642 2368 5711 esset
2407 5662 2688 5720 oraturus,
2718 5655 2887 5724 potuit
2923 5654 3089 5724 Ahujus
3143 5642 3382 5724 epistola:
3432 5642 3694 5724 e'xempllal'
3718 5642 3804 5690 ah

2225 5724 2481 5799 Apologiq
2515 5711 2813 5799 seiunctum
2841 5711 3077 5786 deferre,
3111 5711 3513 5799 ul'Constantio
3538 5711 3802 5799 pcrlfgf-

2226 5779 2326 5849 rét.
2385 5779 2705 5866 Kliasrr'quid
2756 5810 2928 5852 causa
2984 5779 3129 5850 esset
3192 5791 3338 5862 quod
3397 5779 3578 5847 omissa
3622 5779 3799 5835 Ῑηὲει

2225 5866 2342 5920 set?
