3954 6514
194 371 286 431 621
1219 369 1575 427 APOLOGIA
1611 370 1702 425 AD
1733 368 2229 426 CONSTANTIUM
2261 370 2403 427 IMP.
2507 410 2517 421 .

3349 373 3456 429 622

191 512 284 569 την
309 495 549 567 ἔχουσιν,
576 497 653 562 ὡς
682 497 814 570 ὁρῶ,
846 497 1103 569 σπουδὴν,
1140 499 1318 551 πάντα
1352 498 1522 550 κινεῖν
1563 496 1658 548 καὶ
1690 498 1768 548 θο-

1882 498 2025 551 enim
2054 514 2070 550 :
2101 497 2227 563 hoc,
2268 495 2346 550 uti
2395 500 2742 565 perspectum
2795 493 2994 555 habeo,
3048 493 3363 562 moliuntur,
3397 508 3453 552 ut

194 585 388 661 ρυΰείν.
425 589 581 660 Τάχα
614 589 859 659 λέγοντες
892 591 1064 645 πολλὰ
1102 588 1460 661 παροξύνουσι
1495 588 1608 659 (79)
1638 605 1771 641 ποτε

193 669 308 734 καθ’
336 681 496 752 ἡμῶν
518 698 531 710 ·
563 680 701 735 ἀλλὰ
736 682 862 746 τοὺς
894 681 1167 746 τοιούτους
1208 681 1303 734 κα)⁹
1334 678 1772 751 ἀποστρέφεσθαι

196 771 282 828 καὶ
312 773 492 843 μισεῖν
519 772 722 826 δίκαιόν
756 774 923 838 ἐστιν,
954 773 1058 838 ὃτι,
1098 768 1201 826 οἷοί
1223 774 1350 837 εἰσι,
1382 771 1656 835 τοιούτους
1678 772 1773 826 καὶ

191 866 312 929 τοὺς
327 864 629 928 ἀκούοντας
652 864 828 919 αὐτῶν
862 864 1324 937 ὑπολαμϐάνουσι,
1372 865 1466 918 καὶ
1490 864 1772 936 νομίζουσι

192 955 446 1011 δύνασθαι
476 955 576 1019 τὰς
596 954 847 1019 διαϐολάς
879 955 1083 1026 ίσχύειν
1111 956 1206 1011 καὶ
1235 954 1387 1027 παρὰ
1415 955 1517 1009 σοί.
1554 957 1771 1026 Ἰσχυσε

194 1047 301 1122 γάρ
338 1064 477 1101 ποτε
514 1049 549 1118 ὴ
587 1047 682 1101 τοῦ
723 1046 880 1118 Δωὴκ
919 1047 1062 1101 κατὰ
1101 1047 1209 1101 τῶν
1251 1048 1441 1120 ἱερέων
1475 1047 1569 1101 τοῦ
1598 1047 1767 1101 Θεοῦ·

192 1140 303 1195 ἀλλ’
345 1143 376 1195 ὁ
411 1139 649 1204 ἀκούσας
687 1140 857 1195 Σαοὺλ
899 1135 967 1211 ἦν
1007 1141 1036 1193 ὁ
1060 1140 1264 1204 ἄδικος.
1300 1141 1411 1194 Καὶ
1447 1139 1678 1206 Ἰεζάϐελ
1714 1142 1771 1194 δὲ

191 1231 518 1287 διαϐαλοῦσα
571 1232 813 1305 ⁴ἠδυνήθη
849 1231 1046 1304 βλάψαι
1082 1232 1173 1287 τὸν
1213 1232 1627 1287 θεοσεϐέστατον
1654 1234 1769 1287 Να-

192 1325 376 1379 ϐουθαί
410 1325 555 1395 (80)·
598 1324 734 1379 ἀλλὰ
773 1325 867 1379 καὶ
912 1325 1112 1396 Ἀχαάϐ
1154 1327 1183 1379 ὁ
1222 1326 1455 1398 πονηρὸς
1508 1328 1601 1380 καὶ
1630 1328 1770 1380 ἀπο-

194 1417 391 1489 στάτης
422 1420 451 1472 ὁ
477 1417 714 1473 ἁκούων.
765 1418 823 1471 ’0
858 1417 915 1471 δὲ
949 1417 1248 1487 ἁγιώτατος
1279 1418 1462 1483 Δαϐὶδ,
1497 1412 1558 1473 οῦ
1598 1436 1769 1490 μιμη-

190 1511 284 1582 τὴν
325 1505 466 1564 εἷναί
510 1528 569 1563 σε
604 1511 890 1583 προσήκει,
926 1512 1021 1566 καὶ
1072 1513 1272 1576 πάντες
1330 1511 1596 1583 εὔχονται,
1646 1514 1770 1577 τοὺς

192 1600 460 1665 τοιούτους
482 1601 606 1656 οῦτε
631 1602 933 1677 προσίεται,
965 1602 1100 1657 ἀλλὰ
1120 1603 1215 1657 καὶ
1242 1603 1318 1667 ὡς
1342 1603 1651 1667 λυσσῶντας
1676 1603 1771 1657 κύ-

191 1711 283 1757 νας
310 1693 691 1765 ἀπεστρέφετο
725 1694 857 1766 (81),
897 1694 1103 1765 λέγων’
1154 1695 1266 1750 Τὸν
1310 1695 1771 1750 καταλαλοῦντα

190 1785 380 1854 λάθρα
434 1787 543 1841 τοῦ
604 1788 871 1856 πλησίον
916 1787 1127 1853 αὐτοῦ,
1166 1787 1382 1843 τοῦτον
1427 1787 1765 1853 ἐξεδίωκον.

203 1877 497 1949 Ἐιρύλαττε
556 1880 663 1952 γὰρ
714 1881 810 1953 τὴν
868 1880 1132 1951 λέγουσαν
1188 1881 1405 1952 ἐντολήν
1432 1898 1444 1912 ·
1517 1884 1598 1935 Οὐ
1659 1897 1770 1936 πα-

183 1969 408 2039 ραδέξῃ
434 1970 630 2039 ἀκοὴν
657 1973 936 2040 ματαίαν.
974 1973 1197 2027 Μάταια
1231 1973 1287 2027 δὲ
1327 1972 1422 2027 καὶ
1464 1972 1534 2027 τὰ
1565 1973 1768 2026 τούτων

189 2063 301 2115 ἐστὶ
352 2063 504 2134 παρὰ
570 2062 650 2115 σοί
677 2080 691 2093 ·
752 2064 964 2135 ᾔτησας
1020 2065 1148 2136 γὰρ,
1194 2064 1269 2128 ὼς
1298 2066 1333 2119 ἁ
1361 2064 1636 2137 Σολομὼν,
1674 2064 1769 2117 καὶ

190 2158 251 2209 σὺ
283 2156 436 2227 παρὰ
463 2156 692 2227 Κυρίου,
721 2157 814 2209 καὶ
842 2158 1119 2230 εἰληφέναι
1150 2157 1393 2225 πίστευε,
1441 2159 1503 2212 τὸ
1541 2159 1768 2230 μάταιον

188 2248 340 2317 λόγον
394 2248 690 2320 καὶψευδῆ
734 2250 948 2320 μακρὰν
1003 2250 1111 2305 ἀπὸ
1152 2250 1245 2305 σοῦ
1298 2251 1549 2321 γενέσθαι
1602 2269 1769 2325 προσ-

190 2340 364 2413 ήκειν.

255 2430 345 2485 21.
381 2428 483 2483 Διὰ
501 2428 658 2484 τοῦτο
692 2431 868 2485 τοίνυν
896 2431 1071 2499 κάγὼ,
1108 2433 1297 2505 ἐπειδὴ
1331 2435 1395 2487 ἐκ
1421 2432 1672 2504 διαϐολῆς
1700 2430 1768 2506 ἦν

189 2520 466 2592 ἐπιστολὴ,
497 2520 591 2573 καὶ
643 2521 741 2575 οὐκ
774 2516 919 2592 εἶχεν
961 2522 1081 2575 οὑδέ
1114 2523 1207 2577 τοῦ
1242 2523 1413 2577 ἐλθεῖν
1449 2522 1765 2595 πρόσταξιν,

190 2611 380 2680 ἔγνων,
413 2612 497 2665 ὅτι
542 2612 862 2685 προαίρεσις
896 2614 997 2668 ούκ
1021 2610 1088 2686 ἦν
1117 2616 1219 2687 τῆς
1247 2617 1345 2688 σῆς
1375 2616 1655 2682 εὐσεϐείας
1689 2618 1769 2671 ἐλ-

189 2702 297 2758 θεῖν
321 2706 473 2775 ἡμᾶς
502 2705 653 2777 παρὰ
702 2705 781 2758 σέ.
810 2706 883 2759 Τὸ
914 2707 1022 2779 γὰρ
1054 2708 1128 2779 μὴ
1157 2709 1409 2763 κελεῦσαι
1442 2709 1660 2773 πάντως
1682 2710 1769 2764 ἐλ-

190 2795 319 2862 θεῖν,
352 2795 491 2849 ἀλλὰ
513 2796 605 2849 καὶ
632 2797 839 2867 γράψαι
879 2798 955 2862 ὡς
995 2798 1129 2870 ἐμοῦ
1172 2800 1504 2870 γράψαντος,
1557 2802 1651 2853 καὶ
1683 2800 1770 2853 θέ-

187 2887 369 2952 λοντος
398 2887 794 2960 διορθώσασθαι
818 2888 889 2943 τὰ
920 2890 1181 2945 δοκοῦντα
1200 2891 1426 2957 λείπειν,
1458 2893 1633 2947 καίτοι
1666 2911 1769 2964 μη-

190 2979 337 3043 δενὸς
361 2980 632 3049 λέγοντος,
656 2980 905 3053 Γφανερὸν
943 2978 1011 3054 ἦν
1044 2983 1196 3057 παρὰ
1235 2984 1460 3056 γνώμην
1500 2981 1639 3039 εἶναι
1671 2986 1769 3058 τῆς

189 3070 287 3142 σῆς
337 3071 675 3145 ἡμερότητος
701 3075 799 3145 τὴν
850 3075 1202 3144 κομισθεῖσαν
1245 3077 1551 3149 ἐπιστολήν.
1599 3080 1769 3132 Τοῦτο

188 3166 386 3230 πάντες
412 3166 659 3235 ἔγνωσαν
678 3184 691 3197 ·
717 3168 981 3223 τοῦτοκαὶ
1004 3170 1231 3241 γράφων
1260 3171 1503 3242 ἐδήλωσα
1520 3190 1534 3203 ·
1567 3173 1663 3227 καὶ
1692 3171 1769 3227 οἳ·
1795 3209 1839 3271 C

184 3257 242 3311 δε
269 3259 569 3326 Μοντάνος,
598 3261 680 3314 ὅτι
714 3262 772 3315 οὐ
816 3262 875 3315 τὸ
917 3262 1091 3316 ἐλθεῖν
1128 3265 1509 3338 παρῃτούμην,
1540 3267 1675 3322 ἀλλὰ
1702 3268 1763 3322 τὺ

188 3351 261 3416 ὡς
282 3351 417 3424 ἐμοῦ
446 3352 757 3425 γράψαντος
781 3354 955 3409 ἐλθεῖν
987 3356 1234 3428 ἀπρεπὲς
1264 3358 1533 3431 ἡγούμην,
1571 3361 1657 3415 ἵνα
1689 3363 1767 3435 μὴ

186 3444 278 3498 καὶ
301 3445 359 3498 ἐν
381 3444 559 3517 τούτῳ
584 3446 853 3517 πρόφασιν
881 3446 1115 3520 εὕρωσιν
1146 3450 1196 3503 οἱ
1223 3451 1552 3520 συκοφάνται
1580 3454 1762 3521 πάλιν,

188 3537 265 3600 ὡς
291 3537 404 3608 (82)
436 3537 669 3609 ὀχληροῦ
712 3538 1005 3609 γενομένου
1058 3558 1158 3611 μου
1207 3544 1273 3613 τῇ
1462 3544 1763 3616 θεοσεϐείᾳ.

200 3626 415 3698 Ἀμέλει
468 3628 993 3699 παρεσκευασάμην,
1045 3628 1140 3682 καὶ
1194 3627 1351 3682 τοῦτο
1402 3623 1541 3685 οἶδεν
1582 3632 1762 3695 αὐτὸς,

189 3718 294 3785 ῖνα,
323 3719 422 3773 ἐὰν
443 3720 654 3791 γράψαι
677 3719 1042 3794 καταξιώσῃς,
1068 3722 1229 3787 εὐθὺς
1255 3722 1474 3788 ἐξέλθω,
1500 3723 1593 3778 καὶ
1630 3724 1767 3794 φθά-

191 3826 268 3863 σω
298 3814 363 3883 τῇ
399 3811 681 3883 προθυμίᾳ
711 3812 772 3865 τὸ
806 3813 1167 3885 προσταχθέν.
1215 3814 1289 3867 Οὐ
1323 3814 1432 3887 γὰρ
1461 3816 1766 3888 ἐμαινόμην

186 3903 460 3959 ἀντειπεῖν
491 3904 718 3975 τοιούτῳ
752 3922 845 3958 σου
877 3907 1277 3976 προστάγματι.
1326 3909 1418 3979 Μὴ
1477 3907 1767 3980 γραψάσης

187 3995 362 4052 τοίνυν
415 3997 587 4061 ὅντως
619 3998 717 4069 τῆς
762 3998 861 4070 σῆς
903 3998 1203 4064 εὐσεϐείας,
1250 3998 1366 4063 πῶς
1395 4000 1657 4071 ἀντέστην
1691 4001 1766 4072 μὴ

189 4087 531 4154 κελευσθείς;
564 4088 635 4141 Ἦ
673 4088 790 4151 πῶς
831 4087 1101 4157 λέγουσιν,
1147 4088 1250 4141 οὐκ
1276 4088 1557 4159 ἐπείσθην,
1590 4090 1765 4142 καίτοι

189 4180 539 4253 προστάξεως
568 4178 642 4250 μὴ
670 4179 871 4251 οῦσης;
899 4180 1016 4245 πῶς
1041 4180 1105 4235 οὐ
1129 4180 1459 4249 συκοφαντία
1488 4181 1583 4234 καὶ
1609 4182 1767 4236 τοῦτο

186 4270 292 4326 τῶν
318 4270 533 4343 ἐχθρῶν
566 4271 906 4327 πλαττόντων
933 4273 993 4325 τὸ
1026 4271 1100 4345 μὴ
1127 4272 1416 4342 γενόμενον
1439 4270 1515 4336 ὡς
1542 4273 1767 4341 γενόμε-

188 4380 306 4429 νον;
332 4362 611 4434 Φοϐοῦμαι
639 4362 829 4435 μήκαὶ
858 4363 971 4428 νῦν,
1008 4362 1443 4434 ἀπολογουμένου
1473 4382 1595 4434 μου,
1634 4364 1765 4436 θρυ-

185 4454 427 4527 λήσωσιν
466 4454 543 4519 ὡς
587 4455 662 4526 μὴ
713 4453 1045 4522 ἀξιώσαντος
1079 4456 1554 4527 ἀπολογήσασθαι·
1595 4456 1768 4520 οὕτως

1876 589 2059 643 omnia
2108 598 2360 645 moveant
2388 597 2441 643 et
2471 588 2812 658 perturbent.
2842 585 3098 643 Fortasse
3123 589 3457 675 plurimis.te

1876 681 2061 737 verbis
2116 682 2401 737 adversum
2455 688 2573 735 nos’
2607 686 2938 747 exasperant
2979 694 2993 731 :
3044 680 3139 735 sed
3189 678 3457 748 eiusmodi

1875 772 2023 828 viros
2065 775 2332 837 aversari,
2376 782 2433 828 et
2482 772 2610 827 odio
2656 770 2863 826 habere
2911 785 3124 840 aequum
3174 778 3278 840 est,
3311 774 3457 843 quod

1875 865 2067 935 quales
2090 865 2192 936 ipsi
2227 876 2375 933 sunt,
2407 865 2543 921 tales
2572 864 2895 921 existiment
2918 880 3013 920 eos
3038 864 3131 935 qui
3159 881 3219 922 se
3239 867 3457 921 auscul-

1878 967 2013 1024 tant,
2038 974 2281 1031 suasque
2309 959 2607 1014 calumnias
2631 957 2798 1014 etiam
2829 958 2971 1029 apud
3006 967 3059 1014 te
3084 958 3265 1015 valere
3296 974 3457 1029 posse

1876 1052 2309 1116 arbitrentur,“
2331 1052 2473 1108 Olim
2517 1063 2666 1109 certe
2717 1059 2910 1107 contra
2962 1050 3283 1106 sacerdotes
3334 1051 3452 1117 Dei,

1878 1140 2039 1212 l)oegi
2076 1141 2341 1196 calumnia
2381 1144 2490 1197 vim
2532 1143 2758 1210 habuit;
2786 1145 2880 1199 sed
2918 1143 3049 1199 Saul
3078 1152 3195 1198 erat
3235 1143 3324 1213 qui
3355 1159 3453 1196 au-

1875 1248 1987 1288 rem
2022 1234 2251 1304 praebuit
2295 1234 2378 1288 vir
2412 1251 2542 1291 sane
2572 1235 2808 1305 iniquus.
2837 1237 2882 1269 ⁸⁷
2907 1236 2971 1289 Et
3003 1234 3220 1291 Jezabel
3247 1235 3455 1291 calum-

1876 1325 1981 1379 niis
2022 1327 2137 1380 suis
2174 1326 2655 1395 religiosissimum
2683 1328 3104 1383 Nabothlzedere
3119 1328 3325 1398 potuit;
3356 1329 3453 1383 sed

1873 1417 2065 1472 Achab
2106 1428 2249 1485 erat,
2309 1419 2571 1474 scelestus
2617 1420 2707 1475 ille
2747 1428 2800 1474 et
2853 1430 3120 1489 apostata,
3165 1420 3257 1490 qui
3295 1422 3450 1475 uxori

1873 1525 2081 1566 morem
2124 1511 2313 1581 gessit.
2351 1512 2745 1566 Sanctissimus
2770 1522 2947 1566 autem
2988 1512 3352 1583 David,cujus
3379 1524 3448 1579 te,

1872 1612 1932 1657 ut
1961 1618 2152 1658 omnes
2195 1612 2504 1673 peroptant,
2532 1606 2861 1660 imitatorem
2896 1619 3015 1660 esse
3042 1606 3313 1671 convenit,
3348 1606 3452 1657 hu-
3558 1648 3561 1651 .

1868 1693 2105 1764 jusmodi
2140 1696 2290 1751 viros
2327 1712 2432 1751 non
2458 1696 2721 1763 admittit,
2766 1698 2860 1752 sed
2901 1697 3056 1765 quasi
3097 1711 3261 1751 canes
3302 1697 3449 1750 rabi-

1874 1788 1971 1843 dos
2017 1789 2397 1854 aversabatur,
2423 1791 2616 1845 dicens
2649 1806 2663 1843 :
2706 1790 3076 1854 Deira/tentem
3104 1798 3300 1844 secreto
3338 1806 3455 1856 pro-

1869 1879 2011 1933 ximo
2057 1896 2175 1944 suo,
2224 1881 2362 1933 hunc
2406 1880 2750 1950 persequebar
2772 1879 2837 1933 ⁸⁸.
2875 1878 3210 1947 Prteceptum
3257 1879 3456 1948 quippe

1872 1970 2002 2026 illttd
2050 1972 2364 2027 observavit
2394 1988 2408 2026 :
2447 1971 2655 2026 Vanum
2694 1988 2955 2025 rumorem
2991 1989 3094 2026 non
3127 1970 3450 2026 admittes".

1870 2064 2144 2121 Incassum
2206 2075 2355 2121 certe
2392 2066 2466 2121 illi
2519 2067 2657 2136 apud
2710 2077 2761 2121 te
2820 2068 3100 2122 mendacia
3132 2066 3446 2135 loquuntur,

1870 2157 1961 2227 qui
2010 2156 2159 2213 velut
2210 2158 2467 2214 Salomon
2512 2173 2542 2213 a
2599 2160 2831 2214 Domino
2885 2153 3367 2229 postularis,quod
3397 2168 3452 2212 te

1870 2249 2149 2319 accepisse
2187 2251 2415 2318 credas;
2456 2260 2517 2306 ut
2558 2250 2815 2306 nimirum
2877 2252 3105 2306 verbum
3151 2265 3347 2304 vanum
3392 2259 3447 2304 et

1869 2339 2097 2394 mendax
2134 2339 2290 2411 longe
2319 2342 2442 2396 sita
2478 2350 2529 2397 te
2549 2342 2619 2406 9°,
2649 2342 2722 2396 uti
2754 2357 2849 2411 par
2881 2350 2981 2396 est.

1939 2432 2030 2486 21.
2067 2431 2408 2503 Quapropter
2442 2449 2563 2489 cum
2613 2433 2725 2489 sola
2774 2433 3230 2489 calumniatorum
3283 2447 3448 2502 opera

1870 2525 1994 2579 data
2021 2523 2214 2581 fuisset
2245 2524 2495 2596 epistola,
2526 2541 2627 2581 nec
2655 2538 2739 2579 me
2771 2526 2885 2595 ipsa
2912 2525 3128 2595 juberet
3155 2526 3220 2579 ad
3247 2536 3297 2580 te
3322 2540 3449 2590 pro-

1871 2617 2076 2684 ﬁcisci;
2108 2626 2455 2688 perspectum
2503 2633 2637 2675 sane
2681 2620 2847 2675 habui
2877 2633 2995 2675 eam
3025 2634 3133 2673 non
3171 2633 3294 2674 esse
3332 2616 3449 2687 pie-

1871 2710 2000 2766 tatis
2062 2720 2167 2766 tuae
2214 2711 2546 2767 voluntatem
2586 2720 2646 2767 ut
2705 2721 2757 2767 te
2814 2712 3183 2767 convenirem.
3235 2710 3447 2766 Etenim

1870 2816 1991 2856 cum
2043 2816 2151 2855 non
2190 2804 2412 2857 omnino
2448 2803 2678 2874 iusseris
2726 2814 2786 2858 ut
2837 2803 3187 2870 accederem,
3235 2801 3326 2856 sed
3371 2801 3444 2855 ita

1871 2892 2157 2961 scripseris
2190 2894 2345 2964 quasi
2374 2893 2428 2948 id
2455 2910 2556 2962 ego
2588 2910 2616 2948 a
2649 2904 2701 2949 te
2743 2893 2941 2948 litteris
2972 2894 3356 2961 postulassem,
3392 2900 3451 2944 ut

1873 3000 1994 3055 quae
2025 2986 2260 3042 deﬁcere
2308 2987 2634 3043 videbantur
2662 2990 2969 3042 instaurare
3014 2988 3236 3051 liceret;
3270 2984 3447 3053 palam

1874 3078 1977 3131 fuit
2013 3078 2253 3148 (nemine
2283 3076 2409 3133 licet
2437 3078 2729 3147 indicante)
2759 3080 3018 3148 perlatam
3047 3078 3113 3132 ad
3141 3090 3226 3131 me
3246 3076 3449 3145 episto-

1872 3170 1978 3223 lam
2004 3185 2109 3224 non
2136 3185 2167 3226 e
2200 3170 2473 3225 sententia
2508 3171 2940 3226 mansuetudinis
2978 3179 3082 3224 tuae
3116 3166 3449 3222 fuisse.scri-

1872 3268 2042 3328 ptam.
2085 3259 2199 3314 Hoc
2228 3260 2360 3313 nulli
2393 3269 2579 3316 notum
2619 3276 2725 3315 non
2772 3269 2895 3316 est:
2928 3259 3030 3314 hoc
3068 3256 3269 3326 scripto
3301 3255 3442 3311 indi-

1875 3352 2037 3406 cavi:
2082 3367 2146 3406 ac
2185 3352 2334 3405 novit
2368 3352 2485 3421 ipse
2536 3351 2825 3405 Montanus
2876 3365 2982 3405 non
3026 3361 3307 3403 recusasse
3358 3360 3447 3399 me

1873 3444 1939 3499 ad
1978 3453 2030 3499 te
2052 3445 2346 3513 accedere;
2379 3446 2472 3499 sed
2522 3443 2595 3498 ita
2635 3443 2916 3508 accedere,
2940 3456 3003 3497 ac
3042 3439 3088 3495 si
3121 3453 3220 3509 ego
3250 3436 3449 3492 litteris

1873 3537 2009 3591 meis
2042 3536 2419 3609 proficiscendi
2452 3536 2729 3591 licentiam
2771 3533 3152 3605 postulassem,
3209 3539 3360 3585 certe
3394 3530 3444 3583 id

1873 3644 1982 3683 non
2040 3630 2233 3684 decere
2278 3628 2572 3683 arbitratus
2622 3643 2765 3693 sum,
2812 3642 2883 3682 ne
2931 3627 3060 3681 hinc
3106 3622 3447 3680 occasionem

1874 3719 2069 3774 iterum
2122 3728 2410 3788 captarent
2449 3719 2815 3790 sycophantae,
2860 3718 3013 3790 quasi
3060 3714 3307 3786 religioni
3346 3723 3451 3767 tua:

1876 3812 2136 3867 molestus
2162 3811 2409 3866 fuissem.
2436 3809 2503 3863 Et
2529 3825 2665 3865 sane
2707 3810 2821 3879 jam
2851 3825 2939 3865 me
2966 3809 3067 3864 viae
3105 3805 3451 3863 committere

1875 3904 2155 3973 parabam,
2188 3914 2247 3957 ut
2276 3904 2391 3973 ipse
2414 3904 2563 3958 novit
2590 3902 2900 3969 Montanus,
2932 3912 3011 3969 ut,
3041 3902 3085 3957 si
3117 3901 3183 3956 ad
3202 3914 3290 3954 me
3314 3900 3452 3953 scri-

1874 3994 2003 4049 bere
2035 3993 2126 4047 tibi
2161 3993 2477 4063 placuisset,
2500 3994 2603 4049 iter
2631 3993 3035 4065 quamprimum
3067 3992 3447 4055 instituerem,

1874 4097 2236 4157 promptoque
2298 4088 2481 4142 animo
2546 4086 2758 4156 jussum
2816 4096 2965 4141 tuum
3026 4094 3446 4140 anteverterem.

1875 4178 2224 4248 Nequaquam
2256 4179 2401 4233 enim
2440 4194 2506 4234 eo
2539 4180 2769 4235 insaniae
2797 4180 3148 4242 deveneram,
3177 4186 3236 4230 ut
3264 4176 3450 4246 hujus-

1877 4270 2017 4325 modi
2046 4277 2318 4340 praecepto
2354 4278 2449 4325 tuo
2476 4284 2856 4340 repugnarem.
2885 4268 3020 4323 Cum
3050 4251 3228 4323 nullas
3266 4269 3450 4336 itaque

1875 4364 1941 4417 ad
1974 4378 2059 4416 me
2094 4363 2311 4417 litteras
2351 4363 2559 4416 miserit
2605 4362 2780 4431 pietas
2830 4371 2941 4426 tua,
2979 4361 3070 4431 qui
3104 4359 3448 4430 repugnarim

1876 4469 1996 4508 cum
2024 4454 2162 4508 nihil
2185 4455 2393 4525 jussum
2433 4454 2630 4509 fuerit?
2654 4455 2763 4508 Aut
2791 4456 3061 4524 quomodo
3093 4469 3179 4509 tne
3220 4468 3325 4507 non
3357 4452 3454 4507 ob-

184 4543 295 4613 ἐγὼ
335 4544 441 4617 μὲν
472 4545 707 4617 εὐχερής
735 4547 849 4616 είμι
881 4547 1011 4615 παρ’
1045 4547 1229 4610 αὐτοῖς
1256 4547 1336 4612 είς
1362 4547 1421 4600 τὸ
1446 4549 1768 4620 κατηγορεῖ-

1877 4553 2124 4628 secutum
2156 4542 2446 4611 aﬁirmant,
2476 4559 2599 4598 cum
2635 4544 2840 4599 nuilum
2895 4544 3057 4600 fuerit
3095 4544 3452 4599 mandatum?

182 4633 306 4688 σθαι
336 4636 472 4706 παρ’
500 4634 680 4688 αὐτῶν
703 4651 716 4665 ·
753 4635 906 4688 αὐτοὶ
929 4635 987 4687 δὲ
1016 4638 1200 4707 ταχεῖς
1230 4637 1310 4700 εἰς
1329 4638 1768 4708 τὸ·συκοφαντεῖν

1878 4638 2018 4705 Quid
2043 4637 2184 4691 aliud
2214 4635 2340 4692 illud
2368 4645 2451 4693 est
2483 4653 2644 4707 quam
2680 4654 2824 4692 mera
2853 4639 3210 4710 sycophantia
3256 4638 3451 4691 adver-

180 4728 278 4780 καὶ
302 4730 666 4799 καταφρονεῖν
690 4727 789 4799 τῆς
815 4728 1037 4799 Γραφῆς
1064 4727 1328 4800 λεγούσης
1346 4747 1359 4760 ·
1417 4732 1475 4783 Μ
1482 4728 1515 4797 ὴ
1571 4728 1774 4800 ἀγάπα

177 4819 579 4888 καταλαλεῒν,
611 4821 713 4874 ἵνα
737 4819 824 4889 μὴ
849 4820 1129 4893 ἐξαρθῇς.

1877 4730 2144 4783 sariorum
2176 4743 2440 4793 meorum,
2468 4729 2558 4796 qui
2597 4743 2715 4798 qua:
2774 4739 2923 4799 gesta
2972 4745 3077 4784 non
3124 4738 3269 4794 sunt,
3302 4741 3453 4799 gesta

1878 4818 2403 4875 comminiscuntur?
2455 4816 2659 4873 Vereor
2705 4833 2838 4873 sane
2892 4820 3055 4873 etiam
3110 4821 3157 4874 si
3225 4835 3447 4876 causam

180 4927 365 4968 meam
406 4915 818 4985 propugnarim,
849 4930 917 4969 ne
944 4901 1281 4972 deblaterent
1338 4916 1462 4986 ipsi,
1526 4915 1683 4988 quasi
1723 4930 1829 4971 non
1870 4914 1975 4968 sim
2032 4927 2152 4967 eam
2208 4925 2550 4981 propugnare
2599 4912 2895 4980 dignatus:
2928 4926 3097 4981 usque
3140 4914 3277 4968 adeo
3330 4928 3450 4966 sum

176 5024 376 5065 eorum
428 5009 900 5066 criminationibus
965 5011 1215 5079 idoneus,
1256 5013 1442 5084 illique
1504 5016 1570 5068 ad
1610 5011 2053 5068 calumniantium
2127 5010 2343 5079 parati:
2388 5009 2522 5064 adeo
2554 5017 2613 5062 ut
2642 5007 2984 5078 Scripturam
3026 5008 3183 5063 nihili
3226 5009 3450 5072 faciant,

173 5115 305 5169 qua:
329 5101 407 5155 ait
440 5118 454 5155 :
485 5098 571 5155 Ne
598 5118 740 5157 ames
766 5102 975 5174 obloqui
1016 5121 1078 5158 ne
1114 5104 1439 5161 evellaris".

256 5195 345 5250 22.
376 5180 658 5251 Μοντάνου
694 5197 875 5251 τοίνυν
910 5199 1383 5272 ἀποδημήσαντος,
1428 5194 1560 5270 ἦλθε
1589 5199 1771 5267 Διογέ-

171 5307 283 5360 νης
311 5290 342 5343 ὁ
381 5288 633 5361 νοτάριος
686 5291 823 5361 μετά
858 5292 917 5359 ἐξ
947 5294 1040 5346 καὶ
1068 5294 1238 5346 είκοσι
1279 5292 1484 5363 μῆνας·
1524 5293 1618 5344 καὶ
1646 5290 1769 5343 οὔτε

166 5383 345 5448 αὐτὸς
372 5382 667 5455 ἐπιστολὴν
685 5384 963 5451 ἀπεδίδου,
982 5384 1104 5439 οὔτε
1130 5386 1456 5457 ἑωράκαμεν
1484 5383 1769 5456 ἀλλήλους,

1954 5194 2046 5249 22.
2087 5192 2200 5261 (85)
2227 5190 2362 5248 Cum
2404 5190 2684 5259 profectus
2728 5193 2911 5263 itaque
2962 5192 3245 5249 Montanus
3283 5200 3451 5256 esset,

1880 5285 2109 5340 accessit
2154 5292 2277 5353 post
2326 5291 2507 5342 sexet
2532 5283 2721 5352 viginti
2754 5298 2969 5337 menses
3009 5283 3271 5351 Diogenes
3300 5292 3454 5334 nota-
3524 5346 3529 5355 ε

1880 5378 2128 5449 rius;_qui
2147 5391 2322 5447 neque
2343 5375 2456 5446 ipse
2477 5391 2690 5446 quoque
2712 5377 2989 5445 epistolam
3020 5373 3260 5439 tradidit,
3280 5386 3452 5441 neque
3521 5418 3527 5437 ,

256 5544 302 5578 ⁵⁸
330 5544 665 5617 lBeg.jxxu,
694 5544 750 5603 9.
768 5544 812 5578 ⁸⁷
838 5540 906 5598 Ill
930 5542 1063 5613 Reg.
1090 5557 1204 5609 χχι,
1224 5542 1277 5607 7,
1302 5554 1456 5612 seqq.
1493 5538 1540 5573 ⁸⁸
1569 5538 1714 5596 Psal.
1738 5555 1768 5597 c

1908 5540 1953 5573 ⁸³
1987 5539 2163 5597 Exod.
2196 5550 2354 5605 xxu‘t,
2390 5542 2442 5596 1.
2482 5544 2533 5576 ³ο
2560 5540 2720 5596 Prov.
2742 5555 2869 5603 xxx,
2892 5538 2941 5592 8.
2986 5539 3030 5569 “
3060 5535 3217 5592 Prov.
3241 5552 3335 5601 xx.
3362 5538 3461 5593 i5.

262 5713 498 5786 {79)ASic
549 5712 682 5786 Reg:
712 5711 850 5786 Editi
887 5726 1038 5786 vero,
1074 5709 1488 5786 παροξυνόμενά
1519 5727 1577 5763 σε
1627 5711 1766 5766 καθ’.

166 5790 237 5846 1n
273 5782 477 5849 'Basil.,
506 5782 700 5853 napoi.
728 5783 849 5853 καθ’
876 5783 907 5853 ἡ
919 5782 1053 5853 μῶν,
1089 5782 1412 5839 intermedia
1444 5798 1624 5839 erasa.

257 5856 369 5928 (80)
396 5855 557 5927 Reg,
580 5852 847 5911 Ναϐουθέ.

1930 5712 2064 5782 ⁴(81)
2100 5710 2192 5766 Sic
2219 5711 2353 5782 Reg.
2382 5708 2524 5782 Editi
2552 5725 2709 5782 vero,
2738 5706 3157 5782 ἀποστρέφεται.

1953 5780 2067 5855 (82)
2101 5780 2353 5855 _Sic_Reg.
2390 5780 2632 5855 et__L_lasil.
2673 5781 2833 5848 Etliti,
2868 5781 3025 5845 male,
3068 5781 3140 5846 ὠς
3171 5783 3227 5855 ἡ,

1953 5853 2068 5925 (85)
2099 5852 2256 5909 Initio
2279 5851 2405 5907 anni
2432 5851 2556 5907 356.
