3954 6496
553 407 660 462 625

1121 406 1178 461 s.
1219 386 1596 463 ATHANASH
1638 405 1787 464 OPP.
1826 407 2007 463 PARS
2045 408 2087 464 ι.
2127 439 2197 449 -
2238 407 2609 465 HISTORICA
2646 406 2735 462 ET
2756 404 3189 476 ,DOGMATICA.

3704 402 3800 461 (εει

554 531 608 584 io
650 533 897 584 mutuum
925 530 1177 586 venimus
1209 532 1373 604 245
1403 541 1783 603 conSpectnm;
1828 548 1927 589 nec
1963 534 2116 603 quid-

2228 532 2348 586 οὖτε
2385 534 2461 597 ὠς
2494 532 2839 606 προστάξεως
2866 528 3032 602 οὔσης
3066 527 3369 584 ἐνετείλατό
3404 544 3530 601 μοι’
3562 525 3699 581 ἀλλά
3720 526 3803 582 καὶ

552 626 697 695 piam
730 638 757 675 a
791 632 843 677 te
883 622 1094 690 jussum
1134 626 1269 680 mihi
1309 626 1401 681 ille
1441 626 1785 695 signiﬁcavit.
1845 626 1956 680 lmo
2000 641 2123 681 cum

554 716 818 787 Syr-ianus
842 718 949 773 dux
989 719 1267 777 exercitus
1299 720 1691 776 Alexandriam
1725 721 2121 792 ingressusest,

548 810 770 866 Arianis
798 806 1048 869 rumores
1074 813 1339 884 quosdam
1365 815 1766 885 spargentibus,
1801 829 1865 868 ac
1895 828 1954 870 se
1982 815 2127 869 arbi-

549 909 696 956 tratu
735 918 833 957 suo
876 916 1096 961 acturos
1140 906 1632 972 denuntiantibus;
1681 907 2011 962 sciscitabar
2056 922 2125 960 ex

549 1007 616 1047 co
669 1008 799 1049 num
829 1009 923 1051 eas
963 1012 1096 1066 quas
1148 997 1223 1052 illi
1263 997 1591 1067 jactitabant
1618 1000 1830 1054 litteras
1860 1001 2120 1054 haberet:

548 1084 725 1141 fateor
755 1088 951 1158 quippe
978 1089 1346 1159 mejussionis
1399 1100 1504 1145 tuae
1547 1090 1757 1148 litteras
1801 1091 2121 1160 postulasse.

549 1177 683 1231 Cum
718 1188 899 1233 autem
943 1196 1003 1235 se
1040 1198 1145 1235 non
1202 1182 1403 1239 habere
1434 1184 1679 1247 dixisset,
1718 1183 1903 1255 rogavi
1950 1192 2008 1237 ut
2041 1184 2125 1237 vel

548 1268 687 1337 ipse.
707 1268 994 1339 Syrianus,
1029 1274 1113 1329 vel
1148 1274 1413 1329 Maximus
1446 1274 1735 1346 prasfectus
1776 1275 1993 1347 IEgypti
2023 1276 2126 1330 hoc

548 1359 681 1414 mihi
712 1361 919 1427 iussum
947 1364 1148 1434 scripto
1185 1368 1483 1422 traderent.
1521 1366 1636 1422 Hoc
1670 1376 1848 1422 autem
1880 1368 2001 1422 ideo
2026 1382 2124 1437 po-

548 1450 769 1516 etulavi,
799 1455 942 1521 quod
984 1467 1073 1510 tua
1106 1457 1240 1512 mihi
1285 1457 1595 1513 humanitas
1640 1461 1973 1530 scripsisset,
2005 1470 2063 1514 ut
2092 1477 2121 1515 a

550 1542 699 1597 nullo
731 1545 1002 1613 turbarer,
1056 1562 1230 1617 neque
1281 1548 1349 1605 iis
1390 1551 1483 1620 qui
1543 1565 1627 1604 me
1682 1562 1887 1608 terrere
1924 1552 2124 1607 vellent

549 1638 885 1692 attenderem
920 1655 933 1690 :
965 1639 1060 1695 sed
1108 1640 1161 1694 in
1193 1642 1439 1698 ecclesiis
1472 1645 1722 1715 degerem
1776 1645 1911 1699 citra
1957 1644 2120 1699 ullum

548 1735 752 1782 metum
805 1728 887 1785 vel
944 1732 1389 1789 sollicitudinem.
1424 1734 1525 1802 Qui
1559 1746 1737 1791 autem
1768 1752 1887 1792 eam
1917 1738 2122 1807 episto»

546 1818 655 1874 lam
685 1821 946 1901 detulere,
979 1834 1106 1881 sunt
1141 1825 1410 1883 Palladius
1441 1828 1568 1883 olim
1601 1829 1786 1899 palatii
1834 1832 2115 1900 magister,

547 1922 605 1965 et
633 1914 880 1970 Asterius
906 1917 996 1984 qui
1026 1916 1131 1971 fuit
1155 1918 1261 1972 dux
1291 1919 1581 1974 Armeniae.
1615 1921 1905 1991 Exemplar
1938 1932 2116 1977 autem

546 2001 788 2071 epistolae
816 2012 873 2058 ut
910 2007 1179 2078 perlegam
1206 2010 1467 2076 concede,
1498 2011 1748 2083 sicenim
1783 2014 1975 2069 habet:

613 2091 705 2147 25.
749 2092 1036 2166 Exemplar
1064 2099 1302 2168 epistola:
1330 2102 1475 2171 quod
1506 2103 1585 2158 sic
1618 2104 1779 2159 habet
1822 2122 1837 2157 τ

727 2184 1071 2245 Constantius
1116 2189 1294 2247 Victor
1322 2194 1591 2265 Augustus
1626 2196 1938 2250 Athanasio.

615 2276 846 2348 Optasse
879 2297 964 2338 me
991 2299 1208 2353 semper
1236 2295 1292 2339 ut
1317 2288 1497 2342 omnia
1524 2286 1705 2342 fausta
1730 2288 1987 2343 defuncto
2014 2288 2120 2342 t’ra-

545 2368 613 2421 tri
635 2385 756 2425 meo
792 2370 1074 2429 Constanti
1106 2378 1445 2445 acciderent,
1474 2379 1779 2448 prudentia
1816 2390 1919 2434 tua:
1952 2380 2120 2435 latere

543 2474 650 2513 non
669 2461 928 2519 arbitror.
962 2465 1129 2534 Quem
1152 2483 1274 2524 cum
1299 2470 1849 2525 sceleratissimorum
1874 2472 2117 2526 virorum

542 2551 666 2607 dolo
696 2554 968 2610 sublatum
1002 2560 1404 2629 cognovissem,
1457 2577 1566 2631 quo
1609 2576 1845 2618 mmrore
1894 2562 2118 2620 aﬂ‘ectus

545 2644 674 2711 sim,
728 2646 888 2703 facile
923 2662 1107 2705 vestra
1164 2654 1452 2722 prudentia
1510 2655 1855 2725 iudicaverit.
1920 2657 2114 2714 Verum

542 2738 669 2806 quia
712 2738 814 2795 hoc
866 2752 1106 2814 tempore
1140 2746 1379 2801 nonnulli
1429 2755 1479 2802 te
1520 2757 1627 2802 tam
1674 2748 1925 2805 luctuoso
1956 2767 2118 2823 nego-

546 2831 742 2885 tiorum
774 2834 1007 2889 decursu
1042 2846 1249 2891 terrere
1290 2852 1595 2905 conantur,
1646 2841 1745 2895 has
1783 2842 1993 2897 litteras
2049 2844 2116 2898 ad

546 2929 691 2976 tuam
737 2926 1100 2980 reverentiam
1164 2928 1457 2985 mittendas
1508 2931 1841 2986 existimavi.
1894 2931 2118 2987 llortor-

543 3023 649 3078 que
681 3020 751 3077 te,
782 3019 862 3076 ut,
894 3014 1349 3082 quemadmodum
1380 3019 1696 3088 episcopum
1724 3021 1903 3087 decet,
1944 3038 2115 3092 popu-

543 3098 654 3153 lum
686 3100 883 3156 doceas
911 3102 977 3156 ad
1015 3102 1313 3172 legitimam
1345 3107 1639 3162 convenire
1676 3108 2027 3177 religionem,
2062 3119 2118 3163 et

2227 626 2313 678 ὅτε
2332 626 2591 696 Συριανὸς
2614 626 2641 677 ὁ
2662 622 3035 695 στρατηλάτης
3062 620 3309 694 εἰσῆλθεν
3326 622 3405 685 είς
3436 619 3538 692 τὴν
3567 618 3803 684 Ἀλεξάν-

2226 718 2430 791 δρειαν,
2478 717 2664 788 ἐπειδὴ
2708 716 2858 787 παρά
2906 714 3013 769 τῶν
3076 714 3372 787 Ἀρειανῶν
3422 711 3703 784 ἐθρυλεῖτό
3732 726 3803 765 τι-

2225 830 2315 876 να,
2369 810 2467 865 καὶ
2522 810 2665 877 άπερ
2726 807 3026 873 ἐϐούλοντο,
3084 807 3484 879 ἐπηγγέλλοντο
3543 806 3798 876 γίνεσθαι,

2226 902 2458 975 ἠρώτων
2494 903 2541 955 εί
2561 902 2861 974 γράμματα
2886 900 2997 971 ἔχει
3037 901 3164 971 περὶ
3194 893 3273 955 ὧν
3305 898 3599 970 θρυλοῦσι·
3629 900 3796 971 γράμ-

2232 1013 2377 1066 ματα
2434 995 2544 1066 γὰρ
2604 995 2874 1067 ἀπῄτουν,
2936 994 3216 1065 ὁμολογῶ,
3277 995 3380 1063 τῆς
3438 992 3795 1066 προστάξεως.

2242 1087 2457 1158 Ἐπειδὴ
2508 1087 2564 1139 δὲ
2614 1088 2687 1159 μὴ
2717 1088 2859 1157 ἔχειν
2897 1086 3080 1157 ἔλεγεν
3112 1086 3247 1159 (84),
3282 1085 3470 1156 ἠξίουν
3518 1083 3624 1139 κᾶν
3652 1084 3799 1137 αὐτὸν

2228 1177 2504 1250 Συριανὸν,
2527 1176 2559 1248 ἢ
2596 1176 2685 1229 τὸν
2712 1176 2948 1251 ἔπαρχον
2972 1178 3074 1247 τῆς
3098 1175 3371 1245 Αἰγύπτου
3396 1174 3655 1245 Μάξιμον
3679 1174 3800 1245 γρά-

2224 1270 2325 1341 ψαι
2360 1288 2451 1341 μοι
2481 1270 2607 1341 περὶ
2628 1269 2835 1324 τούτου.
2867 1269 3037 1322 Τοῦτο
3070 1270 3123 1322 δὲ
3153 1268 3329 1331 οὕτως
3356 1267 3625 1338 ἀπῄτουν,
3660 1267 3798 1319 ἐπει-

2224 1362 2289 1433 δὴ
2333 1361 2591 1433 γράψασὰ
2623 1378 2711 1431 μοι
2744 1356 2810 1432 ἦν
2857 1362 2891 1432 ἡ
2930 1360 2996 1432 σὴ
3027 1358 3426 1431 φιλανθρωπία,
3462 1358 3608 1411 ὥστε
3661 1358 3799 1429 παρὰ
3864 1414 3867 1415 ν

2228 1454 2453 1525 μηδενός
2491 1471 2556 1524 με
2585 1452 2967 1523 ταράττεσθαι,
2997 1451 3131 1522 μηδὲ
3166 1450 3456 1521 ἀνέχεσθαι
3491 1449 3605 1503 τῶν
3635 1448 3800 1502 θελόν-

2222 1563 2330 1599 των
2352 1547 2496 1617 ὴμᾶς
2508 1548 2711 1610 πτοεῖν,
2736 1545 2872 1598 ἀλλά
2898 1544 3077 1615 μένειν
3108 1545 3161 1596 ἐν
3195 1546 3316 1606 ταῖς
3347 1542 3673 1609 ἐκκλησίαις
3686 1543 3801 1612 ἀμε-

2229 1635 2451 1707 ρίμνως.
2488 1639 2550 1690 Οἱ
2586 1637 2683 1707 μὲν
2717 1631 2808 1689 οὖν
2834 1634 3158 1705 κομίσαντες
3184 1632 3282 1705 τὴν
3306 1632 3568 1703 τοιαύτην
3600 1633 3799 1684 ἐπιστο-

2222 1728 2319 1799 λήν
2347 1730 2451 1782 εἱσι
2479 1729 2794 1793 Παλλάδιος,
2828 1730 2856 1781 ὁ
2888 1728 3178 1798 γενόμενος
3210 1726 3305 1779 τοῦ
3339 1725 3611 1780 παλατίου
3650 1724 3799 1795 μάγι-

2226 1837 2404 1890 στρος,
2434 1820 2529 1874 xal.
2570 1819 2842 1891 Ἀστέριος
2866 1821 2894 1871 ὁ
2918 1816 3206 1887 γενόμενος
3226 1815 3351 1880 δοὺξ
3390 1814 3705 1885 Ἀρμενίας.
3733 1814 3797 1866 Τὸ

2222 1913 2280 1966 δὲ
2306 1912 2632 1984 ἀντίγραφον
2659 1913 2756 1982 τῆς
2788 1909 3072 1980 ἐπιστολῆς
3105 1908 3462 1980 συγχώρησον
3499 1906 3796 1977 ἀναγνῶναί

2223 2022 2289 2075 με
2314 2020 2329 2035 ⁸
2364 2004 2476 2057 ἔστι
2509 2003 2617 2075 γὰρ
2642 2002 2827 2057 τοῦτο’

2289 2096 2377 2151 25.
2418 2097 2772 2168 Ἀντίγραφον
2800 2093 3087 2163 ἐπιστολῆς
3108 2091 3281 2154 οὕτως
3304 2090 3425 2161 ἔχον
3450 2106 3463 2119 ·

2295 2187 2707 2253 Κωνστάντιος
2728 2186 2987 2254 Νικητὴς
3004 2185 3350 2254 Αὔγουστος
3377 2180 3727 2248 ’Λθίινασίῳ

2293 2281 2401 2353 (85)
2436 2279 2701 2350 Εὖγεσθαί
2730 2297 2795 2350 με
2821 2279 2909 2331 ἀεὶ
2933 2278 3073 2332 ὥστε
3100 2276 3276 2329 πάντα
3302 2275 3457 2327 αἴσια
3488 2274 3790 2327 ἀποϐαίνειν

2219 2376 2297 2445 τῷ
2336 2392 2464 2428 ποτε
2494 2373 2707 2443 ἀδελφῷ
2729 2372 2845 2443 ἐμῷ
2866 2371 3201 2434 Κωνστάντι,
3232 2369 3350 2423 οὐδὲ
3375 2370 3476 2440 τὴν
3505 2368 3607 2441 σὴν
3639 2368 3789 2438 ὑπερ-

2220 2468 2319 2537 έϐη
2347 2467 2578 2521 σύνεσιν.
2617 2467 2834 2519 Ὅντινα
2872 2464 3059 2535 ἐπειδὴ
3101 2463 3159 2529 ἐξ
3190 2463 3408 2533 ἀπάτης
3436 2461 3789 2516 ἀτοπωτάτων

2221 2559 2331 2631 (86)
2354 2557 2656 2632 ἀνῃρῆσθαι
2677 2558 2867 2627 ἔγνων,
2896 2556 3038 2628 πόσῃ
3063 2555 3178 2625 εἰμὶ
3202 2554 3555 2626 περιϐληθεὶς
3585 2551 3767 2621 στυγνό

2217 2671 2358 2724 τητι,
2382 2652 2621 2723 εὐχερῶς
2643 2651 2676 2722 ἡ
2702 2650 2942 2721 ὑμετέρα
2974 2649 3232 2720 φρόνησις
3253 2648 3547 2718 δυνήσεται
3573 2645 3785 2718 κρίνειν.

2216 2744 2323 2798 Καὶ
2352 2744 2535 2816 ἐπειδή
2569 2742 2713 2806 τινές
2735 2743 2892 2806 εἰσιν,
2941 2741 3137 2803 οἵτινες
3164 2741 3221 2794 ἐν
3252 2738 3331 2809 τῷ
3358 2738 3592 2809 παρόντι
3624 2736 3788 2809 κανρῷ

2216 2835 2293 2907 τῷ
2338 2835 2480 2888 οὕτω
2535 2832 2849 2905 δακρυτικῷ
2906 2831 3141 2903 δράματι
3201 2829 3312 2900 (87)
3359 2828 3688 2881 καταπτοεῖν
3734 2842 3786 2878 σε

2216 2927 2557 2999 πειράζουσι,
2588 2926 2675 2979 διὰ
2703 2924 2861 2979 τοῦτο
2906 2922 2974 2976 τὰ
3001 2923 3245 2994 παρόντα
3286 2921 3463 2975 ταῦτα
3496 2919 3789 2991 γράμματα

2217 3020 2352 3091 πρὸς
2390 3018 2488 3090 τὴν
2517 3018 2612 3090 σὴν
2640 3017 2923 3088 τιμιότητα
2958 3014 3163 3068 στεῖλαι
3192 3013 3383 3085 ἔκρινα
3408 3029 3421 3042 ·
3472 3011 3788 3082 προτρέπων

2218 3130 2275 3166 σε
2305 3113 2412 3176 ἵνα,
2439 3110 2628 3182 ὥσπερ
2655 3110 2853 3181 πρέπει
2886 3107 3188 3178 ἐπισκόπῳ,
3212 3109 3291 3167 εἰς
3326 3106 3426 3175 τὴν
3458 3120 3791 3174 κεχρεωστη-

541 3205 665 3249 cum
702 3192 795 3246 illo
820 3193 886 3246 de
912 3209 1060 3249 more
1085 3197 1423 3252 orationibus
1478 3198 1759 3253 incumbas
1789 3217 1802 3253 :
1862 3199 1913 3253 id
1966 3201 2109 3253 enim

2228 3204 2387 3275 μένην
2460 3201 2752 3275 θρησκείαν
2814 3200 3124 3272 συντρέχειν
3199 3197 3471 3262 διδάξειας
3543 3197 3632 3249 τὸν
3697 3195 3789 3264 δῆ-

543 3285 698 3341 ηοὺίί.
729 3286 925 3354 placet.
952 3287 1084 3343 Nam
1110 3292 1250 3359 quod
1274 3294 1822 3362 spectatsenteutiam
1851 3303 2114 3358 nostram,

544 3387 595 3431 te
626 3379 772 3433 omni
807 3389 1049 3451 tempore
1077 3382 1131 3438 in
1159 3385 1264 3439 tuis
1286 3386 1503 3440 sedibus
1530 3385 1841 3455 episcOpum
1869 3399 1991 3439 esse
2021 3399 2113 3439 vo-

541 3466 742 3525 lumus.

612 3560 678 3614 Et
710 3560 812 3616 alia
838 3579 1034 3619 manu:
1075 3567 1342 3624 Divinitas
1368 3578 1549 3624 servet
1576 3578 1626 3624 te
1659 3567 1905 3639 plurimis
1936 3568 2113 3635 annis,

542 3649 704 3708 Pater
742 3654 1116 3715 dilectissime.

613 3835 703 3888 24.
764 3836 838 3892 De
888 3838 992 3892 hac
1043 3838 1272 3907 epistola
1323 3839 1395 3893 illi
1434 3839 1652 3909 quidem
1691 3842 2116 3912 cumjndicibus

543 3932 706 3985 verba
742 3930 938 3985 fecere.
989 3929 1099 3999 Ego
1137 3946 1265 3985 vero
1326 3947 1449 3986 cum
1511 3933 1794 3999 epistolam
1854 3934 2113 3989 haberem

543 4019 827 4087 ejusmodi,
859 4035 1040 4073 nonne
1067 4018 1188 4087 jure
1218 4020 1421 4075 litteras
1456 4020 1740 4091 postulavi,
1780 4037 1875 4078 nec
1913 4032 2117 4079 temere

542 4128 729 4166 eorum
755 4112 1251 4168 machinationibus
1280 4114 1500 4169 adhibui
1523 4115 1803 4169 animum?
1828 4114 1908 4169 llli
1935 4126 2115 4172 autem

541 4220 663 4259 cum
680 4203 831 4271 jussa
853 4214 954 4259 tua:
972 4205 1186 4274 pietatis
1207 4221 1546 4275 nequaquam
1570 4207 1911 4276 proferrent;
1942 4224 2117 4263 nonne

541 4295 698 4365 plane
732 4305 918 4351 contra
966 4296 1128 4364 hujus
1181 4297 1421 4368 epistolae
1469 4300 1787 4354 sententiam
1846 4301 2115 4369 agebant?

540 4388 804 4459 Equidem
843 4405 967 4446 cum
1020 4390 1228 4446 litteras
1281 4391 1357 4445 illi
1397 4407 1502 4445 non
1531 4392 1745 4460 darent,
1771 4394 1911 4447 haud
1941 4392 2115 4447 simile

538 4497 669 4537 vero
697 4483 953 4554 putabam
988 4483 1151 4538 verba
1180 4484 1298 4539 sine
1324 4483 1520 4539 litteris
1553 4485 1619 4538 ad
1664 4500 1750 4539 me
1783 4485 2112 4539 transmitti:

2222 3316 2342 3368 μον,
2401 3302 2496 3349 καὶ
2554 3297 2672 3367 μετ’
2725 3294 2889 3349 αὑτοῦ
2943 3293 3086 3348 κατὰ
3144 3292 3204 3346 τὸ
3259 3291 3381 3355 ἔθος
3437 3293 3557 3354 ταῖς
3613 3290 3792 3359 εὐχαῖς

2221 3390 2575 3461 σχολάσειας·
2634 3390 2767 3460 ἡμῖν
2802 3388 2910 3460 γὰρ
2952 3388 3108 3441 τοῦτο
3142 3385 3367 3455 ἀρέσκει
3414 3383 3495 3443 τὸ,
3543 3382 3600 3434 σέ
3655 3382 3792 3434 κατὰ

2216 3485 2315 3555 τὴν
2348 3482 2622 3554 ἡμετέραν
2660 3481 2932 3552 βούλησιν,
2975 3482 3031 3532 ἐν
3078 3480 3240 3531 παντὶ
3295 3475 3470 3548 καιρῷ
3510 3476 3566 3526 ἐν
3607 3473 3684 3543 τῷ
3713 3472 3789 3542 σῷ

2217 3575 2386 3645 τόπῳ,
2416 3574 2713 3627 ἐπίσκοπον
2742 3568 2880 3625 εἶναι
2904 3570 3221 3640 βουλόμεθα.
3244 3568 3357 3622 Kal.
3382 3568 3515 3637 άλλη
3544 3564 3703 3637 χεῳί·
3722 3564 3787 3614 'Il

2219 3666 2408 3738 θεότης
2442 3664 2692 3734 φυλὰξειέ
2720 3681 2777 3716 σε
2805 3662 3014 3725 πολλοῖς
3041 3662 3323 3723 ἐνιαυτοῖς,
3359 3659 3540 3727 Πάτερ
3564 3670 3785 3726 προσφιο

2219 3758 2443 3812 λέστατε
2472 3755 2602 3827 (88).

2285 3848 2375 3903 24.
2404 3848 2541 3919 Περὶ
2554 3846 2777 3916 ταύτης,
2801 3847 2993 3899 ἐκεῖνοι
3010 3844 3109 3915 μὲν
3137 3842 3231 3895 καὶ
3256 3841 3366 3909 (89)
3385 3842 3498 3904 τοῖς
3518 3838 3785 3899 δικασταῖς

2218 3942 2500 4012 εἰρήκασιν
2521 3955 2535 3969 °
2578 3938 2688 4007 ἐγὼ
2727 3938 2784 3991 δὲ
2822 3938 3023 4008 ταύτην
3051 3935 3148 4006 τὴν
3182 3932 3475 4003 ἐπιστολὴν
3507 3932 3653 4001 ἔχων,
3688 3922 3783 3998 ἆτ’

2217 4035 2316 4086 ούκ
2362 4032 2585 4095 εἰκότως
2620 4029 2861 4101 ἀπῄτουν
2897 4029 3223 4100 γράμματα,
3274 4026 3368 4078 καὶ⁵
3408 4025 3468 4077 οὐ
3510 4021 3784 4093 προσεῖχον

2218 4124 2556 4196 προφάσεσιν
2627 4121 2843 4184 ἁπλῶςς
2912 4119 3140 4171 Ἐκεῖνοι
3201 4116 3256 4169 δὲ
3321 4116 3396 4185 μὴ
3462 4111 3782 4171 δεικνύοντες

2218 4214 2543 4286 πρόσταγμα
2571 4212 2669 4283 τῆς
2690 4212 2788 4281 σῆς
2811 4208 3110 4272 εὐσεϐείας,
3141 4208 3240 4259 οὐκ
3284 4205 3542 4276 ἄντικρυς
3576 4199 3787 4255 ἐναντία

2215 4304 2418 4375 ταύτης
2436 4305 2533 4373 τῆς
2557 4300 2844 4370 ἐπιστολῆς
2876 4299 3177 4368 ἔπραττον;
3225 4295 3367 4365 Ἐγὼ
3398 4297 3475 4357 δὲ,
3511 4297 3587 4349 ὃτι
3609 4291 3784 4362 γράμ-

2219 4413 2363 4466 ματα
2386 4394 2446 4446 οὐ
2471 4393 2578 4465 (90)
2607 4395 2885 4463 παρεῖχον,
2911 4392 3008 4444 οὐκ
3027 4387 3337 4452 ἀκολούθως
3366 4386 3606 4457 ἡγούμην
3628 4382 3787 4443 ἐκτὸς

2218 4486 2395 4540 αὐτῶν
2417 4482 2552 4538 εἶναι
2576 4485 2673 4548 τάς
2695 4485 2886 4553 φάσεις
2905 4501 2917 4514 ⁸
2951 4486 3061 4547 τοῖς
3090 4481 3355 4544 τοιούτοις
3386 4480 3493 4551 γάρ
3525 4479 3591 4550 μὴ
3618 4492 3783 4543 προσ-

538 4574 849 4644 hujusmodi
881 4576 1078 4647 quippe
1106 4577 1285 4632 verbis
1317 4591 1386 4632 ne
1410 4577 1651 4630 animum
1683 4578 1994 4632 adhiberem
2026 4579 2116 4632 lit-

2228 4579 2363 4649 ἔχειν
2404 4595 2470 4648 με
2502 4575 2862 4653 προσέταττεν
2900 4577 2932 4646 ἡ
2960 4573 3215 4645 ἐπιστολὴ
3243 4575 3341 4643 τῆς
3365 4573 3465 4642 σῆς
3490 4568 3791 4653 φιλανθρίυε

539 4667 672 4723 teris
697 4668 813 4722 suis
839 4668 1080 4737 jusserat
1112 4677 1200 4723 tua
1232 4668 1561 4723 humanitas.
1588 4667 1716 4723 Jure
1762 4669 1928 4740 igitur
1983 4670 2113 4725 illttd

539 4760 646 4830 egi,
681 4759 1090 4828 religiosissime
1114 4760 1358 4828 Auguste
1384 4778 1399 4813 :
1425 4768 1483 4813 ut
1513 4761 1654 4814 sicut
1700 4775 1823 4814 cum
1872 4760 2113 4831 epistolis

538 4853 819 4920 ingressus
848 4866 966 4905 sum
990 4852 1040 4905 in
1061 4853 1309 4921 patriam.
1337 4853 1416 4906 sic
1440 4867 1505 4906 ex
1536 4853 1787 4907 mandato
1813 4861 1902 4907 tuo
1924 4852 1991 4907 ab
2021 4851 2110 4908 illa

538 4945 874 4999 discederem
916 4965 927 4999 :
965 4961 1030 4999 ne
1064 4956 1247 5015 utpote
1278 4946 1365 5014 qui
1388 4945 1455 4998 ab
1488 4945 1723 4999 Ecclesia
1755 4944 2110 5016 aul‘ugissem,

539 5033 595 5089 in
619 5033 883 5101 judicium
918 5035 1210 5105 aliquando
1260 5050 1485 5089 vocarer
1515 5051 1528 5087 :
1565 5034 1659 5089 sed
1695 5033 1902 5103 jussus,
1936 5034 2113 5105 profe-

611 5168 722 5239 (84)
776 5170 865 5226 Sic
897 5171 1031 5242 Reg.
1067 5172 1230 5230 Basil.
1270 5182 1324 5227 et
1366 5172 1497 5228 edit.
1528 5172 1740 5230 Comm.
1786 5174 1929 5229 Edit.
1987 5189 2117 5231 vero

537 5239 737 5313 Paris.,
768 5243 922 5313 male,
955 5239 1160 5313 ἔλεγον.

615 5311 870 5381 (85)ll:rc
900 5311 1200 5369 Constantii
1247 5313 1472 5382 epistola
1517 5315 1751 5369 habetur
1803 5329 2021 5384 quoque
2064 5316 2117 5372 in

542 5378 716 5444 Epist.
746 5384 814 5435 ad
845 5385 1131 5443 solitarius.
1159 5386 1249 5438 sed
1281 5378 1392 5437 non
1432 5386 1620 5437 iisdem
1673 5378 1871 5439 verbis.
1899 5378 1946 5438 Ᾱ
1971 5386 2118 5441 Con-

541 5453 740 5505 stantio
772 5453 914 5523 enim
950 5453 1142 5506 Latine
1170 5456 1394 5523 scripta,
1429 5454 1512 5507 bis
1538 5454 1723 5508 Graace
1752 5469 1908 5508 versa
1928 5466 2010 5511 est
2046 5458 2115 5510 ab

540 5522 887 5592 Athanasio:
950 5525 1102 5592 cujus
1133 5522 1304 5591 prima
1337 5525 1450 5577 haec
1501 5534 1583 5579 est
1630 5526 1824 5589 versiu,
1876 5529 2111 5580 secunda

540 5605 669 5644 vero
702 5595 765 5662 in_
790 5591 1027 5659 Epistola
1053 5595 1119 5644 ad
1148 5595 1290 5646 solit.
1329 5594 1542 5662 legitur.

613 5661 699 5733 Ait
748 5660 961 5733 Lucifer
992 5664 1333 5733 Calaritanus
1379 5660 1472 5721 lib.
1510 5679 1655 5733 lpl‘O
1706 5674 1896 5718 sancto
1943 5667 2109 5721 Atha-

541 5730 728 5804 nasio,
772 5732 983 5804 p.152.
1047 5732 1417 5804 constantium
1478 5730 1671 5788 litteris
1723 5738 1834 5789 suis
1896 5736 2110 5804 jurasse

544 5798 941 5874 Atesandrinis,
969 5815 1027 5857 se
1058 5802 1188 5858 nihil
1218 5805 1472 5875 deinceps
1499 5804 1624 5861 mali
1648 5798 1915 5862 facturum
1942 5807 2108 5862 Atha-

543 5882 692 5920 IIJSIU
1504 5884 1509 5888 “

2218 4671 2364 4733 πίας.
2412 4669 2645 4731 Δικαίως
2694 4663 2787 4721 οὖν
2823 4666 2978 4720 τοῦτο
3014 4667 3250 4729 ἐποίουν,
3293 4663 3651 4734 θεοφιλέστατε
3670 4656 3783 4711 A6-

2218 4777 2434 4829 γουστε,
2465 4760 2571 4824 ἵνα,
2598 4758 2786 4830 ὥσπερ
2817 4759 2956 4830 ἔχων
2991 4757 3281 4819 ἐπιστολὰς
3306 4755 3547 4827 εἰσῆλθον
3578 4755 3649 4815 εἰς
3674 4752 3783 4821 τὴν

2219 4852 2472 4923 πατρίδα,
2502 4850 2675 4915 οὕτως
2709 4850 2845 4922 ἔχων
2883 4847 3176 4920 πρόσταξιν
3215 4848 3309 4901 ἀπ’
3349 4847 3517 4916 αὐτῆς
3554 4843 3778 4911 ἐξέλθω.

2220 4942 2312 4995 καὶ
2342 4942 2414 5013 μὴ
2449 4941 2525 5005 ὡς
2562 4939 2744 5010 φυγὼν
2790 4939 2889 5009 τὴν
2927 4938 3273 5007 Ἐκκλησίαν,
3318 4936 3607 4997 ὑπεύθυνός
3648 4948 3780 4984 ποτε

2220 5035 2488 5106 γένωμαι,
2512 5033 2625 5087 ἀλλ’
2653 5033 2727 5097 ὼς
2766 5030 3072 5094 κελευσθεὶς
3105 5029 3214 5100 ἔχω
3246 5029 3513 5101 πρόφασιν
3540 5027 3627 5095 τῆς
3648 5024 3781 5076 ἀνα-

2291 5174 2406 5247 (86)
2434 5175 2510 5229 lta
2535 5174 2672 5247 Beg.
2705 5182 2759 5228 et
2791 5174 2862 5226 ita
2893 5171 3175 5247 legendum
3209 5171 3443 5247 videtur.
3470 5166 3624 5247 Editi,
3646 5178 3777 5216 ato-

2219 5236 2498 5315 πωτάτης.
2546 5236 2715 5299 Panlo
2755 5252 2878 5315 post
2926 5243 3059 5315 lleg.
3096 5253 3189 5315 et_
3209 5241 3394 5315 Basil.,
3442 5236 3773 5315 στυγνότητι.

2218 5316 2383 5382 Ειιίιί,
2416 5309 2731 5385 συγνὸτητι,
2753 5309 2908 5385 male.
2937 5309 3316 5385 lbidem_Reg.,
3338 5309 3588 5385 ὑμετέρα,
3612 5314 3778 5358 recte.

2219 5381 2665 5467 Editbﬁpsrépa'.
2690 5384 2810 5467 Mox
2840 5382 3006 5467 Reg},
3020 5381 3320 5467 δυνῄοηται
3346 5382 3538 5467 κρῖναι.

2286 5447 2397 5526 (87)
2423 5447 2588 5524 Reg..-
2617 5455 2878 5526 δράματι.
2912 5447 3077 5526 Editi,
3124 5447 3394 5522 ϐρώματι.
3446 5447 3600 5503 Paulo
3648 5450 3779 5513 post

2217 5524 2702 5596 Βρεητιμιότητα.
2728 5524 2906 5587 Εᾱὶιὶ,
2929 5524 3219 5596 τιμότητα.

2291 5543 2373 5592 ἐ..
2395 5540 2702 5596 τιμιοτητα.
2746 5540 2906 5587 nam,
2929 5542 2979 5576 τι
3028 5540 3219 5593 οτητα.

2291 5597 2400 5666 (88)
2425 5597 2548 5649 Post
2577 5596 2757 5665 Πάτερ
2783 5612 2824 5646 π
2861 5540 3234 5661 οσφιλέστατε,
3258 5591 3385 5646 editi
3419 5591 3525 5645 ha’c
3558 5584 3776 5641 habent,

2291 5673 2367 5713 to:
2398 5667 2495 5713 τῆε
2528 5612 2903 5713 Κωνσταντεὶυ
2948 5662 3237 5713 ἐπιστολῆς
3261 5702 3276 5713 .
3322 5676 3439 5713 quae
3467 5662 3519 5712 ill
3563 5656 3682 5713 Βεζ-
3713 5663 3776 5706 ει

2215 5656 2367 5728 τέλος
2383 5656 2495 5736 ’τῆς
2528 5656 2903 5718 Κωνσταντίου
2939 5656 3237 5736 ⁷ἐπιστολῆς
3261 5702 3277 5727 ,
3322 5676 3439 5731 quae
3467 5662 3519 5712 in
3563 5656 3682 5723 Reg.
3713 5663 3778 5706 ει

2216 5736 2383 5791 Basil.
2414 5735 2626 5800 desunt,
2661 5747 2713 5788 et
2741 5735 3121 5803 expunxitnus.

2301 5806 2411 5871 (89)
2440 5806 2548 5857 Καί
2584 5808 2633 5858 iu
2662 5804 2793 5872 Reg.
2813 5800 3033 5872 legitur.
3072 5805 3127 5856 in
3160 5803 3317 5860 editis
3356 5800 3497 5857 deest

2288 5878 2398 5944 (90)
2429 5876 2483 5929 In
2520 5876 2649 5945 Reg.
2678 5876 2735 5928 ού
2769 5877 2936 5943 deest,
2962 5873 3117 5930 male.
