3954 6554
168 433 378 492 ’ῦεὸ

276 320 305 343 Av

1288 423 1634 482 APOLOGIA
1672 424 1767 480 AD
1812 422 2307 480 CONSTANTIUM
2347 422 2481 479 IMP.
2541 428 2551 435 '

3410 423 3516 479 626

273 554 584 627 χωρήσεως.
610 549 778 604 Τοῦτο
804 550 898 605 καὶ
913 551 960 602 οἱ
975 548 1097 603 λαοὶ
1114 548 1314 611 πάντες
1334 546 1593 618 μετὰτῶν
1614 545 1813 617 πρεσϐι

1918 597 1919 603 η
1949 546 2147 601 ctionis
2174 559 2395 600 causam
2421 543 2665 615 proferre
2706 558 2944 614 possem.
2968 542 3083 600 l-toc
3122 543 3294 615 ipsum
3324 558 3514 600 omnes

272 648 461 719 τέ’ρων,
499 646 595 698 καὶ
634 644 882 696 πλεῖστον
924 641 981 694 δὲ
1009 641 1108 711 τῆς
1141 640 1348 702 πόλεως
1391 638 1556 710 μέρος
1607 638 1723 709 μετ’
1748 638 1845 692 αὑ-

271 735 397 798 τῶν,
438 735 524 786 ἵνα
554 733 626 803 μὴ
652 731 794 799 λέγω
821 729 1004 794 πλέον,
1038 726 1364 791 ἀπελθόντες
1393 726 1531 798 πρὸς
1561 725 1840 797 Συριανὺν,

270 826 449 897 ἠξίουν
469 843 483 856 ·
513 827 629 878 ἐκεῖ
650 824 705 877 δὲ
733 820 800 895 ἦν
822 824 916 876 καὶ
936 826 964 876 6
985 822 1222 893 ἔπαρχος
1243 821 1342 891 τῆς
1366 819 1638 889 Αἰγύπτου
1669 820 1844 886 Μάξι-

271 937 387 990 μος.
426 919 491 971 Ἢ
519 918 575 970 δὲ
608 918 830 984 ἀξίωσις
869 911 937 986 ἦν
966 915 999 984 ἢ
1031 914 1239 985 γράψαι
1267 915 1361 968 καὶ
1387 913 1699 969 ἀποστεῖλαί
1727 931 1840 987 μοι,

267 1012 298 1082 ἦ
337 1010 532 1083 μηκέτι
570 1010 795 1080 διοχλεῖν
822 1010 941 1071 ταῖς
983 1005 1348 1078 Ἐκκλησίαις,
1384 1006 1487 1071 ἕως
1516 1005 1581 1061 ἂν
1602 1005 1754 1059 αὐτοὶ
1790 1006 1840 1058 οἱ

266 1103 384 1156 λαοὶ
408 1103 536 1173 περ)⁴
566 1100 755 1154 τούτου
785 1098 1193 1171 πρεσϐεύωνται
1226 1098 1377 1170 παρὰ
1406 1098 1508 1152 σοί.
1550 1099 1672 1152 Ἒπ)⁸
1704 1097 1838 1152 πολὺ

265 1195 441 1251 τοίνυν
476 1194 655 1248 αὐτῶν
683 1193 995 1261 ἀξιούντων,
1030 1190 1255 1245 συνιδὼν
1281 1190 1542 1263 Συριανὸς
1586 1190 1648 1243 τὸ
1688 1188 1840 1243 εὔλο-

262 1306 378 1358 γον,
406 1285 826 1341 διεϐεϐαιώσατο
856 1284 1261 1357 μαρτυρόμενος
1286 1284 1386 1355 τὴν
1415 1283 1511 1355 σὴν
1544 1282 1835 1355 σωτηρίαν,

264 1381 354 1434 καὶ
395 1381 488 1433 ἐπὶ
522 1378 695 1449 τούτῳ
729 1378 911 1449 παρῆν
941 1377 1062 1430 τότε
1092 1377 1186 1430 καὶ
1223 1376 1467 1446 Ἱλάριος,
1508 1376 1703 1448 μηκέτι
1739 1376 1836 1447 μὲν

260 1472 507 1543 διοχλεῖν,
536 1469 827 1543 ἀναφέρειν
856 1469 911 1522 δὲ
942 1469 1033 1522 ἐπὶ
1056 1470 1154 1540 τὴν
1184 1467 1280 1539 σὴν
1305 1467 1629 1522 θεοσέϐειαν.
1668 1468 1835 1521 Τοῦτο

258 1559 393 1617 οἶδεν
432 1564 466 1634 ἡ
508 1562 660 1627 τάξις
702 1560 795 1614 τοῦ
834 1561 1047 1625 δουκὸς,
1083 1560 1177 1614 καὶ
1221 1562 1254 1630 ἡ
1287 1559 1438 1626 τάξις
1473 1559 1564 1613 τοῦ
1593 1559 1831 1631 ἐπάρχου

256 1658 351 1727 τῆς
378 1655 674 1724 Αἰγύπτου.
713 1654 823 1707 Καὶ
863 1656 891 1707 6
931 1652 1197 1724 πρύτανις
1227 1653 1283 1705 δὲ
1323 1651 1423 1721 τῆς
1464 1652 1667 1715 πόλεως
1720 1652 1831 1723 ἔχει

257 1750 353 1812 τὰς
383 1748 589 1818 φωνάς,
619 1749 714 1802 καὶ
749 1747 973 1800 δύνασαι
1008 1745 1222 1817 μαθεῖν,
1261 1746 1342 1798 ὅτι
1378 1743 1499 1797 οὔτε
1532 1743 1663 1813 ἐγὼ,
1707 1742 1829 1798 οὔτε

256 1859 336 1904 τις
358 1841 547 1912 ἕτερος
573 1839 869 1908 ἀντιλέγων
904 1835 973 1910 ἦν
998 1840 1064 1909 τῇ
1191 1835 1502 1909 προστάξει.

317 2106 404 2160 25.
429 2105 639 2168 Πάντες
664 2104 721 2158 δέ
748 2103 933 2174 ἠξίουν
955 2102 1256 2175 γράμματα
1288 2100 1565 2172 δειχθῆναι
1601 2101 1699 2173 τῆς
1725 2101 1823 2171 σῆς

250 2197 547 2261 εὐσεϐείας.
564 2196 671 2250 Καὶ
688 2196 849 2267 φάσις
874 2196 971 2265 μὲν
989 2196 1097 2266 γάρ
1116 2195 1247 2265 μόνη
1270 2192 1421 2264 παρὰ
1446 2191 1707 2263 βασιλέως
1721 2192 1821 2263 τὴν

248 2288 414 2358 αὐτὴν
447 2287 561 2357 ἔχει
597 2286 826 2356 δύναμιν
863 2287 975 2348 τοῖς
1010 2283 1393 2357 γραφομένοις,
1427 2283 1554 2336 ὃταν
1590 2281 1822 2354 μάλιστα

247 2378 445 2450 ταύτην
498 2382 527 2432 6
574 2378 814 2449 κομίζων
861 2376 1037 2448 θαρρῇ
1096 2376 1187 2428 καὶ
1233 2376 1418 2445 γραφῇ
1460 2371 1814 2443 προσταχθέν

247 2470 431 2540 ἐπειδὴ
456 2471 513 2523 δὲ
539 2469 661 2522 οὔτε
685 2467 932 2539 φανερῶς
952 2467 1135 2536 ἔλεγον
1167 2464 1277 2537 (91)
1306 2463 1441 2519 εῖναι
1468 2466 1814 2535 πρόσταγμα,

243 2562 384 2624 οὔτε,
410 2563 548 2630 ὅπερ
570 2560 775 2631 ἠξίουν,
806 2560 1097 2631 ἐγγράφως
1130 2557 1468 2619 ἐπέστελλον,
1493 2555 1607 2610 ἀλλ’
1625 2555 1699 2617 ὡς
1724 2554 1816 2623 ἀφ’

242 2650 448 2706 ἑαυτῶν
482 2649 662 2703 πάντα
683 2648 1009 2720 πράττοντες
1037 2643 1176 2717 ἦσαν
1196 2663 1208 2675 ο
1236 2643 1502 2715 ὁμολογῶ,
1542 2643 1635 2696 καὶ
1658 2641 1816 2695 τοῦτο

241 2743 377 2810 λέγω
415 2740 556 2813 μετά
579 2739 909 2811 παρρησίας,
932 2738 1170 2801 ὕποπτος
1194 2736 1459 2806 ἐγενόμην
1496 2734 1576 2798 είς
1597 2732 1809 2796 αὐτούς.

241 2834 431 2886 Πολλοὶ
469 2834 580 2904 γὰρ
612 2828 750 2902 ἦσαν
792 2832 841 2884 οί
878 2830 1005 2901 περ)¹
1039 2829 1232 2891 αὐτοὺς
1277 2825 1564 2898 Ἀρειανοὶ,
1603 2823 1813 2887 τούτοις

238 2942 293 2978 τε
328 2924 638 2995 συνήσθιον,
666 2923 759 2975 καὶ
790 2922 926 2992 μετά
947 2920 1151 2973 τούτων
1181 2918 1527 2972 ἐϐουλεύοντο
1546 2934 1559 2948 ·
1596 2917 1689 2969 καὶ
1718 2916 1811 2968 ού-

236 3017 319 3070 δὲν
370 3018 471 3087 μὲν
527 3014 664 3086 μετά
706 3013 1014 3085 παρρησίας
1046 3012 1332 3087 ἔπραττον,
1366 3011 1585 3081 ἐνέδρας
1624 3010 1681 3063 δέ
1719 3010 1812 3062 καὶ

235 3102 416 3167 δόλους
452 3104 753 3174 ἐπιχειρεῖν
794 3102 1062 3172 ἐμελέτων
1098 3102 1216 3155 κατ’
1240 3100 1392 3171 ἐμοῦ.
1434 3101 1542 3152 Καὶ
1571 3099 1678 3170 (92)
1717 3099 1809 3152 οὑ-

234 3198 321 3250 δέν
364 3199 464 3268 μὲν
495 3197 572 3260 ὡς
609 3195 870 3266 βασιλέως
911 3192 1310 3264 προστάξαντος
1361 3192 1596 3256 ἐποίουν,
1644 3190 1718 3253 ὡς
1753 3190 1809 3244 δὲ

236 3291 361 3360 παρ’
388 3287 601 3359 ἐχθρῶν
628 3284 776 3350 άξιού
786 3301 956 3355 μενοι,
987 3283 1214 3354 ἥλεγχον
1238 3283 1485 3347 ἑαυτούς.
1510 3283 1681 3336 Τοῦτο
1700 3285 1807 3353 γάρ

240 3399 301 3452 με
336 3381 432 3434 καὶ
468 3379 668 3450 μᾶλλον
695 3379 946 3431 ἀπαιτεῖν
978 3377 1086 3448 (95)
1127 3378 1427 3447 γράμματα
1476 3377 1606 3447 παρ’
1630 3374 1807 3429 αὐτῶν

235 3472 575 3543 ἠνάγκαζεν,
614 3471 796 3542 ἐπειδὴ
832 3471 926 3524 καὶ
957 3469 1175 3522 ὕποπτα
1206 3464 1273 3539 ἦν
1319 3469 1461 3541 ἅπερ
1494 3468 1809 3539 ἐπεχείρουν

236 3567 323 3618 κα)⁸
351 3565 710 3618 ἐσκέπτοντο·
745 3563 839 3615 καὶ
868 3563 948 3614 ὅτι
974 3560 1220 3631 ἀπρεπὲς
1255 3555 1344 3631 ἦν,
1378 3560 1513 3631 μετά
1543 3558 1808 3613 τοσούτων

232 3658 576 3729 γραμμάτων
617 3655 729 3727 (94)
773 3653 1081 3707 εἰσελθόντα
1132 3667 1222 3722 με,
1264 3652 1432 3722 χωρὶς
1464 3651 1807 3723 γραμμάτων

232 3748 584 3821 ἀναχωρῆσαι
612 3747 710 3817 τῆς
755 3744 1098 3815 Ἐκκλησίας.
1130 3742 1392 3813 Συριανοῦ
1432 3742 1608 3797 τοίνυν
1638 3746 1809 3811 ἐπαγ-

232 3839 577 3911 γειλαμένου,
603 3838 895 3908 συνήγοντο
916 3837 1114 3901 πάντες
1140 3838 1197 3890 ἐν
1217 3838 1335 3899 ταῖς
1359 3835 1468 3907 (95)
1494 3835 1808 3906 ἐκκλησίαις

238 3933 369 4004 μετά
422 3931 601 4001 χαρᾶς
634 3930 728 3981 καὶ
760 3928 1113 3999 ἀμεριμνίας.
1178 3927 1336 3981 Ἀλλά
1375 3927 1513 3999 μετά
1550 3933 1598 3981 κ’
1632 3928 1725 3981 καὶ
1758 3932 1806 3996 γ’

233 4026 441 4096 ἡμέρας
467 4024 568 4092 τῆς
598 4020 925 4089 ἐπαγγελίας
957 4022 1247 4091 ἐπέρχεται
1291 4020 1429 4089 μετά
1464 4018 1806 4090 στρατιωτῶν

232 4120 295 4189 τῇ
331 4116 618 4186 ἐκκλησίᾳ,
648 4114 739 4166 καὶ
761 4114 920 4183 ἡμεῖς
945 4113 1042 4183 μὲν
1070 4112 1348 4183 ηὐχόμεθα
1391 4112 1634 4181 συνήθως
1662 4127 1677 4142 ο
1717 4110 1807 4163 οὔ·

230 4227 305 4263 τω
334 4210 441 4279 γὰρ
466 4208 772 4278 ἑωράκασιν
800 4206 849 4258 οἱ
875 4203 1204 4266 εἰσελθόντες
1233 4202 1363 4272 (96),
1396 4201 1581 4272 ἐπειδὴ
1607 4220 1807 4256 παννυο

232 4304 314 4373 χὶς
350 4299 418 4373 ἦν
472 4299 738 4371 ἐσομένης
771 4297 1061 4360 συνάξεως.
1116 4295 1352 4347 Τοιαῦτα
1398 4294 1453 4347 δέ
1499 4294 1691 4362 γέγονε
1738 4295 1804 4363 τῇ

232 4392 385 4446 νυκτὶ
421 4390 628 4459 ἐκείνῃ,
662 4383 749 4440 οἷα
779 4387 964 4458 ἤθελον
995 4385 1089 4439 καὶ
1118 4383 1532 4454 ἐπηγγέλλοντο,
1556 4385 1684 4455 πρὶν
1711 4403 1805 4454 γε-

229 4480 435 4547 νέσθαι,
481 4480 531 4532 οἱ
576 4477 870 4549 Ἀρειανοίο
904 4477 1099 4538 αὐτοὺς
1150 4476 1257 4546 γάρ
1305 4474 1441 4544 ἔχων
1464 4475 1579 4545 μεθ’
1612 4476 1803 4530 ἐαυτοῦ

1944 638 2121 707 populi
2150 653 2277 693 cum
2310 637 2665 710 presbyteris,
2695 646 2749 693 et
2776 653 2895 692 cum
2920 638 3027 692 illis
3065 638 3300 692 maxima
3325 638 3514 693 civita-

1944 730 2011 785 tis
2028 746 2172 801 pars,
2205 745 2272 785 ne
2298 730 2424 801 quid
2448 730 2675 801 amplius
2708 731 2906 796 dicam,
2931 729 3219 800 Syrianum
3249 730 3512 786 adeuntes

1943 822 2287 890 postulabant
2320 840 2334 877 :
2366 822 2582 893 illicque
2610 830 2725 877 tum
2770 822 2959 877 aderat
2982 821 3196 893 Egypti
3222 822 3510 891 praefectus

1942 912 2229 969 Maximus.
2266 914 2378 970 Hoc
2401 924 2580 969 autem
2610 915 2854 984 impense
2879 915 3158 983 rogabant,
3184 925 3243 969 ut
3269 915 3349 971 vel
3372 917 3508 972 scri-

1941 1006 2198 1061 berentur
2231 1007 2678 1075 mitterenturque
2700 1007 2767 1062 ad
2796 1021 2880 1061 me
2905 1006 3118 1070 litterae,
3149 1007 3232 1061 vel
3258 1023 3362 1063 non
3390 1023 3509 1062 am-

1939 1098 2080 1167 plius
2114 1098 2189 1152 illi
2232 1097 2501 1153 Ecclesias
2527 1098 2941 1165 conturbarent,
2988 1098 3157 1153 donec
3196 1100 3295 1169 ipsi
3327 1098 3504 1168 populi

1940 1188 2043 1244 hac
2082 1191 2151 1245 de
2198 1204 2262 1245 re
2292 1189 2496 1260 legatos
2523 1190 2590 1244 ad
2624 1198 2677 1244 te
2712 1189 3006 1245 misissent.
3048 1190 3181 1245 Cum
3225 1189 3389 1259 igitur
3416 1206 3509 1244 ve-

1939 1282 2224 1337 hementer
2278 1281 2569 1347 instarent,
2614 1291 2960 1351 perspectum
2998 1281 3204 1336 habens
3242 1280 3506 1353 Syrianus

1936 1385 2094 1440 quam
2125 1385 2281 1440 aequa
2310 1380 2452 1425 esset
2487 1371 2803 1441 postulatio,
2830 1379 2974 1425 tuam
3030 1370 3258 1425 salutem
3318 1384 3506 1426 conte-

1934 1468 2109 1514 status
2136 1458 2408 1529 pollicitus
2433 1470 2537 1526 est,
2569 1470 2836 1530 praesente
2869 1462 2996 1515 tunc
3027 1459 3253 1526 Hilario,
3281 1477 3339 1516 se
3364 1462 3502 1516 nihil

1938 1550 2171 1620 amplius
2204 1551 2675 1618 conturbaturum,
2713 1551 2805 1605 sed
2853 1565 2967 1605 rem
3004 1551 3069 1605 ad
3115 1562 3259 1606 tuam
3289 1552 3502 1622 religio-

1934 1658 2058 1696 nem
2087 1641 2413 1698 delaturum.
2444 1641 2557 1698 Hoc
2592 1642 2721 1697 item
2774 1644 2941 1711 probe
2988 1651 3189 1697 norunt
3216 1643 3381 1715 246
3405 1659 3496 1697 co-

1932 1734 2060 1789 hors
2093 1733 2278 1799 ducis,
2318 1734 2517 1789 cohors
2555 1734 2681 1789 item
2731 1735 2969 1804 praelecti
3008 1734 3251 1805 lEgypti.
3306 1735 3498 1790 Praefe-

1931 1834 2050 1880 ctus
2080 1834 2261 1879 autem
2292 1823 2453 1879 Urbis
2481 1825 2582 1879 hoc
2618 1836 3027 1880 monumentum
3061 1828 3197 1897 apud
3227 1841 3287 1883 se
3324 1842 3490 1881 reser-

1859 1895 1902 1952 Β
1938 1926 2050 1985 vat,
2106 1918 2248 1972 unde
2280 1916 2614 1986 exploratum
2653 1917 2851 1971 habeas
2901 1933 2999 1972 nec
3027 1933 3146 1984 me,
3194 1934 3294 1974 nec
3329 1920 3492 1974 alium

1939 2009 2244 2078 quempiam
2271 2007 2437 2078 jussis
2466 2009 2739 2063 obstitisse
2767 2010 2890 2063 tuis.

1937 2121 1950 2153 ι
2010 2099 2101 2154 25.
2133 2098 2415 2169 Rogabant
2467 2099 2632 2169 igitur
2661 2112 2848 2153 omnes
2879 2108 2935 2153 ut
2967 2099 3335 2168 proferrentur
3387 2109 3492 2156 tua:

1928 2190 2143 2259 pietatis
2174 2188 2388 2245 litterae.
2414 2189 2625 2243 Etenim
2652 2189 2777 2243 licet
2798 2189 2912 2244 sola
2947 2188 3288 2257 imperatoris
3306 2190 3488 2259 verba,

1924 2282 2115 2337 eadem
2143 2297 2249 2350 qua
2297 2283 2501 2351 scripta
2537 2281 2655 2352 ejus
2699 2282 2807 2337 sint
2836 2282 3181 2347 auctoritate,
3238 2283 3327 2337 ubi
3369 2300 3488 2337 ma.-

1925 2375 2070 2429 xime
2093 2374 2184 2444 qui
2214 2374 2301 2429 illa
2333 2374 2509 2429 defert
2536 2388 2655 2428 rem
2682 2374 2889 2443 jussam
2917 2374 3119 2443 scripto
3145 2375 3359 2429 tradere
3393 2390 3490 2429 au-

1922 2470 2048 2533 det;
2076 2474 2132 2520 at
2152 2480 2275 2520 cum
2307 2464 2383 2519 illi
2408 2480 2585 2536 neque
2619 2474 2803 2534 aperte
2848 2466 3091 2521 dicerent
3113 2465 3326 2535 jussum
3356 2466 3485 2521 illud

1922 2557 2111 2624 fuisse,
2162 2572 2357 2626 neque,
2400 2566 2461 2612 ut
2514 2558 2808 2628 rogabant,
2841 2556 3145 2627 iussionem
3179 2557 3486 2613 describere

1919 2649 2142 2715 vellent,
2168 2649 2263 2705 sed
2288 2649 2467 2703 omnia
2508 2658 2736 2719 agerent
2789 2651 2945 2719 quasi
2978 2666 3077 2708 suo
3100 2651 3357 2716 nomine;
3409 2652 3487 2705 fa-

1918 2746 2058 2805 teor,
2096 2749 2150 2793 et
2199 2740 2300 2794 hoc
2345 2755 2465 2795 cum
2493 2740 2689 2795 ﬁducia
2734 2741 2874 2806 dico,
2910 2756 2997 2798 me
3026 2741 3147 2798 illos
3198 2752 3480 2812 suspectos

1918 2830 2193 2886 habuisse.
2214 2830 2365 2886 Multi
2389 2832 2586 2902 quippe
2611 2833 2740 2903 ipsis
2768 2834 2997 2888 aderant
3022 2835 3206 2888 Ariani
3231 2835 3483 2899 comites,

1917 2924 2241 2992 quibuscum
2293 2939 2400 2978 una
2430 2922 2793 2993 epulabantur
2846 2934 2901 2978 et
2954 2925 3180 2980 consilia
3222 2925 3479 2979 inibant:

1918 3013 2160 3083 nihilque
2206 3014 2384 3082 palam
2438 3023 2493 3069 et
2529 3029 2651 3069 cum
2692 3014 2888 3070 ﬁducia
2932 3018 3206 3086 agebant;
3263 3021 3356 3070 sed
3386 3018 3481 3070 ad-

1916 3120 2131 3161 versum
2162 3120 2250 3161 me
2283 3106 2505 3161 insidias
2548 3106 3001 3162 machinabantur
3031 3116 3086 3163 et
3135 3108 3302 3164 dolos.
3337 3109 3481 3163 Nihil

1914 3208 2143 3270 egerunt
2171 3199 2327 3267 quasi
2363 3214 2430 3253 ex
2460 3199 2802 3268 imperatoris
2827 3198 3028 3269 placito
3058 3220 3071 3256 :
3105 3202 3200 3257 sed
3231 3210 3290 3255 ut
3309 3215 3374 3256 ex
3396 3216 3480 3256 eo-

1912 3306 2029 3345 rum
2060 3289 2225 3361 gestis
2248 3288 2660 3358 deprehendere
2691 3288 2868 3356 licuit,
2904 3304 2968 3345 ea
3012 3290 3184 3345 solum
3216 3306 3338 3360 qua:
3378 3293 3474 3345 ad-

1910 3380 2134 3436 versarii
2187 3380 2356 3435 nostri
2412 3380 2769 3449 postularent,
2834 3395 2953 3449 quae
3004 3381 3136 3434 mihi
3196 3381 3472 3450 potissima

1910 3488 2077 3527 causa
2130 3471 2231 3527 fuit
2288 3472 2500 3527 litteras
2535 3474 2602 3527 ab
2656 3473 2761 3527 illis
2813 3472 3160 3542 postulandi;
3221 3484 3473 3543 suspecta

1909 3564 2106 3634 quippe
2143 3565 2272 3618 mihi
2298 3573 2452 3619 erant
2480 3579 2666 3620 eorum
2718 3565 2992 3618 molimina
3025 3573 3188 3634 atque
3221 3566 3468 3620 consilia.

1908 3654 2092 3723 Neque
2120 3655 2347 3708 decebat
2377 3670 2463 3709 me
2489 3654 2724 3723 quicum
2754 3662 2850 3708 'tot
2900 3654 3098 3708 litteris
3146 3656 3201 3709 in
3243 3656 3469 3724 patriam

1909 3746 2212 3811 rediissem,
2252 3745 2455 3816 absque
2483 3745 2675 3801 litteris
2698 3748 2764 3800 ab
2787 3745 3025 3801 Ecclesia
3046 3745 3342 3801 discedere.
3369 3746 3470 3817 Sy-

1910 3840 2063 3893 riano
2087 3838 2267 3907 itaque
2294 3838 2450 3894 iidem
2483 3839 2664 3903 dante,
2699 3839 2876 3910 populi
2905 3854 3097 3893 omnes
3131 3854 3253 3893 cum
3273 3840 3469 3910 gaudio

1908 3930 1960 3983 in
1986 3929 2226 3984 ecclesiis
2258 3940 2561 3985 conventus
2592 3929 2848 4000 agebant,
2871 3930 3018 3984 omni
3046 3930 3294 3999 deposito
3324 3939 3472 3984 metu

1907 4036 1970 4075 ac
1995 4021 2321 4091 suspicione.
2367 4021 2474 4077 Sed
2507 4032 2629 4092 post
2656 4022 2771 4078 dies
2803 4034 2913 4078 tres
2941 4032 2995 4078 et
3028 4022 3216 4093 viginti
3265 4037 3297 4076 a
3345 4021 3470 4076 data

1908 4114 2010 4169 ﬁde
2041 4130 2162 4169 cum
2188 4114 2449 4170 militibus
2475 4115 2562 4171 ille
2593 4116 2645 4170 in
2688 4115 2972 4171 ecclesiam
3010 4115 3283 4185 irrumpit,
3315 4115 3471 4171 nobis

1907 4208 1972 4260 de
1999 4222 2148 4261 more
2198 4208 2500 4273 orantibus,
2535 4209 2675 4277 quod
2714 4210 2876 4262 etiam
2914 4210 3161 4263 viderunt
3202 4209 3240 4262 ii
3291 4209 3382 4278 qui
3415 4208 3467 4261 in

1904 4298 2184 4353 ecclesiam
2222 4299 2448 4369 ingressi
2494 4310 2641 4364 sunt,
2669 4301 2945 4368 sequentis
2971 4300 3170 4369 quippe
3198 4314 3466 4370 synaxeos

1906 4396 2035 4444 tunc
2058 4391 2394 4460 pervigilium
2427 4391 2826 4447 celebrabatur.
2856 4390 2949 4445 Illa
2979 4401 3159 4445 autem
3195 4400 3350 4445 nocte
3400 4407 3462 4445 ea

1904 4492 2053 4551 gesta
2077 4489 2198 4536 sunt
2234 4497 2353 4551 quae
2380 4484 2599 4537 Arianis
2652 4483 2923 4551 placuere,
2958 4497 3186 4551 quaeque
3217 4482 3289 4536 illi
3321 4493 3467 4535 ante-

229 4569 388 4645 ἦλθεν
424 4575 453 4625 ὁ
489 4569 862 4641 στρατηλάτης
881 4586 893 4597 ⁸
925 4568 1017 4621 καὶ
1053 4568 1206 4621 αὐτοὶ
1235 4562 1373 4637 ἦσαν
1394 4567 1441 4619 οἱ
1464 4566 1678 4639 ἐξαρχοι
1706 4567 1802 4621 καὶ

1918 4589 2065 4644 luam
2100 4573 2380 4629 evenirent
2407 4575 2588 4629 futura
2623 4574 3072 4644 praznuntiarant,
3098 4575 3166 4629 iis
3186 4575 3330 4627 enim
3363 4574 3462 4627 sti-

231 4661 523 4733 σύμϐουλοι
559 4661 658 4730 τῆς
685 4659 937 4730 τοιαύτης
967 4658 1176 4728 ἐφόδου.
1233 4658 1341 4711 Καὶ
1365 4657 1522 4711 τοῦτο
1546 4659 1644 4711 οὐκ
1676 4658 1802 4713 ἄπι-

230 4771 372 4819 στον,
410 4752 791 4822 θεοφιλέστατε
832 4750 1104 4818 Αὕγουστε
1126 4767 1140 4783 ο
1174 4750 1233 4803 ού
1260 4750 1364 4823 γὰρ
1404 4750 1612 4815 ἔλαθον,
1665 4751 1800 4806 ἀλλά

230 4844 505 4916 πανταχοῦ
528 4843 884 4913 κεκήρυκται.
923 4840 1061 4909 Ἐγὼ
1089 4840 1266 4895 τοίνυν
1296 4840 1515 4913 θεωρῶν
1571 4841 1668 4913 τὴν
1706 4844 1799 4912 ἐφ-

227 4938 363 5001 οδον,
395 4936 784 5008 παρακαλέσας
806 4936 1066 5005 πρότερον
1083 4934 1429 5006 ἀναχωρῆσαι
1463 4935 1588 4998 τοὺς
1616 4934 1795 5000 λαοὺς,

227 5032 345 5083 τότε
383 5027 541 5097 κάγὼ
585 5029 699 5098 μετ’
731 5009 925 5091 αὐτοὺς
948 5067 963 5091 ,
996 5026 1088 5081 τοῦ
1128 5026 1264 5080 Θεοῦ
1300 5028 1661 5092 καλύπτοντος
1704 5031 1797 5083 καὶ

225 5116 545 5188 ὁδηγοῦντος
582 5117 697 5186 (καὶ
724 5116 882 5169 τοῦτο
906 5116 1012 5187 γάρ
1033 5118 1079 5169 οἱ
1101 5117 1219 5169 τότε
1246 5134 1333 5187 μοι
1356 5119 1601 5181 συνόντες
1627 5120 1797 5189 ἐωρά-

228 5215 433 5276 κασιν),
457 5207 800 5277 ἀνεχώρησα⁶
837 5210 931 5260 καὶ
965 5208 1074 5276 (97)
1105 5208 1163 5273 ἐξ
1191 5207 1396 5260 ἐκείνου
1420 5211 1540 5261 κατ’
1561 5211 1797 5278 ἐμαυτὸν

228 5299 437 5369 ἔμεινα,
477 5297 617 5368 ἔχων
649 5300 957 5369 παρρησίαν
995 5299 1089 5351 καὶ
1117 5300 1409 5367 ἀπολογίαν
1452 5303 1797 5372 προηγουμέ-

296 5473 802 5549 (91)“Ιιε-ῐὶεε.ηθι
847 5474 1012 5532 Basil.
1060 5475 1203 5533 Editi
1258 5490 1404 5543 vero,
1437 5477 1623 5549 ἐπειδὴ
1675 5478 1800 5533 οὔτε

230 5545 477 5615 φανερῶς
500 5544 675 5615 πάντα
698 5545 900 5614 ἔλεγον.

301 5615 411 5686 (92)
437 5614 544 5667 Καί
578 5616 727 5670 deest
764 5616 818 5670 in
864 5616 997 5685 Reg.
1030 5614 1138 5672 Sed
1185 5617 1321 5672 bene
1376 5617 1608 5685 positum
1646 5619 1795 5675 vide-

232 5695 335 5740 tur.

298 5756 408 5827 (93)
444 5754 578 5827 Reg.
610 5756 1020 5827 postdmamiv
1073 5756 1235 5812 habet
1261 5756 1454 5811 ἐποίει.
1490 5757 1546 5812 1η
1600 5758 1788 5814 eodem

230 5841 347 5878 mm
385 5824 694 5895 ἦνάγκαζεν
733 5826 899 5880 deest.

302 5894 417 5966 (9t)
474 5896 605 5965 Reg.
655 5909 810 5966 quem
860 5894 1134 5967 sequimur
1192 5896 1566 5967 γραμμάτων,
1615 5895 1791 5954 deleto

1906 4675 2061 4737 palus
2087 4666 2317 4722 accessit
2348 4669 2457 4722 dux
2494 4667 2766 4723 exercitus
2795 4684 2809 4721 :
2854 4676 3115 4736 erantque
3168 4666 3243 4720 illi
3275 4666 3467 4737 praefe-

1906 4756 1976 4811 cti
2003 4766 2058 4811 et
2080 4766 2333 4813 auctores
2356 4758 2499 4812 illius
2530 4758 2845 4814 invasionis.
2876 4758 3026 4825 Quod
3064 4772 3195 4815 sane
3232 4759 3463 4814 incredi-

1903 4847 2010 4902 bile
2062 4864 2166 4902 non
2215 4856 2317 4913 est,
2377 4849 2783 4917 religiosissime
2844 4851 3124 4921 Auguste,
3176 4866 3300 4905 cum
3362 4851 3463 4920 ipsi

1903 4940 2126 4994 minime
2148 4939 2429 5004 latuerint,
2460 4942 2553 4995 sed
2584 4941 2821 5010 undique
2870 4941 3083 5011 vulgata
3112 4956 3199 4996 res
3230 4942 3319 4997 sit.
3351 4942 3463 5012 Ego

1903 5031 2083 5101 itaque
2110 5040 2388 5099 perspecta
2412 5031 2673 5101 ejusmodi
2706 5034 3004 5097 invasione,
3037 5034 3370 5103 populosque
3405 5043 3462 5087 ut

1902 5123 2243 5178 discederent
2268 5125 2416 5192 prius
2456 5126 2745 5189 hortatus;
2796 5137 2916 5196 post
2942 5126 3061 5183 illos
3090 5127 3302 5181 demum
3351 5125 3461 5179 Deo

1902 5215 2211 5269 occultante
2235 5231 2303 5271 ac
2333 5217 2584 5282 ducente,
2610 5227 2668 5272 ut
2706 5219 2773 5274 ab
2802 5220 3055 5275 omnibus
3107 5219 3196 5288 qui
3248 5232 3456 5272 mecum

1902 5306 2126 5361 aderant
2151 5319 2499 5378 conspectum
2531 5319 2635 5378 est,
2665 5311 2864 5367 isthinc
2893 5326 2980 5365 me
3007 5309 3270 5379 proripui,
3303 5309 3457 5363 exin-

1900 5485 2179 5561 τυγ.Ει]ῑιί
2207 5503 2354 5561 vero,
2382 5490 2840 5561 συγγραμμάτων.
2856 5486 3001 5561 llist.
3036 5501 3264 5556 sequens
3294 5500 3452 5543 enar-

1896 5566 2072 5629 ratur“
2090 5558 2214 5629 item
2247 5559 2299 5612 in
2339 5558 2608 5629 Apologia
2624 5558 2889 5629 sequenti.

1967 5624 2081 5695 (95)
2125 5628 2210 5680 Ἐν
2232 5633 2351 5692 ταῖς
2384 5624 2530 5682 deest
2552 5629 2605 5680 in
2632 5624 2763 5693 Reg.

1964 5694 2077 5765 (96)
2112 5699 2309 5764 Regius
2348 5700 2516 5751 codex
2556 5707 2611 5751 et
2651 5696 2813 5750 editio
2839 5694 3071 5764 Comm.,
3100 5694 3455 5760 εἰσελθόντεςέ

1895 5763 1950 5818 ln
1977 5763 2114 5819 edit.
2150 5763 2433 5820 l’arisiensi
2458 5768 2508 5818 ot
2540 5768 2709 5820 deest.

1970 5834 2082 5905 (97)
2112 5835 2202 5891 Sic
2222 5835 2390 5905 Beg.;
2419 5837 2510 5891 καί
2540 5837 2688 5893 deest
2710 5836 2763 5892 in
2787 5836 2966 5894 editis.
