3954 6538
474 413 575 470 627

1034 412 1093 469 S.
1135 410 1514 469 ATHANASII
1552 410 1703 468 OPP.
1743 409 1925 467 PARS
1960 409 2009 465 Ι.
2046 440 2115 451 -
2152 409 2527 469 HISTOBICA
2564 410 2652 466 E'P-
2691 406 3111 465 DOGMATICA.

3626 405 3727 463 628

475 536 647 604 deque
676 531 921 589 occultus
950 531 1146 599 mansi,
1192 528 1470 598 ﬁduciam,
1522 532 1739 602 meique
1780 531 2041 603 purgandi
2070 584 2071 587 η

2176 551 2248 596 ως
2270 533 2383 604 (98)
2414 532 2515 604 μὲν
2550 532 2687 604 πρὸς
2725 532 2815 585 τὸν
2840 530 2993 597 Θεὸν,
3029 530 3217 582 ἔπειτα
3244 528 3301 582 δὲ
3333 528 3432 583 καί
3456 526 3598 599 πρὸς
3632 528 3729 601 τὴν

476 625 650 679 locum
710 623 937 691 habens,
993 623 1167 693 primo
1217 624 1357 694 apud
1400 623 1611 688 Deum,
1654 621 1849 677 deinde
1902 622 2043 691 apud

475 727 627 772 tuam
649 715 901 786 pietatem
933 732 953 770 :
979 730 1103 771 cum
1132 730 1240 771 non
1266 725 1324 771 ut
1356 716 1580 787 populos
1609 714 1921 770 desererem
1946 728 2044 768 au-

2146 625 2247 696 σὴν
2263 624 2566 689 εὐσέϐειαν,
2590 624 2674 677 ὅτι
2702 624 2803 677 οὐκ
2823 623 3026 693 ἔφυγον
3052 620 3385 690 καταλείψας
3405 621 3536 684 τοὺς
3547 620 3727 687 λαοὺς,

2144 715 2284 772 ἀλλὰ
2317 716 2570 787 μάρτυρα
2598 716 2695 785 τῆς
2720 714 2953 779 διώξεως
2983 712 3091 785 ἔχω
3117 712 3214 785 τὴν
3246 712 3436 781 ἔφοδον
3456 713 3553 765 τοῦ
3578 729 3733 784 στρα-

475 808 705 879 fugerim
736 826 752 863 :
804 809 900 866 sed
932 816 1130 864 testem
1163 807 1566 879 persecutionis
1610 808 1839 862 habeam
1873 808 2045 877 ipsam

2181 810 2381 882 ηλάτου
2399 827 2413 839 ·
2439 809 2467 862 ὃ
2497 808 2726 880 μάλιστα
2748 809 2841 861 καὶ
2867 808 3066 869 πάντες
3087 806 3428 877 ἐθαύμασαν.
3458 806 3609 859 Ἔδει
3626 807 3730 879 γὰρ

477 900 637 956 ducis
662 901 1018 970 irruptionem
1047 916 1062 955 :
1099 900 1245 970 quod.
1265 914 1456 954 omnes
1484 898 1835 954 vehementer
1864 896 2047 953 mirati

2176 904 2187 974 δ
2223 903 2300 975 μὴ
2326 901 2777 971 ἐπαγγείλασθαι,
2799 900 2854 973 ἢ,
2885 897 3383 969 ἐπαγγειλάμενον,
3414 897 3495 968 μὴ
3534 897 3732 967 ψεύσα-

478 1002 629 1048 sunt.
652 994 903 1065 Oportuit
925 994 1124 1065 quippe
1154 992 1305 1048 illum
1348 1002 1440 1049 aut
1479 993 1640 1049 fidem
1668 1009 1776 1050 non
1808 993 2044 1059 dedisse,

480 1089 576 1138 adt
598 1084 780 1139 datam
802 1099 908 1139 non
939 1083 1145 1139 fallere.

553 1175 652 1233 26.
671 1174 939 1243 Quorsum
992 1175 1159 1246 igitur
1205 1174 1311 1230 hoc
1358 1190 1546 1230 eorum
1592 1176 1916 1232 consilium?
1945 1176 2053 1231 Aut

482 1266 614 1336 quid
667 1279 846 1321 causa:
882 1273 968 1319 est
1011 1265 1153 1335 quod
1200 1264 1337 1319 dolis
1386 1265 1707 1335 insidiisque
1740 1281 1838 1321 nos
1870 1265 2052 1320 adorti

484 1362 634 1418 sunt,
682 1353 878 1423 quibus
912 1362 966 1408 et
1003 1352 1226 1423 jubendi
1264 1362 1318 1408 et
1360 1353 1659 1423 jussionem
1710 1355 1916 1425 scripto
1952 1364 2057 1410 traa

485 1445 643 1501 dendi
683 1444 916 1501 facultas
954 1445 1140 1500 esset?
1166 1445 1515 1515 imperatoris
1541 1446 1685 1501 enim
1735 1447 1907 1516 jussio
1942 1462 2056 1500 ma-

458 1555 646 1613 .gnam
680 1542 883 1612 praebet
913 1538 1315 1595 conﬁdentiam.
1345 1538 1452 1593 Sed
1483 1540 1627 1609 quod
1661 1540 1761 1609 ipsi
1789 1540 1924 1594 clam
1944 1555 2055 1595 rem

485 1648 652 1703 agere
706 1642 987 1703 optarent,
1044 1631 1177 1686 illud
1208 1646 1342 1687 sane
1382 1631 1747 1700 suspicionem
1802 1631 2055 1702 augebat,

488 1727 636 1796 ipsos
686 1741 716 1779 a
766 1735 820 1780 te
856 1725 1063 1779 nullum
1103 1724 1381 1793 accepisse
1433 1722 1768 1778 mandatum.
1799 1723 1938 1790 Quid
1963 1726 2060 1781 ah-

490 1819 643 1875 surdi
697 1818 1064 1887 postulabam,
1116 1818 1230 1871 veri
1285 1815 1682 1871 studiosissime
1724 1815 2061 1885 imperator?

2155 996 2299 1053 σθαι.

2229 1180 2322 1237 26.
2356 1180 2421 1233 Τί
2453 1179 2631 1234 τοίνυν
2662 1178 2833 1244 οῦτως
2876 1178 3241 1244 ἐϐουλεύοντο,
3383 1163 3557 1230 διᾶίτί
3603 1176 3736 1246 μετὰ

2163 1274 2316 1328 δόλου
2348 1270 2649 1343 ἐνεδρεύειν
2673 1271 3007 1342 ἐπεχείρουν,
3054 1271 3177 1338 ἐξὸν
3202 1270 3295 1324 καὶ
3326 1267 3586 1322 κελεῦσαι
3609 1267 3733 1338 (99),

2163 1365 2258 1419 καὶ
2289 1365 2534 1436 γράψαι;
2561 1363 2833 1427 Βασιλέως
2872 1362 2979 1436 γὰρ
3015 1360 3313 1434 πρόσταξις
3348 1359 3598 1431 μεγάλην
3630 1359 3736 1428 ἔχει

2162 1456 2493 1529 παρρησίαν.
2537 1455 2694 1509 Ἀλλά
2719 1454 2779 1508 τὸ
2803 1454 3085 1524 βούλεσθαι
3106 1453 3287 1507 λαθεῖν
3313 1452 3645 1523 λευκοτέραν
3665 1451 3736 1521 (1)

2162 1548 2334 1601 ἐποίει
2366 1548 2467 1619 τὴν
2501 1545 2736 1615 ὑποψίαν
2763 1544 2854 1599 τοῦ
2891 1546 2964 1617 μὴ
2993 1546 3136 1616 ἔχειν
3155 1545 3352 1607 αὐτοὺς
3385 1544 3735 1621 πρόσταγμα.

2164 1641 2228 1693 Τί
2256 1640 2312 1692 δὲ
2340 1639 2537 1693 ἄτοπον
2575 1636 2836 1708 ἀπῄτουν,
2866 1636 3081 1707 βασιλεῦ
3109 1636 3437 1707 φιλάληθες;
3493 1634 3619 1698 Πῶς
3644 1635 3740 1686 οὐκ

2162 1731 2386 1799 εὔλογον
2423 1730 2704 1801 ἐπισκόπῳ
2730 1730 2831 1803 τὴν
2855 1728 3111 1801 τοιαύτην
3134 1729 3355 1793 ἀξίωσιν
3375 1728 3442 1781 ἄν
3471 1744 3558 1790 τις
3580 1727 3739 1793 sirm;

2164 1818 2331 1885 οἶδας,
2362 1820 2627 1889 ἀναγνοὺς
2644 1820 2743 1883 τάς
2778 1820 3025 1891 Γραφάς,
3048 1818 3238 1889 ἡλίκον
3274 1818 3393 1871 ἐστὶ
3434 1818 3501 1888 δὴ
3550 1816 3743 1886 ἔγκλη-

492 1911 625 1979 Quis
670 1926 776 1965 non
822 1911 1056 1964 fateatur
1102 1910 1239 1965 hanc
1274 1910 1593 1979 petitionem
1648 1910 1903 1981 episcopo
1942 1924 2064 1965 esse

2178 1930 2254 1984 μα
2323 1912 2753 1983 καταλιμπάνειν
2798 1910 3090 1965 ἐπίσκοπον
3145 1910 3242 1980 τὴν
3285 1908 3610 1979 ἐκκλησίαν,
3655 1910 3743 1961 καὶ

493 2002 955 2058 consentaneami
980 2016 1104 2056 cum
1135 2001 1447 2071 Scripturas
1481 2000 1699 2071 legeris,
1727 2002 1867 2057 nosti
1895 2017 2066 2072 quan-

494 2102 606 2148 tum
638 2093 711 2148 sit
747 2092 876 2147 illud
912 2092 1177 2161 criminis,
1205 2094 1520 2163 episcopum
1575 2094 1862 2150 ecclesiam
1912 2108 2066 2149 suam

497 2187 768 2251 deserere,
798 2185 1002 2257 Deique
1031 2186 1192 2241 ovilia
1220 2202 1324 2241 non
1356 2202 1551 2243 curare
1576 2204 1592 2243 :
1618 2196 1893 2258 pastorum
1920 2188 2066 2242 enim

492 2274 736 2330 absentia
774 2277 952 2345 gregis
982 2276 1265 2330 invadendi
1297 2277 1812 2347 occasionemjupis
1839 2279 2064 2347 praebet.

495 2366 612 2423 Hoc
643 2377 825 2421 autem
854 2367 1166 2435 quaerebant
1192 2368 1407 2434 Ariani,
1454 2378 1509 2424 et
1544 2370 1633 2424 alii
1679 2384 1868 2424 omnes
1896 2371 2069 2425 haere-

504 2461 618 2527 tici,
654 2468 713 2514 ut
743 2460 1061 2515 absentibus
1094 2459 1251 2513 nobis
1275 2458 1453 2513 locum
1503 2459 2071 2528 opportunitatemque

498 2553 668 2618 nacti,
692 2551 945 2622 populum
978 2550 1045 2605 ad
1072 2551 1405 2619 impietatem
1434 2550 1786 2605 deducerent.
1834 2550 1893 2607 Si
1941 2566 2071 2622 ergo

499 2645 783 2713 fugissem,
816 2643 1031 2714 qualem
1059 2643 1199 2710 apud
1225 2656 1385 2696 veros
1409 2643 1723 2710 episcopos;
1754 2642 1863 2697 imo
1884 2643 2064 2711 potius

502 2738 646 2806 apud
679 2752 801 2792 eum
837 2737 927 2806 qui
966 2736 1095 2790 mihi
1143 2734 1303 2806 247
1341 2750 1557 2806 gregem
1589 2735 1897 2790 crediderat
1925 2744 2071 2791 attu-

500 2828 682 2886 lissem
727 2827 1173 2884 excusationem?
1221 2827 1315 2882 Est
1367 2837 1546 2881 autem
1580 2827 1689 2891 ille,
1738 2828 1831 2896 qui
1865 2827 2074 2896 judicat

501 2935 713 2976 omnem
746 2930 967 2986 terram,
991 2934 1152 2974 verus
1179 2919 1558 2975 universorum
1590 2917 1705 2974 Rex
1730 2929 1785 2974 et
1817 2921 2074 2975 Dominus

504 3021 689 3069 noster
718 3010 877 3067 Jes'us
916 3010 1189 3078 Christus,
1212 3010 1403 3080 [Filius
1459 3010 1580 3065 Dei.
1631 3012 1825 3066 Annon
1874 3014 2072 3069 merito

507 3105 637 3160 mihi
664 3088 991 3174 populorum.
1012 3104 1221 3158 incuria
1251 3103 1564 3172 imputanda
1604 3102 1840 3159 fuisset?
1885 3104 2075 3160 Nonne

2171 2004 2394 2075 ἀμελεῖν
2436 2004 2544 2057 τῶν
2568 2003 2661 2057 τοῦ
2693 2002 2826 2057 Θεοῦ
2862 2002 3148 2073 ποιμνίων.
3179 2001 3464 2072 Ποιμένων
3510 2000 3619 2070 γὰρ
3643 2001 3742 2054 ἀπο

2172 2096 2335 2150 ουσία
2367 2096 2635 2167 πρόφασιν
2656 2095 2841 2165 ἐφόδου
2868 2097 2979 2158 τοῖς
3012 2094 3195 2157 λύκοις
3226 2092 3457 2163 παρέχει
3488 2092 3743 2161 κατὰττῆς

2169 2188 2393 2257 ἀγέλης.
2430 2187 2601 2241 Τοῦτο
2633 2187 2690 2240 δὲ
2726 2186 2952 2256 ἐζήτουν
2978 2188 3025 2239 οἱ
3072 2185 3358 2255 Ἀρειανοὶ,
3393 2184 3491 2239 καὶ
3524 2185 3577 2237 oi
3602 2183 3742 2238 ἄλλοι

2172 2279 2371 2342 πάντες
2396 2279 2680 2349 αἱρετικοὶ,
2708 2279 2793 2330 ἵνα
2816 2279 2883 2348 τῇ
2910 2275 3067 2348 ἡμῶν
3101 2276 3340 2346 ἀπουσίᾳ
3369 2275 3557 2346 χώραν
3589 2274 3746 2345 εῦρω-

2173 2388 2257 2425 σιν
2289 2372 2502 2441 ἀπατᾷν
2533 2370 2660 2433 τοὺς
2685 2368 2845 2431 λαοὺς
2879 2369 2958 2431 είς
2978 2366 3253 2420 ἀσέϐειαν.
3289 2368 3351 2419 E1
3384 2367 3570 2419 τοίνυν
3606 2366 3743 2435 ἥμην

2172 2461 2377 2531 φυγὼν,
2410 2461 2567 2514 ποίαν
2613 2459 2904 2527 ἀπολογίαν
2949 2452 3095 2527 εἶχον
3150 2456 3301 2528 παρά
3333 2460 3447 2520 τοῖς
3480 2456 3742 2527 ἀληθινοῖς

2175 2554 2512 2618 ἐπισκόποις,
2542 2552 2737 2623 μᾶλλον
2752 2551 2807 2604 δὲ
2824 2552 2975 2622 παρά
2997 2550 3076 2621 τῷ
3101 2550 3491 2605 πεπιστευκότι
3511 2548 3611 2618 τὴν
3631 2547 3748 2615 ἀγέ-

2174 2648 2272 2720 λην
2299 2664 2314 2713 ;
2346 2647 2581 2700 Ἐστιδέ
2608 2640 2760 2708 οὗτος
2778 2647 2806 2698 ό
2827 2645 3027 2717 κρίνων
3056 2645 3237 2697 πᾶσαν
3266 2641 3366 2714 τὴν
3402 2643 3532 2712 γῆν,
3561 2643 3590 2693 ό
3619 2640 3743 2710 ἁλη-

2174 2740 2318 2802 θινὺς
2369 2737 2744 2809 παμϐασιλεύς
2794 2738 2887 2790 καὶ
2932 2736 3134 2807 Κύριος
3162 2734 3322 2806 ἡμῶν
3367 2732 3579 2805 Ἰησοῦς
3615 2733 3742 2802 Χρι-

2176 2832 2321 2895 στὸς,
2346 2834 2375 2886 ό
2398 2830 2525 2895 Υἱὸς
2553 2828 2646 2883 τοῦ
2686 2828 2839 2883 Θεοῦ.
2873 2828 2997 2893 Πῶς
3024 2830 3124 2882 οὐκ
3164 2827 3231 2881 ἄν
3254 2844 3340 2889 τις
3371 2826 3613 2893 εὐλόγως
3653 2823 3744 2894 τὴν

2175 2924 2432 2994 ἀμέλειαν
2469 2922 2576 2976 τῶν
2607 2921 2751 2974 λαῶν
2783 2922 2863 2984 είς
2893 2919 2994 2991 ἐμὲ
3024 2920 3357 2989 μετήνεγκε;
3392 2916 3521 2979 Πῶς
3560 2916 3616 2968 δὲ
3651 2916 3745 2968 οὐκ

2176 3016 2243 3071 ἂν
2268 3014 2550 3085 ἐπέμψατο
2571 3015 2664 3067 καὶ
2691 3016 2725 3084 ἡ
2754 3013 2821 3084 σὴ
2846 3012 3096 3065 εὐσέϐεια
3132 3010 3354 3073 δικαίως
3380 3008 3635 3076 λέγουσα,
3655 3007 3745 3058 Διά

2175 3108 2248 3171 τί,
2302 3107 2439 3178 μετά
2487 3106 2828 3179 γραμμάτων
2871 3103 3148 3168 εἰσελθὼν,
3196 3102 3365 3175 χωρὶς
3407 3100 3743 3171 γραμμάτων

505 3211 594 3252 me
639 3206 730 3251 tua
780 3196 897 3266 ipsa
951 3195 1124 3265 pietas
1169 3195 1292 3264 jure
1338 3193 1680 3266 objurgasset
1723 3195 1807 3249 his
1846 3195 2071 3262 verbis,

2179 3200 2501 3269 ἀναχωρεϊς,
2542 3198 2636 3251 καὶ
2671 3194 2994 3265 κατέλειψας
3024 3194 3149 3257 τοὺς
3178 3192 3372 3257 λαούς;
3407 3190 3533 3254 Πῶς
3561 3189 3619 3242 δὲ
3656 3189 3745 3241 καὶ

506 3289 686 3354 Quare
722 3303 845 3344 cum
886 3287 1081 3342 litteris
1116 3302 1367 3343 reversus
1411 3288 1819 3358 ingressusque,
1868 3289 2071 3357 absque

2179 3290 2339 3353 αὐτὸς
2380 3292 2408 3343 ὁ
2438 3289 2566 3352 λαὸς
2598 3288 2820 3352 εἰκότως
2860 3289 2919 3341 ἐν
2942 3286 3124 3357 ἡμέρᾳ
3154 3284 3391 3355 κρίσεως
3419 3283 3519 3351 τὴν
3550 3280 3745 3333 ἑαυτῶν

505 3378 701 3435 litteris
754 3378 1092 3442 abscessisti,
1134 3392 1199 3433 ac
1252 3377 1483 3447 populos
1516 3378 1857 3433 deseruisti?
1888 3377 2078 3434 Nonne

506 3472 627 3541 ipse
649 3471 905 3543 populus,
934 3471 1078 3525 haud
1113 3469 1335 3538 injuria,
1362 3470 1416 3524 in
1453 3469 1540 3525 die
1566 3470 1778 3540 iudicii,
1813 3471 1896 3525 sui
1923 3472 2078 3527 incu-

510 3566 648 3621 riam
690 3564 746 3620 in
779 3580 869 3620 me
906 3562 1248 3632 conjecisset,
1296 3563 1518 3628 dicens,
1579 3560 1629 3616 ls
1663 3562 1754 3632 qui
1798 3565 1938 3633 apud
1982 3578 2080 3619 nos

513 3656 750 3727 episcopi
792 3668 1018 3710 munere
1062 3653 1385 3727 fungebatur
1420 3651 1651 3723 aufugit,
1701 3667 1907 3721 nosque
1944 3652 2083 3707 inte—

514 3726 618 3805 rim
666 3749 935 3819 neglectui
986 3726 1270 3813 habemur,
1318 3745 1497 3801 nullus
1523 3760 1648 3801 cum
1695 3747 1765 3800 sit
1794 3746 1888 3815 qui
1930 3755 2079 3801 recta

515 3850 733 3896 moneat
755 3841 778 3893 ?
801 3839 965 3906 Quid,
990 3853 1195 3907 quaeso,
1226 3838 1351 3889 talia
1406 3835 1753 3905 loquentibus
1786 3837 2079 3905 responde—

517 3931 681 3989 rem?
716 3931 840 3986 ﬂare
891 3931 982 3986 illa
1007 3938 1113 3996 gest
1162 3927 1460 3982 Ezechielis
1529 3927 1890 3995 expostulatio
1950 3943 2075 3982 cum

516 4024 714 4093 priscis
763 4023 870 4076 iliis
917 4020 1228 4090 pastoribus
1267 4021 1336 4074 θ’.
1385 4018 1442 4073 ld
1499 4033 1621 4073 cum
1667 4020 1835 4087 probe
1899 4028 2084 4076 nosset

517 4115 709 4169 beatus
764 4110 1049 4183 apostolus
1069 4110 1311 4175 Paulus,
1362 4108 1653 4178 unicuique
1711 4119 1953 4163 nostrum
1988 4124 2084 4178 per

519 4203 845 4275 discipulum
875 4217 1030 4258 suum
1086 4200 1192 4256 hoc
1223 4200 1383 4255 tradit
1412 4209 1735 4271 przeceptum
1765 4217 1779 4253 :
1835 4200 1962 4254 Noli
1990 4217 2083 4255 ne-

518 4297 711 4369 gligere
739 4298 961 4366 gratiam
990 4310 1109 4365 quae
1143 4302 1221 4347 est
1247 4295 1302 4346 in
1336 4302 1404 4358 te,
1433 4308 1550 4362 qua:
1580 4293 1705 4346 data
1731 4303 1803 4346 est
1831 4293 1943 4356 tibi,
1968 4310 2084 4347 cum

521 4389 848 4459 impositione
900 4402 1156 4440 manuum
1197 4385 1508 4455 presbyterii
1562 4385 1629 4439 ⁸³.
1680 4386 1914 4455 ldipsum
1960 4400 2084 4440 cum

523 4481 961 4545 reformidarem,
1006 4471 1196 4548 fugere
1247 4479 1519 4543 nolebam,
1557 4478 1649 4532 sed
1695 4487 1841 4531 tuam
1902 4492 2086 4548 exspe-

2179 3383 2437 3453 ἀμέλειαν
2476 3381 2701 3453 ἔρριψαν
2745 3381 2825 3444 είς
2856 3379 2974 3450 ἐμὲ,
3003 3378 3252 3446 λέγοντες
3273 3416 3288 3440 ,
3329 3374 3388 3427 '0
3421 3372 3746 3426 ἐπισκεπτόι

2184 3492 2342 3545 μενος
2400 3476 2546 3545 ἡμᾶς
2581 3473 2769 3543 ἔφυγε,
2810 3472 2904 3526 καὶ
2934 3470 3308 3543 ἠμελήθημεν,
3348 3468 3451 3521 οὐκ
3482 3468 3632 3530 ὄντος
3659 3465 3745 3519 τοῦ

2182 3566 2720 3636 ὐπομιμνήσκοντος;
2753 3564 2816 3617 Ei
2846 3562 3016 3617 ταῦτα
3044 3561 3248 3630 ἔλεγον,
3283 3562 3335 3614 τί
3364 3560 3430 3613 ἂν
3456 3559 3745 3629 ἀπεκρινάο

2185 3674 2290 3728 μην
2312 3674 2325 3723 ;
2348 3658 2612 3728 Τοιαύτην
2629 3657 2703 3729 (2)
2724 3657 2830 3728 γὰρ
2854 3650 2997 3759 μέμφ
3010 3672 3055 3708 ιν
3079 3656 3233 3725 ἔσχον
3264 3654 3352 3707 διὰ
3379 3651 3475 3705 τοῦ
3507 3650 3744 3722 Ἰεζεχιὴλ

2182 3750 2276 3804 καὶ
2297 3749 2345 3801 οἱ
2368 3748 2620 3819 ποιμένες
2646 3748 2752 3803 τῶν
2784 3742 3049 3803 παλαιῶν.
3082 3746 3253 3801 Τοῦτο
3287 3744 3573 3814 γινώσκων
3608 3742 3693 3796 καὶ
3714 3742 3743 3793 ό

2187 3836 2457 3908 μακάριος
2479 3836 2769 3899 ἀπόστολος
2795 3836 3003 3899 Παῦλος
3026 3836 3240 3905 ἑκάστῳ
3255 3836 3287 3905 ἡ
3296 3834 3412 3906 μῶν
3435 3833 3524 3887 διὰ
3544 3832 3634 3885 τοῦ
3657 3847 3745 3902 μα·

2185 3928 2349 4001 θητοῦ
2372 3928 2724 4001 παρήγγειλε,
2754 3928 2955 3997 λέγων’
3002 3928 3098 3997 Μὴ
3154 3927 3361 3998 ἀμέλει
3409 3927 3518 3981 τοῦ
3556 3926 3624 3979 ἐν
3649 3927 3742 3978 σαὶ

2189 4020 2573 4090 χαρίσματος,
2634 4018 2666 4073 ὃ
2718 4020 2895 4089 ἐδόθη
2937 4032 3057 4081 σοι,
3097 4018 3248 4088 μετὰ
3287 4017 3611 4083 ἐπιθέσεως
3633 4012 3743 4068 τῶν

2185 4111 2397 4182 χειρῶν
2417 4110 2525 4166 τοῦ
2553 4111 2996 4180 πρεσϐυτερίου.
3025 4108 3196 4163 Τοῦτο
3229 4107 3385 4177 κάγὼ
3426 4106 3743 4177 φοϐούμενος

2187 4206 2286 4258 οὐκ
2316 4203 2504 4275 ἤθελον
2535 4206 2748 4274 φυγεῖν,
2778 4201 2911 4255 ἀλλά
2951 4199 3247 4273 πρόσταξιν
3284 4200 3449 4269 ἔχειν,
3486 4201 3634 4269 εἴπερ
3675 4192 3744 4265 ἦν

2187 4294 2430 4364 βούλημα
2458 4295 2554 4365 τῆς
2588 4292 2689 4363 σῆς
2715 4292 3011 4356 εὐσεϐείας.
3060 4290 3199 4344 Ἀλλ’
3234 4289 3357 4343 οὔτε
3398 4288 3583 4342 ἔλαϐον
3616 4289 3742 4356 ὅπερ

2186 4386 2421 4455 εὐλόγως
2446 4386 2708 4457 ἀπῄτουν,
2748 4385 2883 4439 ἀλλά
2908 4384 3001 4439 καὶ
3034 4383 3128 4439 νῦν
3160 4384 3336 4454 μάτην
3375 4381 3742 4455 κατηγορήθην

2186 4479 2336 4549 παρὰ
2362 4481 2441 4531 σοί
2462 4496 2475 4509 ’
2502 4478 2624 4532 οὐτε
2667 4479 2777 4551 γὰρ
2805 4478 3063 4548 ἀντέστην
3096 4477 3478 4547 προστάγματι
3520 4474 3614 4543 τῆς
3647 4471 3741 4539 σῆς

519 4573 732 4627 ctabam
768 4571 1110 4640 jussionem;
1156 4566 1201 4622 si
1251 4576 1429 4623 tamen
1473 4567 1601 4622 illud
1642 4566 1833 4621 fuisset
1874 4566 2071 4636 pietati:

2191 4568 2500 4633 εὐσεϐείας,
2556 4568 2680 4621 οὔτε
2742 4568 2837 4623 νῦν
2886 4569 2964 4630 είς
3027 4565 3431 4637 Ἀλεξάνδρειαν
3498 4562 3743 4617 εἰσελθεῖν

522 4673 626 4718 tuae
672 4664 949 4733 placitum.
994 4661 1064 4715 At
1111 4675 1451 4731 nequaquam
1503 4660 1555 4714 id
1594 4659 1735 4728 quod
1776 4658 1973 4727 justea
2001 4675 2087 4715 me

523 4756 852 4824 postulatum
881 4763 985 4818 est,
1018 4753 1200 4822 accepi
1235 4771 1246 4806 :
1275 4753 1498 4821 jamque
1540 4749 1679 4820 apud
1721 4758 1773 4804 te
1805 4750 1941 4805 falso
1967 4766 2086 4805 sum

519 4846 753 4912 delatus,
787 4860 909 4899 nam
940 4846 1159 4914 pietatis
1207 4855 1309 4899 tua!
1353 4842 1605 4898 mandato
1658 4841 1881 4896 minimc
1934 4857 2088 4911 repu-

523 4937 723 5005 gnavi:
752 4951 926 5004 neque
955 4936 1341 4991 Alexandriam
1394 4933 1601 5001 ingredi
1629 4935 1866 4989 conabor
1916 4934 2085 4990 donec

2196 4660 2457 4734 πειράσω,
2488 4660 2593 4725 ἕως
2624 4663 2657 4732 ἡ
2689 4661 2754 4732 σὴ
2780 4659 3154 4732 φιλανθρωπία
3181 4658 3340 4711 τοῦτο
3367 4657 3612 4728 βούληται
3643 4653 3738 4723 (5).

2193 4751 2302 4804 Καὶ
2330 4752 2486 4805 τοῦτο
2516 4752 2574 4804 δὲ
2606 4750 2890 4824 προλαϐὼν
2910 4749 3126 4821 εἴρηκα,
3161 4749 3249 4803 ἵνα
3278 4747 3413 4819 μηδὲ
3450 4746 3571 4816 περὶ
3596 4740 3746 4796 τοῦτο

2194 4844 2356 4897 πάλιν
2408 4847 2456 4897 οἱ
2508 4845 2835 4915 συκοφάνται
2884 4842 3155 4915 πρόφασιν
3216 4838 3419 4913 εὕρωσι
3479 4836 3744 4891 κατειπεῖν

2191 4938 2223 5005 ἡ
2234 4936 2365 5006 μῶν.

526 5028 851 5082 humanitati
884 5038 987 5084 tuae
1014 5029 1066 5085 id
1092 5029 1381 5100 placuerit.
1415 5026 1528 5085 Hoc
1566 5038 1775 5084 mature
1801 5027 2086 5098 denuntio,
2128 5046 2195 5087 ne
2237 5033 2361 5089 hinc
2399 5049 2611 5091 rursum
2656 5034 3003 5107 schphanta‘.
3035 5029 3377 5088 occasionem
3413 5029 3615 5097 captent
3638 5032 3743 5076 n05

525 5118 897 5178 insimulandi.

596 5336 642 5369 "
662 5335 862 5393 Ezech.
888 5352 1077 5407 xxxiv,
1098 5337 1153 5392 2.
1229 5338 1276 5370 ”
1303 5337 1322 5392 Ι
1351 5339 1490 5396 Tim.
1520 5354 1594 5407 ιν,
1618 5341 1704 5396 14.

602 5565 712 5639 (98)
740 5566 903 5636 Editi,
928 5570 1021 5622 καὶ
1043 5566 1485 5640 προηγουμένως.
1512 5564 1567 5619 In
1585 5564 1717 5635 Reg.
1749 5565 1837 5618 καί
1866 5562 2071 5617 deletun

2202 5577 2324 5617 cum
2384 5563 2618 5620 deletum
2671 5560 2835 5616 fuerit
2880 5561 2935 5615 in
2988 5558 3121 5629 Reg.
3169 5568 3223 5615 et
3271 5558 3580 5633 superﬂuum
3631 5553 3749 5624 ait,

534 5648 640 5691 eSt.

605 5705 715 5773 (99)
738 5706 877 5760 Edit.
904 5707 1225 5764 Parisiensis
1245 5717 1299 5761 et
1315 5706 1530 5767 Colon.,
1549 5704 1821 5767 mendose,
1851 5702 1943 5756 καὶ
1975 5699 2096 5754 λεῦ-

536 5792 653 5827 σαν.
686 5777 786 5829 Alii
815 5794 1001 5833 omnes
1032 5779 1123 5830 καὶ
1160 5777 1430 5829 κελεῦσαι.

606 5844 682 5913 (1)
714 5846 822 5898 Καί
855 5858 980 5905 ante
1035 5847 1358 5916 λευκοτέραν
1407 5845 1599 5915 legitur
1649 5844 1703 5900 in
1759 5841 1935 5901 editis.
1988 5840 2091 5899 Sed

2198 5647 2261 5689 ex
2270 5644 2518 5717 punctum
2539 5640 2641 5686 88L
2710 5702 2721 5717 ι

2272 5704 2347 5773 (2)
2378 5703 2531 5773 ch.,
2562 5703 2849 5773 τοσαύτην.

2273 5774 2347 5843 (5)
2385 5776 2473 5831 Sic
2505 5773 2663 5843 Reg,
2684 5774 2820 5828 Editi
2858 5789 2979 5830 vero
3007 5771 3267 5843 βούλεται.
