3980 6558
507 451 610 511 651

1071 448 1129 505 S.
1169 444 1538 503 ATHANASH
1571 443 1723 501 OPP.
1762 439 1945 498 PARS
1984 440 2024 495 Ι.
2068 470 2137 479 -—
2173 436 2546 494 HISTORICA
2576 434 2662 489 ET
2699 430 3123 488 DOGMATICA.

3737 278 3773 311 4

3640 424 3745 480 632

494 579 788 641 postquam
836 568 949 625 veri
993 575 1047 624 et
1088 569 1353 638 grandzevi
1395 567 1651 637 episcopi,
1683 566 1773 620 alii
1814 566 1867 620 in
1909 568 2053 621 exsi-

2165 560 2262 631 γὰρ
2285 557 2550 631 ἀληθινῶν
2579 556 2675 610 καὶ
2714 552 2988 609 πολυετῶν
3027 549 3337 605 ἐπισκόπων
3375 546 3488 641 τῶν
3519 546 3621 641 μὲν
3662 545 3746 641 εξ.

504 658 635 714 lium
669 658 827 729 pulsi,
860 659 950 714 alii
980 658 1034 713 in
1065 659 1247 729 fugam
1276 658 1414 713 versi
1445 667 1646 723 essent,
1673 656 1872 711 ethnici
1908 658 2064 713 dein-

506 764 655 821 ceps,
688 748 1080 814 catechumeni,
1122 759 1177 805 et.
1215 749 1305 817 qui
1346 748 1550 820 primas
1588 747 1640 801 in
1689 756 1878 801 senatu
1911 748 2067 805 sedes

504 850 856 911 occuparent,
912 856 977 897 ac
1026 842 1117 912 qui
1161 841 1472 897 divitiarum
1531 838 1676 893 fama
1713 839 1954 896 celebres
1981 857 2067 897 es-

502 943 647 998 sent,
673 933 1108 989 Christianorum
1134 934 1273 998 vice,
1292 932 1552 1001 jubentur
1583 930 1725 999 piam
1754 933 1821 987 ab
1849 931 2067 987 Arianis

505 1026 663 1078 Iidem
695 1026 962 1084 ediscere.
1009 1025 1119 1082 Nec
1160 1025 1321 1093 ultra,
1370 1026 1517 1092 iuxta
1567 1024 1808 1093 Apostoli
1860 1038 2066 1093 praece-

505 1118 742 1185 ptum",
807 1119 1170 1188 quaerebatur,
1228 1132 1358 1172 num
1422 1117 1545 1188 quis
1594 1114 2065 1185 irreprehensibilis

501 1216 667 1262 esset.
726 1207 853 1274 Sed,
920 1222 1069 1264 more
1139 1208 1444 1277 impiissimi
1502 1205 1813 1263 Jeroboami
1869 1206 1940 1269 ’⁸,
1974 1205 2064 1275 qui

505 1296 622 1365 plus
658 1296 775 1351 auri
809 1296 1073 1367 penderet
1103 1296 1149 1351 is
1176 1296 1559 1351 nominabatur
1584 1295 1888 1365 episcopus.
1919 1292 2067 1347 Nihil

502 1387 768 1442 curabant
814 1387 986 1457 impii,
1032 1387 1079 1442 si
1130 1386 1216 1442 vel
1268 1388 1517 1442 ethnicus
1550 1386 1639 1441 ille
1671 1393 1835 1450 esset,
1871 1398 2063 1439 aurum

500 1477 663 1532 modo
709 1478 883 1535 daret.
923 1477 1070 1533 Pulsi
1120 1478 1304 1545 itaque
1366 1486 1493 1532 sunt
1556 1477 1647 1546 qui
1701 1473 1936 1546 episcopi
1995 1473 2064 1529 ab

499 1565 812 1622 Alexandro
855 1567 1093 1622 ordinati
1141 1566 1384 1631 fuerant,
1434 1566 1682 1621 monachi
1733 1575 1789 1619 et
1844 1574 2061 1620 ascetaz.

500 1656 583 1717 ΙΙΙὶ
614 1666 817 1723 autem,
844 1658 1025 1713 callidi
1052 1672 1181 1713 sane
1207 1657 1602 1714 calumniarum
1643 1656 1907 1722 artifices,
1937 1671 2065 1727 apo-

502 1747 746 1800 stolicam
787 1748 1225 1803 constitutionem
1268 1759 1527 1816 quantum
1574 1746 1729 1802 licuit
1770 1747 2062 1812 violarunt,

500 1833 869 1905 ecclesiasque
914 1836 1377 1891 contaminavere.
1431 1836 1595 1906 quue
1653 1837 1766 1892 suis
1834 1836 2063 1893 effecere

2167 649 2515 720 ορισθέντων,
2558 644 2667 699 τῶν
2708 643 2768 696 δέ
2806 638 3265 711 φυγαδευθέντων,
3292 635 3502 690 ἐθνικοὶ
3540 632 3744 697 λοιπὸν,

2168 738 2592 809 κατηχούμενοι,
2629 736 2724 789 καὶ
2749 735 2798 788 οἱ
2830 732 2899 787 τὰ
2930 730 3124 802 πρῶτα
3152 729 3251 800 τῆς
3284 726 3480 797 βουλῆς
3511 724 3744 795 ἔχοντες,

2166 833 2260 885 καὶ
2296 834 2345 885 oi
2379 832 2435 885 ἐν
2465 828 2677 899 πλούτῳ
2716 827 2987 899 διαϐόητοι
3017 823 3138 879 ἀντὶ
3170 820 3518 894 Χριστιανῶν
3549 817 3744 887 εὐσεϐῆ

2166 921 2348 974 πίστιν
2392 918 2854 991 παραγγέλλονται
2886 914 3037 988 παρὰ
3072 912 3179 967 τῶν
3218 908 3516 983 Ἀρειανῶν
3558 908 3746 978 ὁμιλή-

2166 1031 2319 1067 σωσι.
2345 1013 2457 1066 Καὶ
2481 1012 2664 1065 οὐκέτι
2698 1011 2816 1082 μὲν,
2842 1008 2918 1073 ὼς
2943 1004 3305 1079 παρήγγειλεν
3337 1004 3367 1056 ὁ
3401 1000 3742 1064 ’Δπόπολος,

2165 1105 2218 1157 εἴ
2260 1104 2344 1168 τίς
2387 1105 2533 1157 ἐστιν
2563 1103 3001 1169 ἀνεπίληπτος,
3035 1097 3277 1168 ἐζητεῖτο
3321 1093 3465 1167 (10)⁶
3509 1092 3587 1156 ὡς
3620 1092 3677 1144 δὲ
3718 1093 3747 1145 ὁ

2165 1195 2526 1260 ἀσεϐέστατος
2585 1191 2865 1266 Ἰεροϐοάμ
2903 1190 3233 1261 πεποίηκεν,
3272 1189 3301 1241 ό
3341 1185 3530 1239 πλεῖον
3573 1183 3745 1246 διδοὺς

2166 1287 2388 1359 χρυσίον
2433 1284 2721 1357 ὠνομάσθη
2755 1282 3075 1346 ἐπίσκοπος.
3110 1280 3224 1334 Καὶ
3268 1277 3332 1332 ού
3369 1277 3625 1348 διέφερεν
3655 1275 3747 1329 αύ-

2163 1381 2295 1444 τοῖς,
2322 1381 2371 1432 εί
2402 1379 2504 1432 κᾶν
2534 1377 2744 1440 ἐθνικὸς
2776 1375 3057 1445 ἐτύγχανε,
3090 1374 3249 1445 μόνον
3270 1372 3321 1425 εί
3356 1370 3588 1445 χρυσίον
3610 1385 3745 1439 παρ-

2164 1474 2298 1543 εῖχε.
2336 1470 2444 1525 Καὶ
2481 1470 2530 1523 οἱ
2582 1468 2693 1539 (ll)
2729 1468 2826 1538 μὲν
2870 1466 2978 1521 ἀπὺ
3028 1464 3379 1534 Ἀλεξάνδρου
3427 1462 3740 1524 ἐπίσκοποι,

2168 1564 2488 1636 μονάζοντες
2532 1561 2625 1615 καὶ
2663 1559 2919 1630 ἀσκηταὶ,
2967 1556 3373 1631 ἐξωρίσθησαν’
3407 1555 3457 1607 οἱ
3490 1552 3550 1607 δὲ
3592 1552 3743 1621 σοφοὶ

2164 1656 2291 1727 περὶ
2323 1654 2422 1718 τὰς
2467 1651 2720 1715 διαϐολάς
2765 1650 3103 1720 διέφθειραν,
3148 1649 3211 1701 τὸ
3253 1648 3376 1700 ὅσον
3416 1646 3505 1699 ἐπ’
3539 1644 3740 1708 αὐτοῖς,

2160 1749 2260 1819 τὴν
2315 1745 2692 1815 ζάποστολικὴν
2756 1742 3029 1808 διάταξιν,
3103 1740 3200 1795 καί¹
3266 1737 3369 1802 τὰς
3446 1735 3744 1813 ἐκκλησίας

2163 1841 2411 1911 ἐμίαναν.
2454 1838 2682 1908 Μεγάλα
2711 1854 2776 1906 γε
2809 1836 3107 1907 ἐκέρδησαν
3150 1832 3332 1886 αὐτῶν
3377 1830 3443 1883 αἱ·
3472 1844 3740 1897 συκοφαν-

505 1925 813 1991 calumniis,
863 1935 921 1980 ut
973 1925 1053 1981 vel
1092 1927 1219 1995 ipsis
1263 1929 1368 1981 tuis
1411 1927 1745 1997 temporibus
1775 1927 1918 1997 leges
1946 1927 2063 1983 vio-

2165 1930 2296 1996 τίαι,
2329 1931 2416 1984 ἵνα
2446 1930 2539 2001 ἐξῇ
2581 1930 2761 1992 αὐτοῖς
2794 1928 3149 1999 παρανομεῖν,
3176 1925 3272 1979 καὶ
3303 1922 3530 1977 τοιαῦτα
3571 1921 3742 1993 πράτ-

500 2014 634 2077 lare,
672 2026 834 2087 atque
881 2015 1143 2085 ejusmodi
1190 2016 1435 2073 facinora
1495 2019 1783 2075 admittere
1834 2019 2066 2075 facultas

497 2114 675 2162 esset:
703 2115 758 2161 ut
788 2122 881 2162 eos
918 2121 1165 2179 spectare
1197 2108 1446 2164 videatur
1477 2110 1604 2164 illud
1639 2110 1935 2181 Scriptum
1981 2111 2065 2165 di-

499 2206 689 2253 ctum:
729 2198 822 2253 Va:
861 2216 954 2268 per
998 2217 1127 2272 quos
1176 2216 1361 2255 nomen
1392 2218 1563 2256 meum
1593 2201 1984 2272 blasphematur
2008 2204 2065 2259 in

497 2290 731 2358 gentibus
765 2291 833 2344 ⁸⁷.

575 2377 661 2432 29.
700 2379 888 2448 Itaque
944 2380 996 2435 hi
1044 2396 1164 2437 cum
1213 2396 1462 2437 rumores
1515 2390 1719 2448 essent,
1752 2397 1815 2437 ac
1844 2397 1938 2438 sus
1964 2382 2061 2438 de-

500 2480 607 2535 que
644 2468 823 2523 omnia
879 2470 1109 2535 abirent,
1166 2485 1235 2523 ne
1282 2470 1363 2524 sic
1409 2468 1629 2537 quidem
1678 2485 1851 2523 meam
1894 2470 2063 2524 minui

502 2556 858 2625 alacritatem,
891 2558 984 2613 sed
1027 2559 1314 2628 pergebam
1345 2558 1410 2612 ad
1460 2569 1602 2612 luant
1634 2558 1887 2627 pietatem
1914 2578 1928 2614 :
1971 2574 2066 2613 eo-

500 2663 604 2717 que
632 2649 940 2719 diligentius
988 2665 1095 2717 quo
1143 2651 1474 2705 confiderem
1515 2667 1575 2705 ea
1612 2663 1809 2721 praeter
1852 2650 2064 2720 pietatis

503 2748 607 2794 tua:
648 2742 970 2795 sententiam
1017 2743 1367 2812 perpetrari:
1419 2752 1582 2811 atque
1629 2741 1717 2797 ubi
1768 2759 1855 2797 res
1900 2752 2064 2813 gesta:

499 2831 823 2886 humanitati
854 2842 956 2886 tuze
983 2843 1276 2903 compertae
1304 2833 1499 2899 forent,
1533 2842 1582 2887 te
1613 2849 1680 2888 ne
1706 2835 1759 2889 in
1790 2844 2063 2904 posterum

500 2936 562 2976 ea
587 2923 780 2977 fierent
810 2936 1160 2979 curaturum:
1199 2936 1347 2981 ratus
1373 2940 1713 2997 nequaquam
1748 2928 1799 2982 id
1829 2927 2061 2999 religiosi

498 3029 617 3068 esse
660 3016 1023 3085 imperatoris,
1070 3026 1129 3071 ut
1166 3018 1452 3088 episcopos
1503 3020 1778 3084 exsulare,
1828 3020 2064 3089 virgines

500 3107 713 3171 nudari,
757 3116 847 3161 aut
896 3108 1002 3162 ullo
1037 3110 1195 3163 modo
1242 3109 1502 3165 ecclesias
1546 3110 1751 3164 turbari
1804 3110 2060 3180 patiatur.

497 3199 602 3254 Sed
650 3202 765 3256 haac
792 3203 947 3257 nobis
986 3203 1169 3258 animo
1206 3203 1573 3268 versantibus,
1598 3214 1760 3271 atque
1800 3203 1902 3258 iter
1929 3218 2063 3273 per-

493 3305 653 3361 agere
694 3292 1078 3349 fesninantibus
1102 3331 1117 3356 ,
1164 3306 1291 3349 ecce
1328 3294 1492 3349 tertio
1538 3294 1757 3364 quidam
1794 3295 2063 3350 increbuit

496 3372 700 3447 rumor,
751 3384 963 3439 litteras
1003 3385 1316 3439 Auxumeos
1365 3387 1616 3454 tyrannis
1645 3401 1769 3442 esse
1794 3385 1971 3450 datas,
2008 3394 2066 3440 ut

496 3487 748 3531 curarent
779 3476 1149 3535 Frumentium
1202 3480 1515 3536 Auxumeos
1552 3481 1866 3550 episcopum
1910 3480 2061 3537 illinc

498 3565 721 3621 abduci:
751 3584 836 3622 me
866 3585 1082 3639 quoque
1112 3571 1491 3641 perquirerent
1536 3587 1707 3642 usque
1748 3574 1815 3626 ad
1865 3572 2062 3626 barba-

496 3671 678 3711 rorum
712 3673 903 3723 terras,
936 3673 990 3714 et
1020 3663 1086 3715 ad
1119 3664 1497 3729 prafectornm
1542 3665 1954 3731 commentaria,
2006 3672 2067 3719 ut

495 3761 708 3811 vocant.
747 3753 1218 3809 trausmitterent:
1252 3754 1479 3824 populos
1522 3769 1587 3809 ac
1612 3755 1840 3810 clericos
1873 3770 2063 3811 omnes

497 3841 776 3909 adigerent
803 3843 869 3897 ad
897 3844 1407 3898 communicandum
1440 3860 1564 3899 cum
1588 3844 1787 3899 Ariana
1818 3847 2009 3901 haeresi
2043 3862 2061 3903 :

499 3931 543 3985 si
568 3932 658 3999 qui
694 3949 796 3985 non
833 3949 1038 3988 morem
1068 3946 1337 4005 gererent,
1364 3938 1481 3990 illos
1521 3936 1923 3991 interficiendos
1948 3947 2063 3994 sat-

497 4032 742 4090 agerent.
806 4023 878 4078 Ut
928 4035 1108 4078 autem
1160 4026 1338 4095 palam
1390 4026 1480 4090 sit,
1524 4028 1667 4083 hanc
1707 4030 1925 4093 famam,
1956 4046 2061 4086 non

498 4112 667 4166 verbo
706 4122 933 4178 tantum,
966 4115 1061 4169 sed
1096 4114 1256 4170 rebus
1287 4117 1455 4186 gestis
1480 4121 1879 4188 comprobatam
1909 4138 2061 4188 esse;

495 4215 620 4256 cum
655 4201 792 4258 bona
824 4206 1175 4262 humanitatis
1200 4215 1305 4262 tuae
1335 4210 1513 4274 venia,
1540 4226 1606 4265 en
1638 4212 1808 4282 ipsam
1848 4215 2064 4282 profero

495 4295 800 4365 epistolam,
842 4315 1002 4367 quam
1035 4300 1109 4354 illi
1144 4316 1331 4377 necem
1366 4304 1658 4376 unicuique
1700 4307 2062 4363 intermittan-

496 4395 578 4443 tes
609 4386 926 4459 frequenter
955 4389 1289 4448 lectitarunt.

561 4565 651 4621 50.
691 4566 980 4636 Exemplar
1016 4568 1282 4639 epistolae:

541 4654 715 4712 Victor
758 4658 1099 4715 Constantius
1134 4660 1403 4784 Minoam;
1458 4661 1724 4731 Augustus
1768 4664 2001 4719 Alexan-

1221 4749 1372 4784 rima.

1221 4749 1372 4787 mus.

563 4816 704 4873 Urbs
727 4819 941 4889 quidem
972 4832 1174 4888 vestra,
1205 4824 1383 4893 patrio
1420 4838 1594 4892 more,
1634 4840 1740 4880 non
1770 4825 2053 4882 immemor

492 4909 708 4965 virtutis
734 4914 1071 4969 conditorum
1117 4932 1359 4983 suorum,
1404 4931 1465 4973 se
1506 4919 1920 4987 obsequentem,
1973 4919 2051 4974 uti

493 5002 723 5067 solebat,
766 5004 1057 5059 etiamnum
1104 4997 1372 5063 eihihuit.
1409 5007 1519 5063 Nos
1564 5023 1696 5063 vero
1744 5009 1845 5063 nisi
1878 5010 2050 5077 ipsum

492 5091 857 5148 Alexnndrum
888 5096 1258 5152 benevolentia
1295 5099 1347 5152 in
1371 5109 1603 5153 vestram
1653 5099 1841 5153 urbem
1888 5114 2051 5168 supe-

494 5200 761 5253 raremus,
788 5201 893 5240 non
920 5188 1265 5243 mediocriter
1286 5188 1442 5243 nobis
1469 5202 1694 5258 peccare
1718 5188 2050 5243 videremur.

492 5275 647 5331 Sicut
668 5276 811 5330 enim
838 5279 1206 5345 temperantia:
1224 5278 1501 5347 proprium
1526 5288 1629 5336 est.
1664 5292 1725 5331 se
1746 5279 2051 5334 modestum

492 5364 543 5418 in
562 5364 724 5437 249
744 5366 992 5420 omnibus
1010 5370 1248 5437 praebere
1273 5384 1287 5421 :
1311 5370 1390 5422 sic
1407 5368 1764 5437 imperatoria:
1782 5368 2058 5438 dignitatis

490 5468 593 5525 est,
619 5459 867 5514 virtutem
888 5460 1093 5529 (sinite,
1121 5475 1326 5530 quaeso,
1346 5459 1546 5531 dicere)
1566 5461 1799 5515 maxime
1815 5463 2055 5517 omnium

2164 2039 2280 2076 τειν
2319 2024 2377 2075 ἐν
2407 2023 2520 2084 τοῖς
2553 2022 2664 2083 σοῖς
2706 2022 2948 2089 καιροῖςο
2980 2017 3119 2071 ὥστε
3150 2018 3271 2069 κατ’
3301 2013 3484 2067 αὐτῶν
3518 2008 3656 2065 εἶναι
3684 2010 3741 2063 τὸ

2164 2112 2574 2185 γεγραμμένον·
2610 2110 2755 2165 Οὐαὶ
2781 2111 2856 2163 δι’
2890 2109 2998 2176 οὓς
3018 2108 3084 2162 τὸ
3109 2106 3299 2177 ὄνομά
3317 2123 3441 2176 μου
3462 2105 3739 2173 ,βλασφηο

2157 2204 2353 2275 μεῒται
2381 2204 2449 2258 ἐν
2479 2202 2603 2270 τοῖς
2627 2202 2891 2258 ἔθνεσιν.

2234 2378 2322 2434 29.
2360 2378 2628 2432 Τοιούτων
2677 2372 2774 2432 οῦν.
2816 2376 2985 2431 ὄντων
3031 2375 3139 2430 τῶν
3192 2374 3598 2449 θρυλουμένων,
3651 2370 3739 2425 καὶ

2164 2470 2274 2525 τῶν
2319 2469 2662 2542 πραγμάτων
2689 2467 2801 2521 ἄνω
2844 2466 2938 2520 καὶ
2970 2465 3120 2519 κάτω
3157 2465 3373 2519 πάντων
3400 2465 3737 2533 ἀνατετραμ-

2168 2563 2364 2635 μένων,
2391 2562 2540 2632 ὅμως
2568 2560 2669 2613 οὐκ
2702 2557 2946 2628 ἀπέστην
2980 2556 3091 2626 ἐγὼ
3118 2558 3216 2628 τῆς
3245 2555 3580 2627 προθυμίας,
3607 2552 3738 2607 ἀλλά

2165 2653 2327 2708 πάλιν
2356 2652 2581 2723 εἰχόμην
2605 2650 2703 2720 τῆς
2731 2647 2853 2703 ὁδοῦ
2884 2647 3021 2719 πρὸς
3043 2646 3141 2719 τὴν
3167 2646 3267 2717 σὴν
3302 2646 3584 2700 εὐσέϐειαν
3606 2660 3620 2674 ⁸
3649 2644 3737 2698 κει.)⁸

2163 2743 2323 2798 τοῦτο
2360 2742 2558 2814 μᾶλλον
2602 2740 3015 2811 σπουδαιότερον
3059 2738 3344 2811 ἔπραττον,
3381 2736 3623 2809 θαρρῶν,
3659 2736 3738 2788 ὅτι

2165 2837 2316 2908 παρὰ
2371 2833 2596 2906 γνώμην
2655 2833 2752 2904 μὲν
2801 2833 2899 2903 τῆς
2952 2832 3049 2905 σῆς
3101 2830 3386 2894 εὐσεϐείας
3443 2829 3738 2900 ἐπράττετο

2164 2928 2366 2981 ταῦτα·
2398 2928 2447 2980 εἰ
2494 2924 2653 2997 μάθοι
2681 2925 2738 2977 δὲ
2775 2925 2807 2995 ή
2934 2921 3312 2992 φιλανθρωπία
3338 2920 3410 2974 τὰ
3451 2920 3735 2991 γενόμενα,

2165 3018 2399 3072 κωλύσει
2440 3017 2534 3070 τοῦ
2572 3015 2755 3069 λοιποῦ
2793 3013 3077 3083 γενέσθαι·
3123 3013 3199 3085 μὴ
3231 3012 3339 3085 γὰρ
3380 3008 3521 3066 εἶναι
3564 3010 3740 3064 Θεοσε-

2165 3109 2294 3174 ϐοῦς
2344 3109 2607 3180 βασιλέως
2649 3108 2821 3161 θέλειν
2865 3104 3202 3176 ἐξορίζεσθαι
3246 3103 3613 3167 ἐπισκόπους,
3650 3101 3739 3154 καὶ

2164 3202 2498 3275 γυμνοῦσθαι
2545 3200 2878 3272 παρθένους,
2922 3198 2955 3269 ἦ
2998 3197 3133 3261 ὅλως
3169 3196 3270 3260 τὰς
3314 3195 3612 3266 ἐκκλησίας
3647 3213 3740 3248 τα-

2166 3293 2477 3368 ράττεσθαι.
2539 3290 2699 3344 ’Λλλὰ
2746 3289 2968 3343 τοιαῦτα
3024 3288 3405 3358 λογιζομένους
3454 3288 3603 3358 ἡμᾶς
3648 3288 3737 3340 καὶ

2166 3384 2487 3446 σπεύδοντας
2517 3384 2575 3435 ἐν
2606 3384 2724 3446 ταῖς
2753 3381 2924 3446 ὁδοῖς,
2960 3380 3066 3433 ἰδοὺ
3101 3379 3263 3433 πάλιν
3297 3378 3455 3449 τρίτη
3489 3396 3576 3442 τις
3612 3395 3736 3432 κατ-

2165 3477 2353 3531 έλαϐεν
2380 3475 2535 3547 ἀκοὴ,
2561 3477 2642 3530 ὅτι
2663 3475 2967 3547 γέγραπται
2995 3477 3105 3537 τοῖς
3130 3475 3188 3526 ἐν
3217 3471 3491 3542 Αύξούμει
3515 3472 3624 3543 (l2)
3650 3490 3737 3525 τυ-

2169 3571 2399 3642 ράννοις,
2429 3568 2568 3622 ὥστε
2596 3567 2954 3639 Φρουμέντιον
2984 3565 3072 3619 τὸν
3098 3566 3397 3619 ἐπίσκοπον
3419 3564 3519 3635 τῆς
3540 3563 3733 3631 A6506-

2167 3680 2313 3733 μεως
2346 3661 2554 3715 ἐκεῖθεν
2592 3660 2843 3730 ἀχθῆναι,
2883 3659 2977 3711 καὶ
3011 3657 3110 3727 ἐμὲ
3152 3657 3250 3726 μὲν
3284 3657 3446 3728 μέχρι
3475 3656 3577 3726 τῆς
3609 3655 3732 3726 βαρ·-

2166 3751 2349 3823 ϐάρων
2382 3748 2660 3822 ζητεῖσθαι
2683 3789 2697 3813 ,
2741 3748 2836 3801 καὶ
2878 3749 2957 3810 εἰς
2993 3746 3060 3799 τά
3090 3745 3359 3815 λεγόμενα
3394 3746 3731 3818 Κομεντάρια

2162 3844 2271 3898 τῶν
2328 3843 2581 3919 ἐπάρχων
2638 3838 3134 3914 παραπέμπεσθαι,
3169 3840 3295 3902 τοὺς
3339 3838 3398 3892 δὲ
3434 3838 3597 3902 λαοὺς
3645 3838 3730 3891 καὶ

2163 3937 2289 3999 τοὺς
2336 3934 2631 4006 κληρικοὺς
2672 3932 2879 3995 πάντας
2907 3928 3312 4001 ἀναγκάζεσθαι
3355 3933 3631 3985 κοινωνεῖν
3666 3932 3725 4000 τῇ

2175 4028 2424 4098 Ἀρειανῇ
2456 4026 2666 4097 αἱρέσει
2688 4042 2701 4055 ’
2745 4023 2838 4077 ἐὰν
2859 4024 2912 4077 δὲ
2946 4023 3021 4096 μὴ
3045 4022 3431 4077 ὑπακούσωσιν
3450 4063 3467 4089 ,
3505 4022 3729 4091 ἀποθνή-

2165 4135 2313 4172 σκειν
2345 4117 2472 4180 τοὺς
2503 4114 2795 4178 τοιούτους.
2838 4112 2948 4168 Καὶ
2988 4113 3068 4166 ὅτι
3107 4114 3168 4165 οὐ
3203 4113 3347 4183 λόγῳ
3394 4112 3554 4184 μόνον
3583 4111 3730 4183 ἐθρυ-

2162 4210 2307 4264 λεῖτο
2332 4210 2524 4276 ταῦτα,
2561 4208 2700 4262 ἀλλὰ
2724 4207 2780 4261 δὲ.
2803 4206 2985 4269 αὐτοῖς
3009 4204 3191 4275 ἔργοις
3223 4203 3526 4257 ἐδείκνυτοο
3554 4200 3724 4270 ἐπειδὴ

2120 4297 2131 4313 ’
2165 4302 2537 4374 συνεχώρησεν
2562 4302 2595 4371 ἡ
2621 4300 2690 4370 σὴ
2719 4297 3114 4370 φιλανθρωπία,
3148 4296 3255 4350 ἰδοὺ
3283 4297 3377 4349 καὶ
3402 4299 3436 4365 ἡ
3459 4293 3721 4362 ὲπιστολή’
3794 4322 3795 4325 η

2163 4395 2366 4464 ταύτην
2394 4394 2503 4464 γάρ
2531 4395 2729 4446 ἐκεῖνοι
2771 4388 3007 4460 συνεχῶς
3039 4387 3422 4456 ἀνεγίνωσκον,
3454 4382 3724 4440 ἀπειλοῦν-

2163 4503 2253 4549 τες
2287 4486 2502 4555 ἑκάστῳ
2531 4484 2777 4538 θάνατον.

1996 4588 2000 4593 ’
2089 4585 2135 4640 D
2231 4577 2320 4633 50.
2375 4576 2729 4647 Ἀντίγραφον
2756 4573 3068 4643 ἐπιστολῆςο

2265 4668 2531 4738 Νικητὴς
2559 4666 2975 4738 Κωνστὼρτιος
3010 4663 3306 4738 ΙξῙέγιο-τος
3335 4659 3630 4725 Σεϐαστὸς

2670 4734 3177 4803 Ἀλεξανδρεῦσιν.

2241 4831 2304 4885 Ἠ
2340 4831 2439 4902 μὲν
2477 4831 2628 4894 πόλις
2669 4829 2730 4883 τὸ
2774 4828 2999 4900 πάτριον
3024 4827 3209 4897 σχῆμα
3246 4822 3605 4892 φυλάττουσα,
3640 4836 3724 4872 και

2158 4922 2257 4990 τῆς
2283 4923 2391 4974 τῶν
2419 4919 2672 4975 οἰκιστῶν
2704 4920 2905 4990 ἀρετῆς
2934 4915 3278 4989 μεμνημένη,
3302 4912 3581 4984 πειθηνίαν
3612 4912 3722 4964 ἑαυ-

2160 5013 2256 5083 τὴν
2290 5013 2536 5083 συνήθως
2574 5012 2669 5066 καὶ
2714 5013 2807 5066 νῦν
2846 5010 3190 5081 παρέσχηκεν
3214 5024 3228 5037 ο
3268 5008 3428 5077 ἡμεῖς
3460 5004 3534 5068 δὲ,
3564 5004 3611 5057 εἰ
3654 5001 3719 5073 μὴ

2159 5105 2252 5157 καὶ
2295 5104 2386 5157 τὸν
2450 5103 2793 5175 Ἀλέξανδρον
2839 5101 3259 5173 ἀποκρύψαιμεν
3286 5099 3470 5169 εὐνοίᾳ
3506 5099 3572 5167 τῇ
3605 5092 3718 5164 περὶ

2158 5195 2256 5266 τὴν
2294 5195 2449 5248 πόλιν
2481 5195 2578 5268 τὴν
2612 5195 2902 5266 ὑμετέραν,
2929 5194 2988 5246 οὐ
3029 5192 3099 5246 τὰ
3132 5191 3365 5263 τυχόντα
3399 5186 3717 5259 πλημμελεῖν

2163 5286 2538 5356 συνεισόμεθα.
2583 5287 2670 5348 Ὡς
2701 5286 2798 5357 μὲν
2823 5285 2931 5358 γὰρ
2952 5282 3299 5355 σωφροσύνης
3325 5280 3476 5343 ἴδιον»
3503 5275 3714 5345 κοσμίαν

2162 5378 2339 5449 ἐαυτῷ
2373 5379 2459 5433 διά
2497 5379 2714 5432 πάντων
2759 5378 2940 5447 ἄγειν·
2983 5375 3255 5447 βασιλείας
3301 5372 3359 5425 δὲ
3398 5371 3496 5441 τῆς
3532 5364 3711 5438 ἀρετῆς

2164 5469 2321 5540 (δότε
2348 5471 2405 5523 δὲ
2442 5469 2653 5541 εἰπεῖν)
2696 5470 2796 5542 τῆς
2844 5467 3110 5540 ὑμετέρας
3136 5462 3244 5539 πρὸ
3270 5464 3524 5520 ἁπάντων
3555 5455 3713 5515 dami-

561 5572 611 5603 "
633 5572 650 5625 ι
676 5571 820 5628 Tim.
852 5588 932 5638 Ill,
956 5574 1013 5628 2.
1088 5574 1134 5607 "
1158 5575 1222 5627 Ill
1252 5574 1387 5643 Reg.
1421 5589 1519 5637 xu,
1547 5574 1638 5628 ⁸51.
1713 5575 1757 5605 ³⁷
1792 5574 1947 5630 Rom.
1982 5594 2041 5643 ιι,
2070 5579 2160 5637 24.

563 5705 676 5773 (l0)
702 5705 843 5779 Edit.
874 5697 1051 5762 Paris.
1090 5708 1358 5779 etColon.
1400 5710 1653 5763 mendose
1683 5707 1918 5779 ἑζητείν.
1954 5708 2057 5762 Alii

489 5789 677 5846 Omnes
697 5775 825 5846 editi
857 5786 911 5846 et
935 5792 1063 5829 mss.
1110 5777 1375 5846 ἐζητεῖτο.

562 5844 671 5913 ιιι)
694 5841 853 5899 Forte
869 5845 948 5900 sic
980 5841 1348 5917 intelligatur:
1378 5847 1468 5917 qui
1498 5862 1530 5902 a
1565 5856 1804 5918 tempore
1822 5846 2057 5902 Alexan-

2161 5714 2242 5769 dri
2282 5715 2518 5784 episcopi
2545 5723 2721 5769 erant.

2232 5784 2345 5856 (12)
2376 5783 2532 5857 Reg,
2576 5783 2849 5855 ’Aﬁtotipn.
