3980 6504
187 399 286 455 653

1213 395 1557 454 APOLOGIA
1589 396 1681 453 AD
1717 396 2219 455 CONSTANTIUM
2257 396 2397 454 IMP.

3337 399 3441 453 634

188 510 403 579 ζεσθαιο
438 509 688 582 πρώτους
717 510 813 581 μὲν
845 509 1037 581 σοφίας
1065 508 1335 583 ἐξηγητὰς
1367 511 1761 579 καταστάντας,

1867 523 2099 569 vestram
2129 513 2378 583 amplecti
2408 529 2425 567 :
2464 513 2608 583 quod
2640 512 2796 583 primi
2829 513 3109 585 sapientiae
3150 515 3441 585 magistros

188 605 435 676 πρώτους
452 603 511 656 δὲ
526 603 656 657 Θεὸν
672 603 761 656 τὸν
778 602 910 674 (12⁸)
926 604 1201 667 συνιέντας
1219 603 1354 674 (15),
1370 605 1418 657 οἳ
1444 605 1660 658 καὶτῶν
1680 604 1768 671 ἐξ·

191 695 406 768 ηγητῶν
431 696 560 759 τοὺς
579 694 779 766 ἄκρους
798 694 1023 760 εἵλεσθε,
1050 694 1142 748 καὶ
1159 696 1256 765 τὴν
1285 696 1556 767 ἡμετέραν
1585 695 1765 766 ψῆφον

190 788 402 850 ἑκόντες
445 785 732 858 ἐστέρξατε
755 824 769 850 ,
799 784 889 838 τὸν
941 786 1061 857 μὲν,
1083 784 1374 839 ἀπατεῶνα
1420 787 1514 839 καὶ
1554 786 1767 856 φένακα

189 876 407 939 δικαίως
436 873 875 946 ἀποστραφέντες
895 913 909 938 ,
941 874 1139 938 τοῖς·δέ
1177 868 1415 945 σεμνοῖς
1438 877 1533 931 καὶ
1564 876 1767 940 παντὸς

190 970 441 1024 ἐπέκεινα
475 966 753 1039 θαύματος
779 965 1006 1030 δεόντως
1042 964 1420 1037 προσθέμενοι.
1455 967 1644 1021 Καίτοι
1683 968 1766 1031 τίς

190 1063 365 1131 ἀγνοεῖ
395 1061 493 1114 καὶ
529 1060 638 1114 τῶν
664 1058 762 1122 τὰς
793 1058 1050 1129 ἐσχατιὰς
1074 1057 1365 1111 οἰκούντων
1402 1059 1503 1130 τὴν
1528 1060 1619 1115 ἐπὶ
1650 1062 1763 1125 τοῖς

189 1152 476 1224 πραχθεῖσι
509 1150 852 1221 φιλοτιμίαν;
888 1145 968 1213 οἷς
1001 1150 1102 1203 οὐκ
1143 1149 1297 1219 ἴσμεν
1337 1150 1431 1203 καὶ
1458 1150 1510 1203 τί
1544 1150 1625 1204 δεῖ
1661 1168 1765 1204 πα-

190 1236 636 1317 ραϐάλλεσθαιῶν
662 1241 1034 1313 συμϐέϐηκεν.
1072 1242 1441 1312 Ἐτύφλωττον
1467 1244 1564 1315 μὲν
1588 1245 1695 1317 γὰρ
1716 1249 1763 1300 οί

191 1337 426 1389 πλεῖστοι
474 1334 584 1388 τῶν
631 1332 772 1387 κατὰ
815 1334 914 1404 τὴν
959 1332 1143 1386 πόλινο
1181 1335 1473 1405 ἐπεκράτει
1523 1336 1581 1389 δὲ
1624 1337 1763 1410 ἀνὴρ

193 1428 474 1499 βαράθρων
505 1427 613 1479 ἀπὸ
639 1425 883 1496 ἐσχάτων
906 1424 1245 1495 ὁρμώμενος,
1277 1425 1465 1497 ὥσπερ
1503 1428 1560 1481 ἐν
1588 1429 1765 1499 σκότῳ

190 1523 307 1584 τοὺς
339 1521 440 1591 τῆς
486 1519 597 1588 (14)
646 1517 901 1588 ἀληθείας
933 1517 1253 1587 ἐφιεμένους
1286 1519 1421 1589 πρὸς
1472 1520 1531 1573 τὸ
1572 1521 1764 1590 ψεῦδος

190 1611 427 1675 ἀπατῶν,
464 1610 622 1680 λόγον
664 1610 765 1681 μὲν
807 1610 1083 1681 ἔγκαρπον
1115 1611 1370 1663 οὐδέποτε
1415 1615 1765 1684 παρασχόμε-

188 1723 289 1770 νος,
321 1703 614 1777 τερθρεξας
645 1702 701 1756 δέ
730 1702 825 1755 καὶ
859 1701 1135 1771 ηνάλλως
1164 1701 1263 1764 τὰς
1292 1702 1469 1773 ψυχὰς
1511 1704 1621 1774 (15)
1672 1705 1765 1758 λυ..

190 1797 547 1870 μαινόμενοςσ
600 1798 648 1849 οἱ
700 1796 798 1867 μὲν
844 1795 1073 1857 κόλακες
1107 1795 1273 1849 ἐϐόων
1322 1796 1418 1848 καὶ
1469 1797 1759 1868 ἐκρότουν,

1866 605 2259 661 constitueritis
2288 620 2303 658 :
2339 605 2496 675 primi
2531 605 2698 660 Deum
2727 607 2818 675 qui
2842 616 2923 662 est
2943 607 3267 676 agnoveritis
3300 623 3316 661 :
3346 607 3440 676 qui

1865 698 2153 765 magistros
2190 698 2346 767 longe
2381 697 2850 769 praestantissimos
2873 698 3136 769 elegistis,
3160 700 3438 754 decretum

1867 800 2107 846 nostrum
2147 789 2374 846 libenter
2412 792 2729 859 excepistis;
2769 799 2824 845 et
2870 792 2938 847 ab
2989 792 3277 862 deceptore
3318 794 3442 861 qui-

1864 882 1985 936 dem
2021 882 2113 936 illo
2140 890 2196 936 et
2216 882 2509 950 impostore
2529 881 2653 950 jure
2678 886 2877 948 aversi,
2908 883 2974 939 iis
3013 886 3102 953 qui
3147 900 3308 953 supra
3338 886 3441 939 mi-

1866 972 2105 1027 raculum
2135 973 2472 1029 venerabiles
2506 984 2561 1029 et
2598 975 2775 1029 ornati
2805 985 2979 1040 erant,
3017 986 3076 1029 ιιι
3114 978 3312 1042 decuit,
3347 980 3443 1031 ad-

1865 1064 2133 1119 harsistis.
2186 1064 2316 1132 Quis
2350 1067 2491 1120 enim
2527 1067 2610 1122 vel
2640 1069 2866 1122 extremi
2897 1070 3044 1124 orbis
3092 1070 3265 1125 incola
3311 1085 3445 1125 con-

1868 1159 2153 1214 tentiosam
2204 1160 2256 1212 in
2294 1160 2452 1215 rebus
2479 1176 2648 1230 nuper
2674 1163 2841 1232 gestis
2869 1163 3199 1218 simultatem
3225 1164 3442 1233 ignora.

1864 1252 2070 1307 verit?
2114 1253 2310 1321 quibus
2367 1253 2553 1307 nescio
2600 1254 2727 1323 quid
2786 1270 2852 1309 ex
2908 1257 2973 1311 iis
3029 1271 3149 1324 qua:
3203 1271 3441 1326 unquam

1865 1344 2189 1415 coittigerint
2238 1346 2544 1415 comparari
2577 1347 2767 1415 possit.
2799 1347 3073 1418 Siquidem
3124 1348 3441 1419 pleriqnein

1865 1438 1998 1490 urbe
2033 1438 2437 1492 caecutiebant:
2472 1438 2795 1506 praevalebat
2836 1438 2919 1492 vir
2944 1454 3009 1493 ex
3051 1439 3251 1495 inlimis
3293 1440 3447 1494 bara-
3546 1432 3553 1439 ’

1866 1527 2002 1582 thris
2020 1542 2287 1593 emersus,
2322 1528 2412 1597 qui
2441 1527 2585 1583 velut
2620 1528 2674 1583 in
2718 1528 2977 1593 tenebris,
3018 1530 3264 1585 veritatis
3293 1532 3445 1601 cupi-

1864 1616 1961 1671 dos
2012 1617 2079 1670 ad
2136 1618 2478 1672 mendacium
2526 1618 2835 1685 abducens,
2875 1634 3179 1674 sermonem
3223 1620 3442 1689 quidem

1863 1710 2198 1766 fructuosum
2222 1727 2494 1780 nunquam
2532 1711 2823 1779 tribuebat,
2856 1713 2946 1768 sed
2969 1714 3256 1783 praestigiis
3276 1723 3446 1770 teme-

1864 1818 1924 1858 re
1961 1803 2167 1857 animas
2185 1804 2584 1873 corrumpebat.
2616 1805 2995 1861 Assentatores
3023 1808 3239 1875 quidem
3271 1808 3447 1863 accla-

188 1890 595 1961 ἐξεπλήττοντο,
629 1886 724 1950 οὒς
756 1886 836 1938 ἔτι
869 1885 1091 1957 γρύζειν
1132 1886 1278 1950 εἰκὸς
1312 1886 1417 1939 ὑπὸ
1458 1887 1644 1943 ὀδόντα
1668 1906 1681 1919 ·
1711 1890 1761 1941 οἱ

1868 1904 2056 1963 mare',
2094 1871 2453 1967 applaudere,
2506 1898 2853 1968 obstupefieri
2900 1918 2913 1955 :
2961 1871 3095 1969 quos
3145 1902 3446 1956 etiamnum

185 1984 237 2036 δέ
268 1982 513 2036 πλεῖστοι
552 1980 661 2034 τῶν
702 1978 1103 2051 ἀφελεστέρων,
1140 1978 1276 2049 πρὸς
1305 1979 1366 2032 τὸ
1395 1978 1600 2036 τούτων
1628 1980 1764 2046 ἔζων

188 2075 463 2148 σύνθημα·
497 2074 565 2127 τά
596 2073 654 2125 δέ
677 2072 977 2143 πράγματα
1003 2070 1145 2124 κατὰ
1172 2070 1296 2142 ῥοῦν
1324 2072 1546 2144 ἐφέρετο
1577 2072 1765 2144 ὥσπερ

186 2170 247 2223 ἐν
302 2167 711 2239 κατακλυσμῷ,
772 2166 989 2219 πάντων
1053 2164 1223 2236 ἄρδην
1291 2164 1760 2236 ὀλιγωρουμένων.

196 2263 406 2333 Ἠγεῖτο
448 2263 505 2315 δὲ
533 2263 673 2333 ἀνὴρ
716 2259 811 2312 τοῦ
847 2257 1081 2329 πλήθους
1111 2257 1128 2327 (
1146 2257 1262 2320 πῶς
1306 2256 1371 2309 ἂν
1406 2256 1764 2327 ἀληθέστερον

186 2355 313 2408 αὐτὸ
340 2356 554 2424 εἴποιμι
578 2369 592 2418 ;
616 2353 635 2423 )
662 2352 812 2406 οὐδὲν
842 2349 949 2403 τῶν
978 2348 1257 2420 βαναύσων
1289 2348 1579 2419 διαφέρων,
1608 2347 1766 2399 τοῦτο

187 2447 344 2518 μόνον
374 2450 443 2518 τῇ
475 2446 630 2499 πόλει
662 2443 1054 2515 συναράμενος,
1087 2441 1147 2493 τὸ
1184 2439 1258 2511 μὴ
1298 2439 1439 2492 κατὰ
1474 2438 1764 2510 βαράθρων

180 2557 319 2593 ωσαι
352 2540 480 2602 τοὺς
512 2539 571 2590 ἐν
622 2537 782 2607 αὐτῇ.
839 2534 976 2587 Ἀλλ’
1026 2534 1054 2585 ὁ
1103 2535 1347 2623 γεὲναῖος
1380 2520 1487 2585 καὶ⁸
1514 2530 1764 2601 λαμπρὸς

182 2633 300 2685 οὐδὲ
348 2631 534 2702 κρίσιν
579 2628 760 2699 ἔμεινε
800 2626 919 2680 κατ’
969 2621 1376 2693 αὐτοῦ,’φυγὴν
1419 2622 1527 2692 (16)
1558 2624 1614 2673 ἐν
1640 2621 1764 2695 δίκῃ

182 2722 506 2793 καταγνούς
536 2722 612 2786 ὡς
641 2721 757 2773 ἔστι
788 2736 851 2789 γε
882 2719 974 2771 καὶ
1000 2717 1141 2789 ύπέρ
1174 2717 1282 2769 τῶν
1314 2715 1604 2787 βαρϐάρων
1662 2715 1763 2782 ὑφ-

181 2816 420 2878 ελέσθαι,
447 2816 522 2887 μή
535 2830 686 2876 τινας
707 2811 885 2865 αὐτῶν
902 2809 1179 2863 δυσσεϐεἰν
1202 2806 1490 2875 ἀναπείσῃ,
1514 2804 1765 2874 καθάπερ

182 2912 239 2963 ὲν
268 2909 508 2981 δράματι
556 2908 695 2978 πρὸς
734 2907 861 2968 τοὺς
904 2902 1155 2974 πρώτους
1198 2899 1619 2969 ἐντυγχάνοντας
1652 2896 1762 2967 (17)

180 3000 600 3073 ὀλοφυρόμενος.
636 2996 824 3067 Τούτῳ
861 2995 960 3067 μὲν
994 2990 1085 3048 οῦν
1120 2992 1339 3066 μακρὰν
1370 2991 1580 3063 χαίρειν
1608 2990 1762 3062 εἰρή-

182 3110 332 3146 σεται
353 3110 367 3122 ’
404 3093 552 3163 ὑμᾶς
582 3090 642 3143 δέ
686 3107 753 3161 με
784 3088 888 3160 χρὴ
920 3087 1036 3159 μετ’
1070 3086 1263 3155 ὀλίγων
1292 3084 1524 3147 τάττειν,
1564 3082 1763 3153 μᾶλλον

1866 1990 2157 2044 verisimile
2209 1998 2287 2044 est
2329 1990 2429 2045 sub
2471 1991 2722 2046 dentibus
2761 1993 3072 2046 mussitare.
3106 1992 3448 2065 Plurimique

1865 2098 1896 2138 e
1929 2082 2389 2152 simplicioribus,
2434 2083 2565 2151 ipsis
2614 2085 3045 2138 consentiebant.
3101 2084 3208 2139 Res
3262 2097 3442 2139 autem

1863 2173 2006 2227 fluxu
2076 2173 2308 2241 quodam
2368 2173 2680 2229 ferebantur
2727 2176 2879 2243 quasi
2926 2176 2978 2229 in
3031 2176 3267 2243 diluvio,
3317 2193 3442 2231 cum

1863 2282 2049 2321 omnes
2080 2266 2130 2321 id
2184 2282 2405 2335 prorsus
2457 2268 2808 2338 negligereut.
2838 2268 3075 2324 Pra‘erat
3101 2280 3279 2324 autem
3306 2270 3385 2323 vir
3414 2288 3445 2325 e

1867 2360 2018 2413 turba
2051 2358 2199 2429 (quid
2230 2360 2412 2414 verius
2444 2362 2625 2415 dicere
2651 2362 2912 2431 possim?)
2943 2363 3033 2431 qui
3064 2363 3193 2417 nihil
3217 2379 3247 2417 a
3280 2363 3447 2418 sellu-

1864 2453 2014 2506 lariis
2050 2452 2351 2518 differebat,
2391 2454 2591 2524 quique
2627 2455 2680 2508 in
2723 2455 2825 2509 hoc
2854 2455 3022 2509 solum
3056 2456 3261 2510 civitati
3288 2471 3443 2524 opem

1866 2545 2098 2611 ferebat,
2126 2547 2268 2616 quod
2295 2549 2443 2601 cives
2467 2548 2584 2615 ejus
2615 2547 2667 2601 in
2693 2547 2946 2601 harathra
2984 2563 3088 2601 non
3126 2547 3445 2618 impelleret.

1866 2637 1972 2693 Sed
2001 2653 2294 2707 generosus
2327 2649 2380 2692 et
2417 2640 2707 2709 praeclarus
2736 2640 2822 2695 ille
2865 2642 2948 2694 vir
2983 2640 3247 2709 judicium
3274 2641 3339 2694 de
3384 2656 3449 2696 se

1864 2731 2143 2787 ferendum
2174 2747 2279 2786 non
2317 2734 2651 2801 exspectavit
2678 2750 2691 2786 :
2719 2733 2813 2787 sed
2850 2735 2903 2787 in
2930 2733 3029 2787 hac
3069 2749 3230 2787 causa
3256 2734 3445 2787 existi-

1865 2823 2030 2878 mavit
2057 2822 2155 2877 sibi
2190 2824 2310 2893 fuga
2358 2824 2745 2878 consulendum
2793 2838 2805 2871 :
2839 2840 2999 2894 quem
3034 2840 3065 2880 e
3114 2825 3289 2879 medio
3328 2826 3444 2879 tolli

1876 2930 1906 2970 e
1942 2931 2001 2969 re
2022 2916 2375 2970 barbarorum
2413 2918 2648 2985 ipsorum
2683 2926 2791 2972 est:
2815 2934 2880 2972 ne
2910 2919 3230 2988 quihusdam
3260 2934 3449 2974 eorum

1864 3008 2195 3078 impietatem
2225 3009 2471 3071 suadeat,
2506 3011 2631 3063 dum
2660 3010 2812 3079 quasi
2856 3010 2909 3064 in
2948 3026 3107 3063 scena
3155 3011 3294 3080 apud
3342 3010 3450 3080 pri-

1864 3113 2008 3153 mum
2035 3108 2384 3154 occurrentes
2422 3100 2595 3153 vicem
2648 3115 2800 3155 suam
2829 3102 2990 3156 dolet.
3027 3103 3119 3157 llle
3154 3103 3318 3173 igitur
3351 3103 3440 3157 fa-

176 3184 235 3239 as
283 3184 483 3256 μόνους
536 3181 643 3253 πρὸ
698 3180 805 3235 τῶν
848 3179 1023 3234 ἄλλων
1063 3177 1365 3250 σεμνύνειν,
1406 3170 1485 3239 οἷς
1516 3174 1761 3229 τοσοῦτον

1867 3205 2078 3246 cessere
2104 3190 2377 3261 iubeatur.
2407 3190 2490 3246 Me
2519 3200 2696 3245 autem
2735 3194 3007 3259 convenit,
3033 3209 3126 3249 vos
3155 3211 3277 3250 cum
3308 3210 3446 3264 pau-

179 3277 379 3349 ἀρετῆς
428 3274 526 3328 καὶ
567 3278 660 3329 νοῦ
700 3273 999 3343 περίεστιν,
1032 3271 1156 3324 ὅσον
1189 3271 1246 3324 αἱ
1287 3268 1513 3339 πράξεις
1558 3266 1764 3338 κηρύτ-

180 3384 352 3433 τουσι,
399 3364 603 3438 μικροῦ
654 3366 833 3418 πᾶσαν
870 3363 967 3435 τὴν
1016 3359 1180 3417 οὖσαν
1217 3361 1575 3433 ὑμνούμεναι.
1622 3354 1765 3427 Εὖγε

178 3462 279 3533 τῆς
295 3459 653 3531 σωφροσύνης
674 3460 685 3512 !
708 3459 767 3511 Ei
783 3458 853 3527 γὰ
861 3476 892 3529 ρ
908 3457 1152 3526 ἀγγέλων
1169 3455 1546 3527 ἀκροασαίμην
1574 3452 1763 3507 τοσού-

138 3565 145 3569 ’
177 3574 287 3613 των
327 3557 423 3610 καὶ
484 3554 734 3627 δεύτερον
774 3553 1073 3620 διεξιόντων
1113 3552 1183 3605 τά
1214 3550 1455 3622 ὑμέτερα
1496 3549 1588 3602 καὶ
1630 3566 1764 3620 σεμ-

179 3636 475 3712 νυνόντων,
498 3647 543 3700 ὧ
576 3648 670 3701 καὶ
700 3647 825 3710 τοὺς
863 3646 1126 3716 πρότερον
1159 3643 1577 3715 ἁποκρύψαντες
1616 3643 1765 3713 φιλο-

180 3741 355 3813 τιμίᾳ,
387 3740 486 3795 καὶ
515 3742 626 3803 τοῖς
656 3738 750 3793 νῦν
772 3755 831 3791 τε
856 3740 949 3791 καὶ
974 3736 1198 3808 ὕστερον
1228 3736 1576 3807 παράδειγμα
1600 3735 1763 3790 καλὸν

180 3834 463 3903 ἐσόμενοι·
500 3832 648 3903 μόνοι
684 3848 741 3884 τε
775 3831 868 3884 καὶ
898 3833 1010 3895 τοῖς
1050 3829 1194 3884 ἔθεσι
1235 3829 1407 3897 λόγων
1447 3828 1541 3883 καὶ
1585 3828 1763 3901 ἔργων

180 3927 429 3997 ἡγεμόνα
464 3924 557 3977 τὸν
601 3923 934 3977 τελειότατον
982 3922 1092 3975 τῶν
1138 3922 1308 3976 ὄντων
1358 3920 1623 3992 ἑλόμενοι,
1668 3920 1764 3975 καὶ

176 4018 298 4071 οῦδὲ
329 4016 471 4089 πρὸς
503 4014 676 4088 βραχὺ
709 4015 1078 4078 διστάσαντες,
1109 4013 1222 4066 ἀλλ’
1250 4013 1508 4085 ἀνδρείως
1534 4011 1765 4084 μεταθέ-

179 4127 332 4178 μενοι
358 4108 456 4162 καὶ
485 4111 596 4172 τοῖς
625 4107 804 4171 ἄλλοις
835 4106 1194 4179 προσθέμενοι
1227 4104 1359 4176 (18),
1393 4105 1500 4159 άπὸ
1526 4105 1633 4157 τῶν
1663 4121 1763 4175 χα-

180 4201 280 4270 μαὶ
310 4200 524 4253 τούτων
563 4199 656 4250 καὶ
686 4198 979 4269 περιγείων
1008 4196 1143 4267 πρὸς
1179 4195 1248 4250 τὰ
1286 4195 1619 4265 κατουράνια
1650 4192 1760 4264 (19)

175 4292 562 4363 ἐπειχθέντες,
611 4289 962 4358 ξεναγοῦντος
1004 4289 1092 4341 ἐπ’
1129 4286 1269 4342 αὐτὰ
1294 4286 1388 4341 τοῦ
1430 4285 1760 4357 σεμνοτάτου

174 4383 487 4455 Γεωργίου,
520 4383 711 4455 ἀνδρὸς
750 4380 971 4435 τοιαῦτα
1002 4379 1199 4443 παντὸς
1227 4379 1425 4450 μᾶλλον
1453 4378 1763 4450 ἠκριϐωκό-

172 4490 298 4538 τοςο
343 4474 413 4529 δι’
458 4473 518 4526 ὂν
554 4473 647 4526 καὶ
681 4472 822 4526 κατά
867 4473 956 4526 τὸν
1003 4472 1225 4545 ὕστερον
1261 4469 1373 4541 βίον
1422 4470 1557 4541 (20),
1622 4470 1760 4541 μετὰ

171 4567 351 4638 καλῆς
384 4565 601 4629 ἐλπίδος
634 4565 865 4632 διάξετε,
900 4565 996 4618 καὶ
1029 4564 1120 4618 τὸν
1157 4565 1215 4616 ἐν
1252 4560 1329 4632 τῷ
1356 4561 1581 4633 παρόντι
1618 4561 1756 4631 μετὰ

171 4660 470 4732 ῥᾳστώνης
504 4657 783 4727 βιώσεσθε.
810 4657 909 4728 Εῖη
939 4657 996 4710 δέ
1038 4657 1187 4727 κοινῇ
1227 4656 1432 4718 πάντας
1465 4653 1589 4716 τοὺς
1616 4650 1757 4706 κατὰ

168 4754 277 4823 τὴν
306 4751 488 4814 πόλιν,
518 4748 704 4821 ὥσπερ
732 4750 883 4821 ἱερᾶς
905 4748 1175 4820 ἀγκύρας,
1209 4747 1309 4818 τῆς
1343 4746 1533 4801 τούτου
1571 4745 1756 4817 φωνῆς

166 4841 537 4915 ἐξηρτῆσθαι,
572 4841 660 4896 ἵνα
708 4841 783 4913 μὴ
826 4841 1008 4913 τομῶν
1060 4840 1092 4911 ἢ
1146 4839 1391 4895 καύσεων
1441 4839 1755 4911 δεηθῶμεν,

162 4934 322 4989 κατὰ
367 4933 480 4988 τῶν
530 4933 626 4998 τὰς
666 4934 777 5004 (21)
827 4932 1004 5003 ψυχάς
1055 4931 1445 5004 λελωϐημένων
1469 4949 1483 4963 ·
1543 4926 1624 4996 οἷς
1672 4932 1754 4984 ὅτι

166 5026 421 5096 μάλιστα
471 5023 839 5097 παραινοῦμεν
896 5022 1226 5093 ἀφίστασθαι
1276 5024 1374 5095 τῆς
1433 5021 1752 5077 Ἀθανασίου

162 5119 444 5190 σπουδῆς,
472 5117 568 5172 καὶ
606 5116 738 5188 μηδέ
769 5114 1079 5187 μεμνῆσθαι
1118 5116 1218 5188 τῆς
1249 5115 1511 5187 περιττῆς
1538 5115 1753 5186 ἐκείνης

242 5296 608 5372 (12’)_Forte,
635 5295 779 5372 τούς.
814 5297 970 5355 Eot'r.

245 5366 381 5440 (15)
402 5368 652 5440 Beg.,_ou
666 5366 861 5440 θέντας.

244 5432 369 5513 (14)
400 5432 516 5513 ’ζῆς
550 5432 737 5513 deerat
767 5439 817 5513 in
854 5436 1033 5513 editis.
1067 5434 1124 5513 l_n
1154 5434 1449 5513 εἴσει-γετο
1478 5432 1692 5513 legitur.

244 5444 345 5513 (M
400 5444 516 5508 Τῆς
550 5444 736 5492 deerat
767 5444 817 5491 in
854 5444 1033 5493 editis.
1069 5444 1124 5491 In
1155 5444 1289 5504 Heg.
1320 5447 1449 5488 vero
1478 5444 1692 5500 legitur.

243 5444 371 5582 (15)
415 5510 575 5579 Reg.,
617 5505 869 5579 τερθρίας
908 5508 965 5561 δέ
1005 5507 1099 5561 καὶ
1152 5504 1428 5577 τηνάλλως
1474 5504 1593 5565 ταῖς
1648 5501 1751 5571 ψυ-

136 5602 327 5639 ταις.

152 5599 388 5724 καὶῗϐλ
405 5648 808 5724 Hegias-{sivi
837 5646 956 5724 Mos
990 5645 1241 5724 satiante
1271 5644 1412 5716 ὑπέρ
1454 5643 1505 5697 in
1557 5642 1747 5697 eodem

152 5737 217 5782 et
247 5716 316 5778 in
345 5716 521 5772 'Basil.
551 5717 762 5785 legitur.
798 5718 847 5771 in
873 5717 1033 5770 editis
1069 5716 1427 5785 desideratur.

242 5791 366 5862 (l7)
401 5790 476 5845 lla
503 5780 635 5857 ﬂeg'.
659 5786 800 5843 Edili
839 5802 981 5851 vero,
1018 5785 1153 5857 πρὸς
1185 5784 1431 5856 πρώτους
1488 5780 1749 5853 ἐντυγχά-

150 5880 360 5922 νοντα..

1864 3282 1944 3338 eis
1973 3284 2184 3339 sociare
2210 3301 2226 3351 ;
2253 3284 2381 3353 quin
2405 3294 2460 3339 et
2485 3284 2628 3340 solos
2656 3300 2766 3355 prae
2795 3286 2915 3341 aliis
2942 3288 3213 3343 honorare
3247 3288 3446 3357 quibus

1864 3385 2015 3431 tanta
2046 3378 2239 3444 virtus,
2267 3385 2416 3431 tanta
2458 3393 2612 3433 meus
2656 3380 2827 3441 inest,
2865 3387 3118 3447 quantam
3157 3393 3244 3433 res
3282 3391 3449 3448 gesta:

1862 3469 2177 3540 prmdicant,
2208 3484 2326 3537 qua:
2356 3484 2451 3538 per
2472 3472 2779 3524 universum
2811 3469 2924 3526 fere
2953 3470 3138 3525 Orbem
3162 3470 3444 3525 celebran-

1866 3570 1969 3616 tur.
2000 3560 2173 3615 Macte
2224 3561 2592 3631 prudentiaml
2632 3562 2785 3627 Quod
2812 3562 2857 3617 si
2895 3562 3070 3616 denuo
3112 3571 3189 3616 tut
3226 3565 3447 3618 nuntios

1862 3653 2124 3707 audierim
2150 3652 2240 3722 qui
2270 3668 2357 3708 res
2390 3667 2419 3706 a
2446 3653 2596 3707 vobis
2621 3662 2801 3724 gestas
2827 3661 3082 3708 enarrent
3110 3663 3165 3708 et
3186 3653 3439 3708 laudibus

1862 3744 2179 3801 celebrent:
2221 3743 2266 3800 Ο
2312 3744 2402 3814 qui
2447 3743 2685 3814 majores
2729 3754 2940 3800 vestros
2993 3745 3213 3800 virtutis
3265 3747 3444 3800 studio

1860 3835 2017 3906 longe
2036 3836 2334 3906 superatis,
2355 3836 2554 3906 quique
2578 3837 2772 3892 coatvis
2792 3848 2846 3892 et
2871 3839 3102 3908 posteris
3124 3838 3443 3907 praeclarum

1862 3925 2165 3997 exemplum
2224 3925 2390 3980 futuri
2421 3925 2557 3981 estis
2583 3926 2597 3980 l
2628 3925 2726 3981 soli
2773 3926 2917 3981 enim
2956 3927 3010 3981 in
3056 3943 3291 3991 morum,
3320 3942 3445 3982 ver~

1860 4019 2050 4075 borum
2085 4028 2140 4073 et
2171 4033 2391 4085 operum
2416 4020 2626 4082 ducem,
2659 4019 3169 4087 praestantissimum
3201 4020 3441 4075 virorum

1861 4104 2177 4173 c00ptastis.
2194 4102 2302 4157 Nec
2320 4103 2583 4157 tantillum
2600 4104 2815 4173 quidem
2842 4104 3098 4173 temporis
3113 4103 3443 4167 haesitantes,

1860 4196 2091 4249 viriliter
2117 4204 2324 4249 mutata
2351 4194 2644 4260 sententia,
2681 4194 2885 4264 reliquo
2918 4195 3081 4249 coetui
3130 4209 3226 4248 vos
3264 4193 3442 4248 socia-

1863 4285 2000 4340 stis:
2030 4295 2084 4339 et
2123 4286 2191 4340 ah
2218 4284 2420 4339 infimis
2454 4284 2571 4340 istis
2601 4293 2655 4339 et
2698 4285 2927 4339 terrenis
2959 4299 3055 4338 vos
3090 4284 3340 4339 erexistis
3374 4284 3441 4339 ad

1862 4377 2127 4437 caelestia,
2166 4378 2518 4447 antesignano
2572 4376 2653 4431 usi
2700 4376 3149 4445 praestantissimo
3182 4375 3437 4445 Georgio,

1862 4471 1979 4525 viro
2009 4468 2061 4523 in
2096 4468 2402 4538 hujusmodi
2441 4468 2602 4522 rebus
2629 4467 2871 4520 omnium
2926 4465 3236 4521 mortalium
3278 4480 3439 4520 exer-

1863 4558 2181 4614 citatissimo
2232 4557 2425 4625 :cujus
2455 4570 2620 4626 opera
2664 4556 2716 4609 in
2754 4553 2933 4610 futuro
2975 4570 3097 4609 cum
3149 4555 3289 4610 bona
3341 4568 3439 4625 spe

1862 4650 2070 4722 degetis
2109 4666 2124 4714 ;
2164 4649 2301 4704 etin
2350 4648 2601 4718 presenti
2640 4646 2983 4716 tranquillam
3038 4648 3208 4718 agetis
3248 4646 3437 4703 vitam.

1863 4743 2076 4799 Utinam
2102 4756 2291 4797 omnes
2310 4741 2467 4796 simul
2497 4741 2587 4811 qui
2613 4741 2665 4795 in
2700 4741 2800 4796 ista
2833 4739 2964 4795 urbe
2987 4740 3210 4806 degunt,
3229 4739 3298 4795 ab
3321 4740 3440 4811 ejus

1859 4852 2013 4905 voce,
2056 4845 2306 4906 tanquam
2338 4850 2368 4889 a
2399 4850 2550 4891 sacra
2599 4836 2860 4902 anchora,
2899 4836 3209 4905 pendeant:
3245 4851 3315 4893 ne
3350 4851 3438 4892 se-

1860 4929 2132 4988 ctionibus
2166 4936 2221 4985 et
2247 4928 2619 4983 adustionibus
2656 4929 3015 4999 indigeamus,
3049 4929 3312 4984 adversus
3337 4944 3432 4985 eos

1859 5036 2085 5093 quorum
2124 5020 2318 5074 anima:
2369 5028 2636 5090 corrupta:
2680 5029 2805 5074 sunt
2846 5034 2861 5073 3
2902 5035 3038 5090 quos
3092 5035 3438 5084 summopere

1859 5113 2141 5168 hortamur
2181 5120 2240 5165 ut
2280 5124 2311 5165 a
2338 5111 2517 5166 studio
2560 5124 2688 5181 erga
2736 5110 3095 5166 Athanasium
3143 5110 3433 5173 absistant,

1926 5288 2038 5360 (18)
2074 5286 2221 5353 Hmc,
2249 5288 2343 5361 καὶ
2371 5291 2482 5351 τοῖς
2510 5288 2692 5361 ,ἀλλοις
2714 5288 3093 5361 προσθέμενοι,
3120 5288 3343 5361 deerant
3378 5284 3429 5338 in

1854 5355 2269 5429 edi‘tis'propter
2306 5360 2729 5430 ὁμοιοτέλέυτον.
2760 5355 2876 5413 Sed
2926 5355 2987 5411 in
3037 5358 3168 5425 Reg.
3227 5355 3430 5408 haben-

1857 5441 2039 5571 ιω(19)
2096 5500 2265 5571 Reg.,
2325 5466 2610 5556 κατούσια.
2653 5498 2796 5551 Idem
2858 5511 3001 5560 mox,
3048 5493 3423 5564 ξεναγοῦντες,
3480 5564 3485 5565 γ

1855 5573 2039 5714 ΠΗ(ξῶ
2074 5640 2196 5695 Βίον
2255 5642 2438 5696 deerat
2480 5639 2531 5694 in
2558 5637 2718 5692 editis
2773 5654 2787 5691 :

1857 5723 2040 5854 ιιΙΙ(ἐι)
2072 5782 2160 5839 Sic
2186 5783 2341 5852 “03.,
2371 5779 2468 5841 τάς
2496 5777 2549 5832 in
2576 5776 2734 5833 editis
2771 5776 2944 5833 deest.

2844 5636 2935 5689 sed
2994 5637 3046 5690 in
3106 5634 3242 5709 Reg.
3293 5634 3425 5707 legi-
