3980 6506
519 413 626 469 655

1071 408 1129 463 S.
1170 401 1535 461 ATHANASII
1569 398 1717 456 OPP.
1757 394 1936 452 PARS
1976 394 2017 449 ι.
2055 423 2124 434 —-
2162 388 2536 447 HISTORICA
2575 386 2664 443 ΕΤ
2704 383 3126 441 DOGMATICA.

3647 387 3753 436 650

526 542 626 581 nec
674 524 1021 580 recordentur
1056 520 1342 593 superﬂua!
1385 520 1525 574 illius
1584 515 1934 587 garrulitatis,
1990 520 2082 566 aut

2213 490 2526 578 ξδολεσχίας,
2565 505 2598 576 ἢ
2644 504 2863 575 λήσουσι
2909 505 3020 565 τοῖς
3074 501 3325 572 ἐσχάτοις
3377 498 3554 570 ἔνοχοι
3607 497 3754 563 ὄντες

524 634 645 673 sero
674 616 1096 672 animadvertent
1132 631 1191 670 se
1231 618 1287 671 in
1329 612 1588 671 extremis
1621 608 1822 665 versari
1868 606 2082 676 pericu-

526 708 629 760 lis:
664 722 731 760 ex
755 705 946 773 quibus
986 706 1256 759 nescimus
1294 719 1360 758 an
1389 702 1510 771 quis
1551 715 1617 754 ex
1645 696 1975 767 gravissimis
2000 694 2082 749 vi-

526 797 604 850 ris
626 796 911 850 seditiosos
941 795 1133 865 eripiet
1158 795 1171 846 ι
1196 792 1501 848 Absurdum
1538 790 1733 860 quippe
1762 797 1864 853 est,
1902 786 2083 858 perdi-

529 888 793 942 tissimum
822 888 1196 949 Athanasium,
1224 887 1275 940 in
1304 884 1627 953 turpissimis
1665 881 1957 937 sceleribus
1988 878 2082 934 de-

528 976 894 1045 prehensum,
956 991 986 1029 a
1040 976 1255 1046 regione
1307 975 1359 1027 in
1414 973 1684 1043 regionem
1740 969 1973 1040 expelli,
2029 978 2087 1023 ut

530 1067 818 1137 aliquando
860 1066 1093 1120 debitum
1162 1064 1479 1133 supplicium
1529 1062 1683 1116 luat:
1725 1060 1770 1115 si
1814 1070 1990 1115 tamen
2035 1059 2087 1114 id

529 1158 773 1228 praestari
802 1158 988 1227 possit,
1024 1156 1236 1209 etiamsi
1276 1154 1400 1223 quis
1439 1152 1591 1207 illum
1620 1152 1812 1220 .decies
1840 1151 2084 1206 occidat:

533 1254 891 1299 assentatores
938 1252 1115 1296 autem
1153 1243 1267 1309 ejus
1299 1250 1353 1295 et
1399 1242 1692 1305 ministros,
1739 1241 2088 1309 prmstigiato-

532 1349 641 1399 res,
681 1333 919 1402 talesque
972 1333 1241 1399 homines,
1284 1340 1339 1386 ut
1378 1346 1471 1386 eos
1507 1330 1588 1386 vel
1624 1332 1900 1385 nominare
1940 1340 2092 1398 turpe

533 1427 624 1490 sit,
643 1425 970 1480 exsultantes
1001 1426 1272 1495 negligere
1302 1442 1315 1478 :
1342 1439 1478 1493 quos
1524 1423 1694 1478 occidi
1726 1422 1929 1493 jamdiu
1950 1422 2093 1491 judi-

533 1518 685 1572 cibus
718 1526 1036 1585 praeceptum
1065 1525 1166 1570 est.
1190 1515 1254 1568 Et
1284 1514 1509 1568 fortasse
1539 1514 1779 1569 morituri
1806 1513 1966 1583 250
1990 1527 2092 1567 non

535 1618 679 1674 sunt,
701 1609 747 1663 si
783 1623 812 1661 a
846 1608 1116 1677 prioribus
1138 1607 1345 1661 delictis
1374 1621 1497 1661 sero
1525 1606 1735 1661 tandem
1759 1607 2092 1676 resipiscant.

535 1702 737 1767 Quibus
773 1683 1219 1756 sceleratissimus
1275 1699 1599 1754 Athanasius
1638 1713 1697 1753 se
1732 1699 1917 1753 ducem
1957 1713 2094 1767 prae-

535 1788 670 1853 buit,
703 1804 825 1842 nam
859 1798 911 1842 et
938 1804 1045 1843 rem
1080 1788 1345 1857 publicam
1386 1786 1747 1852 labefactavit,
1777 1802 1839 1842 ac
1867 1789 2094 1843 sanctis-

536 1881 687 1935 simis
713 1881 844 1934 viris
874 1882 1063 1950 impias
1102 1890 1155 1934 et
1190 1880 1426 1935 nefarias
1466 1894 1655 1935 manus
1685 1880 1881 1934 intulit.

606 1972 693 2027 51.
735 1971 810 2026 De
836 1972 1148 2026 Frumentio
1181 1982 1356 2027 autem
1395 1972 1656 2028 Auxumis
1693 1974 1959 2042 episcOpo,
1986 1971 2100 2027 hac

536 2065 604 2119 ad
628 2064 865 2134 ejusdem
896 2065 1045 2119 urbis
1078 2072 1332 2134 tyrannos
1354 2064 1551 2133 scripta
1581 2074 1705 2118 sunt
1733 2079 1747 2116 ε

546 2241 722 2297 Victor
776 2242 1109 2299 Constantius
1147 2230 1409 2368 ngimtts
1462 2243 1722 2314 Augustus
1774 2242 1999 2298 .Ezanw
2054 2252 2104 2299 et

1243 2330 1449 2367 azanw.

1243 2330 1449 2367 azantv.

609 2404 856 2459 Maxima:
886 2405 1041 2460 nobis
1073 2412 1217 2459 cura:
1248 2418 1311 2458 ac
1356 2404 1532 2459 studio
1580 2413 1682 2469 est,
1714 2417 1775 2461 ut
1812 2406 1952 2461 Deus
2007 2421 2102 2462 co-

538 2505 859 2566 gnoscatur;
888 2495 992 2551 hoc
1024 2496 1078 2549 in
1109 2495 1321 2565 negotio
1344 2496 1487 2549 enim
1528 2495 1780 2561 arbitror,
1800 2511 1982 2565 parem
2011 2512 2106 2565 pro

539 2587 812 2641 communi
840 2586 1120 2641 hominum
1152 2601 1347 2656 genere
1380 2586 1792 2642 sollicitudinem
1818 2582 2106 2657 gerendam

539 2691 681 2741 esse,
736 2685 792 2729 ut
837 2678 904 2730 ad
954 2676 1049 2730 Dei
1104 2678 1351 2733 notitiam
1385 2677 1623 2741 deducti,
1656 2679 1820 2733 vitam
1856 2696 1977 2735 cum
2012 2695 2108 2751 spe

542 2766 861 2835 transigant,
886 2766 937 2820 in
965 2766 1218 2836 nulloque
1244 2768 1547 2837 discrepent
1576 2768 1719 2823 circa
1746 2769 1877 2838 justi
1907 2784 1971 2825 ac
1998 2770 2109 2825 veri

542 2859 992 2927 disquisitionem.
1034 2858 1167 2914 Cum
1202 2860 1291 2913 tali
1331 2860 1491 2930 igitur
1528 2876 1623 2915 vos
1667 2862 1999 2929 providentia
2029 2863 2111 2915 di-

540 2966 677 3019 gnos
725 2949 1043 3013 habeamus,
1069 2950 1323 3019 pariaque
1367 2948 1520 3005 vobis
1567 2959 1623 3005 ct
1665 2950 1923 3007 Romanis
1969 2967 2107 3021 prte-

540 3041 795 3106 heamus,
827 3056 987 3095 unam
1023 3041 1374 3111 eamdemque
1418 3042 1719 3097 doctrinam
1760 3044 1901 3111 apud
1935 3050 2112 3097 utros-

543 3146 646 3199 que
680 3131 733 3185 in
762 3132 1017 3188 Ecclesiis
1052 3133 1234 3203 vigere
1262 3134 1621 3203 praecipimus.
1645 3132 1822 3199 Quare
1850 3133 2109 3189 Frumen-

544 3223 674 3275 tium
705 3224 1011 3291 episcopum
1047 3224 1446 3293 quamprimum
1480 3224 1678 3279 mittite
1718 3224 1771 3277 in
1795 3222 2105 3294 Egyptum,

544 3312 686 3381 apud
722 3313 1195 3368 honoratissimum
1241 3313 1527 3383 Georgium
1563 3314 1868 3382 episc0pum
1896 3322 1949 3367 et
1975 3313 2109 3368 alios

546 3403 762 3475 Egypti
800 3405 1100 3474 episcopos.
1142 3404 1335 3474 quibus
1381 3406 1431 3458 in
1479 3407 1666 3474 primis
1714 3405 2017 3472 ordinandi,
2046 3421 2110 3461 ac

548 3502 804 3571 ejusmodi
856 3517 945 3557 res
996 3501 1319 3571 dijudicandi
1381 3503 1674 3557 auctoritas
1730 3503 1888 3557 inest.
1934 3500 2112 3556 Nostis

548 3594 689 3647 enim
725 3603 779 3648 et
816 3593 1157 3657 meministis,
1187 3593 1287 3648 nisi
1348 3607 1465 3661 qua:
1504 3592 1641 3661 apud
1681 3607 1869 3648 omnes
1896 3590 1948 3645 in
1979 3607 2111 3647 con-

549 3683 693 3738 fesso
726 3693 870 3749 sunt,
906 3684 1008 3739 soli
1052 3684 1307 3755 ignorare
1333 3684 1623 3746 simuletis,
1665 3683 2033 3740 Frumentium
2059 3685 2112 3739 in

550 3778 694 3831 hunc
718 3776 839 3831 vitae
868 3776 1091 3842 gradum
1122 3786 1426 3845 promotum
1451 3790 1571 3830 esse
1597 3778 1663 3831 ab
1682 3777 1977 3831 Athanasio
2000 3790 2115 3832 sex-

552 3866 726 3919 centis
756 3866 1072 3919 criminibus
1121 3866 1387 3931 obnoxio;
1420 3866 1513 3934 qui
1554 3880 1674 3919 cum
1708 3866 1905 3920 nullam
1945 3882 1976 3921 e
2012 3868 2113 3922 sibi

555 3962 718 4015 illatis
746 3960 1181 4015 accusationibus
1233 3959 1401 4029 probe
1437 3960 1639 4015 diluere
1681 3963 1962 4029 potuisset,
2000 3973 2113 4018 sta-

558 4055 651 4107 tim
686 4054 900 4122 quidem
925 4053 1179 4107 cathedra
1213 4052 1452 4107 excidit:
1486 4067 1549 4106 ac
1579 4068 1699 4106 cum
1723 4052 1907 4108 nullihi
1928 4055 2116 4110 viven-

557 4147 609 4201 di
642 4145 816 4199 locum
859 4144 1112 4214 reperiat,
1144 4142 1480 4197 errabundus
1519 4143 1587 4198 ab
1612 4143 1714 4197 alia
1755 4145 1807 4198 in
1844 4145 2002 4199 aliam
2032 4160 2117 4199 re-

557 4235 769 4303 gionem
821 4242 1082 4300 vagatur,
1130 4232 1283 4301 quasi
1332 4247 1396 4287 eo
1444 4242 1599 4301 pacto
1636 4247 1693 4287 se
1749 4234 1946 4287 malum
2000 4248 2119 4289 esse

558 4326 791 4396 ell'ugere
842 4324 1033 4393 possit.
1062 4322 1117 4377 Si
1142 4323 1305 4392 igitur
1326 4334 1516 4391 sponte
1546 4322 1886 4379 Frumentius
1914 4325 2120 4379 obtem-

558 4425 710 4482 peret
752 4413 987 4467 universi
1047 4428 1228 4466 rerum
1275 4421 1449 4467 status
1499 4414 1737 4468 rationes
1781 4402 2116 4480 redditurus,

2182 598 2462 660 κινδύνοις,
2494 590 2568 650 ὧν
2593 596 2694 648 οὐκ
2728 594 2881 665 ῐσμεν
2916 594 2969 646 εί
2992 611 3075 656 τις
3106 593 3215 645 τῶν
3249 592 3388 644 πάνυ
3425 590 3539 660 (22)
3570 590 3756 645 δεινῶν

2183 690 2525 759 ἐξαιρήσεται
2556 686 2678 749 τοὺς
2710 684 3115 747 στασιάζοντας.
3147 684 3261 737 Καὶ
3288 683 3396 754 γὰρ
3426 684 3631 737 ἄτοπον
3668 681 3757 738 τὸν

2187 781 2285 851 μὲν
2344 779 2566 849 δλεθρον
2644 776 2956 831 Ἀθανάσιον
3010 776 3113 845 γῆν
3173 774 3282 845 πρὸ
3346 773 3452 844 γῆς
3487 772 3758 844 ἀπεληλᾶ.

2186 872 2308 925 σθαι
2348 871 2480 942 (25),
2511 871 2604 924 καὶ
2655 872 2765 933 τοῖς
2808 868 3107 939 αἰσχίστοις
3151 867 3372 930 ἁλόντα,
3414 865 3491 929 ὥς
3531 882 3662 918 ποτε
3693 864 3757 918 ἂν

2185 967 2390 1026 ἐκεῖνος
2426 969 2523 1033 τὴν
2566 962 2721 1026 ἀξίαν
2759 963 3021 1023 ἐκτίσειε,
3066 961 3159 1013 καλ⁸
3201 960 3251 1011 εί
3296 958 3519 1011 δέκατόν
3552 973 3638 1019 τις
3667 957 3757 1010 τοῦ

2188 1054 2285 1125 ζῇν
2316 1054 2718 1125 προσαφέληται
2742 1071 2755 1085 ⁸
2785 1054 2912 1115 τοὺς
2942 1053 2997 1105 δὲ
3026 1052 3235 1105 ἐκείνου
3270 1050 3509 1112 κόλακας
3548 1050 3645 1101 καὶ
3674 1049 3758 1102 θε-

2190 1147 2464 1219 ραπευτὰς
2493 1146 2733 1217 ἀγύρτας
2760 1144 2939 1209 τινὰς,
2980 1144 3075 1197 καὶ
3110 1142 3385 1204 τοιούτους
3418 1139 3759 1210 ἀνθρώπους,

2189 1242 2330 1303 οἴους
2368 1238 2650 1310 ὀνομάζειν
2690 1240 2937 1308 αἰσχύνη,
2962 1238 3222 1307 περιορᾷν
3251 1234 3646 1303 σφαδάζοντας,
3674 1232 3762 1296 οὒς

2193 1334 2357 1387 πάλαι
2382 1332 2630 1386 τεθνάναι
2658 1331 2996 1402 διηγόρευται
3021 1333 3129 1392 τοῖς
3171 1328 3473 1389 δικασταῖς.
3498 1326 3612 1379 Καὶ
3639 1325 3765 1388 ἴσως

2191 1424 2398 1477 οὐδέπω
2432 1423 2768 1493 τεθνήξονται
2821 1422 2968 1491 (24),
3007 1420 3071 1491 ἢν
3130 1420 3234 1491 μὴ,
3286 1418 3395 1471 τῶν
3442 1416 3766 1487 φθασάντων

2194 1514 2521 1577 ἀποστάντες
2563 1512 3069 1584 πλημμελημάτων,
3097 1510 3196 1579 ὀψέ
3233 1526 3362 1561 ποτε
3399 1506 3760 1578 μεταθῶνταν

2193 1601 2267 1661 ὧν
2299 1608 2327 1658 ὁ
2360 1605 2756 1676 μοχθηρότατος
2801 1602 3114 1663 Ἀθανάσιος
3147 1603 3354 1670 ἡγεῖτο,
3384 1599 3479 1651 καὶ
3504 1599 3573 1667 τῇ
3619 1597 3763 1667 κοινῇ

2197 1696 2452 1768 πολιτεῖαι
2476 1696 2899 1766 λυμαινόμενος,
2927 1694 3017 1746 καὶ
3056 1696 3165 1755 τοῖς
3212 1690 3541 1759 ἁγιωτάτοις
3578 1689 3765 1743 δυσσε-

2199 1788 2309 1853 6εῖς
2332 1789 2423 1841 καὶ
2446 1790 2656 1855 ἐναγεῖς
2688 1786 2971 1858 προσάγων
3001 1786 3098 1847 τάς
3133 1786 3342 1855 χεῖρας.

2268 1967 2354 2022 31.
2400 1967 2468 2019 Ἀ
2496 1966 2551 2019 δὲ
2580 1966 2668 2019 καὶ
2840 1962 3200 2035 Φρουμεντίου
3229 1962 3389 2033 χάριν
3416 1960 3513 2015 τοῦ
3550 1959 3768 2014 ἐπισκό-

2198 2075 2302 2111 που
2338 2055 2434 2126 τῆς
2470 2056 2792 2127 Αύξούμεως
2826 2054 3132 2125 γέγραπται
3160 2056 3268 2117 τοῖς
3308 2054 3427 2105 ἐκεῖ
3463 2052 3767 2123 τυράννοις,

2200 2149 2313 2203 ἔστι
2345 2147 2540 2202 ταῦτα·

2302 2240 2562 2311 Νικητὴς
2607 2239 3017 2311 Κωστὰξιτιος
3041 2239 3337 2311 Μέγιστος
3385 2236 3689 2303 Σεϐαστὸς

2667 2308 2883 2375 Ἀϊζανᾷ
2924 2310 3020 2361 καὶ
3064 2307 3315 2374 Σαζανᾷ,

2272 2404 2418 2459 Πάνυ
2444 2403 2532 2458 διὰ
2560 2402 2835 2474 φροντίδος
2867 2400 2958 2453 καὶ
2990 2400 3077 2453 διὰ
3114 2400 3349 2471 σπουδῆς
3380 2400 3481 2471 τῆς
3516 2398 3769 2469 μεγίστης

2204 2498 2335 2570 ἡμῖν
2374 2500 2517 2551 ἐστιν
2551 2498 2584 2567 ἡ
2624 2493 2715 2550 τοῦ
2744 2494 3048 2565 κρείττονος
3090 2492 3309 2562 γνῶσις.
3342 2495 3435 2545 Δεῖ
3482 2493 3591 2563 γὰρ
3628 2487 3770 2563 οἶμαι

2204 2592 2265 2645 τὸ
2309 2589 2485 2643 κοινὸν
2526 2587 2633 2641 τῶν
2687 2585 2989 2656 ἀνθρώπων
3033 2584 3189 2652 γένος
3236 2584 3337 2654 τῆς
3392 2582 3518 2653 ῖο-ης
3564 2583 3622 2635 ὲν
3667 2585 3770 2644 τοῖς

2207 2682 2466 2745 τοιούτοις
2492 2678 2769 2745 ἀξιοῦσθαι
2802 2678 3143 2749 κηδεμονίας,
3171 2676 3245 2739 ὡς
3280 2676 3346 2729 ἂν
3384 2676 3546 2748 μέχρι
3571 2676 3663 2746 τῆς
3689 2674 3771 2727 ἑλ-

2208 2773 2358 2835 πίδος
2398 2770 2487 2825 τὸν
2536 2769 2645 2839 βίον
2687 2768 2953 2836 διάγοιεν,
2993 2766 3060 2820 τά
3096 2766 3319 2820 τοιαῦτα
3354 2767 3485 2837 περὶ
3515 2766 3609 2819 τοῦ
3644 2763 3771 2819 Θεοῦ

2210 2864 2586 2933 γινώσκοντες,
2632 2863 2727 2917 κα)⁸
2765 2862 2929 2933 μηδὲν
2955 2859 3349 2930 διαφωνοῦντες
3385 2860 3517 2930 περὶ
3555 2859 3653 2929 τὴν
3685 2855 3773 2910 τοῦ

2210 2958 2411 3011 δικαίου
2466 2958 2559 3010 καὶ
2620 2954 2849 3027 ἀληθοῦς
2905 2954 3162 3021 ἐξέτασιν.
3220 2952 3333 3023 Τῆς
3381 2953 3555 3023 αὐτῆς
3605 2952 3776 3005 τοίνυν

2211 3048 2464 3120 προνοίας
2500 3048 2773 3112 ἀξιοῦντες
2810 3047 2974 3116 ὑμᾶς,
3023 3046 3117 3098 καὶ
3156 3046 3265 3097 τῶν
3314 3043 3447 3097 ῖσων
3494 3043 3776 3113 Ῥωμαίοις

2216 3138 2602 3209 μεταδιδόντες,
2630 3137 2687 3191 ἓν
2708 3154 2758 3189 τι
2793 3138 2907 3206 μετ’
2937 3136 3112 3189 αὐτῶν
3134 3135 3312 3206 δόγμα
3340 3137 3565 3206 κρατεῖν
3587 3137 3644 3187 ὲν
3669 3136 3778 3196 ταῖς

2224 3228 2565 3298 Ἐκκλησίαις
2636 3226 2945 3297 κελεύομεν.
3004 3225 3210 3279 Ούκοῦν
3247 3224 3611 3295 Φρουμὲθτιον
3673 3223 3776 3293 (26)

2209 3321 2300 3375 τὸν
2334 3320 2625 3374 ἐπίσκοπον
2654 3318 2964 3388 ἐκπέμπετε
2989 3317 3086 3388 τὴν
3119 3317 3381 3387 ταχίστην
3410 3319 3491 3379 είς
3515 3318 3779 3384 Αἴγυπτον

2211 3410 2360 3481 παρά
2403 3410 2492 3461 τὸν
2537 3410 2859 3479 σεμνότατον
2901 3406 3168 3478 Γεώργιον
3211 3408 3305 3459 τὸν
3352 3408 3653 3460 ἐπίσκοπον
3692 3405 3781 3460 καὶ

2211 3502 2335 3563 τοὺς
2365 3500 2553 3563 ἀλλους
2592 3501 2715 3562 τοὺς
2750 3501 2869 3553 κατ’
2912 3499 3200 3566 Αἴγυπτον,
3242 3497 3291 3550 οἳ
3324 3496 3418 3550 τοῦ
3466 3500 3780 3567 χειροτονεῖν

2213 3594 2307 3647 καὶ
2331 3593 2534 3663 κρίνειν
2558 3592 2626 3644 τὰ
2654 3591 2875 3644 τοιαῦτα
2898 3590 3075 3660 κύριοι
3101 3589 3297 3659 μᾶλλόν
3322 3582 3483 3643 εἰσιν.
3516 3588 3655 3642 Ἴστε
3678 3588 3779 3657 γάρ

2213 3685 2382 3755 δήπου
2417 3684 2508 3737 καὶ
2546 3682 2843 3753 μέμνησθε,
2879 3684 2925 3734 εἰ
2957 3681 3029 3751 μὴ
3060 3680 3182 3734 λίαν
3204 3681 3274 3733 τὰ
3304 3680 3456 3752 παρά
3472 3682 3634 3733 πᾶσιν
3660 3684 3780 3749 ὁμο-

2214 3777 2515 3848 λογούμενα
2558 3776 2706 3847 μόνοι
2728 3777 2940 3844 ἀγνοεῖν
2970 3774 3372 3845 προσποιεῖσθε,
3399 3773 3482 3826 ὅτι
3507 3772 3595 3825 τὸν
3618 3773 3780 3841 Φρου-

2219 3870 2427 3941 μέντιον
2462 3868 2647 3921 τοῦτον
2683 3870 2761 3931 είς
2792 3867 2990 3936 ταύτην
3028 3866 3125 3936 τὴν
3160 3864 3311 3927 τάξιν
3354 3864 3449 3915 τοῦ
3498 3863 3611 3933 βίου
3655 3878 3779 3915 κατ-

2216 3962 2441 4031 ἑστησεν
2486 3959 2827 4022 Ἀθανάσιος,
2877 3957 3089 4028 μυρίοις
3130 3954 3310 4023 ἔνοχος
3355 3952 3431 4005 ὢν
3476 3954 3687 4015 κακοῖς·
3718 3950 3781 4012 ὃς

2216 4052 2365 4104 ούδὲν
2405 4050 2513 4103 τῶν
2542 4049 2948 4122 ἐπιφερομένων
2990 4046 3351 4117 ἐγκλημάτων
3383 4043 3535 4114 αύτῷ
3568 4041 3782 4102 δικαίως

2218 4142 2373 4213 ἔσχεν
2405 4140 2780 4202 ἐπιλύσασθαι,
2813 4139 3007 4192 αὐτίκα
3046 4138 3147 4207 τῆς
3177 4138 3277 4207 μὲν
3319 4135 3589 4205 καθέδρας
3625 4132 3783 4184 ἐκπέ-

2219 4247 2399 4284 πτωκε
2421 4270 2434 4294 ,
2469 4230 2562 4282 καὶ
2597 4229 2689 4282 τοῦ
2734 4228 2847 4298 βίου
2879 4225 2969 4281 τοῦ
3003 4228 3177 4296 πάντη
3218 4224 3537 4296 διαμαρτὼν
3574 4224 3781 4283 ἀλᾶται,

2221 4324 2313 4375 ἀπ’
2350 4322 2513 4391 ἄλλης
2553 4322 2631 4383 εἰς
2660 4320 2824 4391 ἀλλην
2850 4321 2953 4390 γῆν
2997 4320 3477 4389 μετανιστάμενος,
3511 4317 3687 4383 ὥσπερ
3715 4314 3783 4365 ὲκ

2220 4412 2409 4466 τούτου
2450 4412 2511 4465 τὸ
2549 4411 2717 4475 κακὸς
2754 4406 2895 4464 εἶναι
2944 4408 3384 4479 διαφευξόμενος.
3440 4408 3504 4460 Et
3552 4407 3645 4476 μὲν
3685 4398 3786 4455 οὖν

558 4513 893 4573 compertum
926 4503 1180 4559 omnibus
1208 4505 1313 4557 erit
1342 4518 1465 4558 eum
1503 4505 1571 4560 ab
1609 4504 1863 4560 Ecclesiae
1892 4504 2106 4574 legibus.

2224 4506 2451 4577 ἑτοίμως
2500 4504 2859 4559 ὑπακούσειεν
2909 4506 2937 4557 ὁ
2981 4502 3374 4574 Φρουμέντιος,
3423 4498 3644 4559 εὐθύνας
3680 4495 3785 4564 τῆς

562 4606 617 4651 et
644 4611 673 4650 a
710 4596 813 4651 [ide
839 4610 959 4665 quae
995 4595 1107 4665 jam
1146 4596 1389 4661 obtinet,
1431 4596 1732 4651 nullatenus
1771 4598 2120 4667 discrepare;

562 4700 791 4756 cumque
840 4685 1106 4755 judicatus
1138 4686 1320 4754 fuerit,
1348 4686 1614 4755 totiusque
1648 4688 1769 4742 vita:
1789 4704 1898 4744 sua:
1921 4689 2127 4758 experi-

562 4788 803 4833 mentum
832 4779 1061 4843 dederit,
1090 4778 1315 4848 ejusque
1353 4779 1615 4834 rationem
1650 4779 1787 4848 apud
1832 4794 1925 4835 eos
1953 4781 2128 4835 reddi-

566 4868 707 4922 derit
745 4867 809 4921 ad
835 4881 970 4936 quos
995 4866 1229 4936 pertinet
1257 4865 1566 4934 huiusmodi
1610 4866 1825 4937 negotia
1858 4865 2124 4934 judicare,

567 4958 637 5012 ab
665 4959 743 5013 eis
780 4961 1171 5023 constituetur;
1208 4959 1254 5012 si
1298 4967 1473 5013 tamen
1513 4972 1672 5012 verus
1700 4957 2128 5028 episcopusjux-

570 5057 730 5118 taque
755 5048 899 5116 leges
929 5050 1211 5103 ordinatus
1236 5049 1419 5103 haberi
1456 5048 1598 5102 velit.
1629 5048 1781 5115 Quod
1822 5049 1865 5103 si
1905 5064 2127 5116 procra-

2226 4598 2353 4668 ὄλης
2386 4596 2764 4658 καταστάσεως
2791 4594 2995 4658 δώσων,
3029 4592 3185 4662 δῆλος
3214 4591 3367 4644 ἔσται
3399 4588 3550 4660 παρὰ
3575 4587 3786 4640 πάντων

2226 4688 2305 4759 τῷ
2338 4688 2438 4757 τῆς
2492 4686 2813 4757 Ἐκκλησίας
2856 4686 3005 4757 νόμῳ
3046 4686 3139 4739 καὶ
3183 4688 3251 4755 τῇ
3293 4684 3569 4756 κρατούσῃ
3612 4682 3787 4733 πίστει

2230 4781 2349 4833 κατ’
2390 4778 2539 4831 οὐδὲν
2580 4777 2890 4847 διαφωνῶψ
2943 4777 3149 4847 κριθείς
3198 4794 3257 4829 τε
3303 4778 3398 4829 καὶ
3436 4776 3557 4837 δοὺς
3598 4774 3786 4841 πεῖραν

2232 4868 2420 4923 ἑαυτοῦ
2458 4868 2550 4922 τοῦ
2580 4870 2775 4932 παντὸς
2808 4867 2945 4937 βίου,
2975 4868 3069 4920 καὶ
3096 4866 3251 4933 λόγον
3294 4866 3484 4919 τούτου
3516 4861 3784 4935 παρασχό-

2238 4978 2394 5034 μενος
2433 4960 2585 5031 παρά
2622 4961 2728 5013 τῶν
2758 4958 2827 5011 τὰ
2872 4958 3092 5011 τοιαῦτα
3131 4959 3443 5030 κρινόντων.
3487 4957 3593 5011 Καὶ
3623 4971 3785 5008 κατα·

2236 5054 2488 5124 στήσεται
2530 5052 2656 5123 παρ’
2690 5050 2887 5114 αὐτῶν,
2918 5052 2966 5102 εἰ
3005 5049 3184 5120 μέλλοι
3216 5049 3294 5120 τῷ
3325 5050 3435 5103 ὅντι
3462 5048 3597 5101 κατά
3619 5046 3673 5099 τὸ
3702 5045 3785 5098 δι-

570 5139 878 5206 stinaverit,
915 5154 979 5193 ac
1013 5139 1274 5208 judicium
1316 5139 1727 5210 subterfugerit,
1765 5140 1942 5208 palam
1986 5149 2106 5195 οοτιι

2235 5160 2388 5197 καιον
2416 5142 2708 5204 ἐπίσκοπος
2739 5138 2873 5194 εἶναι
2904 5141 3096 5194 δοκεῖν.
3132 5141 3194 5193 El
3231 5140 3287 5193 δὲ
3321 5139 3657 5193 ἀναϐάλλοιτο
3684 5134 3784 5186 καὶ

570 5232 679 5286 erit
729 5231 901 5301 ipsum
957 5230 1322 5286 scelestissimi
1355 5232 1633 5288 Athanasii
1666 5233 2004 5288 sermonibus
2046 5245 2133 5286 se-

647 5454 753 5527 (τε)
774 5455 849 5527 Ita
876 5456 1005 5527 Reg.
1048 5465 1101 5511 et
1120 5457 1196 5510 sic
1225 5456 1523 5525 legendum.
1558 5456 1719 5523 Editi,
1751 5456 1850 5527 τῆς
1874 5459 2037 5513 πάνυ.

644 5525 755 5595 (25)
784 5526 875 5595 Sic
910 5526 1106 5593 Regius
1123 5538 1176 5580 et
1196 5526 1482 5582 Basiliens.
1506 5527 1669 5593 Editi,
1694 5525 1969 5595 mendose,
2001 5531 2136 5582 ἀπε-

490 5570 515 5589 ’
578 5570 1403 5665 πλῆἷέσόᾆῖ,’ἐῐ“ἓίτέἕτξῆῐᾱᾶὁᾶἷζ

650 5663 761 5734 βό)
812 5665 1000 5734 Ειιὶιί,
1030 5663 1284 5717 ούδέποτε
1324 5663 1622 5734 θνήξονται.
1670 5664 1802 5732 Reg.
1856 5676 1909 5721 et
1947 5668 2131 5733 Basil.,

580 5732 787 5809 οῦδέπω
823 5732 1201 5809 τεθνήξονται.
1262 5732 1418 5790 ἀιὼίίὶ
1479 5736 1662 5790 lectio.
1714 5735 1835 5791 Mox
1886 5741 1959 5809 μή
2014 5732 2131 5808 post

585 5800 648 5861 ἣν
678 5800 1003 5863 superﬂuum
1031 5805 1259 5859 videtur.

2238 5234 2427 5305 φεύγοι
2451 5233 2549 5303 τὴν
2577 5233 2775 5303 κρίσιν,
2803 5232 3019 5303 εὔδηλον
3057 5234 3343 5303 δήπουθεν,
3378 5234 3459 5286 ὃτι
3486 5235 3590 5295 τοῖς
3628 5227 3785 5281 Ἀθά·

2310 5458 2421 5529 (25)
2449 5458 2617 5529 Hujus
2655 5458 2949 5529 Erumentii
2974 5458 3263 5529 historiam
3296 5460 3416 5514 vide
3441 5459 3571 5527 apud
3606 5454 3783 5529 Ruﬁn.

2240 5529 2276 5583 l.
2312 5526 2351 5591 ι,
2379 5526 2430 5583 ο.
2472 5526 2558 5594 l9,
2585 5538 2639 5583 et
2673 5527 2939 5583 Theodor.
2971 5528 3008 5582 l.
3048 5543 3089 5592 ι,
3111 5543 3160 5583 c.
3191 5527 3281 5591 23,
3314 5539 3370 5583 et
3414 5526 3485 5583 in
3510 5526 3788 5580 Athanasii

2249 5598 2368 5681 Yita
2395 5614 2423 5681 a
2464 5599 2616 5681 nobis
2651 5598 2945 5674 adornata;
2974 5598 3067 5651 τόν
3106 5599 3257 5653 deest
3289 5598 3343 5651 in
3374 5601 3562 5658 editis.
3594 5596 3675 5651 sed
3725 5595 3785 5647 in

2240 5668 2371 5736 Reg.
2403 5668 2612 5790 legitur.
2829 5668 2869 5674 ”

2309 5735 2421 5804 (26)
2492 5748 2577 5791 ost
2603 5738 2738 5801 haec,
2771 5736 2896 5791 editi
2921 5737 3139 5798 habent,
3163 5737 3315 5801 τέλος
3352 5737 3452 5805 τῆς
3502 5731 3791 5802 ἐπιστολῆς

2236 5805 2458 5870 ταύτης,
2484 5822 2602 5869 qua:
2631 5808 2796 5873 verba
2828 5808 3019 5863 desunt
3049 5807 3099 5860 in
3129 5806 3261 5870 Reg.
3296 5817 3346 5861 et
3371 5808 3532 5861 Basil.
