3980 6496
220 420 314 476 657

1236 405 1579 464 APOLOGIA
1617 406 1708 460 AD
1749 402 2240 461 CONSTANTIUM
2289 404 2426 461 IMP.

3356 406 3462 463 638

218 537 398 595 νασίου
456 532 553 588 τοῦ
611 530 976 604 πονηροτάτου
1030 527 1207 597 λόγοις
1255 525 1495 597 ἠγμένος
1544 522 1793 577 δυσσεϐεῖ

1897 520 2111 576 ductum
2146 521 2308 591 impie
2349 520 2417 577 de
2448 518 2559 576 Deo
2601 519 2823 589 sentire,
2868 522 2941 577 ita
2987 534 3181 592 nempe
3209 519 3462 576 affectum

224 631 346 709 ⁸περὶ
388 628 449 683 τὸ
496 628 669 693 θεῖον,
705 624 847 679 οὕτω
887 620 1271 695 προῃρημένος
1300 618 1376 683 ὡς
1421 618 1628 679 ἐκεῖνος
1681 616 1791 668 άπ-

218 706 426 795 έδείχθη
458 718 693 791 πονηρὸς
726 716 818 770 ὧν.
847 716 957 768 Καὶ
976 714 1093 777 δέος
1121 712 1216 784 μὴ,
1247 710 1436 773 διαϐάς
1474 710 1553 773 εἰς
1582 706 1788 772 Λύξου-

222 832 330 887 μιν,
359 810 651 882 διαφθείρῃ
683 809 809 868 τοὺς
852 805 981 875 παρ’
1018 805 1168 875 ὑμῖν,
1217 801 1409 869 λόγους
1442 800 1653 866 ἐναγεῖς
1694 796 1789 849 καὶ

217 905 489 967 δυσσεϐεῖς
542 900 947 974 παρεχόμενος,
1001 894 1076 967 μὴ
1113 894 1272 965 μόνον
1318 892 1418 955 τὰς
1466 888 1790 960 Ἐκκλησίας

219 997 457 1068 συγχέων
486 994 580 1049 καὶ
609 990 872 1064 θορυϐῶν,
906 989 1001 1042 καὶ
1033 984 1365 1057 βλασφημῶν
1393 986 1473 1047 εἰς
1493 983 1584 1037 τὸν
1610 981 1789 1054 κρείτ-

215 1108 359 1155 τονα,
400 1087 536 1143 άλλά
562 1085 656 1139 καὶ¹
678 1084 790 1148 τοῖς
820 1080 961 1135 κατά
986 1081 1045 1133 τὸ
1070 1079 1219 1142 ἔθνος
1248 1079 1310 1130 ἐκ
1334 1078 1538 1129 τούτων
1566 1076 1790 1145 ἀνατρο-

217 1184 320 1255 πὴν
359 1182 456 1235 καὶ
493 1179 787 1233 ἀνάστασιν
840 1172 1078 1243 παντελῆ
1122 1168 1417 1241 προξενῶν.
1466 1168 1655 1236 Ἰσμεν
1708 1165 1785 1228 δέ,

214 1275 311 1339 ὅτι,
353 1268 686 1343 προσμαθών
720 1286 772 1321 τι
816 1266 908 1320 καὶ
953 1264 1093 1335 μέγα
1138 1260 1234 1315 καὶ⁹
1271 1260 1447 1313 κοινὸν
1489 1258 1679 1328 ὄφελος
1726 1258 1789 1309 ἐκ

161 1358 307 1453 iaci};
328 1364 423 1419 τοῦ
453 1360 782 1434 σεμνοτάτου
808 1356 1080 1430 Γεωργίου
1112 1352 1397 1414 συνουσίας
1424 1350 1785 1419 άπονάμενος,

214 1459 305 1513 καὶ
339 1456 447 1511 τῶν
475 1453 703 1517 λοιπῶν,
749 1453 862 1504 ὅσοι
906 1450 975 1502 τὰ
1020 1445 1244 1501 τοιαῦτα
1289 1441 1563 1496 παιδεύειν
1606 1440 1790 1512 ἄκρως

216 1555 377 1614 ἴσασι,
405 1548 508 1621 τὴν
541 1545 709 1617 αὐτὴν
737 1541 1019 1613 ἐπανήξει,
1058 1540 1231 1594 πάντα
1270 1536 1339 1590 τά
1366 1536 1471 1588 τῶν
1498 1534 1788 1603 ἐκκλησια-

215 1642 409 1698 στικῶν
440 1642 521 1704 εἰς
552 1639 719 1711 ἀκρον
760 1633 1107 1708 ήκριϐωκώς.
1153 1633 1212 1685 '0
1248 1629 1379 1692 Θεὸς
1412 1628 1557 1699 ὑμᾶς
1599 1626 1790 1697 διαφυ-

215 1737 414 1801 λάττοι,
450 1731 671 1801 ἀδελφοὶ
695 1728 1036 1800 τιμιώτατοι.

278 1829 366 1884 52.
404 1826 591 1879 Ταῦτα
618 1821 830 1878 ἀκούων
860 1819 991 1889 ἐγὼ,
1019 1817 1114 1872 καὶ
1142 1815 1324 1888 σχεδὸν
1352 1814 1562 1887 βλέπων
1592 1811 1683 1882 ἀφ’
1713 1803 1787 1867 ὧν

1892 621 1950 666 ιιι
2009 612 2101 667 ille
2142 612 2369 669 affectus
2404 614 2711 670 declaratus
2748 623 2854 679 est,
2900 613 3157 670 scelestus
3206 628 3331 668 cum
3367 612 3462 668 sit.

1890 702 2311 774 Verendumque
2352 714 2438 760 est
2480 721 2548 761 ne
2592 705 2896 760 Auxumim'
2934 705 3233 776 profectus,
3261 714 3468 759 vestra-

1887 804 1970 851 tes
1988 796 2210 851 nefariis
2233 806 2288 852 et
2310 797 2489 869 impiis
2508 796 2849 852 sermonibus
2875 804 3211 865 corrumpat;
3245 809 3344 849 nec
3371 808 3466 849 so-

1889 887 1997 942 lum
2028 889 2285 944 ecclesias
2310 889 2607 944 confundat
2627 897 2681 944 et
2711 889 2911 954 turbet,
2945 888 2996 942 in
3037 889 3313 956 Deumque
3347 886 3464 939 bla-

1889 980 2157 1050 sphemet,
2203 982 2297 1036 sed
2335 982 2498 1036 etiam
2535 981 2759 1052 singulis
2796 980 3105 1035 nationibus
3130 981 3257 1034 hinc
3281 986 3465 1033 vasta-

1890 1072 2053 1127 tionis
2083 1079 2138 1127 et
2186 1074 2381 1128 excidii
2433 1084 2623 1129 auctor
2662 1074 2754 1129 sit.
2802 1073 3020 1129 Certum
3058 1072 3255 1143 quippe
3292 1073 3465 1127 habeo

1888 1162 2059 1231 ipsum
2098 1162 2468 1221 Frumentium
2505 1181 2609 1221 non
2650 1181 2823 1237 pauca
2871 1167 3142 1230 edoctum,
3197 1179 3468 1236 magnam-

1888 1269 1993 1324 que
2040 1255 2093 1310 in
2149 1256 2422 1326 publicum
2479 1258 2679 1313 bonum
2732 1258 3021 1313 utilitatem
3076 1269 3464 1322 consecutum,

1887 1347 2338 1404 venerabilissimi
2394 1349 2601 1405 scilicet
2656 1350 2871 1421 Georgii
2908 1350 3203 1415 consortio,
3255 1356 3513 1405 necnon‘

1888 1439 2214 1508 reliquorum
2246 1440 2337 1509 qui
2374 1441 2425 1495 in
2452 1441 2518 1497 iis
2541 1442 2798 1498 docendis
2830 1444 3070 1513 apprime
3094 1443 3290 1498 versati
3316 1453 3465 1507 sunt,

1889 1532 1956 1586 ad
1988 1547 2114 1588 suas
2138 1534 2293 1589 sedes
2315 1549 2685 1600 reversurum,
2714 1535 2767 1589 in
2794 1536 3044 1591 omnibus
3080 1536 3472 1591 ecclesiasticis

1888 1622 2049 1679 rebus
2074 1624 2316 1694 apprime
2346 1625 2640 1680 eruditum.
2666 1626 2808 1683 Deus
2838 1640 2934 1682 vos
2961 1628 3247 1695 custodiat,
3273 1627 3471 1685 fratres

1890 1713 2322 1774 honoratissimi.

1957 1809 2049 1865 32.
2080 1808 2175 1864 His
2208 1809 2408 1865 auditis
2431 1819 2484 1865 et
2504 1809 2893 1881 propemodum
2931 1811 3249 1880 perspectis,
3277 1824 3374 1879 per
3402 1824 3470 1865 ea

214 1923 260 1974 οἱ
292 1917 725 1988 ἀπαγγέλλοντες
758 1912 1044 1985 ὠδύροντο,
1076 1906 1339 1981 ὁμολογῶ,
1370 1906 1531 1961 πάλιν
1570 1907 1648 1968 είς
1689 1904 1787 1975 τὴν

1897 1918 2007 1973 quae
2046 1902 2217 1957 nuntii
2250 1901 2383 1957 fusis
2424 1903 2683 1974 lacrymis
2721 1902 3072 1967 enarrabaut,
3094 1903 3265 1956 fateor
3304 1915 3389 1957 me
3414 1902 3471 1957 ln

216 2014 416 2085 ἔρημον
444 2009 780 2081 ὑπέστρεψα,
818 2004 975 2059 τοῦτο
1020 2001 1407 2071 λογισάμενος,
1446 2000 1582 2068 ὅπερ
1627 1997 1719 2049 καὶ
1752 1997 1786 2067 ή

216 2106 280 2177 σὴ
315 2102 597 2158 θεοσέϐεια
641 2099 867 2171 συνορᾷο
904 2096 1005 2159 ὅτι,
1052 2096 1101 2147 εἰ
1139 2088 1468 2164 ζητούμεθα,
1502 2090 1588 2141 ἶνα
1629 2088 1786 2158 εὑρε-

216 2175 395 2255 θέντες
430 2186 923 2262 παραπεμφθῶμεν
964 2182 1102 2255 πρὸς
1154 2181 1280 2243 τοὺς
1329 2178 1634 2250 ἐπάρχους,
1681 2175 1790 2229 κώ-

215 2284 362 2347 λυσίς
397 2286 515 2337 ἐστι
548 2280 642 2334 τοῦ
682 2279 756 2351 μὴ
790 2276 941 2350 παρά
986 2275 1085 2345 τὴν
1118 2273 1217 2344 σήν
1259 2268 1667 2341 φιλανθρωπίαν
1704 2267 1791 2319 ἐλ-

215 2377 343 2430 θεῖν.
374 2375 488 2429 Καὶ
512 2376 560 2427 εἰ
584 2374 633 2426 οἱ
670 2372 744 2443 μὴ
772 2369 1093 2440 θελήσαντες
1118 2361 1427 2434 ὑπογράψαι
1466 2359 1587 2414 καθ’
1611 2357 1787 2431 ἡμῶν,

213 2469 435 2525 τοιαῦτα
478 2467 572 2522 καὶ
612 2463 848 2519 τοσαῦτα
880 2458 1230 2521 πεπόνθασιν,
1255 2456 1397 2510 οἵτε
1438 2452 1511 2526 μὴ
1549 2452 1791 2514 θέλοντες

213 2566 319 2621 τῶν
343 2560 553 2618 λαῖκῶν
588 2557 865 2614 κοινωνεῖν
895 2555 1007 2617 τοῖς
1062 2550 1355 2620 ’Ᾱρειανοῖς
1393 2545 1790 2616 ἐκελεύσθησαν

214 2656 578 2726 ἀποθνήσκειν
596 2666 609 2680 ⁸
652 2648 750 2701 οὐκ
789 2643 1086 2718 ἀμφίϐολον
1105 2680 1120 2707 ,
1149 2640 1231 2693 ὃτι
1260 2640 1475 2700 πάντως
1504 2636 1791 2707 ἐπινοηθῆ-

217 2764 397 2802 σονται
433 2741 587 2813 παρά
614 2733 1108 2806 τῶνοσυκοφαντῶν
1144 2731 1446 2802 καινότεροι
1479 2729 1573 2783 καὶ
1609 2728 1790 2799 μυρίοι

214 2840 433 2894 θάνατοι
463 2833 587 2889 κατ’
613 2829 747 2903 ἐμοῦ
773 2846 786 2860 “
816 2828 911 2883 καὶ
949 2824 1088 2897 μετά
1121 2824 1348 2878 θάνατον
1379 2821 1660 2892 κινήσουσι
1689 2818 1797 2872 λοι-

211 2926 311 2979 πὸν
362 2918 447 2986 οἷς
491 2920 771 2992 βούλονται
832 2914 928 2969 καὶ
972 2914 1009 2968 ἃ.
1060 2912 1339 2984 βούλονται
1387 2910 1688 2982 πράγματα
1741 2908 1792 2960 οἱ

212 3018 417 3091 ἐχθροὶ,
450 3014 771 3086 ψευδόμενοι
810 3007 931 3063 καθ’
979 3003 1137 3077 ήμῶν
1180 3002 1457 3075 μειζόνως,
1484 3001 1558 3064 ὡς
1596 3000 1794 3072 μηκέτι

211 3114 429 3183 ἔχοντες
455 3109 583 3171 τοὺς
613 3106 931 3176 ἐλέγχοντας
969 3098 1185 3161 αὐτούς.
1210 3096 1283 3150 Οὐ
1325 3094 1433 3167 γάρ
1459 3094 1556 3164 τὴν
1585 3094 1684 3165 σὴν
1706 3094 1797 3147 εὐ-

213 3204 434 3258 σέϐειαν
471 3196 659 3261 δεδιὼς
688 3196 914 3266 ἔφευγον
950 3185 1101 3263 (οῖδα
1136 3187 1245 3257 γάρ
1279 3203 1370 3238 σου
1419 3186 1518 3256 τὴν
1547 3184 1794 3251 ἀνεξικα-

1889 2007 2130 2048 eremum
2202 1991 2454 2047 retulisse
2510 1992 2737 2061 pedem,
2780 1991 2833 2046 id
2886 1992 3068 2047 animo
3111 1993 3474 2061 perpendens,

1887 2086 2032 2155 quod
2086 2093 2190 2139 tute
2238 2098 2452 2154 quoque
2503 2082 2751 2154 religioni
2815 2092 3155 2152 perspectum
3213 2083 3472 2148 arbitror,

1892 2178 1939 2233 si
1983 2192 2081 2233 nos
2129 2191 2519 2246 quaereremur,
2553 2185 2614 2230 ut
2639 2174 2961 2244 deprehensi
2988 2176 3375 2230 adduceretnur
3403 2177 3472 2229 ad

1894 2271 2203 2340 praefectos,
2232 2269 2350 2325 fore
2395 2269 2524 2324 illud
2564 2270 3008 2339 impedimentum
3059 2282 3125 2322 ne
3184 2275 3330 2321 tuam
3372 2266 3472 2321 ad-

1889 2365 2093 2419 iremus
2136 2362 2548 2433 benignitatem.
2576 2361 2712 2417 Nam
2760 2362 2807 2418 si
2857 2360 2891 2415 ii
2928 2359 3020 2430 qui
3056 2352 3342 2414 adversum
3372 2372 3477 2412 nos

1890 2453 2236 2511 subscribere
2293 2460 2617 2507 recusarunt
2666 2461 2746 2508 tot
2792 2452 3069 2521 tantisque
3130 2449 3287 2505 malis
3346 2458 3477 2505 sunt

1891 2545 2067 2601 affecti
2110 2561 2126 2602 :
2170 2544 2217 2600 si
2268 2543 2393 2599 laici
2447 2544 2540 2614 qui
2603 2559 2727 2599 cum
2789 2543 3010 2598 Arianis
3068 2541 3480 2598 communicare

1893 2636 2183 2691 noluerunt
2247 2633 2445 2704 capitis
2518 2634 2761 2690 damnati
2823 2644 2999 2700 sunt;
3048 2631 3183 2687 nihil
3247 2630 3474 2688 dubium

1892 2738 2009 2783 erat
2094 2726 2397 2782 recentiora
2474 2740 2540 2782 ac
2619 2733 2870 2782 sexcenta
2934 2724 3100 2793 necis
3188 2739 3383 2795 genera
3445 2738 3476 2776 a

1894 2821 2050 2892 251
2093 2821 2444 2893 sycophantis
2495 2822 2782 2876 adversum
2828 2834 2915 2874 me
2963 2818 3329 2890 excogitatum
3366 2817 3475 2873 iri:

1894 2930 2088 2985 meque
2128 2916 2450 2970 obtruncato
2495 2913 2837 2969 adversarios
2874 2921 3091 2967 nostros
3122 2910 3385 2979 quidlibet
3416 2907 3473 2963 in

1896 3009 2166 3079 quoslibet
2198 3007 2608 3062 machinaturos
2638 3021 2778 3074 esse,
2813 3020 2989 3075 eoque
3021 3005 3275 3059 libentius
3305 3002 3481 3057 auda-

1897 3104 2125 3173 ciusque
2164 3101 2509 3165 mentituros,
2557 3113 2665 3169 quo
2700 3097 2832 3153 nulli
2871 3097 3101 3151 aderunt
3133 3096 3223 3165 qui
3260 3108 3319 3150 se
3350 3092 3479 3149 falsi

1897 3203 2148 3265 arguant.
2185 3192 2304 3247 Non
2338 3192 2482 3248 enim
2515 3192 2586 3247 ob
2618 3189 2840 3261 pietatis
2870 3197 2977 3243 tua:
3007 3186 3352 3255 formidinem
3380 3200 3479 3238 auo

158 3354 161 3355 ν
213 3297 335 3350 κίαν
376 3292 472 3347 καὶ
506 3289 607 3361 τὴν
643 3260 1105 3358 φιλανθρωπίαν),
1142 3278 1254 3333 ἀλλ’
1292 3277 1430 3349 ὁρῶν
1461 3278 1524 3330 ἐκ
1563 3276 1669 3329 τῶν
1706 3292 1793 3344 γιο

1898 3260 2008 3359 Γυέὶ
2042 3302 2057 3341 :
2092 3285 2366 3356 explorata
2410 3284 2610 3354 quippe
2653 3282 2786 3337 mihi
2832 3289 2917 3336 est
2964 3289 3052 3334 tua
3099 3276 3385 3349 clementia
3424 3284 3480 3329 et

212 3389 454 3460 νομένων
475 3386 567 3439 τὸν
596 3381 765 3454 θυμὸν
792 3378 899 3433 τῶν
928 3373 1156 3447 ἐχθρῶν,
1184 3372 1278 3426 καὶ
1316 3369 1679 3451 λογιζόμενος,
1710 3370 1793 3422 ὅτι

213 3482 540 3553 φοϐούμενοι
569 3478 777 3550 μήποτε
810 3470 1135 3543 ἐλεγχθῶσιν
1167 3468 1248 3536 ἐφ’
1270 3460 1350 3529 οἷς
1376 3464 1615 3536 ἔπραξαν
1646 3462 1796 3534 παρὰ

214 3575 440 3646 γνώμην
495 3570 597 3642 τῆς
649 3569 746 3639 σῆς
786 3560 1211 3631 καλοκάγαθίας,
1267 3558 1442 3612 πάντα
1499 3555 1795 3629 πράξουσιν

213 3668 354 3721 ῶστε
387 3664 483 3719 καὶ
515 3662 852 3717 ἀποκτεῖναι.
897 3656 1027 3710 Ἰδοὺ
1062 3652 1171 3723 γὰρ
1206 3653 1239 3723 ἡ
1271 3650 1368 3722 μὲν
1399 3648 1465 3720 σὴ
1494 3648 1797 3718 φιλανθρωα

212 3740 319 3812 πία
353 3757 519 3829 μόνον
554 3752 659 3820 ἔξω
683 3750 790 3805 τῶν
831 3749 1037 3803 πόλεων
1071 3746 1167 3800 καὶ
1199 3744 1297 3814 τῆς
1325 3739 1591 3812 ἐπαρχίας
1628 3754 1797 3810 προσ-

211 3836 808 3917 έταξενζέκϐάλλεσθαι
863 3840 989 3902 τοὺς
1057 3835 1418 3896 ἐπισκόπους·
1469 3832 1518 3884 οἱ
1561 3830 1616 3883 δὲ
1669 3829 1798 3882 θαυ-

213 3943 436 4017 μαστοὶ,
482 3937 645 3992 πλέον
687 3952 738 3989 τι
784 3933 881 4004 τῆς
936 3931 1035 4001 σῆς
1074 3925 1419 4001 προστάξεως
1468 3921 1796 3993 τολμῶντες,

210 4016 352 4108 ύπέρ
377 4034 530 4106 τρεῖς
552 4028 817 4101 ἐπαρχίας
848 4027 927 4089 εἰς
954 4024 1192 4096 ἐρήμους
1230 4019 1325 4073 καὶ
1359 4018 1547 4089 ἀήθεις
1580 4016 1672 4069 καὶ
1703 4032 1800 4083 φο-

207 4107 411 4200 ϐεροὺς
459 4125 661 4185 τόπους
711 4117 975 4188 ἐξώρισαν
1025 4115 1285 4185 γέροντας
1337 4109 1655 4181 ἀνθρώπους
1704 4107 1799 4160 καὶ

210 4197 501 4280 πολυετεῖς
538 4212 891 4273 ἐπισκόπους.
929 4210 990 4262 Οἱ
1036 4207 1132 4278 μὲν
1171 4203 1279 4275 γὰρ
1312 4202 1420 4255 ἀπὸ
1457 4200 1556 4269 τῆς
1592 4197 1798 4267 Λιϐύης

212 4318 292 4380 εἰς
334 4314 435 4385 τήν
465 4309 707 4383 μεγάλην
739 4307 950 4368 Ὄασιν,
990 4303 1038 4355 οἱ
1064 4300 1122 4355 δὲ
1156 4299 1264 4353 ἀπὸ
1290 4300 1390 4369 τῆς
1416 4294 1680 4366 Θηϐαΐδος
1719 4293 1800 4357 είς

211 4411 311 4469 τὴν
351 4401 743 4478 Ἀμμωνιακὴν
783 4402 882 4470 τῆς
914 4394 1119 4466 Λιϐύης
1151 4391 1557 4460 ἀπεστάλησαν.
1597 4387 1705 4441 Καὶ
1737 4385 1798 4438 ού

211 4476 612 4563 δεδιὼςήπάλιν
657 4491 969 4555 ἀποθανεῖν,
1016 4488 1249 4557 ἐφυγοψ
1300 4483 1373 4555 μὴ
1421 4480 1621 4543 δειλίας
1664 4476 1798 4550 ἐμοῦ

211 4613 300 4659 τις
347 4592 461 4664 (2'7)
513 4587 691 4643 αὐτῶν
745 4582 1233 4653 καταγινωσκέτω’
1282 4578 1395 4631 ἀλλ’
1434 4576 1517 4630 ὅτι
1557 4574 1651 4628 καὶ
1704 4571 1797 4625 τοῦ

214 4684 477 4757 Σωτῆρός
516 4684 633 4735 ἐστι
672 4676 1057 4751 παράγγελμα,
1098 4670 1457 4742 διωκομένους
1512 4669 1609 4740 μὲν
1654 4667 1803 4756 {mag

216 4740 474 4852 φεύγειν,
521 4740 884 4846 ζητουμένούς
933 4740 991 4823 δέ
1032 4740 1392 4839 κρύπτεσθαι,
1441 4762 1536 4816 καὶ
1592 4758 1668 4831 μὴ
1726 4740 1810 4821 sig

216 4850 503 4947 προῦπτον
521 4868 780 4937 ,κίνδυνον
809 4862 1034 4925 ἑαυτοὺς
1067 4858 1353 4921 ἐκδιδόναι,
1387 4855 1520 4927 μηδέ
1544 4850 1806 4924 φαινομέ-

217 4986 344 5032 νους
370 4965 533 5019 πλέον
565 4962 806 5016 ἐκκαίειν
846 4957 955 5028 (28)
991 4955 1084 5008 τὸν
1113 4953 1282 5025 θυμὸν
1323 4951 1432 5005 τῶν
1475 4948 1802 5003 διωκόντων.

221 5063 370 5114 Ἰσον
398 5056 509 5127 γάρ
548 5055 665 5108 ἐστι
688 5052 751 5105 τὸ
775 5048 1018 5121 φονεύειν
1048 5046 1261 5109 ἑαυτὸν,
1286 5043 1383 5097 καὶ
1419 5041 1618 5095 διδόναι
1642 5038 1803 5092 πάλιν

218 5150 416 5206 ἑαυτὸν
449 5148 564 5210 τοῖς
596 5144 807 5216 ἐχθροῖς
835 5142 915 5205 εἰς
942 5140 1003 5193 τὸ
1046 5136 1312 5208 φονεύειν.
1355 5134 1428 5187 Τὸ
1469 5133 1527 5186 δέ
1560 5131 1803 5201 φεύγειν,

219 5244 298 5307 ὡς
325 5238 696 5311 παρήγγειλεν
730 5237 758 5288 ὁ
783 5232 995 5305 Σωτὴρ,
1023 5229 1313 5301 γινώσκειν
1337 5227 1454 5280 ἐστὶ
1477 5225 1568 5278 τὸν
1593 5222 1805 5293 καιρὸν,

219 5335 317 5388 καὶ
348 5310 567 5401 άληθῶς
599 5324 859 5397 κήδεσθαι
907 5321 1016 5375 τῶν
1057 5318 1396 5379 διωκόντων,
1441 5315 1528 5367 ἵνα
1561 5312 1668 5383 μὴ,
1713 5310 1808 5364 καὶ

226 5428 423 5498 μέχρις
462 5423 692 5492 αἵματος
723 5418 1023 5488 φθάσαντες
1042 5453 1056 5476 ,
1092 5409 1382 5465 ὑπεύθυνοι
1413 5408 1678 5476 γένωνται
1709 5403 1805 5474 τῷ,

220 5497 659 5588 tangor-815017;;
679 5529 691 5542 ·
719 5514 767 5566 εἰ
793 5510 903 5581 (29)
934 5508 1029 5562 καὶ
1057 5506 1127 5559 τά
1154 5505 1387 5575 μάλιστα
1416 5502 1507 5554 καὶ
1526 5500 1586 5553 τὸ
1615 5497 1808 5551 παθεῖν

218 5611 373 5684 ἡμᾶς
406 5605 785 5667 διαϐάλλοντες
820 5600 1120 5671 βούλονται.
1164 5598 1230 5649 Ἀ
1266 5594 1373 5666 γὰρ
1403 5594 1492 5647 καί
1518 5590 1612 5645 νύν
1647 5589 1808 5643 πάλιν

218 5754 223 5759 .
295 5706 343 5737 ⁸⁸
367 5703 543 5758 Exod.
576 5717 665 5767 xx,
697 5698 787 5754 15.

298 5827 413 5895 (27)
446 5824 624 5895 Reg.,_
652 5839 753 5892 μου
782 5821 883 5884 τίς.

280 5879 416 5973 λέὃᾷ
466 5879 561 5951 διδ
595 5879 728 5963 Reg.
791 5879 858 5948 et.
893 5888 1025 5946 edit.
1078 5885 1287 5944 Comm.
1352 5882 1492 5937 Edit.
1540 5879 1713 5935 Paris.
1763 5886 1817 5932 et

1897 3379 2235 3440 humanitas;
2266 3377 2361 3433 sed
2392 3376 2535 3446 quod
2580 3389 2645 3430 ex
2673 3373 2837 3445 gestis
2865 3370 3198 3427 facinoribus
3227 3368 3481 3431 initnico~

1898 3488 2014 3527 rum
2050 3470 2288 3526 furorem
2332 3484 2444 3541 prae
2498 3466 2668 3524 oculis
2721 3466 2975 3520 haberem
3007 3481 3021 3517 :
3048 3475 3369 3531 mecumque
3394 3475 3483 3515 re-

1899 3575 2144 3636 putarem
2175 3561 2291 3617 fore
2320 3570 2380 3616 ut
2421 3560 2576 3614 veriti
2616 3559 2692 3613 illi
2729 3573 2794 3612 ne
2822 3557 2888 3612 de
2924 3555 3088 3610 rebus
3118 3562 3317 3623 praeter
3358 3566 3481 3622 pro-

1898 3656 2087 3711 bitatis
2130 3661 2235 3713 tuae
2286 3652 2612 3708 sententiam
2650 3649 2814 3721 gestis
2853 3653 3321 3715 coarguerentur;
3374 3642 3481 3697 mei

1899 3743 2261 3801 interficiendi
2306 3757 2470 3799 causa
2503 3741 2639 3797 nihil
2672 3757 2777 3797 non
2813 3746 3054 3810 agerent.
3090 3736 3183 3791 Nae
3217 3736 3305 3790 illa
3344 3737 3484 3790 dun-

1901 3848 2049 3894 taxat
2095 3836 2197 3892 fuit
2250 3844 2357 3891 tua:
2401 3832 2756 3891 humanitatis
2803 3830 3002 3900 jussio,
3049 3836 3109 3883 ut
3137 3826 3374 3897 episcopi
3415 3839 3484 3880 ex

1900 3931 2124 3986 urbibus
2159 3938 2215 3985 et.
2245 3943 2314 3984 ex
2350 3927 2606 3997 eparchia
2642 3925 2969 3995 ejicerentur
2999 3940 3013 3977 :
3041 3936 3231 3977 verum
3267 3919 3345 3974 illi
3390 3918 3485 3971 ad-

1900 4023 2137 4079 mirandi
2166 4021 2295 4087 viri,
2331 4021 2454 4091 plus
2480 4035 2642 4091 quam
2678 4027 2734 4073 tu
2765 4020 3008 4087 jusseras
3037 4014 3176 4079 ausi,
3208 4013 3347 4067 ultra
3376 4021 3487 4065 tres

1900 4115 2206 4185 eparchias,
2268 4114 2324 4167 in
2373 4114 2626 4177 deserta,
2676 4109 2876 4165 inculta
2929 4116 2983 4163 et
3038 4104 3320 4161 horribilia
3364 4103 3483 4158 loca

1902 4222 2058 4264 senes
2110 4206 2357 4261 homines
2403 4213 2458 4260 et
2507 4204 2825 4276 grandaevos
2872 4200 3155 4269 episc0pos
3203 4195 3482 4265 expulere.

1903 4300 2035 4354 Nam
2068 4300 2158 4369 qui
2203 4314 2271 4354 ex
2302 4297 2468 4369 Libya
2499 4305 2675 4362 erant,
2710 4295 2761 4347 in
2792 4304 3040 4358 magnam
3075 4287 3263 4351 Oasin,
3303 4295 3361 4340 et
3388 4284 3483 4355 qui

1902 4409 1970 4448 ex
2003 4392 2299 4457 Thebaide,
2326 4392 2378 4445 in
2412 4389 2817 4444 Ammoniacam
2852 4382 3033 4452 Libya:
3078 4389 3203 4435 sunt
3242 4378 3484 4448 relegati.

1904 4484 2090 4555 Neque
2121 4500 2334 4539 rursum
2370 4480 2660 4536 formidine
2692 4476 2881 4531 mortis
2908 4471 3090 4542 effugi,
3122 4485 3190 4526 ne
3219 4470 3342 4540 quis
3364 4469 3485 4523 illo—

1908 4591 2024 4630 rum
2057 4575 2181 4645 jure
2209 4573 2512 4630 timiditatis
2544 4586 2629 4626 me
2659 4579 2882 4639 arguat;
2919 4568 3015 4623 sed
3046 4565 3172 4635 quia
3200 4562 3331 4619 illud
3365 4560 3487 4617 Sal-

1906 4667 2112 4722 vatoris
2142 4676 2469 4736 praeceptum
2501 4674 2604 4730 est,
2629 4674 2710 4729 ut,
2731 4677 2855 4716 cum
2891 4658 3325 4730 persecutionem
3351 4656 3491 4725 pati-

1902 4773 2042 4821 mur,
2082 4756 2384 4828 fugiamus;
2435 4756 2561 4810 dum
2618 4751 2969 4823 inquirimur,
3030 4765 3128 4804 nos
3180 4746 3487 4803 absconda-

1906 4866 2044 4916 ntus,
2080 4865 2179 4906 nec
2220 4850 2274 4904 in
2315 4860 2561 4921 apertum
2613 4863 2713 4903 nos
2746 4846 3046 4917 periculum
3088 4840 3485 4898 immittamus:

1907 4963 1997 5014 ne,
2025 4946 2155 5000 dum
2202 4959 2301 5000 nos
2353 4941 2654 5006 oﬂ‘erimus,
2691 4948 3105 5011 persecutorum
3152 4934 3287 4988 iram
3318 4932 3491 5001 magis

1904 5040 2284 5096 accendamus.
2310 5036 2416 5091 Par
2443 5035 2640 5107 quippe
2671 5033 2879 5090 crimen
2911 5040 2995 5086 est
3038 5028 3139 5084 sibi
3184 5040 3378 5081 manus
3409 5024 3492 5079 in-

1905 5131 2071 5195 ferre,
2111 5140 2166 5183 et
2202 5129 2441 5199 seipsum
2490 5125 2731 5182 inimicis
2777 5119 3212 5179 interficiendum
3250 5116 3489 5170 tradere.

1905 5224 2123 5279 Etenim
2160 5221 2369 5291 fugere,
2416 5230 2474 5276 ut
2501 5220 2666 5292 jussit
2693 5218 2969 5282 Salvator,
3006 5212 3137 5273 illud
3166 5218 3248 5266 est
3279 5218 3489 5275 tempus

1907 5330 2223 5387 agnoscere,
2259 5330 2323 5371 ac
2351 5329 2542 5371 revera
2586 5319 2993 5384 persecutorum
3037 5317 3221 5359 curam
3266 5310 3485 5369 gerere:

1908 5386 1966 5461 ut
2000 5420 2067 5461 ne
2101 5406 2175 5461 illi
2213 5409 2279 5462 ad
2309 5406 2628 5477 sanguinem
2660 5415 2829 5470 usque
2852 5395 3225 5454 desaavientes,
3251 5388 3329 5443 rei
3353 5386 3491 5441 fiant

1908 5499 2091 5554 violati
2136 5500 2280 5556 illius
2314 5497 2566 5571 praecepti
2600 5513 2615 5550 :
2651 5493 2773 5547 Non
2805 5486 3095 5545 occides”.
3133 5480 3371 5537 Tametsi
3412 5478 3487 5532 illi

1908 5592 2035 5648 dum
2080 5608 2177 5650 nos
2207 5592 2610 5649 calumniantur
2642 5588 2691 5642 id
2729 5582 2963 5638 maxime
3002 5585 3267 5650 spectant,
3300 5582 3361 5629 ut
3393 5584 3493 5628 nos

1913 5803 2128 5864 Colom,
2149 5801 2412 5870 ἐγκαίειν.

2002 5873 2111 5943 (‘29)
2154 5865 2245 5926 Sic
2278 5873 2405 5940 Reg.
2439 5869 2493 5926 lu
2518 5868 2676 5925 editis
2702 5868 2750 5919 εἰ
2773 5865 2942 5921 deest.
