3980 6498
509 391 614 447 6‘59

1032 394 1089 445 δ.
1131 389 1503 445 ᾹΤΠΑΝΑΞΠ
1542 388 1696 448 ορρ.
1733 390 1911 445 PARS
1950 387 1991 444 Ι.
2029 421 2061 431 -

2161 386 2500 444 IISTORICA
2538 387 2627 442 ET
2666 387 3090 444 DOGMATICA.

3641 391 3734 447 6ιο

508 501 652 555 ma1o
677 499 990 555 aliciamur.
1030 499 1162 554 Nam
1191 516 1314 570 quae
1345 516 1486 556 nunc
1523 501 1599 557 illi
1639 501 1815 556 denuo
1846 515 2061 571 gessere

2185 502 2535 571 πεποιήκασι,
2557 501 2827 556 δείκνυσιν
2859 502 3040 556 αὐτῶν
3061 502 3263 576 ταύτην
3284 500 3421 557 εἷναι
3455 503 3558 576 τὴν
3580 519 3738 557 σπου⁶

509 592 738 660 idipsum
786 605 907 646 esse
954 591 1169 646 illorum
1227 591 1506 655 studium,
1561 605 1626 645 ac
1671 591 2074 660 sanguinarium

507 683 838 752 propositum
873 682 1131 737 ostendit.
1148 681 1280 750 Quae
1313 683 1359 736 si
1382 682 1642 746 audieris,
1674 679 2078 751 religiosissime

506 779 766 846 Auguste,
813 785 865 830 te
911 775 1231 829 miraturum
1281 775 1564 829 arbitror:
1600 774 1801 829 etenim
1853 782 2076 842 stupore

505 870 666 938 digna
697 877 780 924 est
819 869 1036 924 illorum
1079 869 1324 924 audacia.
1355 867 1568 936 Quanta
1615 879 1799 922 autem
1847 865 1937 922 illa
1981 865 2073 930 sit,

505 962 690 1029 paucis
717 960 982 1015 ausculta.

573 1053 666 1106 33.
704 1053 793 1106 Dei
827 1052 1012 1117 Filius,
1052 1052 1310 1108 Dominus
1340 1061 1394 1107 et
1423 1051 1674 1108 Salvator
1709 1059 1892 1106 noster
1913 1050 2072 1107 Iesus

502 1140 773 1200 Christus.
820 1148 1042 1210 propter
1098 1155 1197 1195 nos
1245 1140 1409 1195 homo
1446 1139 1644 1205 factus,
1694 1139 1787 1209 qui
1843 1151 2069 1194 mortem

503 1232 802 1300 abrogavit,
831 1242 1184 1301 nostrumque
1209 1245 1378 1299 genus
1411 1246 1441 1284 a
1476 1233 1738 1287 servitute
1763 1233 2070 1300 corruptio-

469 1325 588 1379 'nis
637 1325 904 1387 liberavit,
953 1339 1075 1379 cum
1124 1323 1247 1378 aliis
1297 1324 1548 1379 omnibus
1587 1323 1743 1379 donis
1777 1324 1892 1380 suis
1943 1323 2068 1378 illud

500 1430 716 1485 quoque
763 1413 918 1469 nobis
967 1415 1287 1484 impertivit,
1318 1426 1380 1471 ut
1429 1415 1739 1486 angelorum
1779 1416 2067 1484 imaginem

501 1507 555 1561 in
587 1518 728 1561 terra
771 1506 1119 1571 haberemus,
1168 1521 1365 1574 nempe
1393 1505 1780 1574 virginitatem.
1810 1503 1914 1558 Eas
1941 1517 2069 1558 sane

496 1613 620 1669 qua:
658 1600 760 1654 bac
792 1599 993 1652 virtute
1022 1597 1261 1667 praditte
1293 1607 1439 1664 sunt,
1471 1610 1698 1667 sponsas
1726 1594 1925 1649 Christi
1970 1609 2068 1650 vo-

499 1705 627 1744 care
664 1689 944 1744 consuevit
979 1689 1247 1744 catholica
1280 1688 1560 1744 Ecclesia:
1587 1685 1689 1741 has
1712 1686 1911 1740 ethnici
1943 1701 2066 1741 cum

498 1779 722 1843 vident,
787 1787 848 1834 ut
899 1779 1154 1848 templum
1208 1778 1370 1834 Verbi
1425 1776 1771 1832 admirantur
1806 1795 1820 1831 :
1859 1785 2064 1830 eertum

2172 592 2292 662 δὴν,
2317 594 2409 645 καὶ
2440 593 2722 662 μιαιιρόνον
2755 593 2851 664 τὴν
2891 595 3230 666 προαίρεσιν.
3277 594 3543 658 Ἀκούσας
3576 594 3655 657 δὲ,
3683 591 3736 650 εὖ

2173 678 2269 736 οἷδ’
2304 684 2408 746 ὅτι,
2442 683 2819 752 θεοιξιλέστατε
2841 684 3133 754 Αὐγουστε,
3158 687 3475 756 θαυμάσεις·
3513 687 3610 740 καὶ
3638 688 3740 760 γὰρ

2173 773 2321 838 ἀξιον
2343 773 2558 844 ἀληθῶς
2591 774 2904 846 ἐκπλήξεως
2929 778 2988 830 τὸ
3014 778 3289 850 τόλμημα.
3324 777 3542 832 Ἦλίκον
3562 778 3609 830 δ’
3630 778 3738 832 ἐστὶ

2171 865 2350 930 τοῦτο,
2383 865 2609 919 ἄκουσον
2634 867 2693 920 ὲν
2723 866 2915 939 βραχεῖ
2937 868 3099 940 λόγῳ.

2241 1043 2330 1097 55.
2365 1042 2424 1094 '0
2468 1039 2560 1094 τοῦ
2592 1039 2726 1094 Θεοῦ
2777 1042 2903 1106 Υἱὸς
2934 1043 2965 1096 ό
3011 1043 3213 1114 Κύριος
3266 1045 3361 1098 καὶ
3412 1045 3528 1116 ('50)
3558 1046 3741 1117 Σωτὴρ

2170 1135 2327 1206 ἡμῶν
2358 1135 2563 1205 Ἰησοῦς
2588 1134 2840 1207 Χριστὸς,
2872 1135 3154 1208 ἄνθρωπος
3183 1139 3469 1208 γενόμενος
3495 1137 3563 1190 δι’
3581 1139 3738 1209 ἡμᾶς,

2170 1227 2265 1280 καὶ
2297 1229 2646 1298 καταργήσας
2672 1227 2765 1281 τὸν
2795 1227 3043 1293 θάνατον,
3081 1229 3451 1301 ἐλευθερώσας
3476 1248 3540 1283 τε
3573 1231 3634 1283 τὸ
3657 1232 3744 1299 γέ-

2169 1338 2259 1383 νος
2287 1321 2445 1391 ἡμῶν
2474 1322 2581 1374 ἀπὸ
2638 1323 2736 1395 τῆς
2758 1323 3000 1386 δουλείας
3050 1324 3150 1393 τῆς
3194 1324 3418 1396 φθορᾶς,
3456 1324 3743 1396 ἐχαρίσατο

2169 1413 2306 1483 πρὸς
2335 1415 2446 1477 τοῖς
2477 1414 2657 1478 ἄλλοις
2709 1416 2844 1468 πᾶσι
2873 1416 2965 1468 καὶ
2993 1415 3176 1469 εἰκόνα
3207 1415 3306 1485 τῆς
3343 1416 3450 1468 τῶν
3495 1417 3738 1486 ἀγγέλων

2166 1504 2450 1574 art/nmo;
2487 1505 2630 1574 ἔχειν
2662 1506 2808 1575 ἡμᾶς
2863 1507 2956 1559 ἐπὶ
2984 1507 3087 1576 γῆς
3138 1506 3236 1578 τὴν
3275 1506 3597 1578 παρθενίαν.
3637 1507 3740 1570 Τὰς

2166 1595 2296 1664 γοῦν
2341 1596 2544 1666 ταύτην
2585 1596 2818 1667 ἐχούσας
2865 1599 2967 1668 τὴν
2999 1599 3200 1670 ἀρετὴν
3237 1599 3457 1668 νύμφας
3488 1599 3584 1652 τοῦ
3617 1598 3742 1670 Χρι-

2167 1688 2293 1742 στοῦ
2343 1690 2525 1742 καλεῖν
2569 1689 2758 1742 εἴωθεν
2797 1692 2829 1758 ἡ
2875 1689 3133 1762 καθολικὴ
3174 1686 3489 1761 Ἐκκλησία.
3536 1690 3740 1755 Ταύτας

2163 1780 2219 1833 δὲ
2246 1781 2501 1850 Ἕλληνες
2535 1783 2790 1853 ὁρωντες,
2827 1781 2902 1845 ὡς
2927 1782 3052 1835 ναὸν
3078 1781 3241 1846 οὔσας
3269 1783 3362 1836 τοῦ
3409 1784 3586 1853 Λόγου
3623 1785 3740 1839 θαυ-

498 1870 695 1938 quippe
719 1877 803 1924 est
827 1884 1092 1939 usquam
1126 1870 1265 1924 hanc
1303 1867 1663 1923 venerandam
1693 1882 1758 1923 ac
1790 1866 2061 1922 celestem

2172 1872 2436 1942 μάζουσιο
2491 1875 2619 1944 παρ’
2648 1874 2823 1927 οὐδενὶ
2861 1873 2970 1944 γὰρ
3014 1873 3228 1945 ἀληθῶς
3262 1874 3420 1928 τοῦτο
3458 1876 3523 1929 τὸ
3554 1877 3741 1948 σεμνὸν
3848 1927 3850 1929 ,

498 1962 886 2031 professionem
930 1960 1126 2024 excoli,
1159 1961 1263 2015 nisi
1312 1961 1575 2016 duntaxat
1605 1959 1748 2030 apud
1787 1975 1885 2015 nos
1910 1959 2068 2016 Chri-

497 2053 722 2107 stianos.
753 2051 865 2107 lloe
901 2052 1044 2107 enim
1089 2051 1383 2106 maximum
1413 2060 1498 2107 est
1525 2059 1922 2121 argumentum,
1950 2065 2069 2106 cer-

498 2154 605 2199 tam
634 2159 699 2199 ac
739 2158 920 2198 veram
961 2145 1102 2214 apud
1147 2161 1245 2200 nos
1290 2160 1412 2201 esse
1446 2143 1788 2214 religionem.
1823 2144 1934 2200 llas
1960 2159 2070 2214 prae

493 2235 614 2290 aliis
641 2237 811 2290 beatae
842 2237 1116 2291 memorie
1154 2237 1432 2306 piissimus
1456 2247 1609 2308 pater
1636 2244 1763 2291 tuus
1799 2235 2068 2292 Constan-

492 2329 638 2382 tinus
664 2328 934 2399 Augustus
970 2329 1290 2384 honorabat.
1342 2329 1450 2385 llas
1491 2339 1580 2384 tua
1625 2343 1844 2398 quoque
1895 2329 2068 2400 pietas

490 2422 547 2476 in
598 2421 792 2476 litteris
832 2424 945 2478 suis
993 2423 1329 2479 venerandus
1373 2430 1430 2478 et
1475 2431 1695 2477 sanctas
1749 2423 2068 2492 plerumque

489 2514 833 2582 nuncupavit.
872 2514 1065 2570 Verum
1116 2529 1260 2570 nunc
1288 2513 1566 2569 mirabiles
1615 2513 1689 2568 illi
1732 2512 1943 2578 Ariani,
1974 2516 2066 2582 qui

487 2621 588 2661 nos
633 2607 950 2662 calumniari
996 2607 1221 2674 audent,
1282 2620 1513 2676 quorum
1575 2619 1739 2675 opera
1791 2604 1944 2659 multi
1996 2621 2064 2658 ex

485 2697 751 2766 episcopis
785 2697 993 2753 insidiis
1028 2697 1379 2754 circumventi
1403 2704 1564 2761 sunt;
1603 2695 1879 2765 iudicibus
1930 2695 2064 2764 ipsis

486 2788 588 2842 sibi
618 2789 716 2844 hac
745 2789 797 2844 in
847 2805 906 2845 re
947 2789 1380 2844 ministrantibus
1433 2787 2060 2859 obtemperantibusque,

487 2880 586 2934 has
639 2881 871 2936 nudatas
923 2882 976 2936 in
1029 2880 1388 2936 ﬂermetariis
1419 2881 1506 2951 (ut
1542 2879 1757 2951 vocant)
1810 2879 2062 2948 suspendi

483 2971 713 3040 iussere,
765 2983 820 3028 et
865 2974 946 3029 sic
989 2973 1200 3027 illarum
1242 2971 1409 3026 latera
1445 2971 1613 3026 ternis
1652 2985 1824 3040 usque
1856 2970 2062 3025 vicibus

485 3062 808 3131 lacerarunt,
858 3073 920 3119 ut
981 3080 1049 3119 ne
1094 3064 1196 3118 viri
1236 3063 1453 3133 quidem
1507 3062 1879 3118 scelestissimi
1935 3061 2062 3116 talia

483 3169 721 3224 unquam
761 3156 872 3210 sint
900 3155 1132 3225 experti.
1165 3154 1372 3210 Pilatus
1393 3153 1523 3210 olim
1551 3163 1612 3208 ut
1641 3152 1843 3209 Judaais
1869 3169 2060 3208 assen-
2086 3195 2130 3255 α

483 3254 710 3310 taretur,
739 3246 923 3302 lancea
953 3247 1171 3301 unicum
1205 3245 1507 3301 Salvatoris
1549 3244 1690 3300 latus
1718 3242 2015 3316 perforavit
2041 3263 2059 3313 ;

485 3337 538 3391 bi
573 3354 700 3393 vero
724 3338 898 3408 ipsum
924 3338 1080 3394 Pilati
1107 3341 1344 3393 furorem
1372 3351 1721 3408 superavere,
1749 3352 1855 3392 non
1895 3353 2062 3393 unum

481 3431 678 3499 quippe
715 3430 876 3495 latus,
918 3431 1014 3485 sed
1054 3431 1214 3486 ambo
1251 3429 1560 3486 lacerarunt
1586 3446 1601 3484 :
1628 3423 1870 3485 membra
1909 3432 2057 3486 enim

482 3521 774 3591 virginum,
797 3536 907 3591 pra:
931 3521 1073 3587 aliis,
1098 3521 1338 3576 membra
1369 3519 1673 3576 Salvatoris
1694 3529 1841 3576 sunt.
1859 3520 2062 3578 Omnes

480 3623 629 3669 certe
665 3615 860 3684 quibus
898 3615 1203 3684 bujusmodi
1244 3612 1488 3668 facinora
1516 3612 1680 3684 252
1716 3615 2056 3679 nuntiantur,

481 3708 546 3760 ad
589 3707 760 3762 solum
812 3707 890 3761 rei
932 3706 1197 3772 auditum,
1247 3707 1664 3763 exhorrescunt.
1701 3705 1768 3760 Hi
1800 3720 1928 3762 vero
1958 3706 2058 3761 soli

482 3813 587 3850 non
635 3797 794 3851 modo
840 3797 976 3850 nihil
1016 3798 1174 3852 veriti
1205 3806 1333 3854 sunt
1364 3797 1642 3868 impolluta
1677 3797 1922 3852 membra
1955 3814 2057 3852 nu-

479 3886 611 3939 dare
637 3892 694 3938 et
724 3885 1020 3950 lancinare,
1055 3899 1176 3955 qua:
1209 3887 1298 3940 uni
1334 3885 1601 3940 Salvatori
1632 3895 1818 3940 nostro
1841 3885 2058 3941 Christo

479 3975 721 4044 virgines
750 3975 1161 4044 dedicaverant;
1193 3977 1309 4042 sed,
1340 3977 1483 4048 quod
1520 3976 1910 4046 nequissimum
1948 3987 2053 4044 est,

479 4069 605 4122 dum
645 4068 713 4123 ab
761 4069 1033 4135 omnibus,
1076 4071 1147 4126 ob
1194 4079 1400 4126 tantam
1452 4086 1607 4128 suam
1659 4072 2051 4129 immanitatem

478 4163 870 4232 vituperantur,
925 4179 1047 4218 cum
1097 4164 1528 4220 erubescendum
1580 4176 1744 4234 esset,
1799 4167 1901 4222 hoc
1949 4177 2054 4222 tuae

476 4253 694 4324 pietatis
751 4255 1064 4309 mandatum
1111 4270 1232 4310 esse
1288 4264 1596 4325 praetexunt
1635 4279 1647 4312 :
1683 4259 1754 4312 ita
1811 4269 1938 4315 sunt
1997 4261 2050 4315 in

476 4347 728 4403 omnibus
767 4350 1018 4414 audaces,
1055 4348 1320 4417 pravique
1347 4347 1585 4402 consilii.
1620 4349 1763 4404 Nihil
1794 4366 1926 4406 sane
1953 4352 2052 4406 hu-

471 4435 725 4506 iusmodi,
760 4438 844 4492 vel
886 4439 938 4493 in
983 4439 1460 4510 persecutionibus
1484 4441 1612 4494 olim
1652 4451 1863 4510 gestum
1892 4442 2048 4495 audi-

473 4529 686 4585 vimus:
719 4545 782 4585 ac
814 4531 1026 4586 etiamsi
1058 4530 1164 4585 tale
1191 4530 1472 4600 quidpiam
1513 4531 1805 4602 aliquando
1837 4542 2045 4604 gestum
2077 4536 2122 4591 D

474 4621 668 4690 fuerit,
693 4638 798 4678 non
821 4623 1002 4678 decuit
1033 4631 1234 4688 tamen,
1262 4633 1313 4678 te
1345 4624 1645 4692 imperante
1671 4624 1760 4694 qui
1780 4624 2038 4680 Christia-

474 4730 689 4784 nusges,
728 4716 1090 4787 virginitatem
1125 4717 1214 4770 tali
1250 4716 1451 4786 injuria
1485 4726 1542 4772 et
1573 4717 1837 4773 dedecore
1881 4718 2046 4784 allici,

475 4805 700 4875 illosque
743 4821 893 4860 suam
939 4806 1311 4862 crudelitatem
1364 4817 1469 4861 tua:
1520 4808 1705 4877 pietati
1751 4811 2044 4866 ascribere.

477 4893 616 4949 Solis
647 4895 790 4949 enim
832 4896 1099 4950 haereticis
1144 4895 1448 4951 istiusmodi
1490 4895 1801 4967 malignitas
1827 4897 2046 4967 propria

474 4992 574 5045 est,
615 4999 741 5053 erga
768 4982 864 5038 Dei
895 4983 1088 5039 Filium
1135 4985 1301 5056 impie
1350 5001 1408 5042 se
1436 5000 1624 5057 gerere
1657 4996 1712 5042 et
1740 4986 1793 5042 in
1826 4998 2046 5044 sanetas

472 5076 588 5144 ejus
611 5076 846 5146 virgines
881 5076 1163 5136 desaevire.

543 5210 634 5266 34.
661 5211 792 5267 Cum
833 5211 1015 5282 itaque
1045 5220 1124 5266 tot
1167 5221 1224 5268 et
1261 5215 1388 5267 talia
1425 5213 1668 5268 facinora
1715 5214 1783 5268 ab
1825 5214 2044 5270 Arianis

474 5301 707 5356 admissa
735 5301 872 5366 sint,
913 5317 1018 5355 non
1071 5316 1188 5356 mea
1219 5318 1305 5357 me
1335 5302 1528 5358 fefellit
1550 5303 1753 5374 opinio,
1786 5319 1909 5358 cum
1957 5304 2043 5358 di-

473 5393 608 5446 vina!
648 5393 940 5461 Scriptura:
974 5393 1343 5462 obtemperavi
1402 5395 1598 5449 dicenti
1631 5414 1645 5450 :
1676 5393 1782 5449 Sed
1818 5396 2040 5447 abscon-

473 5482 592 5534 dere
622 5484 880 5536 modicum
908 5487 977 5537 ad
1017 5496 1355 5550 momentum,
1387 5485 1550 5538 donec
1581 5493 1910 5552 pertranseat
1954 5485 2035 5536 iu-

476 5593 808 5726 lcdﬁai
836 5581 960 5652 ante
992 5599 1183 5670 Σωτήρ
1205 5599 1356 5654 deest
1395 5596 1449 5653 in
1473 5598 1655 5666 editis,
1706 5599 1798 5653 sed
1829 5599 1880 5652 in
1906 5597 2044 5668 Reg.

690 5731 844 5807 βεδε..
870 5737 1212 5807 καθηκεύων.

545 5801 654 5862 (52)
679 5801 929 5866 Stetit-tt.
964 5801 1122 5869 E'd'tti,
1157 5806 1282 5860 είσί.

2168 1966 2261 2018 καὶ
2289 1966 2538 2036 οὐράνιον
2571 1965 2893 2036 ἐπάγγελμα
2930 1965 3288 2036 κατορθοῦται
3320 1967 3352 2037 ἧ
3386 1969 3543 2039 παρά
3571 1968 3742 2038 μόνοις

2167 2056 2299 2126 ἡμῖν
2330 2057 2443 2117 τοῖς
2473 2057 2834 2128 Χριπιανοίς.
2872 2055 3123 2108 Μάλιστα
3158 2056 3266 2128 γὰρ
3294 2057 3390 2109 καὶ
3415 2057 3577 2110 τοῦτο
3609 2057 3742 2128 μέγα

2166 2146 2464 2216 τεκμήριόν
2519 2149 2635 2200 ἐστι
2689 2145 2781 2200 τοῦ
2829 2147 2959 2217 παρ’
2986 2147 3116 2216 ἡμῖν
3164 2142 3300 2200 εἶναι
3330 2147 3430 2218 τὴν
3457 2147 3631 2213 ὅντως
3655 2150 3741 2201 καὶ⁵

2166 2236 2343 2307 ἀληθῆ
2377 2235 2708 2291 θεοσέϐειαν.
2750 2237 2964 2299 Ταύτας
3001 2236 3106 2306 πρὸ
3138 2236 3246 2290 τῶν
3273 2236 3449 2290 ἄλλων
3478 2237 3576 2290 καὶ
3596 2239 3625 2290 ὁ
3652 2239 3743 2309 τῆς

2169 2329 2445 2400 μακαρίας
2485 2329 2703 2399 μνῆμης
2733 2329 2761 2380 ό
2801 2327 3188 2391 εὐσεϐέστατός
3220 2347 3312 2382 σου
3362 2330 3551 2401 πατὴρ
3594 2331 3743 2383 Κων-

2167 2423 2442 2483 σταντίνος
2466 2421 2494 2472 ὁ
2527 2419 2832 2488 Αύγουστος
2866 2420 3060 2490 ἐτίμα”
3101 2420 3301 2485 ταύτας
3336 2423 3433 2474 καὶ
3466 2423 3500 2492 ἡ
3542 2421 3611 2493 σὴ
3661 2422 3742 2474 εύ-

2169 2510 2352 2564 σέὸεια
2372 2509 2658 2581 γράφουσα
2688 2509 2948 2573 πολλάκις
2990 2511 3176 2580 τιμίας
3218 2512 3310 2564 καὶ
3342 2511 3509 2579 ἁγίας
3533 2510 3739 2581 ὠνόμα·

2167 2619 2277 2655 σεν.
2319 2601 2477 2654 Ἀλλὰ
2505 2601 2598 2655 νῦν
2649 2604 2696 2654 οξ
2731 2601 3032 2670 θαυμαστοὶ
3065 2602 3331 2671 Ἀρειανοὶ
3378 2603 3426 2654 οἱ
3470 2602 3567 2654 καὶ
3601 2603 3740 2673 ἡμᾶς

2163 2695 2559 2758 διαϐάλλοντες,
2609 2694 2675 2747 δι’
2720 2693 2813 2758 οὓς
2859 2694 2952 2747 καὶ
3005 2695 3242 2746 πλεῖστοι
3289 2694 3399 2747 τῶν
3431 2696 3738 2747 ἐπισκόπων

2163 2788 2653 2858 ὲπεὸουλεύθησαν,
2677 2788 2984 2859 ὑπουργοὺς
3008 2788 3219 2858 ἔχοντες
3251 2788 3344 2840 καὶ
3370 2788 3738 2850 ὑπακούοντας

2162 2883 2354 2944 αὐτοὺς
2373 2883 2497 2943 τοὺς
2513 2881 2792 2945 δικαστὰς,
2815 2881 3017 2945 ταύτας
3045 2880 3451 2951 γυμνώσαντες,
3487 2882 3739 2950 ἐποίησαν

2162 2974 2255 3027 ἐπὶ
2284 2975 2394 3027 τῶν
2423 2974 2770 3046 καλουμένων
2800 2976 3147 3046 έρμηταρίων
3207 2975 3608 3046 κρεμασθῆναι,
3651 2975 3739 3027 καὶ

2159 3068 2412 3123 τοσοῦτον
2450 3069 2628 3122 αὐτῶν
2650 3069 2829 3140 τρίτον
2850 3069 3041 3134 ἔξεσαν
3061 3069 3158 3132 τὰς
3181 3067 3442 3140 πλευρὰς,
3473 3069 3597 3120 ὅσον
3624 3067 3738 3119 οὐδὲ

2161 3160 2212 3212 οἱ
2233 3158 2446 3230 ἀληθῶς
2471 3159 2769 3230 κακοῦργοι
2798 3159 3014 3213 πώποτε
3042 3159 3363 3214 πεπόνθασι.
3388 3159 3620 3221 Πιλᾶτος
3647 3159 3738 3228 μὲν

2164 3245 2278 3315 οὖν,
2340 3249 2706 3304 καθικετεύων
2742 3251 2851 3320 (5|)
2897 3252 3010 3314 τοῖς
3066 3251 3185 3303 τότε
3231 3249 3528 3312 Ἰουδαίοις,
3576 3249 3736 3320 λόγχῃ

2167 3340 2293 3412 μίαν
2320 3339 2558 3411 πλευρὰν
2597 3339 2692 3393 τοῦ
2727 3339 2978 3410 Σωτῆρος
3022 3339 3236 3404 ἔνυξεν·
3267 3335 3414 3394 οὗτοι
3451 3339 3504 3391 δὲ
3524 3338 3619 3391 καὶ
3641 3339 3737 3408 τὴν

2165 3433 2361 3503 μανίαν
2388 3431 2623 3484 Πιλάτου
2644 3433 3010 3502 νενικήκασιν,
3036 3433 3117 3484 ὅτι
3149 3431 3223 3503 μὴ
3251 3433 3402 3501 μίαν,
3428 3431 3540 3484 ἀλλ’
3561 3432 3736 3500 ἀμφο-

2159 3525 2321 3596 τέρας
2347 3523 2566 3588 έξεσαν·
2605 3524 2673 3576 τὰ
2705 3523 2811 3596 γὰρ
2845 3524 2980 3595 μέλη
3009 3523 3114 3576 τῶν
3147 3523 3430 3593 παρθένων
3450 3521 3732 3594 ἐξαιρέτως

2161 3616 2268 3669 ῐδια
2288 3617 2382 3669 τοῦ
2419 3617 2668 3687 Σωτῆρος
2696 3618 2810 3669 ἐστι
2844 3617 2979 3688 (52).
3011 3617 3216 3679 Πάντες
3242 3615 3342 3685 μὲν
3369 3610 3485 3678 οὖν,
3518 3615 3607 3666 καὶ
3637 3613 3727 3684 μό-

2158 3724 2247 3761 νον
2272 3709 2718 3776 ἀπαγγελλόντων
2740 3708 2920 3771 τινῶν,
2945 3708 3258 3780 φρίττουσιν
3290 3708 3383 3762 ἐπὶ
3419 3713 3485 3782 τῇ
3517 3707 3722 3776 τοιαύτῃ

2158 3801 2324 3872 ἁκοῇο
2362 3802 2512 3872 μόνοι
2565 3800 2623 3854 δὲ
2661 3794 2806 3854 οὗτοι
2859 3801 2919 3853 οὐ
2950 3800 3108 3870 μόνον
3149 3799 3250 3852 οὐκ
3276 3799 3617 3872 ἐφοϐήθησαν
3636 3815 3722 3864 γυ-

2159 3892 2415 3963 μνούντες
2448 3894 2541 3946 καὶ
2571 3892 2776 3957 ξέοντες
2805 3894 3046 3963 ἄκραντα
3089 3890 3247 3963 μέλη,
3275 3892 3310 3945 ὃ.
3350 3893 3499 3963 μόνῳ
3615 3891 3717 3942 Σω-

2153 3985 2279 4056 τῆρι
2305 3986 2461 4056 ἡμῶν
2487 3984 2566 4056 τῷ
2617 3985 2838 4056 Χριστῷ
2875 3984 3286 4038 ἀνατεθείκασιν
3339 3985 3396 4038 αἱ
3453 3983 3713 4056 παρθένοι,

2152 4074 2288 4126 ἀλλά
2313 4075 2406 4127 xa‘t
2430 4075 2491 4127 τό
2513 4091 2575 4143 γε
2603 4074 2890 4146 χείριστον,
2918 4074 3298 4146 ὀνειδιζόμενοι
3325 4075 3476 4147 παρὰ
3516 4075 3714 4128 πάντων

2152 4163 2240 4217 διὰ
2276 4164 2374 4236 τὴν
2401 4163 2667 4235 τοσαύτην
2687 4165 2965 4235 ὠμότητα,
3003 4165 3125 4218 ἀντὶ
3157 4163 3252 4217 τοῦ
3282 4165 3559 4237 ὲρυθριᾷν,
3590 4179 3712 4234 προ·

2153 4255 2466 4322 φασίζονται
2486 4255 2644 4307 τοῦτο
2673 4255 3000 4326 πρόσταγμα
3021 4255 3118 4326 τῆς
3141 4255 3238 4326 σῆς
3255 4254 3536 4319 εὐσεϐείας
3557 4249 3680 4306 εἶναι
3695 4267 3707 4279 ·

2149 4344 2322 4408 οὕτως
2350 4346 2455 4398 είσὶ
2491 4346 2630 4428 πρὸς
2665 4346 2844 4399 πάντα
2865 4345 3128 4417 τολμηροὶ
3160 4345 3252 4398 καὶ
3286 4346 3387 4417 τὴν
3416 4345 3713 4428 προμίρεσιν

2151 4432 2395 4505 πονηροί.
2431 4426 2565 4486 Οὐδὲ
2604 4434 2712 4507 γὰρ
2743 4435 2862 4488 οὐδὲ
2904 4436 2960 4488 ὲν
2985 4438 3098 4498 τοῖς
3137 4435 3450 4506 γενομένοις
3476 4426 3711 4505 διωγμοῖς

2149 4526 2386 4581 τοιοῦτον
2415 4523 2656 4598 ἠκούσθη
2715 4525 2975 4597 πραχθέν.
3007 4527 3070 4580 Εἰ
3097 4525 3153 4578 δὲ
3202 4528 3297 4579 καὶ
3321 4527 3556 4596 ἐγεγόνει
3593 4523 3708 4577 ποτὲ

2150 4617 2412 4684 τοιοῦτον,
2436 4616 2550 4669 ἀλλ’
2569 4617 2669 4670 οὐκ
2694 4615 2932 4686 ἔπρεπεν
2971 4617 3064 4669 ἐπὶ
3106 4615 3197 4669 σού
3231 4618 3552 4687 Χριστιανού
3573 4617 3707 4676 όντος
3731 4631 3754 4670 r

2149 4706 2273 4760 οὐτε
2305 4706 2402 4778 τὴν
2427 4705 2725 4778 παρθενίαν
2762 4706 3030 4777 τοσαύτην
3060 4704 3218 4777 ὓϐριν
3240 4710 3334 4761 καὶ
3365 4708 3580 4779 ἀτιμίαν
3608 4723 3704 4758 πα-

2148 4793 2282 4858 θεῖν,
2314 4791 2438 4845 οὐτε
2479 4793 2701 4857 τούτους
2735 4795 2846 4864 (55)
2873 4795 2970 4866 τὴν
3003 4795 3206 4848 ἑαυτῶν
3243 4796 3499 4868 ὠμότητα
3519 4799 3593 4859 είς
3616 4795 3704 4865 τὴν

2150 4884 2248 4956 σὴν
2301 4884 2586 4939 εὐσέϐειαν
2638 4886 3012 4957 ὲπιρῤίπτειν·
3067 4887 3246 4957 μόνοις
3292 4887 3402 4958 γὰρ
3433 4889 3704 4959 αἱρετικοίς

2145 4979 2338 5030 οἰκεῖον
2369 4977 2430 5030 τὸ
2470 4975 2709 5032 τοιοῦτον
2743 4979 2928 5042 κακὸν,
2970 4979 3186 5034 ἀσεϐεῖν
3233 4982 3314 5044 εἰς
3350 4981 3443 5034 τὸν
3470 4981 3588 5034 Υξὸν
3614 4977 3698 5032 τοῦ

2145 5069 2300 5133 Θεοῦ,
2315 5069 2407 5123 καὶ
2425 5069 2763 5142 πλημμελεῖν
2781 5070 2919 5123 κατά
2928 5070 3036 5123 τῶν
3047 5071 3219 5140 ἁγίων
3234 5073 3401 5128 αὐτοῦ
3420 5072 3694 5146 παρθένων.

2219 5209 2308 5264 54.
2339 5208 2608 5263 Τοιούτων
2653 5209 2710 5262 δὲ
2751 5207 2913 5263 πάλιν
2959 5209 3058 5271 καὶ
3101 5209 3372 5265 τοσούτων
3415 5207 3692 5280 γενομένων

2149 5303 2298 5373 παρὰ
2333 5303 2441 5358 τῶν
2489 5303 2802 5376 Ἀρειανῶν,
2837 5304 2937 5356 οὐκ
2976 5303 3212 5374 ὲσφάλην
3243 5305 3352 5376 ἄρα
3389 5301 3686 5367 πεισθεὶςτῇ

2150 5394 2269 5467 θείᾳ
2323 5395 2508 5468 Γραφῇ
2557 5395 2820 5469 λεγούση’
2881 5396 3034 5450 Ἀλλ’
3091 5397 3457 5465 ἁποκρύϐηθι
3499 5391 3688 5465 μικρὸν

2141 5486 2293 5543 ὅσον
2311 5488 2462 5543 ὅσον
2489 5488 2623 5560 (54),
2656 5487 2768 5555 ἕως
2804 5487 3067 5556 παρέλθῃ
3105 5489 3142 5556 ἠ
3165 5489 3311 5559 ὀργὴ
3335 5489 3562 5558 Κυρίου.
3591 5481 3684 5536 Καὶ

2225 5602 2339 5672 (35)
2363 5600 2452 5655 Sic
2481 5601 2612 5672 Reg.
2637 5611 2690 5656 et
2722 5601 2882 5657 Basil.
2919 5601 3080 5666 Editi,
3118 5602 3361 5668 τούτους.

2227 5671 2338 5737 (54)
2375 5673 2538 5724 Ὅσον
2571 5671 2911 5737 postremum
2947 5673 3097 5726 deest
3147 5674 3199 5728 iu
3246 5677 3378 5731 edit.
3429 5671 3586 5734 Paris.
3630 5671 3677 5719 et

2153 5739 2339 5796 Colon.
2365 5739 2420 5795 ln
2449 5742 2697 5798 omnibus
2728 5742 2846 5797 aliis
2881 5743 3127 5797 habetur.
