3980 6490
235 363 328 424 6H

1245 371 1589 431 APOLOGIA
1626 375 1716 430 AD
1753 374 2250 436 CONSTANTIUM
2295 379 2434 435 IMP.

3369 393 3476 451 642

234 483 366 555 αὕτη
389 482 498 556 γάρ
525 499 614 556 μοι
650 487 808 541 πάλιν
843 490 1114 561 πρόφασις
1152 492 1343 560 γέγονε
1378 494 1478 563 τῆς
1510 496 1787 568 ἀναχωρή-

1897 497 2130 567 dignatio
2165 499 2371 554 Domini
2391 503 2458 556 ⁹⁹.
2492 501 2559 556 Et
2597 505 2711 559 Itmc
2755 506 2883 562 mihi
2929 525 3142 582 quoque
3187 517 3471 571 secedendi

235 591 386 637 σεως,
422 575 798 644 θεοφιλέστατε
835 581 1134 650 Αΰγουστε,
1167 583 1259 636 καὶ
1299 583 1359 635 ού
1400 585 1803 658 παρῃτησάμην

232 658 347 716 οὔτε
382 666 461 727 εἰς
493 665 588 736 τὴν
613 667 814 738 ἔρημον
847 671 1122 735 ἀπελθεῖν,
1151 672 1292 737 οὕτε,
1318 675 1366 727 εί
1397 675 1608 744 ἀνάγκη
1634 676 1805 745 γένοι-

232 771 308 818 το,
334 754 422 807 διὰ
454 759 731 829 σαργάνης
760 759 868 813 ἀπὸ
901 761 1010 832 (55)
1039 763 1248 834 τείχους
1280 763 1633 836 χαλασθῆναι.
1664 767 1805 821 Πάν-

231 862 296 898 τα
325 844 435 916 γάρ
465 846 755 918 ὑπέμεινα,
794 851 889 901 καὶ
923 851 1132 922 θηρίοις
1166 851 1473 922 συνῴκησα,
1518 854 1612 907 καὶ
1661 853 1806 924 ὑμᾶς

233 935 548 1003 περιελθεῖν,
585 936 937 1007 ἐκδεχόμενος
986 939 1187 993 τούτων
1221 941 1328 994 τῶν
1372 942 1542 1010 λόγων
1593 941 1800 1013 καιρὸν,

232 1026 320 1079 καὶ
341 1025 578 1097 θαρρῶν,
605 1028 688 1081 ὃτι
724 1030 773 1081 oi
802 1029 907 1099 jtév
929 1029 1299 1095 διαϐάλλοντες
1324 1033 1802 1104 καταγνωσθησονο

230 1135 336 1183 ται,
366 1119 398 1189 ἡ
428 1119 486 1172 δὲ
543 1119 610 1190 σὴ
634 1120 1034 1192 φιλανθρωπία
1080 1123 1435 1194 δειχθήσεται.
1461 1120 1531 1177 Ὦ
1568 1125 1802 1196 μακάριε

230 1209 319 1264 καὶ
351 1204 728 1280 θεοφιλέστατε
761 1211 1060 1281 Αύγουστε,
1105 1215 1156 1268 τί
1204 1215 1466 1282 ἐϐούλου;
1527 1217 1700 1271 ἐλθεῖν
1735 1235 1802 1289 με

229 1301 662 1372 φλεγμαινόντων
688 1305 780 1357 καὶ
807 1303 1110 1375 ζητούντων
1148 1307 1464 1361 ἀποκτεῖναι
1505 1308 1612 1362 τῶν
1643 1326 1799 1362 συκο-

229 1393 568 1463 φαντούντων
597 1397 764 1466 ἡμᾶς,
797 1397 830 1467 ἢ
863 1397 1004 1451 κατὰ
1033 1397 1094 1450 τὸ
1126 1398 1532 1470 γεγραμμένον,
1555 1399 1796 1471 ἀποκρυ-

225 1485 382 1556 ϐἧναι
416 1484 632 1556 μικρὸν,
664 1485 751 1541 ἵνα
777 1488 834 1539 ἐν
879 1487 956 1558 τῷ
989 1487 1224 1557 τοσούτῳ
1250 1488 1576 1560 διαστήματι
1617 1491 1665 1542 οἱ
1699 1488 1796 1559 μὲν

227 1577 555 1646 συκοφάνται
585 1579 1038 1646 καταγνωσθιῖωιν
1061 1580 1344 1651 αἱρετικοὶ,
1379 1582 1412 1652 η
1436 1581 1493 1634 δὲ
1521 1580 1586 1652 σὴ
1613 1580 1795 1649 φιλαν-

224 1667 436 1739 θρωπία
477 1668 854 1739 δειχθήσεται;
885 1669 950 1721 Τί
997 1669 1074 1736 δὲ,
1126 1664 1170 1724 ὦ
1207 1670 1443 1742 βασιλεῦ,
1472 1671 1690 1724 ἐϐούλου
1727 1689 1794 1742 με

223 1759 447 1830 ὀφθῆναι
493 1762 605 1821 τοῖς
639 1761 750 1823 σοῖς
782 1759 1061 1822 δικασταῖς
1091 1759 1236 1832 (56),
1271 1761 1378 1823 ἵνα,
1406 1764 1452 1815 εί
1475 1761 1568 1815 καὶ⁴
1598 1762 1661 1814 σὺ
1703 1762 1797 1831 μέ-

223 1867 308 1920 χρι
334 1851 505 1921 μόνης
539 1849 765 1921 ἀπειλῆς
803 1850 1067 1921 ἔγραψας,
1098 1855 1294 1906 ἐκεῖνοι
1319 1853 1392 1925 μὴ
1424 1854 1671 1921 νοοῦντες
1699 1857 1798 1929 τὴν

225 1942 316 2014 σὴν
338 1943 598 2006 διάνοιαν,
641 1942 852 2012 ἔχοντες
881 1942 938 1995 δὲ
975 1946 1099 2006 τοὺς
1133 1944 1441 2016 Ἀρειανοὺς
1476 1946 1800 2019 παροξύνον-

220 2051 312 2098 τας
340 2036 559 2100 αύτοὺς,
597 2037 660 2087 ἐκ
678 2034 784 2088 τῶν
815 2052 906 2088 σου
929 2036 1269 2105 γραμμάτων
1295 2038 1675 2104 ἀποκτείνωσι,
1703 2040 1796 2093 καὶ

220 2128 295 2190 είς
345 2126 404 2178 σέ
437 2127 528 2179 τὸν
564 2126 723 2195 φόνον
752 2127 1056 2180 ἀναθῶνται
1091 2127 1178 2181 διὰ
1205 2127 1272 2181 τὰ
1327 2131 1648 2200 γράμματα;
1680 2132 1796 2183 υύκ

219 2216 452 2288 ἔπρεπεν
482 2216 607 2270 οὔτε
635 2218 734 2288 ἐμὲ
760 2217 1094 2288 αὐτομολεῖν,
1116 2219 1208 2272 καὶ
1230 2220 1308 2282 εἰς
1330 2220 1537 2290 αἵματα
1561 2221 1796 2291 ἐμαυτὸν

218 2310 519 2364 ἀποδιδόναι
555 2310 690 2379 (57),
742 2307 866 2363 οὔτε
919 2326 980 2361 σε
1023 2309 1362 2380 φιλόχριστον
1411 2311 1534 2364 ὄντα
1574 2311 1796 2383 βασιλέα

217 2401 305 2452 ἐπὶ
336 2400 520 2469 φόνοις
546 2399 908 2470 Χριστιανῶν,
952 2399 1044 2452 καὶ
1085 2397 1257 2452 ταῦτα
1300 2401 1634 2464 ἐπισκόπων,
1671 2402 1793 2452 ἐπι-

218 2489 545 2560 γράφεσθαι.

283 2582 371 2635 55.
413 2581 624 2636 οὐκοῦν
661 2581 865 2652 βέλτιον
901 2583 1090 2651 γέγονε
1118 2583 1178 2636 τὸ
1216 2581 1504 2654 κρυϐῆναι,
1543 2583 1637 2634 καὶ
1667 2580 1793 2633 τοῦ-

214 2691 300 2726 τον
327 2673 646 2738 ἐκδέξασθαι
671 2675 759 2726 τὸν
792 2675 1000 2746 καιρόν.
1033 2675 1141 2728 Ναὶ
1180 2674 1285 2745 (58)
1317 2670 1451 2736 οἶδα,
1494 2674 1575 2726 ὅτι
1604 2674 1696 2726 καὶ
1725 2675 1790 2728 σὺ

213 2763 494 2833 γινώσκων
525 2764 624 2828 τὰς
657 2764 802 2828 θείας
839 2765 1080 2836 Γραφὰς,
1107 2767 1394 2829 ἐπινεύεις,
1434 2766 1526 2817 καὶ
1551 2765 1788 2838 ἀποδέχῃ

215 2877 279 2929 με
319 2858 480 2912 τοῦτο
528 2858 826 2931 πράξαντα.
871 2861 1000 2914 Ἰδοὺ
1055 2860 1203 2928 γοῦν,
1236 2859 1343 2912 τῶν
1383 2859 1787 2931 παροξυνόντων

212 2951 597 3022 πεπαυμένων,
623 2952 856 3024 πέφηνεν
883 2954 915 3022 ή
955 2953 1020 3024 σὴ
1047 2951 1299 3022 θεοσεϐὴς
1320 2950 1656 3017 ἀνεξικακία,
1692 2951 1787 3004 καὶ

211 3043 473 3096 δέδεικται
501 3045 689 3109 πᾶσιν,
721 3044 801 3096 ὅτι
836 3045 970 3116 μηδὲ
1002 3044 1099 3116 τὴν
1123 3043 1293 3118 ἀρχὴν
1319 3043 1536 3105 ἐδίωκες
1570 3042 1634 3094 σὺ
1659 3044 1785 3106 τοὺς

210 3134 570 3206 Χριστιανούς
590 3151 603 3167 ο
639 3136 753 3188 ἀλλ’
781 3139 972 3190 ἐκεῖνοι
992 3133 1128 3208 ἦσαν
1160 3137 1209 3189 οἱ
1228 3135 1326 3199 τὰς
1349 3134 1637 3206 ἐκκλησίας
1655 3136 1784 3206 ἐρηι-
1811 3169 1853 3226 C

214 3228 516 3298 μὼσαντες,
545 3229 632 3281 ἵνα
660 3230 757 3300 τὴν
788 3229 918 3282 ἰδίαν
959 3228 1210 3283 ἀσέϐειαν
1262 3228 1620 3300 ἐπισπείρωσι
1650 3245 1784 3280 παν-

205 3320 393 3390 ταχοῦ,
428 3321 496 3374 δι’
532 3321 600 3392 ἢν
647 3322 739 3375 καὶ
770 3323 950 3392 ἡμεῖς,
975 3323 1022 3372 εἰ
1051 3320 1124 3391 μὴ
1143 3315 1285 3391 ἦμεν
1315 3320 1590 3388 φυγόντες,
1613 3320 1778 3374 πάλαι

206 3410 268 3464 ἂν
297 3411 772 3482 ἐπεϐουλεύθημεν
797 3413 927 3483 παρ’
952 3409 1149 3464 αὐτῶν.
1180 3412 1241 3462 Oi
1272 3409 1379 3481 γὰρ
1403 3409 1654 3472 τοιαύτας
1673 3409 1787 3463 δια-

203 3497 362 3560 ϐολὰς
385 3501 563 3552 εἰπεῖν
597 3500 716 3553 κατ’
742 3499 875 3570 ἐμοῦ
907 3499 981 3571 μὴ
1011 3499 1475 3570 παραιτησάμενοι
1511 3500 1660 3571 παρὰ
1683 3517 1781 3570 τη-

201 3589 433 3662 λικούτῳ
469 3591 782 3662 Αὐγούστῳ,
821 3592 872 3644 οἱ
900 3590 1123 3644 τοιαῦτα
1174 3591 1294 3642 κατ’
1323 3590 1632 3644 ἐπισκόπων
1682 3591 1778 3645 καὶ

200 3680 489 3752 παρθένων
536 3682 1012 3753 ἐπιχειρήσαντες,
1041 3679 1258 3751 εὔδηλον
1291 3679 1366 3745 ὡς
1395 3682 1488 3734 κα)⁹
1507 3681 1596 3734 τὸν
1623 3684 1655 3753 ἡ
1666 3682 1780 3745 μῶν

199 3772 430 3826 θάνατον
460 3771 743 3843 ἐθήρευον.
803 3771 963 3825 Ἀλλά
1017 3770 1175 3844 χάρις
1217 3771 1294 3843 τῷ
1337 3774 1527 3846 Κυρίῳ
1565 3773 1643 3844 τῷ
1680 3774 1779 3844 τὴν

197 3863 474 3932 βασιλείαν
505 3880 588 3916 σοι
623 3863 872 3917 δεδωκότι
894 3881 908 3894 °
940 3864 1137 3929 πάντες
1161 3866 1267 3940 γὰρ
1292 3865 1659 3920 ἐπιστώσαντο
1680 3883 1777 3919 πε-

195 3954 245 4024 ρί
273 3973 335 4007 τε
366 3955 466 4025 τῆς
518 3955 615 4022 σῆς
650 3955 1052 4025 φιλανθρωπίας
1083 3957 1176 4010 καὶ
1212 3959 1312 4026 τῆς
1352 3957 1573 4010 ἐκείνων
1606 3974 1774 4028 πονη-

193 4047 336 4117 ρίας,
360 4040 431 4117 ἦς
456 4045 620 4098 ἕνεκα
648 4044 900 4098 καὶκατὰ
927 4045 1025 4115 τὴν
1051 4047 1220 4117 ἀρχὴν
1243 4047 1459 4116 ἔφυγον,
1494 4048 1581 4101 ἵνα
1603 4046 1776 4100 ταῦτα

191 4139 303 4206 ἐγὼ
340 4137 442 4209 μέν
471 4156 554 4191 τοι
589 4138 697 4207 (59)
736 4139 1126 4208 προσφωνήσω,
1157 4138 1221 4190 σὺ
1246 4138 1302 4190 δέ
1329 4138 1493 4208 εὕρῃς
1516 4139 1635 4192 τίνα
1659 4139 1778 4208 φιλ-

189 4228 579 4301 ανθρωπεύσῃ.
625 4229 930 4300 Παρακαλῶ
983 4228 1181 4292 τοίνυν,
1218 4230 1403 4301 ἐπειδὴ
1443 4232 1535 4282 καὶ
1571 4231 1774 4302 γέγρα-

175 4337 357 4375 πται·
409 4321 746 4387 Ἀπόκρισις
799 4321 1226 4375 ὐποπίπτουσα
1271 4320 1631 4390 ἀποστρέφει
1679 4323 1773 4388 ὀρ-

187 4414 303 4483 γήν
327 4430 340 4444 ο
382 4415 498 4476 καὶ,
524 4414 723 4466 Δεκτοὶ
753 4411 1005 4476 βασιλεῖ
1021 4413 1297 4482 λογισμοὶ
1331 4412 1548 4466 δίκαιοι
1569 4429 1583 4443 ⁸
1619 4413 1772 4479 δεξάο

1906 590 2117 643 occasio
2142 588 2262 657 fuit,
2315 593 2729 662 religiosissime
2755 599 3018 670 Auguste,
3055 620 3156 660 nec
3188 607 3363 673 piguit
3386 623 3473 662 me

1905 677 1986 733 vel
2037 680 2086 732 in
2119 681 2389 737 desertum
2423 685 2716 754 proficisci,
2763 689 2848 742 vel
2896 692 2939 746 si
2987 708 3124 764 opus
3173 695 3387 765 fuisset,
3419 699 3472 753 in

1905 779 2088 837 sporta
2126 785 2154 824 a
2191 775 2460 832 moenibus
2495 779 2760 835 demitti‘.
2789 781 2979 838 Omnia
3027 786 3169 841 enim
3217 791 3470 857 sustinui,

1905 871 2100 917 etcum
2125 863 2255 921 feris
2285 868 2541 936 habitari,
2574 873 2742 929 donec
2765 890 2860 930 vos
2886 880 3287 946 pertransiretis
3309 901 3324 938 :
3345 898 3468 937 nam

1905 964 2260 1022 Opportunum
2307 968 2517 1030 tempus
2561 967 2965 1034 exspeCIabam,
2996 984 3102 1039 quo
3153 971 3268 1028 haec
3303 978 3468 1029 verba

1907 1044 2084 1100 facere
2126 1047 2335 1114 liceret,
2382 1054 2826 1126 confidebamque
2873 1059 3290 1119 calumniatores
3333 1081 3467 1121 con-

1903 1137 2197 1193 vincendos
2227 1155 2366 1205 esse,
2399 1144 2850 1217 manifestamque
2883 1149 2998 1206 fore
3039 1161 3182 1208 tuain
3212 1156 3468 1212 humani-

1905 1237 2092 1283 tatem.
2125 1227 2168 1284 Ο
2200 1231 2352 1286 beate
2396 1249 2458 1287 ac
2507 1235 2615 1291 Deo
2663 1240 3013 1298 dilectissime
3047 1245 3303 1316 Auguste,
3339 1252 3465 1318 quid

1904 1319 2222 1376 maluisses?
2252 1339 2408 1378 mene
2451 1327 2516 1379 ad
2565 1337 2616 1381 te
2652 1333 2910 1387 accedere
2960 1336 3277 1394 ardentibus
3309 1355 3470 1413 sycoo

1904 1411 2121 1480 phantis
2156 1415 2310 1478 meis,
2355 1429 2420 1469 ac
2460 1432 2546 1471 me
2581 1421 2827 1475 occidere
2849 1429 3228 1492 quaerentibus,
3267 1411 3358 1495 an,
3391 1434 3468 1488 uti

1903 1502 2160 1571 scriptum
2186 1515 2288 1570 est,
2323 1520 2406 1560 tne
2431 1507 2694 1576 tantisper
2721 1510 3005 1579 abscondi,
3038 1529 3094 1570 ut
3129 1519 3344 1576 interim
3379 1539 3469 1595 sy-

1902 1593 2182 1662 cophantae
2229 1597 2444 1665 quidem
2479 1598 2719 1656 haeretici
2768 1606 3320 1677 deprehenderentur,
3369 1593 3469 1669 ltu-

1903 1685 2134 1740 manitas
2160 1701 2288 1741 vero
2323 1695 2412 1740 tua
2444 1689 2838 1748 innotesceret?
2871 1694 3007 1751 Num
3040 1699 3275 1766 voluisti,
3309 1718 3343 1757 ο
3369 1704 3471 1760 im-

1901 1787 2142 1844 perator,
2176 1786 2235 1832 ut
2279 1781 2385 1834 tuis
2430 1795 2516 1836 me
2554 1782 2830 1853 judicibus
2859 1787 3130 1854 sisterem,
3169 1802 3228 1847 ut
3258 1794 3381 1850 licet
3413 1806 3467 1851 tu

1899 1867 2316 1923 comminatorie
2347 1878 2550 1925 tantum
2585 1873 2894 1944 scripseris,
2930 1877 3006 1932 illi
3041 1891 3217 1937 tamen
3245 1895 3469 1942 senten-

1900 1961 1988 2015 tiae
2031 1970 2134 2014 tua;
2177 1963 2369 2032 ignari,
2398 1973 2453 2018 et
2488 1965 2557 2020 ab
2597 1965 2819 2023 Arianis
2858 1971 3136 2039 concitati,
3171 1987 3236 2030 ex
3273 1976 3469 2034 litteris

1900 2053 2004 2106 tuis
2033 2067 2118 2106 me
2151 2053 2522 2112 interficerent
2545 2095 2562 2120 ,
2616 2058 3072 2131 ltomicidiumque
3102 2066 3232 2122 illud
3264 2070 3356 2123 tibi
3394 2072 3466 2126 ob

1897 2141 2100 2198 litteras
2127 2144 2278 2200 datas
2325 2146 2688 2217 imputarent?
2713 2141 2829 2205 Non
2855 2154 3222 2221 decuitcerte,
3255 2161 3336 2215 vel
3370 2177 3458 2217 me

1896 2243 2088 2301 Sponte
2133 2235 2250 2290 illos
2285 2237 2456 2300 adire,
2491 2248 2546 2291 et
2591 2241 2655 2291 ad
2693 2255 2880 2297 necem
2931 2247 3306 2318 memetipsum
3349 2259 3466 2306 trn—

1895 2320 2062 2376 dere:
2090 2324 2168 2378 vel
2216 2326 2308 2380 tibi
2343 2327 2558 2382 Christo
2592 2331 2784 2384 devoto
2815 2332 3153 2402 imperatori,
3187 2339 3462 2396 Christia-

1895 2428 2109 2480 norum,
2139 2420 2436 2486 praesertim
2465 2422 2862 2493 episcoporum,
2891 2429 3067 2482 caedes
3101 2431 3319 2486 ascribi.

1963 2592 2051 2647 '55.
2084 2592 2266 2650 Satius
2298 2595 2479 2668 itaque
2511 2598 2610 2654 fuit
2649 2610 2707 2654 ut
2738 2618 2821 2658 me
2850 2606 3200 2673 occultarent,
3232 2619 3287 2664 et
3321 2613 3461 2668 hanc

1893 2688 2148 2751 temporis
2181 2691 2631 2757 opportunitatem
2678 2706 3068 2765 exspectarem.
3119 2700 3276 2756 Certe
3325 2704 3449 2756 novi

1893 2784 1965 2839 te,
2011 2776 2310 2833 divinarum
2352 2781 2754 2852 Scripturarum
2806 2789 3012 2856 peritus
3051 2805 3171 2845 cum
3211 2791 3307 2857 sis,
3354 2809 3457 2846 an-

1889 2881 2072 2932 nuere,
2100 2867 2408 2940 factumque
2438 2890 2613 2928 meum
2659 2879 2908 2946 probare.
2941 2879 3073 2935 Nam
3121 2883 3251 2938 viris
3278 2886 3368 2952 qui
3402 2896 3457 2940 te

1887 2959 2233 3015 concitabant
2279 2963 2682 3032 desistentibus,
2735 2971 2985 3036 apparuit
3042 2972 3296 3041 religiosa
3363 2985 3456 3030 tua

1887 3051 2170 3106 clementia
2199 3069 2212 3105 :
2240 3054 2597 3122 omnibusque
2625 3066 2806 3111 uotum
2832 3058 2954 3125 fuit,
2979 3070 3030 3116 te
3057 3076 3122 3117 ne
3146 3074 3302 3118 antea
3328 3067 3454 3134 qui-

1887 3143 2005 3196 dem
2043 3141 2385 3198 Christianos
2413 3157 2753 3214 persecutum
2795 3147 2989 3217 fuisse,
3035 3153 3127 3206 sed
3163 3153 3282 3210 illos
3309 3156 3454 3224 ipsos

1887 3231 2156 3287 Ecclesiae
2202 3230 2634 3302 devastasse,'ut
2661 3252 2813 3292 suam
2884 3239 3210 3309 impietatem
3255 3246 3454 3315 ubique

1884 3325 2300 3380 disseminarent
2321 3345 2334 3381 :
2357 3329 2510 3396 cujus
2531 3343 2692 3384 causa
2714 3332 2875 3384 etiam
2898 3347 2994 3387 nos
3017 3335 3116 3388 nisi
3145 3334 3452 3406 aufugisse-

1884 3431 2023 3478 mus,
2051 3414 2256 3484 jamdiu
2295 3432 2534 3474 essemus
2579 3420 2788 3477 insidiis
2835 3438 3019 3479 eorum
3073 3428 3450 3486 circumventi.

1883 3507 1984 3574 Qui
2012 3509 2154 3562 enim
2189 3509 2451 3575 ejusmodi
2478 3512 2776 3567 calumnias
2811 3517 2948 3586 apud
2987 3528 3192 3574 tantum
3221 3522 3454 3592 impera-

1886 3609 2054 3654 torem
2099 3602 2382 3656 adversum
2437 3618 2522 3657 me
2566 3605 2809 3674 proferre
2867 3623 2972 3662 non
3023 3609 3294 3682 dubitant,
3354 3617 3451 3684 qui

1883 3700 1992 3744 tam
2018 3690 2222 3746 nefaria
2242 3694 2501 3750 adversus
2522 3697 2800 3767 episcopos
2827 3701 3127 3772 etvirgines
3147 3705 3265 3760 ausi
3287 3715 3446 3772 sunt,

1885 3783 2026 3837 haud
2065 3783 2284 3837 dubium
2314 3785 2444 3852 quin
2476 3795 2712 3840 nostram
2760 3805 2974 3860 quoque
3005 3793 3320 3850 molirentur
3349 3813 3448 3852 ne-

1881 3886 2019 3925 cem.
2061 3872 2164 3928 Sed
2205 3874 2378 3943 gratia
2427 3874 2677 3942 Domino,
2712 3881 2801 3948 qui
2837 3882 2928 3935 tibi
2970 3881 3251 3952 imperium
3283 3889 3449 3944 tradi-

1882 3963 1978 4030 dit,
2011 3967 2151 4033 quod
2181 3981 2371 4021 omnes
2395 3969 2656 4024 certiores
2684 3969 2810 4025 facti
2839 3973 2968 4041 sint,
2999 3990 3119 4030 cum
3146 3977 3212 4033 de
3235 3989 3324 4033 tua
3356 3982 3450 4035 be-

1879 4057 2162 4126 nignitate,
2216 4067 2323 4112 tum
2361 4059 2426 4114 de
2458 4060 2670 4115 illorum
2719 4063 2941 4131 malitia,
2988 4067 3141 4133 cujus
3180 4084 3343 4126 causa
3377 4075 3446 4127 ab

1879 4145 2030 4202 initio
2067 4148 2245 4216 fugam
2275 4149 2410 4217 feci,
2452 4161 2510 4204 ut
2539 4153 2668 4206 mibi
2698 4166 2883 4224 postea
2922 4166 2973 4212 te
3007 4159 3319 4229 alloquendi
3361 4163 3443 4216 fa-

1875 4238 2049 4292 cultas
2077 4249 2240 4305 esset,
2275 4249 2438 4310 tuque
2468 4243 2739 4299 invenires
2773 4262 2929 4314 quem
2960 4251 3268 4308 humaniter
3288 4259 3442 4312 exci-

1875 4329 2312 4414 peres.‘0bsecro
2368 4332 2553 4402 igitur,
2601 4344 2658 4388 ιιι
2699 4340 3130 4408 (ιιιίιιιιιοῳιίἀθιιι
3178 4349 3438 4414 scriptum

1872 4421 1954 4467 est
1985 4432 1997 4467 :
2033 4412 2324 4484 Responsio
2359 4417 2575 4469 humilis
2608 4421 2794 4473 avertit
2829 4422 3030 4489 iram”,
3073 4436 3128 4480 et
3158 4443 3172 4480 :
3202 4412 3440 4498 Accepta:

188 4520 351 4573 μενος
381 4503 477 4554 καὶ
497 4503 699 4572 ταύτην
733 4501 827 4573 τὴν
847 4501 1156 4570 ἀπολογίαν,
1177 4503 1371 4565 ἀπόδος
1397 4506 1516 4566 ταῖς
1550 4505 1771 4576 πατρίσι

1889 4515 1997 4559 tum
2032 4509 2136 4576 regi
2157 4508 2322 4575 justo:
2351 4511 2692 4578 (agitationes
2711 4514 2752 4578 ³,
2799 4513 2936 4568 hanc
2965 4517 3217 4574 admitlas
3265 4522 3440 4588 apolo-

183 4596 278 4648 καὶ
306 4598 429 4657 ταῖς
443 4594 788 4663 Ἑκκλησίαις
809 4595 1013 4656 πάντας
1036 4595 1157 4657 τοὺς
1177 4595 1502 4659 ἐπισκόπους
1528 4597 1620 4648 καὶ
1648 4596 1787 4670 τοὺςξ

1889 4596 2035 4664 ᾐειιιι,
2083 4611 2376 4664 Omnesque
2401 4599 2682 4666 episcopos
2706 4611 2758 4655 et
2791 4602 2926 4657 alios
2977 4607 3200 4663 clericos
3252 4615 3438 4678 patria:

1871 4699 1923 4744 et
1959 4687 2213 4742 Ecclesiis
2235 4690 2346 4743 suis
2369 4690 2640 4757 restituas,
2674 4703 2730 4746 ut
2760 4695 3203 4755 calumniatomm
3222 4705 3435 4772 quidem

1870 4778 2179 4843 malignitas
2205 4778 2378 4846 palam
2408 4781 2518 4847 fiat,
2569 4789 2621 4833 ttt
2652 4795 2778 4836 vero
2807 4799 2948 4840 nunc
2976 4797 3030 4839 et
3056 4787 3109 4841 in
3135 4789 3323 4859 judicii
3351 4795 3437 4849 die

1868 4884 1989 4922 cum
2035 4870 2226 4924 fiducia
2268 4870 2427 4941 253
2475 4872 2700 4928 Domino
2745 4884 2800 4929 et
2852 4875 3117 4934 Salvatori
3153 4895 3341 4938 nostro
3371 4902 3435 4942 ac

1864 4959 2105 5013 omnium
2149 4962 2258 5030 regi
2290 4961 2415 5016 Jesu
2449 4961 2668 5017 Christo
2702 4971 2816 5021 haec
2846 4969 2994 5022 dicas
3023 4988 3035 5024 :
3065 4969 3186 5026 Non
3229 4979 3434 5043 perdidi

1863 5067 1926 5104 ea:
1956 5053 2060 5105 tuis
2091 5055 2435 5124 queinquam“
2463 5075 2477 5123 ;
2507 5058 2598 5111 sed
2629 5057 2714 5112 isti
2734 5059 3236 5120 omnibusinsidiati
3271 5081 3428 5124 sunt:

1862 5156 1962 5210 ego
1996 5151 2176 5196 autem
2204 5145 2270 5198 de
2304 5146 2370 5200 iis
2409 5148 2497 5215 qui
2531 5147 2838 5218 interempti
2880 5164 3030 5216 sunt,
3075 5156 3138 5208 de
3181 5157 3428 5215 laceratis

1866 5234 2181 5302 virginibus,
2229 5237 2404 5306 deque
2441 5239 2562 5294 aliis
2603 5255 2720 5307 qum
2766 5243 3048 5298 adversum
3091 5247 3427 5306 Christianos

1861 5335 2011 5394 gesta
2037 5338 2185 5392 sunt,
2210 5329 2396 5386 dolore
2419 5346 2536 5386 sum
2564 5331 2787 5389 affectus
2817 5353 2829 5388 :
2862 5335 3043 5405 pulsos
3084 5339 3269 5394 reduxi
3312 5357 3426 5409 pro-

1865 5419 2101 5488 priisque
2131 5420 2386 5478 Ecclesiis
2409 5427 2638 5480 restitui.

178 4688 378 4750 ἀλλους
407 4687 721 4760 κληρικοὺς,
748 4687 834 4740 ἵνα
859 4686 966 4739 τῶν
1000 4687 1096 4756 μὲν
1127 4686 1515 4740 διαϐαλλόντων
1543 4689 1574 4757 ἡ
1598 4692 1782 4759 πονη-’

179 4781 274 4851 ρία
323 4779 535 4848 δειχθῇ,
574 4778 638 4830 σὺ
669 4777 724 4829 δέ
774 4778 868 4830 καὶ
920 4777 1013 4830 νῦν
1043 4779 1135 4830 καὶ
1195 4779 1252 4830 ἐν
1305 4779 1486 4848 ἡμέρᾳ
1532 4779 1764 4848 κρίσεως

174 4868 313 4939 ἔχῃς
344 4867 658 4938 παρρησίαν
692 4869 861 4920 εἰπεῖν
902 4865 979 4936 τῷ
1004 4867 1193 4937 Κυρίῳ
1227 4868 1319 4920 καὶ
1358 4868 1569 4939 Σωτῆρι
1605 4869 1764 4938 ἡμῶν
1804 4867 1816 4879 ’

169 4962 273 5014 καὶ
305 4959 646 5029 παμϐασιλεῖ
687 4956 860 5030 Ἰησοῦ
901 4959 1152 5032 Χριστῷ’
1197 4959 1425 5014 Οὐδένα
1469 4959 1588 5013 τῶν
1633 4961 1762 5014 σῶν

164 5051 471 5106 ἀπώλεσα
497 5067 510 5080 ⁸
534 5049 650 5102 ἀλλ’
675 5050 724 5102 oi
761 5050 856 5119 μὲν
888 5049 1364 5113 ἐπιϐουλεύσαντες
1405 5052 1568 5103 πᾶσιν
1599 5045 1754 5104 οὗτοί

159 5144 337 5196 εἰσιν·
373 5139 489 5209 ἐγὼ
529 5141 588 5193 δὲ
631 5141 724 5192 ἐπί
757 5141 853 5210 μὲν
899 5143 1009 5200 τοῖς
1044 5141 1470 5210 τετελευτηκόσι,
1514 5143 1605 5196 καὶ
1639 5147 1754 5207 ταῖς

161 5233 485 5299 ξεσθείσαις
514 5232 820 5302 παρθένοις,
859 5234 970 5295 τοῖς
1009 5249 1067 5284 τε
1107 5231 1286 5294 ἀλλοις
1323 5233 1434 5294 τοῖς
1476 5231 1617 5284 κατά
1646 5233 1754 5286 τῶν

153 5321 522 5395 Χριστιανῶν
548 5322 854 5392 γενομένοις
876 5321 1144 5393 ἠχθέσθην
1163 5339 1176 5352 ·
1217 5322 1340 5384 τοὺς
1367 5321 1423 5374 δὲ
1456 5321 1754 5390 ἐξορισθέν-

150 5434 265 5480 τας
281 5417 632 5486 ἐπανήγαγον
649 5415 740 5467 κα)⁸
755 5414 1066 5468 ἀποδέδωκα
1083 5416 1201 5478 ταῖς
1219 5413 1374 5478 ἰδίαις
1387 5413 1752 5484 Ἐκκλησίαις.

237 5535 286 5568 ⁸⁸
312 5531 421 5587 lsa.
455 5547 606 5596 χχιι,
633 5530 724 5586 20.
799 5532 814 5560 ¹
839 5530 882 5582 ll
904 5531 1028 5584 Cor.
1053 5547 1106 5585 XI
1138 5570 1152 5596 ,
1247 5533 1336 5590 55.

232 5647 356 5720 (55)
381 5645 580 5720 δραι,
614 5645 722 5698 διά.

231 5715 350 5786 (56)
379 5717 545 5786 883.,
575 5719 814 5786 τρισσβῖς
835 5715 1134 5781 δικασταῖς.

231 5784 352 5862 (57)
393 5784 555 5853 Reg”
585 5784 896 5840 ἐπιδιδόναι.

411 5885 691 5942 ΡΑτιιοι..
745 5882 860 5942 Gn.
924 5882 1039 5941 XX
1055 5883 1122 5941 ι’.

1986 5536 2006 5566 ³
2037 5534 2196 5591 Prov.
2233 5553 2342 5601 xw,
2386 5538 2476 5592 55.
2552 5540 2572 5570 ⁶
2595 5539 2750 5595 Joan.
2781 5555 2908 5594 xvm
2932 5581 2950 5608 ,
3005 5543 3058 5597 9.

1921 5653 2032 5721 (58)
2068 5653 2177 5706 Ναί
2209 5654 2352 5725 deest
2382 5656 2432 5706 in
2465 5653 2599 5725 Reg.

1918 5725 2029 5794 (59)
2055 5723 2399 5792 Ιέόίιί,ταῢτα
2425 5723 2663 5796 μένίεθιι
2698 5726 2796 5796 μέν
2824 5726 2876 5781 in
2901 5727 3032 5798 Reg.
3058 5731 3311 5794 deletum.

1470 5529 1677 5586 ’Prov.
1728 5547 1814 5601 xv,
1858 5535 1909 5590 1.

3028 5891 3098 5953 91
