3980 6492
541 360 657 417 645
1118 361 1175 414 S.
1219 359 1588 415 ATIIANASII
1628 360 1781 417 OPP.
1824 358 2007 415 PARS
2051 359 2089 416 Ι.
2132 390 2198 400 —-
2234 361 2599 419 HISTORICA
2639 363 2727 419 ET
2768 362 3187 423 DOGMATICA.
3676 368 3766 426 644

1843 862 2539 961 ADMONITIO

1466 1090 1536 1149 In
1582 1088 1955 1169 Apologium
1998 1090 2059 1149 S.
2107 1085 2433 1148 Athanasii
2474 1085 2545 1147 de
2569 1086 2721 1165 fuga
2750 1103 2889 1157 sua,

612 1411 652 1467 1.
687 1408 1006 1464 Percelebris
1044 1418 1116 1465 est
1144 1410 1255 1464 lucc
1285 1409 1547 1479 Apologia
1575 1412 1717 1479 apud
1745 1412 1983 1465 historice
2012 1410 2386 1465 ecclesiastica:
2419 1411 2722 1478 scriptores,
2755 1409 2846 1479 qui
2884 1408 3027 1463 haud
3054 1409 3276 1479 exiguas
3312 1407 3430 1477 ejus
3465 1418 3646 1476 partes
3660 1411 3774 1465 scri-

539 1506 640 1573 ptis
665 1506 772 1558 suis
803 1485 1064 1559 inseruere
1096 1519 1113 1557 :
1144 1503 1474 1572 maximeque
1509 1504 1742 1556 omnium
1768 1502 2122 1557 Theodoretus
2153 1502 2245 1556 lib.
2281 1518 2342 1568 II,
2373 1504 2429 1556 in
2465 1518 2567 1571 quo
2612 1503 2811 1571 passim
2841 1511 3123 1555 occurrunt
3148 1510 3397 1570 excerpta
3427 1518 3496 1556 ea:
3528 1502 3628 1557 hoc
3646 1520 3773 1572 opere

538 1596 859 1667 fragmenta.
886 1596 1133 1651 Laudato
1166 1612 1227 1651 ea
1252 1598 1364 1667 ipsa
1396 1597 1500 1665 fuit
1535 1598 1588 1651 in
1627 1598 1850 1653 concilio
1877 1597 2199 1654 Duziacensi
2224 1614 2263 1665 ι,
2296 1600 2385 1653 sed
2417 1599 2665 1653 mendose
2694 1597 2766 1652 ibi
2802 1607 3137 1668 nuncupatur
3171 1596 3415 1669 Epistola
3452 1597 3608 1664 Julii,
3637 1609 3686 1653 ut
3706 1600 3773 1655 in-

540 1689 625 1757 [να
655 1704 945 1742 monemus.

608 1780 671 1835 ll.
712 1780 889 1850 llujus
926 1781 1313 1835 conscribendas
1343 1796 1561 1835 causam
1598 1790 1817 1835 enarrat
1853 1782 2181 1838 Athanasius
2203 1785 2257 1837 in
2284 1783 2396 1853 ipso
2416 1781 2690 1853 Apologia:
2719 1783 2977 1838 exordio:
3007 1782 3281 1848 nimirum,
3322 1783 3582 1839 Leontius
3610 1784 3773 1840 Antio-

536 1879 752 1940 chenus,
785 1876 1067 1932 Narcissus
1100 1876 1438 1943 Neroniadis,
1473 1886 1521 1931 et
1566 1876 1824 1948 Georgius
1856 1877 2208 1945 Laodiccnus,
2237 1881 2553 1933 Arianorum
2594 1880 2946 1949 antesignani,
2977 1896 3094 1934 cum
3134 1896 3269 1952 cegre
3318 1881 3520 1951 ferrent
3558 1882 3772 1937 Athana-

533 1973 693 2035 sium,
728 1988 881 2041 quem
909 1972 974 2024 de
1006 1970 1176 2025 medio
1207 1969 1471 2025 sublatum
1507 1971 1876 2039 peroptabant,
1912 1971 2038 2041 fuga
2083 1988 2193 2027 sese
2222 1972 2566 2041 proripuisse,
2604 1988 2664 2026 ac
2698 1980 2941 2026 cruentas
2969 1971 3188 2042 Syriani
3221 1975 3372 2028 ducis
3410 1975 3638 2030 evasisse
3666 1992 3767 2028 rna-

534 2074 630 2117 nus
653 2077 672 2115 :
699 2065 880 2134 fugam
917 2063 1030 2130 ejus
1070 2062 1347 2117 criminari
1391 2064 1641 2133 aggressi,
1675 2063 1980 2117 timiditatis
2015 2064 2168 2117 illum
2219 2064 2530 2134 arguebant,
2570 2064 2911 2134 animumque
2949 2064 3006 2117 in
3046 2064 3299 2131 periculis
3337 2080 3434 2134 pro
3476 2068 3667 2136 populo
3692 2086 3770 2125 suo

533 2157 813 2211 subeundis
852 2157 1099 2227 ignavum
1138 2156 1547 2222 exprobrabant.
1597 2155 1769 2224 Quam
1814 2168 1871 2211 ut
1914 2159 2183 2229 propulset
2236 2160 2607 2213 contumeliam
2652 2159 2996 2226 Athanasius,
3050 2162 3339 2230 praemissis
3385 2164 3703 2233 quibusdam
3722 2165 3773 2218 de

529 2251 886 2319 persecutione
915 2252 1166 2307 adversus
1204 2251 1490 2321 Liberium,
1528 2252 1753 2308 [Iasium
1800 2262 1847 2307 et
1867 2253 2025 2322 alios,
2072 2257 2363 2323 exemplum
2395 2255 2551 2324 a/fert
2593 2266 2823 2310 veterum
2868 2255 3113 2325 Patrum,
3160 2259 3565 2326 praphetarum,
3601 2277 3775 2316 necnon

530 2346 904 2417 apostolorum,
936 2346 1040 2400 imo
1069 2346 1233 2415 ipsius
1264 2345 1480 2411 Christi,
1506 2347 1597 2415 qui
1629 2362 1733 2400 non
1775 2346 1947 2399 solum
1982 2348 2136 2400 verba
2175 2347 2354 2401 docuit
2390 2364 2501 2403 esse
2541 2348 2595 2400 in
2640 2348 2998 2418 persecutione
3024 2348 3333 2419 fugiendum
3360 2351 3426 2404 ab
3452 2367 3563 2405 una
3589 2353 3773 2407 civitate

531 2448 584 2499 in
613 2446 807 2510 aliam,
839 2447 929 2499 sed
962 2455 1012 2499 et
1036 2446 1147 2515 ipse
1174 2447 1244 2499 ad
1270 2462 1443 2501 necem
1474 2446 1824 2516 conquisitus,
1857 2445 2000 2498 haud
2033 2444 2190 2499 semel
2211 2461 2322 2500 sese
2347 2446 2617 2500 subduxit.
2654 2445 2874 2501 Demum
2924 2446 2977 2501 S.
3007 2448 3193 2501 doctor
3218 2448 3500 2510 epistolam
3545 2446 3772 2501 claudens

530 2546 743 2591 enarrat
784 2554 884 2607 quo
931 2550 1080 2603 pacto
1115 2539 1322 2593 obsessa
1354 2556 1385 2591 a
1419 2537 1647 2608 Syriano
1696 2543 1829 2593 duce
1873 2536 2119 2603 ecclesia,
2162 2538 2221 2592 in
2253 2554 2358 2608 qua
2403 2539 2491 2594 ille
2542 2548 2655 2592 tum
2703 2540 3034 2606 versabatur,
3084 2538 3196 2593 Deo
3237 2540 3558 2610 cpitulante,
3591 2548 3772 2593 tantum

529 2631 748 2685 evaserit
778 2629 1090 2698 periculum.

601 2720 685 2775 lll.
713 2721 1047 2775 Arbitramur
1068 2738 1226 2792 porro
1266 2739 1404 2777 anno
1442 2723 1545 2778 557
1575 2723 1651 2778 vel
1697 2723 1801 2779 558
1846 2740 1959 2778 eam
2010 2725 2260 2794 scriptam
2314 2723 2477 2793 fuisse
2504 2740 2523 2778 :
2552 2739 2655 2777 non
2698 2733 2863 2794 potest
2905 2726 3091 2795 quippe
3118 2733 3243 2780 ante
3268 2742 3467 2779 annum
3510 2725 3614 2780 357
3649 2724 3770 2777 edita

529 2817 717 2886 fuisse,
748 2833 863 2870 cum
888 2833 947 2871 eo
976 2819 1088 2887 ipso
1121 2835 1259 2873 anno
1285 2820 1562 2890 contigerit
1595 2819 1750 2874 Hosii
1778 2819 1955 2889 lapsus
1981 2819 2035 2873 in
2070 2820 2167 2874 hoc
2192 2836 2343 2890 opere
2375 2831 2717 2875 memoratus.
2760 2818 2955 2893 Nequit
2984 2823 3144 2877 etiam
3172 2823 3317 2877 ultra
3361 2838 3559 2876 annum
3588 2821 3771 2891 di/ferri

528 2908 654 2974 558,
680 2926 797 2963 cum
823 2909 1094 2977 Leontius,
1135 2912 1223 2981 qui
1255 2928 1314 2967 eo
1344 2929 1482 2966 anno
1524 2913 1661 2967 diem
1698 2913 1888 2967 abiisse
1924 2913 2180 2978 creditur,
2223 2912 2304 2965 hic
2332 2912 2475 2964 haud
2515 2911 2672 2966 semel
2721 2923 2979 2982 superstes
3016 2914 3180 2983 fuisse
3220 2916 3453 2972 dicatur.
3494 2914 3613 2980 Qua
3646 2915 3702 2968 de
3725 2928 3772 2968 re

528 3002 701 3072 fusius
728 3008 782 3060 in
824 3007 1060 3079 Epistola
1098 3009 1165 3063 ad
1195 3008 1487 3065 solitarios.

1245 3244 1472 3329 ΤΟΥ
1545 3245 1689 3330 ΕΝ
1764 3237 2131 3333 ΑΓΙΟΙΣ
2205 3242 2640 3337 ΠΑΤΡοΣ
2715 3248 3041 3339 ΗΜΩΝ

1727 3458 2606 3579 ΑΘΑΝΑΣΙΟΥ

1586 3650 2149 3716 ΑΡΧΙΕΠΙΣΚΟΠΟΥ
2180 3659 2730 3732 ΑΛΕΞΑΝΔΡΕΙΑΣ,

610 3806 1507 3950 ΑΠῡΛΟΓΙΑ
1583 3816 1978 3944 ΠΕΡΙ
2052 3816 2392 3943 ΤΗΣ
2470 3816 3037 3945 ΦΥΓΗΣ
3085 3735 3776 3951 ἈΥΤΟΥ(

1272 4055 1497 4113 ΗΝΙΚΑ
1559 4056 1917 4109 ΕΔΙΩΚΕΤΟ
1987 4055 2129 4107 mo
2186 4054 2560 4112 ΣΥΡΙΑΝΟΥ
2614 4058 2844 4112 ΔΟΥΚΟ

1492 4078 1497 4108 ι
1559 4056 1917 4109 ΕΔΙΩΚΕΤΟ
1987 4055 2129 4107 mo
2186 4054 2560 4112 ΣΥΡιΑΝοΥ
2614 4058 2903 4112 ΔΟΥΚΟΣ
2938 4056 3064 4127 (tu).

2112 4218 2181 4230 —-

1386 4370 1516 4502 S.
1602 4373 1738 4498 P.
1825 4375 1971 4499 N.
2057 4369 2933 4503 ATHANASII

1543 4598 2151 4699 ARCHIEPiSCOPl
2182 4597 2759 4673 ALEXANDRIIE,

1106 4908 1118 4919 ,
1230 4787 1937 4903 APOLOGIA
2016 4788 2197 4902 DE
2275 4787 2651 4903 FUGA
2732 4785 3044 4930 SUA,

1117 5018 1269 5073 CUM
1324 5020 1368 5073 A
1413 5018 1737 5075 SYRIANO
1791 5018 1983 5073 DUCE
2040 5015 2681 5074 PERSECUTIONEM
2711 5015 3174 5075 PATERETUR.

496 5370 506 5404 π
591 5342 640 5397 1.
677 5338 849 5395 Audio
903 5336 1185 5392 Leontium
1242 5334 1348 5404 jam
1410 5332 1708 5387 Antiochia:
1757 5332 2066 5401 episcopum

2280 5328 2328 5381 1.
2372 5326 2581 5379 Ἀκούω
2636 5338 2904 5391 Λεοντιον,
2949 5326 3039 5378 τὸν
3087 5323 3180 5379 νῦν
3230 5326 3288 5378 ὲν
3326 5320 3620 5394 Ἀντιοχείᾳ,
3662 5312 3760 5371 καὶ

489 5391 830 5487 ΪΝθτρίεεωη
856 5426 1195 5493 Neroniadis,
1232 5436 1285 5481 ct
1310 5425 1603 5489 Georgium
1644 5439 1789 5479 nunc
1820 5424 2061 5478 Laodice:

2203 5411 2535 5492 Ndpchov,
2564 5419 2654 5473 τὸν
2686 5419 2794 5473 ἀπὸ
2823 5420 2923 5490 τῆς
2954 5418 3160 5481 πόλεως
3186 5417 3449 5488 Νέρωνος,
3478 5391 3564 5470 in
3584 5391 3760 5475 vl‘etbp-

592 5564 707 5635 (40)
736 5566 945 5634 Scripta
970 5579 1109 5619 anno
1141 5563 1246 5635 357
1281 5562 1361 5635 vol
1391 5560 1515 5616 558.
1544 5590 1619 5635 ς-
1644 5558 1853 5635 Anglig.
1881 5557 2093 5635 ct_et_lit.
2204 5559 2293 5635 qui
2328 5554 2488 5611 vertit
2523 5572 2536 5609 :
2569 5554 2822 5635 Apologia
2855 5554 2918 5635 de
2956 5552 3091 5635 fuga
3145 5567 3261 5635 su‘a.
3307 5541 3760 5635 cumaJSylplng-f

518 5611 717 5713 ,
1645 5611 1827 5713 abigo?)
1935 5627 2090 5708 ἡνίκα

2207 5611 2338 5713 duce
2363 5611 3124 5713 persecationem‘patiebnfubr.
3151 5620 3315 5713 pﬂgg;
3348 5628 3403 5673 et
3430 5611 3755 5713 ad}:

520 5683 1452 5777 ausust‘séeisipsu‘suum;
1485 5683 1538 5758 ei
1566 5683 1645 5757 iia
1675 5700 1804 5769 legit
1835 5683 2092 5765 Nanhius,

2208 5683 2492 5766 mei.,'Toii
2526 5687 2713 5763 αὐξοῦ,
2755 5683 2889 5768 [IL-pi.
2920 5693 3028 5748 τῶν
3059 5683 3430 5747 διαϐαλλόντω·
3479 5687 3566 5757 τὴν
3594 5683 3644 5735 ἐν
3666 5683 3759 5746 τῷ
