3980 6520
243 429 344 488 645

1389 424 1734 482 APOLOGIA
1773 426 1858 480 DE
1898 426 2080 483 FUGA
2123 423 2279 482 SUA.

3373 428 3480 490 6A8

244 561 372 608 γιον,
400 544 492 596 τὸν
514 539 608 596 νῦν
641 540 697 593 ἐν
735 541 1042 613 Λαοδικείᾳ,
1089 541 1181 593 καὶ
1213 540 1338 603 τοὺς
1378 541 1473 593 σὺν
1497 541 1677 603 αὐτοῖς
1723 541 1809 591 Ἀ-

1924 543 2242 612 episcopum,
2296 552 2627 614 canorosque
2682 544 2937 611 Arianos,
2987 555 3152 600 multa
3193 547 3481 604 adversum

245 637 484 708 ρειανοὺς
516 633 684 687 πολλὰ
707 633 832 704 περὶ
858 631 992 702 ἐμοῦ
1019 630 1378 702 Θρυλλοῦντας
1403 631 1495 683 καὶ
1519 630 1817 701 λοιδοροῦν-

243 745 353 790 τας,
373 725 572 778 δειλίαν
592 742 651 777 τε
679 721 1063 792 ἐγκαλοῦντας,
1095 722 1176 774 ὅτι
1207 721 1291 792 δὴ,
1316 720 1642 791 ζητούμενος
1666 723 1819 774 ἀναι-

243 817 458 888 ρεθῆναι
516 817 644 885 παρ’
689 813 890 878 αὐτῶν,
933 814 1034 865 οὐκ
1088 811 1301 865 ἔκδοτον
1347 812 1582 882 ἐμαυτὸν
1637 812 1819 873 αὐτοῖς

242 909 606 980 προσήγαγον.
629 906 771 976 Πρὸς
805 905 902 976 μὲν
930 901 1023 958 οῦν
1049 905 1147 967 τὰς
1170 903 1436 974 λοιδορίας
1467 904 1561 956 καὶ
1587 902 1685 965 τὰς
1723 919 1818 954 συ-

243 999 532 1068 κοφαντίας
576 998 774 1060 αὐτῶν,
829 997 1006 1050 καίτοι
1033 997 1324 1066 δυνάμενος
1356 995 1524 1048 πολλά
1562 995 1816 1066 γράφειν,

241 1093 276 1148 ἀ
302 1093 423 1164 μήτ’
447 1093 601 1146 αὐτοὶ
629 1091 910 1163 ἀρνεῖσθαι
935 1090 1206 1153 δύνανται,
1239 1089 1373 1142 ἀλλά
1407 1090 1501 1142 κο.)⁴
1533 1088 1644 1159 (41)
1677 1087 1818 1142 πάν-

241 1203 326 1248 τες
363 1182 809 1253 ἐπιγινώσκουσιν
865 1183 916 1235 οἱ
945 1182 1066 1234 κατ’
1107 1179 1284 1232 αὐτῶν
1322 1179 1627 1244 ἀκούοντες,
1671 1180 1818 1249 ὅμως

240 1277 387 1331 οὐδὲν
429 1274 842 1346 προαχθήσομαι
882 1272 1059 1340 λέγειν
1115 1272 1250 1341 πρὸς
1279 1272 1476 1334 αὐτοὺς
1509 1271 1542 1341 ἢ
1573 1271 1732 1341 μόνον
1757 1270 1818 1322 τὸ

239 1369 330 1422 τοῦ
354 1366 558 1439 Κυρίου
591 1367 760 1437 ῥῆμα,
794 1366 887 1418 καὶ
917 1364 980 1416 τὸ
1007 1362 1100 1417 τοῦ
1145 1363 1464 1416 Ἀποστόλου
1501 1362 1680 1432 ῥητὸν,
1713 1362 1814 1414 ὅτι·

247 1457 316 1512 Τὸ
359 1457 458 1528 μὲν
512 1456 736 1524 ψεῦδος
772 1455 838 1507 ἐκ
870 1455 974 1508 τοῦ
1024 1454 1308 1507 διαϐόλου
1353 1454 1518 1507 ἐστί’
1557 1454 1651 1505 καὶ
1679 1452 1814 1521 (42),

245 1549 390 1602 Οὔτε
412 1547 471 1600 δέ
503 1547 765 1614 λοίδοροι
783 1545 1112 1608 ,βασιλείαν
1149 1544 1296 1598 Θεοῦ
1323 1542 1816 1612 κληρονομήσου-

241 1655 360 1693 σιν.
411 1639 596 1710 Ἀρκεί
625 1638 730 1708 γὰρ
763 1637 959 1699 αὐτοὺς
1001 1636 1065 1688 ἐκ
1098 1634 1300 1688 τούτων
1341 1635 1614 1706 δειχθῆναι
1655 1635 1817 1704 μηδὲν

242 1728 379 1781 κατά
409 1727 471 1779 τὸ
523 1727 851 1794 Εὑαγγέλιον
893 1725 1027 1795 μήτε
1069 1723 1397 1796 φρονοῦντας
1461 1725 1597 1796 μήτε
1641 1725 1816 1795 πράτ-

241 1835 450 1881 τοντας,
478 1816 619 1870 κατά
643 1817 698 1868 δέ
724 1816 822 1878 τὰς
851 1815 983 1878 ίδίας
1009 1815 1198 1887 ἡδονὰς
1233 1815 1512 1886 οἰομένους
1555 1811 1692 1869 εἶναι
1718 1833 1817 1869 κα-

242 1909 348 1974 λὸν,
381 1910 519 1980 ὅπερ
550 1909 702 1962 αὐτοὶ¹
738 1907 1033 1976 βούλονται.
1845 1888 1892 1947 Β

307 2001 359 2055 2.
397 1999 615 2070 Ἐπειδὴ
647 1999 705 2052 δὲ
733 1996 1152 2069 προσποιοῦνται
1171 1997 1370 2051 δειλίαν
1401 1997 1653 2068 ἐγκαλεῖν
1679 1998 1812 2070 (45),
1841 2018 1855 2030 ο

242 2093 533 2160 ἀναγκαῖον
558 2090 715 2159 ὀλίγα
771 2091 898 2161 περὶ
943 2089 1130 2144 τούτου
1163 2089 1369 2161 γράψαι
1392 2107 1405 2120 °
1447 2089 1815 2161 δειχθήσονται

242 2185 345 2256 γὰρ
369 2185 462 2237 κα).
503 2185 567 2236 ἐκ
598 2183 786 2236 τούτου
837 2181 1063 2252 πονηροί
1096 2199 1154 2234 τε
1206 2181 1295 2234 τὸν
1346 2183 1568 2253 τρόπον,
1618 2182 1712 2236 καὶ
1743 2182 1816 2253 μὴ

242 2274 662 2344 ἐντετυχηκότες
714 2275 834 2336 ταῖς
889 2272 1060 2336 θείαις
1106 2273 1375 2344 Γραφαῖς·
1425 2273 1457 2344 ἢ
1509 2275 1817 2344 ἐντυχόντες

247 2366 361 2436 μὲν,
391 2365 466 2435 μὴ
495 2364 838 2426 πιστεύοντες
863 2364 919 2418 δὲ
956 2360 1096 2416 εἶναι
1119 2363 1451 2417 θεόπνευστα
1475 2364 1542 2418 τὰ
1566 2364 1720 2434 λόγια
1749 2365 1816 2418 τὰ

243 2457 353 2527 (44)
386 2459 443 2510 ἐν
476 2457 687 2520 αύταῖς.
717 2455 780 2508 Ei
836 2455 944 2525 γὰρ
985 2456 1285 2519 ἐπίστευον,
1328 2455 1427 2508 οὐκ
1454 2455 1518 2509 ἂν
1542 2457 1691 2527 παρά
1721 2457 1817 2526 μὲν

241 2548 438 2610 ταύτας
470 2547 736 2616 ἐτόλμων,
764 2547 863 2616 τὴν
895 2545 951 2598 δὲ
980 2545 1300 2617 κακοήθειαν
1326 2545 1434 2598 τῶν
1459 2547 1816 2617 κυριοκτόνων

256 2641 520 2694 Ἰουδαίων
544 2640 788 2710 ἐζήλουν.
818 2639 928 2692 Καὶ
949 2637 1056 2707 γὰρ
1083 2638 1177 2692 τοῦ
1201 2638 1334 2691 Θεοῦ
1351 2639 1642 2702 δεδωκότος
1668 2641 1816 2692 ἐντο-

244 2729 364 2803 λήν⁸
405 2732 550 2800 Τίμα
587 2731 695 2784 τὸν
731 2729 953 2797 πατέρα
989 2745 1104 2782 σου
1140 2731 1236 2783 καί
1263 2729 1376 2797 τὴν
1397 2729 1619 2798 μητέρα
1664 2747 1780 2784 σου
1801 2747 1814 2761 °

243 2823 354 2887 καί,
393 2823 446 2874 Ὁ
499 2819 849 2890 κακολογῶν
868 2819 1090 2888 πατέρα
1122 2819 1160 2887 ἢ
1206 2819 1427 2887 μητέρα
1477 2819 1708 2884 θανάτῳ
1739 2838 1821 2874 τε·

241 2913 535 2968 λευτάτω·
573 2910 1018 2982 ἀντενομοθέτουν
1053 2912 1292 2964 κάκεῖνοι
1351 2909 1483 2979 (45),
1532 2911 1628 2980 τὴν
1655 2913 1818 2982 τιμὴν

243 3005 320 3066 είς
339 3004 561 3074 ἀτιμίαν
588 3003 1002 3073 μεταφέροντες,
1033 3003 1126 3055 καὶ
1157 3001 1420 3073 ἀργυρίου
1451 3001 1511 3053 τὸ
1533 3001 1668 3073 πρὸς
1695 3002 1820 3064 τοὺς

244 3096 433 3162 γονέας
468 3094 709 3166 καθῆκον
758 3093 907 3164 παρὰ
935 3093 1042 3146 τῶν
1069 3093 1272 3145 τέκνων
1300 3091 1818 3145 ἀντικαταλλάσσον-

243 3204 364 3250 τεςο
395 3187 492 3240 καὶ
527 3185 990 3254 ἀναγινώσκοντες
1025 3184 1082 3237 δὲ
1112 3183 1211 3247 τὰς
1240 3183 1332 3236 τοῦ
1370 3184 1533 3238 Δαϐὶδ
1571 3184 1818 3255 πράξεις,

244 3279 612 3350 ἀντεμελέτων
645 3280 833 3341 αὐταῖς
852 3277 986 3348 (46),
1015 3277 1105 3331 καὶ
1126 3277 1353 3346 ᾐτιῶντο
1373 3279 1496 3340 τοὺς
1528 3277 1819 3340 ἀναιτίους,

242 3370 517 3435 τίλλοντας
551 3370 810 3440 στάχυας,
846 3370 939 3422 καὶ
974 3368 1256 3439 ψώχοντας
1295 3371 1351 3421 ἐν
1397 3371 1462 3439 τῇ
1509 3369 1692 3440 ἡμέρᾳ
1729 3368 1822 3421 τοῦ

245 3463 540 3517 Σιϐὃάτου.
583 3461 782 3532 Ἔμελε
803 3462 858 3515 δέ
887 3461 1068 3524 αὐτοῖς
1095 3460 1217 3514 οὗτε
1238 3460 1345 3513 τῶν
1367 3460 1564 3530 νόμων,
1591 3459 1710 3513 οὔτε
1738 3459 1826 3513 διὰ

243 3549 302 3604 τὸ
330 3550 605 3605 Σάὅὸατον
623 3568 636 3581 ·
663 3551 719 3603 ἐν
741 3550 887 3621 αὐτῷ
909 3550 1016 3620 γὰρ
1051 3549 1248 3620 μᾶλλον
1273 3547 1641 3620 παρηνόμουν.
1685 3547 1823 3599 Ἀλλ’

242 3643 324 3696 ὅτι
352 3643 442 3696 τὸν
466 3643 668 3714 τρόπον
696 3643 848 3706 ὄντες
872 3642 1121 3712 πονηροὶ,
1148 3644 1258 3704 τοῖς
1275 3658 1334 3692 τε
1365 3639 1633 3710 μαθηταῖς
1665 3639 1822 3706 ἐφθό-

245 3751 364 3788 νουν
413 3733 762 3804 σωζομένοις,
819 3733 912 3786 καὶ
965 3732 1124 3802 μόνον
1156 3729 1442 3800 ἠϐούλοντο
1480 3729 1548 3782 τὰ
1588 3728 1697 3797 (47)
1724 3728 1826 3797 τῆς

247 3825 380 3888 ιδίας
399 3824 628 3895 γνώμης
652 3825 890 3895 κρατεῖν.
929 3824 1152 3876 Ἐκεῖνοι
1195 3822 1290 3892 μὲν
1317 3817 1408 3874 οῦν
1441 3821 1539 3890 τῆς
1569 3820 1700 3882 ἰδίας
1723 3837 1826 3872 πα-

245 3915 510 3986 ρανομίας
532 3914 716 3985 ἔχουσι
743 3914 812 3967 τά
850 3914 1123 3984 ἐπίχειρα,
1163 3913 1366 3982 ἀνίεροι
1398 3911 1697 3982 γενόμενοι,
1732 3910 1825 3963 καὶ

244 4005 427 4061 λοιπὸν
453 4008 712 4078 ἄρχοντες
739 4005 986 4076 Σοδόμων
1017 4005 1108 4056 καὶ
1135 4003 1261 4066 λαὸς
1291 4003 1575 4074 Γομόρρας
1608 4021 1710 4072 χρη
1721 4019 1824 4073 μα-

243 4097 503 4162 τίζοντες.
530 4098 638 4150 Καὶ
661 4092 805 4150 οὗτοι
827 4095 937 4168 (48)
962 4096 1020 4149 δὲ
1042 4095 1192 4148 οὐδὲν
1213 4089 1374 4165 ἦττον
1396 4095 1616 4147 ἐκείνων
1637 4094 1824 4146 δοκοῦ-

246 4190 300 4242 σί
330 4206 421 4260 μοι
452 4189 551 4259 τὴν
583 4188 861 4259 ἐπιτιμίαν
883 4187 1025 4257 ἐχειν
1045 4187 1166 4258 ἤδη,
1197 4187 1294 4256 τὴν
1321 4187 1418 4257 τῆς
1443 4186 1576 4249 ἰδίας
1601 4186 1825 4253 ἀλογίας

243 4281 484 4350 ἄγνοιαν.
525 4279 663 4334 Οὔτε
699 4280 807 4352 γὰρ
849 4280 1058 4332 νοοῦσιν
1093 4278 1128 4331 ἃ
1163 4279 1430 4345 λέγουσιν,
1463 4276 1597 4329 ἀλλά
1628 4278 1719 4328 καὶ
1748 4295 1826 4329 νο-

247 4375 492 4444 μίζουσιν
542 4373 737 4427 εἰδέναι
790 4374 933 4443 ἆπερ
955 4371 1242 4440 ἀγνοοῦσιο
1285 4370 1416 4441 μόνη
1459 4369 1515 4422 δὲ
1544 4369 1742 4438 γνῶσις
1766 4370 1823 4420 ἐν

239 4468 423 4530 αὐτοῖς
453 4469 569 4520 ἐστι
591 4465 683 4518 τοῦ
711 4467 1044 4526 κακοποιεῖν,
1092 4463 1185 4516 καὶ
1217 4463 1336 4515 καθ’
1369 4461 1582 4532 ἡμέραν
1605 4462 1824 4531 χείρονα

1918 649 2002 687 me
2026 651 2300 707 spargere,
2339 653 2530 708 meque
2561 639 2774 707 probris
2806 639 3086 702 insectari,
3121 654 3183 693 ac
3219 637 3483 694 timidita-

1918 727 1986 780 tis
2016 742 2299 794 accusare,
2334 731 2473 798 quod
2505 745 2624 783 cum
2651 733 2719 783 ab
2752 729 2882 799 ipsis
2909 730 2975 783 de
3009 731 3186 784 medio
3213 729 3483 786 tollendus

1917 818 2238 884 inquirerer,
2279 835 2384 874 non
2421 821 2723 874 dedititium
2768 835 2853 874 me
2888 820 2996 873 illis
3031 821 3341 876 obtulerim.
3381 823 3485 875 Ve-

1919 921 2035 959 rum
2071 909 2279 963 etiamsi
2322 910 2484 964 multa
2535 911 2667 964 mihi
2704 911 2770 964 ad
2803 910 3050 964 convicia
3099 921 3154 965 et
3184 912 3484 966 calumnias

1915 1011 2100 1051 eorum
2151 999 2514 1069 depellendas,
2561 1003 2846 1056 scribenda
2912 1011 3223 1071 suppetant,
3260 1018 3379 1072 quae
3414 1018 3482 1057 ne

1918 1089 2016 1158 ipsi
2043 1089 2258 1157 quidem
2291 1091 2496 1146 inticias
2527 1092 2604 1146 ire
2629 1093 2855 1160 possint,
2882 1107 3106 1161 quaeque
3132 1094 3384 1148 omnibus
3413 1093 3484 1148 ad

1916 1193 2050 1247 quos
2064 1179 2253 1234 borum
2286 1181 2420 1234 fama
2445 1185 2704 1248 pervenit,
2731 1195 3006 1251 comperta
3035 1195 3193 1238 sunt:
3232 1199 3334 1237 non
3367 1185 3485 1237 ani-

1918 1286 2060 1322 mum
2109 1279 2289 1323 tamen
2343 1271 2592 1325 inducam
2636 1285 2694 1326 ut
2739 1273 3011 1342 quidpiam
3067 1273 3346 1340 obloquar,
3381 1275 3486 1330 nisi

1917 1360 2124 1413 Domini
2161 1361 2481 1414 sententiam
2510 1371 2563 1415 et
2589 1363 2827 1430 Apostoli
2869 1364 3068 1417 dictum
3105 1382 3119 1417 :
3151 1362 3484 1417 Mendacium

1917 1465 1981 1504 ea:
2018 1450 2224 1504 diabolo
2259 1452 2403 1516 est“;
2435 1461 2526 1506 et:
2560 1451 2806 1506 Maledici
2838 1471 3050 1521 regnum
3087 1455 3180 1508 Dei
3216 1473 3318 1509 non
3352 1473 3480 1523 pos-

1917 1541 2210 1595 sidebunt°.
2246 1541 2391 1596 Satis
2420 1543 2617 1611 quippe
2666 1553 2768 1607 est,
2805 1547 2944 1614 quod
2987 1546 3113 1600 hinc
3162 1548 3485 1616 comprobe-

1921 1642 2026 1694 tur,
2061 1632 2190 1685 nihil
2225 1647 2318 1687 eos
2356 1633 2511 1702 juxta
2556 1634 2827 1702 Evangelii
2866 1649 3110 1688 normam
3147 1637 3229 1690 vel
3269 1651 3482 1708 sapere,

1918 1723 2003 1776 vel
2049 1739 2231 1791 agere,
2285 1723 2379 1778 sed
2431 1725 2695 1779 arbitratu
2755 1741 2852 1780 suo
2889 1741 3010 1795 quae
3067 1726 3280 1796 placent
3334 1739 3486 1784 recta

1918 1816 2251 1869 existimare.

1987 1992 2149 2064 254
2164 1993 2216 2045 ἓ.
2245 1993 2313 2047 At
2335 1995 2763 2062 quandoquidem
2792 2011 2875 2050 me
2902 1997 3206 2054 timiditatis
3236 2001 3488 2058 incusare

1917 2084 2185 2148 videntur,
2239 2098 2418 2152 operae
2471 2084 2703 2151 pretium
2754 2084 2916 2138 fuerit
2956 2103 3125 2155 pauca
3176 2090 3275 2144 hac
3322 2093 3388 2146 de
3428 2107 3488 2146 re

1919 2173 2199 2227 scribere:
2233 2174 2358 2228 hinc
2396 2174 2538 2228 enim
2595 2175 2768 2242 palam
2825 2177 2931 2230 erit
2976 2193 3069 2232 eos
3118 2188 3172 2232 et
3225 2181 3488 2249 improbis

1917 2280 2037 2320 esse
2064 2265 2322 2330 moribus,
2353 2275 2407 2319 et
2437 2265 2745 2335 Scripturas
2771 2268 2981 2324 divinas
3014 2271 3237 2326 minime
3269 2272 3488 2344 legisse,

1918 2368 2010 2412 aut
2036 2358 2225 2428 legisse
2249 2358 2486 2427 quidem,
2522 2359 2614 2414 sed
2643 2375 2828 2414 earum
2865 2362 3079 2430 eloquia
3109 2364 3368 2420 divinitus
3399 2367 3488 2422 in-

1919 2449 2120 2519 Spirata
2169 2464 2275 2504 non
2326 2452 2589 2504 credere:
2619 2467 2740 2504 nam
2787 2452 2830 2505 si
2867 2454 3178 2520 crederent,
3211 2470 3491 2525 nunquam

1918 2542 2181 2596 adversus
2211 2557 2396 2596 earnm
2445 2543 2746 2596 doctrinam
2782 2553 2928 2598 tanta
2967 2545 3208 2602 facinora
3238 2549 3490 2605 admisis-

1920 2641 2058 2697 sent,
2101 2649 2274 2704 neque
2307 2633 2536 2688 fuissent
2587 2632 2895 2690 Judmorum
2941 2639 3031 2703 qui
3069 2639 3354 2695 Dominum
3397 2657 3492 2696 oc-

1921 2728 2165 2780 ciderunt
2201 2727 2590 2797 malignitatem
2641 2729 2895 2782 aeniulati.
2947 2731 3156 2802 Etenim
3213 2749 3334 2788 cum
3391 2737 3494 2788 hoc

1919 2828 2240 2886 pra-ceptum
2267 2818 2501 2872 dedisset
2538 2820 2676 2874 Deus
2704 2838 2716 2873 :
2747 2820 2962 2874 Honora
3006 2835 3208 2891 patrem
3251 2836 3397 2880 tuum
3443 2836 3506 2879 et

1919 2919 2138 2962 matrem
2183 2909 2396 2973 tuam";
2440 2918 2540 2962 et:
2578 2908 2682 2972 Qui
2729 2913 3058 2964 maledixerit
3097 2917 3238 2980 patri
3293 2933 3386 2969 suo
3414 2916 3496 2971 vel

1921 3001 2100 3063 matri,
2128 3009 2294 3053 morte
2321 3000 2614 3053 moriatur"
2648 3018 2659 3052 :
2697 3001 2978 3055 adversam
3016 3004 3091 3058 illi
3130 3006 3388 3061 induxere
3414 3009 3494 3060 le-

1922 3108 2062 3159 gem,
2113 3105 2378 3160 versoque
2424 3092 2478 3144 in
2533 3092 2882 3161 ignominiam
2932 3095 3154 3158 honore,
3207 3099 3492 3166 pecuniam

1921 3197 2040 3248 qum
2090 3181 2404 3251 parentibus
2449 3196 2476 3234 a
2534 3181 2657 3236 ﬁliis
2713 3184 2984 3251 eroganda
3031 3195 3180 3250 erat,
3231 3187 3284 3241 in
3337 3206 3493 3243 suam

1926 3273 2290 3327 distraxerunt
2322 3272 2610 3327 utilitatem
2642 3290 2655 3325 :
2688 3289 2919 3344 cumque
2955 3277 3174 3332 Davidis
3217 3289 3369 3347 gesta
3412 3281 3492 3334 le.-

1925 3374 2140 3433 gerent,
2189 3377 2374 3419 contra
2424 3374 2598 3419 tamen
2648 3365 2724 3419 illi
2776 3377 3096 3432 senserunt,
3149 3369 3494 3443 innoxiisque

1927 3457 2232 3510 hominibus
2265 3458 2394 3511 vitio
2427 3459 2707 3513 vertebant
2747 3461 2886 3528 quod
2918 3460 2968 3514 in
3001 3462 3088 3517 die
3132 3461 3352 3518 Sabbati
3383 3467 3493 3536 Spi-

1925 3565 2015 3603 cas
2041 3549 2298 3605 vellerent
2322 3549 2794 3619 confricarentque
2814 3553 2833 3582 ⁹
2864 3567 2878 3607 :
2911 3567 3030 3604 cum
3056 3559 3234 3608 tamen
3263 3555 3362 3624 ipsi
3394 3572 3493 3609 nec

1927 3641 2069 3711 leges
2101 3653 2352 3694 curarent
2386 3656 2483 3694 nec
2513 3641 2842 3706 Sabbatum;
2877 3643 2928 3695 in
2957 3643 3047 3697 illo
3077 3646 3220 3698 enim
3255 3645 3494 3714 iniquius

1925 3749 2044 3787 sese
2091 3733 2366 3801 gerebant.
2416 3733 2521 3787 Sed
2573 3749 2694 3787 cum
2748 3736 2928 3803 pravis
2978 3745 3160 3790 essent
3219 3738 3490 3800 moribus,

1925 3825 2303 3895 discipulorum
2355 3825 2514 3880 saluti
2557 3826 2889 3888 invidebant,
2942 3827 3102 3896 idque
3147 3827 3316 3881 solum
3368 3843 3494 3895 spev

1926 3916 2146 3970 ctabnnt
2178 3926 2236 3970 ut
2269 3932 2363 3970 sua
2399 3917 2717 3984 praevaleret
2749 3919 3036 3972 sententia.
3063 3919 3237 3988 Atque
3275 3919 3347 3972 illi
3375 3921 3496 3989 qui-

1926 4009 2045 4062 dem
2088 4009 2360 4076 iniustitiae
2393 4025 2502 4064 suae
2531 4011 2750 4078 praamia
2790 4011 2932 4064 nacti
2961 4021 3104 4071 sunt,
3143 4011 3353 4080 profani
3379 4015 3492 4079 jaut

1925 4099 2122 4162 enecti,
2178 4102 2229 4152 in
2271 4109 2657 4169 posterumque
2704 4101 2974 4170 principes
3019 4102 3394 4167 Sodomorum,
3437 4112 3494 4156 et

1925 4190 2152 4257 populus
2181 4191 2494 4246 Gomorrhze
2536 4192 2794 4260 appellati
2842 4193 2904 4246 ¹⁰.
2949 4193 3035 4246 Isti
3073 4209 3197 4247 vero
3239 4209 3344 4246 non
3392 4197 3496 4247 mi-

1925 4298 2056 4336 nore
2098 4299 2256 4351 quam
2300 4284 2376 4336 illi
2422 4296 2578 4352 paena
2621 4289 2730 4353 jam
2777 4285 2985 4336 multati
3037 4285 3165 4337 mihi
3219 4285 3489 4348 videntur,

1925 4375 2152 4427 vesaniae
2187 4389 2377 4442 nempe
2407 4390 2515 4428 suae
2550 4374 2878 4444 ignorantia.
2918 4373 3102 4441 Neque
3131 4375 3276 4427 enim
3331 4376 3492 4429 intel-

1925 4464 2093 4533 ligunt
2131 4481 2249 4534 quae
2280 4465 2568 4534 loquuntur
2602 4483 2615 4519 :
2650 4465 2776 4534 quin
2815 4465 2975 4518 etiam
3006 4480 3124 4532 qnze
3151 4470 3406 4533 ignorant
3435 4481 3493 4520 se

238 4560 480 4631 χείροσιν
532 4559 897 4630 ἐφευρίσκειν.
945 4558 1054 4610 Καὶ
1107 4556 1216 4626 γὰρ
1256 4555 1351 4609 καὶ
1396 4555 1494 4624 τὴν
1523 4553 1616 4607 νῦν
1646 4552 1820 4624 φυγὴν

1928 4571 2082 4610 nosse
2114 4556 2468 4610 arbitrantur.
2497 4555 2610 4612 Una
2639 4567 2816 4610 autem
2853 4568 2936 4610 est
2969 4556 3073 4610 illis
3101 4558 3349 4622 scientia,
3382 4574 3496 4612 ma-

236 4654 419 4725 ἡμῶν,
466 4655 567 4707 οὐκ
607 4654 693 4707 ἐπ’
724 4654 894 4724 ἀρετῇ
938 4651 1182 4715 θέλοντες
1210 4651 1358 4721 ἡμᾶς
1411 4647 1821 4719 ἀνδραγαθήσα-

1930 4649 2073 4717 ligne
2112 4664 2290 4720 agere,
2328 4667 2390 4703 ac
2438 4651 2678 4717 quotidie
2725 4650 2905 4719 pejora
2955 4651 3230 4720 pejoribus
3264 4657 3493 4707 commi-

324 4833 381 4887 ⁸1
417 4835 577 4890 Joan.
623 4851 683 4896 ιι,
723 4834 814 4887 21.
890 4833 1098 4888 ⁸10οι.
1173 4843 1242 4900 νι,
1285 4830 1410 4886 10.τ
1481 4830 1500 4860 ⁷
1530 4828 1698 4883 Exod.
1745 4843 1821 4896 xx1

1924 4835 1948 4881 ε.
2025 4827 2045 4857 ⁸
2071 4825 2236 4880 Exod.
2273 4841 2388 4886 XXI,
2427 4823 2509 4878 l7.
2587 4825 2607 4856 ⁹
2633 4823 2821 4878 Matth.
2848 4840 2946 4885 xu,
2982 4824 3029 4878 1.
3113 4827 3156 4856 ¹⁰
3194 4827 3295 4881 lsa.
3329 4843 3368 4896 ι,
3401 4828 3492 4886 ill.

1989 4943 2100 5014 (45)
2134 4939 2562 5030 Εξίῑμϐριιιιηεί.
2590 4941 2702 5030 sola
2729 4940 2999 5030 ἐκκαλεῖν.
3022 4943 3087 5030 Ἰιι
3141 4943 3296 5014 Angl.
3331 4949 3490 5016 paulo

228 4950 464 5023 διωςγμῷ
488 4952 666 5023 φυγὴν
691 4949 872 5003 αὐτοῦ.
909 4949 981 5002 De
996 4950 1072 5023 _iis
1093 4951 1181 5016 qui
1197 4964 1348 5023 suurn
1373 4947 1427 4998 in
1451 4947 1808 5023 persecutione

1989 4947 2100 5014 (45)
2134 4947 2273 5023 Edit.
2297 4947 2542 5023 (Commel‘

1917 5011 2037 5083 post
2058 5013 2327 5084 irerdecdst.
2355 5011 2496 5084 Idem
2531 5011 2688 5084 infra,
2712 5011 2814 5084 καὶ
2850 5013 2983 5084 μήτε
3017 5011 3259 5084 ἐντετυχ.

229 5013 931 5090 fugant'cdluinhiabantur.
985 5013 1228 5090 Sol-rat”
1279 5017 1441 5090 libuit
1477 5013 1617 5090 Hist:
1647 5014 1805 5090 c.28,

225 5081 324 5145 ὲὶιῖ
351 5101 625 5159 nuncupat
659 5107 673 5142 :
729 5089 1142 5159 Ἀπολογητικρς
1191 5085 1316 5156 περὶ
1349 5085 1654 5159 τ-ῆςῃφ-υγῇς
1681 5085 1808 5136 ἐαυ-

1924 5081 1928 5083 ’
2327 5081 2644 5159 et_An_glic.,
2667 5083 2734 5135 τὰ
2769 5082 2884 5134 θεῖα
2911 5081 3090 5151 λόγια.

221 5159 333 5215 τοῦ
366 5152 548 5227 λόγοςξ
577 5158 868 5229 Τιιθοιιρν.,
904 5161 938 5210 1.
975 5152 1007 5210 tt
1050 5157 1191 5210 Hist.
1247 5152 1294 5210 (Ξ.
1333 5152 1421 5229 15;,
1463 5152 1522 5229 Ἡ
1553 5152 1653 5222 τῆς
1694 5172 1810 5229 Διρι)-

2123 5152 2604 5229 Αιιιειὶοηέκεῖνοι.

221 5230 342 5299 γῆς
387 5221 699 5296 ’Ᾰπολογίι
753 5227 808 5282 In
856 5221 1093 5299 concilio
1153 5238 1330 5280 autem
1391 5221 1704 5299 Duziaeensi
1769 5241 1808 5284 ι.

1988 5221 2100 5299 (46)
2151 5225 2304 5299 Ιὶθεζη
2339 5221 2774 5299 ,ἀντεμελέτωνη
2799 5222 2938 5299 Μ-οιι.
2961 5223 3494 5299 Αιιειίςη-τίλλοντες

225 5290 387 5353 iunio
423 5299 531 5352 Vlll
577 5290 809 5362 Couci|.,
844 5314 893 5365 p.
932 5297 1088 5360 1569,
1124 5299 1199 5350 sic.
1230 5310 1510 5365 perperam
1564 5293 1756 5365 legitur
1793 5309 1806 5344 :

1924 5290 2152 5365 στάχυας
2177 5292 2270 5365 καὶ
2323 5290 2600 5365 ψώχοντες
2625 5294 2682 5344 ἐν
2714 5295 2779 5363 τῇ
2835 5292 3014 5365 ἡμέρᾳ
3047 5291 3156 5365 τοῦΔ
3191 5292 3490 5365 Σαϐϐάτῳ.

226 5367 326 5422 Ea:
363 5369 588 5434 epistola
613 5369 748 5422 Julii
775 5359 923 5438 papae
950 5372 1002 5420 in
1041 5359 1311 5438 Athanasii
1330 5359 1590 5438 profuga
1623 5359 1806 5431 defen-

1924 5359 2118 5438 Ἔμελε
2170 5361 2278 5433 γὰρ
2300 5359 2490 5438 ,αὐτοῖς
2547 5361 2670 5414 οὔτε
2702 5359 2886 5432 νόμου,
2925 5359 3046 5412 οὔτε
3079 5361 3166 5413 διά
3188 5402 3200 5423 ,
3229 5371 3333 5415 etc.
3369 5359 3492 5413 Mm

225 5432 431 5493 sione):
455 5439 714 5507 locusque
745 5432 816 5492 ibi
845 5432 1065 5492 infertur
1093 5440 1181 5504 qui
1209 5437 1344 5487 int'ra
1376 5433 1624 5507 habetur.
1791 5503 1802 5507 _
1917 5432 2087 5507 idem,
2113 5432 2474 5507 παρενόμουν.

317 5508 428 5577 (41)
464 5510 556 5562 Sic
586 5500 718 5575 Reg.
756 5509 810 5562 In
845 5509 1002 5562 editis
1039 5500 1132 5559 καί
1191 5507 1358 5577 deest.
1410 5503 1530 5557 Mox
1563 5503 1700 5565 luec,
1757 5503 1806 5554 οί
1985 5504 2098 5577 (4])
2127 5500 2206 5577 ita
2233 5500 2397 5577 ﬁcu?
2431 5511 2484 5577 et
2514 5500 3262 5577 recte._lnneditisrwtudeest.

216 5569 358 5635 κατ’
386 5569 565 5632 αὐτῶν
594 5569 900 5640 ἀκούοντες,
935 5578 1126 5630 desunt
1149 5577 1199 5628 in
1229 5575 1380 5644 Angl.
1492 5643 1498 5644 γ
1580 5642 1588 5644 _

1993 5569 2102 5644 (48)
2130 5574 2221 5628 Sic
2249 5569 2407 5644 Basil.
2438 5572 2643 5644 Adglic.
2674 5573 2740 5644 A_t
2772 5569 2901 5644 lleg:
2935 5576 2989 5622 et.
3011 5569 3138 5644 editi
3164 5569 3336 5644 αὐτοί.
3368 5569 3491 5624 Mox

311 5650 426 5719 (ἐξ.)
456 5650 550 5703 Sic
596 5648 803 5719 Anglic.
840 5638 998 5719 quem
1049 5638 1344 5719 seql_tiin_ur't
1392 5643 1500 5719 ιςαί
1561 5642 1710 5719 deest
1751 5645 1804 5695 in

1924 5644 1975 5696 in
1999 5638 2158 5698 editis
2181 5643 2336 5706 male,
2367 5639 2632 5705 δοκοῦσιν,
2663 5641 2712 5690 οἱ
2745 5653 2757 5666 ’
2789 5639 2838 5719 in
2867 5639 2995 5719 Reg.
3021 5638 3097 5690 sic
3128 5641 3296 5705 prima
3331 5655 3489 5693 tnann

214 5708 372 5786 Κεὶς.
398 5708 454 5772 ét
485 5708 823 5774 editisflllox
849 5708 976 5789 editi
1003 5708 1300 5789 post-Beat”),
1334 5714 1531 5768 habent
1557 5712 1816 5789 οὑῆς-μιιιθ
1921 5714 2152 5789 positum
2183 5713 2376 5789 (uerat,
2401 5712 2489 5789 sed
2521 5711 2755 5789 secunda
2787 5708 2835 5761 οἱ
2889 5710 3144 5764 deletum.
3186 5711 3256 5762 At
3293 5711 3490 5767 rectius

215 5777 528 5858 particula,
585 5802 723 5858 cuni
791 5789 844 5842 in
907 5777 1035 5858 Reg'.
1087 5785 1246 5858 desit,
1318 5777 1814 5858 et__s_uperelll_«iat,

1924 5777 2080 5853 Rngl.
2107 5792 2160 5838 et
2192 5780 2376 5847 Basil.,
2400 5777 2613 5831 δοκοῦσί
2647 5795 2757 5849 μοι.

209 5852 508 5928 bxpuncta
547 5867 652 5912 est.
680 5855 794 5911 Mox
825 5857 954 5925 Reg.
992 5857 1056 5908 ἐκ
1083 5853 1306 5920 τούτων,
1339 5855 1466 5910 editi
1497 5856 1559 5907 ἐκ
1596 5852 1807 5906 τούτου.
