  <div class='ocr_page' id='page_1' title='image "/cluster/home/n/w/nwhite01/storage/ocr_20150623/25/hvd.32044004972428/645.png"; bbox 0 0 3980 6492; ppageno 0'>
   <div class='ocr_carea' id='block_1_1' title="bbox 538 407 645 469">
    <p class='ocr_par' dir='ltr' id='par_1_1' title="bbox 538 407 645 469">
     <span class='ocr_line' id='line_1_1' title="bbox 538 407 645 469; baseline -0.009 -4"><span class='ocrx_word' id='word_1_1' title='bbox 538 407 645 469; x_wconf 70' lang='grc' dir='ltr'><strong>ΜἹ</strong></span> 
     </span>
    </p>
   </div>
   <div class='ocr_carea' id='block_1_2' title="bbox 1099 397 3756 460">
    <p class='ocr_par' dir='ltr' id='par_1_2' title="bbox 1099 397 3756 460">
     <span class='ocr_line' id='line_1_2' title="bbox 1099 397 3756 460; baseline 0.003 -9"><span class='ocrx_word' id='word_1_2' title='bbox 1099 404 1168 460; x_wconf 91' lang='lat' dir='ltr'><strong>.S.</strong></span> <span class='ocrx_word' id='word_1_3' title='bbox 1213 402 1575 457; x_wconf 80' lang='lat' dir='ltr'><strong>ATHANASII</strong></span> <span class='ocrx_word' id='word_1_4' title='bbox 1616 400 1763 456; x_wconf 83' lang='lat' dir='ltr'><strong>OPP.</strong></span> <span class='ocrx_word' id='word_1_5' title='bbox 1808 400 1981 455; x_wconf 81' lang='lat' dir='ltr'><strong>PARS</strong></span> <span class='ocrx_word' id='word_1_6' title='bbox 2021 400 2057 453; x_wconf 89' lang='grc'><strong>1.</strong></span> <span class='ocrx_word' id='word_1_7' title='bbox 2101 431 2169 439; x_wconf 92' lang='grc'><strong>-</strong></span> <span class='ocrx_word' id='word_1_8' title='bbox 2209 397 2578 455; x_wconf 78' lang='lat' dir='ltr'><strong>HISTORICA</strong></span> <span class='ocrx_word' id='word_1_9' title='bbox 2620 400 2706 455; x_wconf 86' lang='lat' dir='ltr'><strong>ET</strong></span> <span class='ocrx_word' id='word_1_10' title='bbox 2749 400 3169 457; x_wconf 77' lang='lat' dir='ltr'><strong>DOGMATICA.</strong></span> <span class='ocrx_word' id='word_1_11' title='bbox 3674 407 3756 460; x_wconf 66' lang='grc'><strong>648</strong></span> 
     </span>
    </p>
   </div>
   <div class='ocr_carea' id='block_1_3' title="bbox 541 518 2087 595">
    <p class='ocr_par' dir='ltr' id='par_1_3' title="bbox 541 522 2087 595">
     <span class='ocr_line' id='line_1_3' title="bbox 541 522 2087 595; baseline -0.003 -16"><span class='ocrx_word' id='word_1_12' title='bbox 541 528 693 582; x_wconf 88' lang='lat' dir='ltr'><strong>uisci.</strong></span> <span class='ocrx_word' id='word_1_13' title='bbox 730 527 979 579; x_wconf 76' lang='lat' dir='ltr'><strong>Nostram</strong></span> <span class='ocrx_word' id='word_1_14' title='bbox 1013 525 1210 595; x_wconf 87' lang='lat' dir='ltr'><strong>quippe</strong></span> <span class='ocrx_word' id='word_1_15' title='bbox 1251 525 1427 594; x_wconf 82' lang='lat' dir='ltr'><strong>fugam</strong></span> <span class='ocrx_word' id='word_1_16' title='bbox 1474 539 1576 577; x_wconf 93' lang='lat' dir='ltr'><strong>non</strong></span> <span class='ocrx_word' id='word_1_17' title='bbox 1628 538 1692 577; x_wconf 91' lang='lat' dir='ltr'><strong>co</strong></span> <span class='ocrx_word' id='word_1_18' title='bbox 1741 522 2087 575; x_wconf 76' lang='lat' dir='ltr'><strong>criminantur</strong></span> 
     </span>
    </p>
   </div>
   <div class='ocr_carea' id='block_1_4' title="bbox 2190 518 3756 595">
    <p class='ocr_par' dir='ltr' id='par_1_4' title="bbox 2206 518 3756 595">
     <span class='ocr_line' id='line_1_4' title="bbox 2206 518 3756 595; baseline 0.004 -24"><span class='ocrx_word' id='word_1_19' title='bbox 2206 518 2325 571; x_wconf 99' lang='grc' dir='ltr'>σθαι</span> <span class='ocrx_word' id='word_1_20' title='bbox 2352 520 2479 589; x_wconf 67' lang='grc'>(49),</span> <span class='ocrx_word' id='word_1_21' title='bbox 2510 520 2884 572; x_wconf 82' lang='grc' dir='ltr'>διαϐάλλουσι·</span> <span class='ocrx_word' id='word_1_22' title='bbox 2924 521 3087 575; x_wconf 85' lang='grc' dir='ltr'>πόθεν</span> <span class='ocrx_word' id='word_1_23' title='bbox 3106 522 3212 593; x_wconf 82' lang='grc' dir='ltr'><strong>γὰρ</strong></span> <span class='ocrx_word' id='word_1_24' title='bbox 3235 520 3372 593; x_wconf 79' lang='grc' dir='ltr'>εὐχή</span> <span class='ocrx_word' id='word_1_25' title='bbox 3406 522 3630 593; x_wconf 84' lang='grc' dir='ltr'>τοιαύτη</span> <span class='ocrx_word' id='word_1_26' title='bbox 3657 527 3756 595; x_wconf 78' lang='grc' dir='ltr'>παρ’</span> 
     </span>
    </p>
   </div>
   <div class='ocr_carea' id='block_1_5' title="bbox 538 614 2100 687">
    <p class='ocr_par' dir='ltr' id='par_1_5' title="bbox 538 614 2100 687">
     <span class='ocr_line' id='line_1_5' title="bbox 538 614 2100 687; baseline -0.003 -19"><span class='ocrx_word' id='word_1_27' title='bbox 538 634 645 687; x_wconf 79' lang='lat' dir='ltr'><strong>quo</strong></span> <span class='ocrx_word' id='word_1_28' title='bbox 683 618 851 671; x_wconf 93' lang='lat' dir='ltr'><strong>velint</strong></span> <span class='ocrx_word' id='word_1_29' title='bbox 893 632 988 669; x_wconf 92' lang='lat' dir='ltr'><strong>nos</strong></span> <span class='ocrx_word' id='word_1_30' title='bbox 1024 631 1144 670; x_wconf 92' lang='lat' dir='ltr'><strong>cum</strong></span> <span class='ocrx_word' id='word_1_31' title='bbox 1178 617 1373 669; x_wconf 87' lang='lat' dir='ltr'><strong>virtute</strong></span> <span class='ocrx_word' id='word_1_32' title='bbox 1406 629 1468 669; x_wconf 90' lang='lat' dir='ltr'><strong>ac</strong></span> <span class='ocrx_word' id='word_1_33' title='bbox 1503 614 1714 668; x_wconf 77' lang='lat' dir='ltr'><strong>fortiter</strong></span> <span class='ocrx_word' id='word_1_34' title='bbox 1746 628 1907 682; x_wconf 82' lang='lat' dir='ltr'><strong>agere</strong></span> <span class='ocrx_word' id='word_1_35' title='bbox 1938 631 1951 667; x_wconf 88' lang='lat'><strong>:</strong></span> <span class='ocrx_word' id='word_1_36' title='bbox 1978 627 2100 665; x_wconf 88' lang='lat' dir='ltr'><strong>nam</strong></span> 
     </span>
    </p>
   </div>
   <div class='ocr_carea' id='block_1_6' title="bbox 540 705 2098 778">
    <p class='ocr_par' dir='ltr' id='par_1_6' title="bbox 540 705 2098 778">
     <span class='ocr_line' id='line_1_6' title="bbox 540 705 2098 778; baseline -0.002 -18"><span class='ocrx_word' id='word_1_37' title='bbox 540 711 680 763; x_wconf 85' lang='lat' dir='ltr'><strong>unde</strong></span> <span class='ocrx_word' id='word_1_38' title='bbox 732 708 963 763; x_wconf 88' lang='lat' dir='ltr'><strong>inimicis</strong></span> <span class='ocrx_word' id='word_1_39' title='bbox 997 718 1175 763; x_wconf 88' lang='lat' dir='ltr'><strong>votum</strong></span> <span class='ocrx_word' id='word_1_40' title='bbox 1207 707 1490 778; x_wconf 86' lang='lat' dir='ltr'><strong>ejusmodi,</strong></span> <span class='ocrx_word' id='word_1_41' title='bbox 1526 721 1622 776; x_wconf 88' lang='lat' dir='ltr'><strong>pro</strong></span> <span class='ocrx_word' id='word_1_42' title='bbox 1664 705 1796 759; x_wconf 89' lang='lat' dir='ltr'><strong>viris</strong></span> <span class='ocrx_word' id='word_1_43' title='bbox 1850 705 1941 774; x_wconf 89' lang='lat' dir='ltr'><strong>qui</strong></span> <span class='ocrx_word' id='word_1_44' title='bbox 1991 719 2098 758; x_wconf 90' lang='lat' dir='ltr'><strong>non</strong></span> 
     </span>
    </p>
   </div>
   <div class='ocr_carea' id='block_1_7' title="bbox 541 794 2100 869">
    <p class='ocr_par' dir='ltr' id='par_1_7' title="bbox 541 794 2100 869">
     <span class='ocr_line' id='line_1_7' title="bbox 541 794 2100 869; baseline 0 -20"><span class='ocrx_word' id='word_1_45' title='bbox 541 814 645 852; x_wconf 92' lang='lat' dir='ltr'><strong>uno</strong></span> <span class='ocrx_word' id='word_1_46' title='bbox 673 814 853 853; x_wconf 85' lang='lat' dir='ltr'><strong>secum</strong></span> <span class='ocrx_word' id='word_1_47' title='bbox 884 799 1236 869; x_wconf 74' lang='lat' dir='ltr'><strong>malignitatis</strong></span> <span class='ocrx_word' id='word_1_48' title='bbox 1257 814 1415 853; x_wconf 88' lang='lat' dir='ltr'><strong>cursu</strong></span> <span class='ocrx_word' id='word_1_49' title='bbox 1452 797 1737 851; x_wconf 82' lang='lat' dir='ltr'><strong>feruntur?</strong></span> <span class='ocrx_word' id='word_1_50' title='bbox 1773 797 1840 849; x_wconf 84' lang='lat' dir='ltr'><strong>At</strong></span> <span class='ocrx_word' id='word_1_51' title='bbox 1872 794 2100 865; x_wconf 86' lang='lat' dir='ltr'><strong>improbi</strong></span> 
     </span>
    </p>
   </div>
   <div class='ocr_carea' id='block_1_8' title="bbox 540 888 2097 957">
    <p class='ocr_par' dir='ltr' id='par_1_8' title="bbox 540 888 2097 957">
     <span class='ocr_line' id='line_1_8' title="bbox 540 888 2097 957; baseline -0.001 -16"><span class='ocrx_word' id='word_1_52' title='bbox 540 905 659 943; x_wconf 91' lang='lat' dir='ltr'><strong>cum</strong></span> <span class='ocrx_word' id='word_1_53' title='bbox 699 891 826 952; x_wconf 90' lang='lat' dir='ltr'><strong>sint,</strong></span> <span class='ocrx_word' id='word_1_54' title='bbox 877 890 1220 945; x_wconf 76' lang='lat' dir='ltr'><strong>simulatione</strong></span> <span class='ocrx_word' id='word_1_55' title='bbox 1268 890 1371 954; x_wconf 90' lang='lat' dir='ltr'><strong>usi,</strong></span> <span class='ocrx_word' id='word_1_56' title='bbox 1416 889 1529 943; x_wconf 60' lang='lat' dir='ltr'><strong>haec</strong></span> <span class='ocrx_word' id='word_1_57' title='bbox 1564 888 1760 956; x_wconf 81' lang='lat' dir='ltr'><strong>ubique</strong></span> <span class='ocrx_word' id='word_1_58' title='bbox 1798 897 2097 957; x_wconf 86' lang='lat' dir='ltr'><strong>spargunt:</strong></span> 
     </span>
    </p>
   </div>
   <div class='ocr_carea' id='block_1_9' title="bbox 539 977 2101 1049">
    <p class='ocr_par' dir='ltr' id='par_1_9' title="bbox 539 977 2101 1049">
     <span class='ocr_line' id='line_1_9' title="bbox 539 977 2101 1049; baseline -0.001 -15"><span class='ocrx_word' id='word_1_59' title='bbox 539 981 667 1043; x_wconf 88' lang='lat' dir='ltr'><strong>rati,</strong></span> <span class='ocrx_word' id='word_1_60' title='bbox 693 981 765 1036; x_wconf 88' lang='lat' dir='ltr'><strong>ita</strong></span> <span class='ocrx_word' id='word_1_61' title='bbox 799 996 990 1049; x_wconf 83' lang='lat' dir='ltr'><strong>nempe</strong></span> <span class='ocrx_word' id='word_1_62' title='bbox 1022 982 1168 1036; x_wconf 88' lang='lat' dir='ltr'><strong>stulti</strong></span> <span class='ocrx_word' id='word_1_63' title='bbox 1210 988 1358 1044; x_wconf 90' lang='lat' dir='ltr'><strong>sunt,</strong></span> <span class='ocrx_word' id='word_1_64' title='bbox 1389 996 1485 1033; x_wconf 90' lang='lat' dir='ltr'><strong>nos</strong></span> <span class='ocrx_word' id='word_1_65' title='bbox 1515 989 1657 1033; x_wconf 90' lang='lat' dir='ltr'><strong>metu</strong></span> <span class='ocrx_word' id='word_1_66' title='bbox 1691 978 1952 1046; x_wconf 86' lang='lat' dir='ltr'><strong>ejusmodi</strong></span> <span class='ocrx_word' id='word_1_67' title='bbox 1985 977 2101 1033; x_wconf 90' lang='lat' dir='ltr'><strong>illo-</strong></span> 
     </span>
    </p>
   </div>
   <div class='ocr_carea' id='block_1_10' title="bbox 541 1058 2102 1142">
    <p class='ocr_par' dir='ltr' id='par_1_10' title="bbox 541 1058 2102 1142">
     <span class='ocr_line' id='line_1_10' title="bbox 541 1058 2102 1142; baseline -0.001 -17"><span class='ocrx_word' id='word_1_68' title='bbox 541 1058 677 1125; x_wconf 72' lang='lat' dir='ltr'><strong>rnm&#39;</strong></span> <span class='ocrx_word' id='word_1_69' title='bbox 709 1072 938 1127; x_wconf 85' lang='lat' dir='ltr'><strong>convicii</strong></span> <span class='ocrx_word' id='word_1_70' title='bbox 984 1072 1271 1142; x_wconf 83' lang='lat' dir='ltr'><strong>aliquando</strong></span> <span class='ocrx_word' id='word_1_71' title='bbox 1321 1072 1451 1140; x_wconf 86' lang='lat' dir='ltr'><strong>ipsis</strong></span> <span class='ocrx_word' id='word_1_72' title='bbox 1497 1085 1838 1126; x_wconf 84' lang='lat' dir='ltr'><strong>occursuros.</strong></span> <span class='ocrx_word' id='word_1_73' title='bbox 1878 1068 1934 1125; x_wconf 86' lang='lat' dir='ltr'><strong>Id</strong></span> <span class='ocrx_word' id='word_1_74' title='bbox 1978 1084 2102 1139; x_wconf 90' lang='lat' dir='ltr'><strong>per-</strong></span> 
     </span>
    </p>
   </div>
   <div class='ocr_carea' id='block_1_11' title="bbox 538 1162 2101 1234">
    <p class='ocr_par' dir='ltr' id='par_1_11' title="bbox 538 1162 2101 1234">
     <span class='ocr_line' id='line_1_11' title="bbox 538 1162 2101 1234; baseline -0.002 -15"><span class='ocrx_word' id='word_1_75' title='bbox 538 1176 729 1234; x_wconf 91' lang='lat' dir='ltr'><strong>optant</strong></span> <span class='ocrx_word' id='word_1_76' title='bbox 760 1165 987 1228; x_wconf 87' lang='lat' dir='ltr'><strong>scilicet,</strong></span> <span class='ocrx_word' id='word_1_77' title='bbox 1039 1179 1208 1233; x_wconf 89' lang='lat' dir='ltr'><strong>eaque</strong></span> <span class='ocrx_word' id='word_1_78' title='bbox 1234 1164 1299 1218; x_wconf 92' lang='lat' dir='ltr'><strong>de</strong></span> <span class='ocrx_word' id='word_1_79' title='bbox 1340 1179 1501 1218; x_wconf 90' lang='lat' dir='ltr'><strong>causa</strong></span> <span class='ocrx_word' id='word_1_80' title='bbox 1543 1163 1743 1231; x_wconf 89' lang='lat' dir='ltr'><strong>ubique</strong></span> <span class='ocrx_word' id='word_1_81' title='bbox 1770 1162 2101 1217; x_wconf 79' lang='lat' dir='ltr'><strong>circumcur-</strong></span> 
     </span>
    </p>
   </div>
   <div class='ocr_carea' id='block_1_12' title="bbox 539 1254 2098 1319">
    <p class='ocr_par' dir='ltr' id='par_1_12' title="bbox 539 1254 2098 1319">
     <span class='ocr_line' id='line_1_12' title="bbox 539 1254 2098 1319; baseline -0.001 -8"><span class='ocrx_word' id='word_1_82' title='bbox 539 1264 688 1311; x_wconf 89' lang='lat' dir='ltr'><strong>sant:</strong></span> <span class='ocrx_word' id='word_1_83' title='bbox 709 1267 761 1309; x_wconf 89' lang='lat' dir='ltr'><strong>et</strong></span> <span class='ocrx_word' id='word_1_84' title='bbox 788 1257 910 1311; x_wconf 90' lang='lat' dir='ltr'><strong>dum</strong></span> <span class='ocrx_word' id='word_1_85' title='bbox 938 1270 1057 1312; x_wconf 86' lang='lat' dir='ltr'><strong>sese</strong></span> <span class='ocrx_word' id='word_1_86' title='bbox 1082 1256 1286 1311; x_wconf 88' lang='lat' dir='ltr'><strong>amicos</strong></span> <span class='ocrx_word' id='word_1_87' title='bbox 1308 1255 1584 1319; x_wconf 79' lang='lat' dir='ltr'><strong>simulant,</strong></span> <span class='ocrx_word' id='word_1_88' title='bbox 1608 1266 1665 1308; x_wconf 93' lang='lat' dir='ltr'><strong>ut</strong></span> <span class='ocrx_word' id='word_1_89' title='bbox 1691 1254 1891 1309; x_wconf 87' lang='lat' dir='ltr'><strong>inimici</strong></span> <span class='ocrx_word' id='word_1_90' title='bbox 1923 1263 2098 1309; x_wconf 85' lang='lat' dir='ltr'><strong>tamen</strong></span> 
     </span>
    </p>
   </div>
   <div class='ocr_carea' id='block_1_13' title="bbox 534 1346 2097 1419">
    <p class='ocr_par' dir='ltr' id='par_1_13' title="bbox 534 1346 2097 1419">
     <span class='ocr_line' id='line_1_13' title="bbox 534 1346 2097 1419; baseline -0.001 -18"><span class='ocrx_word' id='word_1_91' title='bbox 534 1349 929 1419; x_wconf 81' lang='lat' dir='ltr'><strong>pervestigant,</strong></span> <span class='ocrx_word' id='word_1_92' title='bbox 981 1364 1088 1415; x_wconf 89' lang='lat' dir='ltr'><strong>quo</strong></span> <span class='ocrx_word' id='word_1_93' title='bbox 1143 1349 1371 1403; x_wconf 92' lang='lat' dir='ltr'><strong>aliorum</strong></span> <span class='ocrx_word' id='word_1_94' title='bbox 1429 1348 1690 1417; x_wconf 69' lang='lat' dir='ltr'><strong>sanguine</strong></span> <span class='ocrx_word' id='word_1_95' title='bbox 1729 1347 1840 1414; x_wconf 86' lang='lat' dir='ltr'><strong>jam</strong></span> <span class='ocrx_word' id='word_1_96' title='bbox 1896 1346 2097 1411; x_wconf 81' lang='lat' dir='ltr'><strong>satiati,</strong></span> 
     </span>
    </p>
   </div>
   <div class='ocr_carea' id='block_1_14' title="bbox 537 1437 2096 1509">
    <p class='ocr_par' dir='ltr' id='par_1_14' title="bbox 537 1437 2096 1509">
     <span class='ocr_line' id='line_1_14' title="bbox 537 1437 2096 1509; baseline -0.002 -16"><span class='ocrx_word' id='word_1_97' title='bbox 537 1456 633 1495; x_wconf 90' lang='lat' dir='ltr'><strong>nos</strong></span> <span class='ocrx_word' id='word_1_98' title='bbox 686 1455 904 1509; x_wconf 91' lang='lat' dir='ltr'><strong>quoque</strong></span> <span class='ocrx_word' id='word_1_99' title='bbox 955 1441 1145 1495; x_wconf 89' lang='lat' dir='ltr'><strong>tollant</strong></span> <span class='ocrx_word' id='word_1_100' title='bbox 1185 1442 1253 1495; x_wconf 85' lang='lat' dir='ltr'><strong>de</strong></span> <span class='ocrx_word' id='word_1_101' title='bbox 1305 1440 1483 1494; x_wconf 88' lang='lat' dir='ltr'><strong>medio</strong></span> <span class='ocrx_word' id='word_1_102' title='bbox 1513 1453 1528 1491; x_wconf 90' lang='lat'><strong>:</strong></span> <span class='ocrx_word' id='word_1_103' title='bbox 1558 1440 1677 1493; x_wconf 87' lang='lat' dir='ltr'><strong>ideo</strong></span> <span class='ocrx_word' id='word_1_104' title='bbox 1710 1452 1900 1507; x_wconf 91' lang='lat' dir='ltr'><strong>nempe</strong></span> <span class='ocrx_word' id='word_1_105' title='bbox 1952 1437 2096 1507; x_wconf 90' lang='lat' dir='ltr'><strong>quod</strong></span> 
     </span>
    </p>
   </div>
   <div class='ocr_carea' id='block_1_15' title="bbox 535 1527 2100 1598">
    <p class='ocr_par' dir='ltr' id='par_1_15' title="bbox 535 1527 2100 1598">
     <span class='ocr_line' id='line_1_15' title="bbox 535 1527 2100 1598; baseline -0.002 -16"><span class='ocrx_word' id='word_1_106' title='bbox 535 1531 794 1585; x_wconf 88' lang='lat' dir='ltr'><strong>adversus</strong></span> <span class='ocrx_word' id='word_1_107' title='bbox 839 1544 1025 1585; x_wconf 89' lang='lat' dir='ltr'><strong>eorum</strong></span> <span class='ocrx_word' id='word_1_108' title='bbox 1083 1529 1410 1598; x_wconf 86' lang='lat' dir='ltr'><strong>impietatem</strong></span> <span class='ocrx_word' id='word_1_109' title='bbox 1446 1542 1656 1597; x_wconf 83' lang='lat' dir='ltr'><strong>semper</strong></span> <span class='ocrx_word' id='word_1_110' title='bbox 1683 1527 2011 1582; x_wconf 86' lang='lat' dir='ltr'><strong>senserimus</strong></span> <span class='ocrx_word' id='word_1_111' title='bbox 2045 1534 2100 1580; x_wconf 89' lang='lat' dir='ltr'><strong>et</strong></span> 
     </span>
    </p>
   </div>
   <div class='ocr_carea' id='block_1_16' title="bbox 528 1619 2099 1694">
    <p class='ocr_par' dir='ltr' id='par_1_16' title="bbox 528 1619 2099 1694">
     <span class='ocr_line' id='line_1_16' title="bbox 528 1619 2099 1694; baseline -0.004 -17"><span class='ocrx_word' id='word_1_112' title='bbox 528 1624 640 1694; x_wconf 84' lang='lat' dir='ltr'><strong>jam</strong></span> <span class='ocrx_word' id='word_1_113' title='bbox 666 1623 983 1687; x_wconf 85' lang='lat' dir='ltr'><strong>sentiamus,</strong></span> <span class='ocrx_word' id='word_1_114' title='bbox 1012 1637 1307 1692; x_wconf 84' lang='lat' dir='ltr'><strong>eorumque</strong></span> <span class='ocrx_word' id='word_1_115' title='bbox 1338 1621 1585 1675; x_wconf 69' lang='lat' dir='ltr'><strong>haeresim</strong></span> <span class='ocrx_word' id='word_1_116' title='bbox 1621 1619 1962 1675; x_wconf 78' lang='lat' dir='ltr'><strong>confutantes</strong></span> <span class='ocrx_word' id='word_1_117' title='bbox 1989 1626 2099 1672; x_wconf 87' lang='lat' dir='ltr'><strong>tra-</strong></span> 
     </span>
    </p>
   </div>
   <div class='ocr_carea' id='block_1_17' title="bbox 534 1716 814 1770">
    <p class='ocr_par' dir='ltr' id='par_1_17' title="bbox 534 1716 814 1770">
     <span class='ocr_line' id='line_1_17' title="bbox 534 1716 814 1770; baseline -0.004 -1"><span class='ocrx_word' id='word_1_118' title='bbox 534 1716 814 1770; x_wconf 83' lang='lat' dir='ltr'><strong>ducamus.</strong></span> 
     </span>
    </p>
   </div>
   <div class='ocr_carea' id='block_1_18' title="bbox 602 1803 2094 1874">
    <p class='ocr_par' dir='ltr' id='par_1_18' title="bbox 602 1803 2094 1874">
     <span class='ocr_line' id='line_1_18' title="bbox 602 1803 2094 1874; baseline -0.002 -13"><span class='ocrx_word' id='word_1_119' title='bbox 602 1810 654 1862; x_wconf 73' lang='lat'><strong>3.</strong></span> <span class='ocrx_word' id='word_1_120' title='bbox 686 1808 852 1873; x_wconf 86' lang='lat' dir='ltr'><strong>Quem</strong></span> <span class='ocrx_word' id='word_1_121' title='bbox 881 1805 1022 1860; x_wconf 85' lang='lat' dir='ltr'><strong>enim</strong></span> <span class='ocrx_word' id='word_1_122' title='bbox 1057 1819 1291 1874; x_wconf 84' lang='lat' dir='ltr'><strong>unquam</strong></span> <span class='ocrx_word' id='word_1_123' title='bbox 1322 1804 1610 1872; x_wconf 87' lang='lat' dir='ltr'><strong>persecuti,</strong></span> <span class='ocrx_word' id='word_1_124' title='bbox 1632 1803 1716 1855; x_wconf 91' lang='lat' dir='ltr'><strong>ubi</strong></span> <span class='ocrx_word' id='word_1_125' title='bbox 1745 1803 2094 1873; x_wconf 85' lang='lat' dir='ltr'><strong>comprehen-</strong></span> 
     </span>
    </p>
   </div>
   <div class='ocr_carea' id='block_1_19' title="bbox 2203 610 3760 685">
    <p class='ocr_par' dir='ltr' id='par_1_19' title="bbox 2203 610 3760 685">
     <span class='ocr_line' id='line_1_19' title="bbox 2203 610 3760 685; baseline 0.004 -23"><span class='ocrx_word' id='word_1_126' title='bbox 2203 610 2414 680; x_wconf 80' lang='grc' dir='ltr'><strong>ἐχθροῖς</strong></span> <span class='ocrx_word' id='word_1_127' title='bbox 2444 612 2580 680; x_wconf 85' lang='grc' dir='ltr'>ὑπὲρ</span> <span class='ocrx_word' id='word_1_128' title='bbox 2614 611 2720 664; x_wconf 80' lang='grc' dir='ltr'><strong>τῶν</strong></span> <span class='ocrx_word' id='word_1_129' title='bbox 2751 612 2824 683; x_wconf 81' lang='grc' dir='ltr'>μὴ</span> <span class='ocrx_word' id='word_1_130' title='bbox 2860 613 3258 684; x_wconf 78' lang='grc' dir='ltr'><strong>συντρεχόντων</strong></span> <span class='ocrx_word' id='word_1_131' title='bbox 3296 615 3479 676; x_wconf 82' lang='grc' dir='ltr'>αὐτοῖς</span> <span class='ocrx_word' id='word_1_132' title='bbox 3512 615 3569 666; x_wconf 87' lang='grc' dir='ltr'><strong>ἐν</strong></span> <span class='ocrx_word' id='word_1_133' title='bbox 3595 618 3658 685; x_wconf 79' lang='grc' dir='ltr'>τῇ</span> <span class='ocrx_word' id='word_1_134' title='bbox 3684 634 3760 668; x_wconf 77' lang='grc' dir='ltr'>κα-</span> 
     </span>
    </p>
   </div>
   <div class='ocr_carea' id='block_1_20' title="bbox 2204 703 3759 776">
    <p class='ocr_par' dir='ltr' id='par_1_20' title="bbox 2204 703 3759 776">
     <span class='ocr_line' id='line_1_20' title="bbox 2204 703 3759 776; baseline 0.003 -21"><span class='ocrx_word' id='word_1_135' title='bbox 2204 708 2548 773; x_wconf 80' lang='grc' dir='ltr'>κοφροσύνῃ;</span> <span class='ocrx_word' id='word_1_136' title='bbox 2612 703 2769 756; x_wconf 84' lang='grc' dir='ltr'>Ἀλλὰ</span> <span class='ocrx_word' id='word_1_137' title='bbox 2813 705 3100 776; x_wconf 80' lang='grc' dir='ltr'>κακοήθεις</span> <span class='ocrx_word' id='word_1_138' title='bbox 3152 705 3308 768; x_wconf 73' lang='grc' dir='ltr'>ὄντες</span> <span class='ocrx_word' id='word_1_139' title='bbox 3360 705 3759 776; x_wconf 83' lang='grc' dir='ltr'><strong>σχηματίζονται</strong></span> 
     </span>
    </p>
   </div>
   <div class='ocr_carea' id='block_1_21' title="bbox 2203 795 3760 870">
    <p class='ocr_par' dir='ltr' id='par_1_21' title="bbox 2203 795 3760 870">
     <span class='ocr_line' id='line_1_21' title="bbox 2203 795 3760 870; baseline 0.002 -24"><span class='ocrx_word' id='word_1_140' title='bbox 2203 795 2424 848; x_wconf 81' lang='grc' dir='ltr'>τοιαῦτα</span> <span class='ocrx_word' id='word_1_141' title='bbox 2448 795 2818 865; x_wconf 88' lang='grc' dir='ltr'>περιϐομϐεῖν,</span> <span class='ocrx_word' id='word_1_142' title='bbox 2848 797 3175 866; x_wconf 71' lang='grc' dir='ltr'>νομίζοντες,</span> <span class='ocrx_word' id='word_1_143' title='bbox 3219 797 3439 868; x_wconf 78' lang='grc' dir='ltr'>εὐήθεις</span> <span class='ocrx_word' id='word_1_144' title='bbox 3478 797 3633 862; x_wconf 76' lang='grc' dir='ltr'>ὄντες</span> <span class='ocrx_word' id='word_1_145' title='bbox 3658 798 3760 870; x_wconf 78' lang='grc' dir='ltr'>ἀλη-</span> 
     </span>
    </p>
   </div>
   <div class='ocr_carea' id='block_1_22' title="bbox 2204 887 3761 961">
    <p class='ocr_par' dir='ltr' id='par_1_22' title="bbox 2204 887 3761 961">
     <span class='ocr_line' id='line_1_22' title="bbox 2204 887 3761 961; baseline 0.001 -22"><span class='ocrx_word' id='word_1_146' title='bbox 2204 887 2312 949; x_wconf 83' lang='grc' dir='ltr'><strong>θῶς</strong></span> <span class='ocrx_word' id='word_1_147' title='bbox 2356 888 2510 940; x_wconf 70' lang='grc' dir='ltr'>αὐτοὶ</span> <span class='ocrx_word' id='word_1_148' title='bbox 2540 888 2671 958; x_wconf 82' lang='grc'>(50),</span> <span class='ocrx_word' id='word_1_149' title='bbox 2713 888 2787 951; x_wconf 85' lang='grc' dir='ltr'><strong>ὡς</strong></span> <span class='ocrx_word' id='word_1_150' title='bbox 2829 889 2937 958; x_wconf 80' lang='grc' dir='ltr'>ἄρα</span> <span class='ocrx_word' id='word_1_151' title='bbox 2967 888 3074 941; x_wconf 83' lang='grc' dir='ltr'>δέει</span> <span class='ocrx_word' id='word_1_152' title='bbox 3107 890 3205 960; x_wconf 83' lang='grc' dir='ltr'>τῆς</span> <span class='ocrx_word' id='word_1_153' title='bbox 3244 891 3375 961; x_wconf 86' lang='grc' dir='ltr'>παρ’</span> <span class='ocrx_word' id='word_1_154' title='bbox 3404 889 3585 943; x_wconf 79' lang='grc' dir='ltr'>αὐτῶν</span> <span class='ocrx_word' id='word_1_155' title='bbox 3631 889 3761 942; x_wconf 81' lang='grc' dir='ltr'>λοιδο-</span> 
     </span>
    </p>
   </div>
   <div class='ocr_carea' id='block_1_23' title="bbox 2208 967 3758 1053">
    <p class='ocr_par' dir='ltr' id='par_1_23' title="bbox 2208 967 3758 1053">
     <span class='ocr_line' id='line_1_23' title="bbox 2208 967 3758 1053; baseline 0.002 -22"><span class='ocrx_word' id='word_1_156' title='bbox 2208 980 2323 1049; x_wconf 90' lang='grc' dir='ltr'>ρίας</span> <span class='ocrx_word' id='word_1_157' title='bbox 2354 979 2694 1051; x_wconf 81' lang='grc' dir='ltr'>προσάξομεν</span> <span class='ocrx_word' id='word_1_158' title='bbox 2726 967 2949 1044; x_wconf 75' lang='grc' dir='ltr'>ἑαυτούς</span> <span class='ocrx_word' id='word_1_159' title='bbox 3004 999 3134 1035; x_wconf 87' lang='grc' dir='ltr'>ποτε</span> <span class='ocrx_word' id='word_1_160' title='bbox 3158 983 3362 1045; x_wconf 81' lang='grc' dir='ltr'>αὐτοῖς.</span> <span class='ocrx_word' id='word_1_161' title='bbox 3399 981 3632 1035; x_wconf 86' lang='grc' dir='ltr'>Θέλουσι</span> <span class='ocrx_word' id='word_1_162' title='bbox 3654 982 3758 1053; x_wconf 76' lang='grc' dir='ltr'>γὰρ,</span> 
     </span>
    </p>
   </div>
   <div class='ocr_carea' id='block_1_24' title="bbox 2203 1069 3760 1145">
    <p class='ocr_par' dir='ltr' id='par_1_24' title="bbox 2203 1069 3760 1145">
     <span class='ocr_line' id='line_1_24' title="bbox 2203 1069 3760 1145; baseline 0.003 -22"><span class='ocrx_word' id='word_1_163' title='bbox 2203 1072 2294 1123; x_wconf 77' lang='grc' dir='ltr'><strong>καὶ</strong></span> <span class='ocrx_word' id='word_1_164' title='bbox 2313 1070 2398 1124; x_wconf 77' lang='grc' dir='ltr'><strong>διὰ</strong></span> <span class='ocrx_word' id='word_1_165' title='bbox 2435 1069 2592 1125; x_wconf 82' lang='grc' dir='ltr'>τοῦτο</span> <span class='ocrx_word' id='word_1_166' title='bbox 2628 1072 2801 1124; x_wconf 88' lang='grc' dir='ltr'>πάντα</span> <span class='ocrx_word' id='word_1_167' title='bbox 2835 1073 3243 1144; x_wconf 84' lang='grc' dir='ltr'>περιτρέχουσι’</span> <span class='ocrx_word' id='word_1_168' title='bbox 3280 1074 3373 1127; x_wconf 77' lang='grc' dir='ltr'>καὶ</span> <span class='ocrx_word' id='word_1_169' title='bbox 3404 1074 3760 1145; x_wconf 78' lang='grc' dir='ltr'>ὑποκρίνονται</span> 
     </span>
    </p>
   </div>
   <div class='ocr_carea' id='block_1_25' title="bbox 2204 1163 3761 1237">
    <p class='ocr_par' dir='ltr' id='par_1_25' title="bbox 2204 1163 3761 1237">
     <span class='ocr_line' id='line_1_25' title="bbox 2204 1163 3761 1237; baseline 0.003 -22"><span class='ocrx_word' id='word_1_170' title='bbox 2204 1163 2314 1235; x_wconf 78' lang='grc'>(51)</span> <span class='ocrx_word' id='word_1_171' title='bbox 2345 1165 2440 1234; x_wconf 89' lang='grc' dir='ltr'>μὲν</span> <span class='ocrx_word' id='word_1_172' title='bbox 2464 1164 2538 1227; x_wconf 83' lang='grc' dir='ltr'>ὡς</span> <span class='ocrx_word' id='word_1_173' title='bbox 2577 1164 2738 1232; x_wconf 84' lang='grc' dir='ltr'>φίλοι,</span> <span class='ocrx_word' id='word_1_174' title='bbox 2761 1164 3020 1234; x_wconf 82' lang='grc' dir='ltr'>ἐρευνῶσι</span> <span class='ocrx_word' id='word_1_175' title='bbox 3039 1164 3096 1217; x_wconf 89' lang='grc' dir='ltr'><strong>δέ</strong></span> <span class='ocrx_word' id='word_1_176' title='bbox 3124 1165 3199 1228; x_wconf 83' lang='grc' dir='ltr'>ὡς</span> <span class='ocrx_word' id='word_1_177' title='bbox 3233 1165 3447 1237; x_wconf 79' lang='grc' dir='ltr'>ἐχθροί·</span> <span class='ocrx_word' id='word_1_178' title='bbox 3479 1165 3588 1231; x_wconf 83' lang='grc' dir='ltr'>ἴνα,</span> <span class='ocrx_word' id='word_1_179' title='bbox 3622 1166 3761 1236; x_wconf 59' lang='grc' dir='ltr'>αίμάτ</span> 
     </span>
    </p>
   </div>
   <div class='ocr_carea' id='block_1_26' title="bbox 2201 1256 3760 1330">
    <p class='ocr_par' dir='ltr' id='par_1_26' title="bbox 2201 1256 3760 1330">
     <span class='ocr_line' id='line_1_26' title="bbox 2201 1256 3760 1330; baseline 0.001 -20"><span class='ocrx_word' id='word_1_180' title='bbox 2201 1275 2307 1310; x_wconf 88' lang='grc' dir='ltr'><strong>των</strong></span> <span class='ocrx_word' id='word_1_181' title='bbox 2354 1256 2773 1328; x_wconf 80' lang='grc' dir='ltr'>ἐμφορηθέντες,</span> <span class='ocrx_word' id='word_1_182' title='bbox 2801 1257 3040 1311; x_wconf 87' lang='grc' dir='ltr'>ἐκποδὼν</span> <span class='ocrx_word' id='word_1_183' title='bbox 3072 1259 3341 1327; x_wconf 81' lang='grc' dir='ltr'>ποιήσωσι</span> <span class='ocrx_word' id='word_1_184' title='bbox 3386 1260 3482 1312; x_wconf 78' lang='grc' dir='ltr'><strong>καὶ</strong></span> <span class='ocrx_word' id='word_1_185' title='bbox 3507 1261 3671 1330; x_wconf 81' lang='grc' dir='ltr'>ἡμᾶς,</span> <span class='ocrx_word' id='word_1_186' title='bbox 3693 1260 3760 1312; x_wconf 83' lang='grc' dir='ltr'>ὅτι</span> 
     </span>
    </p>
   </div>
   <div class='ocr_carea' id='block_1_27' title="bbox 2200 1348 3762 1422">
    <p class='ocr_par' dir='ltr' id='par_1_27' title="bbox 2200 1348 3762 1422">
     <span class='ocr_line' id='line_1_27' title="bbox 2200 1348 3762 1422; baseline 0.001 -20"><span class='ocrx_word' id='word_1_187' title='bbox 2200 1348 2340 1403; x_wconf 88' lang='grc' dir='ltr'><strong>κατά</strong></span> <span class='ocrx_word' id='word_1_188' title='bbox 2368 1351 2463 1420; x_wconf 85' lang='grc' dir='ltr'><strong>τῆς</strong></span> <span class='ocrx_word' id='word_1_189' title='bbox 2492 1348 2742 1411; x_wconf 88' lang='grc' dir='ltr'>ἀσεϐείας</span> <span class='ocrx_word' id='word_1_190' title='bbox 2774 1348 2953 1401; x_wconf 81' lang='grc' dir='ltr'>αὐτῶν</span> <span class='ocrx_word' id='word_1_191' title='bbox 2975 1350 3356 1420; x_wconf 80' lang='grc' dir='ltr'>ἐφρονήσαμεν</span> <span class='ocrx_word' id='word_1_192' title='bbox 3389 1350 3478 1403; x_wconf 80' lang='grc' dir='ltr'><strong>ἀεὶ</strong></span> <span class='ocrx_word' id='word_1_193' title='bbox 3510 1350 3608 1404; x_wconf 76' lang='grc' dir='ltr'>καὶ</span> <span class='ocrx_word' id='word_1_194' title='bbox 3651 1368 3762 1422; x_wconf 82' lang='grc' dir='ltr'>φρο-</span> 
     </span>
    </p>
   </div>
   <div class='ocr_carea' id='block_1_28' title="bbox 2200 1434 3762 1509">
    <p class='ocr_par' dir='ltr' id='par_1_28' title="bbox 2200 1434 3762 1509">
     <span class='ocr_line' id='line_1_28' title="bbox 2200 1434 3762 1509; baseline 0.003 -21"><span class='ocrx_word' id='word_1_195' title='bbox 2200 1435 2417 1505; x_wconf 75' lang='grc' dir='ltr'>νοῦμεν,</span> <span class='ocrx_word' id='word_1_196' title='bbox 2448 1436 2539 1488; x_wconf 75' lang='grc' dir='ltr'><strong>καὶ</strong></span> <span class='ocrx_word' id='word_1_197' title='bbox 2559 1434 2655 1505; x_wconf 81' lang='grc' dir='ltr'>τὴν</span> <span class='ocrx_word' id='word_1_198' title='bbox 2682 1436 2890 1506; x_wconf 81' lang='grc' dir='ltr'>αἵρεσιν</span> <span class='ocrx_word' id='word_1_199' title='bbox 2921 1437 3099 1489; x_wconf 79' lang='grc' dir='ltr'>αὐτῶν</span> <span class='ocrx_word' id='word_1_200' title='bbox 3126 1438 3444 1508; x_wconf 78' lang='grc' dir='ltr'>ἐλέγχοντες</span> <span class='ocrx_word' id='word_1_201' title='bbox 3474 1439 3762 1509; x_wconf 78' lang='grc' dir='ltr'>στηλιτεύο-</span> 
     </span>
    </p>
   </div>
   <div class='ocr_carea' id='block_1_29' title="bbox 2204 1544 2325 1597">
    <p class='ocr_par' dir='ltr' id='par_1_29' title="bbox 2204 1544 2325 1597">
     <span class='ocr_line' id='line_1_29' title="bbox 2204 1544 2325 1597; baseline 0.025 -19"><span class='ocrx_word' id='word_1_202' title='bbox 2204 1544 2325 1597; x_wconf 88' lang='grc' dir='ltr'>μεν.</span> 
     </span>
    </p>
   </div>
   <div class='ocr_carea' id='block_1_30' title="bbox 2268 1786 3760 1865">
    <p class='ocr_par' dir='ltr' id='par_1_30' title="bbox 2268 1786 3760 1865">
     <span class='ocr_line' id='line_1_30' title="bbox 2268 1786 3760 1865; baseline 0.007 -27"><span class='ocrx_word' id='word_1_203' title='bbox 2268 1786 2319 1839; x_wconf 80' lang='grc'>5.</span> <span class='ocrx_word' id='word_1_204' title='bbox 2347 1787 2478 1839; x_wconf 92' lang='grc' dir='ltr'>Τίνα</span> <span class='ocrx_word' id='word_1_205' title='bbox 2500 1786 2607 1857; x_wconf 90' lang='grc' dir='ltr'><strong>γάρ</strong></span> <span class='ocrx_word' id='word_1_206' title='bbox 2631 1804 2759 1840; x_wconf 88' lang='grc' dir='ltr'>ποτε</span> <span class='ocrx_word' id='word_1_207' title='bbox 2783 1786 3067 1851; x_wconf 85' lang='grc' dir='ltr'>διώκοντες</span> <span class='ocrx_word' id='word_1_208' title='bbox 3095 1790 3187 1842; x_wconf 76' lang='grc' dir='ltr'><strong>καὶ</strong></span> <span class='ocrx_word' id='word_1_209' title='bbox 3212 1790 3618 1857; x_wconf 87' lang='grc' dir='ltr'>καταλαϐόντες</span> <span class='ocrx_word' id='word_1_210' title='bbox 3646 1796 3760 1865; x_wconf 68' lang='grc'>(52),</span> 
     </span>
    </p>
   </div>
   <div class='ocr_carea' id='block_1_31' title="bbox 533 1873 2087 1962">
    <p class='ocr_par' dir='ltr' id='par_1_31' title="bbox 533 1893 2087 1962">
     <span class='ocr_line' id='line_1_31' title="bbox 533 1893 2087 1962; baseline -0.002 -13"><span class='ocrx_word' id='word_1_211' title='bbox 533 1898 749 1959; x_wconf 88' lang='lat' dir='ltr'><strong>derunt,</strong></span> <span class='ocrx_word' id='word_1_212' title='bbox 793 1894 1130 1951; x_wconf 88' lang='lat' dir='ltr'><strong>contumeliis</strong></span> <span class='ocrx_word' id='word_1_213' title='bbox 1170 1908 1275 1947; x_wconf 91' lang='lat' dir='ltr'><strong>non</strong></span> <span class='ocrx_word' id='word_1_214' title='bbox 1314 1893 1965 1962; x_wconf 80' lang='lat' dir='ltr'><strong>oneravere‘lquemnam,</strong></span> <span class='ocrx_word' id='word_1_215' title='bbox 2002 1893 2087 1946; x_wconf 89' lang='lat' dir='ltr'><strong>ubi</strong></span> 
     </span>
    </p>
   </div>
   <div class='ocr_carea' id='block_1_32' title="bbox 2190 1873 3760 1962">
    <p class='ocr_par' dir='ltr' id='par_1_32' title="bbox 2193 1875 3760 1951">
     <span class='ocr_line' id='line_1_32' title="bbox 2193 1875 3760 1951; baseline 0.006 -23"><span class='ocrx_word' id='word_1_216' title='bbox 2193 1875 2290 1946; x_wconf 79' lang='grc' dir='ltr'><strong>οὐχ</strong></span> <span class='ocrx_word' id='word_1_217' title='bbox 2316 1876 2544 1947; x_wconf 78' lang='grc' dir='ltr'>ὕϐρισαν</span> <span class='ocrx_word' id='word_1_218' title='bbox 2585 1878 2661 1940; x_wconf 88' lang='grc' dir='ltr'>ὼς</span> <span class='ocrx_word' id='word_1_219' title='bbox 2693 1877 2996 1948; x_wconf 82' lang='grc' dir='ltr'>ήθέλησαν;</span> <span class='ocrx_word' id='word_1_220' title='bbox 3037 1879 3154 1932; x_wconf 89' lang='grc' dir='ltr'>τίνα</span> <span class='ocrx_word' id='word_1_221' title='bbox 3195 1880 3508 1951; x_wconf 78' lang='grc' dir='ltr'>ζητοῦντες,</span> <span class='ocrx_word' id='word_1_222' title='bbox 3545 1885 3638 1936; x_wconf 74' lang='grc' dir='ltr'>καὶ</span> <span class='ocrx_word' id='word_1_223' title='bbox 3683 1887 3760 1938; x_wconf 68' lang='lat'><strong>5-3-</strong></span> 
     </span>
    </p>
   </div>
   <div class='ocr_carea' id='block_1_33' title="bbox 533 1983 2097 2056">
    <p class='ocr_par' dir='ltr' id='par_1_33' title="bbox 533 1983 2097 2056">
     <span class='ocr_line' id='line_1_33' title="bbox 533 1983 2097 2056; baseline -0.003 -15"><span class='ocrx_word' id='word_1_224' title='bbox 533 1988 892 2056; x_wconf 89' lang='lat' dir='ltr'><strong>conquisitum</strong></span> <span class='ocrx_word' id='word_1_225' title='bbox 925 1984 1413 2054; x_wconf 86' lang='lat' dir='ltr'><strong>deprehenderunt,</strong></span> <span class='ocrx_word' id='word_1_226' title='bbox 1445 1997 1548 2037; x_wconf 92' lang='lat' dir='ltr'><strong>non</strong></span> <span class='ocrx_word' id='word_1_227' title='bbox 1589 1983 1660 2035; x_wconf 93' lang='lat' dir='ltr'><strong>ita</strong></span> <span class='ocrx_word' id='word_1_228' title='bbox 1703 1990 2003 2036; x_wconf 89' lang='lat' dir='ltr'><strong>tractarunt</strong></span> <span class='ocrx_word' id='word_1_229' title='bbox 2038 1990 2097 2036; x_wconf 91' lang='lat' dir='ltr'><strong>ut</strong></span> 
     </span>
    </p>
   </div>
   <div class='ocr_carea' id='block_1_34' title="bbox 533 2073 2093 2144">
    <p class='ocr_par' dir='ltr' id='par_1_34' title="bbox 533 2073 2093 2144">
     <span class='ocr_line' id='line_1_34' title="bbox 533 2073 2093 2144; baseline 0.001 -17"><span class='ocrx_word' id='word_1_230' title='bbox 533 2079 613 2131; x_wconf 86' lang='lat' dir='ltr'><strong>vel</strong></span> <span class='ocrx_word' id='word_1_231' title='bbox 637 2078 830 2132; x_wconf 85' lang='lat' dir='ltr'><strong>misere</strong></span> <span class='ocrx_word' id='word_1_232' title='bbox 862 2078 1125 2134; x_wconf 81' lang='lat' dir='ltr'><strong>interiret.</strong></span> <span class='ocrx_word' id='word_1_233' title='bbox 1148 2074 1231 2129; x_wconf 90' lang='lat' dir='ltr'><strong>vel</strong></span> <span class='ocrx_word' id='word_1_234' title='bbox 1254 2074 1483 2144; x_wconf 91' lang='lat' dir='ltr'><strong>undique</strong></span> <span class='ocrx_word' id='word_1_235' title='bbox 1514 2073 1651 2128; x_wconf 88' lang='lat' dir='ltr'><strong>male</strong></span> <span class='ocrx_word' id='word_1_236' title='bbox 1678 2073 1937 2127; x_wconf 86' lang='lat' dir='ltr'><strong>haberet?</strong></span> <span class='ocrx_word' id='word_1_237' title='bbox 1959 2073 2093 2129; x_wconf 81' lang='lat' dir='ltr'><strong>Nam</strong></span> 
     </span>
    </p>
   </div>
   <div class='ocr_carea' id='block_1_35' title="bbox 533 2165 2092 2238">
    <p class='ocr_par' dir='ltr' id='par_1_35' title="bbox 533 2165 2092 2238">
     <span class='ocr_line' id='line_1_35' title="bbox 533 2165 2092 2238; baseline -0.001 -17"><span class='ocrx_word' id='word_1_238' title='bbox 533 2184 649 2237; x_wconf 71' lang='lat' dir='ltr'><strong>qua:</strong></span> <span class='ocrx_word' id='word_1_239' title='bbox 679 2185 707 2222; x_wconf 86' lang='lat' dir='ltr'><strong>a</strong></span> <span class='ocrx_word' id='word_1_240' title='bbox 729 2168 998 2238; x_wconf 75' lang='lat' dir='ltr'><strong>iudicibus</strong></span> <span class='ocrx_word' id='word_1_241' title='bbox 1023 2168 1104 2238; x_wconf 82' lang='lat' dir='ltr'><strong>agi</strong></span> <span class='ocrx_word' id='word_1_242' title='bbox 1138 2167 1293 2238; x_wconf 81' lang='lat' dir='ltr'><strong>vulgo</strong></span> <span class='ocrx_word' id='word_1_243' title='bbox 1315 2167 1711 2232; x_wconf 80' lang='lat' dir='ltr'><strong>existimantur,</strong></span> <span class='ocrx_word' id='word_1_244' title='bbox 1741 2165 1855 2220; x_wconf 57' lang='lat' dir='ltr'><strong>haec</strong></span> <span class='ocrx_word' id='word_1_245' title='bbox 1881 2165 2092 2220; x_wconf 90' lang='lat' dir='ltr'><strong>illorum</strong></span> 
     </span>
    </p>
   </div>
   <div class='ocr_carea' id='block_1_36' title="bbox 530 2258 2093 2329">
    <p class='ocr_par' dir='ltr' id='par_1_36' title="bbox 530 2258 2093 2329">
     <span class='ocr_line' id='line_1_36' title="bbox 530 2258 2093 2329; baseline -0.003 -14"><span class='ocrx_word' id='word_1_246' title='bbox 530 2271 652 2315; x_wconf 86' lang='lat' dir='ltr'><strong>sunt</strong></span> <span class='ocrx_word' id='word_1_247' title='bbox 684 2276 846 2329; x_wconf 86' lang='lat' dir='ltr'><strong>opera</strong></span> <span class='ocrx_word' id='word_1_248' title='bbox 882 2280 893 2313; x_wconf 92' lang='lat'>:</span> <span class='ocrx_word' id='word_1_249' title='bbox 924 2261 1051 2329; x_wconf 87' lang='lat' dir='ltr'><strong>quin</strong></span> <span class='ocrx_word' id='word_1_250' title='bbox 1082 2260 1180 2329; x_wconf 92' lang='lat' dir='ltr'><strong>ipsi</strong></span> <span class='ocrx_word' id='word_1_251' title='bbox 1227 2260 1438 2327; x_wconf 74' lang='lat' dir='ltr'><strong>indices</strong></span> <span class='ocrx_word' id='word_1_252' title='bbox 1467 2258 1678 2312; x_wconf 90' lang='lat' dir='ltr'><strong>illorum</strong></span> <span class='ocrx_word' id='word_1_253' title='bbox 1710 2258 1927 2313; x_wconf 91' lang='lat' dir='ltr'><strong>consilii</strong></span> <span class='ocrx_word' id='word_1_254' title='bbox 1966 2266 2093 2311; x_wconf 91' lang='lat' dir='ltr'><strong>sunt</strong></span> 
     </span>
    </p>
   </div>
   <div class='ocr_carea' id='block_1_37' title="bbox 529 2348 2090 2420">
    <p class='ocr_par' dir='ltr' id='par_1_37' title="bbox 529 2348 2090 2420">
     <span class='ocr_line' id='line_1_37' title="bbox 529 2348 2090 2420; baseline -0.002 -14"><span class='ocrx_word' id='word_1_255' title='bbox 529 2362 583 2406; x_wconf 89' lang='lat' dir='ltr'><strong>et</strong></span> <span class='ocrx_word' id='word_1_256' title='bbox 609 2352 822 2405; x_wconf 63' lang='lat' dir='ltr'><strong>malitiae</strong></span> <span class='ocrx_word' id='word_1_257' title='bbox 858 2351 1108 2405; x_wconf 88' lang='lat' dir='ltr'><strong>ministri.</strong></span> <span class='ocrx_word' id='word_1_258' title='bbox 1137 2350 1393 2415; x_wconf 86' lang='lat' dir='ltr'><strong>Quisnam</strong></span> <span class='ocrx_word' id='word_1_259' title='bbox 1422 2349 1583 2420; x_wconf 80' lang='lat' dir='ltr'><strong>igitur</strong></span> <span class='ocrx_word' id='word_1_260' title='bbox 1609 2348 1762 2404; x_wconf 90' lang='lat' dir='ltr'><strong>locus</strong></span> <span class='ocrx_word' id='word_1_261' title='bbox 1786 2348 1876 2418; x_wconf 91' lang='lat' dir='ltr'><strong>qui</strong></span> <span class='ocrx_word' id='word_1_262' title='bbox 1904 2363 2090 2403; x_wconf 89' lang='lat' dir='ltr'><strong>eorum</strong></span> 
     </span>
    </p>
   </div>
   <div class='ocr_carea' id='block_1_38' title="bbox 531 2440 2089 2511">
    <p class='ocr_par' dir='ltr' id='par_1_38' title="bbox 531 2440 2089 2511">
     <span class='ocr_line' id='line_1_38' title="bbox 531 2440 2089 2511; baseline -0.001 -14"><span class='ocrx_word' id='word_1_263' title='bbox 531 2441 889 2511; x_wconf 88' lang='lat' dir='ltr'><strong>improbitatis</strong></span> <span class='ocrx_word' id='word_1_264' title='bbox 942 2440 1157 2509; x_wconf 87' lang='lat' dir='ltr'><strong>aliquod</strong></span> <span class='ocrx_word' id='word_1_265' title='bbox 1211 2456 1312 2495; x_wconf 94' lang='lat' dir='ltr'><strong>non</strong></span> <span class='ocrx_word' id='word_1_266' title='bbox 1362 2441 1612 2509; x_wconf 71' lang='lat' dir='ltr'><strong>praeferat</strong></span> <span class='ocrx_word' id='word_1_267' title='bbox 1660 2440 1983 2509; x_wconf 77' lang='lat' dir='ltr'><strong>vestigium?</strong></span> <span class='ocrx_word' id='word_1_268' title='bbox 2033 2440 2089 2495; x_wconf 83' lang='lat' dir='ltr'><strong>In</strong></span> 
     </span>
    </p>
   </div>
   <div class='ocr_carea' id='block_1_39' title="bbox 528 2529 2091 2601">
    <p class='ocr_par' dir='ltr' id='par_1_39' title="bbox 528 2529 2091 2601">
     <span class='ocr_line' id='line_1_39' title="bbox 528 2529 2091 2601; baseline 0 -16"><span class='ocrx_word' id='word_1_269' title='bbox 528 2546 814 2599; x_wconf 89' lang='lat' dir='ltr'><strong>quemnam</strong></span> <span class='ocrx_word' id='word_1_270' title='bbox 851 2532 942 2601; x_wconf 88' lang='lat' dir='ltr'><strong>qui</strong></span> <span class='ocrx_word' id='word_1_271' title='bbox 984 2532 1266 2585; x_wconf 79' lang='lat' dir='ltr'><strong>adversum</strong></span> <span class='ocrx_word' id='word_1_272' title='bbox 1308 2546 1367 2583; x_wconf 88' lang='lat' dir='ltr'><strong>se</strong></span> <span class='ocrx_word' id='word_1_273' title='bbox 1408 2529 1660 2596; x_wconf 90' lang='lat' dir='ltr'><strong>senserit,</strong></span> <span class='ocrx_word' id='word_1_274' title='bbox 1702 2543 1896 2583; x_wconf 87' lang='lat' dir='ltr'><strong>causas</strong></span> <span class='ocrx_word' id='word_1_275' title='bbox 1942 2543 2091 2586; x_wconf 90' lang='lat' dir='ltr'><strong>more</strong></span> 
     </span>
    </p>
   </div>
   <div class='ocr_carea' id='block_1_40' title="bbox 525 2620 2093 2689">
    <p class='ocr_par' dir='ltr' id='par_1_40' title="bbox 525 2620 2093 2689">
     <span class='ocr_line' id='line_1_40' title="bbox 525 2620 2093 2689; baseline -0.002 -11"><span class='ocrx_word' id='word_1_276' title='bbox 525 2623 787 2678; x_wconf 80' lang='lat' dir='ltr'><strong>Jezabelis</strong></span> <span class='ocrx_word' id='word_1_277' title='bbox 811 2623 1121 2686; x_wconf 87' lang='lat' dir='ltr'><strong>commenti,</strong></span> <span class='ocrx_word' id='word_1_278' title='bbox 1152 2636 1255 2677; x_wconf 93' lang='lat' dir='ltr'><strong>non</strong></span> <span class='ocrx_word' id='word_1_279' title='bbox 1299 2621 1720 2689; x_wconf 82' lang='lat' dir='ltr'><strong>conspirarunt.’</strong></span> <span class='ocrx_word' id='word_1_280' title='bbox 1752 2621 1881 2687; x_wconf 86' lang='lat' dir='ltr'><strong>Quae</strong></span> <span class='ocrx_word' id='word_1_281' title='bbox 1908 2620 2093 2675; x_wconf 84' lang='lat' dir='ltr'><strong>Eccle-</strong></span> 
     </span>
    </p>
   </div>
   <div class='ocr_carea' id='block_1_41' title="bbox 528 2710 2088 2795">
    <p class='ocr_par' dir='ltr' id='par_1_41' title="bbox 528 2710 2088 2795">
     <span class='ocr_line' id='line_1_41' title="bbox 528 2710 2088 2795; baseline -0.001 -29"><span class='ocrx_word' id='word_1_282' title='bbox 528 2714 605 2767; x_wconf 87' lang='lat' dir='ltr'><strong>sia</strong></span> <span class='ocrx_word' id='word_1_283' title='bbox 635 2727 737 2765; x_wconf 91' lang='lat' dir='ltr'><strong>non</strong></span> <span class='ocrx_word' id='word_1_284' title='bbox 764 2712 881 2795; x_wconf 51' lang='lat' dir='ltr'><strong>jam.</strong></span> <span class='ocrx_word' id='word_1_285' title='bbox 905 2713 959 2765; x_wconf 89' lang='lat' dir='ltr'><strong>in</strong></span> <span class='ocrx_word' id='word_1_286' title='bbox 987 2711 1130 2766; x_wconf 86' lang='lat' dir='ltr'><strong>luctu</strong></span> <span class='ocrx_word' id='word_1_287' title='bbox 1160 2718 1263 2775; x_wconf 91' lang='lat' dir='ltr'><strong>est,</strong></span> <span class='ocrx_word' id='word_1_288' title='bbox 1294 2718 1512 2781; x_wconf 86' lang='lat' dir='ltr'><strong>propter</strong></span> <span class='ocrx_word' id='word_1_289' title='bbox 1544 2710 1758 2765; x_wconf 90' lang='lat' dir='ltr'><strong>illorum</strong></span> <span class='ocrx_word' id='word_1_290' title='bbox 1802 2711 2088 2765; x_wconf 85' lang='lat' dir='ltr'><strong>adversum</strong></span> 
     </span>
    </p>
   </div>
   <div class='ocr_carea' id='block_1_42' title="bbox 525 2801 2093 2873">
    <p class='ocr_par' dir='ltr' id='par_1_42' title="bbox 525 2801 2093 2873">
     <span class='ocr_line' id='line_1_42' title="bbox 525 2801 2093 2873; baseline -0.001 -15"><span class='ocrx_word' id='word_1_291' title='bbox 525 2805 806 2873; x_wconf 86' lang='lat' dir='ltr'><strong>episcopos</strong></span> <span class='ocrx_word' id='word_1_292' title='bbox 852 2819 978 2858; x_wconf 80' lang='lat' dir='ltr'><strong>suos</strong></span> <span class='ocrx_word' id='word_1_293' title='bbox 1019 2803 1279 2858; x_wconf 86' lang='lat' dir='ltr'><strong>insidias?</strong></span> <span class='ocrx_word' id='word_1_294' title='bbox 1320 2802 1607 2858; x_wconf 85' lang='lat' dir='ltr'><strong>Antiochia</strong></span> <span class='ocrx_word' id='word_1_295' title='bbox 1646 2811 1865 2872; x_wconf 89' lang='lat' dir='ltr'><strong>propter</strong></span> <span class='ocrx_word' id='word_1_296' title='bbox 1900 2801 2093 2857; x_wconf 84' lang='lat' dir='ltr'><strong>Eusta-</strong></span> 
     </span>
    </p>
   </div>
   <div class='ocr_carea' id='block_1_43' title="bbox 528 2890 2090 2949">
    <p class='ocr_par' dir='ltr' id='par_1_43' title="bbox 528 2890 2090 2949">
     <span class='ocr_line' id='line_1_43' title="bbox 528 2890 2090 2949; baseline -0.001 -2"><span class='ocrx_word' id='word_1_297' title='bbox 528 2895 698 2949; x_wconf 91' lang='lat' dir='ltr'><strong>thium</strong></span> <span class='ocrx_word' id='word_1_298' title='bbox 726 2894 1091 2948; x_wconf 81' lang='lat' dir='ltr'><strong>confessorem</strong></span> <span class='ocrx_word' id='word_1_299' title='bbox 1126 2901 1179 2947; x_wconf 92' lang='lat' dir='ltr'><strong>et</strong></span> <span class='ocrx_word' id='word_1_300' title='bbox 1206 2892 1568 2947; x_wconf 80' lang='lat' dir='ltr'><strong>orthodoxum</strong></span> <span class='ocrx_word' id='word_1_301' title='bbox 1610 2892 1782 2945; x_wconf 88' lang='lat' dir='ltr'><strong>virum</strong></span> <span class='ocrx_word' id='word_1_302' title='bbox 1810 2911 1822 2944; x_wconf 90' lang='lat'><strong>:</strong></span> <span class='ocrx_word' id='word_1_303' title='bbox 1850 2890 2090 2945; x_wconf 75' lang='lat' dir='ltr'><strong>Balaneae</strong></span> 
     </span>
    </p>
   </div>
   <div class='ocr_carea' id='block_1_44' title="bbox 525 2983 2088 3053">
    <p class='ocr_par' dir='ltr' id='par_1_44' title="bbox 525 2983 2088 3053">
     <span class='ocr_line' id='line_1_44' title="bbox 525 2983 2088 3053; baseline 0 -16"><span class='ocrx_word' id='word_1_304' title='bbox 525 2985 593 3039; x_wconf 92' lang='lat' dir='ltr'><strong>ob</strong></span> <span class='ocrx_word' id='word_1_305' title='bbox 624 2983 1062 3053; x_wconf 88' lang='lat' dir='ltr'><strong>Euphrationem,</strong></span> <span class='ocrx_word' id='word_1_306' title='bbox 1086 2984 1541 3039; x_wconf 87' lang='lat' dir='ltr'><strong>mirabilissimum</strong></span> <span class='ocrx_word' id='word_1_307' title='bbox 1565 2983 1836 3038; x_wconf 87' lang='lat' dir='ltr'><strong>hominem</strong></span> <span class='ocrx_word' id='word_1_308' title='bbox 1865 3001 1877 3036; x_wconf 88' lang='lat'><strong>:</strong></span> <span class='ocrx_word' id='word_1_309' title='bbox 1902 2983 2088 3037; x_wconf 88' lang='lat' dir='ltr'><strong>Paltus</strong></span> 
     </span>
    </p>
   </div>
   <div class='ocr_carea' id='block_1_45' title="bbox 524 3073 2083 3145">
    <p class='ocr_par' dir='ltr' id='par_1_45' title="bbox 524 3073 2083 3145">
     <span class='ocr_line' id='line_1_45' title="bbox 524 3073 2083 3145; baseline 0 -17"><span class='ocrx_word' id='word_1_310' title='bbox 524 3084 579 3128; x_wconf 89' lang='lat' dir='ltr'><strong>et</strong></span> <span class='ocrx_word' id='word_1_311' title='bbox 629 3076 937 3130; x_wconf 85' lang='lat' dir='ltr'><strong>Antaradus</strong></span> <span class='ocrx_word' id='word_1_312' title='bbox 997 3083 1217 3144; x_wconf 90' lang='lat' dir='ltr'><strong>propter</strong></span> <span class='ocrx_word' id='word_1_313' title='bbox 1268 3073 1570 3145; x_wconf 86' lang='lat' dir='ltr'><strong>Cymatium</strong></span> <span class='ocrx_word' id='word_1_314' title='bbox 1626 3082 1681 3128; x_wconf 93' lang='lat' dir='ltr'><strong>et</strong></span> <span class='ocrx_word' id='word_1_315' title='bbox 1736 3073 2083 3128; x_wconf 90' lang='lat' dir='ltr'><strong>Carterium:</strong></span> 
     </span>
    </p>
   </div>
   <div class='ocr_carea' id='block_1_46' title="bbox 523 3163 2083 3235">
    <p class='ocr_par' dir='ltr' id='par_1_46' title="bbox 523 3163 2083 3235">
     <span class='ocr_line' id='line_1_46' title="bbox 523 3163 2083 3235; baseline 0 -18"><span class='ocrx_word' id='word_1_316' title='bbox 523 3165 897 3235; x_wconf 87' lang='lat' dir='ltr'><strong>Adriauopolis</strong></span> <span class='ocrx_word' id='word_1_317' title='bbox 927 3166 997 3219; x_wconf 92' lang='lat' dir='ltr'><strong>oh</strong></span> <span class='ocrx_word' id='word_1_318' title='bbox 1027 3164 1338 3235; x_wconf 83' lang='lat' dir='ltr'><strong>Eutropinm</strong></span> <span class='ocrx_word' id='word_1_319' title='bbox 1390 3163 1594 3218; x_wconf 85' lang='lat' dir='ltr'><strong>Christi</strong></span> <span class='ocrx_word' id='word_1_320' title='bbox 1632 3164 2083 3229; x_wconf 87' lang='lat' dir='ltr'><strong>amantissimum,</strong></span> 
     </span>
    </p>
   </div>
   <div class='ocr_carea' id='block_1_47' title="bbox 524 3256 2085 3324">
    <p class='ocr_par' dir='ltr' id='par_1_47' title="bbox 524 3256 2085 3324">
     <span class='ocr_line' id='line_1_47' title="bbox 524 3256 2085 3324; baseline 0.002 -15"><span class='ocrx_word' id='word_1_321' title='bbox 524 3271 586 3310; x_wconf 89' lang='lat' dir='ltr'><strong>ac</strong></span> <span class='ocrx_word' id='word_1_322' title='bbox 618 3258 810 3311; x_wconf 88' lang='lat' dir='ltr'><strong>deinde</strong></span> <span class='ocrx_word' id='word_1_323' title='bbox 856 3259 925 3311; x_wconf 91' lang='lat' dir='ltr'><strong>ob</strong></span> <span class='ocrx_word' id='word_1_324' title='bbox 970 3257 1217 3320; x_wconf 87' lang='lat' dir='ltr'><strong>Lucium,</strong></span> <span class='ocrx_word' id='word_1_325' title='bbox 1267 3256 1359 3324; x_wconf 91' lang='lat' dir='ltr'><strong>qui</strong></span> <span class='ocrx_word' id='word_1_326' title='bbox 1392 3256 1626 3323; x_wconf 90' lang='lat' dir='ltr'><strong>ipsorum</strong></span> <span class='ocrx_word' id='word_1_327' title='bbox 1661 3270 1824 3324; x_wconf 81' lang='lat' dir='ltr'><strong>opera</strong></span> <span class='ocrx_word' id='word_1_328' title='bbox 1869 3264 2085 3312; x_wconf 86' lang='lat' dir='ltr'><strong>catenas</strong></span> 
     </span>
    </p>
   </div>
   <div class='ocr_carea' id='block_1_48' title="bbox 524 3344 2084 3416">
    <p class='ocr_par' dir='ltr' id='par_1_48' title="bbox 524 3344 2084 3416">
     <span class='ocr_line' id='line_1_48' title="bbox 524 3344 2084 3416; baseline -0.001 -16"><span class='ocrx_word' id='word_1_329' title='bbox 524 3361 665 3415; x_wconf 58' lang='lat' dir='ltr'><strong>sape</strong></span> <span class='ocrx_word' id='word_1_330' title='bbox 710 3349 933 3416; x_wconf 75' lang='lat' dir='ltr'><strong>gestavit</strong></span> <span class='ocrx_word' id='word_1_331' title='bbox 985 3358 1038 3399; x_wconf 87' lang='lat' dir='ltr'><strong>et</strong></span> <span class='ocrx_word' id='word_1_332' title='bbox 1095 3348 1173 3400; x_wconf 92' lang='lat' dir='ltr'><strong>sic</strong></span> <span class='ocrx_word' id='word_1_333' title='bbox 1223 3346 1427 3399; x_wconf 89' lang='lat' dir='ltr'><strong>interiit</strong></span> <span class='ocrx_word' id='word_1_334' title='bbox 1458 3364 1470 3398; x_wconf 92' lang='lat'>:</span> <span class='ocrx_word' id='word_1_335' title='bbox 1498 3344 1657 3414; x_wconf 77' lang='lat'><strong>255</strong></span> <span class='ocrx_word' id='word_1_336' title='bbox 1708 3345 1833 3398; x_wconf 89' lang='lat' dir='ltr'><strong>item</strong></span> <span class='ocrx_word' id='word_1_337' title='bbox 1873 3348 2084 3416; x_wconf 78' lang='lat' dir='ltr'><strong>Ancyra</strong></span> 
     </span>
    </p>
   </div>
   <div class='ocr_carea' id='block_1_49' title="bbox 525 3435 2088 3507">
    <p class='ocr_par' dir='ltr' id='par_1_49' title="bbox 525 3435 2088 3507">
     <span class='ocr_line' id='line_1_49' title="bbox 525 3435 2088 3507; baseline 0 -16"><span class='ocrx_word' id='word_1_338' title='bbox 525 3449 740 3507; x_wconf 84' lang='lat' dir='ltr'><strong>propter</strong></span> <span class='ocrx_word' id='word_1_339' title='bbox 764 3438 1071 3492; x_wconf 81' lang='lat' dir='ltr'><strong>Marcellum</strong></span> <span class='ocrx_word' id='word_1_340' title='bbox 1101 3456 1114 3492; x_wconf 89' lang='lat'><strong>:</strong></span> <span class='ocrx_word' id='word_1_341' title='bbox 1143 3439 1329 3493; x_wconf 65' lang='lat' dir='ltr'><strong>Berma</strong></span> <span class='ocrx_word' id='word_1_342' title='bbox 1351 3436 1419 3491; x_wconf 91' lang='lat' dir='ltr'><strong>ob</strong></span> <span class='ocrx_word' id='word_1_343' title='bbox 1448 3436 1682 3507; x_wconf 87' lang='lat' dir='ltr'><strong>Cyrum:</strong></span> <span class='ocrx_word' id='word_1_344' title='bbox 1702 3435 1845 3490; x_wconf 87' lang='lat' dir='ltr'><strong>Gaza</strong></span> <span class='ocrx_word' id='word_1_345' title='bbox 1872 3445 2088 3507; x_wconf 88' lang='lat' dir='ltr'><strong>propter</strong></span> 
     </span>
    </p>
   </div>
   <div class='ocr_carea' id='block_1_50' title="bbox 525 3516 2087 3598">
    <p class='ocr_par' dir='ltr' id='par_1_50' title="bbox 525 3516 2087 3598">
     <span class='ocr_line' id='line_1_50' title="bbox 525 3516 2087 3598; baseline 0 -16"><span class='ocrx_word' id='word_1_346' title='bbox 525 3516 828 3598; x_wconf 65' lang='lat' dir='ltr'><strong>As&#39;clepam.</strong></span> <span class='ocrx_word' id='word_1_347' title='bbox 877 3530 941 3583; x_wconf 87' lang='lat' dir='ltr'><strong>Et</strong></span> <span class='ocrx_word' id='word_1_348' title='bbox 972 3533 1068 3584; x_wconf 89' lang='lat' dir='ltr'><strong>hos</strong></span> <span class='ocrx_word' id='word_1_349' title='bbox 1106 3530 1345 3598; x_wconf 83' lang='lat' dir='ltr'><strong>quidem,</strong></span> <span class='ocrx_word' id='word_1_350' title='bbox 1384 3529 1630 3583; x_wconf 89' lang='lat' dir='ltr'><strong>homines</strong></span> <span class='ocrx_word' id='word_1_351' title='bbox 1669 3528 1741 3582; x_wconf 89' lang='lat' dir='ltr'><strong>illi</strong></span> <span class='ocrx_word' id='word_1_352' title='bbox 1781 3543 1913 3582; x_wconf 90' lang='lat' dir='ltr'><strong>sane</strong></span> <span class='ocrx_word' id='word_1_353' title='bbox 1948 3528 2087 3582; x_wconf 79' lang='lat' dir='ltr'><strong>frau-</strong></span> 
     </span>
    </p>
   </div>
   <div class='ocr_carea' id='block_1_51' title="bbox 525 3620 2087 3691">
    <p class='ocr_par' dir='ltr' id='par_1_51' title="bbox 525 3620 2087 3691">
     <span class='ocr_line' id='line_1_51' title="bbox 525 3620 2087 3691; baseline -0.001 -15"><span class='ocrx_word' id='word_1_354' title='bbox 525 3620 753 3684; x_wconf 86' lang='lat' dir='ltr'><strong>dulenti,</strong></span> <span class='ocrx_word' id='word_1_355' title='bbox 788 3622 1132 3675; x_wconf 77' lang='lat' dir='ltr'><strong>contumeliis</strong></span> <span class='ocrx_word' id='word_1_356' title='bbox 1164 3622 1315 3691; x_wconf 90' lang='lat' dir='ltr'><strong>prius</strong></span> <span class='ocrx_word' id='word_1_357' title='bbox 1345 3620 1573 3675; x_wconf 63' lang='lat' dir='ltr'><strong>aﬂ‘ectos</strong></span> <span class='ocrx_word' id='word_1_358' title='bbox 1617 3620 1667 3672; x_wconf 90' lang='lat' dir='ltr'><strong>in</strong></span> <span class='ocrx_word' id='word_1_359' title='bbox 1694 3620 1940 3674; x_wconf 82' lang='lat' dir='ltr'><strong>exsilium</strong></span> <span class='ocrx_word' id='word_1_360' title='bbox 1970 3620 2087 3675; x_wconf 87' lang='lat' dir='ltr'><strong>tuit-</strong></span> 
     </span>
    </p>
   </div>
   <div class='ocr_carea' id='block_1_52' title="bbox 525 3712 2082 3783">
    <p class='ocr_par' dir='ltr' id='par_1_52' title="bbox 525 3712 2082 3783">
     <span class='ocr_line' id='line_1_52' title="bbox 525 3712 2082 3783; baseline 0.003 -20"><span class='ocrx_word' id='word_1_361' title='bbox 525 3714 714 3766; x_wconf 89' lang='lat' dir='ltr'><strong>tendos</strong></span> <span class='ocrx_word' id='word_1_362' title='bbox 742 3722 999 3767; x_wconf 87' lang='lat' dir='ltr'><strong>curarunt</strong></span> <span class='ocrx_word' id='word_1_363' title='bbox 1030 3731 1041 3764; x_wconf 93' lang='lat'><strong>:</strong></span> <span class='ocrx_word' id='word_1_364' title='bbox 1070 3712 1403 3766; x_wconf 89' lang='lat' dir='ltr'><strong>Theodulum</strong></span> <span class='ocrx_word' id='word_1_365' title='bbox 1437 3726 1563 3766; x_wconf 84' lang='lat' dir='ltr'><strong>vero</strong></span> <span class='ocrx_word' id='word_1_366' title='bbox 1605 3720 1658 3766; x_wconf 90' lang='lat' dir='ltr'><strong>et</strong></span> <span class='ocrx_word' id='word_1_367' title='bbox 1686 3712 1986 3783; x_wconf 89' lang='lat' dir='ltr'><strong>Olympium</strong></span> <span class='ocrx_word' id='word_1_368' title='bbox 2030 3714 2082 3767; x_wconf 92' lang='lat' dir='ltr'><strong>in</strong></span> 
     </span>
    </p>
   </div>
   <div class='ocr_carea' id='block_1_53' title="bbox 522 3801 2081 3873">
    <p class='ocr_par' dir='ltr' id='par_1_53' title="bbox 522 3801 2081 3873">
     <span class='ocr_line' id='line_1_53' title="bbox 522 3801 2081 3873; baseline 0.003 -19"><span class='ocrx_word' id='word_1_369' title='bbox 522 3801 755 3856; x_wconf 86' lang='lat' dir='ltr'><strong>Thracia</strong></span> <span class='ocrx_word' id='word_1_370' title='bbox 794 3802 1099 3870; x_wconf 85' lang='lat' dir='ltr'><strong>episcopos,</strong></span> <span class='ocrx_word' id='word_1_371' title='bbox 1128 3818 1224 3857; x_wconf 91' lang='lat' dir='ltr'><strong>nos</strong></span> <span class='ocrx_word' id='word_1_372' title='bbox 1248 3805 1374 3857; x_wconf 92' lang='lat' dir='ltr'><strong>item</strong></span> <span class='ocrx_word' id='word_1_373' title='bbox 1402 3813 1455 3858; x_wconf 91' lang='lat' dir='ltr'><strong>et</strong></span> <span class='ocrx_word' id='word_1_374' title='bbox 1480 3803 1822 3873; x_wconf 85' lang='lat' dir='ltr'><strong>presbyteros</strong></span> <span class='ocrx_word' id='word_1_375' title='bbox 1850 3816 2081 3870; x_wconf 88' lang='lat' dir='ltr'><strong>nostros,</strong></span> 
     </span>
    </p>
   </div>
   <div class='ocr_carea' id='block_1_54' title="bbox 522 3894 2084 3962">
    <p class='ocr_par' dir='ltr' id='par_1_54' title="bbox 522 3894 2084 3962">
     <span class='ocr_line' id='line_1_54' title="bbox 522 3894 2084 3962; baseline 0.004 -17"><span class='ocrx_word' id='word_1_376' title='bbox 522 3894 759 3960; x_wconf 88' lang='lat' dir='ltr'><strong>undique</strong></span> <span class='ocrx_word' id='word_1_377' title='bbox 796 3894 1184 3961; x_wconf 86' lang='lat' dir='ltr'><strong>perquirendos</strong></span> <span class='ocrx_word' id='word_1_378' title='bbox 1216 3894 1517 3962; x_wconf 89' lang='lat' dir='ltr'><strong>jusserunt,</strong></span> <span class='ocrx_word' id='word_1_379' title='bbox 1563 3908 1627 3948; x_wconf 90' lang='lat' dir='ltr'><strong>eo</strong></span> <span class='ocrx_word' id='word_1_380' title='bbox 1656 3895 1863 3950; x_wconf 88' lang='lat' dir='ltr'><strong>scilicet</strong></span> <span class='ocrx_word' id='word_1_381' title='bbox 1904 3897 2084 3951; x_wconf 89' lang='lat' dir='ltr'><strong>animo</strong></span> 
     </span>
    </p>
   </div>
   <div class='ocr_carea' id='block_1_55' title="bbox 523 3983 2084 4056">
    <p class='ocr_par' dir='ltr' id='par_1_55' title="bbox 523 3983 2084 4056">
     <span class='ocr_line' id='line_1_55' title="bbox 523 3983 2084 4056; baseline 0.004 -19"><span class='ocrx_word' id='word_1_382' title='bbox 523 3994 581 4037; x_wconf 87' lang='lat' dir='ltr'><strong>ut</strong></span> <span class='ocrx_word' id='word_1_383' title='bbox 614 3983 974 4052; x_wconf 87' lang='lat' dir='ltr'><strong>deprehensos</strong></span> <span class='ocrx_word' id='word_1_384' title='bbox 1013 3986 1186 4053; x_wconf 89' lang='lat' dir='ltr'><strong>capite</strong></span> <span class='ocrx_word' id='word_1_385' title='bbox 1221 3986 1533 4054; x_wconf 89' lang='lat' dir='ltr'><strong>plecterent.</strong></span> <span class='ocrx_word' id='word_1_386' title='bbox 1582 3987 1755 4056; x_wconf 86' lang='lat' dir='ltr'><strong>Atque</strong></span> <span class='ocrx_word' id='word_1_387' title='bbox 1800 3987 1920 4043; x_wconf 87' lang='lat' dir='ltr'><strong>talis</strong></span> <span class='ocrx_word' id='word_1_388' title='bbox 1948 3988 2084 4043; x_wconf 80' lang='lat' dir='ltr'><strong>forte</strong></span> 
     </span>
    </p>
   </div>
   <div class='ocr_carea' id='block_1_56' title="bbox 521 4074 2083 4149">
    <p class='ocr_par' dir='ltr' id='par_1_56' title="bbox 521 4074 2083 4149">
     <span class='ocr_line' id='line_1_56' title="bbox 521 4074 2083 4149; baseline 0.005 -21"><span class='ocrx_word' id='word_1_389' title='bbox 521 4074 679 4128; x_wconf 82' lang='lat' dir='ltr'><strong>nobis</strong></span> <span class='ocrx_word' id='word_1_390' title='bbox 725 4076 846 4129; x_wconf 62' lang='lat' dir='ltr'><strong>vita:</strong></span> <span class='ocrx_word' id='word_1_391' title='bbox 890 4076 1065 4129; x_wconf 79' lang='lat' dir='ltr'><strong>exitus</strong></span> <span class='ocrx_word' id='word_1_392' title='bbox 1115 4076 1325 4140; x_wconf 82' lang='lat' dir='ltr'><strong>fuisset,</strong></span> <span class='ocrx_word' id='word_1_393' title='bbox 1360 4078 1457 4132; x_wconf 88' lang='lat' dir='ltr'><strong>nisi</strong></span> <span class='ocrx_word' id='word_1_394' title='bbox 1508 4089 1705 4149; x_wconf 64' lang='lat' dir='ltr'><strong>praeter</strong></span> <span class='ocrx_word' id='word_1_395' title='bbox 1744 4095 1930 4135; x_wconf 91' lang='lat' dir='ltr'><strong>eorum</strong></span> <span class='ocrx_word' id='word_1_396' title='bbox 1960 4096 2083 4136; x_wconf 85' lang='lat' dir='ltr'><strong>seu-</strong></span> 
     </span>
    </p>
   </div>
   <div class='ocr_carea' id='block_1_57' title="bbox 522 4168 2082 4237">
    <p class='ocr_par' dir='ltr' id='par_1_57' title="bbox 522 4168 2082 4237">
     <span class='ocr_line' id='line_1_57' title="bbox 522 4168 2082 4237; baseline 0.004 -15"><span class='ocrx_word' id='word_1_397' title='bbox 522 4168 741 4222; x_wconf 84' lang='lat' dir='ltr'><strong>tentiam</strong></span> <span class='ocrx_word' id='word_1_398' title='bbox 770 4178 894 4222; x_wconf 91' lang='lat' dir='ltr'><strong>tunc</strong></span> <span class='ocrx_word' id='word_1_399' title='bbox 922 4169 1339 4237; x_wconf 80' lang='lat' dir='ltr'><strong>aufugissemns.</strong></span> <span class='ocrx_word' id='word_1_400' title='bbox 1371 4171 1422 4224; x_wconf 94' lang='lat' dir='ltr'><strong>Id</strong></span> <span class='ocrx_word' id='word_1_401' title='bbox 1451 4173 1592 4224; x_wconf 91' lang='lat' dir='ltr'><strong>enim</strong></span> <span class='ocrx_word' id='word_1_402' title='bbox 1619 4172 1862 4227; x_wconf 81' lang='lat' dir='ltr'><strong>ferebant</strong></span> <span class='ocrx_word' id='word_1_403' title='bbox 1891 4173 2082 4229; x_wconf 66' lang='lat' dir='ltr'><strong>litterae</strong></span> 
     </span>
    </p>
   </div>
   <div class='ocr_carea' id='block_1_58' title="bbox 518 4260 2081 4331">
    <p class='ocr_par' dir='ltr' id='par_1_58' title="bbox 518 4260 2081 4331">
     <span class='ocr_line' id='line_1_58' title="bbox 518 4260 2081 4331; baseline 0.004 -18"><span class='ocrx_word' id='word_1_404' title='bbox 518 4260 777 4314; x_wconf 86' lang='lat' dir='ltr'><strong>adversus</strong></span> <span class='ocrx_word' id='word_1_405' title='bbox 804 4260 1104 4330; x_wconf 87' lang='lat' dir='ltr'><strong>Olympium</strong></span> <span class='ocrx_word' id='word_1_406' title='bbox 1149 4261 1215 4313; x_wconf 89' lang='lat' dir='ltr'><strong>ad</strong></span> <span class='ocrx_word' id='word_1_407' title='bbox 1263 4263 1637 4331; x_wconf 89' lang='lat' dir='ltr'><strong>proconsulem</strong></span> <span class='ocrx_word' id='word_1_408' title='bbox 1673 4264 1961 4329; x_wconf 86' lang='lat' dir='ltr'><strong>Donatum,</strong></span> <span class='ocrx_word' id='word_1_409' title='bbox 1992 4265 2081 4320; x_wconf 89' lang='lat' dir='ltr'><strong>lit-</strong></span> 
     </span>
    </p>
   </div>
   <div class='ocr_carea' id='block_1_59' title="bbox 519 4351 2082 4423">
    <p class='ocr_par' dir='ltr' id='par_1_59' title="bbox 519 4351 2082 4423">
     <span class='ocr_line' id='line_1_59' title="bbox 519 4351 2082 4423; baseline 0.004 -19"><span class='ocrx_word' id='word_1_410' title='bbox 519 4361 647 4406; x_wconf 66' lang='lat' dir='ltr'><strong>terte</strong></span> <span class='ocrx_word' id='word_1_411' title='bbox 675 4351 801 4405; x_wconf 91' lang='lat' dir='ltr'><strong>item</strong></span> <span class='ocrx_word' id='word_1_412' title='bbox 832 4352 1116 4406; x_wconf 84' lang='lat' dir='ltr'><strong>adversum</strong></span> <span class='ocrx_word' id='word_1_413' title='bbox 1146 4367 1231 4406; x_wconf 87' lang='lat' dir='ltr'><strong>me</strong></span> <span class='ocrx_word' id='word_1_414' title='bbox 1260 4353 1328 4407; x_wconf 87' lang='lat' dir='ltr'><strong>ad</strong></span> <span class='ocrx_word' id='word_1_415' title='bbox 1355 4353 1685 4423; x_wconf 84' lang='lat' dir='ltr'><strong>Philagrium</strong></span> <span class='ocrx_word' id='word_1_416' title='bbox 1718 4355 1872 4409; x_wconf 64' lang='lat' dir='ltr'><strong>datae.</strong></span> <span class='ocrx_word' id='word_1_417' title='bbox 1902 4354 2082 4410; x_wconf 85' lang='lat' dir='ltr'><strong>Enim-</strong></span> 
     </span>
    </p>
   </div>
   <div class='ocr_carea' id='block_1_60' title="bbox 516 4440 2075 4514">
    <p class='ocr_par' dir='ltr' id='par_1_60' title="bbox 516 4440 2075 4514">
     <span class='ocr_line' id='line_1_60' title="bbox 516 4440 2075 4514; baseline 0.004 -21"><span class='ocrx_word' id='word_1_418' title='bbox 516 4455 644 4496; x_wconf 88' lang='lat' dir='ltr'><strong>vero</strong></span> <span class='ocrx_word' id='word_1_419' title='bbox 671 4440 897 4496; x_wconf 90' lang='lat' dir='ltr'><strong>Paulum</strong></span> <span class='ocrx_word' id='word_1_420' title='bbox 924 4441 1419 4513; x_wconf 89' lang='lat' dir='ltr'><strong>Constantinopolis</strong></span> <span class='ocrx_word' id='word_1_421' title='bbox 1442 4445 1759 4513; x_wconf 75' lang='lat' dir='ltr'><strong>episcOpum</strong></span> <span class='ocrx_word' id='word_1_422' title='bbox 1785 4447 2075 4514; x_wconf 87' lang='lat' dir='ltr'><strong>persecuti,</strong></span> 
     </span>
    </p>
   </div>
   <div class='ocr_carea' id='block_1_61' title="bbox 2197 1969 3757 2047">
    <p class='ocr_par' dir='ltr' id='par_1_61' title="bbox 2197 1969 3757 2047">
     <span class='ocr_line' id='line_1_61' title="bbox 2197 1969 3757 2047; baseline 0.008 -27"><span class='ocrx_word' id='word_1_423' title='bbox 2197 1969 2400 2039; x_wconf 85' lang='grc' dir='ltr'>ρόντες,</span> <span class='ocrx_word' id='word_1_424' title='bbox 2434 1969 2534 2039; x_wconf 81' lang='grc' dir='ltr'><strong>οὐχ</strong></span> <span class='ocrx_word' id='word_1_425' title='bbox 2558 1969 2729 2033; x_wconf 72' lang='grc' dir='ltr'>οὕτως</span> <span class='ocrx_word' id='word_1_426' title='bbox 2750 1970 3023 2040; x_wconf 81' lang='grc' dir='ltr'>διέθηκαν,</span> <span class='ocrx_word' id='word_1_427' title='bbox 3052 1971 3125 2036; x_wconf 87' lang='grc' dir='ltr'>ὡς</span> <span class='ocrx_word' id='word_1_428' title='bbox 3155 1972 3190 2043; x_wconf 80' lang='grc' dir='ltr'><strong>ἢ</strong></span> <span class='ocrx_word' id='word_1_429' title='bbox 3218 1974 3541 2046; x_wconf 76' lang='grc' dir='ltr'>τελευτῆσαι</span> <span class='ocrx_word' id='word_1_430' title='bbox 3573 1980 3757 2047; x_wconf 79' lang='grc' dir='ltr'>κακῶς,</span> 
     </span>
    </p>
   </div>
   <div class='ocr_carea' id='block_1_62' title="bbox 2194 2060 3762 2137">
    <p class='ocr_par' dir='ltr' id='par_1_62' title="bbox 2194 2060 3762 2137">
     <span class='ocr_line' id='line_1_62' title="bbox 2194 2060 3762 2137; baseline 0.008 -26"><span class='ocrx_word' id='word_1_431' title='bbox 2194 2060 2227 2129; x_wconf 83' lang='grc' dir='ltr'>ἢ</span> <span class='ocrx_word' id='word_1_432' title='bbox 2261 2060 2569 2132; x_wconf 83' lang='grc' dir='ltr'>λωϐηθῆναι</span> <span class='ocrx_word' id='word_1_433' title='bbox 2600 2062 2961 2133; x_wconf 83' lang='grc' dir='ltr'>πανταχόθεν;</span> <span class='ocrx_word' id='word_1_434' title='bbox 3000 2066 3065 2117; x_wconf 81' lang='grc' dir='ltr'><strong>’Δ</strong></span> <span class='ocrx_word' id='word_1_435' title='bbox 3085 2064 3195 2137; x_wconf 88' lang='grc' dir='ltr'>γὰρ</span> <span class='ocrx_word' id='word_1_436' title='bbox 3214 2067 3264 2119; x_wconf 74' lang='lat' dir='ltr'><strong>oi</strong></span> <span class='ocrx_word' id='word_1_437' title='bbox 3291 2067 3549 2123; x_wconf 77' lang='grc' dir='ltr'>δικασταὶ</span> <span class='ocrx_word' id='word_1_438' title='bbox 3564 2070 3762 2124; x_wconf 82' lang='grc' dir='ltr'>δοκοῦσι</span> 
     </span>
    </p>
   </div>
   <div class='ocr_carea' id='block_1_63' title="bbox 2196 2152 3764 2232">
    <p class='ocr_par' dir='ltr' id='par_1_63' title="bbox 2196 2152 3764 2232">
     <span class='ocr_line' id='line_1_63' title="bbox 2196 2152 3764 2232; baseline 0.008 -29"><span class='ocrx_word' id='word_1_439' title='bbox 2196 2152 2387 2216; x_wconf 82' lang='grc' dir='ltr'>ποιεῖν,</span> <span class='ocrx_word' id='word_1_440' title='bbox 2424 2153 2577 2207; x_wconf 76' lang='grc' dir='ltr'>ταῦτ’</span> <span class='ocrx_word' id='word_1_441' title='bbox 2624 2155 2847 2208; x_wconf 76' lang='grc' dir='ltr'>ἐκείνων</span> <span class='ocrx_word' id='word_1_442' title='bbox 2903 2155 3012 2225; x_wconf 79' lang='grc'>(55)</span> <span class='ocrx_word' id='word_1_443' title='bbox 3066 2158 3214 2212; x_wconf 80' lang='grc' dir='ltr'>ἐστὶν</span> <span class='ocrx_word' id='word_1_444' title='bbox 3268 2160 3643 2232; x_wconf 88' lang='grc' dir='ltr'>ἐνεργήματα,</span> <span class='ocrx_word' id='word_1_445' title='bbox 3683 2164 3764 2216; x_wconf 75' lang='grc' dir='ltr'><strong>καὶ</strong></span> 
     </span>
    </p>
   </div>
   <div class='ocr_carea' id='block_1_64' title="bbox 2196 2237 3764 2326">
    <p class='ocr_par' dir='ltr' id='par_1_64' title="bbox 2196 2237 3764 2326">
     <span class='ocr_line' id='line_1_64' title="bbox 2196 2237 3764 2326; baseline 0.008 -30"><span class='ocrx_word' id='word_1_446' title='bbox 2196 2244 2393 2314; x_wconf 79' lang='grc' dir='ltr'>μᾶλλον</span> <span class='ocrx_word' id='word_1_447' title='bbox 2419 2237 2563 2299; x_wconf 77' lang='grc' dir='ltr'>οὗτοι</span> <span class='ocrx_word' id='word_1_448' title='bbox 2594 2246 2691 2318; x_wconf 85' lang='grc' dir='ltr'>τῆς</span> <span class='ocrx_word' id='word_1_449' title='bbox 2717 2246 2937 2300; x_wconf 81' lang='grc' dir='ltr'>ἐκείνων</span> <span class='ocrx_word' id='word_1_450' title='bbox 2966 2251 3338 2321; x_wconf 88' lang='grc' dir='ltr'>προαιρέσεως</span> <span class='ocrx_word' id='word_1_451' title='bbox 3374 2253 3471 2306; x_wconf 74' lang='grc' dir='ltr'><strong>καὶ</strong></span> <span class='ocrx_word' id='word_1_452' title='bbox 3515 2256 3764 2326; x_wconf 77' lang='grc' dir='ltr'>πονηρίας</span> 
     </span>
    </p>
   </div>
   <div class='ocr_carea' id='block_1_65' title="bbox 2193 2337 3764 2419">
    <p class='ocr_par' dir='ltr' id='par_1_65' title="bbox 2193 2337 3764 2419">
     <span class='ocr_line' id='line_1_65' title="bbox 2193 2337 3764 2419; baseline 0.008 -31"><span class='ocrx_word' id='word_1_453' title='bbox 2193 2337 2330 2390; x_wconf 76' lang='grc' dir='ltr'>εἰσὶν</span> <span class='ocrx_word' id='word_1_454' title='bbox 2351 2337 2641 2408; x_wconf 79' lang='grc' dir='ltr'>ὑπηρέται.</span> <span class='ocrx_word' id='word_1_455' title='bbox 2668 2339 2824 2401; x_wconf 79' lang='grc' dir='ltr'>Ποϊος</span> <span class='ocrx_word' id='word_1_456' title='bbox 2852 2339 3028 2393; x_wconf 79' lang='grc' dir='ltr'>τοίνυν</span> <span class='ocrx_word' id='word_1_457' title='bbox 3059 2341 3222 2407; x_wconf 85' lang='grc' dir='ltr'>τόπος</span> <span class='ocrx_word' id='word_1_458' title='bbox 3250 2345 3348 2397; x_wconf 87' lang='grc' dir='ltr'><strong>οὐκ</strong></span> <span class='ocrx_word' id='word_1_459' title='bbox 3385 2344 3500 2416; x_wconf 76' lang='grc' dir='ltr'>ἔχει</span> <span class='ocrx_word' id='word_1_460' title='bbox 3545 2339 3643 2419; x_wconf 63' lang='grc' dir='ltr'>τῆς</span> <span class='ocrx_word' id='word_1_461' title='bbox 3680 2365 3764 2401; x_wconf 87' lang='grc' dir='ltr'>κα-</span> 
     </span>
    </p>
   </div>
   <div class='ocr_carea' id='block_1_66' title="bbox 2193 2428 3764 2507">
    <p class='ocr_par' dir='ltr' id='par_1_66' title="bbox 2193 2428 3764 2507">
     <span class='ocr_line' id='line_1_66' title="bbox 2193 2428 3764 2507; baseline 0.007 -26"><span class='ocrx_word' id='word_1_462' title='bbox 2193 2429 2316 2492; x_wconf 90' lang='grc' dir='ltr'>κίας</span> <span class='ocrx_word' id='word_1_463' title='bbox 2336 2428 2513 2483; x_wconf 79' lang='grc' dir='ltr'>αὐτῶν</span> <span class='ocrx_word' id='word_1_464' title='bbox 2541 2430 2836 2501; x_wconf 82' lang='grc' dir='ltr'>ὑπόμνημα</span> <span class='ocrx_word' id='word_1_465' title='bbox 2864 2430 2974 2503; x_wconf 76' lang='grc'>(54)</span> <span class='ocrx_word' id='word_1_466' title='bbox 2999 2448 3013 2498; x_wconf 89' lang='grc'>;</span> <span class='ocrx_word' id='word_1_467' title='bbox 3052 2434 3173 2487; x_wconf 85' lang='grc' dir='ltr'>τίνα</span> <span class='ocrx_word' id='word_1_468' title='bbox 3203 2437 3509 2507; x_wconf 76' lang='grc' dir='ltr'>φρονοῦντα</span> <span class='ocrx_word' id='word_1_469' title='bbox 3534 2442 3653 2492; x_wconf 84' lang='grc' dir='ltr'>κατ’</span> <span class='ocrx_word' id='word_1_470' title='bbox 3678 2441 3764 2492; x_wconf 81' lang='grc' dir='ltr'><strong>αὺ-</strong></span> 
     </span>
    </p>
   </div>
   <div class='ocr_carea' id='block_1_67' title="bbox 2191 2518 3764 2599">
    <p class='ocr_par' dir='ltr' id='par_1_67' title="bbox 2191 2518 3764 2599">
     <span class='ocr_line' id='line_1_67' title="bbox 2191 2518 3764 2599; baseline 0.008 -27"><span class='ocrx_word' id='word_1_471' title='bbox 2191 2518 2298 2574; x_wconf 86' lang='grc' dir='ltr'>τῶν</span> <span class='ocrx_word' id='word_1_472' title='bbox 2328 2522 2389 2573; x_wconf 83' lang='grc' dir='ltr'><strong>ού</strong></span> <span class='ocrx_word' id='word_1_473' title='bbox 2419 2522 2901 2587; x_wconf 85' lang='grc' dir='ltr'>συνεσκευάσαντο,</span> <span class='ocrx_word' id='word_1_474' title='bbox 2934 2522 3269 2596; x_wconf 82' lang='grc' dir='ltr'>πλασάμενοι</span> <span class='ocrx_word' id='word_1_475' title='bbox 3298 2530 3601 2599; x_wconf 74' lang='grc' dir='ltr'>προφάσεις</span> <span class='ocrx_word' id='word_1_476' title='bbox 3633 2532 3764 2585; x_wconf 73' lang='grc' dir='ltr'>κατὰ</span> 
     </span>
    </p>
   </div>
   <div class='ocr_carea' id='block_1_68' title="bbox 2190 2611 3760 2692">
    <p class='ocr_par' dir='ltr' id='par_1_68' title="bbox 2190 2611 3760 2692">
     <span class='ocr_line' id='line_1_68' title="bbox 2190 2611 3760 2692; baseline 0.008 -28"><span class='ocrx_word' id='word_1_477' title='bbox 2190 2611 2288 2683; x_wconf 84' lang='grc' dir='ltr'><strong>τὴν</strong></span> <span class='ocrx_word' id='word_1_478' title='bbox 2334 2612 2596 2679; x_wconf 76' lang='grc' dir='ltr'>Ἰεζάϐελ;</span> <span class='ocrx_word' id='word_1_479' title='bbox 2624 2615 2762 2669; x_wconf 87' lang='grc' dir='ltr'>Ποία</span> <span class='ocrx_word' id='word_1_480' title='bbox 2810 2616 3102 2687; x_wconf 82' lang='grc' dir='ltr'>Ἐκκλησία</span> <span class='ocrx_word' id='word_1_481' title='bbox 3126 2617 3222 2675; x_wconf 79' lang='grc' dir='ltr'>νῦν</span> <span class='ocrx_word' id='word_1_482' title='bbox 3255 2620 3315 2672; x_wconf 82' lang='grc' dir='ltr'><strong>ού</strong></span> <span class='ocrx_word' id='word_1_483' title='bbox 3348 2619 3542 2692; x_wconf 78' lang='grc' dir='ltr'>θρηνεῖ</span> <span class='ocrx_word' id='word_1_484' title='bbox 3565 2623 3646 2677; x_wconf 82' lang='grc' dir='ltr'>διὰ</span> <span class='ocrx_word' id='word_1_485' title='bbox 3671 2624 3760 2687; x_wconf 75' lang='grc' dir='ltr'>τὰς</span> 
     </span>
    </p>
   </div>
   <div class='ocr_carea' id='block_1_69' title="bbox 2191 2703 3762 2779">
    <p class='ocr_par' dir='ltr' id='par_1_69' title="bbox 2191 2703 3762 2779">
     <span class='ocr_line' id='line_1_69' title="bbox 2191 2703 3762 2779; baseline 0.007 -24"><span class='ocrx_word' id='word_1_486' title='bbox 2191 2703 2413 2757; x_wconf 86' lang='grc' dir='ltr'>ἐκείνων</span> <span class='ocrx_word' id='word_1_487' title='bbox 2440 2704 2580 2758; x_wconf 87' lang='grc' dir='ltr'>κατὰ</span> <span class='ocrx_word' id='word_1_488' title='bbox 2597 2706 2704 2760; x_wconf 83' lang='grc' dir='ltr'><strong>τῶν</strong></span> <span class='ocrx_word' id='word_1_489' title='bbox 2736 2707 2913 2763; x_wconf 83' lang='grc' dir='ltr'>αὐτῶν</span> <span class='ocrx_word' id='word_1_490' title='bbox 2941 2709 3255 2763; x_wconf 87' lang='grc' dir='ltr'>ἐπισκόπων</span> <span class='ocrx_word' id='word_1_491' title='bbox 3284 2712 3612 2779; x_wconf 84' lang='grc' dir='ltr'>ὲπιϐουλάς;</span> <span class='ocrx_word' id='word_1_492' title='bbox 3652 2716 3762 2766; x_wconf 78' lang='grc' dir='ltr'><strong>Ἀνο</strong></span> 
     </span>
    </p>
   </div>
   <div class='ocr_carea' id='block_1_70' title="bbox 2189 2792 3767 2876">
    <p class='ocr_par' dir='ltr' id='par_1_70' title="bbox 2189 2792 3767 2876">
     <span class='ocr_line' id='line_1_70' title="bbox 2189 2792 3767 2876; baseline 0.01 -33"><span class='ocrx_word' id='word_1_493' title='bbox 2189 2792 2396 2861; x_wconf 87' lang='grc' dir='ltr'>τιόχεια</span> <span class='ocrx_word' id='word_1_494' title='bbox 2426 2793 2523 2865; x_wconf 85' lang='grc' dir='ltr'><strong>μὲν</strong></span> <span class='ocrx_word' id='word_1_495' title='bbox 2553 2793 2621 2846; x_wconf 74' lang='grc' dir='ltr'>δι’</span> <span class='ocrx_word' id='word_1_496' title='bbox 2653 2795 2950 2852; x_wconf 81' lang='grc' dir='ltr'>Εὐστάθιον</span> <span class='ocrx_word' id='word_1_497' title='bbox 2990 2797 3081 2851; x_wconf 79' lang='grc' dir='ltr'>τὸν</span> <span class='ocrx_word' id='word_1_498' title='bbox 3110 2800 3450 2873; x_wconf 84' lang='grc' dir='ltr'>ὁμολογητὴν</span> <span class='ocrx_word' id='word_1_499' title='bbox 3496 2804 3592 2857; x_wconf 75' lang='grc' dir='ltr'>καὶ</span> <span class='ocrx_word' id='word_1_500' title='bbox 3626 2804 3767 2876; x_wconf 84' lang='grc' dir='ltr'>ὀρθό-</span> 
     </span>
    </p>
   </div>
   <div class='ocr_carea' id='block_1_71' title="bbox 2189 2881 3760 2963">
    <p class='ocr_par' dir='ltr' id='par_1_71' title="bbox 2189 2881 3760 2963">
     <span class='ocr_line' id='line_1_71' title="bbox 2189 2881 3760 2963; baseline 0.008 -29"><span class='ocrx_word' id='word_1_501' title='bbox 2189 2881 2337 2946; x_wconf 78' lang='grc' dir='ltr'>δοξον</span> <span class='ocrx_word' id='word_1_502' title='bbox 2358 2900 2370 2912; x_wconf 72' lang='grc'><strong><em>⁸</em></strong></span> <span class='ocrx_word' id='word_1_503' title='bbox 2403 2883 2667 2937; x_wconf 85' lang='grc' dir='ltr'>Βαλανέαι</span> <span class='ocrx_word' id='word_1_504' title='bbox 2693 2884 2750 2938; x_wconf 83' lang='grc' dir='ltr'><strong>δὲ</strong></span> <span class='ocrx_word' id='word_1_505' title='bbox 2773 2885 2839 2937; x_wconf 85' lang='grc' dir='ltr'>δι’</span> <span class='ocrx_word' id='word_1_506' title='bbox 2868 2888 3224 2959; x_wconf 81' lang='grc' dir='ltr'>Εὐφρατίωνα</span> <span class='ocrx_word' id='word_1_507' title='bbox 3252 2890 3343 2943; x_wconf 86' lang='grc' dir='ltr'><strong>τὸν</strong></span> <span class='ocrx_word' id='word_1_508' title='bbox 3388 2890 3760 2963; x_wconf 85' lang='grc' dir='ltr'>θαυμασιώτα-</span> 
     </span>
    </p>
   </div>
   <div class='ocr_carea' id='block_1_72' title="bbox 2189 2976 3764 3055">
    <p class='ocr_par' dir='ltr' id='par_1_72' title="bbox 2189 2976 3764 3055">
     <span class='ocr_line' id='line_1_72' title="bbox 2189 2976 3764 3055; baseline 0.008 -29"><span class='ocrx_word' id='word_1_509' title='bbox 2189 2990 2311 3027; x_wconf 86' lang='grc' dir='ltr'>τον·</span> <span class='ocrx_word' id='word_1_510' title='bbox 2343 2976 2437 3029; x_wconf 76' lang='grc' dir='ltr'><strong>καὶ</strong></span> <span class='ocrx_word' id='word_1_511' title='bbox 2488 2976 2692 3040; x_wconf 87' lang='grc' dir='ltr'>Πάλτος</span> <span class='ocrx_word' id='word_1_512' title='bbox 2726 2976 2824 3047; x_wconf 86' lang='grc' dir='ltr'><strong>μὲν</strong></span> <span class='ocrx_word' id='word_1_513' title='bbox 2868 2979 2962 3032; x_wconf 75' lang='grc' dir='ltr'>καὶ</span> <span class='ocrx_word' id='word_1_514' title='bbox 3007 2979 3329 3051; x_wconf 85' lang='grc' dir='ltr'>Ἀντάραδος</span> <span class='ocrx_word' id='word_1_515' title='bbox 3358 2982 3446 3035; x_wconf 85' lang='grc' dir='ltr'><strong>διά</strong></span> <span class='ocrx_word' id='word_1_516' title='bbox 3494 2985 3764 3055; x_wconf 85' lang='grc' dir='ltr'>Κυμάτιον</span> 
     </span>
    </p>
   </div>
   <div class='ocr_carea' id='block_1_73' title="bbox 2191 3066 3764 3145">
    <p class='ocr_par' dir='ltr' id='par_1_73' title="bbox 2191 3066 3764 3145">
     <span class='ocr_line' id='line_1_73' title="bbox 2191 3066 3764 3145; baseline 0.007 -26"><span class='ocrx_word' id='word_1_517' title='bbox 2191 3067 2284 3120; x_wconf 70' lang='grc' dir='ltr'>καὶ</span> <span class='ocrx_word' id='word_1_518' title='bbox 2312 3066 2647 3139; x_wconf 83' lang='grc' dir='ltr'>Καρτέριον·</span> <span class='ocrx_word' id='word_1_519' title='bbox 2706 3069 2826 3140; x_wconf 79' lang='grc' dir='ltr'><strong>ἠδὲ</strong></span> <span class='ocrx_word' id='word_1_520' title='bbox 2868 3070 3307 3141; x_wconf 79' lang='grc' dir='ltr'>Ἀδριανούπολις</span> <span class='ocrx_word' id='word_1_521' title='bbox 3364 3073 3431 3127; x_wconf 86' lang='grc' dir='ltr'>δι’</span> <span class='ocrx_word' id='word_1_522' title='bbox 3475 3076 3764 3145; x_wconf 85' lang='grc' dir='ltr'>Εὑτρόπιον</span> 
     </span>
    </p>
   </div>
   <div class='ocr_carea' id='block_1_74' title="bbox 2189 3158 3764 3231">
    <p class='ocr_par' dir='ltr' id='par_1_74' title="bbox 2189 3158 3764 3231">
     <span class='ocr_line' id='line_1_74' title="bbox 2189 3158 3764 3231; baseline 0.007 -21"><span class='ocrx_word' id='word_1_523' title='bbox 2189 3158 2281 3211; x_wconf 80' lang='grc' dir='ltr'><strong>τὸν</strong></span> <span class='ocrx_word' id='word_1_524' title='bbox 2306 3159 2668 3230; x_wconf 84' lang='grc' dir='ltr'>φιλόχριστον,</span> <span class='ocrx_word' id='word_1_525' title='bbox 2696 3162 2789 3215; x_wconf 79' lang='grc' dir='ltr'>καὶ</span> <span class='ocrx_word' id='word_1_526' title='bbox 2815 3160 2907 3214; x_wconf 88' lang='grc' dir='ltr'><strong>τὸν</strong></span> <span class='ocrx_word' id='word_1_527' title='bbox 2941 3163 3054 3231; x_wconf 82' lang='grc' dir='ltr'>μετ’</span> <span class='ocrx_word' id='word_1_528' title='bbox 3082 3163 3246 3216; x_wconf 83' lang='grc' dir='ltr'>αὐτὸν</span> <span class='ocrx_word' id='word_1_529' title='bbox 3265 3164 3513 3230; x_wconf 75' lang='grc' dir='ltr'>Λούκιον,</span> <span class='ocrx_word' id='word_1_530' title='bbox 3537 3166 3631 3220; x_wconf 84' lang='grc' dir='ltr'><strong>τὸν</strong></span> <span class='ocrx_word' id='word_1_531' title='bbox 3648 3168 3764 3220; x_wconf 88' lang='grc' dir='ltr'>πολ-</span> 
     </span>
    </p>
   </div>
   <div class='ocr_carea' id='block_1_75' title="bbox 2189 3251 3762 3326">
    <p class='ocr_par' dir='ltr' id='par_1_75' title="bbox 2189 3251 3762 3326">
     <span class='ocr_line' id='line_1_75' title="bbox 2189 3251 3762 3326; baseline 0.005 -23"><span class='ocrx_word' id='word_1_532' title='bbox 2189 3251 2345 3314; x_wconf 85' lang='grc' dir='ltr'>λάκις</span> <span class='ocrx_word' id='word_1_533' title='bbox 2374 3252 2501 3321; x_wconf 86' lang='grc' dir='ltr'>παρ’</span> <span class='ocrx_word' id='word_1_534' title='bbox 2533 3252 2711 3306; x_wconf 79' lang='grc' dir='ltr'>αὐτῶν</span> <span class='ocrx_word' id='word_1_535' title='bbox 2742 3255 2836 3306; x_wconf 72' lang='grc' dir='ltr'>καὶ</span> <span class='ocrx_word' id='word_1_536' title='bbox 2860 3254 3076 3317; x_wconf 80' lang='grc' dir='ltr'>ἁλύσεις</span> <span class='ocrx_word' id='word_1_537' title='bbox 3106 3255 3438 3326; x_wconf 88' lang='grc' dir='ltr'>φορέσαντα,</span> <span class='ocrx_word' id='word_1_538' title='bbox 3484 3259 3580 3311; x_wconf 77' lang='grc' dir='ltr'><strong>καὶ</strong></span> <span class='ocrx_word' id='word_1_539' title='bbox 3603 3259 3762 3323; x_wconf 81' lang='grc' dir='ltr'>οὔτως</span> 
     </span>
    </p>
   </div>
   <div class='ocr_carea' id='block_1_76' title="bbox 2188 3341 3759 3421">
    <p class='ocr_par' dir='ltr' id='par_1_76' title="bbox 2188 3341 3759 3421">
     <span class='ocr_line' id='line_1_76' title="bbox 2188 3341 3759 3421; baseline 0.004 -27"><span class='ocrx_word' id='word_1_540' title='bbox 2188 3341 2555 3396; x_wconf 84' lang='grc' dir='ltr'>ἀποθανόντα·</span> <span class='ocrx_word' id='word_1_541' title='bbox 2603 3344 2695 3396; x_wconf 80' lang='grc' dir='ltr'><strong>καὶ</strong></span> <span class='ocrx_word' id='word_1_542' title='bbox 2731 3345 2979 3415; x_wconf 86' lang='grc' dir='ltr'>Ἀγκυρα</span> <span class='ocrx_word' id='word_1_543' title='bbox 3009 3346 3107 3415; x_wconf 84' lang='grc' dir='ltr'>μὲν</span> <span class='ocrx_word' id='word_1_544' title='bbox 3148 3345 3236 3398; x_wconf 85' lang='grc' dir='ltr'>διὰ</span> <span class='ocrx_word' id='word_1_545' title='bbox 3265 3346 3610 3418; x_wconf 82' lang='grc' dir='ltr'>Μάρκελλον,</span> <span class='ocrx_word' id='word_1_546' title='bbox 3634 3350 3759 3421; x_wconf 78' lang='grc' dir='ltr'>Βέρ-</span> 
     </span>
    </p>
   </div>
   <div class='ocr_carea' id='block_1_77' title="bbox 2187 3433 3757 3511">
    <p class='ocr_par' dir='ltr' id='par_1_77' title="bbox 2187 3433 3757 3511">
     <span class='ocr_line' id='line_1_77' title="bbox 2187 3433 3757 3511; baseline 0.004 -24"><span class='ocrx_word' id='word_1_547' title='bbox 2187 3435 2311 3504; x_wconf 79' lang='grc' dir='ltr'><strong>ροια</strong></span> <span class='ocrx_word' id='word_1_548' title='bbox 2342 3434 2396 3487; x_wconf 82' lang='grc' dir='ltr'>δὲ</span> <span class='ocrx_word' id='word_1_549' title='bbox 2454 3433 2542 3487; x_wconf 76' lang='grc' dir='ltr'>διὰ</span> <span class='ocrx_word' id='word_1_550' title='bbox 2583 3433 2785 3507; x_wconf 82' lang='grc' dir='ltr'>Κῦρον,</span> <span class='ocrx_word' id='word_1_551' title='bbox 2838 3437 2930 3489; x_wconf 75' lang='grc' dir='ltr'><strong>καὶ</strong></span> <span class='ocrx_word' id='word_1_552' title='bbox 2962 3436 3109 3500; x_wconf 75' lang='grc' dir='ltr'>Γάζα</span> <span class='ocrx_word' id='word_1_553' title='bbox 3154 3437 3220 3490; x_wconf 83' lang='grc' dir='ltr'>δι’</span> <span class='ocrx_word' id='word_1_554' title='bbox 3266 3438 3581 3510; x_wconf 73' lang='grc' dir='ltr'>Ἀσκλήπᾶν</span> <span class='ocrx_word' id='word_1_555' title='bbox 3632 3442 3757 3511; x_wconf 89' lang='grc'>(55).</span> 
     </span>
    </p>
   </div>
   <div class='ocr_carea' id='block_1_78' title="bbox 2187 3524 3757 3600">
    <p class='ocr_par' dir='ltr' id='par_1_78' title="bbox 2187 3524 3757 3600">
     <span class='ocr_line' id='line_1_78' title="bbox 2187 3524 3757 3600; baseline 0.004 -22"><span class='ocrx_word' id='word_1_556' title='bbox 2187 3524 2420 3588; x_wconf 80' lang='grc' dir='ltr'>Τούτους</span> <span class='ocrx_word' id='word_1_557' title='bbox 2471 3526 2568 3596; x_wconf 83' lang='grc' dir='ltr'>μὲν</span> <span class='ocrx_word' id='word_1_558' title='bbox 2602 3526 2711 3598; x_wconf 79' lang='grc' dir='ltr'>γὰρ</span> <span class='ocrx_word' id='word_1_559' title='bbox 2754 3526 2923 3581; x_wconf 79' lang='grc' dir='ltr'>πολλὰ</span> <span class='ocrx_word' id='word_1_560' title='bbox 2964 3527 3230 3599; x_wconf 89' lang='grc' dir='ltr'>πρότερον</span> <span class='ocrx_word' id='word_1_561' title='bbox 3273 3528 3617 3600; x_wconf 80' lang='grc' dir='ltr'>ὑϐρίσαντες,</span> <span class='ocrx_word' id='word_1_562' title='bbox 3678 3531 3757 3595; x_wconf 79' lang='grc' dir='ltr'><strong>ἐξ·</strong></span> 
     </span>
    </p>
   </div>
   <div class='ocr_carea' id='block_1_79' title="bbox 2186 3616 3755 3687">
    <p class='ocr_par' dir='ltr' id='par_1_79' title="bbox 2186 3616 3755 3687">
     <span class='ocr_line' id='line_1_79' title="bbox 2186 3616 3755 3687; baseline 0.004 -19"><span class='ocrx_word' id='word_1_563' title='bbox 2186 3616 2467 3687; x_wconf 85' lang='grc' dir='ltr'>ορισθῆναι</span> <span class='ocrx_word' id='word_1_564' title='bbox 2502 3617 2862 3686; x_wconf 86' lang='grc' dir='ltr'>πεποιήκασιν</span> <span class='ocrx_word' id='word_1_565' title='bbox 2908 3618 2957 3669; x_wconf 93' lang='grc' dir='ltr'><strong>οί</strong></span> <span class='ocrx_word' id='word_1_566' title='bbox 3004 3616 3201 3669; x_wconf 80' lang='grc' dir='ltr'>δόλιοι⁶</span> <span class='ocrx_word' id='word_1_567' title='bbox 3257 3618 3544 3673; x_wconf 82' lang='grc' dir='ltr'>Θεόδουλον</span> <span class='ocrx_word' id='word_1_568' title='bbox 3575 3620 3630 3673; x_wconf 84' lang='grc' dir='ltr'>δὲ</span> <span class='ocrx_word' id='word_1_569' title='bbox 3671 3622 3755 3674; x_wconf 79' lang='grc' dir='ltr'>καὶ</span> 
     </span>
    </p>
   </div>
   <div class='ocr_carea' id='block_1_80' title="bbox 2199 3709 3753 3785">
    <p class='ocr_par' dir='ltr' id='par_1_80' title="bbox 2199 3709 3753 3785">
     <span class='ocr_line' id='line_1_80' title="bbox 2199 3709 3753 3785; baseline 0.003 -21"><span class='ocrx_word' id='word_1_570' title='bbox 2199 3710 2488 3782; x_wconf 88' lang='grc' dir='ltr'>Ὀλύμπιον</span> <span class='ocrx_word' id='word_1_571' title='bbox 2539 3711 2645 3764; x_wconf 86' lang='grc' dir='ltr'>ἀπὸ</span> <span class='ocrx_word' id='word_1_572' title='bbox 2697 3711 2795 3781; x_wconf 80' lang='grc' dir='ltr'>τῆς</span> <span class='ocrx_word' id='word_1_573' title='bbox 2843 3709 3061 3783; x_wconf 79' lang='grc' dir='ltr'>Θρᾴκης</span> <span class='ocrx_word' id='word_1_574' title='bbox 3122 3712 3451 3777; x_wconf 82' lang='grc' dir='ltr'>ἐπισκόπους</span> <span class='ocrx_word' id='word_1_575' title='bbox 3484 3714 3615 3785; x_wconf 83' lang='grc'>(56),</span> <span class='ocrx_word' id='word_1_576' title='bbox 3668 3717 3753 3768; x_wconf 77' lang='grc' dir='ltr'>καὶ</span> 
     </span>
    </p>
   </div>
   <div class='ocr_carea' id='block_1_81' title="bbox 2185 3807 3750 3885">
    <p class='ocr_par' dir='ltr' id='par_1_81' title="bbox 2185 3807 3750 3885">
     <span class='ocr_line' id='line_1_81' title="bbox 2185 3807 3750 3885; baseline 0.004 -25"><span class='ocrx_word' id='word_1_577' title='bbox 2185 3808 2351 3878; x_wconf 82' lang='grc' dir='ltr'>ἡμᾶς,</span> <span class='ocrx_word' id='word_1_578' title='bbox 2387 3809 2481 3860; x_wconf 78' lang='grc' dir='ltr'><strong>καὶ</strong></span> <span class='ocrx_word' id='word_1_579' title='bbox 2512 3807 2910 3880; x_wconf 81' lang='grc' dir='ltr'>πρεσϐυτέρους</span> <span class='ocrx_word' id='word_1_580' title='bbox 2941 3808 3259 3880; x_wconf 83' lang='grc' dir='ltr'>ἡμετέρους,</span> <span class='ocrx_word' id='word_1_581' title='bbox 3293 3810 3469 3877; x_wconf 81' lang='grc' dir='ltr'>οὓτως</span> <span class='ocrx_word' id='word_1_582' title='bbox 3502 3815 3750 3885; x_wconf 75' lang='grc' dir='ltr'>ἐποίησαν</span> 
     </span>
    </p>
   </div>
   <div class='ocr_carea' id='block_1_82' title="bbox 2186 3897 3749 3974">
    <p class='ocr_par' dir='ltr' id='par_1_82' title="bbox 2186 3897 3749 3974">
     <span class='ocr_line' id='line_1_82' title="bbox 2186 3897 3749 3974; baseline -0.005 -24"><span class='ocrx_word' id='word_1_583' title='bbox 2186 3897 2505 3969; x_wconf 78' lang='grc' dir='ltr'>ζητηθῆναι,</span> <span class='ocrx_word' id='word_1_584' title='bbox 2550 3897 2712 3962; x_wconf 82' lang='grc' dir='ltr'>ὥστε,</span> <span class='ocrx_word' id='word_1_585' title='bbox 2747 3900 2794 3950; x_wconf 89' lang='grc' dir='ltr'><strong>εί</strong></span> <span class='ocrx_word' id='word_1_586' title='bbox 2832 3897 3202 3969; x_wconf 86' lang='grc' dir='ltr'>εύρεθείημεν,</span> <span class='ocrx_word' id='word_1_587' title='bbox 3243 3901 3485 3972; x_wconf 80' lang='grc' dir='ltr'>κεφαλῆς</span> <span class='ocrx_word' id='word_1_588' title='bbox 3531 3905 3749 3974; x_wconf 76' lang='grc' dir='ltr'>ὑποπῆ-</span> 
     </span>
    </p>
   </div>
   <div class='ocr_carea' id='block_1_83' title="bbox 2184 3990 3748 4064">
    <p class='ocr_par' dir='ltr' id='par_1_83' title="bbox 2184 3990 3748 4064">
     <span class='ocr_line' id='line_1_83' title="bbox 2184 3990 3748 4064; baseline 0.004 -23"><span class='ocrx_word' id='word_1_589' title='bbox 2184 4005 2270 4041; x_wconf 86' lang='grc' dir='ltr'><strong>ναι</strong></span> <span class='ocrx_word' id='word_1_590' title='bbox 2292 3990 2579 4059; x_wconf 87' lang='grc' dir='ltr'>τιμωρίαν,</span> <span class='ocrx_word' id='word_1_591' title='bbox 2609 3990 2717 4043; x_wconf 79' lang='grc' dir='ltr'><strong>Καὶ</strong></span> <span class='ocrx_word' id='word_1_592' title='bbox 2739 3990 2875 4059; x_wconf 89' lang='grc' dir='ltr'>τάχα</span> <span class='ocrx_word' id='word_1_593' title='bbox 2908 3990 2973 4044; x_wconf 85' lang='grc' dir='ltr'><strong>ἂν</strong></span> <span class='ocrx_word' id='word_1_594' title='bbox 3008 3991 3353 4063; x_wconf 85' lang='grc' dir='ltr'>ἀπεθάνομεν</span> <span class='ocrx_word' id='word_1_595' title='bbox 3392 3994 3584 4059; x_wconf 80' lang='grc' dir='ltr'>οὕτως,</span> <span class='ocrx_word' id='word_1_596' title='bbox 3610 3998 3657 4048; x_wconf 85' lang='grc' dir='ltr'>εἰ</span> <span class='ocrx_word' id='word_1_597' title='bbox 3682 3995 3748 4064; x_wconf 77' lang='grc' dir='ltr'>μὴ</span> 
     </span>
    </p>
   </div>
   <div class='ocr_carea' id='block_1_84' title="bbox 2186 4080 3741 4153">
    <p class='ocr_par' dir='ltr' id='par_1_84' title="bbox 2186 4080 3741 4153">
     <span class='ocr_line' id='line_1_84' title="bbox 2186 4080 3741 4153; baseline 0.004 -20"><span class='ocrx_word' id='word_1_598' title='bbox 2186 4080 2333 4151; x_wconf 86' lang='grc' dir='ltr'>παρὰ</span> <span class='ocrx_word' id='word_1_599' title='bbox 2366 4081 2588 4151; x_wconf 83' lang='grc' dir='ltr'>γνώμην</span> <span class='ocrx_word' id='word_1_600' title='bbox 2642 4080 2819 4135; x_wconf 78' lang='grc' dir='ltr'>αὐτῶν</span> <span class='ocrx_word' id='word_1_601' title='bbox 2852 4081 3124 4153; x_wconf 83' lang='grc' dir='ltr'>ἐφύγομεν</span> <span class='ocrx_word' id='word_1_602' title='bbox 3184 4086 3278 4138; x_wconf 80' lang='grc' dir='ltr'>καὶ</span> <span class='ocrx_word' id='word_1_603' title='bbox 3328 4086 3472 4139; x_wconf 90' lang='grc' dir='ltr'>τότε.</span> <span class='ocrx_word' id='word_1_604' title='bbox 3521 4088 3741 4141; x_wconf 77' lang='grc' dir='ltr'>Τοιαῦτα</span> 
     </span>
    </p>
   </div>
   <div class='ocr_carea' id='block_1_85' title="bbox 2184 4174 3746 4252">
    <p class='ocr_par' dir='ltr' id='par_1_85' title="bbox 2184 4174 3746 4252">
     <span class='ocr_line' id='line_1_85' title="bbox 2184 4174 3746 4252; baseline 0.005 -27"><span class='ocrx_word' id='word_1_605' title='bbox 2184 4174 2292 4241; x_wconf 91' lang='grc' dir='ltr'><strong>γάρ</strong></span> <span class='ocrx_word' id='word_1_606' title='bbox 2325 4175 2439 4227; x_wconf 85' lang='grc' dir='ltr'>ἐστι</span> <span class='ocrx_word' id='word_1_607' title='bbox 2474 4174 2541 4227; x_wconf 86' lang='grc' dir='ltr'>τὰ</span> <span class='ocrx_word' id='word_1_608' title='bbox 2581 4174 2678 4245; x_wconf 81' lang='grc' dir='ltr'><strong>μὲν</strong></span> <span class='ocrx_word' id='word_1_609' title='bbox 2707 4174 2846 4229; x_wconf 85' lang='grc' dir='ltr'><strong>κατά</strong></span> <span class='ocrx_word' id='word_1_610' title='bbox 2873 4174 2981 4228; x_wconf 85' lang='grc' dir='ltr'><strong>τῶν</strong></span> <span class='ocrx_word' id='word_1_611' title='bbox 3011 4176 3140 4246; x_wconf 74' lang='grc' dir='ltr'>περὶ</span> <span class='ocrx_word' id='word_1_612' title='bbox 3182 4176 3476 4248; x_wconf 86' lang='grc' dir='ltr'>Ὀλύμπιον</span> <span class='ocrx_word' id='word_1_613' title='bbox 3506 4182 3639 4252; x_wconf 85' lang='grc' dir='ltr'>πρὸς</span> <span class='ocrx_word' id='word_1_614' title='bbox 3662 4182 3746 4233; x_wconf 84' lang='grc' dir='ltr'><strong>τὸν</strong></span> 
     </span>
    </p>
   </div>
   <div class='ocr_carea' id='block_1_86' title="bbox 2182 4264 3745 4343">
    <p class='ocr_par' dir='ltr' id='par_1_86' title="bbox 2182 4264 3745 4343">
     <span class='ocr_line' id='line_1_86' title="bbox 2182 4264 3745 4343; baseline 0.005 -26"><span class='ocrx_word' id='word_1_615' title='bbox 2182 4264 2485 4318; x_wconf 88' lang='grc' dir='ltr'>ἀνθύπατον</span> <span class='ocrx_word' id='word_1_616' title='bbox 2539 4267 2805 4331; x_wconf 82' lang='grc' dir='ltr'>Δωνᾶτον,</span> <span class='ocrx_word' id='word_1_617' title='bbox 2854 4267 2923 4320; x_wconf 79' lang='grc' dir='ltr'>τὰ</span> <span class='ocrx_word' id='word_1_618' title='bbox 2955 4267 3010 4320; x_wconf 82' lang='grc' dir='ltr'>δὲ</span> <span class='ocrx_word' id='word_1_619' title='bbox 3050 4267 3171 4320; x_wconf 82' lang='grc' dir='ltr'>καθ’</span> <span class='ocrx_word' id='word_1_620' title='bbox 3201 4271 3360 4340; x_wconf 83' lang='grc' dir='ltr'>ήμῶν</span> <span class='ocrx_word' id='word_1_621' title='bbox 3410 4272 3548 4343; x_wconf 80' lang='grc' dir='ltr'>πρὸς</span> <span class='ocrx_word' id='word_1_622' title='bbox 3596 4272 3745 4325; x_wconf 79' lang='grc' dir='ltr'>Φιλά-</span> 
     </span>
    </p>
   </div>
   <div class='ocr_carea' id='block_1_87' title="bbox 2183 4355 3745 4431">
    <p class='ocr_par' dir='ltr' id='par_1_87' title="bbox 2183 4355 3745 4431">
     <span class='ocr_line' id='line_1_87' title="bbox 2183 4355 3745 4431; baseline 0.006 -24"><span class='ocrx_word' id='word_1_623' title='bbox 2183 4371 2334 4425; x_wconf 89' lang='grc' dir='ltr'>γριον</span> <span class='ocrx_word' id='word_1_624' title='bbox 2372 4355 2591 4409; x_wconf 85' lang='grc' dir='ltr'>δοθέντα</span> <span class='ocrx_word' id='word_1_625' title='bbox 2622 4356 2943 4427; x_wconf 86' lang='grc' dir='ltr'>γράμματα.</span> <span class='ocrx_word' id='word_1_626' title='bbox 2993 4358 3097 4410; x_wconf 85' lang='grc' dir='ltr'><strong>Τὸν</strong></span> <span class='ocrx_word' id='word_1_627' title='bbox 3135 4358 3244 4430; x_wconf 84' lang='grc' dir='ltr'><strong>γάρ</strong></span> <span class='ocrx_word' id='word_1_628' title='bbox 3286 4361 3385 4431; x_wconf 78' lang='grc' dir='ltr'>τῆς</span> <span class='ocrx_word' id='word_1_629' title='bbox 3418 4364 3745 4416; x_wconf 81' lang='grc' dir='ltr'>Κωνσταντι-</span> 
     </span>
    </p>
   </div>
   <div class='ocr_carea' id='block_1_88' title="bbox 2182 4446 3745 4518">
    <p class='ocr_par' dir='ltr' id='par_1_88' title="bbox 2182 4446 3745 4518">
     <span class='ocr_line' id='line_1_88' title="bbox 2182 4446 3745 4518; baseline 0.004 -20"><span class='ocrx_word' id='word_1_630' title='bbox 2182 4446 2483 4510; x_wconf 90' lang='grc' dir='ltr'>νουπόλεως</span> <span class='ocrx_word' id='word_1_631' title='bbox 2516 4447 2626 4518; x_wconf 88' lang='grc'>(57)</span> <span class='ocrx_word' id='word_1_632' title='bbox 2655 4448 2949 4502; x_wconf 89' lang='grc' dir='ltr'>ἐπίσκοπον</span> <span class='ocrx_word' id='word_1_633' title='bbox 2984 4448 3196 4503; x_wconf 83' lang='grc' dir='ltr'>Παῦλον</span> <span class='ocrx_word' id='word_1_634' title='bbox 3240 4450 3529 4517; x_wconf 77' lang='grc' dir='ltr'>διώξαντες</span> <span class='ocrx_word' id='word_1_635' title='bbox 3558 4454 3643 4507; x_wconf 77' lang='grc' dir='ltr'><strong>καὶ</strong></span> <span class='ocrx_word' id='word_1_636' title='bbox 3667 4453 3745 4505; x_wconf 81' lang='grc' dir='ltr'><strong>εὑο</strong></span> 
     </span>
    </p>
   </div>
   <div class='ocr_carea' id='block_1_89' title="bbox 514 4536 2087 4614">
    <p class='ocr_par' dir='ltr' id='par_1_89' title="bbox 514 4538 2079 4607">
     <span class='ocr_line' id='line_1_89' title="bbox 514 4538 2079 4607; baseline 0 -15"><span class='ocrx_word' id='word_1_637' title='bbox 514 4551 637 4592; x_wconf 88' lang='lat' dir='ltr'><strong>cum</strong></span> <span class='ocrx_word' id='word_1_638' title='bbox 661 4539 1012 4606; x_wconf 90' lang='lat' dir='ltr'><strong>reperissent,</strong></span> <span class='ocrx_word' id='word_1_639' title='bbox 1037 4538 1229 4593; x_wconf 90' lang='lat' dir='ltr'><strong>Cucusi</strong></span> <span class='ocrx_word' id='word_1_640' title='bbox 1259 4540 1311 4593; x_wconf 91' lang='lat' dir='ltr'><strong>in</strong></span> <span class='ocrx_word' id='word_1_641' title='bbox 1332 4538 1671 4607; x_wconf 87' lang='lat' dir='ltr'><strong>Cappadocia</strong></span> <span class='ocrx_word' id='word_1_642' title='bbox 1701 4538 1873 4607; x_wconf 89' lang='lat' dir='ltr'><strong>palam</strong></span> <span class='ocrx_word' id='word_1_643' title='bbox 1900 4548 2079 4592; x_wconf 85' lang='lat' dir='ltr'><strong>stran-</strong></span> 
     </span>
    </p>
   </div>
   <div class='ocr_carea' id='block_1_90' title="bbox 2190 4536 3739 4614">
    <p class='ocr_par' dir='ltr' id='par_1_90' title="bbox 2190 4536 3739 4614">
     <span class='ocr_line' id='line_1_90' title="bbox 2190 4536 3739 4614; baseline 0.006 -25"><span class='ocrx_word' id='word_1_644' title='bbox 2190 4536 2388 4608; x_wconf 87' lang='grc' dir='ltr'>ρόντες,</span> <span class='ocrx_word' id='word_1_645' title='bbox 2428 4538 2717 4609; x_wconf 84' lang='grc' dir='ltr'>προφανῶς</span> <span class='ocrx_word' id='word_1_646' title='bbox 2761 4540 3123 4610; x_wconf 86' lang='grc' dir='ltr'>ἀποπνιγῆναι</span> <span class='ocrx_word' id='word_1_647' title='bbox 3181 4544 3543 4614; x_wconf 81' lang='grc' dir='ltr'>πεποιήκασιν</span> <span class='ocrx_word' id='word_1_648' title='bbox 3573 4546 3628 4597; x_wconf 89' lang='grc' dir='ltr'><strong>ἐν</strong></span> <span class='ocrx_word' id='word_1_649' title='bbox 3674 4546 3739 4614; x_wconf 73' lang='grc' dir='ltr'>τῇ</span> 
     </span>
    </p>
   </div>
   <div class='ocr_carea' id='block_1_91' title="bbox 512 4629 2072 4700">
    <p class='ocr_par' dir='ltr' id='par_1_91' title="bbox 512 4629 2072 4700">
     <span class='ocr_line' id='line_1_91' title="bbox 512 4629 2072 4700; baseline 0.002 -18"><span class='ocrx_word' id='word_1_650' title='bbox 512 4629 682 4699; x_wconf 79' lang='lat' dir='ltr'><strong>gulari</strong></span> <span class='ocrx_word' id='word_1_651' title='bbox 710 4640 971 4685; x_wconf 90' lang='lat' dir='ltr'><strong>curarunt</strong></span> <span class='ocrx_word' id='word_1_652' title='bbox 999 4649 1012 4684; x_wconf 88' lang='lat'><strong>:</strong></span> <span class='ocrx_word' id='word_1_653' title='bbox 1040 4630 1294 4685; x_wconf 79' lang='lat' dir='ltr'><strong>carniﬁce</strong></span> <span class='ocrx_word' id='word_1_654' title='bbox 1335 4631 1417 4686; x_wconf 90' lang='lat' dir='ltr'><strong>usi</strong></span> <span class='ocrx_word' id='word_1_655' title='bbox 1446 4629 1693 4699; x_wconf 87' lang='lat' dir='ltr'><strong>Philippo</strong></span> <span class='ocrx_word' id='word_1_656' title='bbox 1721 4631 1847 4685; x_wconf 92' lang='lat' dir='ltr'><strong>olim</strong></span> <span class='ocrx_word' id='word_1_657' title='bbox 1883 4631 2072 4700; x_wconf 66' lang='lat' dir='ltr'><strong>prazfe-</strong></span> 
     </span>
    </p>
   </div>
   <div class='ocr_carea' id='block_1_92' title="bbox 585 4810 2075 4883">
    <p class='ocr_par' dir='ltr' id='par_1_92' title="bbox 585 4810 2075 4883">
     <span class='ocr_line' id='line_1_92' title="bbox 585 4810 2075 4883; baseline -0.001 -17"><span class='ocrx_word' id='word_1_658' title='bbox 585 4810 695 4883; x_wconf 58' lang='grc'>(49)</span> <span class='ocrx_word' id='word_1_659' title='bbox 723 4810 906 4883; x_wconf 44' lang='lat' dir='ltr'><strong>Reg,</strong></span> <span class='ocrx_word' id='word_1_660' title='bbox 938 4812 1452 4883; x_wconf 82' lang='grc' dir='ltr'>ἀνδραγαθίσασθαι.</span> <span class='ocrx_word' id='word_1_661' title='bbox 1502 4811 1667 4877; x_wconf 76' lang='grc' dir='ltr'><strong>Εόίιί,</strong></span> <span class='ocrx_word' id='word_1_662' title='bbox 1734 4811 2075 4883; x_wconf 86' lang='grc' dir='ltr'>ἀνδραγαθή-</span> 
     </span>
    </p>
   </div>
   <div class='ocr_carea' id='block_1_93' title="bbox 515 4880 1489 4965">
    <p class='ocr_par' dir='ltr' id='par_1_93' title="bbox 515 4880 1489 4965">
     <span class='ocr_line' id='line_1_93' title="bbox 515 4880 1489 4965; baseline 0.005 -35"><span class='ocrx_word' id='word_1_663' title='bbox 515 4880 989 4965; x_wconf 48' lang='grc' dir='ltr'>σασραι.ι.ᾼιιῇὶὶο.,</span> <span class='ocrx_word' id='word_1_664' title='bbox 1001 4880 1489 4965; x_wconf 26' lang='grc' dir='ltr'>ἕνδραγαὶθλεῖσθαι.</span> 
     </span>
    </p>
   </div>
   <div class='ocr_carea' id='block_1_94' title="bbox 583 4950 2075 5024">
    <p class='ocr_par' dir='ltr' id='par_1_94' title="bbox 583 4950 2075 5024">
     <span class='ocr_line' id='line_1_94' title="bbox 583 4950 2075 5024; baseline 0.001 -21"><span class='ocrx_word' id='word_1_665' title='bbox 583 4950 694 5024; x_wconf 83' lang='grc' dir='ltr'>(5θ)</span> <span class='ocrx_word' id='word_1_666' title='bbox 728 4951 821 5024; x_wconf 82' lang='lat' dir='ltr'><strong>Sic</strong></span> <span class='ocrx_word' id='word_1_667' title='bbox 844 4952 975 5024; x_wconf 75' lang='lat' dir='ltr'><strong>Reg.</strong></span> <span class='ocrx_word' id='word_1_668' title='bbox 1001 4950 1163 5015; x_wconf 81' lang='lat' dir='ltr'><strong>Editi,</strong></span> <span class='ocrx_word' id='word_1_669' title='bbox 1190 4950 1349 5006; x_wconf 70' lang='grc' dir='ltr'>’Ἀλλά</span> <span class='ocrx_word' id='word_1_670' title='bbox 1364 4951 1653 5024; x_wconf 84' lang='grc' dir='ltr'>κακοήθεις</span> <span class='ocrx_word' id='word_1_671' title='bbox 1683 4951 1833 5015; x_wconf 75' lang='grc' dir='ltr'>ὄντες</span> <span class='ocrx_word' id='word_1_672' title='bbox 1859 4950 2075 5024; x_wconf 77' lang='grc' dir='ltr'>ἀληθῷς</span> 
     </span>
    </p>
   </div>
   <div class='ocr_carea' id='block_1_95' title="bbox 510 5019 2074 5088">
    <p class='ocr_par' dir='ltr' id='par_1_95' title="bbox 510 5019 2074 5088">
     <span class='ocr_line' id='line_1_95' title="bbox 510 5019 2074 5088; baseline 0.001 -17"><span class='ocrx_word' id='word_1_673' title='bbox 510 5019 686 5081; x_wconf 83' lang='grc' dir='ltr'>αὐτοί,</span> <span class='ocrx_word' id='word_1_674' title='bbox 719 5019 1319 5077; x_wconf 56' lang='grc' dir='ltr'>οηιὶεεὶέίηιεγηιοιηίε.</span> <span class='ocrx_word' id='word_1_675' title='bbox 1343 5019 1549 5088; x_wconf 74' lang='lat' dir='ltr'><strong>Anglic.</strong></span> <span class='ocrx_word' id='word_1_676' title='bbox 1588 5037 1715 5075; x_wconf 87' lang='lat' dir='ltr'><strong>vero</strong></span> <span class='ocrx_word' id='word_1_677' title='bbox 1740 5023 1818 5075; x_wconf 89' lang='lat' dir='ltr'><strong>sic</strong></span> <span class='ocrx_word' id='word_1_678' title='bbox 1853 5039 1865 5073; x_wconf 90' lang='lat'>:</span> <span class='ocrx_word' id='word_1_679' title='bbox 1915 5019 2074 5073; x_wconf 83' lang='grc' dir='ltr'>Ἀλλὰ</span> 
     </span>
    </p>
   </div>
   <div class='ocr_carea' id='block_1_96' title="bbox 508 5089 2074 5163">
    <p class='ocr_par' dir='ltr' id='par_1_96' title="bbox 508 5089 2074 5163">
     <span class='ocr_line' id='line_1_96' title="bbox 508 5089 2074 5163; baseline 0.001 -22"><span class='ocrx_word' id='word_1_680' title='bbox 508 5089 797 5163; x_wconf 64' lang='grc' dir='ltr'>κακοήθεις</span> <span class='ocrx_word' id='word_1_681' title='bbox 827 5090 977 5154; x_wconf 80' lang='grc' dir='ltr'>ὅντες</span> <span class='ocrx_word' id='word_1_682' title='bbox 1006 5093 1394 5163; x_wconf 76' lang='grc' dir='ltr'>σχηματίζουσι</span> <span class='ocrx_word' id='word_1_683' title='bbox 1425 5090 1773 5163; x_wconf 85' lang='grc' dir='ltr'>περιϐομϐεῖν</span> <span class='ocrx_word' id='word_1_684' title='bbox 1796 5132 1810 5157; x_wconf 89' lang='grc'><strong>,</strong></span> <span class='ocrx_word' id='word_1_685' title='bbox 1844 5092 1937 5145; x_wconf 75' lang='grc' dir='ltr'><strong>καὶ</strong></span> <span class='ocrx_word' id='word_1_686' title='bbox 1987 5091 2074 5144; x_wconf 80' lang='grc' dir='ltr'><strong>διά</strong></span> 
     </span>
    </p>
   </div>
   <div class='ocr_carea' id='block_1_97' title="bbox 505 5159 1361 5225">
    <p class='ocr_par' dir='ltr' id='par_1_97' title="bbox 505 5159 1361 5225">
     <span class='ocr_line' id='line_1_97' title="bbox 505 5159 1361 5225; baseline 0.009 -13"><span class='ocrx_word' id='word_1_687' title='bbox 505 5159 880 5225; x_wconf 83' lang='grc' dir='ltr'>τοῦτοπάντα,</span> <span class='ocrx_word' id='word_1_688' title='bbox 916 5159 1361 5221; x_wconf 59' lang='lat' dir='ltr'><strong>multis&quot;omissis.</strong></span> 
     </span>
    </p>
   </div>
   <div class='ocr_carea' id='block_1_98' title="bbox 576 5229 2071 5304">
    <p class='ocr_par' dir='ltr' id='par_1_98' title="bbox 576 5229 2071 5304">
     <span class='ocr_line' id='line_1_98' title="bbox 576 5229 2071 5304; baseline -0.001 -20"><span class='ocrx_word' id='word_1_689' title='bbox 576 5229 689 5302; x_wconf 82' lang='grc'>(51)</span> <span class='ocrx_word' id='word_1_690' title='bbox 723 5231 798 5304; x_wconf 83' lang='lat' dir='ltr'><strong>Ita</strong></span> <span class='ocrx_word' id='word_1_691' title='bbox 832 5231 963 5304; x_wconf 75' lang='lat' dir='ltr'><strong>Reg.</strong></span> <span class='ocrx_word' id='word_1_692' title='bbox 995 5233 1155 5287; x_wconf 88' lang='lat' dir='ltr'><strong>Basil.</strong></span> <span class='ocrx_word' id='word_1_693' title='bbox 1186 5234 1396 5303; x_wconf 79' lang='lat' dir='ltr'><strong>Anglic.</strong></span> <span class='ocrx_word' id='word_1_694' title='bbox 1456 5232 1627 5304; x_wconf 84' lang='lat' dir='ltr'><strong>Editi_</strong></span> <span class='ocrx_word' id='word_1_695' title='bbox 1656 5248 1805 5297; x_wconf 84' lang='lat' dir='ltr'><strong>vero,</strong></span> <span class='ocrx_word' id='word_1_696' title='bbox 1835 5231 2071 5304; x_wconf 84' lang='grc' dir='ltr'>προτρέ-</span> 
     </span>
    </p>
   </div>
   <div class='ocr_carea' id='block_1_99' title="bbox 502 5302 2068 5374">
    <p class='ocr_par' dir='ltr' id='par_1_99' title="bbox 502 5302 2068 5374">
     <span class='ocr_line' id='line_1_99' title="bbox 502 5302 2068 5374; baseline 0.002 -21"><span class='ocrx_word' id='word_1_697' title='bbox 502 5318 657 5374; x_wconf 87' lang='grc' dir='ltr'>χουσι</span> <span class='ocrx_word' id='word_1_698' title='bbox 687 5303 781 5354; x_wconf 76' lang='grc' dir='ltr'><strong>καὶ</strong></span> <span class='ocrx_word' id='word_1_699' title='bbox 811 5302 1111 5374; x_wconf 71' lang='grc' dir='ltr'>κρίνονται,</span> <span class='ocrx_word' id='word_1_700' title='bbox 1136 5302 1313 5374; x_wconf 80' lang='lat' dir='ltr'><strong>minus</strong></span> <span class='ocrx_word' id='word_1_701' title='bbox 1366 5313 1531 5357; x_wconf 86' lang='lat' dir='ltr'><strong>recte.</strong></span> <span class='ocrx_word' id='word_1_702' title='bbox 1581 5302 1702 5357; x_wconf 79' lang='lat' dir='ltr'><strong>Mox</strong></span> <span class='ocrx_word' id='word_1_703' title='bbox 1752 5304 1805 5356; x_wconf 92' lang='lat' dir='ltr'><strong>in</strong></span> <span class='ocrx_word' id='word_1_704' title='bbox 1855 5302 2068 5371; x_wconf 81' lang='lat' dir='ltr'><strong>Anglic.</strong></span> 
     </span>
    </p>
   </div>
   <div class='ocr_carea' id='block_1_100' title="bbox 503 5372 1171 5442">
    <p class='ocr_par' dir='ltr' id='par_1_100' title="bbox 503 5372 1171 5442">
     <span class='ocr_line' id='line_1_100' title="bbox 503 5372 1171 5442; baseline 0.003 -19"><span class='ocrx_word' id='word_1_705' title='bbox 503 5380 622 5438; x_wconf 86' lang='lat' dir='ltr'><strong>post</strong></span> <span class='ocrx_word' id='word_1_706' title='bbox 642 5372 899 5442; x_wconf 76' lang='grc' dir='ltr'>ἐρευνῶσι</span> <span class='ocrx_word' id='word_1_707' title='bbox 928 5375 1075 5426; x_wconf 87' lang='lat' dir='ltr'><strong>deest</strong></span> <span class='ocrx_word' id='word_1_708' title='bbox 1095 5372 1171 5425; x_wconf 91' lang='grc' dir='ltr'>δέ.</span> 
     </span>
    </p>
   </div>
   <div class='ocr_carea' id='block_1_101' title="bbox 576 5440 2068 5511">
    <p class='ocr_par' dir='ltr' id='par_1_101' title="bbox 576 5440 2068 5511">
     <span class='ocr_line' id='line_1_101' title="bbox 576 5440 2068 5511; baseline 0.001 -17"><span class='ocrx_word' id='word_1_709' title='bbox 576 5440 689 5511; x_wconf 72' lang='grc'>(52)</span> <span class='ocrx_word' id='word_1_710' title='bbox 724 5441 848 5495; x_wconf 65' lang='lat' dir='ltr'><strong>Haec</strong></span> <span class='ocrx_word' id='word_1_711' title='bbox 879 5443 1143 5495; x_wconf 90' lang='lat' dir='ltr'><strong>habentur</strong></span> <span class='ocrx_word' id='word_1_712' title='bbox 1166 5442 1304 5511; x_wconf 89' lang='lat' dir='ltr'><strong>apud</strong></span> <span class='ocrx_word' id='word_1_713' title='bbox 1333 5440 1730 5495; x_wconf 88' lang='lat' dir='ltr'><strong>Theodoretum</strong></span> <span class='ocrx_word' id='word_1_714' title='bbox 1761 5442 1796 5496; x_wconf 92' lang='lat' dir='ltr'><strong>l.</strong></span> <span class='ocrx_word' id='word_1_715' title='bbox 1850 5457 1885 5495; x_wconf 85' lang='grc' dir='ltr'><strong>ιι</strong></span> <span class='ocrx_word' id='word_1_716' title='bbox 1924 5440 2068 5495; x_wconf 79' lang='lat' dir='ltr'><strong>Hist.</strong></span> 
     </span>
    </p>
   </div>
   <div class='ocr_carea' id='block_1_102' title="bbox 502 5511 1766 5582">
    <p class='ocr_par' dir='ltr' id='par_1_102' title="bbox 502 5511 1766 5582">
     <span class='ocr_line' id='line_1_102' title="bbox 502 5511 1766 5582; baseline 0.003 -21"><span class='ocrx_word' id='word_1_717' title='bbox 502 5526 551 5561; x_wconf 91' lang='lat' dir='ltr'><strong>c.</strong></span> <span class='ocrx_word' id='word_1_718' title='bbox 692 5511 811 5565; x_wconf 84' lang='lat' dir='ltr'><strong>Mox</strong></span> <span class='ocrx_word' id='word_1_719' title='bbox 840 5513 1068 5580; x_wconf 81' lang='lat' dir='ltr'><strong>Anglic.,</strong></span> <span class='ocrx_word' id='word_1_720' title='bbox 1100 5513 1193 5565; x_wconf 72' lang='grc' dir='ltr'><strong>καὶ</strong></span> <span class='ocrx_word' id='word_1_721' title='bbox 1223 5511 1588 5582; x_wconf 84' lang='grc' dir='ltr'>λαμϐάνοντες</span> <span class='ocrx_word' id='word_1_722' title='bbox 1620 5511 1766 5580; x_wconf 73' lang='grc' dir='ltr'>οὐχ..</span> 
     </span>
    </p>
   </div>
   <div class='ocr_carea' id='block_1_103' title="bbox 596 5581 1719 5649">
    <p class='ocr_par' dir='ltr' id='par_1_103' title="bbox 596 5581 1719 5649">
     <span class='ocr_line' id='line_1_103' title="bbox 596 5581 1719 5649; baseline 0.002 -16"><span class='ocrx_word' id='word_1_723' title='bbox 596 5581 684 5649; x_wconf 77' lang='grc'><strong>55)</strong></span> <span class='ocrx_word' id='word_1_724' title='bbox 710 5582 800 5635; x_wconf 86' lang='lat' dir='ltr'><strong>Sic</strong></span> <span class='ocrx_word' id='word_1_725' title='bbox 826 5582 957 5648; x_wconf 70' lang='lat' dir='ltr'><strong>Reg.</strong></span> <span class='ocrx_word' id='word_1_726' title='bbox 984 5582 1120 5635; x_wconf 82' lang='lat' dir='ltr'><strong>Editi</strong></span> <span class='ocrx_word' id='word_1_727' title='bbox 1154 5581 1309 5647; x_wconf 82' lang='lat' dir='ltr'><strong>male,</strong></span> <span class='ocrx_word' id='word_1_728' title='bbox 1329 5582 1448 5634; x_wconf 82' lang='grc' dir='ltr'>κατ’</span> <span class='ocrx_word' id='word_1_729' title='bbox 1478 5581 1719 5635; x_wconf 83' lang='grc' dir='ltr'>ἐκείνων.</span> 
     </span>
    </p>
   </div>
   <div class='ocr_carea' id='block_1_104' title="bbox 599 5648 2067 5721">
    <p class='ocr_par' dir='ltr' id='par_1_104' title="bbox 599 5648 2067 5721">
     <span class='ocr_line' id='line_1_104' title="bbox 599 5648 2067 5721; baseline 0 -20"><span class='ocrx_word' id='word_1_730' title='bbox 599 5648 684 5714; x_wconf 74' lang='grc'>54)</span> <span class='ocrx_word' id='word_1_731' title='bbox 716 5653 895 5721; x_wconf 76' lang='lat' dir='ltr'><strong>Angl..</strong></span> <span class='ocrx_word' id='word_1_732' title='bbox 932 5652 1312 5721; x_wconf 84' lang='grc' dir='ltr'>ὑπομνήματα.</span> <span class='ocrx_word' id='word_1_733' title='bbox 1357 5651 1492 5704; x_wconf 86' lang='grc' dir='ltr'>Ποία</span> <span class='ocrx_word' id='word_1_734' title='bbox 1534 5649 1826 5721; x_wconf 85' lang='grc' dir='ltr'>Ἐκκλησία</span> <span class='ocrx_word' id='word_1_735' title='bbox 1866 5648 1961 5702; x_wconf 84' lang='grc' dir='ltr'>νῦν</span> <span class='ocrx_word' id='word_1_736' title='bbox 2006 5650 2067 5701; x_wconf 85' lang='grc' dir='ltr'><strong>ού</strong></span> 
     </span>
    </p>
   </div>
   <div class='ocr_carea' id='block_1_105' title="bbox 414 5714 2068 5784">
    <p class='ocr_par' dir='ltr' id='par_1_105' title="bbox 414 5714 2068 5784">
     <span class='ocr_line' id='line_1_105' title="bbox 414 5714 2068 5784; baseline 0.005 -19"><span class='ocrx_word' id='word_1_737' title='bbox 414 5745 427 5752; x_wconf 53' lang='grc' dir='ltr'><strong>α</strong></span> <span class='ocrx_word' id='word_1_738' title='bbox 505 5714 691 5784; x_wconf 84' lang='grc' dir='ltr'>θρηνεῖ</span> <span class='ocrx_word' id='word_1_739' title='bbox 715 5714 825 5773; x_wconf 37' lang='grc' dir='ltr'>διὰ*</span> <span class='ocrx_word' id='word_1_740' title='bbox 845 5721 943 5781; x_wconf 71' lang='grc' dir='ltr'><strong>τὰς</strong></span> <span class='ocrx_word' id='word_1_741' title='bbox 990 5714 1209 5774; x_wconf 67' lang='grc' dir='ltr'>ἐκείνων</span> <span class='ocrx_word' id='word_1_742' title='bbox 1246 5722 1423 5773; x_wconf 78' lang='grc' dir='ltr'>αὐτῶν</span> <span class='ocrx_word' id='word_1_743' title='bbox 1470 5714 1757 5783; x_wconf 77' lang='grc' dir='ltr'>ἐπιϐουλάς</span> <span class='ocrx_word' id='word_1_744' title='bbox 1784 5760 1799 5784; x_wconf 91' lang='grc'><strong>,</strong></span> <span class='ocrx_word' id='word_1_745' title='bbox 1853 5721 2068 5773; x_wconf 89' lang='lat' dir='ltr'><strong>omissis</strong></span> 
     </span>
    </p>
   </div>
   <div class='ocr_carea' id='block_1_106' title="bbox 507 5787 2065 5859">
    <p class='ocr_par' dir='ltr' id='par_1_106' title="bbox 507 5787 2065 5859">
     <span class='ocr_line' id='line_1_106' title="bbox 507 5787 2065 5859; baseline 0.004 -24"><span class='ocrx_word' id='word_1_746' title='bbox 507 5789 709 5842; x_wconf 80' lang='lat' dir='ltr'><strong>nntltis.</strong></span> <span class='ocrx_word' id='word_1_747' title='bbox 747 5787 848 5852; x_wconf 81' lang='lat' dir='ltr'><strong>Qui</strong></span> <span class='ocrx_word' id='word_1_748' title='bbox 899 5801 1196 5853; x_wconf 77' lang='lat' dir='ltr'><strong>sequuntur</strong></span> <span class='ocrx_word' id='word_1_749' title='bbox 1243 5806 1370 5845; x_wconf 82' lang='lat' dir='ltr'><strong>vero</strong></span> <span class='ocrx_word' id='word_1_750' title='bbox 1408 5791 1666 5859; x_wconf 86' lang='lat' dir='ltr'><strong>episcopi,</strong></span> <span class='ocrx_word' id='word_1_751' title='bbox 1697 5798 2065 5844; x_wconf 86' lang='lat' dir='ltr'><strong>memorantur</strong></span> 
     </span>
    </p>
   </div>
   <div class='ocr_carea' id='block_1_107' title="bbox 2177 4629 3741 4707">
    <p class='ocr_par' dir='ltr' id='par_1_107' title="bbox 2177 4629 3741 4707">
     <span class='ocr_line' id='line_1_107' title="bbox 2177 4629 3741 4707; baseline 0.008 -28"><span class='ocrx_word' id='word_1_752' title='bbox 2177 4630 2447 4702; x_wconf 80' lang='grc' dir='ltr'>λεγομένῃ</span> <span class='ocrx_word' id='word_1_753' title='bbox 2481 4629 2775 4700; x_wconf 85' lang='grc' dir='ltr'>Κουκουσῷ</span> <span class='ocrx_word' id='word_1_754' title='bbox 2814 4630 2914 4701; x_wconf 84' lang='grc' dir='ltr'>τῆς</span> <span class='ocrx_word' id='word_1_755' title='bbox 2936 4632 3349 4699; x_wconf 84' lang='grc' dir='ltr'>Καππαδοκίας,</span> <span class='ocrx_word' id='word_1_756' title='bbox 3382 4633 3572 4707; x_wconf 89' lang='grc' dir='ltr'>δήμιον</span> <span class='ocrx_word' id='word_1_757' title='bbox 3591 4637 3741 4705; x_wconf 72' lang='grc' dir='ltr'>ἐσχη-</span> 
     </span>
    </p>
   </div>
   <div class='ocr_carea' id='block_1_108' title="bbox 2186 4813 3737 4885">
    <p class='ocr_par' dir='ltr' id='par_1_108' title="bbox 2186 4813 3737 4885">
     <span class='ocr_line' id='line_1_108' title="bbox 2186 4813 3737 4885; baseline -0.001 -15"><span class='ocrx_word' id='word_1_758' title='bbox 2186 4816 2313 4871; x_wconf 91' lang='lat' dir='ltr'><strong>item</strong></span> <span class='ocrx_word' id='word_1_759' title='bbox 2371 4813 2471 4885; x_wconf 70' lang='lat' dir='ltr'><strong>sub</strong></span> <span class='ocrx_word' id='word_1_760' title='bbox 2501 4813 2713 4868; x_wconf 87' lang='lat' dir='ltr'><strong>initium</strong></span> <span class='ocrx_word' id='word_1_761' title='bbox 2742 4815 2993 4884; x_wconf 78' lang='lat' dir='ltr'><strong>Epistola:</strong></span> <span class='ocrx_word' id='word_1_762' title='bbox 3033 4818 3103 4871; x_wconf 85' lang='lat' dir='ltr'><strong>ad</strong></span> <span class='ocrx_word' id='word_1_763' title='bbox 3149 4815 3431 4872; x_wconf 79' lang='lat' dir='ltr'><strong>Solitarios</strong></span> <span class='ocrx_word' id='word_1_764' title='bbox 3465 4835 3485 4872; x_wconf 88' lang='lat'><strong><em>:</em></strong></span> <span class='ocrx_word' id='word_1_765' title='bbox 3522 4818 3609 4873; x_wconf 89' lang='lat' dir='ltr'><strong>sed</strong></span> <span class='ocrx_word' id='word_1_766' title='bbox 3646 4816 3737 4885; x_wconf 89' lang='lat' dir='ltr'><strong>qui</strong></span> 
     </span>
    </p>
   </div>
   <div class='ocr_carea' id='block_1_109' title="bbox 2184 4884 3737 4959">
    <p class='ocr_par' dir='ltr' id='par_1_109' title="bbox 2184 4884 3737 4959">
     <span class='ocr_line' id='line_1_109' title="bbox 2184 4884 3737 4959; baseline -0.001 -21"><span class='ocrx_word' id='word_1_767' title='bbox 2184 4887 2381 4959; x_wconf 72' lang='lat' dir='ltr'><strong>dicitur</strong></span> <span class='ocrx_word' id='word_1_768' title='bbox 2402 4884 2729 4959; x_wconf 63' lang='lat' dir='ltr'><strong>[Euphration</strong></span> <span class='ocrx_word' id='word_1_769' title='bbox 2759 4887 3110 4940; x_wconf 88' lang='lat' dir='ltr'><strong>Balanearum</strong></span> <span class='ocrx_word' id='word_1_770' title='bbox 3141 4925 3156 4950; x_wconf 95' lang='lat'><strong>,</strong></span> <span class='ocrx_word' id='word_1_771' title='bbox 3196 4888 3264 4941; x_wconf 89' lang='lat' dir='ltr'><strong>ibi</strong></span> <span class='ocrx_word' id='word_1_772' title='bbox 3286 4884 3737 4959; x_wconf 60' lang='lat' dir='ltr'><strong>Eurpparigpvciév</strong></span> 
     </span>
    </p>
   </div>
   <div class='ocr_carea' id='block_1_110' title="bbox 2183 4954 3732 5023">
    <p class='ocr_par' dir='ltr' id='par_1_110' title="bbox 2183 4954 3732 5023">
     <span class='ocr_line' id='line_1_110' title="bbox 2183 4954 3732 5023; baseline 0 -17"><span class='ocrx_word' id='word_1_773' title='bbox 2183 4954 2457 5017; x_wconf 82' lang='grc' dir='ltr'>Καλαναῖς</span> <span class='ocrx_word' id='word_1_774' title='bbox 2520 4968 2797 5023; x_wconf 85' lang='lat' dir='ltr'><strong>perperam</strong></span> <span class='ocrx_word' id='word_1_775' title='bbox 2850 4965 3092 5010; x_wconf 85' lang='lat' dir='ltr'><strong>vocatur.</strong></span> <span class='ocrx_word' id='word_1_776' title='bbox 3160 4954 3431 5021; x_wconf 50' lang='lat' dir='ltr'><strong>Anglia,</strong></span> <span class='ocrx_word' id='word_1_777' title='bbox 3464 4954 3732 5019; x_wconf 79' lang='grc' dir='ltr'>Βαλανία,</span> 
     </span>
    </p>
   </div>
   <div class='ocr_carea' id='block_1_111' title="bbox 2185 5024 3738 5098">
    <p class='ocr_par' dir='ltr' id='par_1_111' title="bbox 2185 5024 3738 5098">
     <span class='ocr_line' id='line_1_111' title="bbox 2185 5024 3738 5098; baseline 0 -21"><span class='ocrx_word' id='word_1_778' title='bbox 2185 5024 2531 5098; x_wconf 74' lang='lat' dir='ltr'><strong>Thco_doret_.,</strong></span> <span class='ocrx_word' id='word_1_779' title='bbox 2558 5024 2872 5098; x_wconf 80' lang='grc' dir='ltr'>Βαλαναῖαι.</span> <span class='ocrx_word' id='word_1_780' title='bbox 2912 5024 3031 5098; x_wconf 71' lang='lat' dir='ltr'><strong>Mox</strong></span> <span class='ocrx_word' id='word_1_781' title='bbox 3060 5025 3207 5089; x_wconf 89' lang='lat' dir='ltr'><strong>illud,</strong></span> <span class='ocrx_word' id='word_1_782' title='bbox 3238 5026 3345 5098; x_wconf 19' lang='grc' dir='ltr'>τὸν-</span> <span class='ocrx_word' id='word_1_783' title='bbox 3363 5026 3738 5098; x_wconf 82' lang='grc' dir='ltr'>θαυμασιώτα-</span> 
     </span>
    </p>
   </div>
   <div class='ocr_carea' id='block_1_112' title="bbox 2180 5094 3735 5165">
    <p class='ocr_par' dir='ltr' id='par_1_112' title="bbox 2180 5094 3735 5165">
     <span class='ocr_line' id='line_1_112' title="bbox 2180 5094 3735 5165; baseline 0 -19"><span class='ocrx_word' id='word_1_784' title='bbox 2180 5110 2292 5160; x_wconf 86' lang='grc' dir='ltr'>τον,</span> <span class='ocrx_word' id='word_1_785' title='bbox 2312 5095 2537 5165; x_wconf 71' lang='lat' dir='ltr'><strong>deestjn</strong></span> <span class='ocrx_word' id='word_1_786' title='bbox 2552 5096 2782 5165; x_wconf 80' lang='lat' dir='ltr'><strong>Anglie.,</strong></span> <span class='ocrx_word' id='word_1_787' title='bbox 2802 5111 2900 5150; x_wconf 78' lang='lat' dir='ltr'><strong>nec</strong></span> <span class='ocrx_word' id='word_1_788' title='bbox 2921 5094 3111 5148; x_wconf 89' lang='lat' dir='ltr'><strong>lectum</strong></span> <span class='ocrx_word' id='word_1_789' title='bbox 3137 5107 3220 5149; x_wconf 85' lang='lat' dir='ltr'><strong>est</strong></span> <span class='ocrx_word' id='word_1_790' title='bbox 3242 5111 3270 5148; x_wconf 90' lang='lat' dir='ltr'><strong>a</strong></span> <span class='ocrx_word' id='word_1_791' title='bbox 3302 5094 3525 5152; x_wconf 43' lang='lat' dir='ltr'><strong>Nanni‘o.</strong></span> <span class='ocrx_word' id='word_1_792' title='bbox 3545 5098 3735 5165; x_wconf 77' lang='lat' dir='ltr'><strong>Ibidem</strong></span> 
     </span>
    </p>
   </div>
   <div class='ocr_carea' id='block_1_113' title="bbox 2180 5160 3731 5233">
    <p class='ocr_par' dir='ltr' id='par_1_113' title="bbox 2180 5160 3731 5233">
     <span class='ocr_line' id='line_1_113' title="bbox 2180 5160 3731 5233; baseline 0 -16"><span class='ocrx_word' id='word_1_793' title='bbox 2180 5160 2415 5233; x_wconf 50' lang='lat' dir='ltr'><strong>Anglici,</strong></span> <span class='ocrx_word' id='word_1_794' title='bbox 2458 5160 2673 5228; x_wconf 74' lang='grc' dir='ltr'>Βόλτοξ,</span> <span class='ocrx_word' id='word_1_795' title='bbox 2739 5165 3084 5230; x_wconf 84' lang='lat' dir='ltr'><strong>Nanninsqne</strong></span> <span class='ocrx_word' id='word_1_796' title='bbox 3111 5165 3274 5218; x_wconf 87' lang='lat' dir='ltr'><strong>vertit</strong></span> <span class='ocrx_word' id='word_1_797' title='bbox 3302 5165 3510 5221; x_wconf 77' lang='lat' dir='ltr'><strong>Bullus.</strong></span> <span class='ocrx_word' id='word_1_798' title='bbox 3562 5164 3731 5233; x_wconf 79' lang='lat' dir='ltr'><strong>Theo-</strong></span> 
     </span>
    </p>
   </div>
   <div class='ocr_carea' id='block_1_114' title="bbox 2179 5232 3733 5297">
    <p class='ocr_par' dir='ltr' id='par_1_114' title="bbox 2179 5232 3733 5297">
     <span class='ocr_line' id='line_1_114' title="bbox 2179 5232 3733 5297; baseline -0.001 -10"><span class='ocrx_word' id='word_1_799' title='bbox 2179 5232 2350 5289; x_wconf 78' lang='lat' dir='ltr'><strong>doreti</strong></span> <span class='ocrx_word' id='word_1_800' title='bbox 2386 5243 2539 5288; x_wconf 91' lang='lat' dir='ltr'><strong>vetus</strong></span> <span class='ocrx_word' id='word_1_801' title='bbox 2562 5236 2729 5288; x_wconf 89' lang='lat' dir='ltr'><strong>editio</strong></span> <span class='ocrx_word' id='word_1_802' title='bbox 2756 5236 2974 5297; x_wconf 89' lang='grc' dir='ltr'>Πόντος.</span> <span class='ocrx_word' id='word_1_803' title='bbox 3005 5234 3205 5290; x_wconf 89' lang='lat' dir='ltr'><strong>Omnes</strong></span> <span class='ocrx_word' id='word_1_804' title='bbox 3236 5234 3326 5289; x_wconf 90' lang='lat' dir='ltr'><strong>alii</strong></span> <span class='ocrx_word' id='word_1_805' title='bbox 3369 5238 3562 5291; x_wconf 90' lang='lat' dir='ltr'><strong>rectius</strong></span> <span class='ocrx_word' id='word_1_806' title='bbox 3596 5232 3733 5286; x_wconf 69' lang='lat' dir='ltr'><strong>Hi1-</strong></span> 
     </span>
    </p>
   </div>
   <div class='ocr_carea' id='block_1_115' title="bbox 2175 5303 2896 5375">
    <p class='ocr_par' dir='ltr' id='par_1_115' title="bbox 2175 5303 2896 5375">
     <span class='ocr_line' id='line_1_115' title="bbox 2175 5303 2896 5375; baseline 0.004 -19"><span class='ocrx_word' id='word_1_807' title='bbox 2175 5321 2283 5368; x_wconf 86' lang='grc' dir='ltr'>τος,</span> <span class='ocrx_word' id='word_1_808' title='bbox 2308 5306 2682 5375; x_wconf 77' lang='lat' dir='ltr'><strong>eratqueurbs</strong></span> <span class='ocrx_word' id='word_1_809' title='bbox 2709 5303 2896 5375; x_wconf 70' lang='lat' dir='ltr'><strong>Syrim.</strong></span> 
     </span>
    </p>
   </div>
   <div class='ocr_carea' id='block_1_116' title="bbox 2248 5373 2963 5444">
    <p class='ocr_par' dir='ltr' id='par_1_116' title="bbox 2248 5373 2963 5444">
     <span class='ocr_line' id='line_1_116' title="bbox 2248 5373 2963 5444; baseline -0.003 -17"><span class='ocrx_word' id='word_1_810' title='bbox 2248 5373 2357 5443; x_wconf 77' lang='lat'><strong>(5.5)</strong></span> <span class='ocrx_word' id='word_1_811' title='bbox 2394 5373 2625 5443; x_wconf 80' lang='lat' dir='ltr'><strong>Anglic.,</strong></span> <span class='ocrx_word' id='word_1_812' title='bbox 2666 5373 2963 5444; x_wconf 55' lang='grc' dir='ltr'>ΪΑσκῆπαν.</span> 
     </span>
    </p>
   </div>
   <div class='ocr_carea' id='block_1_117' title="bbox 2248 5442 3729 5565">
    <p class='ocr_par' dir='ltr' id='par_1_117' title="bbox 2248 5442 3729 5565">
     <span class='ocr_line' id='line_1_117' title="bbox 2248 5442 3729 5565; baseline 0.001 -68"><span class='ocrx_word' id='word_1_813' title='bbox 2248 5444 2360 5565; x_wconf 46' lang='lat' dir='ltr'><strong>(Si?)</strong></span> <span class='ocrx_word' id='word_1_814' title='bbox 2376 5444 2624 5565; x_wconf 40' lang='lat' dir='ltr'><strong>ganglia,</strong></span> <span class='ocrx_word' id='word_1_815' title='bbox 2651 5442 2872 5517; x_wconf 70' lang='grc' dir='ltr'>θρᾲκης</span> <span class='ocrx_word' id='word_1_816' title='bbox 2902 5445 3061 5507; x_wconf 77' lang='grc' dir='ltr'>ὄντας</span> <span class='ocrx_word' id='word_1_817' title='bbox 3090 5444 3182 5498; x_wconf 81' lang='grc' dir='ltr'>ἐπ.</span> <span class='ocrx_word' id='word_1_818' title='bbox 3240 5442 3362 5498; x_wconf 81' lang='lat' dir='ltr'><strong>Mox</strong></span> <span class='ocrx_word' id='word_1_819' title='bbox 3390 5443 3729 5499; x_wconf 68' lang='lat' dir='ltr'><strong>TheodoreL.</strong></span> 
     </span>
     <span class='ocr_line' id='line_1_118' title="bbox 2336 5532 2549 5565; baseline 0 0"><span class='ocrx_word' id='word_1_820' title='bbox 2336 5532 2371 5565; x_wconf 86' lang='grc' dir='ltr'><strong>υ.</strong></span> <span class='ocrx_word' id='word_1_821' title='bbox 2496 5532 2549 5565; x_wconf 81' lang='grc' dir='ltr'>η.</span> 
     </span>
    </p>
   </div>
   <div class='ocr_carea' id='block_1_118' title="bbox 2174 5515 2686 5576">
    <p class='ocr_par' dir='ltr' id='par_1_118' title="bbox 2174 5515 2686 5576">
     <span class='ocr_line' id='line_1_119' title="bbox 2174 5515 2686 5576; baseline 0 0"><span class='ocrx_word' id='word_1_822' title='bbox 2174 5515 2267 5567; x_wconf 72' lang='grc' dir='ltr'><strong>καὶ</strong></span> <span class='ocrx_word' id='word_1_823' title='bbox 2292 5516 2439 5576; x_wconf 82' lang='grc' dir='ltr'>ἡμᾶς</span> <span class='ocrx_word' id='word_1_824' title='bbox 2465 5515 2549 5576; x_wconf 69' lang='grc' dir='ltr'>δή.</span> <span class='ocrx_word' id='word_1_825' title='bbox 2676 5566 2686 5576; x_wconf 86' lang='grc'><strong>.</strong></span> 
     </span>
    </p>
   </div>
   <div class='ocr_carea' id='block_1_119' title="bbox 2246 5517 3731 5654">
    <p class='ocr_par' dir='ltr' id='par_1_119' title="bbox 2246 5517 3731 5654">
     <span class='ocr_line' id='line_1_120' title="bbox 2246 5517 3731 5654; baseline -0.001 -17"><span class='ocrx_word' id='word_1_826' title='bbox 2246 5517 2636 5654; x_wconf 45' lang='grc' dir='ltr'><strong>(ὅῳῖᾶῖὸῗθηᾶτὶρ</strong></span> <span class='ocrx_word' id='word_1_827' title='bbox 2653 5566 2724 5651; x_wconf 65' lang='grc' dir='ltr'><em>έῆ</em></span> <span class='ocrx_word' id='word_1_828' title='bbox 2731 5607 2762 5651; x_wconf 85' lang='grc' dir='ltr'><strong>ς</strong></span> <span class='ocrx_word' id='word_1_829' title='bbox 2774 5585 3480 5650; x_wconf 73' lang='grc' dir='ltr'>Κωγσταντινθυπόλεως,</span> <span class='ocrx_word' id='word_1_830' title='bbox 3496 5576 3731 5654; x_wconf 58' lang='lat' dir='ltr'><strong>acii-3:1:</strong></span> 
     </span>
    </p>
   </div>
   <div class='ocr_carea' id='block_1_120' title="bbox 2175 5645 3727 5722">
    <p class='ocr_par' dir='ltr' id='par_1_120' title="bbox 2175 5645 3727 5722">
     <span class='ocr_line' id='line_1_121' title="bbox 2175 5645 3727 5722; baseline -0.001 -17"><span class='ocrx_word' id='word_1_831' title='bbox 2175 5645 2438 5707; x_wconf 72' lang='lat' dir='ltr'><strong>habentur</strong></span> <span class='ocrx_word' id='word_1_832' title='bbox 2468 5645 2611 5722; x_wconf 78' lang='lat' dir='ltr'><strong>apud</strong></span> <span class='ocrx_word' id='word_1_833' title='bbox 2638 5645 2960 5711; x_wconf 73' lang='lat' dir='ltr'><strong>Tliéodoret.</strong></span> <span class='ocrx_word' id='word_1_834' title='bbox 2994 5656 3029 5710; x_wconf 92' lang='lat' dir='ltr'><strong>l.</strong></span> <span class='ocrx_word' id='word_1_835' title='bbox 3076 5670 3136 5721; x_wconf 84' lang='lat' dir='ltr'><strong>ll,</strong></span> <span class='ocrx_word' id='word_1_836' title='bbox 3182 5671 3233 5710; x_wconf 92' lang='lat' dir='ltr'><strong>c.</strong></span> <span class='ocrx_word' id='word_1_837' title='bbox 3274 5654 3340 5721; x_wconf 85' lang='lat'><strong>5,</strong></span> <span class='ocrx_word' id='word_1_838' title='bbox 3377 5645 3603 5722; x_wconf 38' lang='lat' dir='ltr'><strong>etnapud</strong></span> <span class='ocrx_word' id='word_1_839' title='bbox 3628 5645 3727 5699; x_wconf 76' lang='lat' dir='ltr'><strong>Ni-</strong></span> 
     </span>
    </p>
   </div>
   <div class='ocr_carea' id='block_1_121' title="bbox 2173 5724 2706 5792">
    <p class='ocr_par' dir='ltr' id='par_1_121' title="bbox 2173 5724 2706 5792">
     <span class='ocr_line' id='line_1_122' title="bbox 2173 5724 2706 5792; baseline 0.002 -16"><span class='ocrx_word' id='word_1_840' title='bbox 2173 5724 2328 5792; x_wconf 86' lang='lat' dir='ltr'><strong>ceph.</strong></span> <span class='ocrx_word' id='word_1_841' title='bbox 2364 5724 2398 5776; x_wconf 94' lang='lat' dir='ltr'><strong>l.</strong></span> <span class='ocrx_word' id='word_1_842' title='bbox 2435 5739 2511 5790; x_wconf 83' lang='lat' dir='ltr'><strong>ix,</strong></span> <span class='ocrx_word' id='word_1_843' title='bbox 2540 5740 2587 5780; x_wconf 92' lang='lat' dir='ltr'><strong>c.</strong></span> <span class='ocrx_word' id='word_1_844' title='bbox 2620 5726 2706 5779; x_wconf 84' lang='grc'><strong>50.</strong></span> 
     </span>
    </p>
   </div>
  </div>
