3980 6504
500 447 598 505 651

1065 448 1122 504 S.
1165 444 1537 503 ATHANASII
1579 443 1728 500 OPP.
1771 445 1955 501 PARS
1995 447 2037 501 l.
2070 475 2138 486 ——
2177 439 2548 500 HISTORICA
2585 437 2674 492 ET
2717 436 3138 494 DOGMATICA.

3644 437 3740 496 652

572 567 625 622 6.
660 565 788 621 Post
817 568 931 622 hazc
976 568 1120 622 enim
1153 567 1536 624 Alexandriam
1574 582 1759 621 rursus
1791 567 2071 624 invadunt.

2248 563 2300 618 6.
2340 563 2580 618 Ἐκεῖθεν
2613 563 2721 634 γὰρ
2764 562 2859 617 καὶ
2891 563 2970 626 εἰς
3007 562 3106 632 τὴν
3155 559 3564 634 Ἀλεξάνδρειαν
3593 562 3744 617 πάλιν

499 675 704 728 nosque
731 662 904 714 denuo
948 661 1012 714 ad
1062 675 1246 716 necem
1282 663 1603 731 perquirunt
1631 677 1645 713 :
1672 659 1917 728 factaque
1949 668 2075 711 sunt

497 751 665 822 256
710 754 997 820 Ρηῐέεθιιιίθ
1046 753 1318 822 prioribus
1367 753 1570 821 pejora.
1635 750 1830 804 Milites
1879 750 2074 818 quippe

495 849 788 911 «to-repente
827 841 1114 896 ecclesiam
1162 842 1426 896 obsedere
1471 859 1484 894 :
1515 841 1842 908 bellicnsqne
1879 837 2076 891 tumul-

497 944 588 989 tus
621 935 739 986 vice
771 950 989 1002 precum
1023 945 1243 988 exortus
1268 943 1371 987 est.
1403 933 1605 987 Dehinc
1638 931 2075 1001 Quadragesima:

495 1037 742 1096 tempore
783 1029 1057 1096 ingressus
1109 1027 1374 1095 Georgius
1422 1041 1452 1079 e
1492 1025 1837 1094 Cappadocia
1865 1065 1880 1086 ,
1933 1024 2072 1077 mala

497 1133 618 1184 qua:
649 1133 678 1170 a
716 1120 990 1185 magistris
1022 1119 1125 1171 illis
1149 1121 1371 1172 edoctus
1407 1116 1580 1170 fuerat
1609 1117 1844 1169 adauxit.
1865 1115 2071 1169 Etenim

497 1219 626 1278 post
669 1209 1061 1264 heblomadam
1091 1210 1406 1275 Paschalis,
1440 1210 1683 1280 virgines
1719 1209 1770 1262 in
1799 1223 2070 1264 carcerem

498 1301 734 1370 conjici,
777 1303 1061 1370 episcopos
1109 1317 1138 1354 a
1185 1301 1446 1355 militibus
1475 1301 1684 1355 vinctos
1725 1300 1936 1363 abduci,
1980 1315 2070 1352 or-

493 1393 795 1461 phanornm
833 1393 1228 1462 viduarumqne
1269 1393 1460 1448 domos
1500 1403 1556 1446 et
1587 1407 1754 1459 panes
1781 1393 1958 1459 diripi,
2002 1391 2072 1443 ir-

495 1484 774 1552 ruptiones
809 1484 858 1536 in
897 1485 1085 1539 domos
1135 1485 1272 1550 fieri,
1310 1495 1471 1538 noctu
1503 1483 1844 1538 Christianos
1893 1482 2070 1551 dejici,

497 1577 686 1629 thtIIOS
715 1576 990 1646 obsignari
1017 1617 1031 1640 ,
1079 1574 1273 1630 fratres
1321 1575 1642 1631 clericorum
1687 1590 1782 1642 pro
1817 1574 2072 1627 fratribus

494 1667 810 1736 periclitari.
871 1667 995 1720 llzec
1054 1667 1270 1736 quidem
1337 1667 1584 1733 atrocia,
1647 1666 1740 1721 sed
1800 1666 2070 1720 atrociora

495 1757 691 1810 deinde
744 1763 1032 1810 consecuta
1088 1767 1214 1810 sunt
1253 1756 1537 1811 facinora:
1570 1771 1692 1810 nam
1741 1755 2073 1810 hebdomade

2175 657 2491 725 ἐπεφύησαν
2512 695 2526 717 ,
2566 653 2857 724 ζητοῦντες
2891 653 3052 706 πάλιν
3090 655 3237 724 ἡμᾶς
3275 654 3629 720 ἀποκτεῖναι,
3657 655 3743 708 καὶ

2173 749 2362 816 γέγονε
2391 747 2608 818 χείρονα
2637 745 2704 800 τὰ
2736 745 2830 799 νῦν
2857 745 2965 798 τῶν
2995 745 3274 818 προτέρων
3309 745 3440 812 (66).
3478 746 3740 817 Στρατιῶ-

2173 858 2264 892 ται
2284 839 2393 909 γὰρ
2421 838 2678 908 ἐξαίφνης
2720 838 2820 908 τὴν
2865 837 3160 908 ἐκκλησίαν
3198 837 3535 903 ἐκύκλωσαν,
3568 839 3659 892 καὶ
3682 838 3741 892 τὰ

2173 930 2280 982 τῶν
2309 929 2557 999 πολέμων
2588 929 2707 982 am
2736 929 2843 980 τῶν
2872 927 3047 998 εὐχῶν
3077 928 3305 996 ἐγίνετο.
3345 924 3458 981 Εἶτ’
3495 928 3739 982 εἰσελθὼν

2174 1021 2284 1093 (67)
2310 1025 2376 1093 τῇ
2403 1022 2823 1092 Τεσσαρακοστῇ
2861 1021 2890 1072 ὁ
2931 1021 3060 1089 παρ’
3101 1021 3280 1075 αὐτῶν
3313 1020 3641 1083 ἀποσταλεὶς
3686 1022 3741 1074 ἐκ

2172 1114 2572 1176 Καππαδοκίας
2599 1112 2888 1183 Γεώργιος,
2931 1111 3162 1182 ηὔξησεν
3193 1111 3229 1165 θ.
3267 1112 3396 1182 παρ’
3437 1109 3622 1163 αὐτῶν
3658 1127 3741 1179 με·

2176 1207 2389 1278 μάθηκε
2413 1206 2577 1259 κακά.
2613 1203 2766 1257 Μετὰ
2789 1202 2898 1274 γὰρ
2927 1202 2997 1255 τὰ
3037 1202 3148 1273 (68)
3180 1201 3386 1272 ’ἐϐδομα
3417 1200 3515 1254 τοῦ
3561 1200 3741 1270 Πάσχα

2172 1301 2428 1373 παρθένοι
2482 1300 2562 1362 εἰς
2623 1297 2994 1367 δεσμωτήριον
3065 1293 3386 1355 ἐϐάλλοντο,
3459 1291 3741 1344 ἐπίσκοποι

2171 1395 2366 1464 ἤγοντο
2396 1391 2500 1444 ὑπὸ
2533 1387 2879 1459 στρατιωτῶν
2917 1385 3221 1456 δεδεμένοι,
3249 1383 3503 1456 ὀρφανῶν
3532 1383 3626 1437 καὶ
3655 1399 3743 1453 χη-

2173 1484 2281 1556 ρῶν
2331 1479 2634 1554 ἡρπάζοντο
2683 1479 2851 1532 οἰκίαι
2902 1478 2996 1530 κα“ι
3037 1477 3191 1547 ἄρτοι
3220 1476 3361 1547 (69),
3395 1476 3577 1545 ἕφοῶι
3611 1475 3744 1529 κατὰ

2168 1578 2276 1630 τῶν
2299 1574 2481 1629 οἰκιῶν
2511 1573 2772 1642 ἐγίνοντο,
2800 1571 2896 1624 καὶ
2927 1570 3118 1633 νυκτὸς
3160 1572 3209 1624 oi.
3271 1569 3593 1641 Χριστιανοὶ
3617 1585 3740 1622 κατ-

2169 1669 2444 1739 εφέροντο,
2476 1661 2988 1734 ἐπεσφραγίσθησαν
3015 1663 3205 1724 οἰκίαι,
3231 1661 3326 1715 καὶ
3363 1660 3587 1727 ἀδελφοὶ
3617 1661 3739 1730 κλη-

2174 1759 2339 1832 ρικῶν
2379 1758 2520 1827 ὑπὲρ
2550 1756 2658 1809 τῶν
2681 1755 2924 1824 ἀδελφῶν
2949 1754 3303 1808 ἐκινδύνευον.
3335 1753 3448 1806 Καὶ
3477 1752 3628 1805 δεινὰ
3651 1753 3741 1823 μὲν

497 1855 620 1915 post
663 1857 906 1901 sanctam
946 1846 1326 1912 Pentecosten,
1377 1862 1497 1902 cum
1553 1846 1805 1916 pepulus,
1857 1847 2070 1916 expleto

2173 1852 2365 1919 ταῦτα,
2393 1854 2665 1924 δεινότερα
2697 1852 2753 1907 δέ
2771 1845 2854 1906 ’τὰ
2886 1853 3024 1924 μετὰ
3048 1853 3218 1906 ταῦτα
3250 1854 3580 1924 τολμήματα
3606 1851 3739 1922 (70)·

491 1937 731 2007 jejunio,
788 1936 979 1993 orandi
1043 1953 1205 1992 causa
1267 1938 1335 1992 ad
1391 1938 1768 1993 coemeterium
1819 1952 2069 2009 egressus

2173 1948 2237 2016 τῇ
2291 1914 2399 2016 γάρ
2433 1914 2685 2015 έδδομάδι
2735 1914 2898 2012 μετὰ.
2924 1945 3023 2014 τὴν
3072 1945 3235 2013 ἁγίαν
3289 1914 3744 2014 Πεντήκοστήνιό

497 2039 660 2095 esset,
699 2031 840 2099 quod
873 2046 1062 2086 omnes
1090 2045 1118 2084 a
1147 2029 1361 2100 Georgii
1395 2031 1773 2084 communione
1805 2031 2068 2083 abhorre-

495 2131 648 2176 rent:
684 2137 741 2176 re
769 2131 1045 2192 comperta
1071 2121 1521 2176 sceleratissimus
1549 2121 1656 2186 ille,
1691 2120 2067 2175 Sebastianum

495 2215 707 2277 ducem,
740 2211 1092 2267 Manichzeum
1144 2212 1440 2275 hominem,
1483 2213 1762 2266 concitat:
1800 2213 1887 2278 qui
1941 2227 2064 2266 mox

493 2319 616 2356 cum
647 2313 821 2358 turma
855 2304 1106 2367 militum,
1157 2319 1330 2366 arma,
1379 2303 1595 2356 strictos
1641 2301 1871 2371 gladios,
1910 2317 2068 2356 arcus

494 2407 549 2447 et
584 2395 687 2450 tela
722 2394 1032 2460 ferentium,
1084 2395 1198 2463 ipsa
1251 2394 1527 2448 Dominica
1579 2393 1663 2446 die
1709 2393 1762 2446 in
1814 2391 2064 2461 populum

493 2483 713 2554 irrupit,
747 2485 1043 2554 paucisque
1083 2483 1190 2537 illic
1217 2483 1270 2536 in
1299 2485 1547 2537 oratione
1576 2482 1804 2552 repertis
1827 2479 2064 2552 (plurimi

493 2591 727 2645 namque
749 2576 1066 2630 adveniente
1085 2575 1216 2628 hora
1241 2573 1620 2645 recesserant),
1649 2572 1769 2626 talia
1800 2573 2070 2627 commisit

495 2667 755 2731 facinora,
787 2666 965 2736 qualia
995 2667 1164 2719 virum
1191 2665 1416 2719 decebat
1442 2664 1658 2718 Arianis
1686 2663 2067 2732 obtemperan-

495 2770 626 2812 tem.
656 2757 788 2812 Nam
822 2773 1052 2812 accenso
1098 2772 1225 2819 rogo
1270 2758 1508 2825 virgines
1540 2757 1644 2825 igni
1679 2758 1923 2810 admotas
1951 2756 2068 2810 adi-

494 2851 653 2918 gebat
683 2858 742 2902 ut
770 2849 1036 2909 dicerent,
1071 2864 1128 2902 se
1156 2847 1424 2901 Arianica:
1456 2846 1578 2900 fidei
1611 2860 1728 2900 esse
1758 2865 1770 2900 :
1802 2856 1856 2899 ut
1883 2857 2060 2900 autem

494 2955 587 2994 eas
631 2941 738 2994 vim
785 2955 1061 3009 superare,
1098 2940 1382 3008 ignemque
1417 2938 1548 2991 nihil
1595 2952 1788 2992 curare
1816 2937 2062 2992 animad-

491 3031 678 3094 vertit,
732 3032 960 3086 nudatas
998 3033 1190 3086 iterum
1237 3032 1308 3084 ita
1357 3032 1406 3084 in
1460 3029 1651 3083 faciem
1685 3029 1844 3084 caedit
1877 3040 1932 3084 ut
1968 3045 2062 3099 per

493 3123 826 3192 aliquantum
859 3124 1112 3190 temporis
1146 3124 1234 3177 vix
1273 3123 1514 3190 dignmci
1547 3133 1786 3193 possent.

2173 2036 2298 2100 λαὸς
2329 2036 2631 2107 νηστεύσας
2674 2036 2861 2108 ἐξῆλθε
2916 2037 3042 2108 περὶ
3093 2036 3154 2089 τὸ
3200 2037 3564 2107 κοιμητήριον
3597 2034 3747 2098 εὖξα-

2177 2127 2297 2180 σθαι
2323 2127 2472 2197 (71),
2520 2127 2608 2180 διὰ
2650 2127 2710 2180 τὸ
2745 2126 2952 2190 πάντας
2996 2125 3433 2198 ἀποστρέφεσθαι
3480 2126 3579 2196 τὴν
3622 2125 3745 2196 πρὸς

2171 2215 2444 2286 Γεώργιον
2477 2215 2760 2270 κοινωνίαν
2781 2234 2793 2246 ·
2828 2216 2963 2269 ἀλλὰ
2992 2215 3150 2268 τοῦτο
3187 2215 3374 2287 μαθὼν
3408 2218 3438 2270 ὁ
3471 2217 3746 2287 παμπόνη-

2176 2323 2266 2376 ρος
2301 2306 2480 2371 αύτὸς,
2525 2306 2814 2376 παροξύνει
2847 2307 2937 2360 τὸν
2968 2305 3340 2378 στρατηλάτην
3366 2305 3744 2370 Σεϐαστιανδν,

2172 2397 2466 2465 Μανιχαῖον
2483 2397 2630 2462 ὅντα,
2653 2397 2746 2450 καὶ
2768 2397 2950 2450 λοιπὸν
2972 2397 3132 2460 αὐτὸς
3160 2398 3299 2468 μετὰ
3323 2398 3567 2469 πλήθους
3598 2417 3748 2470 στρα-

2145 2489 2380 2541 ·τιωτῶν
2401 2488 2582 2553 ,ὅπλα
2611 2490 2704 2542 καὶ
2739 2488 2867 2560 ξίφη
2918 2490 3099 2560 γυμνὰ
3122 2531 3136 2553 ,
3185 2491 3279 2544 καὶ
3314 2489 3448 2557 τόξα
3487 2491 3582 2544 καὶ
3624 2491 3746 2561 βέλη

2173 2579 2446 2650 φερόντων
2465 2620 2479 2644 ,
2509 2579 2766 2652 ὥρμησεν
2794 2583 2853 2634 ἐν
2895 2582 3030 2652 αὐτῇ
3075 2585 3140 2652 τῇ
3170 2583 3427 2653 Κυριακῇ
3469 2581 3611 2636 κατὰ
3641 2582 3750 2635 τῶν

2171 2670 2348 2724 λαῶν’
2385 2671 2479 2725 καὶ
2509 2671 2722 2739 ὀλίγους
2767 2671 2940 2744 εὑρὼν
2979 2672 3304 2744 εὐχομένους
3369 2675 3441 2741 (οἱ
3487 2674 3597 2744 γὰρ
3639 2673 3748 2744 (72)

2171 2761 2408 2816 πλεῖστοι
2447 2763 2631 2816 λοιπὸν
2658 2763 2744 2816 διὰ
2777 2764 2874 2834 τὴν
2904 2763 3051 2834 ὥραν
3074 2765 3534 2834 ἀναχωρήσαντες
3566 2760 3748 2835 ἦσαν),

2167 2853 2394 2906 τοιαῦτα
2427 2855 2720 2924 εἰργάσατο
2744 2895 2758 2919 ,
2791 2849 2880 2908 οἷα
2925 2855 3054 2926 παρ’
3092 2854 3270 2908 αὐτῶν
3307 2854 3554 2927 ἔπρεπεν
3595 2854 3752 2908 ἀκού-ι

2171 2959 2336 2997 σαντα
2380 2945 2602 3017 πρᾶξαι.
2650 2946 2933 3019 Πυρκαῖὰν
2972 2945 3080 3016 γὰρ
3117 2945 3329 3015 άνάψας
3354 2986 3368 3011 ,
3401 2947 3500 3000 καὶ
3551 2947 3753 3016 στήσας

2169 3036 2473 3106 παρθένους
2519 3038 2670 3110 παρὰ
2739 3038 2800 3090 τὸ
2846 3037 2977 3110 πῦρ,
3035 3037 3313 3108 ἠνάγκαζε
3357 3036 3542 3105 λέγειν
3589 3035 3750 3100 αὐτὰς

2167 3125 2276 3195 (75)
2303 3128 2401 3198 τῆς
2447 3128 2654 3199 Ἀρείου
2688 3129 2922 3193 πίστεως
2964 3125 3134 3182 εἶναι·
3173 3127 3248 3193 ὡς
3279 3129 3338 3181 δέ
3381 3128 3627 3192 νικώσας
3650 3129 3751 3196 ,αύ-

490 3213 590 3278 τὰς
633 3214 848 3278 ἔϐλεπε,
884 3215 984 3268 καὶ·
1035 3215 1107 3286 μὴ
1163 3213 1550 3285 φροντιζούσας
1610 3213 1706 3266 τοῦ
1766 3214 1954 3286 πυρὸς,
1991 3214 2278 3285 γυμνώσας
2303 3219 2520 3285 λοιπὸν,
2559 3219 2731 3284 οὕτως
2780 3219 3078 3290 κατέκοψεν
3121 3222 3202 3284 εἰς
3232 3219 3300 3273 τὰ
3347 3218 3652 3291 πρόσωπα,
3678 3218 3752 3282 ὡς

495 3306 633 3378 μετὰ
660 3308 849 3379 χρόνον
878 3306 1034 3377 μόγις
1068 3307 1235 3370 αὐτὰς
1261 3305 1686 3375 ἐπιγνωσθῆναι.

567 3402 618 3456 7.
651 3401 811 3456 Viros
837 3410 1015 3455 autem
1053 3402 1408 3468 quadraginta
1432 3403 1871 3468 comprehensos,
1914 3403 2062 3458 inso-
2091 3409 2132 3466 (ζ

493 3491 720 3548 lentiore
770 3493 930 3548 modo
980 3495 1329 3546 verberavit:
1366 3508 1489 3546 nam
1537 3493 1700 3562 virgis
1760 3494 2063 3562 palmarum

494 3597 689 3638 recens
720 3584 1034 3652 amputatis,
1081 3584 1272 3652 quibus
1318 3585 1494 3638 adhuc
1547 3585 1717 3638 aculei
1760 3586 2065 3652 haerebant,

495 3677 575 3730 sic
612 3689 798 3730 eorum
837 3685 986 3746 terga
1033 3676 1316 3742 laceravit,
1372 3685 1430 3730 ut
1485 3678 1742 3746 nonnul|i_
1768 3680 1837 3733 ob
1873 3679 2068 3734 infixos

497 3768 712 3823 aculeos
771 3768 967 3822 medici
1031 3783 1194 3836 opera
1240 3769 1434 3836 sacpius
1484 3770 1751 3838 eguerint,
1806 3771 1912 3824 imo
1941 3753 2065 3841 qui-

497 3862 621 3914 dam
647 3861 755 3914 vim
782 3859 1062 3928 plagarum
1087 3874 1188 3912 non
1219 3858 1452 3914 ferentes
1471 3862 1718 3916 exstincti
1745 3863 1870 3914 sint.
1899 3863 2069 3919 Porro

497 3960 764 4020 quotquot
813 3953 1302 4020 apprehenderant,
1351 3966 1454 4004 una
1495 3969 1615 4007 cum
1669 3956 1965 4022 virginibus
2002 3960 2067 4013 ad

497 4058 749 4112 magnam
798 4041 1106 4112 relegarunt
1151 4041 1337 4098 Oasin.
1376 4043 1559 4113 Neque
1600 4045 1750 4098 initio
1787 4062 2069 4103 concesse-

498 4143 625 4188 runt
655 4145 714 4187 ut
762 4133 1141 4188 defunctorum
1183 4149 1409 4206 corpora
1453 4136 1699 4205 cognatis
1733 4138 1842 4190 suis
1889 4141 2066 4195 trade-

497 4236 717 4291 rentur;
746 4226 839 4280 sed
891 4226 1004 4294 ipsa
1039 4226 1304 4280 arbitratu
1348 4242 1444 4282 suo
1480 4228 1821 4292 occultarum
1855 4230 2068 4299 abjecc-

498 4328 731 4388 runtque
764 4319 1030 4388 insepulta
1069 4333 1084 4371 :
1117 4320 1219 4372 rati
1259 4321 1338 4374 sic
1373 4336 1532 4390 posse
1570 4336 1721 4376 suam
1754 4321 1922 4376 latere
1947 4339 2069 4376 cru-

497 4411 792 4475 delitatem.
833 4409 946 4477 Qua
1001 4411 1052 4463 in
1108 4426 1165 4464 re
1208 4413 1468 4466 vecordes
1523 4412 1595 4464 illi
1646 4428 1836 4481 magno
1875 4414 2068 4465 mentis

495 4517 681 4558 errore
717 4505 1037 4558 tenebantur
1067 4521 1080 4556 :
1115 4519 1235 4556 nam
1267 4520 1388 4558 cum
1421 4503 1798 4558 defunctorum
1850 4505 2064 4574 cognati

495 4595 565 4646 de
586 4607 803 4648 suorum
829 4593 1043 4662 quidem
1075 4594 1414 4650 catifessione
1441 4598 1764 4664 gauderent,
1799 4595 2065 4665 lugerent-

497 4699 602 4752 que
635 4695 812 4740 tamen
855 4687 924 4739 ob
970 4687 1233 4740 subducta
1283 4703 1529 4758 corpora,
1579 4691 1691 4743 bmc
1735 4705 1867 4743 sane
1908 4705 2066 4743 causa

499 4877 844 4931 enarrantur,
877 4869 1044 4922 babes
1076 4868 1235 4920 etiam
1269 4866 1369 4918 sub
1405 4867 1563 4919 llnem
1623 4865 1890 4934 Apologia:
1941 4882 2069 4935 prte-
2101 4871 2144 4924 D

499 4939 764 5000 cedentis,
797 4949 849 4990 et
885 4939 936 4992 in
958 4938 1126 5006 Epist.
1157 4939 1221 4989 ad
1246 4935 1398 4990 Solit.

573 5008 684 5076 (66)
713 5007 923 5061 Socrat.
947 5005 1171 5072 ctNic.,
1203 5007 1271 5059 τὰ
1303 5005 1503 5076 ὕστερα
1535 5005 1752 5076 χείρονα
1781 5005 1888 5059 τῶν
1921 5005 2069 5076 πρώ-

499 5075 630 5134 των.
657 5076 773 5130 Mox
811 5078 942 5145 Reg.
973 5079 1125 5131 Socr.
1150 5087 1202 5130 et
1235 5077 1375 5138 Nic.,
1412 5075 1506 5129 καὶ
1536 5077 1603 5128 τὰ
1624 5075 1893 5146 πολέμων.
1929 5075 2066 5130 ΕίιΙὶιὶ

500 5151 596 5207 καὶ
627 5148 696 5202 τὰ
722 5147 828 5199 τῶν
858 5147 1124 5215 πολέμων.

572 5219 682 5289 (67)
705 5215 824 5289 Εἶτ’
847 5216 1153 5273 είσελθὼν.
1196 5215 1285 5269 Sic
1316 5215 1450 5284 Reg.
1485 5215 1642 5289 Socr.
1662 5225 1730 5289 _et
1771 5215 1898 5289 Nic.»
1929 5215 2070 5289 Editi

501 5286 743 5351 vero,'et
772 5288 979 5342 Thcod.
1024 5289 1160 5353 apud
1199 5300 1355 5354 quem
1419 5289 1532 5338 haec
1590 5286 1860 5340 habentur
1887 5287 1979 5341 lib.
2010 5302 2069 5350 ιι,

503 5376 622 5426 cap.
654 5359 740 5419 M.
771 5353 889 5411 εἶτα
922 5357 1108 5410 ἐλθών.

575 5430 686 5501 (68)
713 5429 995 5501 βὶεὸοοι.
1037 5426 1241 5501 Nic._et
1275 5441 1429 5501 ms_s.;
1485 5425 1537 5478 in
1597 5426 1753 5480 editis
1793 5427 1861 5480 τά
1903 5426 2068 5482 deest.

598 5495 686 5567 69)
713 5500 767 5552 1η
793 5497 998 5552 Theod.
1035 5497 1127 5567 κα)
1157 5495 1311 5567 ἄρτοι
1343 5497 1514 5567 deest.

598 5507 664 5554 69
714 5507 767 5552 In
794 5507 998 5552 't'heod.
1035 5507 1127 5549 καὶ
1157 5507 1311 5567 αρτοι
1343 5507 1514 5548 deest.

575 5507 690 5635 (70)
721 5569 972 5622 Socrates
997 5579 1050 5623 et
1080 5564 1222 5629 Nic.,
1246 5565 1643 5635 τετολμημένα.

577 5634 690 5708 (7t)
711 5637 871 5692 Ritus
904 5638 1088 5691 orandi
1119 5639 1171 5690 in
1209 5639 1534 5708 cmmeteriis
1572 5635 1710 5708 apud
1749 5634 2072 5708 ecclesiasti-

508 5704 600 5760 cos
629 5704 923 5776 scriptores
947 5721 1087 5774 saepe
1109 5707 1346 5776 occurrit
1371 5723 1383 5757 :
1411 5705 1488 5758 sic
1521 5706 1572 5757 in
1599 5704 2069 5776 Constitutionibua

510 5776 760 5901 Ἠιοδῖοιη
816 5776 910 5832 lib.
945 5791 1061 5841 vttt,
1109 5791 1156 5830 c.
1196 5775 1284 5841 30,
1349 5776 1490 5830 circa
1550 5775 1692 5844 quod
1757 5775 1874 5828 vide
1922 5785 2072 5830 notas

555 5856 640 5899 ote
663 5859 784 5900 cru.

537 5845 784 5900 iotelcrii.

2237 3403 2289 3456 7.
2331 3402 2560 3474 Ἀνδρας
2585 3402 2640 3456 δὲ
2665 3404 2944 3474 κρατήσας
2987 3401 3392 3474 τεσσαράκοντα
3411 3440 3426 3464 ,
3456 3399 3749 3470 καινοτέρῳ

2167 3497 2353 3566 τρόπῳ
2379 3494 2677 3563 κατέκοψεο
2710 3494 2936 3566 ῥάϐδους
2956 3494 3064 3564 γάρ
3095 3494 3191 3557 τὰς
3220 3491 3328 3546 ἀπὸ
3361 3489 3472 3544 τῶν
3496 3492 3747 3560 φοινίκων

2168 3587 2328 3652 εὐθὺς
2358 3587 2567 3657 τεμὼν,
2598 3589 2656 3640 ἐν
2683 3587 2874 3651 αύταῖς
2901 3585 3151 3656 ἐχούσαις
3183 3585 3295 3655 (74)
3332 3584 3414 3636 ἔτι
3454 3585 3585 3647 τοὺς
3625 3582 3745 3636 σκό·

2168 3681 2337 3743 λοπας
2381 3679 2450 3732 τὰ
2487 3679 2632 3732 νῶτα
2667 3679 2871 3732 τούτων
2920 3677 3093 3740 οὔτως
3144 3675 3446 3746 ἐξέδειρεν,
3487 3675 3567 3739 ὡς
3605 3672 3744 3735 τινας

2173 3772 2270 3842 μὲν
2305 3772 2566 3835 πολλάκις
2610 3771 3068 3842 χειρουργηθῆναι
3101 3769 3189 3822 διὰ
3228 3769 3356 3833 τοὺς
3382 3765 3743 3834 ἐναποπαγέν·

2167 3874 2265 3920 τας
2299 3858 2411 3926 (75)
2443 3860 2500 3910 ἐν
2525 3859 2709 3922 αὐτοῖς
2735 3858 3021 3922 σκόλοπας,
3047 3856 3201 3920 τινὰς
3232 3856 3288 3909 δὲ
3317 3857 3413 3910 καὶ
3451 3857 3527 3928 μὴ
3571 3855 3742 3925 φέρον-

2170 3966 2268 4012 τας
2298 3949 2605 4003 ἀποθανεῖν.
2636 3951 2850 4014 Πάντας
2885 3950 2981 4020 μὲν
3013 3945 3106 4002 οὖν
3147 3950 3273 4012 τοὺς
3320 3947 3740 4020 περιληφθέντας

2171 4041 2399 4113 ἁθρόως,
2435 4041 2527 4094 καὶ
2552 4043 2651 4113 τὴν
2682 4042 2946 4115 παρθένον
2966 4081 2980 4104 ,
3018 4039 3284 4112 ἐξώρισαν
3330 4043 3412 4104 είς
3438 4042 3538 4112 τὴν
3581 4039 3737 4111 μεγά-

2169 4133 2266 4205 λην
2301 4135 2493 4185 ὐασιν
2513 4151 2525 4163 ·
2555 4133 2622 4186 τὰ
2653 4133 2711 4186 δὲ
2730 4129 2973 4204 ’σώματα
3003 4131 3109 4185 τῶν
3131 4131 3600 4200 τετελευτηκότων
3626 4128 3732 4182 οὐδὲ

2169 4227 2280 4287 τοῖς
2317 4224 2465 4288 ἰδίοις
2491 4225 2631 4278 κατὰ
2657 4225 2755 4296 τὴν
2799 4224 2970 4296 ἀρχὴν
3010 4223 3342 4294 ἀποδοθῆναι
3387 4224 3735 4292 πεποιήκασιν

2171 4318 2305 4385 (76),
2353 4317 2465 4370 ἀλλ’
2513 4317 2752 4389 ἔκρυψαν
2797 4318 2871 4381 ὡς
2903 4317 3209 4387 ἠθέλησαν,
3255 4317 3438 4384 ἄταφα
3477 4315 3733 4385 βαλόντες,

2173 4411 2311 4481 ὑπὲρ
2367 4409 2460 4462 τοῦ
2523 4410 2701 4463 δοκεῖν
2755 4411 2950 4470 αὐτοὺς
2995 4409 3280 4464 λανθάνειν
3329 4410 3430 4481 τὴν
3485 4405 3735 4474 τοσαύτην

2170 4503 2448 4573 ὠμότητα.
2490 4503 2796 4574 Πράττουσι
2830 4501 2885 4553 δὲ
2918 4500 3079 4553 τοῦτο
3112 4499 3507 4572 πεπλανημένη
3547 4501 3608 4568 τῇ
3634 4497 3734 4548 δια-

2171 4597 2288 4666 νοίᾳ
2313 4594 2423 4665 (77)
2459 4597 2508 4648 οἱ
2536 4596 2883 4666 παράφρονες
2907 4610 2918 4622 ·
2953 4591 3060 4645 τῶν
3083 4591 3191 4661 γὰρ
3220 4591 3438 4646 οἰκείων
3465 4590 3570 4644 τῶν
3592 4603 3721 4642 τετε-

2171 4687 2530 4757 λευτηκότων,
2567 4687 2863 4757 χαιρόντων
2898 4684 2994 4755 μὲν
3022 4684 3109 4738 διὰ
3141 4684 3241 4754 τὴν
3277 4682 3587 4753 ὁμολογίαν,
3611 4677 3731 4749 θρη-

2248 4865 2359 4936 (72)
2385 4864 2758 4936 Tbeodorctns
2790 4863 2852 4934 δή
2889 4870 3006 4936 po‘st
3054 4858 3339 4936 ydp.__Mogr
3398 4859 3646 4936 Socrates.
3678 4864 3730 4912 et

2173 4929 2420 5005 Hice-plu,
2455 4929 2908 5005 ἀναχωρήσαντες
2940 4929 3538 5005 ἕτυνχονζέηιυιυωροξι
3581 4929 3726 5005 iidem

2169 5003 2254 5060 οἷα
2272 4998 2346 5058 πά
2357 4998 2595 5076 piamen
2607 4998 2810 5074 ἔπρεπε
2829 4998 3149 5073 πραχθῆναι.
3161 5001 3445 5070 Πυρκαῖάν
3460 5000 3528 5069 γά
3533 5017 3562 5070 ρ
3579 4998 3722 5065 ἅψας.

2243 5099 2353 5161 (75)
2391 5098 2480 5152 Sic
2515 5099 2665 5153 Socr.
2696 5109 2749 5154 et
2791 5097 2932 5162 Nic.;
2971 5096 3099 5163 Reg.
3137 5103 3192 5148 et
3247 5093 3478 5156 Theod.,
3522 5091 3720 5163 ἑαυτάς,

2173 5159 2301 5224 editi
2338 5169 2582 5231 ἑαυτούς.
2614 5170 2731 5224 Mox
2767 5159 3066 5230 ίιιιεοίκαῖ
3089 5164 3163 5235 μὴ
3204 5163 3589 5236 φροντιζούσας
3639 5159 3723 5213 τοῦ

2177 5239 2369 5310 πυρός,
2413 5241 2609 5293 desunt
2635 5240 2684 5291 in
2720 5237 2930 5306 Anglic.

2247 5331 2357 5401 (74)
2392 5331 2480 5385 Sic
2518 5329 2648 5399 Reg.
2675 5339 2728 5384 et
2754 5329 2868 5383 Nic.
2898 5327 3036 5384 Editi
3055 5367 3069 5390 ,
3102 5327 3159 5377 ἐν
3189 5325 3380 5389 αὐταῖς
3404 5323 3633 5395 ἐχούσας.

2247 5423 2359 5498 (7.3)
2384 5423 2733 5498 Sicediti._At
2762 5419 2958 5498 Regius
2981 5418 3171 5498 cedes:
3200 5416 3356 5473 Socr.
3382 5415 3582 5498 et'tfiic”
3603 5413 3721 5465 ἀπο-
3766 5463 3794 5494 ᾗ

2179 5483 2469 5562 παγέντας.
2525 5492 2690 5546 Paulo
2726 5483 2852 5555 post
2880 5488 3082 5556 Anglic.
3127 5485 3253 5541 Sec.
3317 5497 3371 5539 et
3410 5483 3548 5545 Nic.,
3579 5498 3717 5550 περι-

2177 5563 2512 5631 λειφθέντας.
2546 5562 2661 5614 Mox
2694 5557 3052 5631 Theod.._rcitc
3079 5557 3400 5628 παρθένους.
3459 5554 3576 5609 Haec
3605 5554 3714 5604 item

2181 5628 2510 5687 enarrantur
2539 5633 2592 5685 in
2625 5631 2885 5700 Epist.ad
2917 5628 3070 5700 Sciit.

2414 5693 2680 5778 Socrates
2697 5711 2750 5754 et
2773 5699 2886 5778 Nic.
2905 5740 2918 5762 ,
2957 5695 3283 5778 ἀποδοθῆναι
3309 5693 3681 5778 συνεχώρησανέ

2255 5756 2368 5840 (77)
2411 5769 2663 5826 Socrates
2705 5781 2759 5826 et
2819 5756 3190 5840 Nicephorius;
3218 5756 3604 5840 πεπλανημένοι
3649 5756 3709 5824 5-,?)

2181 5836 2408 5913 διανοίᾳ.
2442 5841 2790 5908 'l‘hcodoret.,
2827 5836 3234 5907 πεπλανημένοι
3261 5837 3356 5908 τὴν
3381 5836 3613 5889 διάνοιαν.
