3980 6492
247 460 341 517 655

1400 463 1745 522 APOLOGIA
1784 462 1873 519 DE
1914 466 2100 524 FUGA
2142 468 2294 526 SUA.

3374 466 3478 523 654

248 576 462 633 νούντων
484 575 541 630 δὲ
573 575 662 630 διὰ
693 576 762 631 τὰ
794 576 1042 648 σώματα,
1069 576 1250 648 μεῖζον
1272 579 1517 651 ὲξηχεῖτο
1543 584 1656 654 (78)
1689 587 1806 637 κατ’

1921 586 2013 644 fuit
2043 600 2101 644 ut
2132 591 2304 660 magis
2341 591 2618 662 magisque
2648 590 3002 661 vulgarentur
3045 605 3230 646 eorum
3282 590 3477 657 impio-

245 668 406 724 αὐτῶν
447 669 476 721 ό
516 669 615 740 τῆς
650 670 904 732 ἀσεϐείας
942 672 1035 724 καὶ
1082 671 1362 743 ὠμότητος
1403 674 1640 745 ἔλεγχος.
1694 677 1804 729 Καὶ

245 760 342 832 γὰρ
362 759 521 823 εὐθὺς
566 760 674 812 ἀπὸ
713 760 812 829 τῆς
849 760 1124 828 Αἰγύπτου
1163 764 1256 815 καὶ
1300 764 1406 818 τῶν
1447 766 1662 819 Λιευῶν
1720 767 1804 831 ἐξ-

242 852 433 922 ώρισαν
489 851 585 920 μὲν
628 851 957 914 ἐπισκόπους
1012 853 1348 923 Ἀμμώνιον,
1402 856 1603 911 Μούῖον
1668 858 1799 929 (79),

242 945 405 1009 Γάϊον,
447 943 690 1008 Φίλωνα,
734 944 974 1015 Ἑρμῆν,
1007 945 1269 1017 Πλήνιον,
1311 948 1631 1021 Ψενόσιριν,
1675 951 1799 1003 Νει-

240 1035 512 1106 λάμμωνα,
557 1035 805 1104 Ἀγαθὸν,
872 1036 1236 1107 ’Δνάγαμφον,
1284 1039 1529 1109 Μάρκον,
1578 1040 1799 1111 Ἀμμώ-

240 1146 358 1192 νιον,
389 1126 571 1199 ἕτερον
603 1127 829 1198 Μάρκον
851 1169 866 1193 ,
899 1129 1223 1201 Δρακόντιον
1245 1174 1258 1195 ,
1298 1112 1599 1201 ’λδέλφιον,
1648 1114 1799 1202 ’Δόη-

238 1221 453 1291 νόδωρον
476 1237 489 1249 ο
521 1221 614 1273 καὶ
654 1221 1057 1293 πρεσϐυτέρους
1093 1222 1310 1295 Ἰέρακα
1358 1225 1451 1276 καὶ
1481 1224 1796 1296 Διόσκορον·

238 1313 321 1366 καὶ
350 1311 488 1365 οὕτω
518 1312 730 1384 πικρῶς
767 1313 974 1385 ἤλασαν
1008 1316 1203 1378 αὐτοὺς
1223 1355 1236 1379 ,
1269 1314 1343 1379 ὡς
1374 1316 1526 1380 τινὰς
1571 1317 1668 1387 μὲν
1701 1318 1799 1370 αύ-

237 1404 332 1457 τῶν
361 1403 470 1475 (80)
497 1405 555 1459 ὲν
586 1407 706 1468 ταῖς
734 1405 893 1469 ὁδοῖς,
922 1405 1141 1469 τινὰςδὲ
1162 1409 1219 1459 ἐν
1246 1406 1393 1477 αύτῷ
1417 1407 1494 1477 τῷ
1526 1407 1798 1479 ὲξορισμῷ

236 1496 532 1551 ἀποθανεῖν.
551 1496 954 1565 Ἐφυγὰδευσαν
973 1496 1030 1549 δὲ
1051 1497 1381 1560 ἐπισκόπους
1406 1497 1621 1561 πλείους
1646 1497 1800 1567 τριά-

236 1606 389 1643 κοντα
410 1589 523 1661 (81)
547 1605 559 1617 ·
589 1589 795 1661 σπουδὴ
829 1589 938 1660 γὰρ
966 1584 1033 1661 ἦν
1067 1590 1249 1654 αὐτοῖς
1281 1590 1422 1643 κατὰ
1440 1590 1529 1644 τὸν
1558 1590 1761 1661 Ἀχαὰὸ
1780 1631 1793 1654 ,

235 1682 278 1733 εί
305 1681 544 1743 δυνατὸν,
585 1681 778 1752 ἐξᾶραι
835 1681 933 1752 τὴν
983 1680 1261 1751 ἀλήθειαν.
1299 1680 1410 1751 (82)
1453 1681 1584 1735 Ἰδοὺ
1625 1679 1801 1739 ταῦτα

234 1773 329 1825 τῶν
365 1772 578 1825 ἀσεϐῶν
608 1772 676 1825 τὰ
707 1772 1048 1843 τολμήματα.

292 1863 343 1919 8.
374 1862 562 1917 Ταῦτα
618 1863 855 1937 δρῶντες
905 1863 999 1917 καὶ
1052 1868 1126 1935 μὴ
1178 1865 1540 1937 ἐντραπέντες
1585 1866 1669 1934 ἐφ’
1718 1862 1798 1930 οἷς

1914 682 2038 737 tatis
2071 682 2514 752 crudelitatisque
2541 691 2884 753 argumenta.
2917 681 3116 738 Verum
3146 681 3220 736 illi
3256 698 3378 737 mox
3410 698 3473 735 ex

1909 774 2137 845 Egypto
2166 786 2221 831 et
2256 775 2445 846 Libyis
2481 775 2534 830 in
2587 775 2837 829 exsilium
2882 775 3146 829 miserunt
3197 774 3478 841 episcopus

1910 868 2275 935 Amtnonium,
2330 868 2826 935 Muium,‘Gaium,
2873 868 3175 932 Philonem,
3219 862 3473 930 Ilermen,

1908 962 2177 1029 Plenium,
2202 963 2554 1031 Psenosirim,
2579 962 2990 1025 Nilammonem,
3015 961 3301 1030 Agathum,
3326 957 3474 1011 Ana-

1909 1057 2222 1125 gamphum,
2257 1056 2517 1121 Marcum,
2548 1055 2915 1116 Ammonium,
2945 1053 3175 1108 alterum
3210 1050 3471 1111 Marcum.

1908 1147 2279 1212 Dracontium,
2307 1146 2646 1216 Adelphium,
2678 1144 3126 1207 Athenodorum;
3163 1149 3216 1195 et
3246 1138 3472 1208 presby-

1906 1245 2072 1305 teros,
2102 1236 2403 1300 ,Hicracem
2437 1248 2492 1293 et
2523 1237 2863 1300 Dioscorum,
2898 1250 3032 1304 quos
3070 1242 3218 1288 tanta
3266 1230 3473 1287 acerbi-

1907 1339 2014 1384 tate
2046 1329 2388 1399 expulerunt,
2435 1339 2491 1383 ut
2539 1330 2748 1384 illorum
2779 1328 2996 1396 quidam
3027 1327 3078 1381 in
3109 1325 3325 1390 itinere,
3350 1322 3473 1393 qui-

1907 1423 2029 1477 dam
2066 1422 2118 1476 in
2165 1422 2339 1478 exsilii
2372 1421 2488 1476 loco
2536 1420 2837 1475 interirent.
2872 1420 3166 1489 Episcopos
3197 1432 3323 1471 vero
3354 1414 3471 1485 plus

1906 1514 2128 1583 triginta
2182 1514 2235 1567 in
2284 1512 2443 1583 257
2496 1510 2679 1579 fugam
2731 1520 3010 1565 verterunt
3043 1527 3056 1562 :
3086 1523 3148 1563 ea
3183 1508 3324 1562 enim
3370 1506 3473 1561 illis

1905 1605 2354 1675 quemadmodum
2384 1605 2608 1659 Achab’o
2648 1618 2780 1659 cura
2819 1602 2939 1664 fuit,
2970 1609 3051 1665 ut,
3090 1600 3134 1655 si
3166 1600 3323 1653 modo
3356 1597 3474 1653 ﬁeri

1903 1705 2106 1767 posset,
2142 1697 2425 1751 veritatem
2476 1696 2542 1750 de
2587 1695 2761 1751 medio
2799 1693 3071 1749 tollerent.
3119 1692 3199 1746 En
3235 1691 3322 1745 illa
3357 1691 3473 1759 ipsa

1905 1793 2033 1855 sunt
2056 1784 2343 1852 impiorum
2376 1782 2639 1837 facinora.
3090 1852 3093 1855 γ

1975 1872 2029 1929 8.
2068 1869 2194 1927 Haec
2223 1887 2344 1926 cum
2372 1872 2445 1925 illi
2490 1881 2670 1941 agant,
2706 1884 2805 1927 nec
2836 1870 3030 1939 pudeat
3063 1856 3324 1928 malorum
3356 1882 3475 1937 qua:

232 1957 486 2029 πρότερον
516 1956 626 2028 (85)
658 1957 776 2011 καθ’
806 1957 963 2028 ἡμῶν
990 1958 1287 2030 ὲτύρευσαν
1330 1961 1520 2022 κακοῖς
1543 1999 1557 2023 ,
1588 1958 1667 2012 ἔτι
1708 1958 1803 2014 καὶ

1921 1963 2187 2016 idversum
2218 1976 2315 2017 nos
2360 1960 2533 2016 moliti
2568 1969 2711 2027 sunt,
2748 1976 2847 2016 nos
2875 1961 3171 2015 etiamnum
3218 1960 3340 2015 ideo
3364 1959 3474 2014 cri-

231 2046 316 2101 νῦν
340 2045 739 2118 κατηγοροῦσιν
763 2088 778 2112 ,
819 2049 1075 2117 ἐκφυγεῖν
1117 2048 1441 2120 δυνηθέντας
1476 2050 1654 2103 αὐτῶν
1700 2049 1799 2114 τὰς

230 2138 581 2209 ἀνδροφόνους
623 2141 808 2209 χεῖρας
831 2156 844 2169 °
884 2140 1085 2210 μᾶλλον
1135 2140 1191 2192 δὲ
1240 2140 1521 2212 ὀδύρονται
1566 2142 1797 2213 πικρῶς,

229 2229 299 2281 ὅτι
327 2230 399 2300 μὴ
431 2230 531 2282 καὶ
559 2228 803 2283 ἐκποδὼν
846 2230 1029 2284 τέλεον
1068 2233 1436 2303 πεποιήκασι·
1480 2234 1571 2286 καὶ
1614 2232 1800 2286 λοιπὸν

229 2323 647 2392 προφασίζονται
678 2323 881 2377 δειλίαν
901 2324 1202 2389 ὀνειδίζειν,
1234 2325 1555 2394 ἀγνοοῦντες
1580 2327 1684 2393 ὅτι,
1708 2326 1801 2379 κα)⁵

226 2413 370 2467 τοῦτο
398 2414 782 2483 γογγύζοντες,
808 2418 887 2480 είς
915 2418 1140 2481 ἑαυτοὺς
1172 2420 1559 2490 ἐπιστρέφουσι
1602 2420 1800 2490 μᾶλλον

226 2506 315 2577 τὴν
354 2506 586 2578 μέμψιν.
618 2508 682 2560 Ei
713 2508 822 2578 γὰρ
858 2508 1061 2578 φαῦλον
1090 2509 1152 2562 τὸ
1192 2510 1436 2580 φεύγειν,
1472 2511 1650 2582 πολλῷ
1693 2514 1802 2583 χεῖ-

226 2612 310 2667 ρον
334 2598 394 2650 τὸ
429 2596 685 2651 διώκειν·
719 2600 747 2650 ὁ
776 2598 874 2668 μὲν
911 2599 1041 2670 γὰρ,
1083 2600 1172 2652 ἵνα
1223 2600 1297 2671 μὴ
1350 2600 1627 2672 ἀποθάνῃ,
1670 2600 1802 2671 κρύ-

225 2705 438 2755 πτεται,
476 2691 506 2743 ὁ
540 2690 597 2743 δὲ
638 2690 824 2745 διώκει
860 2691 1039 2763 ζητῶν
1072 2694 1421 2746 ἀποκτεῖναι·
1474 2694 1566 2747 καὶ
1601 2693 1663 2746 τὸ
1703 2694 1801 2765 μὲν

223 2782 435 2852 φεύγειν
458 2783 793 2855 γέγραπται·
827 2787 856 2837 ό
875 2785 932 2838 δὲ
957 2785 1137 2855 ζητῶν
1158 2787 1453 2857 ἀναιρῆσαι
1478 2786 1801 2858 παραϐαίνει

223 2874 404 2945 νόμον,
436 2876 538 2929 καὶ
576 2876 774 2947 μᾶλλον
818 2878 980 2941 αὐτὸς
1011 2877 1111 2949 τὴν
1145 2877 1418 2949 πρόφασιν
1449 2877 1543 2931 τοῦ
1580 2878 1802 2949 φεύγειν

221 2964 325 3036 (84)
350 2967 609 3038 παρέχει.
655 2969 827 3040 Εἴπερ
852 2963 945 3023 οὖν
986 2968 1083 3040 τὴν
1125 2969 1301 3042 φυγὴν
1339 2970 1683 3036 ὀνειδίζουσι,
1726 2973 1804 3025 ὲν-

220 3060 571 3129 τρεπέτωσαν
602 3062 764 3114 πλέον
804 3064 1028 3125 ἑαυτοὺς
1070 3059 1363 3126 διώκοντας
1388 3080 1402 3094 ·
1446 3062 1803 3118 παυέσθωσαν

218 3151 320 3223 γὰρ
347 3152 797 3217 ἐπιϐουλεύοντες
822 3193 837 3217 ,
867 3152 961 3207 καὶ
997 3152 1291 3207 παύσονται
1321 3154 1368 3206 oi
1396 3153 1685 3223 φεύγοντες
1715 3155 1805 3207 εύ-

219 3243 329 3308 Θύς.
363 3245 535 3299 Ἀλλὰ
566 3246 664 3316 τῆς
697 3246 792 3316 μὲν
819 3246 954 3310 ἰδίας
988 3247 1254 3318 πονηρίας
1293 3248 1354 3300 ού
1381 3247 1677 3313 παύονται,
1710 3248 1802 3301 τοῦ

1906 2054 2201 2120 minantur,
2235 2055 2375 2123 quod
2422 2052 2800 2124 sanguinarias
2849 2053 3063 2108 illorum
3116 2067 3309 2107 manus
3340 2034 3489 2105 etin-3

1907 2144 2177 2215 gerimus;
2218 2145 2329 2199 imo
2359 2144 2536 2214 potius
2574 2144 2767 2199 acerbe
2792 2143 2996 2214 lugent,
3026 2142 3167 2211 quod
3196 2157 3281 2197 me
3314 2155 3420 2195 non
3443 2155 3474 2196 e

1906 2235 2086 2291 medio
2132 2250 2353 2306 prorsus
2410 2236 2729 2291 sustulerint
2758 2254 2772 2290 :
2801 2251 2864 2290 ac
2917 2235 3168 2302 deinceps
3222 2233 3472 2288 simulate

1909 2328 2250 2383 timiditatem
2300 2331 2628 2399 exprobrant
2659 2347 2673 2384 :
2710 2345 2817 2384 non
2863 2328 3224 2399 intelligentes
3257 2342 3315 2383 se
3345 2328 3469 2382 dum

1908 2416 1980 2471 ita
2018 2418 2449 2483 obmurmurant,
2485 2420 2538 2473 in
2571 2433 2628 2474 se
2656 2419 2834 2488 potius
2885 2419 3054 2487 ipsam
3103 2425 3319 2473 vertere
3363 2419 3474 2471 cri-

1910 2508 2280 2565 minationem.
2316 2510 2451 2564 Nam
2497 2511 2543 2566 si
2580 2520 2737 2580 turpe
2769 2520 2852 2566 est
2886 2508 3099 2580 fugere,
3133 2508 3301 2563 multo
3329 2507 3478 2562 dete-

1909 2602 2021 2656 rius
2053 2603 2301 2671 persequi
2332 2622 2344 2657 :
2380 2602 2471 2673 qui
2495 2600 2632 2674 fugit
2655 2603 2823 2670 enim,
2850 2602 3040 2655 mortis
3063 2601 3292 2655 vitandae
3312 2614 3476 2656 causa

1909 2708 1968 2749 se
1996 2694 2284 2761 subducit;
2321 2694 2410 2749 hic
2454 2703 2634 2749 autem
2682 2694 2801 2749 ideo
2845 2691 3207 2762 persequitur,
3246 2701 3304 2745 ut
3342 2687 3479 2759 peri-

1910 2796 2023 2841 mat
2053 2798 2212 2855 quem
2260 2786 2506 2855 inquirit.
2544 2786 2703 2853 Quod
2742 2794 2921 2841 autem
2963 2784 3149 2855 fugere
3198 2783 3378 2850 liceat,
3424 2781 3479 2835 id

1911 2879 2203 2951 Scriptura:
2224 2890 2493 2935 testantur
2526 2899 2539 2934 :
2586 2878 2677 2948 qui
2706 2888 2884 2933 antem
2914 2875 3269 2931 interficiendi
3296 2873 3478 2928 animo

1910 2973 2157 3043 inquirit,
2203 2972 2247 3027 is
2280 2970 2909 3042 legemtransgreditur,
2949 2971 3056 3023 imo
3102 2969 3217 3036 ipse
3266 2973 3350 3020 cst
3386 2964 3478 3033 qui

1911 3068 2149 3137 fugiendi
2171 3082 2387 3122 causam
2410 3065 2633 3135 praebet.
2655 3063 2711 3119 Si
2737 3063 2898 3133 igitur
2924 3061 3101 3131 fugam
3128 3059 3476 3129 exprobrant,

1912 3175 1970 3215 se
2000 3158 2172 3230 magis
2206 3158 2405 3229 pudeat
2447 3156 2592 3226 quod
2639 3162 3053 3226 persequantur.
3097 3151 3352 3205 Desinant
3396 3150 3478 3203 in-

1913 3248 2079 3304 sidias
2130 3248 2373 3311 tendere,
2415 3261 2541 3301 mox
2592 3246 2817 3316 gradum
2870 3238 3063 3298 sistent
3103 3241 3196 3310 qui
3246 3240 3477 3310 fugiunt.

217 3336 271 3389 δὲ
299 3337 639 3391 καταλαϐεῖν
672 3337 780 3408 (85)
803 3338 964 3391 ἕνεκα
1001 3338 1176 3391 πάντα
1209 3337 1542 3408 πράττουσιν
1566 3355 1578 3367 ·
1606 3338 1704 3391 ούκ
1737 3340 1805 3391 εί-

1921 3340 2018 3397 Sed
2047 3356 2319 3410 nunquam
2344 3339 2419 3395 illi
2449 3354 2561 3395 sua:
2584 3340 2747 3393 tinem
2774 3338 3052 3408 imponent
3082 3331 3482 3388 malitiannihil

220 3427 388 3495 δότες,
408 3431 495 3483 ὅτι
512 3429 622 3482 τῶν
644 3430 989 3501 διωκομένων
1021 3432 1054 3501 ἡ
1084 3430 1228 3500 φυγὴ
1255 3430 1425 3500 μέγας
1447 3430 1665 3501 ἔλεγχός
1687 3434 1805 3485 ἐστι

220 3521 357 3575 κατὰ
392 3522 507 3576 τῶν
530 3522 854 3576 διωκόντων.
890 3522 1081 3586 Οὐδεὶς
1106 3523 1216 3594 γὰρ
1242 3524 1331 3575 τὸν
1376 3524 1546 3594 πρᾶον
1571 3525 1664 3576 καὶ
1690 3520 1807 3593 φιλ-

222 3613 511 3685 άνθρωπον
554 3614 778 3683 φεύγει,
820 3613 953 3667 ἀλλὰ
993 3614 1193 3686 μᾶλλον
1219 3615 1311 3667 τὸν
1334 3616 1524 3684 ἄγριον
1572 3616 1666 3668 καὶ
1709 3633 1807 3669 που

221 3704 381 3776 νηρὸν
414 3706 553 3760 ὄντα
586 3706 679 3759 τὸν
712 3707 913 3777 τρόπον
954 3706 1088 3777 (86).
1133 3704 1259 3773 Πᾶς
1298 3705 1426 3775 γοῦν
1473 3706 1813 3774 κατώδυνος

222 3797 315 3851 καὶ
342 3800 664 3868 ὑπόχρεως
714 3800 821 3852 ἀπὸ
865 3800 961 3870 μὲν
1000 3799 1095 3852 τοῦ
1124 3798 1295 3851 Σαοὺλ
1326 3798 1523 3869 ἔφευγε
1547 3839 1561 3863 ,
1592 3800 1727 3871 πρὸς
1757 3800 1813 3853 δὲ

220 3889 308 3945 τὸν
346 3891 521 3945 Δαϐὶδ
560 3890 886 3959 κατέφευγε.
917 3888 1014 3942 Διὰ
1056 3889 1213 3942 τοῦτο
1235 3889 1329 3941 καὶ
1362 3881 1504 3942 οὗτοι
1531 3890 1656 3954 τοὺς
1682 3908 1815 3962 κρυ-

221 3985 533 4055 πτομένους
564 3984 761 4047 αὐτοὺς
794 3982 904 4054 (87)
928 3983 1171 4054 ἀναιρεῖν
1215 3982 1608 4046 σπουδάζουσιν
1628 4024 1642 4048 ,
1674 3984 1812 4053 ὑπὲρ

219 4074 310 4129 τοῦ
347 4076 426 4149 μὴ
460 4077 643 4130 δοκεῖν
681 4075 822 4147 ἔχειν
865 4077 965 4147 τῆς
1014 4076 1194 4128 αὐτῶν
1235 4076 1498 4147 πονηρίας
1536 4076 1627 4129 τὸν
1662 4076 1813 4145 ἐλεγ-

220 4184 331 4237 χον.
351 4168 521 4222 Ἀλλὰ
550 4169 645 4222 καὶ
665 4169 720 4221 ὲν
736 4167 908 4239 τούτῳ
924 4167 1138 4222 δοκοῦσι
1156 4166 1487 4237 τυφλώττειν
1514 4169 1561 4220 οἱ
1598 4168 1683 4220 ἀεὶ
1702 4169 1812 4241 (88)

292 4352 336 4385 ⁸⁸
362 4351 381 4406 l
403 4352 547 4424 Reg.
569 4368 708 4416 xxu,
735 4352 788 4405 2.

284 4503 407 4573 (78)
447 4503 547 4558 Sic
582 4503 805 4573 Regius,
839 4504 1003 4557 Basil.
1031 4502 1243 4568 Anglic.
1272 4502 1482 4556 Socrat.
1535 4501 1807 4557 Theodor.

217 4571 337 4628 Nic.
379 4574 530 4645 Edili
555 4571 703 4637 vero,
738 4574 936 4644 μείζων
966 4575 1233 4645 ἐξηγεῖτο.

1912 3446 2060 3491 certe
2092 3449 2197 3490 non
2231 3441 2397 3504 agunt
2424 3442 2482 3488 ut
2512 3448 2612 3487 nos
2641 3431 3120 3501 comprehendant,
3155 3442 3259 3482 non
3291 3425 3483 3479 adver—

1915 3538 2089 3582 tentes
2132 3526 2312 3598 fugam
2354 3541 2540 3581 eorum
2595 3525 2684 3594 qui
2728 3522 3161 3594 persecutionem
3205 3519 3483 3589 patiuntur

1913 3638 2262 3694 permagnum
2323 3635 2445 3675 esse
2502 3619 2554 3673 in
2616 3624 2988 3688 persecutores
3051 3619 3477 3682 argumentum:

1912 3730 2069 3770 nemo
2099 3714 2242 3769 enim
2287 3713 2579 3768 humanum
2618 3709 2751 3780 fugit
2795 3717 2887 3762 aut
2932 3713 3270 3761 mansuetum
3305 3700 3482 3755 homi-

1914 3823 2058 3871 nem,
2097 3806 2189 3862 sed
2235 3806 2524 3860 immanem
2557 3812 2611 3857 et
2645 3800 2885 3855 moribus
2917 3795 3244 3868 improbum.
3281 3792 3485 3847 Idcirco

1913 3917 2087 3953 omnes
2115 3899 2204 3968 qui
2234 3909 2380 3951 erant
2409 3898 2463 3949 in
2485 3895 2729 3965 angustia
2759 3891 3027 3947 constituti
3057 3898 3103 3943 et
3129 3887 3358 3957 oppressi
3385 3899 3487 3938 ture

1913 3990 2168 4055 alieno",
2220 3987 2435 4043 Saulem
2467 3987 2735 4056 fugientes
2769 3984 2833 4037 ad
2868 3981 3119 4036 Davidem
3156 3994 3215 4034 sc
3242 3975 3488 4033 confere-

1920 4082 2072 4135 bant.
2104 4080 2183 4134 llli
2212 4093 2340 4135 vero
2367 4077 2485 4132 ideo
2515 4091 2608 4131 eos
2649 4078 2739 4145 qui
2783 4091 2843 4130 se
2886 4071 3157 4129 occultant
3182 4067 3488 4123 interﬁcere

1922 4180 2193 4243 satagunt,
2229 4181 2287 4225 ut
2330 4170 2473 4224 nulla
2525 4167 2798 4237 supersint
2828 4163 3046 4219 malitiae
3094 4174 3206 4217 sua:
3238 4157 3485 4228 vestigia.

1923 4503 2127 4571 σθησαν
2161 4503 2256 4572 μὲν
2279 4503 2412 4556 δέκα
2435 4502 2530 4556 καὶ
2555 4500 2650 4572 ἓξ,
2665 4501 2773 4553 τῶν
2795 4500 2851 4552 δὲ
2878 4498 3048 4572 ἄλλών
3082 4498 3144 4572 οἱ⁸
3169 4496 3491 4572 μὲνᾼὲφυγα-

1919 4567 2205 4642 δεύῦησαν,
2227 4576 2274 4625 οἱ
2304 4574 2359 4626 δὲ
2380 4570 2800 4640 ἠναγκάσθησαν
2824 4568 3234 4642 ὑποκρίνασθαι.
3256 4567 3497 4642 Querunt-

1248 4644 1412 4697 Mou‘i.
1439 4643 1572 4698 Ibid.
1587 4643 1807 4715 Anglic.

1922 4620 2139 4711 (sciliiet
2170 4620 2549 4715 episcoporum)
2578 4620 2798 4715 sedecim
2831 4650 2950 4715 sunt
2970 4620 3314 4715 Iin“ttatttitiu'tit
3363 4637 3487 4715 acti,

216 4724 274 4786 et
298 4714 675 4786 TlteodoreL,
714 4715 1194 4786 ‘FWéO’tptVaIbitI.
1223 4715 1434 4786 Anglic.
1471 4724 1523 4766 et
1578 4714 1812 4786 Socrat,

217 4784 641 4856 Ιξίειλάμμωνα,
666 4785 798 4856 Reg.
834 4796 888 4838 et
915 4782 1067 4847 editi,
1091 4782 1475 4856 rIqua’tptlmya,
1496 4784 1652 4856 mal_e.
1683 4782 1814 4837 Ibid.

218 4852 464 4909 Socra'tI
498 4866 555 4910 et
589 4855 813 4924 Niceplt.
846 4866 899 4908 et
943 4852 1182 4920 Anglia,
1245 4852 1546 4924 Ἀγάθωνα.
1586 4852 1815 4914 Themi"

228 4925 536 4992 Ἀγάπιον.
578 4923 975 4992 ιὺὶιίέΛιιςιὶοη
1021 4928 1329 4995 Ἀγαμφον.
1360 4925 1476 4976 Mox
1516 4923 1729 4995 Sum-at.
1766 4932 1821 4977 ct

218 4995 590 5067 Theodoret.,
639 4995 947 5067 Ἀμμώνιον
994 4994 1179 5067 ἕτερον
1212 4997 1305 5047 καὶ
1344 4995 1528 5067 ἕτερον
1571 4994 1816 5067 Μάρκον.

215 5068 378 5136 Apud
409 5064 926 5136 Socratem’lcgitur
956 5066 1114 5119 tertio
1145 5064 1461 5136 Ammonius
1483 5104 1496 5126 ,
1522 5065 1813 5136 sedittalu:

217 5134 351 5189 nam
392 5134 802 5204 septemdecim
821 5145 947 5189 tunc
980 5136 1161 5191 forent
1205 5134 1441 5202 episcopi
1497 5134 1657 5200 pulsi,
1685 5148 1817 5204 cum

216 5212 409 5261 tamen
449 5202 691 5260 sedecim
728 5215 934 5260 tantum
969 5215 1234 5258 memoret
1257 5204 1588 5257 Athanasius
1618 5202 1716 5256 sub
1760 5207 1819 5256 ti-

216 5291 363 5400 getlnl
390 5274 676 5346 Apologia:
717 5275 1091 5346 praecedentis.
1140 5274 1263 5329 llaec
1294 5274 1421 5328 item
1446 5274 1498 5327 in
1547 5272 1715 5344 Epist.
1751 5275 1819 5328 ad

264 5363 295 5399 ο
322 5365 337 5400 ι
370 5386 387 5400 .

244 5345 387 5405 iolit.

317 5415 417 5486 80)
446 5415 784 5486 Anglicanus
810 5416 1000 5486 codex,
1030 5415 1230 5486 μέντοι.

316 5484 418 5569 εξ)
455 5485 598 5569 Ljire
617 5486 794 5569 variat
821 5484 1193 5569 Tlteodoretus
1228 5485 1346 5569 qui,
1372 5485 1534 5538 habet
1566 5484 1817 5567 Ἐφόνευ-

214 5554 325 5610 σαν
354 5554 419 5609 δὲ
478 5555 817 5619 ἐπισκόπους
866 5554 1083 5619 πλείους
1119 5555 1174 5627 ’ᾗ
1202 5554 1542 5627 τριάκοντα,
1598 5557 1820 5623 ejusque

214 5626 536 5682 lectionem
568 5641 879 5695 germanam
912 5635 1064 5691 putat
1119 5624 1384 5681 Valesius.
1442 5626 1546 5680 Sed
1595 5627 1817 5678 mendo—

214 5712 340 5750 sam
366 5710 509 5750 esse
545 5696 867 5748 arbitramur
896 5712 909 5749 :
941 5709 1063 5747 nam
1088 5705 1440 5763 praeterquam
1466 5697 1603 5763 quod
1632 5711 1819 5749 omnes

214 5780 364 5821 xnss.
398 5775 465 5835 et.
507 5763 640 5816 editi
664 5764 967 5829 Athanasii,
999 5764 1209 5818 Soct'at.
1253 5777 1307 5818 et
1338 5763 1564 5835 Niceph.
1619 5766 1820 5819 habent

211 5834 650 5905 ἐφυγάδευσαν,
677 5836 791 5888 haec
813 5835 972 5905 lectio
1001 5834 1537 5905 yeracotnprobatur
1572 5853 1635 5891 cx
1663 5836 1814 5902 Apol.

216 5903 293 5963 ad
320 5906 624 5963 Constant.
658 5919 805 5962 nutu.
843 5904 934 5973 27,
968 5903 1057 5959 ubi
1104 5903 1181 5959 sic
1230 5904 1445 5975 legitur,
1475 5908 1582 5960 Καὶ
1631 5904 1821 5971 ἐξωρὶ-

1919 4706 1983 4767 ὲπ
2007 4706 2205 4768 cwterts
2240 4706 2376 4775 vero,
2409 4714 2499 4764 alii
2531 4706 2588 4765 in
2610 4713 2788 4781 fugant
2818 4711 2970 4776 versi,
3005 4707 3098 4762 alii
3131 4706 3198 4761 ad
3236 4706 3490 4762 simulau-

1920 4786 2042 4836 dttm
2075 4787 2239 4837 coacti
2269 4792 2409 4837 sunt.

1998 4855 2109 4925 (8‘2)
2144 4853 2734 4925 lla‘chabenturﬂapud
2767 4852 3068 4925 Socratem,
3109 4849 3206 4905 lib.
3243 4863 3325 4911 Ill,
3370 4859 3490 4914 cap.

1922 4929 1973 4991 8,
2008 4921 2055 4977 ct
2083 4921 2220 4990 apud
2261 4923 2503 4992 Niceplt.,
2541 4923 2634 4975 lib.
2679 4938 2734 4985 x,
2766 4938 2883 4991 cap.
2932 4921 3017 4975 16.

1995 4989 2229 5067 (85)λὸῙο
2270 4989 2404 5063 licg.
2451 4992 2615 5067 Basil.
2656 4989 2868 5046 δοτική.
2920 4990 3146 5067 Niceph.
3180 4989 3323 5046 Edili
3364 4999 3492 5042 vero

1921 5080 1975 5121 et
2004 5063 2360 5131 Anglicanus,
2401 5063 2819 5135 ἐτυράννευσαν,
2853 5065 3009 5118 male.

1995 5137 2104 5201 (84)
2136 5135 2490 5203 Nicephoms,
2517 5134 2609 5186 τοῦ
2640 5134 2850 5203 ψέγειν.

2142 5197 2380 5327 siccf-.11.,
2413 5197 2760 5258 καταϐαλεῖν.
2796 5204 2917 5259 Mox
2948 5206 3045 5257 οὐκ
3068 5203 3219 5258 dt-est
3246 5200 3299 5255 in
3336 5197 3490 5252 Socr.

2034 5292 2163 5332 'tcen
2188 5294 2223 5328 l.

1922 5291 1975 5333 el
2000 5291 2223 5333 Νοειιιι.

1992 5294 2373 5415 (8ἓ)εἮῖι81ἰη.,
2404 5346 2531 5407 τοὺς
2564 5344 2818 5415 τρόπους.
2850 5343 2970 5415 Mox
3002 5340 3128 5395 editi
3162 5337 3337 5415 male,
3370 5340 3495 5415 Πῶς

1922 5420 2072 5487 γοῦν.
2091 5407 2300 5487 ἸἰρεῘει
2333 5417 2522 5477 Basil.,
2557 5407 2844 5487 Πᾶςγοῦν.
2886 5414 3141 5466 Socrates
3166 5418 3220 5462 et
3247 5407 3493 5480 Niceph.,

1922 5483 2037 5554 Πᾶς
2060 5483 2201 5558 γάρξ
2222 5486 2453 5555 Anglic.,
2477 5485 2718 5558 Kaijrac;
2755 5483 2871 5552 μέν.
2952 5550 2964 5558 _
3038 5550 3060 5558 _
3155 5546 3189 5558 η
3215 5546 3225 5557 υ

1995 5546 2107 5631 (8ῖ)
2139 5546 2470 5623 Anglicanus
2501 5564 2555 5631 et
2590 5546 2883 5631 Socrates,
2907 5550 3109 5631 αὐτοῖς.
3155 5546 3353 5628 Ibidem
3394 5548 3499 5602 An-

1922 5616 2069 5703 glic”
2092 5616 2347 5699 ’ἀναιρεῖν
2379 5624 2688 5703 σπεύδουσι.
2720 5621 3036 5703 Moxnidem,
3063 5616 3291 5703 ἑαυτῶν.

1994 5687 2106 5774 (88)
2142 5687 2255 5774 ‘As?
2287 5700 2438 5774 deis-1
2471 5693 2610 5761 apud
2643 5693 2802 5774 chr.
2830 5689 2993 5774 [lanio
3013 5698 3134 5757 post
3166 5688 3300 5774 Reg.
3330 5687 3499 5774 [ia-sil,f

1922 5756 2130 5841 An‘glic.
2158 5770 2312 5823 Socr.
2354 5756 2807 5841 Νίο.,’γινομένη.
2848 5756 3021 5826 Edili,
3042 5756 3355 5831 γινομένης.
3376 5757 3499 5812 Mox

1921 5832 2153 5914 Anglic,
2188 5832 2673 5907 περιφανεστέραη
