3980 6552
467 466 579 523 653

1036 470 1093 523 S.
1138 474 1509 530 ATHANASII
1543 477 1691 533 OPP.
1734 478 1913 533 PARS
1953 478 1991 535 I.
2032 511 2101 519 —
2140 481 2506 537 lllSTlllllCA
2548 484 2634 538 ΕΤ
2671 485 3085 540 DOGMATICA.

3604 488 3702 542 656

469 585 666 641 Verum
698 585 770 639 illi
807 595 861 639 ut
890 601 1103 657 semper
1131 602 1341 655 errant,
1382 594 1629 647 videntur
1661 596 1713 648 in
1742 596 1844 649 hoc
1875 596 2033 650 etiam

2140 598 2511 661 πλανώμενον
2564 602 2672 670 ὅσῳ
2714 602 2821 672 γάρ
2867 607 2899 674 ἡ
2951 602 3094 671 φυγὴ
3144 602 3442 673 πρόδηλος,
3485 605 3708 677 τοσούτῳ

468 681 723 735 czecutire
766 699 778 734 :
815 692 1019 749 quanto
1062 685 1205 737 enim
1248 683 1369 755 fuga
1426 685 1645 753 clarior,
1686 697 1832 741 tanto
1872 689 2033 742 etiam

467 772 724 841 liquidius
755 773 969 828 insidiis
997 790 1181 828 eorum
1215 787 1438 844 patratae
1460 780 1659 842 caedes,
1696 780 2036 850 irrogataque

466 866 655 919 exsilia
688 866 961 935 explorata
1002 880 1176 923 erunt.
1228 868 1283 923 Si
1329 886 1561 938 namque
1607 873 1881 934 occidant,
1922 872 2033 941 ipsa

466 971 614 1011 mors
638 959 855 1028 gravius
888 960 938 1011 in
974 960 1258 1015 carnifices
1285 964 1599 1028 resonabit;
1639 964 1721 1017 sin
1754 964 1951 1033 pellant
1983 964 2034 1017 in

465 1049 742 1112 exsilium,
792 1066 1225 1121 quaquaversum
1277 1054 1531 1108 emittunt
1574 1056 1874 1125 iniquitatis
1925 1071 2036 1111 sure

466 1155 840 1197 monumenta.

539 1235 593 1287 9.
623 1234 680 1289 Si
712 1235 875 1305 igitur
910 1250 1057 1290 sanae
1087 1235 1283 1290 mentis
1313 1247 1516 1300 essent,
1548 1252 1668 1293 sese
1694 1239 2036 1294 adverterent

467 1326 625 1382 malis
657 1325 963 1395 bujusmodi
1007 1328 1344 1398 complicari,
1390 1344 1453 1384 ac
1492 1331 1545 1384 in
1595 1331 1809 1400 propria
1844 1332 2037 1400 impin-

467 1432 595 1485 gere
624 1418 868 1472 consilia.
902 1419 1099 1475 Verum
1127 1421 1250 1489 quia
1281 1430 1457 1476 mente
1485 1423 1630 1492 capti
1656 1432 1802 1488 sunt,
1832 1424 2031 1492 impetu

469 1511 537 1565 ad
585 1511 1010 1583 persequendum
1060 1510 1327 1577 feruntur,
1378 1514 1611 1584 dumque
1639 1517 1814 1570 caedes
1845 1530 2034 1585 perpe-

471 1619 615 1661 trare
668 1608 905 1670 student,
950 1623 1103 1662 suam
1166 1609 1497 1677 impietatem
1550 1624 1889 1681 perspecram
1930 1625 2033 1664 non

467 1697 690 1753 habent.
721 1698 832 1752 lmo
864 1698 1002 1753 forte
1033 1700 1201 1770 ipsam
1238 1701 1519 1756 criminari
1549 1702 1819 1756 audebunt
1846 1702 2035 1756 l’rovi-

467 1792 703 1846 dentiam
737 1790 890 1862 (nihil
921 1796 1063 1848 enim
1102 1795 1206 1849 illis
1239 1794 1511 1863 inausum)
1545 1795 1685 1863 quod
1720 1794 1868 1849 viros
1898 1809 2037 1863 quos

467 1884 749 1951 inquirunt
799 1885 897 1939 sibi
936 1900 1043 1940 non
1096 1887 1272 1939 tradat
1304 1904 1317 1941 :
1345 1902 1466 1955 cum
1509 1887 1687 1956 palam
1727 1896 1904 1940 tamen
1942 1887 2032 1949 sit,

467 1981 702 2027 testante
758 1972 1060 2040 Salvatore,
1107 1991 1175 2029 ne
1232 1977 1600 2045 passerculum
1652 1977 1869 2044 quidem
1916 1977 2033 2030 sine

463 2059 628 2115 Patre
655 2071 837 2119 nostro
862 2064 950 2132 qui
982 2065 1034 2118 in
1071 2064 1223 2118 cmlis
1266 2075 1352 2119 est
1393 2080 1552 2135 posse
1583 2065 1633 2119 in
1665 2065 1915 2135 laqueum
1953 2066 2033 2118 in-

465 2154 666 2210 cidere.
699 2157 767 2209 At
800 2157 885 2210 ubi
923 2157 1157 2225 aliquem
1194 2158 1648 2227 apprehenderint
1680 2157 2036 2213 sceleratissi-

462 2246 539 2300 mi
572 2245 667 2311 illi,
688 2255 741 2301 et
768 2246 995 2301 aliorum
1020 2256 1074 2301 et
1098 2247 1180 2301 sui
1211 2248 1264 2302 in
1294 2248 1483 2318 primis
1506 2248 1687 2303 statim
1713 2248 2035 2304 obliviscun-

464 2346 578 2398 tur,
622 2336 884 2406 elatisque
932 2354 997 2393 ex
1050 2341 1160 2397 sola
1196 2342 1508 2410 arrogantia
1562 2340 1885 2409 superciliis,
1934 2356 2033 2395 nec

465 2440 793 2497 cOgnoscunt
816 2432 1072 2500 temporis
1089 2434 1564 2502 opportunitatem,
1590 2447 1688 2487 nec
1712 2432 1792 2486 vel
1812 2432 2032 2486 minima

464 2529 672 2574 natura:
702 2524 1001 2577 reverentia
1026 2525 1343 2579 cohibentur
1372 2524 1439 2578 ab
1464 2523 1673 2590 injuriis
1698 2522 1993 2578 inferendis
2017 2541 2029 2578 :

464 2610 559 2665 sed
610 2626 761 2667 more
808 2613 1119 2685 Babylonici
1168 2616 1383 2687 tyranni
1425 2614 1703 2672 efferatius
1744 2617 2030 2684 insurgunt

466 2704 602 2760 citra
644 2705 810 2759 ullam
845 2706 898 2759 in
933 2707 1226 2776 quemlibet
1269 2708 1697 2763 miscricordiam
1734 2726 1746 2762 :
1776 2708 1869 2763 sed
1894 2710 2033 2763 senis

461 2812 646 2865 jugum
688 2799 1052 2868 aggravant",
1091 2810 1144 2854 et
1185 2816 1340 2868 super
1371 2801 1603 2854 dolorem
1633 2799 1900 2855 vulnerum
1943 2801 2031 2854 im-

466 2890 624 2944 mi'es
654 2890 727 2944 illi
776 2892 1179 2946 addiderunt“.
1219 2894 1370 2960 Quod
1402 2895 1445 2948 si
1490 2894 1751 2961 ejusmodi
1795 2894 2034 2949 facinora

465 2993 571 3034 non
604 2979 949 3035 admisissent
975 3000 988 3034 :
1016 2982 1059 3036 si
1110 2998 1203 3038 eos
1246 2982 1337 3052 qui
1368 2998 1496 3038 suas
1524 2985 1824 3039 calumnias
1853 2985 1908 3040 in
1938 3001 2035 3041 nos

464 3069 723 3127 conllatas
753 3072 1150 3143 impugnarent,
1178 3092 1285 3130 non
1314 3076 1427 3130 loco
1454 3077 1816 3147 expulissent,
1845 3092 2032 3131 eorum

463 3167 691 3214 tortasse
729 3160 890 3216 dictis
922 3163 1109 3217 saltem
1152 3164 1392 3218 nonnulli
1436 3164 1593 3219 fidem
1636 3166 2031 3220 adhibuissent.

462 3250 533 3305 At
569 3267 689 3307 cum
736 3252 845 3308 sint
890 3262 968 3308 tot
1005 3255 1278 3325 tantisque
1327 3256 1595 3325 epis-capis
1630 3257 1890 3318 insidiati.
1938 3270 2035 3311 nec

461 3357 660 3409 magno
702 3341 864 3398 Husio
899 3343 1220 3410 confessori,
1257 3360 1431 3413 neque
1480 3346 1732 3416 episcopo
1766 3348 2029 3414 Romano,

463 3447 525 3487 ac
559 3442 635 3487 tot
676 3433 840 3505 258
876 3435 1276 3506 Hispaniarum,
1309 3436 1626 3503 Galliarum,
1661 3438 1904 3510 rEgypti,
1936 3440 2029 3494 Li-

466 3525 600 3595 byae,
646 3526 983 3597 aliarumque
1028 3528 1307 3599 regionum
1358 3530 1627 3600 episc0pis
1674 3532 2032 3600 pepercerint,

465 3617 559 3670 sed
610 3618 773 3671 tantis
824 3618 980 3673 malis
1030 3620 1454 3675 affecerint-eos
1500 3622 1591 3689 qui
1651 3622 1917 3675 ullatenus
1974 3637 2033 3677 se

467 3708 638 3761 nostri
686 3723 845 3764 causa
915 3721 1231 3786 arguerent;
1304 3726 1492 3765 nonne
1539 3712 1854 3784 priusquam
1900 3714 2034 3768 alios

464 3795 676 3851 insidiis
714 3812 811 3851 nos
844 3797 959 3851 suis
999 3800 1239 3868 aggressi
1289 3798 1563 3855 fuissent?
1606 3816 1787 3856 annon
1836 3814 2033 3870 putan-

466 3886 594 3940 dum
645 3902 737 3942 eos
774 3888 824 3941 id
871 3888 982 3955 jam
1029 3899 1333 3958 peroptare.
1384 3901 1442 3944 ut
1484 3906 1581 3945 nos
1627 3892 1851 3946 immani
1904 3908 2035 3948 nece

466 3986 589 4044 post
620 3975 753 4030 alios
782 3978 1137 4031 obtruncant?
1184 3978 1239 4030 ln
1277 3978 1378 4032 hoc
1406 3979 1604 4048 quippe
1635 3979 1945 4048 advigilanl,
1972 3996 2033 4036 ac

468 4080 650 4120 secum
678 4064 875 4134 injuste
909 4066 993 4135 agi
1023 4075 1231 4136 putant,
1263 4067 1307 4121 si
1337 4081 1472 4136 quos
1502 4068 1577 4121 illi
1610 4067 1789 4122 vivere
1840 4068 2031 4135 nolint,

468 4157 787 4226 superstites
814 4167 1059 4213 cernant.

542 4336 626 4390 10.
665 4336 893 4391 Cuinam
924 4336 1090 4406 igitur
1120 4338 1332 4392 illorum
1371 4353 1476 4392 non
1516 4349 1601 4393 est
1637 4347 1913 4408 perspecta
1940 4354 2035 4392 va-

468 4426 677 4482 frities?
708 4428 921 4483 cuinam
971 4430 1023 4483 id
1062 4430 1278 4499 planum
1329 4445 1433 4484 non
1469 4442 1571 4495 est,
1610 4430 1756 4501 ipsos
1794 4447 1897 4486 non
1929 4432 2032 4486 vir-

469 4520 599 4574 tutis
629 4522 806 4575 studio
837 4522 1176 4587 timiditatem
1203 4524 1356 4578 nobis
1381 4524 1745 4592 exprobrare;
1782 4523 1874 4577 sed
1904 4538 2034 4577 san~

2136 690 2227 742 καὶ
2256 690 2412 742 πλέον
2444 694 2476 761 ή
2506 692 2565 756 ἐξ
2602 692 2891 764 ἐπιϐουλῆς
2915 692 3175 763 γινομένη
3203 695 3335 764 παρ’
3356 693 3541 747 αὐτῶν
3570 695 3709 749 ἀναί-

2139 800 2303 855 ρεσις,
2342 785 2374 854 ἢ
2416 787 2508 837 καὶ
2541 787 2722 857 ἐξορία
2757 787 3164 858 προφανεστέρα
3194 788 3525 857 γενήσεται·
3553 789 3619 842 ἄν
3653 807 3707 842 τε

2134 876 2243 945 γάρ
2269 877 2677 940 ἀποκτείνωσιν,
2717 877 2825 947 (89)
2847 880 2874 929 ὁ
2902 877 3129 940 θάνατος
3157 875 3336 948 μεῖζον
3361 879 3561 949 ἡχήσει
3597 881 3708 932 κατ’

2135 968 2342 1021 αὐτῶν·
2374 969 2438 1022 ἀν
2469 986 2527 1022 τε
2562 970 2720 1024 πάλιν
2751 970 3034 1041 ἐξορίσωσι
3065 1011 3080 1033 ,
3114 968 3389 1039 πανταχοῦ
3425 970 3549 1023 καθ’
3586 972 3710 1023 ἐαυ-

2133 1060 2240 1112 τῶν
2261 1061 2410 1114 αὐτοὶ
2436 1064 2671 1133 μνημεῖα
2702 1063 2801 1133 τῆς
2830 1062 3175 1135 παρανομίας
3207 1062 3707 1129 ἐξαποστέλλουσιν.

2205 1238 2256 1292 9.
2299 1240 2361 1291 El
2394 1238 2491 1308 μὲν
2515 1236 2607 1292 οῦν
2628 1238 2828 1304 ἔσωζον
2856 1238 2952 1303 τὰς
2976 1240 3196 1310 φρένας,
3224 1237 3451 1291 ἔϐλεπον
3489 1238 3712 1301 ἑαυτοὺς

2135 1331 2193 1385 ἐν
2239 1330 2446 1395 τούτοις
2492 1332 2895 1401 συνεχομένους,
2942 1333 3035 1385 καὶ
3076 1333 3187 1394 τοῖς
3219 1331 3427 1384 ἑαυτῶν
3479 1332 3711 1400 προσκὸ-

2134 1440 2365 1488 πτοντας
2393 1424 2669 1495 λογισμοῖς
2702 1423 2815 1494 (90)
2840 1439 2852 1452 ’
2890 1424 3075 1494 ἐπειδὴ
3101 1424 3157 1476 δὲ
3189 1424 3282 1477 καὶ
3319 1422 3713 1494 τδλσωιρρονεῖν

2134 1514 2440 1577 ἀπώλεσαν,
2474 1514 2562 1568 διὰ
2600 1515 2756 1569 τοῦτο
2792 1516 2885 1568 καὶ
2932 1514 3217 1579 διώκοντες
3263 1515 3573 1582 ἐξάγονται,
3624 1515 3712 1567 καὶ

2136 1602 2419 1674 ζητοῦντες
2446 1606 2673 1671 ἀνελεῖν,
2700 1607 2797 1677 οὐχ
2848 1605 3042 1676 ὁρῶσιν
3069 1606 3277 1659 ἑαυτῶν
3304 1606 3407 1674 τὴν
3437 1606 3707 1661 ἀσέϐειαν.

2136 1697 2286 1765 Τάχα
2318 1697 2423 1766 γὰρ
2458 1696 2568 1764 (91)
2603 1700 2698 1751 καὶ
2754 1697 2851 1769 τὴν
2899 1682 3185 1768 Πρόνοιαν
3211 1697 3382 1768 αὐτὴν
3438 1696 3712 1749 αἰτιᾶσθαι

2134 1788 2400 1858 τολμῶσιν
2424 1789 2594 1859 (οὐδὲν
2631 1789 2739 1860 γὰρ
2770 1792 2949 1852 αὐτοῖς
2982 1790 3327 1859 ἀτόλμητον),
3372 1791 3462 1858 ἐφ’
3506 1784 3587 1853 οἷς
3621 1792 3712 1843 αὖ·

2136 1884 2246 1944 τοῖς
2280 1882 2342 1934 ού
2383 1881 2737 1953 παραδίδωσι,
2792 1880 3057 1953 προδήλου
3105 1881 3296 1933 τούτου
3348 1880 3713 1950 τυγχάνοντος

2140 1974 2280 2027 κατά
2313 1973 2410 2043 τὴν
2456 1973 2549 2026 τοῦ
2579 1974 2830 2045 Σωτῆρος
2866 1974 3065 2044 φωνὴν,
3105 1975 3186 2027 ὅτι
3241 1973 3378 2044 μηδέ
3437 1973 3715 2045 στρουθίον

2139 2063 2265 2116 ἄνευ
2295 2062 2387 2115 τοῦ
2417 2063 2629 2133 Πατρὸς
2658 2063 2813 2133 ἡμῶν
2867 2064 2960 2116 τοῦ
3003 2067 3060 2116 ἐν
3099 2067 3211 2127 τοῖς
3249 2065 3505 2135 οὐρανοῖς
3553 2067 3715 2133 ἐμπε-

2142 2158 2251 2206 σεῖν
2284 2156 2360 2218 είς
2391 2154 2589 2222 παγίδα
2617 2154 2856 2209 δύναται.
2893 2156 3002 2209 Καὶ
3034 2156 3142 2227 γὰρ
3180 2157 3276 2210 καὶ
3308 2157 3399 2209 ὅτε
3434 2156 3715 2227 παραλαμ-

2140 2246 2391 2301 ϐάνουσιν
2416 2249 2464 2299 oi
2499 2247 2814 2318 ἀλάστορες,
2855 2247 3015 2310 εὐθὺς
3042 2247 3495 2302 ἐπιλανθάνονται
3529 2248 3636 2300 τῶν
3661 2265 3714 2299 τε

2139 2336 2333 2397 ἄλλων,
2370 2336 2464 2389 καὶ
2494 2335 2599 2407 πρὸ
2621 2336 2728 2388 τῶν
2753 2336 2924 2390 ἄλλων
2957 2336 3165 2391 ἑαυτῶν
3190 2353 3202 2364 ·
3235 2337 3330 2390 καὶ
3369 2338 3563 2408 μόναις
3607 2336 3714 2405 (9⁸2)

2139 2430 2254 2491 ταῖς
2287 2426 2623 2491 ἀλαζονείαις
2650 2426 2747 2490 τὰς
2779 2426 2948 2497 ὀφρῦς
2982 2426 3419 2489 ἀνασπάσαντες,
3442 2426 3567 2479 οὔτε
3602 2443 3715 2477 και-

2140 2519 2231 2591 ρὸν
2262 2516 2637 2586 γινώσκουσιν,
2669 2518 2791 2572 οῦτε
2820 2518 3127 2580 ἀδικοῦντες
3154 2517 3483 2589 ἀνθρώπους
3513 2518 3713 2571 αἰδοῦν-

2138 2627 2226 2663 ται
2266 2609 2361 2681 τὴν
2411 2610 2605 2678 φύσινο
2644 2609 2785 2663 κατά
2818 2609 2873 2662 δὲ
2904 2609 2993 2661 τὸν
3022 2608 3280 2679 τύραννον
3322 2608 3422 2677 τῆς
3465 2607 3707 2659 Βαϐυλῶ-

2140 2720 2228 2765 νος
2284 2700 2616 2772 ἀγριώτερον
2664 2700 3000 2769 ἐπιφύονται,
3048 2700 3142 2753 καὶ
3195 2699 3320 2752 οὒτε
3344 2699 3501 2762 τινὰς
3546 2698 3713 2750 ἐλεοῦ-

2143 2811 2226 2846 σιν
2271 2792 2406 2863 (95),
2460 2792 2597 2846 ἀλλά
2640 2795 2734 2847 καὶ
2782 2792 2888 2846 τοῦ
2924 2791 3333 2859 πρεσϐυτέρου
3390 2792 3504 2845 τὸν
3547 2790 3717 2859 ζυγὸν

2139 2886 2585 2963 ἐςτιϐαρύνουσι,
2618 2887 2712 2939 καὶ
2764 2885 2862 2938 ἐπὶ
2891 2886 2961 2938 τὸ
2995 2884 3183 2952 ἄλγος
3204 2883 3325 2936 τῶν
3350 2882 3712 2952 τραυμάτων,

2141 2974 2215 3037 ὼς
2264 2974 2589 3045 γέγραπται,
2636 2974 3064 3043 προστιθέασιν
3110 2976 3156 3026 οἱ
3189 2974 3463 3044 ἀνηλεεῖς.
3520 2974 3583 3025 El
3623 2972 3716 3043 μὲν

2140 3063 2232 3121 οῦν
2260 3068 2335 3138 μὴ
2367 3066 2539 3121 ταῦτα
2565 3067 2859 3137 δράσαντες
2886 3062 3025 3135 ἦσαν
3044 3107 3057 3130 ,
3094 3066 3141 3117 εἰ
3184 3066 3256 3136 μὴ
3289 3065 3420 3139 τοὺς
3454 3064 3598 3120 κατά
3624 3064 3717 3133 τῆς

2144 3158 2503 3226 συκοφαντίας
2528 3158 2703 3211 αὐτῶν
2730 3157 2868 3227 ὑπὲρ
2899 3160 2930 3227 ἡ
2941 3156 3055 3227 μῶν
3088 3156 3345 3225 λέγοντας
3378 3153 3715 3227 ἐξορίσαντες

2139 3247 2298 3321 ἦσαν,
2331 3250 2572 3314 πιθανῶς
2592 3249 2656 3303 ἀν
2686 3249 2933 3317 λέγοντες
2968 3248 3118 3319 παρά
3144 3263 3284 3300 τισιν
3317 3246 3679 3317 ἐνομίσθησαν
3698 3262 3710 3275 ·

2139 3342 2325 3413 ἐπειδὴ
2349 3342 2404 3395 δὲ
2434 3342 2611 3404 ἄλλοις
2643 3339 2915 3401 τοσούτοις
2949 3338 3057 3409 (94)
3098 3339 3191 3392 καὶ
3224 3337 3568 3409 τηλικούτοις
3604 3339 3710 3388 ἐπι·

2142 3431 2361 3493 σκόποις
2386 3429 2799 3493 ἐπεϐούλευσαν,
2827 3429 2919 3481 καὶ
2943 3427 3066 3480 οὔτε
3086 3428 3179 3481 τοῦ
3205 3427 3444 3497 μεγάλου
3473 3426 3568 3480 καὶ
3586 3428 3711 3496 ὁμο-

2138 3519 2366 3590 λογητοῦ
2413 3520 2622 3582 ὐσίου,
2667 3518 2789 3571 οὔτε
2826 3518 2920 3570 τοῦ
2968 3518 3264 3571 ἐπισκόπου
3309 3516 3563 3588 Ῥώμης,
3596 3516 3711 3571 οῦιιι

2137 3612 2404 3664 τοσούτων
2440 3611 2549 3681 (95)
2577 3610 2682 3663 ἀπὸ
2706 3610 2813 3662 τῶν
2847 3609 3116 3672 Σπανιῶν,
3160 3610 3254 3662 καὶ
3295 3608 3569 3671 Γαλλιῶν,
3621 3608 3707 3660 καὶ

2138 3703 2237 3772 τῆς
2264 3701 2573 3771 Αἰγύπτου,
2615 3703 2708 3756 κα).
2740 3700 2981 3771 Λιϐύης,
3027 3702 3120 3753 καὶ
3161 3701 3269 3753 τῶν
3320 3697 3499 3753 ἄλλων
3538 3699 3707 3771 μερῶν

2140 3795 2450 3847 ἐπισκόπων
2480 3794 2781 3861 ἐφείσαντο,
2803 3793 2939 3846 ἀλλά
2959 3792 3195 3845 τοσαῦτα
3216 3793 3554 3862 πεποιήκασι
3578 3790 3705 3843 κατὰ

2139 3886 2245 3938 τῶν
2270 3886 2404 3949 ὅλως
2442 3883 2771 3953 ἐλεγξάντων
2799 3885 2991 3946 αὐτοὺς
3029 3884 3169 3952 ὑπὲρ
3202 3883 3359 3953 ἡμῶν
3386 3898 3400 3912 ⁸
3447 3882 3564 3945 πῶς
3596 3880 3701 3950 ούχὶ

2144 3977 2340 4048 μᾶλλον
2368 3979 2513 4049 ἡμᾶς
2541 3977 2645 4048 πρὸ
2673 3977 2779 4029 τῶν
2813 3975 2986 4029 ἄλλων
3019 3973 3407 4027 ἐϐουλεύσαντο
3424 4016 3439 4039 ,
3467 3974 3561 4026 και)⁸
3597 3972 3698 4043 μετ’

2142 4069 2380 4131 ἐκείνους
2407 4066 2729 4137 ἐπιθυμοῦσι
2759 4067 2815 4119 δὲ
2849 4065 3033 4129 κακῶς
3054 4065 3259 4119 ἀνελεῖν
3294 4064 3411 4133 (96)
3436 4081 3450 4128 ;
3483 4065 3574 4125 Εἰς
3599 4060 3701 4114 τοῦ·

2145 4175 2204 4209 το
2239 4156 2348 4228 γὰρ
2388 4156 2744 4228 ἀγρυπνοῦσι,
2791 4155 2884 4208 καὶ
2927 4155 3236 4225 νομίζουσιν
3274 4153 3611 4217 ἀδικεῖσθαι,
3643 4150 3701 4204 ἀν

2144 4248 2379 4318 βλέπωσι
2407 4231 2768 4316 σωζομένους,
2792 4246 2883 4309 οὒς
2905 4247 3003 4298 οὐκ
3034 4244 3312 4297 ἐϐούλοντο
3348 4244 3468 4313 ζῇν.

2218 4342 2299 4396 10.
2325 4342 2420 4404 Τίς
2448 4342 2627 4393 τοίνυν
2660 4342 2719 4393 ού
2754 4340 2952 4410 συνορᾷ
2988 4338 3085 4410 τὴν
3115 4337 3454 4408 πανουργίαν
3487 4336 3591 4406 (97)
3625 4334 3699 4386 αὖ·

2142 4431 2282 4495 τῶν;
2311 4432 2414 4484 τίνι
2434 4431 2589 4483 τοῦτο
2609 4431 2904 4502 κατάδηλον
2927 4431 3026 4483 οὐκ
3055 4429 3221 4492 ἔστιν,
3258 4430 3339 4481 ὅτι
3381 4427 3457 4498 μὴ
3482 4427 3546 4479 δι’
3584 4426 3698 4496 ἀρε-

2142 4522 2239 4591 τὴν
2268 4520 2579 4584 ὀνειδίζουσι
2612 4520 2832 4587 δειλίαν,
2860 4520 2970 4575 ἀλλ’
2989 4521 3194 4590 αἵματα
3214 4519 3500 4589 διψῶντες,
3527 4518 3698 4586 ὥσπερ

470 4608 682 4678 guinem
714 4611 981 4677 sitientes,
1010 4612 1173 4667 veluti
1198 4614 1433 4681 sagenis,
1468 4612 1621 4666 malis
1653 4613 1764 4667 suis
1800 4613 1872 4666 uti
1904 4614 2033 4667 arti-

2144 4614 2403 4683 σαγήναις
2434 4612 2669 4683 χρῶνται
2699 4615 2814 4675 ταῖς
2850 4612 3005 4674 ίδίαις
3033 4613 3437 4681 κακοτεχνίαις,
3470 4610 3695 4673 νομίζον-

469 4713 590 4764 nus,
625 4700 949 4757 arbitrantes
974 4718 1034 4757 se
1066 4704 1145 4757 sic
1177 4718 1270 4757 eos
1295 4717 1430 4770 quos
1458 4702 1783 4756 occidendos
1811 4702 2031 4770 perqui-

469 4801 598 4845 runt
630 4792 1087 4860 comprehendere
1124 4789 1317 4860 posse?
1363 4790 1438 4843 Eo
1472 4801 1651 4843 autem
1700 4789 1819 4843 illos
1853 4790 2033 4844 animo

470 4896 609 4947 esse,
631 4883 883 4951 operibus
903 4882 1033 4951 ipsis
1054 4881 1452 4951 comprobatur,
1482 4881 1828 4952 arguiturque
1853 4895 2036 4937 eorum

545 5077 585 5108 ¹³
609 5077 711 5133 lsa.
748 5080 971 5142 van,6.
1051 5077 1091 5108 “
1123 5078 1263 5136 Psal.
1298 5094 1442 5141 Lm,
1478 5078 1565 5134 9.6.

541 5255 654 5329 (89)
684 5256 812 5323 Quae
842 5257 1105 5329 leguntur
1124 5272 1150 5309 a
1180 5272 1319 5329 voce
1338 5257 1697 5329 ἀποκτείνωσι
1739 5259 1802 5311 ad
1835 5274 2039 5329 παντα-

474 5327 599 5399 χοῦ,
632 5326 856 5399 deerant
887 5326 1575 5399 inpeditis,sed‘habentnr
1599 5328 1670 5399 _in
1718 5330 1845 5399 lleg.
1874 5328 2038 5381 Basil.

472 5395 627 5465 Angl.
662 5396 819 5451 Socr.
847 5410 901 5452 et
922 5397 1146 5466 Niceph.
1176 5396 1248 5448 lbi
1276 5395 1486 5463 Anglic.
1526 5396 1685 5450 habet
1730 5395 1916 5466 ἐξηχεῖ
1946 5412 2042 5463 pro

468 5467 684 5537 ήχήσει.
716 5467 836 5522 Mox
869 5469 1028 5531 idem,
1055 5465 1208 5519 αὐτοὶ
1238 5469 1476 5537 μνημεῖα
1503 5467 1601 5537 τῆς
1622 5465 1883 5535 πονηρίας
1911 5467 2044 5519 ἀπο-

473 5520 648 5590 dim.
871 5520 1027 5531 ’
1238 5520 1251 5537 ’
1333 5520 1363 5536 ’⁸

543 5606 657 5675 (90)
688 5607 1013 5675 Anglicanus
1039 5608 1229 5670 codex,
1254 5606 1464 5674 λόγους.

548 5673 659 5744 (91)
702 5673 863 5730 Multa
919 5677 1007 5730 hic
1060 5673 1384 5729 omittuntur
1442 5692 1469 5728 a
1538 5674 1751 5729 Socrat.
1788 5673 2039 5744 iNiceph.

474 5742 646 5815 Paulli
676 5756 796 5812 post
828 5745 963 5814 Reg.
991 5748 1379 5815 etAnglican.,
1415 5746 1565 5798 οὐδὲν
1604 5743 1730 5814 γάρ.
1786 5743 1839 5799 ln
1883 5745 2040 5800 editis

475 5813 583 5868 γάρ
606 5815 772 5867 deest.

485 5828 548 5868 να
606 5828 772 5867 ueest.

485 5860 499 5882 ⁴
548 5828 660 5945 (ιη)
682 5882 1006 5949 Anglicanus
1034 5886 1223 5951 codex,
1257 5885 1416 5953 μόνον

2140 4717 2229 4762 τες
2279 4702 2335 4752 ἐν
2382 4701 2607 4764 ταύταις
2667 4701 3134 4772 συλλαμϐάνεσθαι
3191 4701 3283 4764 οὓς
3338 4701 3432 4755 ἐὰν
3481 4700 3694 4770 ζητῶσιν

2140 4791 2458 4862 ἀναιρῆσαι;
2492 4790 2776 4853 Τοιούτους
2799 4791 2903 4861 γὰρ
2938 4791 3131 4853 αὐτοὺς
3154 4793 3210 4844 αἱ
3239 4790 3468 4861 πράξεις
3489 4791 3693 4854 ἔδειξαν,

2146 4883 2240 4933 καὶ
2268 4881 2498 4950 ἤλεγξαν
2526 4883 2617 4936 τὸν
2643 4883 2841 4954 τρόπον
2876 4881 3073 4947 αὐτῶν,
3100 4882 3305 4954 θηρίων
3329 4884 3427 4953 μὲν
3456 4881 3695 4953 ἀγριώτεα

2210 5259 2317 5332 (95)
2359 5260 2513 5331 Reg,
2544 5258 2785 5315 ἐλεῶσιν.
2829 5258 2945 5313 Mox
2989 5259 3223 5329 Anglic.,
3256 5262 3371 5321 τοῖς
3416 5252 3689 5327 πρεσϐυτέ-

2174 5346 2274 5391 οις.

2143 5347 2321 5477 ροὶξρξ)
2360 5398 2645 5477 Τοσούτοις
2675 5399 2823 5477 deest
2850 5399 2900 5452 in
2914 5398 3146 5477 ‘Anglic.

2213 5460 2323 5541 (95)
2346 5471 2579 5541 Anglic.,
2608 5460 2878 5541 τοσοῦτον.
2912 5460 3076 5523 Paulo
3112 5478 3235 5538 post
3278 5468 3452 5531 idem,
3490 5460 3683 5518 ἐπισκό-

2141 5538 2463 5602 ποῦςζΜειιι
2487 5540 2580 5601 ibi,
2606 5538 2740 5592 ἀλλά
2770 5539 2879 5592 καί.

2212 5610 2322 5677 (96)
2348 5610 2435 5663 Sic
2481 5610 2639 5678 Angl.
2687 5608 3045 5681 quem_seqni
3083 5607 3253 5681 visum
3315 5614 3417 5661 est.
3475 5604 3680 5681 [ἔνεισι

2140 5672 2552 5741 οὸἱ’1ί,’κάκεῖσε
2570 5672 2815 5732 ἀνελεῖν.
2851 5672 3012 5730 Paulo
3052 5690 3171 5744 post
3209 5678 3340 5747 Reg.
3384 5688 3438 5731 et
3470 5672 3677 5743 Anglic»

2140 5749 2203 5803 ἂν
2228 5748 2485 5817 βλέπωσι.
2513 5748 2673 5811 Editi,
2709 5749 2802 5800 ἐὰν
2835 5748 3089 5817 βλέπωσι.

2216 5819 2322 5889 (97)
2364 5820 2688 5889 Anglicanus
2714 5822 2900 5885 codex,
2928 5817 3279 5888 κακουργίαν.
