3980 6492
164 474 247 525 657
1308 468 1649 526 APOLOGIA
1690 469 1775 522 DE
1813 469 2000 525 FUGA
2040 469 2193 526 SUA.

3295 471 3399 526 658

165 602 259 660 ρον,
289 586 647 641 Βαϐυλωνίων
673 587 728 639 δὲ
747 587 1042 658 ώμότερον.
1087 585 1196 640 Καὶ
1223 587 1272 638 εἰ
1306 585 1400 638 καὶ
1440 585 1713 654 αὐτάρκης

1823 600 2000 640 mores
2032 587 2162 641 feris
2195 587 2326 655 ipsis
2370 587 2706 644 efferatiores
2742 589 3159 661 Babyloniisque
3201 591 3395 643 crude-

163 680 254 750 (98)
283 680 347 732 ἐκ
390 679 596 732 τούτων
639 680 784 732 ἐστὶν
821 681 849 732 ό
894 681 1013 733 κατ’
1059 677 1236 733 αὐτῶν
1262 676 1511 746 ἔλεγχος,
1541 677 1710 746 ὅμως,

162 767 326 839 ἐπειδὴ
357 768 504 822 κατὰ
531 769 622 822 τὸν
646 769 856 840 πατέρα
878 767 1086 822 ἑαυτῶν
1103 768 1194 821 τὸν
1225 767 1466 821 διάϐολον
1488 765 1715 828 ἁπαλοῖς

160 865 254 923 τοῖς
285 861 561 931 λογαρίοις
585 860 1027 931 σχηματίζονται,
1057 860 1198 914 ὥστε
1221 859 1419 911 δειλίαν
1444 858 1710 926 ἐγκαλεῖν,

162 950 434 1021 δειλότεροι
471 950 694 1019 λαγωῶν
719 950 868 1010 ὄντες
901 948 1072 1003 αὐτοί·
1113 949 1244 1019 φέρε
1289 947 1382 1001 καὶ
1410 946 1481 1010 ,τὰ
1512 949 1576 999 ἐκ
1606 946 1714 998 τῶν

163 1041 301 1095 θείων
330 1042 564 1112 Γραφῶν
591 1042 719 1113 περὶ
761 1040 870 1094 τῶν
901 1041 1156 1094 τοιούτων
1199 1038 1557 1111 γεγραμμένα
1583 1037 1716 1090 θεω-

164 1135 420 1206 ρήσωμεν.
462 1133 841 1204 Δειχθήσονται
875 1132 982 1204 γὰρ
1026 1133 1178 1185 οὐδὲν
1229 1127 1389 1202 ἧττον
1435 1131 1528 1183 καὶ
1578 1129 1714 1199 πρὸς

159 1225 341 1289 ταύτας
393 1227 495 1296 μὲν
549 1227 862 1298 μαχόμενοι,
903 1225 1010 1279 τῶν
1042 1225 1099 1278 δὲ
1147 1224 1317 1292 ἁγίων
1373 1221 1473 1285 τὰς
1515 1219 1714 1292 ἀρετὰς

158 1315 536 1379 διαϐάλλοντες.
589 1314 698 1386 (99)
737 1317 800 1369 Ei
835 1315 944 1384 γὰρ
982 1313 1280 1383 λοιδοροῦσι
1311 1311 1440 1374 τοὺς
1478 1326 1715 1381 κρυπτο-

162 1407 336 1478 μένους
358 1407 469 1460 ἀπὸ
495 1406 601 1460 τῶν
631 1405 934 1477 ζητούντων
973 1404 1198 1468 ἀνελεῖν,
1245 1403 1340 1458 καὶ
1373 1401 1714 1456 διαϐάλλουσι

158 1501 266 1563 τοὺς
312 1499 614 1570 φεύγοντας
650 1500 756 1552 ἀπὸ
786 1498 894 1552 τῶν
943 1498 1243 1551 διωκόντων
1268 1515 1282 1529 ·
1321 1496 1374 1548 τί
1404 1497 1714 1566 ποιήσουσιν

156 1591 373 1663 ὁρῶντες
394 1591 486 1644 τὸν
513 1591 611 1660 μὲν
647 1589 839 1644 Ἰακὼϐ
874 1589 1143 1660 φεύγοντα
1167 1589 1256 1642 τὸν
1283 1587 1504 1656 ἀδελφὸν
1521 1584 1708 1650 Ἠσαῦ,

153 1679 231 1732 τὸν
263 1679 320 1732 δὲ
359 1679 568 1749 Μωσῆν
600 1680 679 1742 είς
712 1679 936 1750 Μαδιάμ
961 1677 1346 1750 ἀναχωροῦντα
1377 1677 1464 1730 διὰ
1485 1677 1572 1730 τὸν
1617 1676 1712 1745 φό-

155 1772 232 1824 ϐον
258 1770 351 1823 τοῦ
385 1770 619 1840 Φαραώ;
653 1771 716 1823 Τί
748 1770 823 1836 δὲ,
848 1770 1070 1824 τοιαῦτα
1097 1768 1482 1840 φλυαροῦντες,
1517 1768 1713 1820 ἀπολο-

153 1859 395 1929 γήσονται
432 1857 512 1928 τῷ
562 1858 755 1924 Δαϐὶδ,
810 1858 1065 1927 φεύγοντι
1109 1858 1200 1911 τὸν
1249 1857 1421 1911 Σαοὺλ
1464 1857 1573 1910 ἀπὸ
1614 1857 1712 1926 τῆς

1822 675 1983 730 liores
2027 693 2166 732 esse.
2202 678 2368 733 Porro
2415 682 2660 748 quamvis
2698 681 2812 734 hmc
2844 681 2975 734 satis
3013 681 3119 735 sint
3150 680 3218 733 ad
3267 680 3395 734 illos

1821 768 2214 834 confutandos,
2251 780 2488 826 attamen
2525 773 2647 842 quia
2687 788 2837 827 more
2870 773 3039 842 patris
3068 772 3150 826 sui
3197 771 3394 825 diaboli

1820 858 2008 913 molles
2061 859 2279 916 voculas
2326 863 2574 917 simulate
2616 863 2917 933 proferunt,
2956 873 3013 916 nt
3055 878 3153 918 nos
3196 863 3394 917 timidi-

1823 949 1948 1004 tatis
1986 962 2260 1014 accusent,
2305 953 2403 1022 ipsi
2447 955 2661 1008 interim
2712 954 2982 1024 leporibus
3037 954 3388 1009 timidiores:

1821 1053 1938 1106 age,
1972 1055 2092 1109 qua:
2123 1041 2174 1094 in
2213 1041 2510 1112 Scripturis
2539 1046 2708 1100 sacris
2741 1046 2840 1101 hac
2868 1046 2932 1100 de
2973 1061 3029 1100 re
3057 1046 3258 1113 scripta
3293 1046 3391 1098 ha-

1822 1130 2019 1184 bentur
2050 1133 2467 1200 perpendamus.
2493 1135 2779 1205 Propalam
2806 1137 2949 1190 enim
2976 1137 3101 1190 hinc
3135 1137 3237 1190 erit
3271 1134 3390 1189 illos

1821 1221 1962 1275 haud
2017 1223 2195 1276 minus
2237 1237 2358 1276 cum
2409 1223 2709 1294 Scripturis
2753 1241 2914 1294 quam
2956 1226 3238 1280 nobiscum
3285 1241 3389 1294 pu-

1819 1327 2008 1382 gnare,
2028 1327 2092 1367 ac
2120 1313 2262 1383 ipsas
2288 1323 2595 1369 sanctorum
2626 1317 2856 1371 virtutes
2886 1317 3229 1371 calumniari.
3253 1315 3388 1369 Nam

1820 1404 1862 1458 si
1900 1405 2206 1473 vituperant
2255 1419 2349 1460 eos
2391 1408 2480 1475 qui
2533 1406 2601 1460 ab
2647 1409 3045 1477 inquirentibus
3089 1410 3154 1463 ad
3202 1424 3386 1463 necem

1819 1509 1940 1549 sese
1969 1495 2265 1562 occultant,
2314 1499 2357 1552 si
2394 1497 2796 1553 calumniantur
2828 1515 2920 1555 eos
2961 1501 3050 1570 qui
3086 1499 3292 1570 fugiunt
3329 1510 3388 1554 ut

1821 1600 1850 1640 a
1903 1588 2344 1655 persecutoribus
2397 1589 2671 1645 declinent
2708 1610 2720 1645 :
2751 1591 2900 1660 quid,
2957 1606 3159 1660 quaeso,
3214 1591 3386 1644 acturi

1819 1687 1944 1731 sunt
1979 1678 2025 1732 si
2066 1680 2285 1733 videant
2327 1678 2496 1734 Jacob
2542 1681 2763 1736 fratrem
2797 1697 2952 1735 suum
2986 1682 3125 1736 Esau
3170 1681 3390 1752 fugere?

1819 1767 1958 1835 Quid
1995 1771 2038 1824 si
2067 1769 2304 1841 .iioysem
2338 1771 2390 1824 in
2424 1781 2620 1826 terram
2649 1772 2880 1827 Madiam
2912 1784 3056 1827 metu
3088 1773 3390 1827 Pharaonis

1819 1862 2107 1916 secedere?
2141 1863 2279 1928 Quid
2324 1863 2400 1917 illi
2446 1865 2536 1932 qui
2585 1864 2712 1917 talia
2743 1863 3011 1928 effutiunt,
3054 1881 3151 1935 pro
3192 1863 3390 1920 Davide

153 1947 330 2013 οἰκίας,
366 1947 458 2000 ὅτε
503 1946 821 2000 ἀπέστειλεν
855 1948 1016 2000 αὑτὸν
1054 1946 1424 2016 ἀναιρεθῆναι,
1461 1946 1554 1998 καὶ
1587 1962 1713 2016 κρυ-

1822 1953 2241 2020 respondebunt,
2271 1954 2432 2008 domo
2475 1954 2713 2022 fugiente
2745 1972 2864 2008 cum
2899 1954 3024 2008 Sanl
3062 1955 3286 2010 sicarios
3321 1955 3388 2007 ad

152 2024 524 2110 πτομένῳμὲν
549 2024 740 2092 ἐαυτὸν
786 2039 858 2110 (1)
889 2040 947 2091 ἐν
979 2038 1058 2109 τῷ
1107 2037 1353 2108 σπηλαίῳ
1372 2079 1386 2101 ,
1417 2036 1712 2090 ἀλλοιοῦντι

150 2131 196 2184 δὲ
224 2131 279 2184 τὺ
309 2131 607 2203 πρόσωπον
645 2131 838 2184 ἐαυτοῦ
863 2171 879 2194 ,
927 2131 1030 2194 ἕως
1056 2131 1121 2185 ἂν
1167 2129 1412 2201 παρέλθῃ
1445 2129 1534 2182 τὸν
1573 2128 1715 2182 Ἀϐι-

153 2221 300 2293 μέλεχ
329 2222 408 2292 (2)
430 2261 445 2286 ,
478 2223 572 2275 καὶ
601 2223 700 2292 τὴν
743 2221 1028 2293 ἐπιϐουλὴν
1064 2222 1315 2294 ἐκκλίνῃ;
1363 2221 1427 2273 Τί
1462 2219 1504 2271 δ’
1545 2219 1610 2274 ἂν
1639 2218 1716 2272 ετ-

149 2331 286 2368 ποιεν
312 2317 361 2368 οἱ
394 2315 572 2370 πάντα
594 2313 842 2383 λέγοντες
864 2313 1126 2384 εὐχερῶς,
1167 2312 1451 2382 βλέποντες
1485 2312 1576 2365 τὸν
1619 2312 1715 2382 μέ-

149 2422 238 2474 γαν
285 2405 476 2458 Ἠλίαν
499 2406 928 2476 ἐπικαλούμενον
958 2405 1055 2476 μὲν
1080 2405 1154 2475 (5)
1177 2404 1267 2457 τὸν
1301 2405 1432 2457 Θεὸν
1483 2404 1576 2456 καὶ
1625 2421 1712 2456 νε-

150 2497 268 2568 κρὸν
293 2495 606 2570 ἐγείραντα,
637 2500 1009 2572 κρυπτόμενον
1043 2498 1098 2550 δέ
1129 2497 1217 2550 διὰ
1237 2496 1328 2548 τὸν
1349 2495 1552 2565 Ἀχαὰϐ
1573 2535 1588 2558 ,
1620 2496 1714 2549 καὶ

150 2589 406 2658 φεύγοντα
432 2591 521 2644 διὰ
543 2590 640 2654 τὰς
663 2590 890 2654 ἀπειλὰς
915 2589 1013 2659 τῆς
1049 2586 1281 2652 Ἰεζάϐελ
1302 2603 1316 2652 ;
1345 2588 1466 2640 τότε
1486 2585 1595 2656 γὰρ
1618 2587 1714 2656 ξη-

149 2681 386 2751 τούμενοι
422 2683 516 2736 καὶ
544 2685 592 2736 oi
622 2683 729 2736 υἱοὶ
756 2681 864 2735 τῶν
886 2679 1180 2751 προφητῶν
1210 2679 1560 2749 ἐκρύπτοντο,
1592 2676 1716 2730 λαν-

150 2771 387 2837 ϐάνοντες
420 2775 478 2827 ἐν
503 2776 615 2836 τοῖς
642 2772 925 2844 σπηλαίοις
942 2771 1032 2824 διὰ
1058 2770 1152 2824 τοῦ
1196 2769 1402 2822 Ἀϐδιοῦ
1433 2769 1537 2838 (4).

213 2867 295 2922 ll.
328 2869 400 2919 Ἢ
427 2866 635 2930 τούτοις
669 2866 767 2936 μὲν
797 2866 872 2928 ώς
897 2865 1146 2926 παλαιοῖς
1170 2864 1270 2916 οὐκ
1304 2861 1574 2931 ἐνέτυχον,
1605 2859 1714 2914 τῶν

148 2959 356 3014 δὲκατὰ
391 2960 456 3012 τὸ
500 2958 861 3028 Εὑαγγέλιον,
897 2957 1018 3010 ούδὲ
1064 2957 1190 3027 μίαν
1231 2955 1450 3026 μνήμην
1492 2954 1710 3022 ἔχουσι·

145 3052 234 3104 καὶ
265 3051 374 3123 γὰρ
408 3052 503 3106 κα)⁸
532 3051 581 3104 οἱ
615 3049 852 3121 μαθηταὶ
873 3047 959 3102 διὰ
987 3049 1078 3103 τὸν
1108 3048 1270 3116 φόϐον
1299 3044 1711 3106 τῶνΊουδαίων,

146 3143 445 3214 ἀνεχώρουν
478 3142 862 3214 κρυπτόμενοι,
891 3141 982 3194 καὶ
1027 3141 1056 3192 ό
1090 3139 1302 3202 Παῦλος
1325 3140 1380 3190 ἐν
1417 3133 1713 3206 Δαμασκῷ,

147 3232 289 3306 παρὰ
307 3232 404 3286 τοῦ
434 3231 697 3304 ἐθνάρχου
735 3229 1091 3302 ζητούμενος,
1137 3230 1244 3284 ἀπὸ
1282 3228 1375 3281 τοῦ
1413 3227 1622 3296 τείχους
1655 3228 1713 3279 ἐν

150 3325 387 3397 σαργάνῃ
412 3324 764 3394 κεχάλασται,
796 3325 889 3376 καὶ
919 3323 1145 3392 ἐξέφυγε
1174 3321 1268 3375 τοῦ
1300 3320 1586 3391 ζητοῦντος
1613 3318 1712 3382 τὰς

150 3418 345 3486 χεῖρας.
378 3416 493 3486 Τῆς
531 3415 708 3468 τοίνυν
756 3415 979 3486 Γῳφῆς
1010 3413 1236 3468 τοιαῦτα
1273 3411 1537 3481 λεγούσης
1587 3410 1713 3481 περὶ

149 3509 246 3561 τῶν
277 3509 470 3576 ἁγίων,
509 3508 668 3560 ποίαν
705 3507 814 3579 ἄρα
843 3507 1114 3579 πρόφασιν
1143 3507 1244 3576 τῆς
1276 3505 1482 3558 ἑαυτῶν
1509 3521 1714 3575 προπε-

150 3598 287 3663 τείας
315 3599 555 3670 ἐξευρεῖν
583 3599 894 3670 δυνήσονται
917 3616 930 3662 ;
959 3600 1056 3650 Ἂν
1078 3615 1137 3650 τε
1155 3599 1264 3669 γὰρ
1295 3597 1494 3650 δειλίαν
1527 3596 1714 3649 ὀνειδί-

155 3704 276 3741 σωσι
305 3691 426 3741 κατ’
471 3687 684 3752 αὐτῶν,
739 3689 1077 3759 μαινομένων
1128 3687 1191 3740 τὸ
1219 3688 1506 3758 τόλμημα·
1543 3685 1609 3740 ἂν
1656 3685 1714 3738 δέ

153 3777 222 3848 (5)
253 3779 344 3832 καὶ
364 3778 442 3841 ὡς
470 3777 621 3849 παρὰ
646 3777 708 3830 τὸ
737 3776 982 3848 βούλημα
1016 3775 1108 3829 τοῦ
1138 3775 1273 3829 Θεοῦ
1305 3775 1590 3838 ποιοῦντας
1619 3775 1714 3828 αύ-

153 3872 265 3935 τοὺς
302 3871 694 3936 διαϐάλλωσιν,
746 3872 845 3924 οὐκ
873 3858 1090 3933 ἐἰδότες
1131 3871 1237 3922 εἰσὶ
1287 3868 1567 3931 παντελῶς
1613 3867 1714 3932 τὰς

152 3961 187 4013 Γ
189 3964 384 4032 ραφάς.
428 3963 517 4016 Ἐν
551 3963 646 4033 μὲν
671 3962 780 4033 γὰρ
807 3962 884 4034 τῷ
912 3962 1062 4034 νόμῳ
1079 3960 1372 4032 πρόσταξις
1392 3956 1460 4031 ἦν
1481 3958 1716 4028 ἐκπτῆ-

147 4070 230 4106 ναι
257 4055 347 4107 καὶ
373 4054 556 4116 πόλεις
579 4053 1019 4125 φυγαδευτηρίων
1047 4053 1142 4122 (6),
1160 4053 1298 4124 ὑπὲρ
1329 4050 1424 4105 τοῦ
1458 4053 1584 4115 τοὺς
1620 4051 1716 4121 ζη-

142 4144 434 4214 τουμένους
461 4147 543 4208 είς
571 4145 796 4198 θάνατον
831 4145 978 4208 ὅπως
1019 4143 1216 4214 δήποτε
1241 4142 1497 4196 δύνασθαι
1531 4140 1717 4194 διασώο

145 4235 331 4298 ζεσθαι
355 4253 369 4267 ·
399 4237 494 4289 ἐπὶ
519 4235 576 4288 δὲ
605 4235 885 4305 συντελείᾳ
908 4235 1016 4288 τῶν
1037 4233 1246 4288 αίώνων
1275 4233 1716 4305 παραγενόμενος

144 4328 303 4391 αὐτὸς
331 4331 359 4382 ὁ
387 4327 465 4398 τῷ
487 4329 675 4382 Μωσεῖ
703 4327 942 4397 λαλήσας
965 4327 1132 4394 Λόγος
1150 4326 1244 4378 τοῦ
1274 4325 1484 4396 Πατρὸς
1502 4366 1516 4389 ,
1558 4325 1715 4378 πάλιν

145 4419 363 4490 ἐντολὴν
391 4419 596 4491 ταύτην
628 4404 1032 4486 δίδωσι,’λέγων
1055 4434 1069 4448 ·
1117 4419 1295 4470 Ὅταν
1328 4416 1395 4470 δὲ
1423 4416 1717 4470 διώκωσιν

141 4512 298 4581 ὑμᾶς
335 4513 404 4566 ἐν
450 4511 525 4581 τῇ
563 4514 737 4566 πόλει
782 4512 966 4579 ταύτῃ
1021 4510 1120 4580 (7),
1163 4511 1408 4580 φεύγετε
1463 4512 1548 4575 είς
1603 4509 1716 4577 τὴν

1815 2059 1939 2100 eum
1966 2045 2382 2100 confodiendum
2418 2046 2585 2111 misit,
2623 2046 2676 2100 in
2719 2046 2970 2116 spelunca
3012 2047 3233 2112 latente,
3261 2045 3382 2099 vul-

1815 2142 1925 2187 tum
1955 2149 2110 2188 suum
2139 2135 2479 2199 immutante,
2510 2136 2688 2203 quoad
2722 2135 3127 2190 Abimelechum
3162 2136 3389 2204 ejusque

1813 2225 2041 2280 insidias
2072 2225 2412 2280 declinaret?
2441 2226 2711 2291 Quidnam
2745 2226 2818 2280 illi
2849 2227 3109 2290 dixerint,
3141 2226 3388 2280 homines

1813 2331 1945 2372 sane
1989 2319 2167 2372 verbis
2211 2332 2426 2385 semper
2471 2319 2585 2372 suis
2637 2318 2931 2379 temerarii,
2967 2333 3088 2372 cum
3134 2332 3386 2386 magnum

1814 2407 2020 2462 Heliam
2052 2410 2389 2464 adverterint
2419 2411 2582 2465 Deum
2615 2411 2830 2480 quidem
2871 2411 3126 2465 invocare
3153 2426 3215 2463 ac
3242 2425 3388 2464 mor-

1812 2507 1966 2552 tuum
1996 2502 2256 2563 excitare,
2289 2514 2407 2554 sese
2441 2511 2644 2565 tamen,
2671 2510 2730 2554 ut
2759 2500 3037 2554 Acbabum
3071 2501 3385 2564 declinaret,

1811 2591 2168 2658 abscondere,
2207 2600 2263 2646 et
2314 2594 2383 2647 ob
2422 2591 2692 2647 .lezabelis
2736 2591 2913 2646 minas
2951 2591 3243 2660 aufugere?
3280 2607 3388 2661 quo

1814 2691 2056 2750 tempore
2095 2683 2219 2737 item
2269 2683 2361 2736 lilii
2401 2683 2788 2752 prophetarum
2824 2683 3128 2738 absconditi
3176 2682 3229 2736 in
3267 2696 3390 2752 spe-

1813 2772 2008 2837 luncis,
2037 2773 2226 2826 Abdia:
2256 2788 2357 2842 ope
2380 2773 2789 2828 delitescebant.
3412 2776 3414 2778 ’

1885 2865 1972 2917 ll.
2009 2864 2076 2917 At
2115 2863 2345 2918 fortasse
2384 2865 2499 2918 ιιωο
2534 2873 2717 2933 utpote
2744 2866 2962 2932 antiqua
3003 2880 3273 2934 nunquam
3307 2864 3388 2918 ie—

1812 2965 2026 3027 geruut,
2060 2969 2160 3008 nec
2193 2969 2380 3008 eorum
2411 2967 2529 3024 qua:
2559 2955 2611 3008 in
2638 2955 2926 3025 Evangelia
2952 2956 3201 3024 leguntur
3251 2955 3388 3007 ulla-

1816 3055 1968 3100 tenus
2007 3046 2380 3100 recordantur.
2420 3045 2632 3099 Etenim
2677 3045 2778 3112 ipsi
2832 3046 3079 3113 discipuli
3119 3054 3259 3099 metu
3293 3043 3390 3098 Ju-

1813 3140 2050 3194 daaorum
2105 3154 2224 3194 sese
2279 3138 2643 3194 occultarunt.
2692 3139 2757 3192 Et
2811 3137 3010 3192 Paulus
3050 3139 3308 3191 Damasci
3361 3154 3391 3191 a

1816 3229 2066 3300 praefecto
2096 3230 2376 3298 qumsitus,
2413 3242 2511 3296 per
2557 3243 2768 3282 murum
2806 3229 2857 3281 in
2903 3237 3083 3296 sporta
3126 3229 3390 3281 demissus

1814 3333 1915 3385 est,
1947 3333 2110 3391 atque
2141 3323 2213 3374 ita
2243 3322 2568 3389 inquirentis
2591 3336 2650 3376 se
2677 3337 2869 3375 manus
2892 3321 3095 3390 ellugit.
3117 3321 3248 3376 Cum
3275 3322 3390 3376 haec
3419 3376 3452 3398 .

1813 3414 1976 3485 igitur
2019 3422 2329 3468 sanctorum
2381 3414 2624 3484 exempla
2663 3413 2940 3482 Scriptura
2978 3413 3199 3475 referat,
3229 3430 3387 3481 quem

1817 3507 2136 3562 temeritatis
2185 3521 2296 3560 sua:
2351 3505 2635 3560 obtentum
2688 3505 2930 3558 invenire
2985 3503 3271 3574 poterunt?
3317 3505 3387 3567 Si

1814 3613 2048 3668 namque
2097 3598 2202 3653 illis
2265 3597 2606 3651 timiditatem
2661 3598 3031 3666 exprobrent,
3089 3595 3387 3650 furentium

1815 3703 1947 3743 sane
1992 3703 2156 3743 ausus
2197 3687 2288 3742 ille
2337 3688 2534 3751 fuerit;
2567 3687 2649 3741 sin
2697 3669 2886 3740 contra
2930 3687 3022 3740 Dei
3053 3687 3387 3742 voluntatem

1814 3779 1933 3834 illos
1962 3780 2138 3850 egisse
2165 3780 2548 3842 criminentur,
2585 3793 2706 3833 sese
2739 3777 3064 3832 Litterarum
3110 3793 3386 3832 sacrarum

1813 3886 2035 3942 prorsus
2064 3872 2277 3942 ignarus
2307 3870 2660 3926 exhibebunt.
2689 3870 2744 3924 ln
2793 3870 2906 3939 lege
2941 3870 3139 3940 quippe
3162 3871 3374 3939 iussum

1816 3963 1936 4028 fuit,
1965 3973 2023 4018 ut
2049 3964 2512 4019 constituerentur
2554 3962 2745 4029 refugii
2791 3963 2976 4026 urbes,
3009 3976 3114 4031 quo
3155 3961 3392 4016 homini-

1815 4055 1914 4110 bus
1946 4057 2013 4109 ad
2047 4069 2232 4110 necem
2264 4054 2510 4124 quaesitis
2561 4053 2776 4123 aliquod
2823 4055 3014 4108 saltem
3045 4053 3238 4108 salutis
3269 4068 3392 4123 per-

1817 4149 2020 4219 fugium
2068 4148 2546 4217 relinqueretur,“.
2593 4146 2650 4201 ln
2703 4149 3171 4204 consummatione
3207 4157 3388 4200 autent

1818 4240 2164 4303 sazculorum,
2197 4255 2320 4293 cum
2357 4239 2576 4293 advenit
2605 4237 2842 4292 Verbum
2867 4238 3039 4292 Patris
3060 4241 3200 4305 quod
3221 4238 3386 4308 Moysi

1817 4329 1941 4384 olim
1994 4329 2230 4384 locutum
2275 4338 2378 4395 est,
2423 4329 2552 4399 quid
2591 4329 2662 4383 sit
2697 4329 2962 4397 agendum
2995 4328 3235 4397 praecipit
3258 4329 3382 4380 dum

1819 4420 1934 4473 bare
1983 4419 2217 4489 loquitur
2243 4438 2257 4473 :
2283 4419 2412 4472 Cum
2451 4427 2627 4472 autem
2671 4421 2928 4484 persecuti
2968 4435 3054 4472 vos
3100 4419 3300 4487 fuerint
3334 4419 3388 4472 in

1820 4509 2025 4561 ciuitate
2050 4509 2172 4573 ista,
2195 4507 2356 4576 fugite
2385 4508 2439 4560 in
2465 4509 2626 4559 aliam
2643 4507 2706 4558 ¹⁶.
2728 4507 2790 4560 Ει
2816 4506 2972 4574 paulo
2989 4514 3108 4574 post
3133 4505 3235 4558 ait:
3256 4503 3388 4556 Cum

139 4604 355 4672 ἑτέραν
374 4623 386 4635 ·
420 4605 516 4658 καὶ
541 4605 658 4674 μετ’
690 4603 844 4672 ὀλίγα
881 4603 1044 4674 φησίν
1065 4619 1078 4632 ·
1124 4604 1308 4656 "Utar
1339 4598 1452 4656 οὖν
1469 4601 1631 4668 ἴδητε
1648 4601 1713 4654 τὸ

1822 4617 1940 4672 ergo
1973 4601 2208 4654 videritis
2237 4599 2677 4652 abominationem
2704 4597 3066 4670 desolationis,
3105 4613 3221 4666 qua:
3247 4597 3390 4649 dicta

133 4695 456 4766 ,ϐδέλυγμα
470 4695 581 4763 τῆς
593 4695 959 4765 ἐρημώσεως,
977 4695 1042 4748 τὸ
1054 4693 1242 4762 ῥηθὲν
1261 4694 1358 4747 διὰ
1373 4692 1594 4761 Δανιὴλ
1611 4693 1715 4748 τοῦ

137 4786 456 4856 προφήτου
475 4829 489 4852 ,
524 4785 713 4851 ἑστὼς
739 4786 809 4839 ἐν
848 4786 1006 4851 τόπῳ
1033 4786 1199 4854 ἁγίῳ,
1232 4788 1264 4838 ό
1292 4782 1717 4850 ἀναγινώσκων

137 4879 372 4930 νοείτω·
403 4877 539 4930 τότε
559 4879 613 4930 οἱ
637 4875 799 4945 ἐντῇ
828 4875 1078 4942 Ἰουδαίᾳ
1106 4873 1490 4946 φευγέτωσαν
1515 4873 1615 4927 ἐπὶ
1645 4873 1720 4928 τὰ

227 4989 272 5022 ¹⁸
313 4989 485 5044 Exod.
516 5005 631 5055 χχι,
685 4989 773 5044 15.
856 4988 901 5021 ¹⁶
921 4989 1169 5052 Mattlu,
1197 4988 1290 5042 25.

217 5106 334 5179 (98)
371 5105 462 5179 Sic
490 5106 706 5179 Bcg._et
732 5104 943 5179 Anglic.
973 5105 1116 5179 Editi
1144 5119 1273 5179 vero
1300 5103 1720 5179 postaiara'tpxq;

132 5173 352 5232 habent
373 5175 575 5232 αὐτῶν.
599 5175 721 5231 Mox
744 5173 843 5245 pro
869 5178 898 5229 ό
923 5175 1042 5229 κατ’
1061 5173 1264 5245 αὐτῶν,
1283 5185 1341 5226 ιιι
1360 5175 1561 5245 habent
1584 5173 1716 5242 Reg.

130 5259 199 5299 rt
227 5249 467 5317 Anglia,
507 5251 569 5317 in;
593 5242 754 5300 editis
803 5246 1012 5317 legitur
1040 5246 1068 5297 ό
1119 5244 1331 5317 ἱκανός.Δ
1377 5242 1544 5317 Paulo
1581 5251 1721 5317 post

126 5310 379 5386 Anglia,
429 5310 631 5370 αὐτῶν.
679 5317 812 5369 lbitl.
857 5310 1102 5386 Anglic”
1140 5313 1447 5386 loyapimg.
1491 5313 1548 5364 In
1580 5310 1716 5382 Reg.

128 5384 329 5456 primo
380 5389 615 5456 positum
642 5455 646 5456 ν
678 5386 873 5450 fuerat,
925 5385 1264 5456 λογοχαρίοις
1284 5423 1299 5448 ,
1322 5453 1333 5456 _
1355 5384 1448 5436 seti
1512 5392 1717 5456 postea,

128 5451 305 5511 Eraso
335 5451 421 5526 οχ,
455 5455 731 5526 λογαρίοις
761 5456 955 5526 factum
987 5451 1283 5526 EstlgEditi,
1322 5451 1681 5523 λογοχαρίοις.

224 5477 305 5509 rso
335 5477 380 5510 ο·
408 5499 421 5516 ,
457 5477 731 5526 Λογαριοις
761 5477 955 5508 ιυυιυιιι
987 5477 1087 5508 εει.
1121 5477 1211 5508 nm

219 5477 464 5598 (99)“ic
494 5538 776 5598 restituunt
809 5523 960 5598 socr.
992 5535 1046 5579 et
1092 5524 1211 5578 Nic.

219 5597 298 5661 (ι)
335 5597 494 5666 Heg,
535 5597 744 5660 τοῦτον,
775 5597 932 5649 male.

220 5667 298 5738 (Ξ)
336 5667 431 5722 llic
459 5663 926 5733 νοοειιιιιυἈγχοῦς
951 5663 1002 5718 in
1035 5672 1178 5716 textu
1203 5662 1391 5719 Graeco
1423 5661 1718 5734 Scriptura:

176 5746 200 5788 ι
234 5740 403 5789 Acltis
431 5739 483 5789 in
520 5736 764 5789 Vulgata.
799 5734 976 5789 Iliea.
1013 5748 1122 5789 xxi.
1156 5734 1245 5787 15.

285 5748 403 5791 eius
432 5748 483 5790 in
523 5748 764 5798 Vulgata,
799 5748 976 5798 Ineg.
1013 5748 1122 5798 XXI,
1156 5748 1245 5787 1ο.

121 5747 200 5792 et
234 5747 403 5791 Acltis
431 5747 483 5790 in
523 5747 764 5803 Vulgata,
799 5747 976 5801 llieg.
1013 5748 1122 5798 ut,
1156 5747 1245 5787 1'0.

222 5807 300 5879 (Ii)
328 5807 444 5879 Mév
471 5810 624 5879 deest
645 5808 695 5858 in
720 5804 930 5879 Anglic.
997 5871 1020 5879 Μ
1067 5871 1108 5879 __
1136 5872 1187 5879 ﬂ
1247 5869 1271 5879 υ

248 5868 300 5945 ί)
330 5877 525 5948 Regius
547 5876 748 5938 Codex,
781 5868 931 5943 παρὰ
954 5871 1032 5941 τῷ
1067 5869 1294 5928 ἰλϐδιοῦ,
1345 5873 1521 5940 Somn,
1569 5868 1720 5937 παρὰ

535 5595 744 5660 τοῦτον,
775 5595 932 5649 male.

1822 4706 1895 4748 est
1921 4711 1950 4746 a
1979 4692 2194 4746 Daniele
2233 4691 2478 4760 propheta
2502 4731 2518 4757 ,
2561 4700 2786 4746 stantem
2823 4693 2878 4743 in
2917 4690 3031 4742 loco
3057 4699 3260 4752 sancto,
3298 4689 3388 4758 qui

1823 4785 1968 4855 legit.
2015 4784 2320 4852 intelligat:
2349 4792 2471 4835 tunc
2516 4785 2603 4850 qui
2649 4782 2701 4833 in
2748 4780 2940 4834 Judwa
2995 4791 3137 4846 sunt,
3179 4779 3388 4848 fugiant

1826 4875 1893 4928 ad
1927 4885 2123 4928 montes
2148 4887 2166 4924 :
2189 4883 2236 4926 et
2267 4875 2356 4942 qui
2384 4889 2546 4942 supra
2575 4883 2763 4926 tectum
2799 4887 2902 4924 non
2931 4869 3395 4941 descendat259

1824 5103 1900 5174 τῷ
1930 5102 2135 5174 Ἀϐδίᾳ.
2163 5101 2328 5167 Editi,
2362 5101 2448 5174 δια
2474 5099 2567 5154 τοῦ
2596 5098 2828 5174 Ἀϐδιοῦζ
2855 5100 2984 5174 Quae
3019 5107 3138 5174 post
3174 5099 3286 5153 haec
3309 5113 3395 5152 se-

1824 5170 2362 5240 quuntur,'citantur
2416 5173 2466 5224 in
2526 5171 2754 5225 concilio
2799 5170 3114 5240 Duziacensi
3159 5185 3198 5228 ι,
3245 5179 3389 5240 ιοιυο

1827 5237 1960 5302 VIII,
1984 5243 2176 5303 Couc.,
2207 5257 2258 5310 p.
2287 5241 2446 5297 1569.
2471 5241 2589 5295 Mox
2613 5241 2820 5310 Anglic.
2854 5250 2974 5309 post
3018 5237 3395 5310 παλαιοῖεΙιετ

1823 5313 1914 5365 bet
1944 5312 2092 5374 ἴσως.
2126 5307 2289 5366 Paulo
2333 5322 2454 5382 post
2501 5307 2729 5381 lieg..ei
2765 5307 2944 5373 Sacra,
2979 5311 3217 5378 μνήμην.
3249 5307 3392 5359 Editi

1824 5398 1974 5454 Vero,
1999 5383 2209 5452 μνείαν.
2706 5451 2715 5454 _
2801 5449 2813 5454 ,
2870 5447 2894 5454 _
3068 5446 3079 5454 ,
3331 5441 3353 5454 ..

1896 5451 1971 5574 (53
2000 5446 2234 5522 ἈιιςΙὶυ..
2263 5451 2560 5507 ὀνειδίζωσι
2598 5451 2718 5504 κατ’
2758 5447 2934 5501 αὐτῶν
2981 5446 3282 5523 μαίνονται·
3326 5446 3394 5496 ἂν

1896 5562 1898 5572 .
1969 5521 2062 5574 Ιοχ
2095 5525 2256 5574 idem.
2287 5523 2627 5574 διαϐάλλουσι
2662 5516 3198 5574 παντελῶς.οιηὶεείε
3229 5519 3394 5566 tuter-

1821 5516 1911 5575 63’.
1943 5516 2062 5576 Mox
2093 5516 2256 5588 idem,
2287 5523 2627 5576 διαϐάλλουσι
2662 5516 3198 5579 παντελῶς.οιῐιὶεεὶε
3229 5516 3398 5566 inter-

1827 5593 2040 5645 mediis.

1897 5661 1971 5730 (6)
2003 5662 2274 5723 Socrates,
2307 5657 2788 5730 φυγαδευτηρίους.
2845 5656 2964 5709 Mox
3025 5651 3395 5722 Anglicanus.

1825 5731 2086 5785 δύνασθαι
2113 5731 2298 5794 διῶξαι
2323 5730 2544 5792 ταύτας.

1898 5802 1972 5872 (7)
2006 5803 2162 5858 Socr.
2196 5793 2247 5857 ct
2271 5800 2516 5868 Niccpli.,
2544 5799 2606 5849 ἐκ
2638 5797 2732 5867 τῆς
2772 5795 2972 5859 πόλεως
3002 5793 3222 5864 ταύτης.
