3980 6558
509 491 614 548 C59

1073 490 1132 546 S.
1174 491 1550 547 ATIIANASII
1587 491 1738 547 OPP.
1782 489 1962 544 PARS
2000 489 2041 544 1.
2081 519 2150 529 -
2189 484 2561 543 HISTORICA
2601 483 2689 538 ET
2733 480 3153 539 DOGMATICA.

3663 473 3764 530 660

509 607 688 661 tollere
727 621 843 676 quae
884 607 939 660 in
986 608 1142 661 domo
1182 625 1280 662 sua
1315 619 1435 663 sunt
1461 625 1479 662 :
1502 619 1548 661 et
1581 611 1670 672 qui
1702 609 1754 660 in
1788 623 1938 677 agro,
1977 621 2080 659 non
2109 641 2120 666 λ

2218 621 2289 670 ρη
2309 602 2406 671 (8)·
2426 605 2458 654 ο
2473 601 2571 653 ἐπὶ
2589 599 2697 654 τοῦ
2713 598 2978 668 δώματος
2987 597 3074 666 μὴ
3092 596 3401 661 καταϐήτω
3425 585 3567 663 ἆραι
3598 591 3672 646 τὰ
3701 592 3764 645 ἐκ

509 707 800 752 revertatur
828 697 1010 751 tollere
1043 701 1278 753 tunicam
1300 716 1451 753 suout
1471 701 1536 754 ¹⁷.
1570 698 1694 751 llmc
1728 713 1850 751 cum
1878 697 2080 750 scirent

512 788 708 853 sancti,
745 787 1054 856 hujnsmodi
1087 792 1210 844 vita:
1248 790 1514 843 rationem
1547 788 1736 842 sectati
1768 797 1914 843 sunt.
1949 787 2079 840 Nam

511 894 632 948 quae
655 877 766 948 jam
794 885 1051 951 praecepit
1083 881 1368 944 Dominus,
1404 881 1519 934 hanc
1549 881 1664 947 ipsa
1694 888 1819 931 ante
1843 893 1998 932 suum
2028 878 2080 930 in

512 985 678 1026 carne
698 971 987 1026 adventum
1011 988 1106 1026 ore
1128 981 1435 1026 sanctorum
1469 969 1723 1039 praefatus
1751 979 1852 1023 est.
1883 968 1946 1021 Et
1970 967 2084 1020 haec

512 1070 597 1116 est
641 1075 825 1117 norma
859 1079 979 1132 quae
1025 1063 1269 1117 homines
1310 1061 1529 1117 deducit
1565 1062 1633 1116 ad
1677 1059 2082 1132 perfectionem,

513 1164 575 1208 ut
603 1168 794 1224 nempe
833 1154 924 1209 Dei
948 1154 1097 1223 jussa
1127 1153 1454 1223 compleant.

585 1333 675 1390 ιε.
716 1332 1053 1401 Quapropter
1078 1331 1255 1400 ipsum
1282 1329 1516 1385 Verbum
1551 1339 1768 1401 propter
1795 1344 1893 1384 nos
1925 1329 2087 1385 homo

515 1426 742 1490 factum,
777 1424 902 1478 dum
926 1424 1312 1492 inquireretnr,
1348 1433 1406 1476 ut
1441 1438 1540 1477 nos
1569 1425 1677 1488 jam
1710 1423 1939 1492 agimus,
1970 1434 2091 1475 sese

516 1517 813 1582 occultare,
849 1517 1088 1584 itemque
1120 1525 1498 1584 persecutores
1539 1515 1726 1585 fugere
1773 1523 1828 1568 et
1862 1514 2091 1569 insidias

519 1609 797 1664 declinare
825 1607 1012 1661 voluit.
1053 1606 1292 1662 Decebat
1329 1608 1472 1662 enim
1506 1623 1652 1672 eum,
1688 1616 1748 1661 ut
1781 1607 2090 1673 esuriendo,

520 1701 776 1764 sitiendo,
823 1699 1097 1768 patiendo,
1150 1699 1228 1754 sic
1272 1709 1326 1754 et
1375 1714 1495 1754 sese
1541 1698 1860 1754 occultando
1907 1715 1972 1754 ac
2009 1698 2091 1754 fu-

515 1793 736 1864 giendo,
768 1792 1052 1847 ostendere
1080 1807 1139 1848 se
1179 1807 1396 1848 carnem
1434 1801 1665 1862 gestare,
1712 1802 1873 1861 atque
1919 1793 2095 1847 homi-

2183 694 2295 762 τῆς
2310 693 2501 759 οἰκίας
2513 691 2719 746 αὐτοῦ’
2743 691 2839 744 καὶ
2870 693 2903 743 ό
2917 690 2988 742 ὲν
3002 687 3081 753 τῷ
3099 686 3258 758 ἀγρῷ
3272 685 3356 756 μὴ
3381 684 3768 752 ὑποστρεψά-

2183 802 2266 838 τω
2297 785 2490 837 ὀπίσω
2518 776 2655 852 ἆραι
2683 784 2756 836 τὰ
2781 781 2978 850 ἱμάτια
3004 781 3209 835 αὑτοῦ.
3251 778 3441 833 Ταῦτα
3485 778 3599 849 γὰρ
3639 778 3769 832 είδο-

2184 893 2274 940 τες
2297 878 2346 929 οἱ
2373 876 2517 944 ἆγιοι
2539 915 2554 938 ,
2584 873 2838 944 τοιαύτην
2883 869 3028 942 εἶχον
3067 872 3167 943 τὴν
3189 873 3290 943 τῆς
3323 871 3605 932 πολιτείας
3631 871 3770 937 ἀγω-

2184 970 2309 1040 γήν.
2345 969 2412 1020 Ἀ
2459 967 2567 1038 γὰρ
2618 966 2710 1020 νῦν
2756 965 3086 1036 προσέταξεν
3119 965 3149 1017 6
3187 965 3422 1035 Κύριος.
3471 962 3648 1015 ταῦτα
3682 961 3771 1014 καὶ

2186 1060 2294 1131 πρὸ
2309 1059 2408 1125 τῆς
2430 1058 2695 1128 ἐνσάρκου
2715 1056 3017 1127 παρουσίας
3039 1055 3112 1126 (9)
3137 1056 3196 1110 ἐν
3225 1057 3338 1118 τοῖς
3365 1054 3546 1122 ἁγίοις
3569 1053 3767 1106 ἐλάλειο

2186 1150 2283 1204 καὶ
2305 1151 2450 1203 ἐστιν
2473 1142 2626 1212 οὗτος
2646 1149 2770 1220 ὅρος
2789 1146 3094 1218 ἀνθρώποις
3125 1147 3204 1210 εἰς
3225 1146 3546 1216 τελειότητα
3576 1144 3773 1217 φέρων,

2186 1243 2215 1295 ὃ
2246 1242 2291 1294 δ’
2319 1243 2383 1295 ἂν
2404 1244 2432 1296 6
2463 1241 2594 1304 Θεὸς
2621 1240 2921 1310 προστάξῃ,
2950 1239 3108 1291 τοῦτο
3131 1240 3325 1290 ποιεῖν.

2262 1335 2350 1388 12.
2381 1337 2479 1387 Διὰ
2516 1334 2672 1387 τοῦτο
2696 1334 2790 1387 καὶ
2813 1333 2974 1395 αὐτὸς
3003 1334 3031 1385 6
3052 1331 3243 1398 Λόγος,
3277 1330 3345 1382 δι’
3380 1331 3534 1400 ἡμᾶς
3557 1328 3778 1399 γενόμε-

2190 1443 2280 1490 νος
2331 1425 2639 1497 ἄνθρωπος,
2696 1423 3008 1494 κατηξίωσε
3061 1421 3411 1494 ζητούμενος,
3465 1422 3546 1484 ὡς
3600 1423 3778 1491 ἡμεῖς,

2194 1522 2498 1594 κρυϐῆναι’
2551 1521 2646 1574 καὶ
2681 1519 2842 1574 πάλιν
2881 1517 3229 1587 διωκόμενος,
3275 1515 3504 1586 φεύγειν
3550 1516 3648 1568 καὶ
3688 1515 3782 1586 τὴν

2193 1613 2484 1684 ἐπιϐουλὴν
2519 1612 2783 1668 ἐκκλῖναι.
2823 1611 3071 1680 Ἔπρεπε
3101 1606 3210 1677 γὰρ
3256 1608 3442 1671 αὐτὸν,
3491 1607 3571 1672 ὡς
3605 1608 3669 1659 ἐκ
3695 1605 3783 1659 τοῦ

2194 1708 2384 1776 πεινῇν
2412 1705 2507 1757 καὶ
2530 1703 2712 1774 διψῇν,
2744 1702 2838 1755 καὶ
2866 1701 2960 1755 τοῦ
2996 1701 3210 1763 παθεῖν,
3252 1700 3425 1762 οὕτως
3453 1699 3552 1751 καὶ
3596 1700 3659 1750 ἐκ
3693 1697 3783 1750 τοῦ

2195 1796 2532 1869 κρύπτεσθαι
2581 1795 2676 1848 καὶ
2711 1794 2953 1863 φεύγειν,
3000 1792 3266 1846 δεικνύειν
3309 1789 3507 1843 ἑαυτὸν
3539 1788 3654 1858 (10)
3693 1805 3783 1856 φο-

518 1901 642 1940 ιιειη
683 1886 881 1939 factum
918 1898 1056 1938 esse.
1107 1883 1240 1937 Nam
1289 1883 1357 1937 ab
1402 1884 1517 1952 ipso
1565 1885 1748 1938 statim
1795 1885 1951 1940 initio
1989 1901 2095 1956 quo

2218 1889 2398 1943 νοῦντα
2430 1889 2609 1960 σάρκα
2651 1889 2745 1940 καὶ
2787 1887 3078 1957 γενόμενον
3119 1886 3427 1958 ἄνθρωπον.
3480 1881 3576 1948 Ἐξ
3619 1883 3786 1953 ἀρχῆς

521 1970 700 2026 factus
724 1980 808 2025 est
835 1971 1016 2034 homo,
1055 1971 1182 2024 dum
1224 1972 1399 2026 adhuc
1438 1988 1572 2042 puer
1601 1984 1766 2038 esset,
1801 1990 1897 2044 per
1935 1989 2096 2044 ange-

2218 1983 2300 2035 ιὲν
2350 1980 2459 2050 γὰρ
2505 1981 2619 2051 ἅμα
2664 1979 2742 2050 τῷ
2793 1979 3046 2049 γενέσθαι
3084 1978 3394 2050 ἄνθρωπος,
3433 1977 3524 2030 ὅτε
3581 1973 3785 2028 παιδίον

521 2063 632 2117 lum
665 2062 780 2130 ipse
823 2076 982 2117 suum
1025 2061 1261 2130 Josepbo
1304 2065 1561 2134 praecepit
1609 2084 1622 2118 :
1671 2064 1923 2135 Surgens,
1974 2067 2098 2120 tolle

519 2170 738 2221 puerum
767 2164 813 2207 et
849 2164 1066 2208 matrem
1102 2157 1238 2224 ejus,
1267 2165 1314 2208 et
1351 2155 1473 2226 [age
1507 2151 1563 2210 in
1592 2157 1920 2228 zEgyptum;
1947 2159 2097 2227 futu-

521 2263 641 2299 rum
671 2257 746 2301 est
784 2247 922 2300 enim
964 2256 1020 2300 ut
1063 2245 1298 2302 Herodes
1340 2260 1542 2319 quaerat
1582 2251 1812 2304 animam
1852 2253 2001 2320 pueri
2032 2254 2095 2308 ¹⁸.

524 2337 788 2394 Defuncto
822 2348 1003 2393 autem
1046 2337 1281 2406 Herode,
1316 2349 1376 2394 ut
1423 2341 1749 2396 Archelaum
1782 2341 1948 2398 ﬁlium
1983 2343 2100 2412 ejus

526 2430 848 2498 declinaret,
879 2431 932 2486 in
966 2431 1197 2487 Nazaret
1225 2433 1445 2487 secedit.
1490 2434 1544 2488 In
1586 2435 1933 2505 subsequenti
1976 2453 2103 2493 vero

529 2533 794 2595 tempore,
825 2525 918 2580 ubi
952 2540 1074 2581 sese
1109 2527 1275 2580 Deum
1321 2526 1586 2591 exhibuit,
1622 2543 1950 2598 manumque
1997 2531 2104 2583 ari-

526 2617 651 2672 dam
683 2633 873 2672 sanam
915 2617 1078 2682 fecit,
1111 2633 1234 2673 cum
1271 2618 1476 2688 egressi
1517 2618 1780 2674 Pharisaei
1815 2621 2103 2675 consilium

530 2709 726 2764 inirent
752 2723 855 2778 qua
897 2711 1106 2764 ratione
1144 2710 1435 2779 perderent
1467 2725 1589 2764 eum
1623 2711 1665 2742 ¹⁹
1701 2731 1712 2766 :
1746 2712 1796 2766 id
1834 2727 1954 2767 cum
1979 2713 2104 2769 Jesn

529 2808 716 2854 notum
743 2807 911 2862 esset,
947 2799 1174 2854 secessit
1205 2799 1347 2852 inde.
1369 2799 1433 2853 Et
1450 2814 1578 2854 vero
1603 2801 1818 2869 quando
1843 2801 2106 2857 Lazarum

2197 2069 2287 2146 ἦν,
2336 2072 2497 2135 αὐτὸς
2539 2071 2626 2125 διὰ
2671 2071 2766 2125 τοῦ
2810 2072 3041 2141 ἀγγέλου
3088 2071 3392 2124 ἐνετείλατο
3439 2068 3520 2139 τῷ
3561 2067 3781 2136 Ἰωσήφ·

2213 2162 2504 2232 Ἐγερθεὶς
2545 2162 2850 2230 παράλαϐε
2879 2162 2946 2215 τὸ
2980 2160 3222 2214 παιδίον
3257 2159 3358 2214 καὶ
3400 2159 3521 2228 τὴν
3567 2156 3786 2228 μητέρα

2199 2253 2409 2315 αὑτοῦ,
2439 2253 2538 2307 καὶ
2564 2252 2748 2323 φεῦγε
2771 2255 2859 2320 είς
2888 2254 3215 2323 Αιγυπτονο
3243 2252 3460 2322 μέλλει
3486 2250 3599 2320 γὰρ
3631 2249 3788 2318 Ἡρώ-

2201 2345 2313 2413 δης
2347 2344 2540 2414 ζητεῖν
2586 2344 2701 2412 τὴν
2744 2343 2957 2413 ψυχὴν
2993 2343 3100 2397 τοῦ
3142 2343 3404 2398 παιδίου.
3446 2344 3559 2396 Καὶ
3596 2342 3790 2395 ἀποθαο

2203 2439 2384 2503 νόντος
2417 2439 2474 2492 δὲ
2500 2435 2761 2510 Ἡρώδου,
2807 2437 3055 2507 φαίνεται
3097 2437 3164 2491 δι’
3204 2437 3501 2508 ’Δρχέλαον
3545 2437 3635 2489 τὸν
3683 2437 3790 2488 υἱὸν

2206 2526 2369 2581 αὐτοῦ
2398 2526 2699 2598 ἀναχωρῶν
2733 2528 2811 2590 εἰς
2833 2526 2932 2597 τὴν
2953 2526 3228 2597 Ναζαρέτ.
3262 2525 3393 2578 Ὅτε
3420 2527 3478 2579 δὲ
3502 2525 3680 2579 λοιτῶν
3701 2524 3790 2578 καὶ

2204 2620 2338 2672 Θεὸν
2372 2620 2560 2673 ἑαυτὸν
2597 2620 2857 2682 ἐδείκνυε,
2889 2620 2983 2672 καὶ
3020 2619 3120 2690 τὴν
3145 2619 3318 2691 ξηρὰν
3359 2621 3526 2689 χεῖρα
3565 2617 3786 2686 πεποίη-

2207 2730 2304 2766 κεν
2332 2713 2484 2780 ύγιᾶ,
2527 2713 2578 2764 οἱ
2608 2713 2705 2783 μὲν
2733 2713 3014 2783 Φαρισαῖοι
3034 2752 3047 2772 ,
3089 2709 3400 2777 ἐξελθόντες
3423 2753 3438 2775 ,
3480 2728 3542 2762 συ
3554 2709 3791 2779 μϐούλιον

2210 2804 2403 2858 ἔλαϐον
2429 2806 2548 2858 κατ’
2569 2805 2756 2868 αὐτοῦ,
2780 2805 2928 2866 ὅπως
2962 2803 3122 2857 αὐτὸν
3147 2803 3493 2856 ἀπολέσωσιν
3518 2819 3531 2832 ·
3563 2803 3591 2854 ὁ
3612 2799 3666 2852 δέ
3696 2801 3794 2868 ’1η-

529 2889 812 2944 suscitavit
843 2904 874 2943 a
923 2888 1169 2953 mortuis,
1233 2889 1307 2942 Ab
1339 2888 1455 2956 illo,
1502 2890 1700 2959 inquit,
1737 2892 1824 2945 die
1851 2895 2109 2962 cogitave-

2218 2894 2338 2961 σούς
2373 2899 2532 2966 γνοὺς
2568 2896 2913 2968 ἀνεχώρησεν
2963 2895 3191 2949 ἐκεῖθεν.
3247 2895 3362 2948 Καὶ
3405 2893 3516 2964 γὰρ
3553 2893 3640 2946 ὅτε
3693 2890 3793 2963 (Η)

531 2989 656 3034 runt
704 2989 763 3034 ut
811 2981 1161 3048 interﬁcerent
1197 2997 1338 3037 eum.
1375 2983 1528 3035 Jesus
1581 2997 1704 3052 ergo
1746 2983 1864 3052 jam
1900 3001 2003 3038 non
2054 2986 2109 3038 in

2218 2991 2302 3044 τὸν
2326 2990 2575 3062 Λάζαρον
2603 2991 2826 3061 ἤγειρεν
2861 2990 2925 3041 ὲκ
2948 2989 3158 3060 νεκρῶν
3181 3028 3195 3052 ,
3248 2988 3375 3039 Ἀπ’
3415 2986 3676 3050 ἐκείνης,
3711 3000 3795 3052 φη·

533 3075 712 3145 palam
741 3073 1067 3139 ambulabat,
1100 3074 1190 3128 sed
1239 3075 1372 3130 abiit
1415 3075 1536 3129 inde
1575 3075 1630 3128 in
1667 3077 1929 3144 regionem
1950 3077 2109 3146 juxta

2218 3084 2293 3147 σί,
2331 3082 2444 3153 τῆς
2471 3082 2695 3152 ἡμέρας
2722 3081 3185 3144 ἐϐουλεύσαντο,
3227 3080 3329 3132 ἵνα
3367 3076 3797 3131 ἀποκτείνωσιν

535 3175 799 3224 desertum
831 3171 899 3224 '°.
958 3169 1164 3225 Deinde
1221 3180 1505 3240 postquam
1557 3169 1786 3225 dixisset
1837 3170 2108 3234 Salvator,

2218 3177 2418 3230 αὐτόν.
2463 3177 2526 3228 '0
2555 3171 2668 3230 οὖν
2703 3173 2933 3240 Ἰησοῦς
2957 3172 3154 3227 οὐκέτι
3187 3169 3500 3239 παρρησίᾳ
3531 3165 3795 3236 περιεπά-

537 3263 828 3332 Antequam
874 3261 1143 3315 Abraham
1186 3261 1332 3330 ﬁeret
1364 3279 1456 3332 ego
1501 3280 1640 3325 sum,
1680 3262 1857 3316 ludwi
1901 3263 2110 3332 quidem

2218 3285 2302 3321 τει
2341 3269 2409 3321 ἐν
2447 3266 2570 3333 τοῖς
2609 3265 2922 3330 Ἰουδαίοις
2949 3306 2962 3328 ,
2999 3264 3138 3318 ἀλλ’
3165 3262 3446 3331 ἀπῆλθεν
3471 3261 3697 3315 ἐκεῖθεν
3720 3262 3799 3325 εὶς

536 3354 738 3421 lapides
771 3353 1029 3418 tulerunt,
1083 3363 1136 3406 ut
1174 3354 1412 3422 jacerent
1455 3357 1510 3408 in
1548 3371 1688 3418 eum,
1739 3353 1896 3407 Jesus
1939 3366 2115 3408 autem

2218 3359 2332 3427 τὴν
2376 3359 2576 3429 χώραν
2612 3358 2793 3428 ἐγγὺς
2830 3355 2940 3425 τῆς
2980 3357 3224 3424 ἐρήμου.
3261 3349 3398 3407 Εἶτα
3435 3352 3685 3421 λέγοντος
3714 3349 3798 3402 τοῦ

537 3445 806 3497 abscondit
839 3460 911 3510 se,
935 3454 982 3498 et
1013 3444 1166 3497 exivit
1201 3451 1263 3498 de
1288 3444 1477 3511 templo
1509 3445 1588 3510 “;
1621 3455 1697 3508 et,
1727 3442 2006 3498 Transiens
2027 3461 2118 3513 per

2218 3451 2494 3521 Σωτῆρος,
2530 3451 2678 3518 Πρὶν
2707 3451 2961 3518 Ἀϐραὰμ
2990 3446 3287 3518 γενέσθαι,
3319 3446 3436 3516 ἐγώ
3457 3447 3597 3514 ειμι,
3628 3447 3679 3497 οἱ
3697 3441 3801 3512 μὲι·

538 3536 766 3590 medium
793 3535 1008 3589 illorum
1043 3537 1147 3590 ibat
1168 3537 1238 3602 ",
1271 3537 1451 3606 itaque
1479 3550 1539 3590 se
1573 3535 1849 3590 subduxit.

2226 3543 2492 3596 Ἰουδαῖοι
2519 3539 2674 3612 ἦραν
2705 3542 2816 3611 (-12)
2856 3542 3092 3605 λίθους,
3134 3541 3237 3593 ἵνα
3265 3537 3556 3603 ,βάλωσιν
3592 3537 3681 3589 ἐπ’
3708 3537 3800 3587 αὐ-

541 3631 686 3684 τόν⁸
730 3634 764 3685 ὁ
803 3632 871 3685 δὲ
906 3632 1138 3700 Ἰησοῦς
1184 3632 1402 3700 ἐκρύϐη
1427 3671 1442 3697 ,
1480 3630 1576 3684 καὶ
1618 3630 1880 3699 ἐξῆλθεν
1913 3631 1982 3684 ἐκ
2032 3633 2140 3688 τοῦ
2179 3637 2358 3706 ἱεροῦ·
2398 3638 2514 3705 καὶ,
2547 3636 2804 3691 Διελθὼν
2833 3635 2937 3688 διὰ
2958 3635 3154 3704 μέσου
3213 3633 3436 3698 αὐτῶν,
3464 3634 3796 3701 ἐπορεύετο,

544 3727 640 3781 καὶ
665 3728 914 3800 παρῆγεν
941 3727 1130 3792 οὕτως.

571 3843 586 3860 ο
621 3819 710 3874 1'5.
754 3819 879 3874 Haec
923 3834 1050 3890 ergo
1088 3835 1211 3876 cum
1244 3819 1485 3884 videant,
1523 3832 1618 3872 seu
1656 3819 1834 3886 potius
1875 3819 2122 3884 audiant,

548 3910 684 3965 nihil
704 3912 902 3981 quippe
930 3913 1149 3967 vident:
1175 3911 1467 3981 quomodo,
1500 3912 1575 3964 uti
1603 3912 1861 3978 scriptum
1890 3922 1992 3976 est,
2019 3928 2124 3967 non

548 4012 739 4073 optant
777 4005 900 4070 igne
934 4003 1203 4069 comburi,
1253 4020 1376 4058 cum
1415 4003 1582 4073 gestis
1611 4004 1982 4073 doctrinaeque
2025 4005 2128 4059 Do—

551 4097 682 4152 mini
712 4097 940 4151 adversa
971 4097 1071 4166 ipsi
1106 4096 1330 4152 consilia
1377 4098 1564 4152 ineant
1589 4097 1862 4166 verbaque
1904 4097 2128 4162 profun-

550 4189 680 4244 dant
698 4187 779 4242 ¹δῖ
810 4188 1020 4242 Etenim
1042 4203 1164 4244 cum
1192 4186 1429 4242 Joannes
1447 4189 1766 4258 martyrium
1783 4188 2059 4253 suliiisset,
2076 4199 2132 4244 et

553 4281 801 4353 discipuli
846 4281 963 4351 ejus
989 4296 1184 4351 corpus
1229 4282 1576 4345 humassent,
1608 4281 1695 4335 his
1723 4282 1920 4336 auditis
1947 4281 2126 4348 Jesns,

553 4375 770 4429 recessit
810 4375 928 4427 inde
971 4377 1025 4428 in
1071 4373 1313 4428 navicula
1357 4373 1414 4427 in
1459 4373 1629 4426 locum
1681 4373 1941 4428 desertum
1990 4389 2130 4428 seor-

555 4483 672 4521 sum
705 4467 772 4522 ⁹¹⁵.
811 4467 934 4520 Haec
975 4476 1133 4522 erant
1177 4467 1340 4536 igitur
1379 4467 1590 4520 Domini
1628 4476 1779 4535 gesta
1814 4482 1825 4516 :
1875 4465 1988 4519 haec
2017 4466 2133 4534 ejus

2303 3821 2391 3874 1⁵5.
2425 3819 2568 3890 "Aps
2594 3819 2767 3871 ταῦτα
2800 3815 3108 3886 βλέποντες,
3152 3813 3353 3885 μᾶλλον
3384 3812 3444 3865 δὲ
3467 3811 3572 3865 κᾶν
3598 3807 3798 3864 ἀκούον-

2231 3929 2321 3977 τες
2349 3913 2483 3982 (1⁸5),
2515 3913 2637 3965 ἐπεὶ
2663 3911 2737 3982 μὴ
2768 3909 3046 3979 βλέπουσι,
3089 3907 3205 3971 πῶς
3235 3905 3379 3960 κατὰ
3415 3905 3480 3958 τδ
3504 3902 3799 3975 γεγραμμέ-

2232 4023 2322 4060 νον
2355 4005 2416 4057 ού
2457 4002 2740 4074 θελήσουσι
2769 4000 3022 4070 γενέσθαι
3063 3998 3450 4069 πυρίκαυστοι,
3488 3998 3571 4050 ὃτι
3609 3992 3799 4048 ἐναντία

2232 4089 2306 4150 ὧν
2349 4098 2378 4150 6
2419 4093 2622 4166 Κύριος
2659 4096 2804 4146 ποιεῖ
2857 4092 2948 4146 καὶ
3005 4091 3278 4153 διδάσκει,
3337 4087 3672 4158 βουλεύονται
3719 4082 3800 4136 καὶ

2236 4188 2599 4258 φθέγγονται;
2653 4185 2764 4238 Καὶ
2809 4183 2916 4256 γὰρ
2959 4183 3048 4236 ὅτε
3097 4182 3353 4251 Ἰωάννης
3408 4178 3797 4251 μεμαρτύρηκε,

2237 4282 2332 4334 καὶ¹
2359 4282 2409 4334 οἱ
2443 4279 2684 4351 μαθηταὶ
2724 4278 2784 4330 τὸ
2815 4277 2974 4348 σῶμα
3003 4275 3232 4344 ἔθαψαν,
3266 4272 3511 4335 ἀκούσας
3539 4273 3567 4324 6
3601 4266 3800 4340 Ἰησοῦς,

2239 4371 2624 4441 ἀνεχώρησεν
2659 4368 2888 4424 ἐκεῖθεν
2925 4368 2995 4420 ἐν
3021 4366 3212 4432 πλοίῳ
3251 4366 3340 4430 είς
3384 4363 3608 4432 ἔρημον
3643 4359 3804 4412 τόπον

2241 4465 2367 4517 κατ’
2396 4464 2572 4517 ἰδίαν.
2602 4463 2660 4514 '0
2693 4462 2793 4533 μὲν
2823 4455 2914 4513 οὖν
2937 4457 3141 4529 Κύριος
3170 4456 3343 4508 ἐποίει
3368 4454 3565 4516 ταῦτα,
3605 4451 3688 4503 καὶ
3707 4444 3802 4516 (ιι)

558 4556 824 4614 doctrina.
854 4555 1074 4611 Utinam
1105 4556 1178 4610 illi
1208 4557 1291 4610 vel
1323 4556 1394 4609 ita
1421 4555 1616 4609 saltem
1644 4555 2045 4618 erubescerent,
2082 4565 2120 4608 el

2237 4557 2410 4619 οὕτως
2454 4555 2753 4608 ἐδίδασκεν.
2800 4551 2930 4605 Εἴθε
2969 4550 3025 4602 δὲ
3077 4541 3223 4602 οὗτοι
3261 4547 3366 4601 κᾶν
3408 4545 3582 4608 οὕτως
3613 4544 3804 4609 αἰσχυν-

559 4650 804 4704 homines
844 4649 1018 4704 solum
1054 4663 1148 4702 sua
1199 4649 1512 4703 temeritate
1552 4647 1996 4716 aggrederentur,
2041 4661 2142 4701 nec

561 4740 768 4809 majore
798 4741 945 4797 ducti
979 4740 1189 4796 insania
1221 4741 1396 4810 ipsum
1441 4737 1782 4794 Salvatorem
1832 4738 2142 4802 timiditatis

565 4831 876 4886 incusarent
906 4833 918 4884 i
949 4845 1015 4885 eo
1038 4833 1182 4885 enim
1211 4832 1427 4886 tandem
1464 4830 1538 4884 illi
1563 4828 1853 4892 devenere,
1882 4838 2152 4882 utcontra

567 4923 714 4978 illum
743 4925 924 4980 ausint
950 4925 1356 4994 blasphemare.
1389 4923 1494 4976 Sed
1524 4923 1593 4974 ita
1630 4919 1948 4976 furibundas
1982 4921 2154 4975 homi-

570 5028 666 5068 nes
698 5030 854 5070 nemo
893 5015 1052 5069 ferat.
1097 5015 1238 5081 Quin
1281 5013 1443 5068 etiam
1479 5013 1604 5066 hinc
1647 5012 1932 5066 evincetur
1972 5011 2152 5065 Evan-

572 5107 712 5176 gelia
739 5106 856 5161 illos
887 5106 1111 5160 minime
1143 5120 1358 5175 capere.
1392 5105 1567 5159 Causa
1601 5115 1783 5158 autem
1818 5118 2065 5158 secessus
2094 5119 2158 5159 ac

574 5197 716 5269 fuga:
749 5197 1068 5263 Salvatoris,
1115 5214 1276 5268 quam
1310 5196 1654 5268 evangelista:
1694 5206 2017 5261 memorant,
2067 5211 2148 5249 rav

2248 4648 2412 4710 θῶσι,
2453 4647 2547 4700 καὶ
2590 4646 2751 4717 μέχρι
2798 4643 2906 4696 τῶν
2954 4639 3259 4711 ἀνθρώπων
3308 4639 3584 4708 στήσωσιν
3629 4631 3805 4687 ἑαυτῶν

2248 4739 2346 4811 τὴν
2379 4737 2730 4808 προπέτειαν,
2772 4737 2866 4789 καὶ
2909 4733 2981 4805 μὴ
3012 4732 3172 4784 πλέον
3210 4729 3472 4801 μανέντες
3502 4724 3804 4795 ὲγκαλέσωσι

2252 4832 2346 4885 καὶ
2373 4830 2452 4901 τῷ
2473 4829 2686 4900 Σωτῆρι
2712 4828 2934 4890 δειλίαν,
2971 4824 3120 4890 ἅπαξ
3149 4825 3268 4878 κατ’
3302 4821 3470 4876 αὑτοῦ
3501 4817 3807 4892 βλασφημεῖν

2254 4922 2694 4993 μελετήσαντεςι
2741 4920 2880 4972 Ἀλλ’
2931 4917 3054 4971 οὔτε
3127 4915 3474 4988 μαινομένων
3527 4911 3694 4966 αὐτῶν
3738 4923 3806 4977 τις

2250 5015 2533 5079 ἀνέξεταιο
2574 5013 2770 5084 μᾶλλον
2795 5013 2852 5065 δὲ
2886 5011 2980 5065 καὶ
3028 5010 3097 5064 τὰ
3141 5009 3450 5078 Εύαγγέλια
3489 5009 3563 5079 μὴ
3596 5003 3808 5060 νοοῦντες

2252 5107 2692 5179 ἐλεγχθήσονται.
2733 5106 2889 5157 Ἔστι
2922 5103 3027 5174 γὰρ
3066 5104 3101 5171 ἠ
3149 5101 3418 5172 πρόφασις
3461 5099 3559 5168 τῆς
3592 5091 3807 5157 τοιαύτης

2254 5199 2660 5270 ἀναχωρήσεως
2693 5197 2788 5251 καὶ
2815 5196 2991 5266 φυγῆς
3017 5192 3239 5261 εὔλογος
3268 5193 3364 5245 καὶ
3389 5189 3593 5262 ἀληθὴς
3615 5229 3629 5252 ,
3655 5187 3710 5256 ἢν
3734 5180 3808 5234 ἐπὶ

648 5319 689 5351 ¹⁷
717 5319 904 5374 Matth.
933 5334 1080 5383 xxrv,
1114 5317 1303 5372 15-18.
1382 5318 1425 5349 ⁸⁸
1464 5315 1652 5371 Matth.
1679 5332 1741 5380 ll,
1775 5316 1862 5369 15.
1940 5317 1982 5347 ¹⁹
2019 5315 2120 5368 Mat

2237 5333 2387 5384 xxvi,
2417 5319 2473 5373 4.
2548 5320 2593 5350 ²⁰
2630 5317 2787 5374 Joan.
2825 5333 2897 5384 χι,
2930 5316 3016 5382 55,
3059 5314 3152 5369 54.
3228 5312 3272 5344 ’ί
3306 5309 3468 5366 Joau.
3493 5323 3604 5382 vin,
3627 5303 3702 5367 58,
3733 5297 3806 5353 59.

580 5390 624 5422 ¹²
663 5389 795 5444 Luc.
841 5406 915 5455 tv,
945 5388 1034 5443 50.
1111 5390 1156 5420 ’³
1195 5387 1298 5441 lsa.
1330 5404 1405 5454 rx,
1436 5387 1488 5442 5.
1589 5388 1634 5418 “
1676 5386 1866 5441 Matth.
1913 5401 2026 5451 ειν,
2062 5386 2150 5443 15.

655 5516 732 5586 (8)
765 5515 999 5586 Anglic.,
1021 5516 1099 5579 εἰς
1129 5514 1196 5568 τὰ
1221 5513 1342 5584 ὅρη.
1372 5511 1484 5565 Καὶ
1505 5512 1553 5564 ὁ.
1586 5509 1730 5564 Infra
1761 5511 1923 5574 idem,
1952 5508 2046 5563 ἐπὶ
2066 5509 2120 5562 τί

2271 5507 2574 5586 al-09195-

583 5587 782 5649 οἰκίας.

661 5657 734 5726 (9)
760 5656 996 5723 Anglic.,
1024 5653 1320 5726 πολιτείας.

666 5719 780 5795 (lli)
807 5719 964 5791 “Eg”
994 5727 1059 5777 ἐκ
1087 5723 1180 5777 τού
1214 5722 1728 5795 δείκνυσιν-,ἐαυτόη
1759 5719 1975 5795 omissis
2003 5720 2171 5795 inter—

593 5791 805 5848 mediis.
839 5796 999 5854 Editi.
1027 5795 1206 5856 αύτός.
1243 5793 1425 5861 Augl.,
1450 5791 1623 5854 οὕτως
1650 5793 1743 5861 καὶ
1769 5792 1832 5843 ὲκ
1861 5791 2047 5843 τούτου
2063 5791 2172 5861 δει-

594 5863 779 5917 κνύειν
824 5865 1013 5918 ἐαυτὸν
1069 5863 1581 5933 ἐνανθρωπήσαντα,
1629 5860 1688 5925 ἐξ
1722 5861 1896 5933 ἀρχῆς
1933 5861 2029 5933 μὲν
2055 5860 2169 5933 ἃμα

599 5935 661 5987 τὸ
691 5950 803 6000 γεν.
835 5934 1001 5990 Paulo
1035 5943 1170 6001 post,
1203 5932 1290 5986 ὅτε
1324 5932 1474 5987 deest
1503 5933 1552 5986 in
1583 5932 1790 5997 Anglic.
1825 5932 1966 5988 Idem
2006 5932 2160 5993 ibid.,
2208 5942 2216 5952 '

2293 5549 2581 5645 "(1'13
2612 5573 2895 5645 Regiuset
2919 5568 3204 5645 Anglican.
3233 5564 3402 5632 Editi,
3427 5561 3537 5617 Καὶ
3563 5557 3665 5628 γὰρ
3685 5549 3778 5607 καί.

2345 5581 2423 5645 (ll
2489 5579 2581 5631 Sic
2612 5578 2810 5642 Regius
2839 5581 2895 5625 et
2919 5578 3204 5636 Anglican.
3233 5578 3402 5632 Edtll,
3429 5578 3537 5617 non
3563 5578 3665 5628 γαρ
3685 5578 3755 5607 παι

2345 5578 2455 5718 (ιὲζ
2489 5647 2646 5718 βοετ.
2688 5655 2743 5696 et
2778 5639 3170 5718 [Ἥρη-ἔλαϐονἒ
3250 5707 3266 5718 _
3431 5713 3443 5718 Δ
3495 5703 3511 5718 ⁵
3572 5699 3659 5718 μη-
3727 5681 3755 5718 ι

3325 5713 3446 5776 post
3485 5699 3698 5769 Anglic,
3726 5688 3762 5757 ᾧ
3786 5688 3812 5742 5

2272 5777 2403 5852 Θεδς
2438 5777 2608 5840 ἐποίει
2634 5777 2726 5838 καὶ
2752 5783 2988 5836 διδάσκει
3019 5777 3316 5852 βούλονται.

2347 5834 2605 5928 (“Sidi
2637 5834 2898 5914 dces—tiu
2927 5834 3134 5924 Anglic.
3175 5849 3320 5904 Infra
3362 5844 3577 5916 Regius,
3615 5834 3806 5904 στήσω·

2277 5947 2381 5984 σιν.
