3980 6496
165 435 256 495 661
1337 444 1682 501 APOLOGIA
1722 447 1809 503 DE
1852 449 2036 508 FUGA
2082 453 2232 510 SUA.

3311 460 3421 517 662

163 551 248 606 τοῦ
275 553 532 626 Σωτῆρος
579 556 837 628 κειμένην
888 558 938 610 οἰ
992 559 1370 629 εὐαγγελισταὶ
1420 564 1737 636 ἀπεμνημό-

1852 569 1981 622 tioui
2003 582 2368 627 consentanea
2395 586 2458 627 ac
2487 572 2724 642 legitima
2755 584 2857 640 est,
2889 591 3116 646 eamque
3140 589 3238 631 nos
3267 576 3421 629 decet

163 661 372 699 νευσαν.
418 648 512 699 Δεῖ
532 646 587 700 δὲ
613 650 758 718 ἡμᾶς
789 651 854 702 ἐκ
897 649 1086 704 τούτου
1118 652 1212 704 καὶ
1245 654 1338 706 ἐπὶ
1383 655 1601 708 πάντων
1634 657 1741 710 τῶν

161 736 324 804 ἁγίων
365 739 466 809 τὴν
498 740 667 811 αὐτὴν
707 740 1017 810 λογίζεσθαι
1092 743 1147 814 (δι
1196 744 1306 817 γὰρ
1339 748 1468 818 περὶ
1500 747 1595 800 τοῦ
1632 749 1744 800 Σω-

159 827 320 897 τῆρος
353 829 714 902 ἀνθρωπίνως
742 832 1070 904 γέγραπται,
1098 835 1271 888 ταῦτα
1296 836 1374 907 τῷ
1408 839 1571 910 κοινῷ
1596 839 1744 908 γένει

158 917 259 969 τῶν
285 918 590 989 ἀνθρώπων
620 923 986 995 ἀναφέρεσθαι
1019 928 1308 998 προσήκει.
1344 930 1416 982 Τὸ
1450 930 1558 1002 γὰρ
1584 932 1742 1002 ἡμῶν

166 1009 370 1075 ἐκεῖνος
405 1013 636 1085 ἐφόρεσε
667 1015 824 1087 σῶμα
847 1059 862 1085 ,
905 1017 999 1072 καὶ
1049 1020 1148 1092 τὴν
1191 1021 1540 1094 ἀνθρωπίνην
1579 1024 1741 1078 ἀσθέ-

160 1118 302 1157 νειαν
330 1106 445 1175 (15)
475 1107 806 1162 ἐνεδείκνυτο
830 1113 882 1180 )’
923 1110 990 1181 ἣν
1015 1112 1043 1163 6
1081 1113 1335 1185 Ἰωάννης
1369 1114 1606 1187 ἔγραψεν
1651 1116 1743 1170 οῦ-

157 1210 260 1258 τως
277 1207 292 1222 ⁸
333 1195 611 1264 Ἐὔξτουν
632 1199 818 1254 αὐτὸν
839 1201 1072 1268 πιάσαι,
1106 1205 1202 1257 καὶ
1231 1206 1430 1272 οὐδεὶς
1449 1209 1744 1264 ἐπέϐαλεν·

157 1287 244 1340 ἐπ’
276 1288 467 1343 αὐτὸν
503 1289 617 1358 τὴν
663 1292 853 1360 χεῖρα,
901 1294 988 1347 ὅτι
1033 1296 1198 1349 οὔπω
1245 1299 1526 1365 ἐληλύθει
1554 1303 1592 1369 ἡ
1623 1301 1744 1371 ὥρα

157 1381 357 1436 αὐτοῦ.
390 1384 502 1437 Καὶ
531 1385 639 1456 γὰρ
673 1388 766 1439 καὶ
797 1387 903 1458 πρὸ
933 1388 1138 1458 ταύτην
1171 1389 1285 1460 (16)
1321 1391 1494 1446 ἐλθεῖν
1513 1434 1527 1458 ,
1558 1394 1743 1464 ἔλεγεν

159 1473 312 1538 αὐτὸς
337 1477 402 1546 τῇ
442 1475 541 1546 μὲν
571 1478 772 1550 μητρί·
795 1481 970 1533 Οὔπω
1010 1481 1142 1548 ἥκει
1171 1484 1209 1552 ἠ
1237 1482 1358 1551 ὥρα
1373 1503 1522 1553 μουο
1549 1490 1664 1551 τοῖς
1685 1489 1742 1542 δὲ

158 1564 560 1634 χρηματίσασιν
622 1567 870 1636 ἀδελφοῖς
935 1569 1143 1622 αὐτοῦ·
1213 1570 1266 1623 '0
1327 1572 1470 1641 ἐμὸς
1539 1574 1742 1644 καιρὸς

156 1655 312 1710 οὔπω
344 1657 620 1726 πάρεστι.
653 1659 824 1713 Πάλιν
842 1677 924 1724 τε,
944 1660 1190 1726 ἐλθόντος
1217 1663 1310 1717 τοῦ
1347 1665 1561 1736 καιροῦ,
1589 1665 1741 1735 ἔλεγε

156 1751 261 1811 τοῖς
314 1750 617 1822 μαθηταῖς·
679 1753 1003 1807 Καθεύδετε
1062 1754 1128 1808 τὸ
1175 1756 1394 1810 λοιπὸν
1448 1757 1548 1811 καὶ
1593 1759 1740 1812 ἀνα-

156 1841 418 1895 παύεσθε
472 1843 584 1913 (17)
609 1859 622 1872 ⁸
679 1845 807 1900 ἰδοὺ
865 1846 975 1915 γὰρ
1030 1845 1276 1915 ἤγγικεν
1331 1850 1369 1917 ἡ
1428 1848 1582 1918 ὥρα,
1642 1850 1741 1905 καὶ

158 1933 186 1985 δ
230 1933 359 2000 Υἱὸς
413 1935 524 1989 τοῦ
579 1936 892 2006 ἀνθρώπου
951 1939 1340 2008 παραδίδοται
1393 1945 1481 2008 εὶς
1535 1943 1738 2013 χεῖρας
1772 1939 1810 1992 Β

155 2013 536 2095 ἁμαρτωλῶν.
1655 2076 1660 2081 -

219 2117 306 2172 14.
340 2119 432 2183 Ὠς
463 2119 561 2190 μὲν
590 2114 683 2173 οῦν
705 2119 836 2184 Θεὸς
864 2121 959 2174 καὶ
977 2123 1146 2190 Λόγος
1164 2123 1238 2177 ὢν
1257 2123 1349 2178 τοῦ
1368 2125 1598 2196 Πατρὺς,
1620 2143 1739 2180 και-

153 2209 239 2281 ρδν
264 2211 366 2267 οὐκ
390 2207 539 2283 εἶχεν
565 2231 578 2243 ·
619 2213 780 2277 αὐτὸς
811 2215 918 2285 γὰρ
947 2215 1054 2268 τῶν
1084 2216 1291 2288 καιρῶν
1328 2219 1443 2270 ἐστι
1475 2218 1737 2291 δημιουρ-

151 2301 272 2369 γός’
314 2301 606 2373 ἄνθρωπος
640 2303 696 2356 δὲ
723 2305 1013 2374 γενόμενος
1042 2306 1135 2358 καὶ
1184 2305 1343 2360 τοῦτο
1393 2307 1586 2378 λέγων,
1631 2309 1738 2362 δεί-

151 2409 340 2447 κνυσιν
365 2394 581 2465 ἑκάστῳ
608 2395 714 2448 τῶν
736 2395 1037 2467 ἀνθρώπων
1070 2398 1258 2469 χρόνον
1284 2394 1420 2452 εῖναι
1463 2417 1738 2472 μεμετρη-

153 2487 310 2554 μένον
334 2503 349 2517 ’
397 2487 494 2540 καὶ
520 2487 712 2558 χρόνον
739 2488 800 2540 οῦ
831 2488 922 2540 τὸν
959 2489 1098 2542 κατὰ
1134 2490 1318 2562 τύχην,
1352 2492 1427 2555 ὥς
1462 2509 1606 2556 τινες
1631 2493 1738 2546 τῶν

161 2576 430 2648 Ἑλλήνων
481 2579 792 2648 νομίζοντες
852 2579 1238 2650 μυθολογοῦσιν
1261 2625 1274 2649 ,
1321 2583 1435 2636 ἀλλ’
1465 2584 1523 2637 ὃν
1577 2584 1738 2649 αὐτὸς

149 2667 480 2740 δημιουργὸς
505 2668 582 2724 ὢν
606 2709 620 2733 ,
667 2671 743 2734 ὡς
765 2671 1029 2743 ἠθέλησεν
1072 2676 1100 2726 6
1133 2673 1319 2746 Πατὴρ
1340 2714 1356 2738 ,
1387 2675 1585 2746 ὥρισεν
1611 2676 1739 2729 ἑκά·

150 2776 277 2831 στῳ.
307 2763 422 2815 Καὶ
443 2763 604 2816 τοῦτο
625 2763 955 2835 γέγραπται,
987 2766 1080 2819 καὶ
1106 2768 1239 2820 πᾶσι
1267 2767 1456 2836 γέγονε
1482 2768 1734 2839 φανερόν·

147 2854 194 2904 εί
226 2853 338 2923 γὰρ
355 2853 689 2926 κέκρυπται,
721 2857 816 2910 καὶ
836 2856 1088 2911 λανθάνει
1117 2858 1326 2920 πάντας
1344 2857 1664 2928 ἀνθρώπους
1679 2859 1738 2912 τὸ

150 2942 288 3005 πῶς,
319 2943 416 2994 καὶ
442 2942 503 2996 τὸ
529 2945 692 2999 πόσον
709 2947 925 3016 ἐκάστῳ
946 2946 1307 3017 μεμέτρηται,
1328 2947 1440 2999 ἀλλ’
1461 2949 1611 3018 ὅμως
1630 2948 1738 3010 πᾶς

145 3033 397 3087 ὁστισοῦν
413 3030 576 3101 οἶδεν,
595 3037 675 3089 ὅτι
696 3036 808 3108 (18)
826 3040 902 3101 ὡς
919 3038 1077 3110 ἔαρος
1097 3039 1192 3092 καὶ
1208 3037 1420 3108 θέρους,
1440 3038 1534 3091 καὶ
1559 3038 1740 3106 φθινο-

146 3126 334 3198 πώρου
351 3127 447 3182 καὶ
477 3129 746 3200 χειμῶνὸς
776 3132 891 3184 ἐστι
927 3131 1137 3202 καιρὸς,
1168 3131 1362 3196 οὕτως,
1392 3131 1535 3184 κατὰ
1557 3131 1618 3184 τὸ
1645 3149 1738 3199 γε-

144 3221 486 3290 γραμμένον,
521 3223 711 3293 καιρὸς
736 3224 830 3277 τοῦ
859 3224 1148 3278 ἀποθανεῖν
1182 3225 1273 3277 καὶ
1310 3224 1498 3296 καιρὸς
1528 3224 1620 3277 τοῦ
1638 3222 1737 3295 ζῇν

144 3311 190 3371 Η
203 3311 258 3383 9)
282 3315 422 3365 ἐστι.
441 3313 543 3365 Διὰ
569 3313 726 3368 τοῦτο
745 3315 846 3386 τῆς
876 3317 972 3388 μὲν
990 3318 1130 3371 κατά
1159 3317 1280 3370 Νῶε
1297 3319 1488 3386 γενεᾶς
1502 3319 1530 3369 6
1548 3316 1736 3387 χρόνος
1765 3300 1806 3358 C

141 3404 436 3477 ἀπετμήθη
454 3420 470 3434 ’
504 3405 596 3458 καὶ
619 3406 694 3469 ὡς
712 3407 805 3461 τοῦ
837 3409 1030 3480 καιροῦ
1057 3410 1271 3463 πάντων
1299 3408 1584 3479 παρόντος,
1614 3425 1739 3460 συν-

142 3495 345 3568 εστάλη
395 3496 466 3550 τά
509 3497 624 3569 ἔτη.
674 3500 783 3552 Καὶ
819 3501 898 3571 τῷ
933 3501 1152 3572 Ἐζεκία
1196 3501 1599 3574 προσετέθησαν
1644 3501 1737 3573 ἐτη

140 3584 280 3641 δέκα
313 3589 409 3642 καὶ
459 3588 645 3643 πέντε.
695 3591 802 3644 Τοῦ
849 3593 906 3646 δὲ
931 3593 1063 3647 Θεοῦ
1121 3595 1586 3666 ἐπαγγελλομένου
1629 3599 1739 3659 τοῖς

141 3677 383 3747 γνησίως
416 3678 567 3750 αὑτῷ
591 3679 966 3754 λατρεύουσιν,
992 3686 1075 3738 ὅτι
1093 3687 1196 3739 Τὸν
1223 3687 1452 3758 ἀριθμὸν
1474 3686 1581 3741 τῶν
1611 3689 1744 3760 ἡμε-

143 3771 260 3839 ρῶν
293 3786 388 3823 σου
427 3771 539 3842 (20)
587 3773 967 3848 ἀναπληρὼσω
989 3818 1004 3842 ,
1038 3780 1067 3832 ὁ
1099 3779 1196 3848 μὲν
1236 3780 1486 3851 Ἀϐραὰμ
1529 3780 1742 3854 πλήρης

142 3863 368 3933 ἡμερῶν
401 3862 736 3935 ἀποθνήσκει
757 3883 771 3896 ’
823 3869 852 3920 ὁ
893 3867 950 3920 δὲ
984 3869 1148 3922 Δαϐὶδ
1195 3871 1493 3941 παρεκάλει
1526 3871 1699 3941 λέγων
1725 3888 1738 3902 ⁸

142 3951 248 4020 Μὴ
274 3954 588 4026 ἀναγάγῃς
621 3975 698 4026 με
748 3959 818 4012 ἐν
863 3961 1070 4030 ἡμίσει
1121 3961 1356 4030 ἡμερῶν
1391 3981 1542 4032 μουο
1584 3964 1676 4017 καὶ
1713 3965 1742 4018 6

143 4046 249 4115 μὲν
278 4041 359 4110 εἷς
391 4047 504 4100 τῶν
543 4048 712 4118 φίλων
743 4051 836 4104 τοῦ
879 4051 997 4106 Ἰὼϐ
1021 4095 1036 4118 ,
1079 4054 1324 4122 Ἐλιφάζ,
1372 4055 1531 4109 τοῦτο
1563 4056 1742 4120 καλῶς

138 4136 301 4204 εἰδὼς
321 4177 335 4202 ,
371 4138 560 4208 ἔλεγεν
581 4155 594 4169 ⁸
643 4142 903 4212 Ἐλεύσῃ
933 4145 1002 4198 δὲ
1027 4146 1097 4198 ἐν
1129 4145 1312 4215 ταφῳ,
1342 4147 1542 4216 ὥσπερ
1573 4148 1742 4214 σῖτος

135 4229 395 4300 ὥριμος,
442 4232 598 4287 κατὰ
630 4235 840 4303 καιρὸν
869 4237 1236 4306 θεριζόμενος
1257 4279 1270 4302 ,
1314 4240 1352 4308 ἢ
1401 4239 1603 4309 ὥσπερ
1643 4243 1744 4308 θη-

129 4324 331 4391 μωνία
375 4324 612 4391 ἅλωνος
660 4329 792 4382 καθ’
840 4326 1000 4398 ὤραν
1048 4331 1525 4400 συγκομισθεῖσα
1547 4347 1563 4363 ο
1617 4334 1646 4385 6
1686 4332 1743 4386 δὲ

135 4413 427 4486 Σολομὼν,
463 4415 878 4488 ἐπισφραγίζων
907 4418 1096 4472 τούτου
1141 4419 1240 4491 τὴν
1287 4422 1503 4493 φωνὴν,
1539 4423 1702 4492 φησίν
1725 4439 1741 4453 ·

149 4507 570 4576 Ἀφαιροῦνται
616 4509 793 4578 ἄωροι
824 4513 1017 4581 ψυχαὶ
1061 4516 1441 4584 παρανόμων.
1488 4515 1579 4568 Διὸ
1629 4515 1742 4585 (21)

1846 663 2097 719 omnibus
2123 665 2327 720 sanctis
2364 666 2772 721 accommodare
2804 666 2960 740 (qua:
2999 669 3142 722 enim
3191 669 3259 722 de
3293 668 3417 721 Sal-

1846 765 2034 810 vatore
2066 759 2358 812 secundum
2392 757 2780 812 humanitatem
2810 759 3009 827 scripta
3043 766 3189 823 sunt,
3221 774 3282 812 ea
3321 773 3420 828 pur

1847 858 1932 902 est
1979 850 2247 904 communi
2298 849 2573 904 hominum
2628 849 2811 918 generi
2861 849 3068 904 referre
3106 867 3120 904 :
3168 860 3417 904 nostrum

1848 945 2044 1014 quippe
2070 959 2265 1013 corpus
2299 945 2388 998 ille
2415 945 2670 1015 gestavit,
2699 953 2753 1000 et
2775 948 3067 1000 humanam
3101 945 3154 999 in
3176 959 3235 998 se
3262 944 3415 998 exhi-

1847 1034 1962 1090 buit
1991 1036 2600 1106 inﬁrmitatem);quam
2647 1038 2782 1108 fuga:
2816 1053 3035 1092 causam
3077 1038 3148 1091 ita
3180 1036 3416 1092 Joannes

1849 1127 2130 1196 descripsit
2157 1142 2172 1179 :
2213 1127 2524 1190 Quwrebant
2554 1144 2669 1180 eum
2707 1137 2899 1190 tenere,
2927 1138 2976 1181 et
3008 1142 3156 1180 nemo
3186 1127 3324 1177 misit
3361 1126 3417 1177 in

1845 1217 1996 1272 illum
2044 1235 2278 1285 manum,
2326 1221 2449 1288 quia
2488 1221 2720 1273 nandum
2761 1231 2968 1274 venerat
3021 1221 3151 1274 hora
3181 1218 3317 1288 (ejus
3345 1219 3412 1270 ³³.

1849 1311 2056 1364 Etenim
2078 1321 2366 1380 antequam
2391 1311 2478 1364 illa
2503 1312 2903 1366 veniretaiebat
2930 1312 3042 1378 ipse
3068 1310 3226 1363 matri
3258 1324 3409 1363 sum:

1849 1399 2101 1454 Nondum
2135 1404 2268 1455 venit
2297 1401 2428 1454 hora
2472 1417 2586 1454 mea
2609 1402 2696 1454 ἐς
2738 1401 2910 1468 iisque
2947 1401 3035 1469 qui
3089 1400 3283 1453 fratres
3329 1399 3411 1452 sui

1849 1493 2212 1548 vocabantur:
2257 1493 2477 1557 Tempus
2516 1509 2685 1545 meum
2712 1496 2940 1546 nondum
2983 1492 3186 1545 advenit
3220 1491 3286 1543 ’⁷.
3334 1488 3413 1543 Ac

1848 1601 2059 1641 rursum
2089 1600 2210 1641 cum
2250 1587 2560 1639 advenisset
2594 1593 2828 1654 tempus,
2863 1582 3140 1652 discipulis
3178 1581 3352 1635 aiebat
3393 1598 3408 1634 :

1842 1677 2085 1734 Dormite
2107 1678 2220 1747 jam
2261 1687 2309 1731 et
2340 1679 2647 1746 requiescite
2670 1693 2689 1731 :
2723 1691 2836 1728 ecce
2869 1676 3004 1727 enim
3032 1675 3412 1743 appwpinaua-

1848 1770 1916 1824 vit
1948 1768 2100 1828 liora.
2133 1779 2180 1822 et
2217 1766 2394 1822 Filius
2424 1768 2646 1822 hominis
2682 1768 2920 1822 tradetur
2947 1767 3001 1820 in
3031 1782 3218 1820 manus
3240 1782 3416 1836 pecca-

1848 1870 2019 1914 torum
2043 1860 2107 1914 ³⁵.

1914 2135 2078 2207 260
2118 2135 2202 2190 ﬂ.
2249 2135 2538 2190 Enimvero
2576 2145 2635 2189 ut
2667 2135 2806 2189 Deus
2848 2145 2900 2188 et
2934 2133 3170 2188 Verbum
3212 2129 3409 2197 Patris,

1844 2232 2052 2292 tempus
2093 2239 2196 2279 non
2242 2224 2458 2290 habuit;
2507 2224 2623 2290 ipse
2668 2224 2811 2278 enim
2854 2231 3070 2277 creator
3109 2231 3410 2290 temporum

1843 2323 1944 2369 est.
1971 2314 2104 2370 Cum
2133 2324 2310 2370 autem
2340 2317 2503 2370 homo
2531 2316 2705 2371 factus
2735 2316 2849 2369 lucc
2877 2315 2946 2368 sit
2975 2314 3206 2376 locutus,
3238 2321 3414 2366 osten-

1842 2408 1915 2462 dit
1949 2409 2174 2469 singulis
2200 2409 2508 2464 hominibus
2529 2417 2738 2476 tempus
2760 2424 2914 2462 suum
2943 2423 3062 2462 esse
3085 2407 3408 2469 dimensum,

1843 2513 1906 2552 ac
1933 2507 2143 2569 tempus
2184 2514 2291 2553 non
2323 2514 2387 2554 ex
2417 2499 2547 2562 fato,
2579 2509 2637 2552 ut
2671 2498 3025 2568 quorumdam
3065 2495 3412 2551 fabulandum

1841 2589 2153 2645 Graecorum
2197 2591 2301 2646 fert
2342 2590 2557 2660 opinio,
2588 2591 2681 2644 sed
2728 2590 2870 2658 quod
2913 2590 3027 2656 ipse
3067 2588 3157 2657 qui
3202 2597 3416 2641 creator

1843 2691 1926 2736 est
1950 2681 2102 2752 juxta
2130 2681 2306 2736 Patris
2327 2681 2581 2750 placitum
2612 2680 2836 2749 singulis
2863 2678 3127 2733 definivit.
3158 2678 3265 2731 Res
3285 2690 3417 2731 sane

1843 2771 1933 2827 illa
1964 2782 2020 2827 et
2043 2772 2248 2841 scripta
2277 2782 2333 2826 et
2378 2773 2506 2826 nulli
2541 2786 2646 2824 non
2685 2771 2964 2839 explorata
3007 2779 3130 2824 est:
3169 2769 3417 2839 quamvis

1842 2865 1988 2920 enim
2017 2865 2255 2934 ignotum
2285 2864 2375 2927 sit,
2407 2878 2705 2933 omnesque
2751 2863 3001 2916 homines
3044 2864 3232 2924 lateat,
3277 2873 3416 2930 ουτο-

1845 2958 2002 3011 modo
2037 2957 2144 3010 vita
2183 2957 2254 3010 sit
2285 2955 2606 3020 claudenda,
2661 2965 2753 3008 aut
2803 2965 3064 3022 quantum
3120 2952 3414 3023 unicuique

1846 3046 2100 3113 temporis
2125 3043 2357 3113 spatium
2387 3044 2458 3098 sit
2502 3044 2814 3107 deﬁnitum,
2847 3053 3084 3096 attamen
3115 3041 3412 3110 unuqus-

1845 3152 1953 3208 que
1997 3137 2170 3202 novit,
2204 3136 2346 3190 sicut
2386 3136 2553 3199 veris,
2597 3136 2794 3198 aetatis,
2834 3137 3076 3188 autumni
3124 3145 3178 3190 et
3221 3135 3416 3190 hiemis

1845 3239 1987 3284 stata
2018 3237 2144 3283 sunt
2180 3237 2458 3296 tempora,
2502 3227 2573 3281 ita
2621 3243 2872 3296 quoque,
2904 3236 2962 3282 ut
3006 3229 3267 3294 scriptum
3308 3236 3414 3290 est,

1843 3330 2050 3391 tempus
2081 3319 2341 3374 moriendi
2375 3335 2494 3374 esse
2528 3321 2732 3390 pariter
2765 3335 2826 3374 ac
2852 3320 3065 3373 vivendi
3086 3320 3151 3370 ".
3175 3319 3420 3385 Quapro-

1841 3421 1958 3481 pter
1986 3411 2352 3482 generationis
2385 3426 2506 3479 quae
2544 3420 2703 3465 aetate
2733 3409 2848 3466 Noe
2887 3411 3012 3474 fuit,
3052 3411 3175 3462 vitae
3209 3419 3416 3478 tempus

1841 3505 2114 3560 concisum
2153 3513 2236 3558 est
2271 3519 2286 3557 :
2326 3513 2399 3567 et,
2434 3503 2584 3571 quasi
2623 3505 2860 3557 omnium
2903 3513 3111 3571 tempus
3135 3501 3416 3565 adfuisset,

1843 3599 1970 3652 anni
1994 3596 2258 3652 contracti
2289 3605 2433 3650 sunt.
2465 3596 2706 3651 Ezechiae
2734 3606 2910 3651 autem
2937 3596 3093 3650 annis
3110 3576 3415 3664 quindecim

1841 3700 1968 3746 sunt
1996 3688 2346 3758 superadditi.
2376 3687 2511 3743 Cum
2543 3703 2668 3743 vero
2697 3689 2834 3741 Deus
2864 3687 2928 3741 iis
2955 3686 3046 3756 qui
3100 3699 3158 3738 se
3186 3683 3419 3753 legitime

1842 3779 2110 3835 coluerint
2154 3778 2257 3832 hoc
2289 3777 2558 3847 pollicitus
2588 3778 2657 3832 sit
2690 3795 2703 3831 :
2733 3775 3028 3830 Numerum
3062 3774 3266 3829 dierum
3296 3781 3418 3825 tuo-

1842 3887 1960 3926 rum
1979 3871 2303 3940 adimplebo,
2325 3871 2598 3924 Abraham
2622 3870 2814 3938 plenus
2844 3869 3051 3922 dierum
3081 3865 3311 3920 moritur
3328 3865 3374 3896 ⁸⁰
3399 3883 3415 3919 :

1845 3964 2013 4018 David
2047 3970 2225 4016 autem
2259 3961 2362 4015 hoc
2395 3959 2705 4030 postulabat
2735 3977 2747 4013 :
2780 3957 2862 4012 Ne
2905 3973 3108 4011 revoces
3155 3972 3236 4009 me
3265 3955 3317 4008 in
3344 3955 3422 4008 di-

1843 4057 2006 4111 midio
2031 4059 2235 4110 dierum
2265 4071 2500 4108 meorum
2522 4053 2563 4084 ⁸¹
2593 4069 2608 4108 :
2639 4061 2692 4106 et
2713 4067 2852 4105 unus
2872 4066 2937 4104 ex
2968 4049 3157 4102 amicis
3177 4046 3280 4100 Job
3308 4045 3420 4099 Eli-

1845 4150 2005 4220 phaz,
2046 4152 2146 4204 hoc
2175 4164 2298 4204 cum
2328 4147 2494 4216 probe
2531 4155 2734 4210 nosset,
2765 4144 2943 4197 aiebat
2971 4161 2984 4196 :
3031 4140 3214 4195 Venies
3243 4151 3418 4191 autem

1844 4242 1899 4294 in
1937 4241 2239 4311 sepulcrum
2269 4253 2324 4292 ut
2371 4255 2514 4308 seges
2547 4251 2756 4290 matura
2789 4253 2883 4289 suo
2909 4244 3137 4302 tempore
3160 4235 3418 4293 demessa,

1845 4343 1936 4385 aut
1965 4333 2097 4386 sicut
2137 4347 2354 4385 acervus
2398 4346 2536 4383 area:
2569 4345 2664 4381 suo
2694 4339 2922 4394 tempore
2945 4333 3304 4393 comportatus
3335 4321 3419 4386 ";

1846 4436 1901 4480 et
1944 4425 2202 4480 Salomon
2242 4423 2403 4493 hujus
2434 4435 2736 4476 sermonem
2780 4419 3094 4485 obsignans,
3129 4415 3203 4468 ait
3236 4433 3248 4468 :
3296 4412 3419 4467 To!-

1847 4514 2027 4568 Ittntur
2057 4525 2176 4566 ante
2206 4523 2407 4577 tempus
2444 4511 2633 4578 animo:
2664 4509 2945 4576 impiorum
2973 4506 3038 4558 ³³.
3071 4504 3335 4570 Quocirca
3365 4505 3417 4557 in

134 4603 407 4671 παραινεῖ
432 4601 492 4654 ἐν
521 4599 599 4671 τῷ
633 4602 1028 4676 Ἐκκλησιαστῇ
1059 4605 1230 4675 λέγων
1250 4624 1263 4636 ο
1294 4607 1391 4675 Μὴ
1427 4607 1737 4676 ἀσεϐήσῃς

1850 4603 2175 4660 Ecclesiaste
2200 4603 2280 4656 bis
2308 4601 2483 4655 verbis
2509 4601 2799 4653 admonet:
2834 4596 2914 4649 Ne
2944 4596 3101 4663 impie
3131 4611 3258 4663 agas
3289 4594 3424 4646 mul—

129 4692 323 4756 πολὺ,
368 4693 469 4745 καὶ
497 4692 584 4762 μὴ
627 4695 797 4762 γίνου
829 4697 1123 4767 σκληρὸς,
1172 4700 1274 4752 ἵνα
1306 4700 1392 4769 μὴ
1429 4698 1737 4768 ἀποθάνῃς

1850 4708 1976 4762 ιιιηι,
2033 4707 2077 4751 et
2111 4696 2219 4748 noli
2251 4711 2360 4748 esse
2389 4696 2578 4758 durus,
2613 4707 2673 4744 ne
2706 4688 2954 4743 moriaris
2983 4689 3037 4740 in
3068 4698 3292 4754 tempore
3321 4703 3424 4740 non

130 4781 213 4839 ἐν
245 4785 322 4838 οὐ
359 4783 548 4852 καιρῷ
581 4801 717 4839 σου.

214 4876 304 4934 15.
348 4878 566 4948 Ὥσπερ
594 4877 650 4931 δὲ
684 4879 856 4934 ταῦτα
890 4883 1222 4954 γέγραπται,
1258 4882 1529 4936 δείκνυσιν
1555 4880 1668 4952 (9.2)
1698 4885 1727 4936 6

209 5059 256 5094 "
297 5059 457 5116 Joan.
487 5073 585 5120 vn,
614 5057 770 5112 4-30.
891 5060 935 5090 "
974 5038 1128 5114 Joan.
1163 5077 1223 5123 ll,
1253 5061 1306 5114 4.

1420 5061 1462 5092 ’⁷
1501 5060 1660 5115 Joau.
1702 5076 1797 5127 vn,
1822 5063 1877 5117 6.

1841 4799 1929 4843 tuo
1954 4789 2016 4843 ³⁵.

1915 4881 2002 4936 15.
2044 4879 2186 4948 ,ιτιωο
2236 4895 2357 4934 cum
2409 4878 2611 4946 scripta
2662 4874 2792 4940 sint,
2840 4878 3235 4926 commonstrat
3285 4869 3423 4924 ratio

1979 5065 2024 5097 ’⁸
2058 5063 2249 5118 Matth.
2285 5081 2428 5128 tum,
2465 5063 2555 5117 45.
2662 5064 2707 5095 ²⁹
2749 5057 3035 5123 Εεεὶυζιιι,
3067 5059 3123 5114 2.
3198 5057 3244 5090 ³⁰
3280 5055 3417 5114 Cen.

121 5146 264 5195 xxv,
299 5132 354 5187 8.
436 5131 478 5162 ³⁸
520 5128 659 5182 Psal.
694 5145 764 5193 Cl,
800 5128 889 5184 25.
969 5132 1012 5163 ³³
1051 5129 1170 5185 Job.
1204 5147 1257 5193 ν,
1285 5132 1373 5185 26.
1450 5132 1494 5162 ³³
1528 5133 1690 5185 Prov.
1729 5150 1737 5186 :

1854 5135 1906 5188 7.
1984 5135 2028 5166 “
2066 5135 2347 5200 Ecclc.vn,
2383 5136 2468 5189 18.

212 5246 485 5321 05)ch
519 5245 599 5321 sic
628 5245 827 5321 habent
855 5246 1078 5321 Sonat.
1123 5259 1174 5321 et
1217 5246 1442 5321 Nicepb.
1464 5288 1478 5311 ,
1512 5246 1592 5321 Τά
1624 5247 1733 5321 γὰρ

119 5314 549 5391 ἡμῶνέκελῖνος
572 5314 878 5391 ἀνεδέξατο.
905 5320 999 5372 καὶ
1027 5319 1095 5391 τὰ
1121 5319 1218 5391 τῆς
1253 5314 1531 5391 ἡμετέρας
1567 5314 1732 5391 ἀσθεὶ

123 5387 294 5452 ὑείας
327 5387 688 5440 ἐνεδείκνυτο.
754 5388 882 5439 Ibid.
907 5389 1138 5455 Anglic...
1176 5387 1539 5442 ἐνεδείκνυτο.
1573 5390 1731 5443 Ἔστι

121 5461 195 5516 δὲ
235 5461 271 5531 ἡ
303 5462 582 5529 πρόφασις
607 5457 674 5526 ἢν
695 5457 949 5529 Ἰωάννης
981 5458 1316 5530 ὑπέγραψεν.
1354 5461 1494 5513 Infra
1530 5460 1732 5514 Socra-

127 5545 248 5600 tes,
290 5531 394 5591 τὰς
421 5531 632 5600 χεῖρας.

214 5599 326 5666 (16)
351 5596 639 5654 Βιιέἱιιειιε.
670 5596 950 5668 Anglican.
989 5607 1045 5654 et
1077 5601 1310 5665 Socrat.,
1335 5599 1441 5672 πρὸ
1465 5599 1560 5654 τοῦ
1593 5598 1730 5652 ταύ-

117 5687 261 5724 ττιν.

191 5707 328 5809 ⁸(ίἻ)
356 5737 451 5794 Sic
471 5737 676 5809 Regius
698 5737 864 5793 Basil.
893 5737 1100 5809 Anglic.
1134 5747 1188 5793 et
1215 5739 1396 5805 Socr.,
1430 5741 1523 5794 καί
1541 5741 1734 5795 deerat

118 5811 188 5865 in
224 5807 416 5864 editis.
454 5807 577 5865 Mox
609 5808 740 5880 Reg.
793 5809 948 5866 Socr.
986 5807 1250 5881 'Niccpb.,
1313 5811 1572 5882 ήγγικεν,
1638 5812 1727 5867 ubi

118 5881 276 5938 editi
302 5877 492 5938 ἦλθεν.

115 5893 276 5938 eam
302 5893 492 5938 τιλυεν.

1916 5252 2028 5323 (18)
2053 5251 2378 5323 εἰομῐὶθείυε
2416 5261 2470 5306 et
2496 5251 2829 5322 Anglicanus
2871 5250 3061 5304 codex.
3094 5245 3259 5307 Editi,
3300 5241 3418 5304 πῶς

1841 5319 2088 5377 ὁστισοῦν
2111 5319 2282 5387 οἶδεν,
2298 5324 2392 5387 ὡς,
2419 5333 2524 5376 etc.

1915 5393 2027 5466 (19)
2059 5396 2384 5456 Anglicanus
2409 5393 2723 5466 codex,le
2744 5390 2836 5444 τοῦ
2863 5391 2981 5462 ζῇν.

1914 5463 2027 5534 (‘20)
2063 5467 2162 5518 Σου
2197 5466 2345 5519 deest
2381 5470 2430 5516 in
2464 5463 2673 5531 Anglic.

1910 5532 2022 5606 (2|)
2063 5535 2259 5605 liegius
2290 5537 2480 5594 codex,
2513 5533 2604 5585 Διὸ
2641 5532 2753 5606 καί.

1907 5591 2021 5676 (22)
2057 5591 2263 5673 Anglic.
2293 5646 2308 5667 ,
2354 5591 2563 5676 Ὥσπερ
2604 5600 2960 5676 γὰρᾼτούτων
3015 5591 3418 5676 γεγραμμένων

1833 5665 2322 5734 δείκνυσιν.ῬουΙο
2361 5684 2480 5744 post
2520 5665 2694 5744 Reg..-
2724 5670 2938 5739 ἑκάστῳ
2974 5665 3416 5744 τῶνάνθρώπων

1838 5766 1904 5820 με
1903 5767 2013 5829 μετ
2019 5765 2085 5829 ρη
2089 5748 2276 5829 μένον.
2359 5735 2518 5829 iglic.
2531 5783 2545 5804 .
2561 5735 2788 5829 ,ἐκάστῚῳ
2901 5735 3254 5829 μετ
3271 5735 3417 5795 ὤτω

1832 5810 1926 5873 τοῦ
1971 5810 2190 5890 μηδένα.
2227 5817 2281 5872 In
2307 5810 2486 5878 editis,
2520 5812 2627 5867 τῶν
2655 5810 2956 5882 ἀνθρώπων
2991 5810 3159 5867 deest.
