3980 6544
544 469 653 524 665
1123 466 1181 522 S.
1222 466 1597 523 ATHANASII
1640 466 1793 521 OPP.
1836 464 2019 521 PARS
2059 464 2101 519 1.
2135 496 2202 506 —
2230 462 2608 520 lllSTORlCA
2639 461 2727 517 ET
2765 460 3184 519 DOGMATICA.
3698 463 3788 518 (36$

540 591 708 660 probe
750 590 891 645 scire
940 598 1179 655 sanctos,
1230 591 1522 661 unicuique
1572 591 1851 647 hominum
1900 600 2113 661 tempus

2219 586 2373 655 λόγος
2385 588 2513 650 τοὺς
2527 586 2713 655 ἁγίους
2726 586 2921 639 εἰδέναι
2935 586 3119 658 χρόνον
3133 584 3348 656 ἑκάστῳ
3365 602 3431 656 με
3441 586 3792 655 μετρημὲνον.

538 698 661 737 esse
703 682 1027 737 dimensum.
1066 682 1222 749 Quod
1266 694 1444 738 autem
1492 700 1649 739 nemo
1681 684 1825 738 illius
1852 686 2112 752 temporis

2219 672 2321 725 Τοῦ
2350 674 2407 726 δὲ
2444 674 2649 744 μηδένα
2680 673 2967 742 γινώσκειν
3005 674 3065 726 τό
3103 674 3253 738 τέλος
3297 672 3392 726 τοῦ
3436 674 3637 745 χρόνου
3672 678 3793 743 Tab-

539 773 837 827 terminum
879 774 1043 837 norit,
1088 785 1411 845 argumento
1460 775 1591 828 illud
1619 786 1721 837 est,
1768 775 1909 843 quod
1947 776 2114 831 David

2219 782 2387 835 ρισμα
2414 765 2473 818 τό
2501 765 2680 834 λέγειν
2704 765 2795 817 τὸν
2818 764 2981 817 Δαϐίδ
3002 783 3015 797 ο
3049 764 3167 829 Τὴν
3193 765 3514 834 ὀλιγότητα
3538 763 3661 817 τῶν
3683 767 3795 833 ἠμε-

536 862 687 917 dicat
718 881 732 918 :
768 862 1103 917 Paucitatem
1145 864 1349 919 dierum
1375 881 1607 919 meorum
1645 866 1831 919 nuntia
1858 864 1987 919 mihi
2015 865 2058 895 ³⁸
2096 882 2108 916 :

2219 857 2338 925 ρῶν
2376 877 2496 927 μου
2555 858 2914 927 ἀνάγγειλόν
2947 874 3082 928 μοι·
3131 859 3159 912 ὃ
3208 859 3318 930 γὰρ
3365 858 3468 910 οὐκ
3516 858 3790 925 ἠπίστατο,

538 950 617 1005 rei
646 966 877 1033 namque
906 954 1059 1023 cujus
1094 954 1311 1023 ignarus
1341 965 1459 1007 erat
1500 954 1747 1008 notitiam
1782 955 2108 1024 postulabat.

538 1044 905 1112 Quamobrem
950 1047 1100 1099 dives
1131 1044 1217 1100 ille
1260 1046 1349 1114 qui
1398 1062 1456 1101 sc
1487 1046 1577 1100 diu
1612 1046 1880 1101 victurum
1930 1047 2113 1102 existi-

536 1136 741 1202 mabat,
772 1139 886 1192 [nec
914 1138 1116 1191 audivit
1141 1157 1154 1192 :
1200 1137 1392 1201 Stulte,
1432 1138 1531 1192 Itac
1558 1148 1707 1193 nocte
1736 1150 1962 1207 repetent
1992 1140 2111 1194 ani—

537 1244 679 1281 mam
702 1239 1008 1299 tuam:quw
1036 1239 1211 1282 autent
1236 1230 1438 1298 parasti
1469 1230 1619 1299 cujus
1650 1239 1800 1284 erunt
1822 1229 1900 1281 8“‘2
1933 1228 2115 1284 Eccle-

538 1320 735 1375 siastes
780 1335 909 1375 vero
937 1336 1059 1374 cum
1097 1319 1322 1391 Spiritui
1372 1334 1562 1376 sancto
1608 1323 1925 1388 conﬁderet,
1976 1323 2114 1377 hanc

536 1413 767 1483 protulit
792 1416 1118 1469 sententiam
1147 1431 1161 1469 :
1190 1413 1257 1467 Et
1285 1416 1445 1469 nescit
1472 1415 1625 1469 homo
1649 1425 1852 1482 tempus
1874 1431 2025 1469 suum
2048 1415 2110 1469 ³⁷.

534 1500 767 1572 Ideoque
795 1504 1107 1572 patriarcha
1147 1503 1297 1560 lsaac
1330 1505 1444 1559 haec
1491 1505 1602 1559 ﬁlio
1631 1521 1729 1560 suo
1762 1506 1902 1559 Esau
1929 1507 2116 1575 loque-

535 1594 696 1646 batur
722 1610 736 1647 :
768 1592 904 1647 Ecce
931 1610 1021 1664 ego
1056 1597 1227 1662 senui,
1252 1606 1298 1650 et
1324 1596 1506 1664 ignoro
1536 1598 1674 1649 diem
1705 1599 1887 1651 mortis
1904 1598 2110 1653 mea”.

532 1681 724 1753 Itaque
761 1684 1045 1752 Dominus,
1093 1697 1277 1757 utpote
1322 1687 1465 1744 Deus
1506 1704 1567 1742 ac
1625 1689 1859 1745 Verbum
1913 1689 2111 1756 Patris,

536 1792 738 1847 gnarus
767 1788 899 1848 quot
922 1778 1116 1849 cuique
1145 1796 1318 1835 annos
1344 1791 1490 1835 esset
1534 1783 1649 1849 ipse
1681 1783 1979 1850 dimensus,
2015 1799 2115 1839 nec

536 1869 800 1939 ignorans
841 1874 1111 1942 quodnam
1165 1874 1382 1942 proprio
1427 1875 1639 1942 corpori
1691 1874 1755 1929 ad
1802 1876 2110 1944 patiendum

538 1969 752 2031 tempus
797 1962 1175 2032 prmlinivisset
1216 1982 1229 2018 :
1283 1966 1537 2034 quoniam
1584 1981 1684 2035 pro
1740 1967 1895 2021 nobis
1950 1967 2113 2022 homo
2147 1946 2187 2002 Β

536 2051 715 2110 factus
743 2066 883 2120 erat,
924 2054 1116 2111 diebus
1148 2066 1347 2111 statum
1377 2067 1586 2127 tempus
1631 2062 2109 2129 praecurrentibus,

535 2160 691 2202 more
738 2154 946 2212 nostro,
977 2161 1099 2201 sese
1142 2147 1267 2201 dum
1293 2157 1629 2216 quaereretur
1672 2150 2000 2219 occultabat,
2031 2152 2115 2207 in-

536 2236 815 2304 sidiasque
840 2235 1143 2302 declinans,
1181 2236 1260 2290 sic
1293 2238 1631 2306 przeteribat,
1662 2254 1727 2294 ac
1766 2257 1859 2309 per
1882 2243 2114 2296 medium

534 2329 753 2382 illarum
782 2328 889 2381 ibat
919 2326 984 2381 ”.
1030 2328 1163 2382 Cum
1196 2340 1375 2384 autem
1422 2329 1705 2385 deﬁnitum
1746 2348 1775 2385 a
1813 2348 1873 2387 se
1908 2346 2115 2405 tempus

537 2421 855 2475 adduxisset
888 2422 1025 2490 ipse,
1065 2436 1175 2490 quo
1206 2423 1565 2491 corporaliter
1601 2440 1697 2494 pro
1725 2427 1980 2481 omnibus
2006 2429 2112 2496 pati

534 2502 881 2578 decreverat,
906 2512 971 2566 de
999 2512 1103 2566 hoc
1130 2512 1246 2581 ipso
1286 2522 1528 2581 tempore
1555 2512 1771 2568 Patrem
1800 2516 2113 2584 alloquitur,

537 2604 624 2659 bis
660 2603 838 2659 verbis
887 2621 899 2656 :
948 2603 1133 2671 Pater,
1195 2606 1329 2659 venit
1380 2606 1562 2659 hora:
1621 2606 1861 2675 glori/ica
1915 2607 2115 2663 Filium

535 2703 687 2747 tuum
714 2694 758 2724 ⁸ο
786 2712 800 2747 :
831 2708 933 2747 nec
960 2708 1080 2747 sese
1121 2693 1259 2747 ultra
1296 2696 1362 2749 ab
1391 2696 1787 2765 inquirentibus
1810 2697 2114 2765 abscondit,

538 2786 633 2841 sed
662 2786 909 2841 stabatut
931 2787 1499 2857 comprehenderetur.
1524 2788 1652 2843 Nam
1676 2790 1832 2853 dixit,
1854 2792 1930 2845 ait
1950 2792 2117 2846 Evan-

538 2876 764 2948 gelium,
791 2878 857 2933 iis
891 2878 980 2947 qui
1025 2894 1084 2934 se
1126 2880 1381 2934 adibant:
1414 2879 1578 2945 Quem
1602 2884 1879 2951 quaeritis?
1908 2884 2117 2951 illisque

540 2970 998 3038 respondentibus
1033 2985 1046 3021 :
1084 2970 1263 3024 Iesum
1302 2971 1640 3026 Nazarenam
1666 3014 1681 3037 ,
1716 2974 1792 3029 ait
1822 2975 1967 3029 illis:
2004 2975 2116 3046 Ego

537 3075 656 3114 sum
724 3074 883 3129 quem
941 3060 1183 3129 qumritis
1206 3060 1304 3127 ⁸¹;
1378 3076 1552 3131 neque
1606 3063 1774 3118 semel
1836 3066 2115 3130 duntaxat,

536 3153 631 3207 sed
667 3160 723 3206 et
766 3154 958 3206 iterum
994 3152 1118 3206 illttd
1148 3154 1257 3223 egit
1292 3170 1305 3205 :
1343 3165 1502 3224 atque
1537 3155 1607 3210 ila
1643 3156 1838 3213 deinde
1877 3160 2116 3215 adduxe-

2212 950 2373 1003 τοῦτο
2410 950 2600 1021 μαθεῖν
2630 951 2803 1020 ἠξίου.
2844 951 2944 1004 Διὰ
2973 951 3130 1005 τοῦτο
3172 951 3305 1020 γοῦν
3340 953 3368 1004 ό
3401 950 3697 1013 πλούσιος,
3726 968 3797 1002 νο.

2218 1042 2390 1112 μίζων
2415 1041 2495 1094 ἔτι
2526 1042 2691 1096 πολὺν
2716 1042 2975 1113 ζήσεσθαι
3010 1043 3200 1114 χρόνον
3220 1083 3235 1104 ,
3262 1043 3501 1113 ήκουσεν
3519 1056 3535 1070 °
3572 1043 3794 1109 Ἅφρον,

2214 1135 2399 1203 ταύτῃ
2450 1132 2525 1202 τῇ
2554 1134 2729 1189 νυκτὶ
2762 1135 3004 1202 ζητοῦσι
3036 1148 3152 1188 σου
3183 1133 3300 1202 τὴν
3343 1132 3565 1203 ⁴Ψυχὴν
3582 1132 3695 1201 (25)
3716 1150 3727 1162 ·
3764 1133 3799 1186 t2

2214 1230 2283 1283 δὲ
2337 1231 2669 1299 ἡτοίμασας
2712 1230 2831 1281 τίνι
2883 1229 3084 1290 ἐσται;
3153 1228 3211 1281 Ὀ
3269 1228 3327 1281 δὲ
3380 1224 3797 1297 Ἑκκλησιαστὴς

2214 1325 2574 1393 ἀποφαίνεται
2601 1320 2817 1393 θαρρῶν
2841 1320 2919 1391 τῷ
2948 1320 3227 1392 Πνεύματι
3264 1320 3344 1392 τῷ
3385 1320 3553 1391 ἁγίῳ,
3590 1318 3687 1371 καί
3711 1335 3797 1389 φη-

2217 1431 2272 1466 σι
2290 1432 2303 1445 ·
2337 1416 2449 1469 Καί
2480 1431 2545 1483 γε
2594 1415 2704 1467 οὐκ
2729 1412 2882 1481 ἔγνω
2901 1410 3210 1480 ἅνθρωπος
3236 1412 3345 1465 τὸν
3366 1410 3584 1480 καιρὸν
3601 1408 3794 1464 αὐτοῦ.

2215 1504 2314 1557 Διὰ
2356 1503 2513 1556 τοῦτο
2569 1501 2676 1573 γὰρ
2730 1504 2823 1556 καὶ
2860 1505 2888 1555 ό
2925 1502 3271 1574 πατριάρχης
3312 1500 3503 1556 Ἰσαὰκ
3540 1501 3697 1569 ἔλεγε
3732 1500 3799 1571 τῷ

2217 1593 2315 1664 υἱῷ
2344 1592 2509 1647 αὑτοῦ
2547 1592 2719 1646 Ἡσαῦ
2742 1612 2754 1621 ·
2804 1591 2949 1646 Ἰδοὺ
2976 1592 3089 1661 ἐγὼ
3126 1592 3448 1662 τεγήρακα,
3482 1591 3584 1645 καὶ
3617 1592 3690 1644 οὐ
3720 1608 3798 1659 τι·

2215 1684 2426 1738 νὼσκω
2456 1684 2570 1751 τὴν
2602 1684 2823 1752 ἡμέραν
2850 1681 2956 1750 τῆς
2982 1682 3273 1751 τελευτῆς
3294 1700 3437 1751 μου.
3485 1683 3547 1735 Ὃ
3581 1683 3681 1750 μὲν
3718 1677 3799 1735 οὖν

2218 1778 2440 1850 Κύριος,
2470 1780 2648 1832 καίτοι
2686 1778 2816 1841 Θεὸς
2848 1779 2923 1831 ὢν
2962 1778 3056 1831 καὶ
3083 1778 3255 1846 Λόγος
3286 1777 3378 1830 τοῦ
3417 1777 3635 1848 Πατρὸς
3656 1817 3673 1840 ,
3718 1777 3798 1831 καὶ

2219 1871 2377 1935 εἰδὼς
2430 1873 2523 1925 τὸν
2577 1871 2914 1944 μετρηθέντα
2945 1874 3057 1934 τοῖς
3106 1872 3244 1924 πᾶσι
3289 1868 3358 1923 δι’
3394 1868 3565 1922 αὑτοῦ
3600 1870 3796 1939 καιρὸν,

2220 1966 2311 2018 καὶ
2348 1963 2633 2033 γινώσκων
2679 1965 2737 2017 ὃν
2768 1963 2926 2028 αὐτὸς
2969 1963 3135 2032 ὥρισε
3182 1963 3275 2016 καὶ
3316 1962 3396 2034 τῷ
3443 1962 3565 2034 ίδίῳ
3601 1963 3799 2033 σώματι

2217 2059 2407 2130 χρόνον
2435 2060 2515 2122 είς
2548 2058 2608 2110 τὸ
2643 2057 2864 2111 παθεῖν·
2900 2056 3086 2128 ἐπειδὴ
3120 2056 3189 2109 δι’
3214 2058 3361 2126 ἡμᾶς
3401 2054 3696 2127 ἄνθρωπος
3718 2057 3798 2125 γέ-

2218 2168 2364 2219 γονε,
2394 2150 2493 2215 τὰς
2521 2150 2633 2219 (24)
2677 2150 2774 2221 μὲν
2817 2149 2924 2221 πρὸ
2970 2147 3062 2201 τοῦ
3098 2148 3193 2201 τὸν
3233 2147 3425 2219 χρόνον
3468 2147 3649 2201 ἐλθεῖν
3678 2148 3798 2219 ἡμέ-

2220 2262 2320 2314 ρας
2366 2243 2459 2297 καὶ
2505 2243 2687 2307 αὐτὸς,
2742 2242 2817 2305 ὡς
2867 2244 3049 2314 ἡμεῖς,
3098 2240 3404 2312 ἐκρύπτετο
3461 2240 3795 2311 ζητούμενος,

2217 2338 2544 2408 διωκόμενός
2578 2354 2636 2390 τε
2669 2337 2886 2405 ἔφευγε,
2936 2336 3031 2388 καὶ
3072 2334 3171 2398 τὰς
3205 2334 3505 2398 ἐπιϐουλὰς
3551 2334 3797 2387 ἐκκλίνων

2216 2427 2361 2481 οὕτω
2409 2428 2664 2498 διήρχετο
2706 2426 2800 2478 καὶ
2833 2425 2929 2478 διὰ
2972 2422 3169 2493 μέσου
3213 2421 3418 2477 αὐτῶν
3448 2425 3793 2492 ἐπορεύετο·

2215 2521 2303 2573 ὅτε
2330 2519 2387 2572 δὲ
2422 2521 2515 2573 καὶ
2556 2518 2648 2571 τὸν
2688 2517 2973 2589 ὁρισθέντα
3006 2518 3136 2588 παρ’
3164 2514 3332 2569 αὐτοῦ
3379 2515 3573 2587 καιρὸν
3604 2516 3799 2587 ἤγαγεν

2218 2612 2415 2675 αὐτὸς,
2469 2613 2526 2665 ἐν
2573 2605 2617 2678 ᾧ
2647 2611 2761 2680 (25)
2815 2610 3005 2662 παθεῖν
3042 2607 3374 2679 σωματικῶς
3415 2606 3557 2678 ὑπὲρ
3592 2608 3797 2660 πάντων

2217 2702 2396 2773 ἡθελε,
2424 2702 2610 2754 τοῦτον
2640 2702 2736 2771 μὲν
2769 2698 3079 2772 προσφωνεῖ
3110 2698 3190 2769 τῷ
3222 2699 3422 2770 Πατρὶ,
3454 2699 3625 2766 λέγων
3654 2716 3667 2727 ·
3691 2697 3799 2750 Hd-

2216 2811 2336 2862 τερ,
2364 2794 2667 2861 ἐλήλυθεν
2690 2794 2725 2861 ἡ
2755 2792 2873 2862 ὥρα
2893 2813 2905 2825 ο
2938 2793 3208 2857 δόξασόν
3237 2808 3355 2846 σου
3378 2792 3491 2845 τὸν
3524 2792 3660 2844 Υἱόν
3677 2807 3688 2818 '
3708 2790 3801 2844 οὐκ

2216 2886 2297 2939 ἔτι
2342 2886 2400 2939 δὲ
2443 2885 2626 2939 λοιπὸν
2675 2886 2788 2955 (26)
2821 2887 2945 2949 τοὺς
2981 2884 3280 2955 ζητοῦντας
3307 2883 3651 2955 ἐκρύπτετο,
3696 2882 3798 2936 ἀλλ’

2216 2983 2454 3053 εἱστήκει
2503 2982 2673 3035 θέλων
2724 2981 3063 3053 κρατηθῆναι
3110 2982 3201 3034 ὑπ’
3251 2979 3453 3034 αὐτῶν.
3503 2975 3644 3034 Εἷπε
3683 2978 3796 3049 γὰρ,

2218 3074 2372 3145 φησὶ,
2403 3077 2516 3137 τοῖς
2554 3072 2766 3127 ἐλθοῦσι
2792 3073 2929 3145 πρὸς
2960 3073 3121 3127 αὐτόν
3146 3089 3159 3103 °
3213 3074 3353 3127 Τίνα
3391 3072 3657 3142 (utsin;
3703 3072 3799 3126 τῶν

2216 3167 2273 3219 δὲ
2319 3167 2806 3237 ἀποκριναμένων·
2860 3165 3096 3231 Ἰησοῦν
3140 3165 3247 3218 τὸν
3290 3164 3631 3233 Ναζωραῖον
3666 3164 3795 3235 (27)·

537 3254 806 3299 runteum
833 3245 898 3296 ad
932 3243 1185 3299 Pilatum.
1214 3244 1384 3300 Porro
1406 3262 1578 3315 neque
1601 3258 1726 3305 ante
1758 3259 1967 3320 tempus
1995 3268 2113 3322 per-

2220 3258 2403 3324 ἕλεγεν
2434 3258 2617 3319 αὐτοῖς
2641 3273 2655 3286 ’
2876 3259 2991 3325 ειμι
3024 3257 3083 3309 ὃν
3124 3256 3339 3327 ζητεῖτε
3358 3274 3371 3287 ·
3418 3258 3515 3310 καὶ
3540 3257 3694 3311 τοῦτο
3712 3258 3798 3327 ούχ

539 3336 687 3390 misit
716 3351 775 3391 se
815 3337 1143 3406 apprehendi
1182 3355 1198 3393 :
1244 3352 1420 3407 neque
1465 3355 1587 3393 cum
1641 3351 1851 3411 tempus
1902 3347 2113 3407 adesset

538 3442 660 3482 sese
688 3427 1019 3483 occultavit:
1065 3429 1159 3483 sed
1197 3430 1579 3489 insidiantibus
1612 3433 1850 3503 seipsum
1897 3436 2114 3503 obtulit,

538 3527 599 3571 ut
645 3517 823 3587 palam
867 3518 1120 3573 omnibus
1168 3516 1394 3585 faceret,
1444 3521 1721 3576 hominum
1764 3524 1927 3578 vitam
1963 3526 2116 3596 juxta

538 3622 605 3660 ac
632 3618 856 3662 mortem
886 3623 916 3661 a
944 3623 1178 3679 superno
1202 3612 1436 3680 pendere
1455 3612 1683 3681 judicio,
1734 3626 1790 3669 et
1816 3620 1934 3671 sine
1959 3618 2119 3673 Patre

539 3709 725 3754 nostro
758 3700 849 3769 qui
886 3702 938 3755 in
979 3701 1133 3757 caalis
1165 3714 1249 3757 est
1294 3704 1451 3774 261
1493 3720 1560 3758 ne
1610 3707 1860 3774 capillum
1898 3711 2115 3779 quidem

538 3790 778 3847 hominis
801 3803 895 3846 aut
928 3793 1107 3848 album
1140 3805 1233 3848 aut
1268 3796 1478 3865 nigrum
1521 3798 1660 3863 lieri,
1695 3814 1870 3868 neque
1906 3816 2120 3871 passer-

540 3884 720 3937 culum
759 3885 810 3937 in
844 3885 1094 3954 laquequ
1131 3886 1370 3941 incidere
1392 3888 1459 3941 ".

538 3978 666 4053 τρδς
690 3980 848 4049 ήμῶν
885 3980 980 4033 τοῦ
1020 3982 1077 4034 ἐν
1106 3982 1218 4045 τοῖς
1277 3983 1527 4053 οὐρανοῖς
1588 3984 1709 4039 οὐδὲ
1752 3985 1873 4057 θρὶξ
1913 3988 2198 4061 ἀνθρώπου

540 4075 621 4139 εἰς
656 4075 859 4144 παγίδα
887 4076 1150 4147 ἐμπεσεῖν
1183 4096 1333 4132 ποτε.

610 4166 700 4224 lii.
748 4168 1007 4223 Dominus
1040 4185 1172 4240 ergo
1213 4171 1289 4226 ita
1333 4187 1394 4226 se
1439 4172 1553 4241 ipse
1588 4189 1687 4243 pro
1715 4177 2004 4246 omnibus,
2038 4181 2117 4235 uti

538 4272 702 4326 supra
734 4258 937 4313 dictum
961 4268 1067 4327 est,
1096 4260 1309 4318 obtulit.
1348 4262 1535 4319 Sancti
1567 4276 1769 4331 autem,
1806 4268 1906 4323 hac
1937 4284 1967 4322 a
2000 4271 2120 4325 Sal-

537 4361 725 4408 vatore
787 4363 1007 4424 accepta
1071 4370 1258 4409 norma
1318 4356 1427 4425 (ab
1486 4358 1603 4428 ipso
1646 4360 1791 4413 enim
1851 4363 2117 4430 antehac,

539 4440 648 4496 imo
670 4456 905 4511 semper,
932 4457 1122 4498 onmes
1150 4444 1325 4499 edocti
1357 4430 1555 4519 tuere),
1576 4462 1698 4502 cum
1717 4449 1978 4506 adversus
1996 4466 2119 4521 per-

2224 3349 2389 3414 ἆπαξ,
2422 3348 2557 3402 ἀλλὰ
2598 3349 2691 3402 καὶ
2721 3349 2970 3421 δεύτερον
3008 3349 3277 3419 πεποίηκε
3299 3367 3313 3380 ·
3356 3351 3452 3403 καὶ
3489 3350 3661 3414 οὕτως
3698 3349 3796 3403 λοι-

2224 3440 2324 3493 πὸν
2356 3440 2642 3511 ἀπήγαγον
2679 3440 2841 3494 αὑτὸν
2871 3441 3008 3511 πρὸς
3034 3441 3127 3493 τὸν
3153 3440 3406 3494 Πιλᾶτον.
3456 3441 3593 3494 Οῦτε
3615 3442 3669 3494 δὲ
3702 3440 3797 3511 πρὸ

2223 3529 2317 3583 τοῦ
2351 3530 2440 3583 τὸν
2479 3531 2666 3600 χρόνον
2700 3530 2873 3583 ἐλθεῖν
2899 3530 3057 3600 ἤφιεν
3086 3530 3282 3583 ἑαυτὸν
3309 3531 3660 3601 κρατεῖσθαι,
3686 3529 3791 3583 οὔτε

2223 3620 2316 3673 τοῦ
2358 3620 2549 3691 καιροῦ
2590 3620 2856 3691 παρόντος
2887 3620 3223 3691 ἐκρύπτετο,
3272 3620 3409 3673 ἀλλὰ
3461 3622 3559 3674 καὶ
3603 3622 3791 3674 ἔκδοτον

2224 3713 2416 3767 ἑαυτὸν
2464 3714 2634 3767 ἐδίδου
2670 3714 2781 3784 (28)
2833 3715 2943 3777 τοῖς
2994 3714 3477 3779 ἐπιϐουλεύουσιν,
3539 3718 3621 3770 ἵνα
3663 3715 3791 3788 δείξῃ

2226 3809 2394 3868 πᾶσι,
2444 3807 2544 3877 τῆς
2582 3807 2786 3861 ἄνωθεν
2826 3808 3058 3879 κρίσεως
3102 3807 3374 3878 ἠρτῆσθαι
3416 3808 3515 3879 τὴν
3546 3809 3681 3879 ζωὴν
3710 3809 3788 3860 καὶ

2224 3899 2313 3951 τὸν
2341 3899 2571 3953 θάνατον
2600 3900 2709 3953 τῶν
2744 3898 3079 3969 ἀνθρώπων,
3110 3902 3205 3953 καὶ
3244 3899 3374 3953 ἄνευ
3412 3901 3526 3969 (29)
3573 3900 3659 3954 τοῦ
3692 3902 3787 3953 Πα-

2238 3993 2460 4049 δύναται
2496 3995 2699 4066 λευκὴ,
2732 3994 2765 4065 ἢ
2798 3994 3024 4065 μέλαινα
3060 3994 3351 4063 γενέσθαι,
3382 3996 3506 4049 οὐδὲ
3542 3994 3787 4066 στρουθίον

2298 4181 2384 4235 16.
2419 4181 2476 4232 '0
2510 4179 2606 4250 μὲν
2631 4172 2722 4231 οὖν
2748 4176 2950 4245 Κύριος
2964 4175 3137 4238 οὕτως
3153 4175 3345 4228 ἑαυτὸν
3369 4176 3641 4246 προσῆγεν
3668 4172 3787 4241 ὑπὲρ

2226 4275 2463 4334 πάντων,
2496 4270 2572 4334 ὡς
2600 4266 2952 4340 προείρηται·
2982 4265 3030 4317 οἱ
3067 4264 3125 4317 δὲ
3165 4263 3341 4333 ἅγιοι,
3375 4264 3470 4317 καὶ
3504 4264 3683 4315 τοῦτον
3711 4260 3786 4311 τὸν

2228 4366 2397 4420 τύπον
2427 4362 2576 4433 παρὰ
2598 4359 2691 4413 τοῦ
2715 4358 2964 4430 Σωτῆρος
3005 4356 3269 4427 μαθόντες
3320 4356 3476 4428 (παρ’
3510 4354 3666 4408 αὑτοῦ
3694 4349 3786 4420 γὰρ

2228 4459 2323 4513 κα)⁸
2354 4456 2459 4527 πρὸ
2494 4453 2683 4507 τούτου
2730 4454 2824 4505 κα),
2856 4452 2941 4504 ἀεὶ
2984 4450 3187 4512 πάντες
3235 4448 3628 4518 ἐδιδάσκοντο),
3670 4444 3786 4515 πρὸς

538 4543 816 4590 secutores
863 4534 1237 4604 decertarent,
1280 4538 1669 4611 aufugiebant,
1701 4543 1778 4597 uti
1827 4542 1910 4599 fas
1944 4555 2061 4600 crat
2103 4560 2116 4598 :

2229 4550 2327 4621 μὲν
2357 4549 2481 4609 τοὺς
2509 4544 2805 4606 διώκοντας
2832 4541 3244 4612 ἀγωνιζόμενοι,
3277 4540 3528 4610 νομίμως
3556 4538 3783 4607 ἔφευγον,

539 4624 775 4695 dumque
801 4625 868 4681 ab
894 4627 998 4709 illis
1020 4630 1482 4709 perqttirercntur,
1506 4649 1624 4690 sese
1651 4635 1917 4690 abdebant
1940 4656 1954 4703 ;
1978 4654 2116 4692 cum-

2228 4641 2323 4695 καὶ
2362 4637 2684 4709 ζητούμενοι
2727 4634 2857 4703 παρ’
2884 4632 3060 4686 αὐτῶν
3090 4631 3457 4704 ἐκρύπτοντο·
3495 4628 3784 4699 ἀγνοοῦντες

540 4734 667 4788 que,
694 4730 881 4791 utpote
904 4704 1174 4790 homines,
1203 4723 1411 4780 detiniti
1435 4728 1536 4781 sibi
1562 4743 1591 4780 a
1619 4727 1961 4783 Providentia
1990 4741 2116 4785 tem.

2225 4732 2282 4785 δὲ
2308 4733 2384 4794 ὼς
2416 4729 2689 4799 ἄνθρωποι
2714 4724 2806 4779 τοῦ
2823 4723 3131 4796 ὁρισθέντος
3158 4725 3343 4785 αὐτοῖς
3372 4721 3523 4794 παρὰ
3553 4720 3646 4789 τῆς
3662 4718 3782 4788 Προ-

540 4815 691 4882 poris
726 4818 1016 4872 terminum
1076 4820 1424 4889 ignorarent,
1460 4823 1720 4877 nolebant
1752 4825 1961 4893 seipsos
1995 4825 2116 4878 insi-

2224 4823 2372 4886 νοίας
2401 4821 2592 4893 χρόνου
2617 4819 2678 4871 τὸ
2706 4818 2877 4883 τέλος,
2905 4820 3004 4871 οὐκ
3032 4816 3312 4870 ἐξούλοντο
3339 4815 3599 4885 παρέχειν
3624 4808 3783 4867 ἁπλῶς

542 4906 842 4962 diatoribus
878 4909 1154 4965 dedititios
1201 4911 1433 4978 offerre;
1468 4929 1701 4982 cumque
1739 4915 1867 4969 item
1902 4923 2116 4969 nossent

2225 4916 2451 4977 ἑαυτοὺς
2480 4912 2729 4974 ἐκδότους
2748 4914 2859 4975 τοῖς
2893 4908 3331 4963 ἐπιϐουλεύουσιν
3354 4924 3366 4936 ·
3398 4906 3594 4967 εἰδότες
3621 4903 3672 4954 δὲ
3696 4898 3780 4951 πά-

542 4997 676 5053 illud
704 5000 846 5068 quod
881 5002 1143 5078 scriptum
1174 5014 1277 5069 est,
1307 5020 1497 5075 nempe
1524 5006 1577 5059 in
1606 5007 1855 5061 manibus
1879 5006 1975 5060 Dei
2002 5021 2116 5061 esse

2219 4994 2303 5073 λιν
2334 5009 2396 5061 τὸ
2427 5006 2831 5078 γεγραμμένον,
2867 5006 2947 5058 ὅτι
2978 5006 3035 5056 ἐν
3056 5004 3176 5066 ταῖς
3206 5002 3363 5073 χερσὶ
3390 4998 3486 5052 τοῦ
3510 4997 3638 5050 Θεοῦ
3662 4994 3779 5047 εἰσιν

542 5100 719 5145 sortes
740 5076 1019 5148 hominum
1044 5096 1112 5160 ⁸³,
1145 5107 1202 5151 et
1233 5098 1519 5151 Dominum
1549 5098 1881 5154 mortiﬁcare
1904 5109 1958 5154 et
1983 5100 2116 5152 vivi-

2219 5091 2273 5150 ὀἱ
2326 5096 2518 5167 κλῆροι
2562 5094 2668 5147 τῶν
2712 5092 3011 5164 ἀνθρώπων
3034 5134 3047 5155 ,
3083 5093 3177 5144 καὶ
3213 5090 3417 5162 Κύριος
3461 5088 3669 5142 θανατοῖ
3699 5082 3777 5135 καὶ

545 5186 713 5241 ﬁcarc
741 5185 813 5255 “,
850 5187 971 5243 ideo
1001 5188 1068 5241 ad
1098 5190 1257 5244 linem
1300 5206 1474 5260 usque
1502 5203 1922 5263 exspectarunt,
1957 5206 2015 5248 ut
2050 5195 2116 5249 ait

2224 5189 2432 5262 Κύριος
2466 5187 2718 5252 ζωοποιεῖ
2752 5186 2885 5257 (50),
2933 5184 3128 5256 μᾶλλον
3161 5183 3267 5246 ἕως
3298 5181 3488 5243 τέλους
3517 5179 3772 5248 ὑπέμενον,

622 5354 666 5385 ³⁸
708 5351 848 5406 Psal.
879 5369 950 5411 cr.
996 5353 1086 5405 9.4.
1164 5352 1208 5384 "
1248 5352 1378 5406 Lttc.
1418 5371 1517 5421 xu,
1542 5356 1631 5412 ΞΟ,
1710 5356 1751 5388 ιτ
1776 5354 1954 5410 Ερειε.
1987 5351 2116 5421 ,εἰς

2232 5348 2275 5379 ³⁸
2314 5342 2790 5421 ϐειιεελκνι-ιέὶ.
2852 5341 2895 5373 ³⁸
2936 5338 3066 5421 an.
3090 5356 3162 5405 tv,
3200 5340 3288 5394 '50.
3332 5339 3377 5370 ⁵⁰
3408 5340 3561 5395 Joan.
3590 5352 3703 5399 xm,
3730 5335 3766 5386 l.

543 5420 587 5455 δι
627 5422 784 5479 Joan.
812 5438 966 5487 xvnt,
992 5422 1114 5477 4-6.
1191 5423 1237 5457 ⁸³
1279 5424 1470 5479 Matth.
1506 5412 1564 5491 'v,
1596 5425 1701 5493 56;
1734 5443 1789 5491 x,
1829 5425 1917 5478 29.
1992 5412 2116 5474 ⁸³Ῥ

2259 5435 2390 5481 xxx,
2417 5415 2502 5469 16.
2578 5414 2625 5446 ⁸⁵
2656 5412 2676 5465 1
2705 5412 2837 5481 Reg.
2874 5428 2935 5473 ll,
2969 5412 3018 5464 6.

2303 5554 2413 5623 (ac)
2445 5551 2651 5623 Λοιπόν
2674 5550 2833 5623 deest
2857 5550 2917 5623 in_
2938 5547 3150 5623 Apglic.
3170 5533 3339 5601 Paulo
3366 5560 3488 5615 post
3510 5546 3631 5615 Reg.
3655 5536 3765 5608 παρ’

2231 5617 2432 5685 αὐτῶν,
2460 5623 2548 5676 ubi
2568 5621 2718 5681 editi,
2746 5620 2836 5670 ὑπ’
2862 5617 3055 5671 αὐτῶν.
3309 5687 3313 5688 ν
3624 5664 3637 5688 λ

2302 5694 2416 5762 (‘27)
2459 5693 2613 5758 Κείς..
2642 5688 2979 5762 Ναζωραῖον.
3020 5688 3180 5756 Edili,
3211 5687 3537 5758 Ναζαραῖον.

613 5558 726 5639 (2⁸5)
768 5557 1087 5629 Anglican.,
1139 5559 1432 5614 ἁπαιτοῦσί
1490 5579 1583 5615 σου
1634 5560 1731 5631 τὴν
1786 5558 1963 5631 ψυχὴν
2014 5557 2125 5612 ἀπὸ

547 5643 733 5771 talin
767 5699 861 5755 Sic
892 5703 1097 5771 Rngn
1126 5702 1287 5757 editis
1312 5717 1463 5765 vero.
1493 5704 1592 5766 τάς
1622 5704 1793 5757 deest.
1814 5698 1982 5755 Paulo
2005 5703 2116 5768 post

2231 5643 2432 5685 αυτων,
2461 5643 2548 5676 ιιυι
2568 5643 2598 5675 c

2302 5694 2416 5771 (Ἠ)
2459 5693 2598 5771 βδεῖ.

551 5758 1225 5844 Ηυξ-ρι-Αιικι.,ι’έφευχε.
1253 5758 1672 5844 Εάίιίίλφυγνεη
1915 5839 1926 5844 Α
2007 5758 2020 5768 ’
2067 5836 2078 5844 _

2273 5758 2418 5844 tcta
2449 5762 2680 5844 angue»
2711 5758 3046 5844 έιπεξίδουο..
3155 5829 3167 5841 .

623 5820 736 5910 (ξε)
751 5820 994 5910 tegas:
1011 5820 1101 5894 ἐί
1116 5820 1166 5910 1;;
1182 5820 1503 5897 uno?
1518 5820 1829 5913 nunc“,
2025 5836 2116 5909 μὲν

2451 5820 2685 5914 ᾼηέἔίειζ
2701 5830 2788 5914 ἔτι
2824 5830 2971 5914 ἄνευ.
3001 5828 3123 5886 Mox
3155 5829 3315 5894 idem,
3344 5826 3465 5881 οὕτε
3492 5820 3621 5897 θρίξ.

553 5898 1151 5979 πρὶιν..
1609 5898 1639 5913 υ
1814 5898 2036 5909 ..

2309 5901 2417 5975 (50)
2437 5900 2669 5969 Anglia,
2696 5898 2961 5969 ξωογονεῖ.
