3980 6500
176 412 272 472 66³5

1347 400 1689 459 APOLOGIA
1732 400 1816 454 DE
1845 398 2028 456 FUGA
2061 398 2215 455 SUA.

3288 398 3393 453 666

171 533 234 594 ὡς
247 526 461 599 εἴρηκεν
478 527 507 578 6
522 524 852 587 Ἀπόστολος,
872 521 1307 591 περιερχόμενοι
1321 520 1391 575 ἐν
1403 519 1723 591 μηλωταῖς,

1832 518 2120 587 Apostolus
2156 558 2171 581 ,
2219 519 2599 571 circumeuntes
2625 518 2677 571 in
2712 518 2933 578 melotis,
2964 518 3017 571 in
3052 516 3274 586 pellibus
3304 535 3393 570 ca.

170 621 229 671 ἐν
247 616 482 685 αἰγείοις
506 614 809 683 δέρμασιν,
834 614 1255 680 ὑστερούμενοι
1278 651 1293 673 ,
1324 612 1724 679 κακουχούμε-

169 724 268 769 νοι,
305 705 400 759 ἐπὶ
435 705 704 774 ἐρημίαις
730 702 1122 771 πλανώμενοι,
1160 700 1257 753 καὶ
1295 701 1364 753 ἐν
1405 701 1723 768 σπηλαίοις

168 798 254 851 καὶ
272 797 393 862 ταῖς
410 796 582 861 ὀπαῖς
598 795 704 863 τῆς
718 794 830 864 γῆς
847 794 1257 863 κρυπτόμενοι,
1284 793 1387 856 ἓως
1413 792 1476 845 ἂν
1495 794 1527 863 ἢ
1560 793 1670 862 (51)
1694 793 1723 844 6

169 888 454 959 ὡρισμένος
480 887 575 940 τοῦ
614 887 841 941 θανάτου
866 887 1051 959 χρόνος
1080 886 1205 957 ἔλθῃ
1227 928 1241 953 ,
1276 885 1309 955 ἢ
1348 887 1377 938 6
1413 886 1501 938 τὸν
1534 886 1721 957 χρόνον

168 981 336 1050 ὁρίσας
362 979 495 1042 Θεὸς
519 978 727 1052 λαλήσῃ
757 980 890 1050 πρὸς
913 979 1124 1041 αὐτοὺς,
1149 978 1240 1031 καὶ
1262 977 1444 1049 παύσῃ
1460 980 1584 1042 τοὺς
1605 981 1722 1032 ἑπι-

169 1069 523 1132 6ουλεύοντας,
566 1071 598 1141 ἦ
648 1069 885 1140 δηλονότι
930 1069 1154 1140 παραδῷ
1196 1069 1321 1132 τοὺς
1362 1069 1720 1139 διωκομένους

168 1162 264 1224 τοῖς
294 1158 599 1223 διώκουσιν,
635 1159 709 1223 ὡς
738 1159 802 1211 ἂν
848 1160 995 1230 αὐτῷ
1025 1160 1149 1230 δόξῃ
1196 1158 1373 1221 καλῶς
1405 1159 1565 1230 ἐχειν.
1611 1160 1721 1213 Καὶ

164 1252 303 1305 τοῦτο
328 1251 457 1321 περὶ
485 1251 700 1304 πάντων
731 1251 838 1303 ἀπὸ
862 1250 953 1304 τοῦ
978 1251 1141 1303 Δαὸὶδ
1167 1250 1281 1303 ἐστι
1308 1250 1496 1320 μαθεῖν
1520 1250 1717 1315 καλῶς·

166 1346 241 1397 im
260 1344 362 1414 γὰρ
386 1342 526 1395 κατὰ
552 1343 644 1395 τοῦ
668 1342 839 1395 Σαοὺλ
872 1342 1183 1414 παρώξυνεν
1213 1343 1372 1395 αὐτὸν
1401 1343 1579 1404 Ἰωὰϐ,
1608 1343 1722 1396 ἔλε-

163 1452 248 1504 γεν
275 1435 435 1497 αὐτός
458 1451 472 1467 ο
522 1434 608 1503 Ζῇ
640 1436 854 1502 Κύριος
884 1434 995 1505 (52)
1017 1474 1031 1499 ,
1063 1435 1169 1488 ἐὰν
1194 1434 1279 1503 μὴ
1308 1439 1341 1488 ό
1362 1436 1575 1503 Κύριος
1612 1438 1719 1489 αὺ-

164 1526 262 1578 τὸν
281 1526 496 1595 παίσῃ,
528 1525 565 1593 ἣ
593 1525 740 1593 ἔλθη
772 1524 963 1593 ἡμέρα
995 1526 1100 1579 τοῦ
1145 1525 1405 1581 θανάτου
1436 1526 1641 1593 αὐτοῦ’
1677 1526 1716 1596 ἢ

163 1614 371 1683 καταϐῇ
405 1618 495 1681 είς
523 1616 804 1684 πόλεμον,
835 1614 933 1667 καὶ
968 1614 1265 1683 προστεθῇ
1300 1617 1387 1681 είς
1429 1615 1567 1681 τοὺς
1608 1617 1721 1669 ὐπ-

161 1709 480 1771 εναντίους,
522 1709 594 1760 οὐ
629 1705 714 1775 μὴ
747 1706 970 1759 ἑποίσω
1006 1706 1172 1775 χεῖρά
1200 1724 1318 1775 μου
1346 1707 1442 1760 ἐπὶ
1472 1707 1720 1775 χριστόν
1789 1752 1794 1759 .

162 1799 387 1866 Κυρίου.

1832 610 2021 677 prinis,
2054 620 2274 680 egentes,
2307 608 2611 677 angustiati,
2644 609 2697 662 in
2738 609 3105 662 solitudinibus
3134 616 3390 671 errantes,

1830 698 1885 750 in
1912 698 2167 766 speluncis
2194 707 2239 751 et
2266 698 2318 750 in
2345 698 2574 751 cavernis
2603 707 2754 750 τεῖναι
2778 698 2992 751 latentes
3009 697 3078 761 ",
3105 698 3275 752 donec
3300 698 3393 751 de-

1831 788 2037 842 ﬁnitum
2083 790 2269 843 mortis
2299 798 2508 855 tempus
2544 788 2853 852 adveniret,
2904 796 2993 841 aut
3040 788 3132 857 qui
3177 796 3393 857 tempus

1830 881 2115 935 deﬁnierat
2146 882 2281 934 Deus
2304 896 2396 935 eos
2428 881 2815 950 alloqueretur,
2844 894 2907 933 ac
2934 880 3287 935 insidiatores
3312 894 3393 933 se-

1830 970 2011 1034 daret,
2048 977 2137 1021 aut
2173 979 2317 1021 certe
2356 967 2790 1037 persecutoribus
2824 965 3254 1035 persecutionem
3294 979 3391 1033 pa-

1831 1063 2023 1115 tientes
2055 1061 2312 1125 traderet,
2347 1071 2406 1114 ut
2437 1061 2537 1114 sibi
2568 1074 2862 1129 congruum
2890 1059 3061 1112 visum
3090 1056 3251 1111 foret.
3278 1055 3390 1110 lloc

1829 1169 1894 1207 ex
1936 1152 2136 1209 Davide
2170 1167 2291 1204 cum
2326 1153 2515 1220 primis
2558 1151 2779 1220 pulchre
2827 1149 3069 1204 ediscere
3107 1158 3220 1216 est;
3264 1162 3388 1202 cum

1828 1244 1970 1299 enim
1996 1243 2141 1295 illum
2170 1241 2305 1296 Joab
2328 1242 2613 1297 adversum
2637 1242 2766 1296 Saul
2791 1243 3109 1307 concitaret,
3137 1242 3213 1295 ait
3238 1240 3389 1309 ipse:

1837 1335 1975 1390 Vivit
2008 1335 2286 1401 Dominus,
2320 1335 2446 1404 quia
2484 1336 2585 1388 nisi
2618 1334 2865 1388 Dominus
2907 1334 3221 1402 percusserit
3247 1349 3390 1397 eum,

1829 1438 1919 1481 aut
1947 1427 2137 1483 venerit
2168 1428 2275 1481 dies
2310 1428 2489 1480 mortis
2533 1427 2666 1495 ejus,
2703 1427 2780 1479 ve.’
2816 1428 3136 1483 descenderit
3175 1428 3228 1479 in
3254 1442 3392 1494 pra:-

1828 1520 1976 1583 lium,
2029 1529 2074 1571 et
2136 1518 2317 1571 abierit
2367 1518 2506 1582 apud
2557 1517 2910 1578 adversarios,
2966 1532 3067 1570 non
3108 1516 3391 1569 immittam

1828 1627 2039 1664 manum
2060 1625 2228 1664 meum
2253 1608 2310 1663 in
2337 1608 2586 1662 Christum
2612 1607 2822 1660 Domini
2851 1606 2916 1661 “.

228 1890 307 1942 17.
362 1890 428 1942 Ei
461 1888 519 1941 δέ
552 1905 682 1940 ποτε
726 1887 820 1940 καὶ
863 1886 1151 1957 φεύγοντες
1194 1888 1565 1959 προσήρχοντο
1609 1891 1721 1953 τοῖς

1895 1899 1981 1952 17.
2020 1897 2075 1953 Si
2106 1898 2322 1968 quando
2342 1912 2470 1952 vero
2490 1898 2615 1953 dum
2642 1898 2914 1969 fugerent,
2936 1898 3180 1954 conversi
3206 1899 3397 1954 deinde

160 1980 423 2052 ζητοῦσιν,
483 1980 603 2033 οὐδὲ
658 1979 816 2033 τοῦτο
880 1978 1063 2042 ἁπλῶς
1113 1979 1413 2050 ἔπραττονο
1473 1980 1565 2033 τοῦ
1612 1980 1720 2052 γὰρ

160 2072 464 2143 Πνεύματος
490 2071 775 2133 λαλοῦντος
797 2072 999 2134 αὐτοῖς,
1024 2069 1195 2133 οὕτως
1215 2071 1466 2140 ἀπήντων
1490 2071 1718 2135 ἐκείνοις

159 2160 412 2228 Θεοφιλεῖς
439 2160 826 2230 τυγχάνοντες·
870 2159 962 2212 καὶ
1006 2158 1147 2211 οὕτω
1190 2160 1349 2212 πάλιν
1380 2160 1475 2231 τὴν
1514 2162 1721 2216 ἑαυτῶν

159 2252 393 2322 ὑπακοὴν
456 2252 550 2303 καὶ
601 2248 906 2321 προθυμίαν
962 2249 1414 2320 ἐπιδεικνύμενοι.
1481 2245 1603 2315 Οἷος
1653 2246 1720 2321 ἦν

169 2340 361 2403 Ἠλίας,
389 2339 606 2392 ἀκούων
633 2340 782 2409 παρὰ
808 2339 901 2391 τοῦ
923 2338 1259 2409 Πνεύματος,
1289 2341 1380 2392 καὶ
1404 2342 1722 2411 φαινόμενος

156 2432 226 2501 τῷ
258 2430 465 2502 Ἄχαὰὸ
488 2472 503 2495 ,
535 2431 773 2500 Μιχαίας
802 2448 859 2483 τε
892 2434 920 2484 6
949 2433 1230 2502 προφήτης
1260 2433 1547 2503 ἐρχόμενος
1587 2434 1721 2503 πρὸς

160 2523 310 2576 αὐτὸν
347 2523 445 2577 τὸν
492 2522 716 2593 Ἀχαιὰᾶ
779 2522 870 2574 καὶ
910 2523 938 2573 6
986 2522 1447 2592 ἐπικαλεσάμενος
1504 2524 1720 2594 προρρήυ

155 2596 244 2684 τής
294 2615 389 2665 ἐπὶ
445 2613 507 2666 τὸ
554 2613 936 2683 θυσιαστήριον
967 2613 1078 2683 (55)
1111 2613 1210 2683 τῆς
1246 2614 1555 2684 Σαμαρείας
1577 2656 1591 2680 ,
1630 2616 1722 2667 καὶ

158 2706 424 2775 ἐντρέπων
471 2706 562 2759 τὸν
600 2706 832 2776 Ῥοὸοὰμ
894 2705 1001 2775 (54)
1028 2747 1042 2771 ,
1116 2707 1208 2758 κα)⁵
1262 2707 1469 2769 Παῦλος
1527 2710 1721 2760 ἐπικα-

155 2796 405 2866 λούμενος
434 2798 708 2868 Καίσαρα.
741 2799 814 2851 Οὐ
844 2797 949 2868 γὰρ
996 2798 1060 2867 δὴ
1097 2796 1185 2851 διὰ
1232 2798 1430 2851 δειλίαν
1473 2798 1719 2868 ἔφευγον,

157 2889 225 2961 μὴ
268 2891 516 2959 γένοιτοῑ
575 2890 771 2961 μᾶλλον
826 2890 931 2962 γὰρ
981 2890 1078 2960 τὴν
1128 2891 1303 2961 φυγὴν
1355 2886 1497 2960 εἶχον
1537 2892 1723 2959 ἀγῶνα

153 2983 239 3033 καὶ
263 2981 498 3053 μελέτην
525 2981 666 3034 κατὰ
697 2982 788 3034 τοῦ
816 2982 1065 3035 θανάτου.
1114 2982 1270 3034 Ἀλλὰ
1302 2981 1393 3034 δύο
1422 2982 1570 3035 ταῦτ’
1602 2983 1725 3052 ἐφύ-

152 3071 330 3127 λαττον
352 3074 451 3126 καὶ
480 3072 822 3126 ἐϐουλεύοντο
848 3073 1046 3139 καλῶς,
1076 3075 1156 3125 ὄτι
1184 3073 1296 3143 (55)
1327 3076 1463 3145 μήτε
1500 3076 1724 3139 ἑαυτοὺς

150 3166 329 3230 ἁπλῶς
359 3167 664 3240 προσῆγον,
696 3166 851 3218 τοῦτο
892 3166 1000 3237 γὰρ
1042 3162 1109 3237 ἦν
1155 3167 1343 3219 ἑαυτὸν
1388 3169 1721 3233 ἀποκτεῖναι,

1828 1991 2192 2060 qttterentibus
2240 2004 2360 2044 sese
2412 1989 2701 2054 offerrent,
2754 2004 2859 2043 non
2896 1999 3094 2044 temere
3126 1990 3228 2044 boc
3271 2005 3396 2059 age-

1828 2081 1990 2143 bant;
2045 2095 2166 2133 natn
2224 2078 2454 2149 religiosi
2516 2094 2636 2132 cum
2689 2088 2892 2143 essent,
2947 2078 3105 2149 jussu
3161 2077 3395 2147 Spiritus

1830 2171 2017 2225 Sancti
2052 2172 2413 2226 occurrebant
2444 2169 2550 2224 illis
2595 2184 2762 2239 :,quo
2791 2179 2949 2239 pacto
2978 2171 3388 2237 obsequentiam

1830 2261 2280 2329 alacritatemque
2311 2275 2460 2315 suam
2516 2263 3038 2315 commonstrabant.
3067 2259 3393 2329 Hujusmodi

1828 2364 1946 2407 erat
1978 2352 2141 2417 Elias,
2176 2353 2267 2420 qui
2317 2350 2473 2419 jussu
2538 2351 2769 2422 Spiritus
2805 2352 3025 2408 Achabo
3053 2368 3237 2408 coram
3267 2354 3394 2408 asti-

1832 2440 1895 2493 tit
1920 2438 1963 2471 ⁸⁷
2021 2459 2031 2493 :
2079 2438 2330 2492 Micbaeas
2386 2440 2512 2492 item
2571 2440 2834 2508 propheta
2890 2440 2981 2509 qui
3036 2440 3209 2510 ipsum
3261 2442 3396 2496 adiit

1830 2529 2106 2583 Acbabum
2146 2528 2227 2595 ‘3;
2273 2530 2534 2598 propheta
2576 2533 2734 2583 etiam
2782 2532 2873 2599 qui
2922 2531 3092 2586 altare
3135 2531 3394 2586 Samaria:

1830 2622 2191 2689 compellavit,
2239 2619 2632 2689 Jeroboamqne
2676 2621 2883 2688 pudore
2937 2621 3158 2676 suffudit
3196 2623 3240 2653 δ’
3285 2639 3300 2676 :
3342 2632 3396 2677 et

1829 2713 2026 2766 Paulus
2061 2714 2149 2781 qui
2184 2713 2450 2767 Ctesarem
2490 2714 2780 2783 appellavit
2812 2714 2877 2765 ³ο.
2932 2714 3045 2769 Non
3090 2715 3233 2769 enim
3286 2732 3395 2786 ιιι-ιιι

1831 2807 2117 2860 formidine
2168 2807 2477 2877 fugiebant,
2534 2810 2710 2862 absit!
2756 2810 2863 2863 imo
2916 2811 3095 2877 potius
3130 2810 3251 2879 fuga
3290 2812 3396 2867 illis

1831 2911 1929 2966 pro
1957 2898 2254 2952 certamine
2277 2907 2331 2951 et
2355 2899 2917 2953 meditatione-mortis
2940 2909 3078 2954 erat.
3110 2901 3214 2954 Sed
3250 2912 3395 2957 recte

1831 2989 1932 3043 sibi
1964 2990 2303 3045 consulentes
2336 2990 2448 3044 haec
2482 2991 2589 3045 duo
2620 2991 2928 3057 servabant,
2960 3002 3018 3044 ut
3057 2993 3258 3047 scilicet
3296 3007 3395 3047 nec

1832 3082 1993 3149 seipsi
2030 3090 2233 3136 temere
2271 3080 2562 3146 oﬂ‘errent,
2592 3082 2785 3136 fuisset
2817 3083 2962 3136 enim
2998 3083 3124 3137 illud
3163 3094 3392 3139 mortem

1832 3173 1934 3226 sibi
1976 3173 2351 3235 consciscere,
2386 3175 2723 3242 pr0priaaque
2776 3173 2923 3227 necis
2955 3189 3105 3227 reum
3158 3172 3297 3235 fieri,
3330 3190 3395 3229 ac

152 3252 450 3307 ὑπεύθυνόν
483 3271 543 3305 τε
589 3254 817 3307 Θανάτου
853 3255 1123 3322 γενέσθαι,
1170 3256 1262 3308 καὶ
1300 3258 1623 3328 ἀντιπρᾶξαι
1649 3259 1723 3329 τῷ

1832 3262 2055 3317 Domino
2109 3278 2406 3332 repugnare
2453 3265 2650 3319 dicenti
2693 3282 2708 3318 :
2756 3264 2887 3330 Qum
2926 3265 3068 3319 Deus
3099 3267 3391 3335 conjunxit,

148 3345 330 3416 Κυρίῳ
378 3346 626 3415 λέγοντι·
676 3350 732 3401 Ἃ
765 3350 797 3400 ὀ
835 3346 976 3413 Θεὸς
1007 3346 1265 3412 ἔζευξεν,
1301 3349 1605 3418 ἄνθρωπος
1638 3352 1723 3421 μὴ

148 3440 479 3508 χωριζέτω·
528 3442 667 3511 μήτε
715 3440 918 3513 μέμψιν
957 3441 1246 3512 ὀλιγωρίας
1291 3445 1479 3515 ἣθελον
1521 3447 1726 3517 ὑπομέ-

146 3547 271 3595 νειν,
308 3534 389 3596 ὡς
431 3533 788 3603 ἀτονήσαντες
827 3532 961 3602 πρὸς
996 3532 1095 3596 τὰς
1127 3535 1184 3586 ὲν
1216 3539 1281 3606 τῇ
1320 3540 1463 3607 φυγῇ
1501 3538 1726 3608 θλίψεις,

150 3624 373 3691 μείζονα
435 3625 530 3678 κα)⁵
562 3625 860 3696 δεινότερον
898 3626 1056 3679 πόνον
1091 3626 1323 3696 ἐχούσας
1350 3629 1441 3682 τοῦ
1471 3629 1724 3685 θανάτου.

157 3716 209 3768 Ὀ
260 3717 362 3787 μὲν
409 3718 521 3787 γὰρ
565 3716 845 3770 ἀποθανὼν
892 3718 1167 3771 πέπαυται
1216 3720 1308 3773 τοῦ
1355 3724 1563 3775 πονεῖν⁸
1611 3723 1639 3774 6
1672 3724 1728 3776 δὲ

144 3807 363 3876 φεύγων
390 3809 706 3879 προσδοκῶν
732 3810 849 3863 καθ’
875 3810 1084 3882 ἡμέραν
1106 3812 1203 3876 τὰς
1224 3813 1372 3881 παρὰ
1396 3812 1502 3866 τῶν
1520 3814 1727 3887 ἐχθρῶν

141 3900 387 3968 ἐφόδους,
427 3901 754 3971 κουφότερον
792 3903 1003 3971 ἡγεῖται
1037 3901 1127 3955 τὸν
1162 3902 1389 3956 θάνατον
1414 3923 1426 3935 ·
1462 3906 1601 3958 ὥστε
1635 3907 1729 3959 καὶ

140 3994 261 4056 τοὺς
281 3996 341 4047 ὲν
365 3996 435 4064 τῇ
465 3997 610 4063 φυγῇ
632 3994 1009 4057 τελειωθέντας
1032 3997 1105 4066 μὴ
1133 3995 1340 4059 ἀκλεῶς
1361 3997 1471 4068 (56)
1496 3999 1730 4069 ἀποθνή-

141 4097 310 4148 σκειν,
350 4084 473 4137 ἀλλ’
513 4084 657 4154 ἔχειν
689 4084 778 4136 καὶ
808 4084 1001 4147 αὐτοὺς
1045 4084 1138 4138 τοῦ
1184 4088 1479 4157 μαρτυρίου
1505 4088 1564 4139 τὸ
1591 4088 1726 4140 καύ-

137 4192 308 4246 χημα.
344 4175 450 4228 Διὰ
484 4175 641 4228 τοῦτο
670 4175 777 4247 γὰρ
806 4179 833 4229 6
865 4176 982 4229 Ἰὼϐ
1010 4179 1067 4231 ἐν
1111 4177 1331 4249 ἀνδρεία
1367 4178 1537 4247 μέγας
1562 4178 1729 4247 ἐγνώ-

139 4263 233 4334 σθη
254 4305 269 4327 ,
304 4264 504 4334 ἐπειδὴ
535 4264 642 4327 ζῶν
666 4264 949 4328 τοσούτους
974 4265 1066 4318 καὶ
1098 4265 1444 4337 τηλικούτους
1470 4267 1726 4337 ὑπέμεινε

134 4357 333 4419 πόνους
367 4356 510 4428 (57),
543 4349 618 4409 ὧν
645 4356 899 4427 οὐδεμίαν
931 4357 1177 4428 αἴσθησιν
1201 4357 1523 4427 ἐλάμϐανεν,
1560 4359 1605 4410 εἰ
1636 4376 1725 4411 τε-

131 4448 413 4523 λευτήσας
445 4447 533 4522 ἦν.
562 4450 660 4503 Διὰ
686 4451 842 4503 τοῦτο
867 4452 959 4504 καὶ
986 4453 1137 4504 αὐτοὶ
1173 4453 1222 4503 οἱ
1256 4453 1513 4523 μακάριοι
1546 4453 1725 4505 Πατέ-

131 4560 223 4614 ρες
270 4543 545 4614 τοιαύτην
568 4538 712 4614 εἶχον
734 4542 835 4613 τῆς
868 4544 1138 4606 πολιτείας
1168 4544 1265 4614 τὴν
1296 4545 1517 4614 ἀγωγήν
1537 4562 1551 4573 ⁸
1602 4544 1723 4597 διω-

127 4633 361 4705 κόμενοι
405 4634 506 4703 μὲν
532 4632 640 4705 γὰρ
675 4633 773 4686 οὐκ
800 4633 1054 4696 ὲδειλίων,
1087 4632 1222 4686 ἀλλὰ
1255 4634 1348 4687 καὶ
1379 4634 1487 4704 (58)
1526 4633 1722 4704 μᾶλλον

122 4727 418 4783 ἐδείκνυον
450 4725 657 4779 ἑαυτῶν
684 4725 781 4797 τὴν
813 4726 911 4797 τῆς
957 4724 1132 4796 ψυχῆς
1162 4725 1443 4795 ἀνδρείαν,
1474 4726 1642 4789 οὕτως
1664 4727 1722 4779 ἐν

122 4823 432 4892 πνιγηροῖς
464 4820 557 4872 καὶ
590 4820 877 4881 σκοτεινοῖς
904 4819 1087 4881 τόποις
1128 4818 1350 4881 ἑαυτοὺς
1380 4818 1723 4872 κατακλείον-

117 4930 234 4977 τες,
274 4912 388 4966 κα).
434 4909 683 4979 σκληρῶς
714 4908 937 4971 ἑαυτοὺς
970 4908 1191 4976 ἄγοντες
1214 4923 1227 4936 ⁸
1264 4909 1506 4979 παρόντα
1532 4909 1586 4962 δὲ
1616 4908 1717 4962 πά-

117 5006 204 5058 λιν
248 5005 356 5059 τοῦ
396 5003 629 5057 θανάτου
679 5002 769 5055 τὸν
815 5001 999 5071 καιρὸν
1035 5001 1095 5053 οὐ
1142 5000 1509 5073 παρῃτοῦντο·
1560 4999 1721 5070 ἔμελε

189 5213 241 5247 ⁸⁸
286 5212 468 5268 Hebr.
501 5227 560 5273 tt,
600 5210 690 5267 5⁸7.
763 5210 809 5242 ⁵⁸
837 5208 857 5262 1
885 5210 1015 5278 Reg.
1042 5225 1191 5275 χχιιι,
1216 5208 1304 5273 10,
1338 5209 1425 5262 ll.
1502 5209 1546 5241 ⁸⁷
1571 5207 1637 5263 Ill
1670 5208 1723 5261 ιι.

1850 5219 2004 5268 xvut,
2036 5202 2120 5257 l7.

108 5286 168 5340 2.
253 5287 307 5318 ³ο
346 5283 480 5338 Act.
524 5297 651 5345 xxv,
707 5282 795 5335 ll.
868 5282 912 5311 ⁵⁸
957 5281 1146 5334 Matth.
1196 5295 1308 5344 nx,
1354 5281 1407 5332 6.

188 5422 317 5496 (δι)
354 5423 435 5496 in
466 5419 931 5496 desursum-

186 5484 318 5565 (52)
360 5491 518 5565 Haec,
542 5490 608 5562 ζῇ
636 5484 860 5565 Κύριος,
880 5491 1102 5565 deerant
1122 5488 1175 5565 in
1196 5485 1377 5550 editis,
1394 5485 1502 5565 _sed
1530 5484 1581 5565 in
1601 5485 1712 5565 An-

107 5555 337 5636 glicani,
390 5569 445 5615 et
475 5555 617 5636 Reg".
651 5555 935 5636 habentur.
966 5558 1085 5611 Mox
1121 5558 1275 5636 Reg,
1309 5555 1498 5636 παίσῃ.
1524 5555 1707 5625 Angl.,

104 5628 441 5703 παιδεύσῃ.
473 5628 632 5703 Εάὶιὶ,
655 5628 885 5703 παύσῃς,
909 5638 1123 5703 prtestat
1147 5631 1316 5703 prima
1338 5628 1517 5703 lectio.

181 5704 316 5775 (55)
346 5693 704 5775 γᾸη-ειιοοιιιιε
758 5693 949 5775 colles,
982 5698 1097 5775 ἐπὶ
1125 5698 1213 5754 τὸν
1259 5697 1406 5752 ναόν.
1452 5696 1587 5741 lrf"
1628 5693 1704 5772 6f]

102 5767 239 5847 post
264 5767 410 5847 jdtp
431 5767 663 5847 d'eestgin
690 5768 877 5847 eodem
900 5767 1108 5829 codice.

181 5837 314 5919 (δὴ
348 5837 520 5911 Lege,
566 5837 864 5911 Ἱεροϐοάμ.

1831 3356 1983 3409 homo
2015 3373 2116 3410 non
2151 3367 2351 3426 separet
2385 3357 2463 3420 “;
2511 3370 2685 3424 neque
2718 3356 2769 3408 iu
2804 3357 3028 3425 ignaviae
3074 3358 3276 3411 crimen
3312 3357 3395 3411 itt-

1831 3464 2053 3503 currere
2075 3449 2293 3513 vellent,
2314 3448 2467 3517 quasi
2496 3464 2555 3502 se
2582 3448 2801 3502 tmderet
2825 3450 2960 3518 fugae
2983 3453 3254 3503 aerumnas
3274 3448 3393 3517 ipsa

1830 3549 2003 3593 morte
2062 3541 2306 3594 duriores
2356 3539 2734 3609 gravioresque
2788 3540 3045 3607 perferre.
3111 3538 3242 3592 Nam
3301 3540 3393 3609 qui

1832 3641 2077 3685 mortuus
2110 3641 2211 3695 est,
2258 3629 2492 3685 miseriis
2520 3629 2727 3683 levatur
2761 3647 2773 3684 :
2807 3630 2898 3699 qui
2928 3646 3054 3691 vero
3084 3631 3238 3701 fugit,
3267 3647 3391 3684 cum

1830 3722 2069 3791 quotidie
2127 3722 2320 3775 anxius
2375 3720 2717 3775 inimicorum
2770 3733 3051 3790 exspectet
3118 3724 3389 3786 incursus,

1831 3825 2055 3870 mortem
2088 3815 2211 3885 fuga
2240 3816 2491 3871 leviorem
2520 3816 2818 3871 existimat.
2849 3815 3189 3884 Quapropter
3217 3815 3310 3883 qui
3339 3815 3392 3869 in

1833 3908 1951 3976 fuga
2003 3907 2306 3971 intereunt,
2339 3908 2476 3960 haud
2520 3906 2736 3976 inglorii
2779 3907 3105 3973 moriuntur,
3149 3907 3242 3962 sed
3291 3905 3390 3975 ipsi

1830 4014 2043 4067 quoque
2096 3998 2318 4069 gloriam
2368 4009 2773 4067 consequuntur
2817 4000 3081 4069 martyrii.
3127 3998 3392 4065 Quocirca

1827 4089 1927 4144 Job
1978 4090 2292 4146 fortitudine
2340 4093 2503 4147 animi
2561 4109 2788 4162 magnus
2850 4093 3231 4162 comprobatus
3284 4102 3388 4160 est,

1828 4180 1972 4251 quod
2015 4181 2167 4235 vivus
2197 4191 2273 4235 tot
2303 4191 2586 4251 tantasque
2611 4197 2878 4236 atruutnas
2905 4181 3219 4249 pertulerit,
3252 4197 3391 4250 qna-

1830 4285 1946 4323 rum
1972 4271 2014 4323 si
2048 4279 2295 4323 mortuus
2320 4270 2509 4325 fuisset
2535 4287 2601 4325 ne
2626 4273 2902 4325 minimum
2927 4271 3141 4339 quidem
3172 4286 3389 4324 sensum

1828 4370 2178 4428 percepturus
2217 4368 2355 4413 erat.
2389 4359 2748 4426 Quamobrem
2781 4362 2942 4414 etiam
2976 4362 3074 4431 ipsi
3108 4361 3250 4415 beati
3284 4360 3389 4414 Pa-

1828 4458 1938 4503 tres
1977 4450 2080 4504 boc
2106 4450 2317 4503 vivendi
2362 4450 2612 4505 instituto
2642 4459 2772 4505 sunt
2811 4450 2892 4505 usi
2939 4468 2952 4505 :
3005 4459 3392 4520 persequentes

1827 4541 1971 4596 enim
1998 4555 2056 4595 se
2088 4555 2421 4609 nequaquam
2449 4539 2895 4605 reformidabant,
2924 4541 3031 4594 imo
3058 4542 3232 4609 potius
3262 4556 3391 4596 cum

1831 4633 1900 4686 ita
1928 4647 1987 4686 se
2025 4632 2076 4685 in
2122 4630 2364 4701 angustis
2409 4642 2463 4686 et
2494 4630 2794 4686 tenebrosis
2838 4630 2969 4686 locis
3013 4630 3387 4696 includerent,

1828 4740 1949 4780 cum
1982 4737 2172 4792 aspero
2202 4724 2409 4777 vivendi
2451 4736 2648 4792 genere
2684 4730 2985 4785 uterentur,
3027 4722 3108 4776 sui
3139 4721 3393 4776 ostende-

1829 4817 1959 4871 bant
1993 4815 2159 4868 animi
2198 4814 2568 4869 fortitudinem
2604 4830 2619 4868 :
2668 4814 2756 4867 ubi
2788 4828 2917 4867 vero
2949 4813 3138 4866 mortis
3181 4816 3395 4880 tempus

1829 4908 2036 4971 aderat,
2068 4921 2186 4960 eam
2219 4906 2442 4960 minime
2464 4904 2805 4959 recusabant.
2840 4903 2893 4957 ld
2925 4905 3068 4959 enim
3104 4918 3245 4958 curae
3285 4903 3395 4958 illis

1826 5007 1945 5054 erat
1978 5010 2034 5051 ut
2060 5012 2157 5052 nec
2188 5006 2507 5067 prmseutem
2533 5008 2761 5050 mortem
2788 4996 3257 5065 pertimescerent,
3288 5009 3395 5049 nec

2224 5202 2269 5233 “
2297 5199 2365 5257 ιιι
2410 5203 2537 5272 Reg.
2584 5216 2720 5267 nit,
2760 5200 2845 5255 15.
2925 5199 2970 5233 ‘9
3012 5199 3075 5253 Ill
3104 5200 3236 5268 Reg.
3266 5212 3390 5262 xm,

1896 5413 2008 5497 (55)
2046 5411 2205 5482 Reg.,
2243 5410 2521 5466 61:8.Inlra
2550 5409 2705 5477 Reg.,
2740 5407 2816 5478 τῷ
2848 5405 3057 5476 Κυρίῳ.
3100 5403 3266 5467 Editi,
3311 5401 3390 5474 τῷ

1823 5484 2006 5622 Θῦῗξϐ)
2034 5553 2360 5621 Anglicanus
2387 5556 2576 5622 codex,
2609 5547 2845 5622 ἀκλεεῖς.

1886 5618 1999 5695 (57)
2038 5618 2272 5695 Ὑπέστη
2299 5622 2512 5695 πόνους,
2550 5618 2788 5695 Anglic.“
2892 5683 2930 5695 n
3090 5689 3101 5695 _
3158 5681 3175 5695 Α
3268 5679 3298 5695 μ

1883 5679 1995 5765 (‘58)
2038 5679 2323 5765 Kahdeelst
2357 5693 2406 5743 in
2442 5679 2660 5765 angue:
2703 5685 2844 5765 Lnfra
2892 5683 3024 5765 Reg.
3052 5689 3108 5761 et
3144 5679 3381 5765 Anglic?

1812 5749 2049 5827 ἐαύτούς.
2076 5764 2236 5824 Editi,
2265 5757 2509 5821 σαυτούς.
2536 5749 2662 5812 Mox
2701 5754 2861 5825 Reg.,
2902 5751 3169 5823 σκληρῶς.
3211 5749 3378 5816 Editi,

1811 5836 1981 5907 ἀσκλη
1990 5834 2117 5905 ρῶς,
2143 5832 2300 5887 male.
