3980 6502
169 354 265 409 669

1361 364 1701 424 APOLOGIA
1738 367 1823 422 DE
1862 365 2048 425 FUGA
2086 368 2244 426 SUA.

3306 367 3414 425 870

167 479 465 535 διωκόντων
497 478 693 545 αὐτοὺς
714 520 728 546 ,
768 480 1056 551 ρυσθέντες
1083 482 1140 536 δὲ
1187 484 1252 537 ὲκ
1276 483 1383 537 τῶν
1416 486 1738 555 ἐπιϐουλῶν,

1853 489 1925 558 gis
1954 489 2105 558 quasi
2138 489 2386 546 scintillae
2417 489 2751 561 refulgebant
2790 509 2801 543 :
2836 488 3006 560 erepti
3034 504 3063 542 a
3098 497 3384 558 persecute

168 570 256 621 καὶ
282 570 373 622 διά
415 570 574 625 τοῦτο
621 572 983 643 φυλαχθέντες
1030 578 1142 638 τοῖς
1190 575 1335 638 λαοῖς
1368 579 1449 640 είς
1490 578 1743 633 διδασκα-

166 659 301 725 λίαν,
335 660 480 715 ὥστε
510 666 605 717 καὶ
633 665 731 735 τὴν
761 665 938 737 φυγὴν
979 667 1177 732 αὐτῶν,
1232 670 1325 722 καὶ
1352 671 1413 723 τὸ
1460 672 1741 743 διαδρᾶναι

167 750 269 807 τῶν
282 752 589 822 ζητούντων
605 755 695 808 τὸν
720 756 913 827 θυμὸν,
940 758 1381 830 κατόίκονομίαν
1413 762 1740 835 τοῦ’Κυρίου

168 842 492 912 γεγενῆσθαι
511 860 523 873 ·
549 845 672 897 τότε
717 845 825 917 γὰρ
867 844 1040 910 οὕτως
1074 847 1169 900 καὶ
1198 848 1461 918 Θεοφιλεῖς
1484 852 1740 920 ἐγίνοντο,

169 936 256 988 καί
278 934 573 1007 καλλίστην
610 935 752 1008 εἶχον
778 938 878 1009 τῆς
910 938 1273 1010 ἀνδραγαθίας
1300 942 1396 1013 τὴν
1415 946 1739 1019 μαρτυρίαν.

231 1091 319 1146 20.
366 1094 425 1147 Ὀ
466 1096 596 1162 γοῦν
632 1094 974 1166 πατριάρχης
1008 1096 1201 1151 Ἰακὼϐ
1241 1101 1455 1169 φεύγων
1487 1103 1744 1157 πλειόνων

166 1184 461 1249 ὀπτασιῶν,
491 1187 584 1239 καὶ
612 1185 817 1243 τούτων
843 1187 1026 1252 θείων,
1058 1189 1401 1261 κατηξιοῦτο·
1426 1196 1519 1247 καὶ
1544 1195 1744 1265 μᾶλλον

169 1276 387 1348 ἠρεμῶν
434 1277 617 1342 αὐτὸς,
666 1278 824 1350 ἔσχεν
868 1281 1007 1350 ὑπὲρ
1046 1281 1239 1335 ἑαυτοῦ
1288 1283 1378 1337 τὸν
1410 1286 1611 1359 Κύριον
1655 1289 1744 1342 τὸν

169 1369 266 1440 μὲν
294 1370 482 1423 Λάϐαν
528 1371 889 1442 ἐντρέποντα,
926 1374 1017 1426 τὸν
1058 1374 1114 1427 δὲ
1151 1375 1319 1429 Ἠσαῦ
1353 1378 1741 1449 ὲμποδίζοντα’

168 1464 256 1517 καὶ
282 1464 421 1535 μετά
453 1463 625 1517 ταῦτα
651 1465 840 1533 γέγονε
865 1466 959 1519 τοῦ
997 1467 1164 1521 Ἰούδα
1192 1470 1391 1542 πατὴρ,
1433 1472 1491 1539 ἐξ
1513 1464 1574 1524 οὗ
1606 1473 1746 1527 κατά

170 1557 341 1628 σάρκα
391 1556 667 1610 ἀνέτειλεν
710 1558 738 1609 6
768 1556 992 1627 Κύριος,
1040 1561 1134 1614 καὶ
1190 1561 1290 1625 τὰς
1336 1562 1585 1633 εὐλογίας
1632 1567 1747 1628 τοῖς

169 1648 532 1721 πατριάρχαις
565 1648 873 1719 διηκόνησε.
927 1652 1131 1721 Μωσῆς
1180 1670 1239 1705 τε
1278 1654 1306 1707 6
1337 1653 1607 1726 θεοφιλὴς,
1657 1656 1745 1709 ὅτε

167 1742 378 1811 ἔφευγε,
423 1740 546 1793 τότε
585 1741 676 1794 καὶ
703 1741 801 1813 τὴν
834 1742 1077 1815 μεγάλην
1114 1744 1303 1815 ὅρασιν
1336 1741 1463 1811 εἶδε,
1499 1748 1593 1801 καὶ
1635 1747 1747 1801 δια-

1848 582 2021 646 ribus,
2061 583 2130 637 ab
2170 599 2467 653 eorumque
2508 582 2720 639 insidiis
2767 582 3013 650 liberati,
3042 596 3214 651 eoque
3260 590 3417 651 pacto

1842 676 2079 740 servati,
2133 685 2192 729 ut
2224 676 2448 745 populos
2494 680 2811 731 edocerent.
2856 676 3043 745 Itaque
3070 675 3213 744 quod
3260 674 3417 744 fuge-

1844 767 1973 828 rint,
2012 777 2065 821 et
2092 769 2233 836 quod
2277 770 2633 838 quaerentium
2662 783 2720 823 se
2752 768 2993 822 furorem
3027 767 3322 832 evaserint,
3354 765 3420 819 il.

1844 858 1931 914 lud
1966 874 2029 913 ex
2063 861 2271 915 Domini
2317 861 2720 931 dispensatione
2754 859 2953 915 factum
2986 870 3069 914 est
3115 879 3128 915 :
3164 876 3228 915 eo
3268 860 3417 915 enim

1845 954 2003 1007 modo
2033 965 2159 1008 tunc
2188 954 2295 1008 Deo
2343 956 2455 1008 cari
2505 954 2723 1017 redditi,
2758 964 2811 1009 et
2849 953 3273 1021 pulcherrimum
3304 950 3416 1006 for-

1844 1045 2093 1100 titudinis
2118 1060 2227 1100 sua:
2254 1047 2623 1101 testimonium
2656 1056 2780 1100 sunt
2808 1047 3105 1099 consecuti.

1915 1137 2006 1191 20.
2046 1135 2365 1190 Patriarcha
2389 1147 2535 1191 certe
2564 1134 2730 1191 Jacob
2758 1136 2881 1191 dum
2910 1135 3142 1205 fugeret,
3172 1133 3418 1204 pluribus

1844 1228 2165 1291 visionibus,
2196 1228 2431 1297 ipsisque
2451 1228 2668 1291 divinis,
2702 1227 2893 1297 dignus
2921 1228 3272 1291 esthabitus;
3306 1226 3419 1282 imo

1846 1320 1973 1375 dum
2004 1320 2117 1389 ipse
2147 1319 2199 1372 in
2241 1318 2425 1387 quiete
2456 1318 2694 1387 degeret,
2721 1317 3007 1371 Dominum
3036 1318 3419 1387 opitulatorem

1846 1409 2065 1475 habuit,
2094 1409 2185 1478 qui
2230 1407 2415 1462 Laban
2466 1409 2674 1477 pudore
2709 1407 2965 1473 suffudit,
3004 1420 3058 1462 ct
3096 1409 3235 1463 Esau
3263 1423 3419 1463 coer-

1846 1503 1956 1559 cuit
1982 1502 2049 1557 ⁸⁹.
2089 1502 2137 1557 Is
2166 1515 2384 1569 quoque
2425 1513 2547 1570 post
2575 1501 2690 1555 haec
2726 1511 2879 1569 pater
2912 1501 3011 1555 fuit
3039 1499 3190 1554 Iudae
3217 1514 3281 1553 ex
3311 1514 3418 1567 quo

1847 1594 2141 1649 secundum
2173 1607 2391 1648 carnem
2426 1601 2577 1647 ortus
2611 1603 2697 1648 est
2741 1591 3000 1647 Dominus
3037 1611 3049 1647 :
3086 1591 3422 1646 benedictio-

1848 1701 2051 1755 nesque
2100 1686 2216 1754 ipse
2266 1685 2590 1755 patriarchis
2643 1683 2993 1753 dispensavit.
3032 1682 3244 1753 Moyses
3291 1682 3420 1737 item

1847 1777 1959 1832 Deo
2005 1791 2163 1832 carus
2201 1786 2310 1830 tum
2358 1791 2607 1846 magnam
2661 1774 2808 1828 illam
2846 1773 3109 1829 visionem
3138 1773 3423 1843 conspexit

169 1833 355 1896 σωθεὶς
397 1833 508 1887 ἀπὸ
546 1835 654 1887 τῶν
679 1835 1002 1899 διωκόντων,
1033 1839 1315 1908 προφήτης
1358 1840 1439 1902 είς
1472 1840 1745 1908 Αἴγυπτον

1853 1883 1970 1925 cum
2016 1868 2255 1939 fugeret,
2291 1877 2344 1921 et
2385 1884 2413 1921 a
2448 1833 2915 1939 persequentibus
2946 1866 3234 1929 liberatus,
3293 1881 3422 1935 pro-

166 1926 523 1980 ἀπεστέλλετο
545 1967 561 1992 ,
595 1926 838 1991 διάκονός
862 1946 919 1981 τε
945 1929 1053 1982 τῶν
1079 1929 1345 1984 τοσούτων
1375 1933 1613 2003 σημείων
1651 1935 1745 1987 καὶ

164 2005 253 2073 τού
281 2020 448 2091 νόμου
474 2019 786 2090 γενόμενος,
823 2020 1171 2092 καθηγήσατο
1205 2022 1297 2076 τοῦ
1324 2023 1579 2077 τοσούτου
1615 2025 1744 2079 λαοῦ

164 2117 219 2168 ἂν
254 2117 319 2187 τῇ
342 2114 558 2187 ἐρήμῳ.
593 2114 704 2167 Καὶ
730 2115 758 2166 6
789 2114 886 2185 μὲν
907 2114 1070 2167 Δαὸὶδ
1095 2114 1421 2186 διωκόμενος
1451 2116 1742 2170 ἐδίδασκεν·

178 2205 567 2275 Ἐξηρεύξατο
610 2206 649 2274 ἠ
686 2205 899 2274 καρδία
945 2223 1064 2275 μου
1110 2208 1297 2277 λόγον
1331 2207 1588 2277 ἀγαθὸν,
1632 2210 1745 2271 καὶ,

178 2299 228 2351 '0
259 2298 404 2364 Θεὸς
433 2295 605 2367 ἡμῶν
627 2297 903 2367 ἐμφανῶς
932 2296 1093 2365 ἧξεν
1128 2301 1160 2352 ό
1190 2300 1332 2365 Θεὸς
1354 2300 1522 2369 ἡμῶν
1556 2302 1653 2355 καὶ
1675 2304 1747 2355 οὐ

164 2389 720 2461 παρασιωπήσεται.
758 2390 867 2443 Καὶ
903 2389 1099 2459 μᾶλλον
1131 2390 1189 2443 δὲ
1226 2392 1375 2461 ἴσχυε
1404 2392 1576 2461 λέγων
1602 2411 1617 2426 ⁸
1655 2395 1750 2448 Ἑν

168 2483 289 2550 τοῖς
335 2481 577 2552 ἐχθροῖς
619 2500 739 2551 μου
776 2480 1012 2534 ἐπεῖδεν
1041 2484 1073 2535 ὁ
1104 2483 1413 2552 ὀφθαλμός
1449 2502 1598 2553 μου’
1654 2488 1750 2539 καὶ⁹

164 2574 321 2630 πάλιν
350 2591 362 2604 ·
414 2573 551 2628 Ἐπί
590 2571 668 2638 τῷ
691 2572 811 2637 Θεῷ
846 2571 1098 2641 ἤλπισα,
1131 2576 1201 2627 οὐ
1241 2576 1653 2647 φοϐηθήσομαι
1693 2580 1751 2631 τί

163 2667 402 2734 ποιήσει
444 2684 550 2736 μοι
588 2665 915 2734 ἅνθρωπος.
968 2666 1189 2735 Φεύγων
1238 2685 1295 2720 τε
1328 2670 1422 2721 καὶ
1461 2671 1752 2742 ἀποδιδρά-

166 2778 309 2813 σκων
338 2758 448 2813 ἀπὸ
487 2758 781 2831 προσώπου
806 2758 977 2810 Σαοὺλ
1008 2758 1088 2822 εἰς
1119 2758 1179 2811 τὸ
1214 2760 1495 2831 σπήλαιον,
1536 2762 1745 2831 ἔλεγεν·

177 2851 635 2916 Ἐξαπέστειλεν
665 2848 731 2914 ἐξ
760 2850 1041 2919 οὐρανοῦ,
1084 2851 1179 2904 καὶ
1213 2852 1410 2905 ἔσωσέ
1452 2870 1529 2921 με
1551 2896 1566 2920 ,
1606 2855 1749 2907 ἐδω-

162 2960 272 2998 κεν
326 2946 413 3009 εὶς
447 2942 679 3008 ὄνειδος
732 2942 873 3009 τοὺς
940 2944 1431 3011 καταπατοῦντὰς
1474 2964 1567 3014 με.
1622 2947 1751 3012 Ἐξ-

159 3037 527 3091 απέστειλεν
564 3039 597 3090 ό
638 3036 782 3101 Θεὸς
804 3034 870 3089 τὸ
898 3035 1069 3101 ἕλεος
1098 3036 1285 3090 αὐτοῦ
1314 3037 1411 3089 καὶ
1452 3037 1567 3106 τὴν
1606 3039 1753 3106 άλή-

162 3131 329 3182 θειαν
350 3127 561 3193 αὑτοῦ,
596 3128 694 3182 καὶ
714 3128 1009 3196 ἐρρύσατο
1030 3127 1145 3196 τὴν
1177 3130 1389 3198 ψυχήν
1406 3149 1524 3199 μου
1551 3133 1618 3185 ἐκ
1648 3132 1753 3202 μὲ-

158 3236 279 3275 σου
311 3223 618 3291 σκύμνων.
652 3220 807 3274 Οὕτω
850 3220 907 3273 δὲ
946 3220 1139 3285 σωθεὶς
1166 3224 1285 3275 κατ’
1312 3223 1620 3294 οἰκονομίαν
1659 3226 1752 3278 καὶ

159 3312 346 3377 αὐτὸς,
395 3312 589 3382 γέγονε
626 3311 763 3383 μετά
782 3311 953 3366 ταῦτα
984 3312 1254 3383 βασιλεὺς,
1284 3315 1377 3367 καὶ
1403 3315 1499 3387 τὴν
1525 3318 1755 3386 ἐπαγγε-

158 3406 282 3460 λίαν
324 3406 485 3477 ἔσχεν
535 3407 601 3459 ὲκ
653 3405 967 3477 σπέρματος
1007 3405 1171 3460 αὑτοῦ
1214 3408 1302 3459 τὸν
1346 3407 1548 3479 Κύριον
1594 3408 1752 3481 ήμῶν

156 3499 461 3553 ἀνατεῖλαι.
506 3498 564 3551 Ὁ
587 3498 643 3551 δὲ
672 3498 845 3589 μέγας
880 3499 1064 3563 Ἠλίας
1092 3500 1390 3571 ἀναχωρῶν
1422 3503 1500 3565 είς
1530 3503 1591 3556 τὸ
1612 3505 1755 3575 Καρ⁴

161 3591 357 3661 μήλιον
389 3591 517 3661 ὅρος
549 3590 866 3644 ἐπεκαλεῖτο
889 3590 999 3661 (49)
1038 3591 1130 3644 τὸν
1153 3590 1283 3643 θεόν
1308 3608 1322 3622 ·
1369 3594 1463 3645 καὶ
1502 3594 1629 3657 τοὺς
1655 3596 1753 3666 μὲν

157 3683 262 3752 τῆς
292 3683 442 3736 Βάαλ
474 3684 764 3753 προφήτας
791 3683 1176 3754 τετρακοσίους
1218 3684 1377 3747 ὄντας
1406 3686 1498 3738 καὶ
1537 3686 1754 3751 πλείους

155 3774 374 3845 ἀθρόως
407 3773 700 3844 ἀπήλειψε,
729 3776 857 3838 τοὺς
884 3775 941 3829 δὲ
978 3776 1330 3846 πεμφθέντας
1363 3778 1448 3830 ἐπ’
1472 3780 1633 3833 αὐτὸν
1661 3780 1754 3833 δύο

157 3868 679 3940 πεντηκοντάρχους
734 3868 873 3939 μετὰ
911 3868 1019 3921 τῶν
1065 3869 1277 3931 ἑκατὸν,
1328 3870 1520 3940 λέγων,
1568 3876 1757 3927 Κατα-

156 3961 319 4027 ϐήτω
345 3962 469 4029 πῦρ
498 3961 599 4015 ἀπ’
636 3960 917 4028 οὐρανοῦ.
967 3963 1025 4013 ὲν
1064 3960 1239 4031 τούτῳ
1278 3962 1370 4014 καὶ
1405 3963 1612 4027 τούτοις
1666 3966 1757 4016 ἐπ-

156 4055 391 4126 ετίμησε
417 4094 433 4118 ,
480 4055 774 4125 τετήρηται
827 4054 884 4107 δὲ
919 4055 1012 4108 καὶ⁸
1042 4053 1203 4116 αὐτὸς
1226 4092 1240 4115 ,
1276 4052 1414 4107 ὥστε
1464 4054 1554 4107 τὸν
1588 4054 1757 4109 Ἑλισ-

157 4148 316 4201 σαῖον
348 4148 469 4201 ἀνθ’
505 4147 701 4200 ἑαυτοῦ
740 4150 949 4218 χρῖσαι,
994 4150 1090 4203 καὶ
1120 4148 1288 4212 τύπος
1314 4148 1394 4210 εἰς
1420 4147 1651 4218 ἄσκησιν
1674 4165 1758 4217 γε-

152 4239 351 4293 νέσθαι
384 4243 501 4303 τοῖς
533 4242 668 4303 υἱοῖς
695 4240 803 4292 τῶν
829 4242 1143 4311 προφητῶν.
1181 4240 1389 4303 Παῦλος
1427 4239 1483 4291 δὲ
1512 4240 1540 4291 6
1574 4239 1755 4309 μακά-

157 4350 283 4405 ριος
316 4333 584 4405 γράφωνο
621 4334 798 4399 Οἷους
843 4333 1135 4403 διωγμοὺς
1169 4332 1503 4403 ὑπήνεγκα,
1544 4333 1642 4385 καὶ
1688 4333 1756 4386 ἐκ

155 4427 410 4482 πάντων
444 4444 524 4496 με
547 4427 838 4495 ἐρρύσατο
869 4430 901 4481 ό
923 4428 1158 4495 Κύριος,
1192 4425 1291 4479 καὶ
1316 4427 1588 4493 ῥύσεται,
1625 4425 1759 4496 μᾶλ-

1845 1962 2006 2031 pheta
2053 1936 2106 2014 in
2151 1936 2712 2030 IEgyptummissus,
2762 1936 3141 2027 tanto’rumque
3176 1958 3425 2012 minister

1846 2053 2123 2122 signorum
2170 2051 2417 2117 eﬂ‘ectus,
2472 2051 2651 2122 populi
2708 2051 2923 2105 tandem
2976 2051 3027 2104 in
3085 2065 3268 2104 eremo
3315 2050 3424 2103 dux

1849 2144 1969 2200 fuit.
2013 2145 2078 2200 Et
2128 2144 2292 2199 David
2340 2160 2464 2199 cum
2508 2143 2944 2213 persecutionem
2982 2150 3260 2210 pateretur
3307 2143 3424 2198 haec

1849 2236 2033 2289 docuit
2064 2253 2078 2290 :
2112 2235 2386 2288 Eructavit
2418 2250 2509 2288 cor
2530 2250 2697 2288 meum
2731 2234 2943 2286 verbum
2969 2232 3161 2285 bonum
3192 2232 3236 2263 ⁶⁰
3290 2250 3305 2287 :
3347 2241 3421 2297 et,

1852 2328 1989 2382 Deus
2013 2337 2187 2382 noster
2220 2327 2381 2398 263
2410 2327 2687 2395 manifeste
2721 2326 2882 2379 veniet
2918 2341 2937 2378 :
2974 2324 3111 2379 Deus
3142 2337 3338 2389 noster,
3374 2334 3425 2378 et

1850 2435 1952 2473 non
1991 2413 2161 2474 sile'bit
2192 2420 2259 2472 “.
2303 2421 2415 2473 lmo
2445 2420 2617 2487 magis
2654 2418 2881 2472 invaluit
2924 2434 3045 2473 cum
3094 2419 3208 2473 hinc
3239 2417 3375 2472 dixit
3407 2434 3422 2472 :

1850 2511 2103 2565 Inimicos
2135 2528 2272 2566 meos
2296 2512 2527 2579 despexit
2562 2510 2744 2564 oculus
2778 2526 2923 2564 meus
2952 2512 2996 2542 ⁶²
3032 2524 3048 2563 :
3081 2520 3133 2563 et
3161 2526 3375 2565 rursum
3406 2528 3421 2565 :

1852 2602 1917 2657 In
1944 2602 2055 2657 Deo
2081 2604 2304 2671 speravi,
2336 2620 2438 2656 non
2462 2603 2650 2656 timebo
2674 2604 2798 2673 quid
2823 2603 2989 2671 faciat
3020 2602 3146 2654 mihi
3178 2602 3332 2656 homo
3354 2602 3424 2656 ⁸³.

1850 2693 1983 2748 Cum
2017 2702 2192 2747 autem
2230 2694 2459 2763 fugeret,
2492 2708 2520 2746 a
2546 2692 2791 2763 facieque
2819 2693 2996 2748 Sahlis
3024 2694 3077 2746 in
3108 2693 3428 2763 speluncam

1853 2785 2183 2851 declinaret,
2222 2786 2337 2840 hmc
2373 2786 2490 2839 ait:
2532 2787 2674 2839 Misit
2720 2787 2784 2840 de
2812 2786 2939 2840 coelo
2973 2796 3022 2840 et
3054 2786 3274 2840 saluauit
3322 2803 3426 2853 me,

1853 2878 1996 2931 dedit
2030 2878 2084 2931 in
2110 2879 2442 2946 opprobrium
2468 2880 2833 2932 conculcantes
2862 2896 2961 2932 me.
2998 2877 3142 2931 Misit
3170 2878 3309 2932 Deus
3334 2880 3431 2932 mi-

1853 2969 2192 3022 sericordiam
2227 2986 2376 3022 suam
2404 2979 2450 3023 et
2488 2970 2759 3022 veritatem
2790 2983 2963 3031 suam,
3001 2976 3048 3019 et
3077 2967 3267 3033 eripuit
3309 2966 3427 3018 auio

1855 3076 1992 3113 mam
2022 3076 2188 3112 meam
2216 3060 2277 3113 de
2300 3063 2471 3113 medio
2506 3059 2799 3113 catulorum
2830 3057 3035 3112 leonum
3064 3058 3129 3111 “.
3153 3058 3329 3126 Atque
3354 3057 3429 3112 ita

1856 3164 2103 3208 servatus
2135 3154 2247 3222 ipse
2277 3169 2373 3222 per
2401 3153 2492 3208 Dei
2520 3151 2915 3223 providentiam
2945 3151 2997 3205 in
3032 3165 3211 3220 regem
3243 3159 3429 3220 postea

1860 3244 1961 3299 fuit
1997 3254 2308 3314 cooptatus,
2355 3245 2787 3313 promissumque
2833 3242 2937 3296 fuit
2984 3241 3059 3295 illi
3091 3257 3166 3310 ,εχ
3217 3243 3431 3297 semine

1858 3337 1974 3405 ejus
2006 3337 2288 3394 Dominum
2330 3347 2578 3390 nostrum
2622 3336 2915 3389 oriturum.
2969 3333 3189 3404 Magnus
3242 3342 3428 3388 autem

1858 3427 2005 3483 Elias
2032 3430 2155 3484 dum
2189 3430 2255 3483 ad
2289 3427 2593 3483 Carmelum
2650 3436 2892 3481 montem
2926 3424 3228 3489 secederet,
3257 3422 3428 3478 Deum

1860 3520 2152 3577 invocavit.
2184 3522 2340 3591 Isque
2371 3521 2484 3589 ipse
2510 3518 2687 3573 Baalis
2718 3518 3007 3587 prophetas
3043 3531 3269 3571 numero
3298 3531 3430 3584 qua-

1859 3613 2197 3683 dringentos,
2236 3615 2343 3667 imo
2382 3612 2585 3681 plures,
2618 3626 2723 3663 una
2762 3608 2957 3663 delevit
2989 3626 3003 3661 :
3037 3608 3171 3662 duos
3200 3622 3330 3662 vero
3364 3607 3430 3661 ad

1857 3722 1915 3763 se
1954 3707 2157 3776 legatos
2187 3704 2679 3775 quinquagenarios
2709 3716 2829 3756 cum
2873 3710 3091 3756 centum
3117 3700 3269 3765 viris,
3316 3701 3431 3754 haec

1857 3799 2199 3869 proferendo,
2222 3798 2514 3852 Descendat
2536 3799 2671 3867 ignis
2695 3797 2757 3851 de
2773 3796 2899 3851 caelo
2925 3796 2994 3859 “,
3016 3796 3095 3851 sic
3116 3795 3235 3850 illos
3266 3794 3429 3861 ultus,

1860 3893 1973 3963 ipse
2015 3901 2261 3946 servatus
2292 3900 2413 3956 est,
2448 3900 2505 3945 ut
2542 3892 2660 3945 vice
2698 3890 2782 3944 sui
2820 3888 3073 3943 Elisaeum
3125 3888 3431 3959 inungeret,

1860 3998 2027 4053 seque
2056 3983 2168 4052 ipse
2189 3983 2238 4035 in
2259 3982 2563 4052 exemplum
2586 3981 2630 4012 ‘°
2660 3982 2728 4035 ad
2752 3980 2966 4035 virtutis
2983 3979 3433 4034 exercitationem

1861 4075 1984 4130 ﬁliis
2030 4074 2412 4144 prophetarum
2466 4074 2772 4128 exhiberet.
2816 4073 3015 4127 Beatus
3061 4087 3191 4127 vero
3232 4070 3433 4126 Paulus

1859 4181 1980 4219 cum
2014 4166 2125 4218 haec
2161 4166 2490 4233 scripsisset,
2542 4164 2735 4229 Quales
2768 4165 3154 4232 persecutiones
3183 4162 3433 4224 sustinui,

1857 4266 1907 4310 et
1936 4272 1999 4310 ea;
2029 4257 2273 4310 omnibus
2304 4258 2495 4323 eripuit
2527 4273 2606 4310 me
2638 4256 2917 4318 Dominus,
2945 4263 2995 4308 et
3025 4255 3213 4320 eripiet
3246 4254 3313 4317 ⁸⁷,
3341 4252 3431 4306 de-

1858 4349 1985 4403 hinc
2025 4349 2197 4418 magis
2226 4348 2473 4413 invaluit,
2496 4348 2610 4401 hth
2643 4348 2792 4401 aiens
2819 4364 2834 4401 :
2868 4346 2971 4402 Sed
2999 4348 3054 4400 in
3083 4346 3163 4399 his
3196 4345 3432 4397 omnibus

1859 4455 2216 4508 superamus:
2256 4439 2387 4492 nihil
2444 4440 2581 4492 enim
2630 4455 2723 4493 nos
2778 4437 3044 4505 separabit
3093 4453 3127 4489 α
3179 4434 3432 4488 charitate

150 4520 255 4573 λον
284 4522 444 4592 ἴσχυε
474 4520 648 4589 λέγων
669 4536 683 4549 ⁸
728 4520 880 4573 Ἀλλ’
909 4520 978 4573 ἐν
1019 4521 1251 4585 τούτοις
1292 4518 1484 4573 πᾶσιν
1519 4522 1749 4587 ὑπερνι-

1863 4529 2054 4584 Cliristi
2084 4529 2151 4585 “.
2195 4528 2346 4584 Tunc
2390 4530 2533 4583 enim
2584 4529 2841 4599 temporis
2890 4542 3059 4597 usque
3102 4528 3167 4581 ad
3214 4525 3431 4580 tertium

149 4612 385 4680 κῶμεν,
428 4611 611 4665 οὐδὲν
637 4611 745 4680 γὰρ
783 4610 935 4679 ἡμᾶς
960 4612 1200 4679 χωρίσει
1225 4608 1344 4665 ἀπὸ
1384 4608 1494 4678 τῆς
1526 4608 1749 4679 ἀγάπης

1861 4620 2056 4675 coelum
2097 4630 2303 4691 raptus,
2334 4629 2389 4674 et
2425 4621 2477 4673 in
2512 4620 2820 4690 paradisum
2853 4618 3083 4682 delatus,
3127 4616 3236 4671 illic
3281 4615 3432 4668 audi-

145 4703 272 4757 τοῦ
321 4703 622 4774 Χριστοῦ·
664 4705 786 4757 τότε
832 4703 940 4776 γὰρ
992 4704 1088 4757 καὶ
1134 4704 1238 4767 ἕως
1286 4703 1473 4771 τρίτου
1530 4701 1749 4772 οὺρανοῐ

1859 4713 1939 4766 vit
1975 4728 2174 4767 arcana
2209 4714 2371 4767 verba
2413 4728 2531 4781 quae
2569 4728 2672 4766 non
2724 4712 2849 4767 licet
2882 4710 3084 4765 homini
3132 4708 3300 4778 loqui.
3351 4707 3432 4762 ld-

140 4797 449 4869 ἡρπάσθη,
498 4799 592 4850 καὶ
646 4800 725 4863 εἰς
762 4798 853 4851 τὸν
890 4797 1216 4869 παράδεισον
1247 4795 1531 4866 ἀπηνέχθη
1554 4835 1567 4855 ,
1626 4794 1749 4847 ἔνθα

1860 4817 2030 4872 eoque
2061 4803 2149 4857 ille
2180 4814 2308 4858 tunc
2335 4815 2582 4859 servatus
2612 4813 2729 4871 est,
2762 4813 2821 4856 ut
2849 4804 2918 4856 ab
2959 4801 3311 4872 Jerosolymis
3345 4816 3433 4856 us-

142 4893 259 4943 καὶ
305 4893 541 4960 ἣκουσεν
572 4892 785 4962 ἄρρητα
818 4893 1072 4962 ῥήματα,
1114 4890 1150 4944 ἃ
1194 4889 1269 4962 μὴ
1318 4888 1437 4953 ἐξὸν
1480 4887 1749 4961 ἀνθρώπῳ

1858 4909 1961 4962 que
1983 4893 2049 4947 ad
2082 4893 2350 4965 Illyricum
2381 4894 2655 4965 Evangelii
2689 4895 3126 4964 praedicationem
3165 4894 3433 4963 impleret.

135 4983 421 5052 λαλῆσαι.
480 4984 580 5036 Διὰ
627 4983 785 5037 τοῦτο
835 4983 948 5055 (50)
986 4984 1106 5036 τότε
1146 4981 1508 5050 πεφύλακται,
1555 4979 1694 5034 ὥστε
1727 4984 1836 5037 ἀπὸ
1881 4986 2231 5058 Ἰερουσαλὴμ
2284 4986 2445 5057 μέχρι
2508 4984 2600 5039 τοῦ
2669 4986 2964 5057 Ἰλλυρικοῦ
3022 4985 3309 5059 πληρῶσαι
3373 4985 3433 5039 τὸ

134 5081 192 5133 Ε
201 5079 417 5147 ὐαγγέλ
424 5096 523 5132 ιον.

228 5175 323 5228 9.1.
364 5175 441 5228 Οὐ
496 5172 748 5245 μεμπτέα
798 5173 928 5247 ἄρα,
980 5173 1101 5226 οὐδὲ
1153 5173 1296 5245 ἀργή
1345 5171 1452 5224 τῶν
1510 5172 1746 5241 άγίωνή

1925 5172 2016 5225 21.
2046 5170 2393 5239 Nequaquam
2420 5167 2774 5240 vituperanda
2807 5166 2971 5236 igitur
2996 5171 3080 5219 est
3111 5173 3203 5216 aut
3227 5158 3430 5214 inutilis

127 5270 342 5339 φυγή·
392 5267 441 5319 εί
488 5267 597 5337 γάρ
652 5268 726 5337 μὴ
776 5267 1046 5333 ὲξὲκλινον
1091 5268 1217 5328 τοὺς
1264 5263 1579 5327 διώκοντας,
1633 5263 1749 5325 πῶς

1857 5272 2169 5318 sanctorum
2219 5261 2340 5331 fuga
2368 5280 2380 5316 :
2409 5277 2531 5317 nam
2569 5262 2612 5317 si
2648 5276 2677 5315 a
2714 5256 3149 5329 persecutoribus
3185 5266 3286 5305 non
3330 5249 3429 5303 de-

120 5360 373 5430 ὲγίνετο
402 5358 601 5430 1:6(51)
655 5360 719 5411 ὲκ
764 5358 1076 5430 σπέρματος
1120 5356 1284 5409 Δαὸὶδ
1331 5354 1608 5409 ἀνατεῖλαι
1656 5354 1748 5407 τὸν

1856 5353 2172 5420 clinassent,
2208 5356 2477 5424 quomodo
2521 5369 2590 5411 ex
2632 5353 2837 5409 semine
2878 5346 3045 5405 David
3092 5356 3241 5400 ortus
3286 5348 3432 5397 esset

232 5519 281 5551 "
320 5518 520 5574 Cenes.
549 5534 700 5579 xxxv.
733 5526 787 5571 et
810 5533 984 5571 xxx".
1062 5519 1108 5551 ⁸ο
1138 5516 1281 5571 Psal.
1316 5531 1466 5579 κων,
1492 5515 1544 5569 1.
1616 5514 1658 5545 ⁶¹
1684 5512 1749 5568 Ps

1854 5526 2003 5576 xm,
2024 5509 2077 5563 5.
2153 5511 2197 5542 θ’
2227 5508 2368 5563 Psal.
2399 5508 2637 5579 sculi:
2706 5506 2751 5537 “
2780 5504 2921 5563 Psal.
2952 5502 3136 5573 mg“,
3208 5498 3253 5531 “
3278 5496 3427 5555 Psal.

111 5606 273 5653 ινι,
297 5588 426 5655 4,5.
502 5589 548 5619 ⁸⁵
585 5578 649 5642 IV
679 5588 806 5658 Reg.
837 5604 874 5654 ι,
906 5590 992 5643 10.
1069 5590 1116 5621 ⁸⁸
1134 5588 1240 5643 Tit.
1279 5603 1338 5654 ιι,
1367 5588 1419 5640 7.
1456 5577 1461 5579 6
1498 5582 1608 5637 "Il
1634 5585 1749 5640 Cor.

1867 5582 1955 5637 10.
2030 5581 2077 5612 ⁸⁸
2108 5581 2265 5635 Rom.
2297 5594 2415 5643 vm,
2455 5577 2545 5639 55,
2572 5578 2660 5630 37.

1930 5696 2024 5768 (50
2082 5694 2312 5765 Anglic.,
2352 5691 2438 5743 διὰ
2472 5689 2627 5741 τοῦτο
2662 5690 2774 5749 καί,

1930 5696 2045 5835 (sti
2075 5765 2147 5817 Τό
2178 5768 2331 5820 deest
2360 5762 2411 5816 in
2438 5760 2647 5829 Anglic.

233 5706 349 5775 (49)
384 5702 1143 5775 Βοκεῑᾼιιβιηᾲὲπεκαλεῖτο.
1178 5703 1341 5771 Edili,
1366 5700 1747 5773 παρεκαλεῖτο.

1930 5700 2045 5775 (.59)
2075 5700 2323 5775 έρειίοη,

2075 5765 2147 5817 Τό
2170 5760 2331 5820 Περει
2360 5762 2411 5816 in
2438 5760 2647 5829 Anglic.

116 5768 309 5839 Infra
332 5768 585 5835 Ἀιικὶίε..
612 5768 711 5824 ὑπ”
740 5773 926 5827 αὐτόν.
1327 5768 1334 5771 ’
1448 5768 1459 5773 ⁷

1927 5768 2012 5836 (51
