3980 6494
584 372 683 432 671

1151 372 1210 429 S.
1249 371 1624 429 ATHANASII
1662 369 1817 428 OPP.
1850 368 2033 424 PARS
2073 367 2115 422 1.
2158 399 2226 408 -
2259 361 2630 422 HISTORICA
2668 361 2757 417 ET
2796 360 3239 418 DOGMATICA.‘
3729 361 3822 417 679.

590 497 878 553 Dominus?
909 501 1002 549 aut
1028 493 1249 564 quinam
1282 495 1675 563 praedicasseut
1708 494 1931 548 verbum
1958 491 2158 545 verita-

2266 485 2492 553 Κύριονς
2544 484 2577 556 ἦ
2627 483 2771 546 τίνες
2806 481 3029 552 ἔμελλον
3063 477 3510 548 εὐαγγελίζεσθαι
3547 478 3643 530 τὸν
3682 478 3824 545 λόγον

586 592 689 645 tis?
726 592 1108 644 Persecutores
1157 589 1363 658 quippe
1395 603 1459 642 ea
1489 588 1554 641 de
1594 601 1755 641 causa
1795 596 2013 640 sanctos
2040 599 2159 655 per-

586 682 893 748 quirebant,
917 688 975 732 ut
999 679 1175 732 nullus
1202 686 1509 747 superesset
1536 676 1725 729 doctor
1750 673 2015 728 veritatis.
2042 687 2161 743 pm-

536 805 538 808 ›
586 780 645 823 ιιι
674 768 845 824 Judzei
880 768 1133 839 apostolis
1160 782 1463 838 prmcepere
1491 786 1503 820 :
1534 766 1623 833 qui
1668 776 1846 820 tamen
1882 764 2015 819 nihil
2051 780 2160 819 non

585 864 873 933 pertulere,
906 872 963 915 ut
998 862 1348 931 Evangelium
1382 860 1786 929 prmdicaretur.
1820 858 1909 913 Nae
1933 858 2008 912 illi
2034 858 2159 913 dum

588 952 662 1006 ita
704 953 1061 1014 decertarent,
1097 961 1307 1019 tempus
1338 949 1476 1017 fugae
1509 964 1621 1003 sua:
1662 948 1801 1002 haud
1843 949 1957 1003 sine
1987 947 2159 1003 fructu

589 1038 1003 1106 impendebant:
1034 1054 1133 1093 nec
1182 1039 1233 1091 in
1280 1038 1653 1106 persecutione
1699 1037 1890 1093 alienae
1915 1038 2161 1093 utilitatis

586 1129 761 1193 obliti,
803 1130 910 1184 imo
959 1130 1083 1183 boni
1126 1129 1278 1183 verbi
1322 1129 1554 1183 ministri
1608 1143 1729 1183 cum
1770 1139 1985 1195 essent,
2040 1143 2159 1183 eam

588 1221 838 1275 omnibus
872 1222 1148 1289 impertire
1201 1238 1304 1275 non
1342 1222 1652 1275 abnuebant
1682 1240 1695 1276 :
1731 1222 1784 1276 in
1815 1221 1927 1291 ipsa
1963 1221 2160 1291 quippe

587 1311 713 1383 fuga
761 1328 857 1366 sua
904 1313 1253 1383 Evangelium
1296 1315 1709 1368 annuntiabant.
1742 1315 1986 1385 Cumque
2019 1315 2161 1369 futu-

587 1418 679 1459 ros
727 1404 1097 1459 insidiatorum
1148 1405 1298 1460 dolos
1338 1408 1713 1475 praedicerent,
1751 1408 1934 1463 ﬁdeles
1968 1406 2161 1461 nihilo-

587 1499 766 1552 minus
818 1498 1284 1553 adhortationibus
1329 1500 1443 1553 suis
1491 1499 1907 1555 coniirmahant.
1962 1498 2159 1554 Beatus

588 1587 770 1657 itaque
806 1587 1005 1644 Paulus
1049 1590 1101 1643 id
1146 1591 1513 1659 experimento
1554 1606 1676 1646 cum
1721 1590 2014 1655 didicisset,
2058 1591 2159 1646 hoc

590 1680 970 1749 praenuntiavit
996 1698 1009 1733 :
1037 1679 1299 1750 Quotquot
1333 1682 1511 1735 volunt
1551 1681 1632 1752 pie
1656 1685 1819 1736 vivere
1847 1683 1901 1735 in
1925 1681 2156 1746 Christo,

588 1773 993 1838 persecutionem
1042 1774 1361 1840 patientur”
1386 1792 1398 1827 :
1424 1774 1715 1842 statimque
1748 1790 1841 1828 eos
1883 1776 1973 1844 qui
2008 1772 2160 1842 fuge—

591 1870 710 1916 rent
740 1862 1026 1928 allocutus,
1065 1864 1147 1956 his
1182 1866 1360 1920 verbis
1390 1866 1686 1920 incitabat:
1717 1866 1822 1919 Per
1852 1866 2161 1933 patientiam

588 1970 862 2006 curramus
910 1956 1234 2023 propositum
1292 1958 1436 2010 nobis
1490 1968 1751 2010 certamen
1777 1956 1842 2010 ⁷ο.
1909 1956 2164 2023 Quamvis

588 2046 731 2099 enim
754 2045 981 2100 assidua:
1014 2047 1124 2100 sint
1152 2048 1547 2113 tribulationes,
1579 2057 1635 2101 at
1665 2047 1935 2101 tribulatio
1962 2049 2165 2112 patien-

589 2147 717 2189 tiam
758 2146 1023 2206 operatur,
1062 2138 1317 2206 patientia
1350 2147 1525 2191 autem
1554 2138 1935 2204 probationem,
1976 2137 2164 2205 proba-

589 2230 660 2282 tio
688 2245 802 2283 vero
829 2247 991 2296 spem,
1023 2248 1137 2301 spes
1174 2242 1344 2285 autem
1380 2248 1484 2285 non
1514 2231 1869 2299 confundit“.
1896 2230 2164 2298 Propheta

590 2322 716 2377 item
749 2321 914 2377 Isaias
940 2338 1061 2377 cum
1092 2322 1354 2391 ejusmodi
1386 2324 1723 2378 calamitates
1774 2332 2162 2391 exspectaren-

593 2421 698 2476 tur,
740 2412 822 2466 his
850 2411 1031 2465 verbis
1060 2412 1167 2465 alta
1206 2427 1337 2466 voce
1366 2414 1613 2466 hortatus
1653 2418 1736 2466 est
1762 2430 1775 2465 :
1811 2409 1973 2473 Vade,
1999 2429 2163 2479 popu-

591 2502 672 2555 lus
710 2518 875 2567 meus,
902 2502 1042 2554 intra
1069 2503 1123 2554 in
1152 2502 1392 2555 cubicula
1416 2512 1530 2565 tua,
1558 2501 1746 2555 claude
1773 2504 1966 2556 ostium
1993 2511 2167 2568 tuum,

592 2594 907 2647 abscondere
938 2593 1196 2646 modicum
1228 2594 1296 2645 ad
1327 2592 1852 2655 momentum,elonec
1893 2603 2165 2657 pertrans-

591 2692 672 2736 eat
701 2683 989 2750 indignatio
1006 2684 1072 2737 ⁷².
1096 2682 1451 2737 Ecclesiastes
1476 2698 1603 2736 vero
1623 2697 1725 2738 non
1745 2683 1963 2752 ignarus
1981 2699 2166 2739 earum

593 2791 712 2844 qua:
768 2778 1023 2828 adversus
1081 2775 1196 2843 pios
1265 2775 1405 2829 tendi
1459 2775 1633 2829 solent
1683 2774 2020 2839 insidiarum,
2074 2776 2168 2846 qui

594 2863 710 2917 hanc
750 2864 825 2916 ait
872 2876 888 2915 :
937 2861 995 2917 Si
1054 2861 1244 2916 videris
1290 2863 1610 2915 calumniam
1663 2865 1929 2931 pauperis,
1985 2872 2033 2917 et
2084 2864 2169 2917 di-

592 2955 875 3021 reptionem
944 2954 1139 3021 judicii
1188 2965 1233 3008 et
1289 2954 1514 3021 justitiaz
1573 2955 1627 3008 in
1696 2956 1991 3024 provincia,
2067 2973 2169 3009 non

592 3048 794 3099 mireris
843 3062 997 3114 super
1047 3048 1143 3099 hoc
1188 3046 1583 3115 negotio:quia
1641 3046 1844 3100 excelso
1907 3048 2163 3101 excelsior

592 3146 667 3190 est
697 3136 765 3191 ad
799 3139 1196 3199 observandum,
1227 3148 1271 3190 et
1302 3137 1410 3190 illis
1428 3153 1631 3207 quoque
1661 3136 1755 3191 alii
1784 3139 2164 3203 eminentiores,
2193 3178 2234 3234 ε

593 3240 639 3283 et
686 3230 1013 3283 abundantia
1062 3229 1316 3294 terrm”;
1368 3239 1574 3298 patrem
1628 3229 1817 3283 habuit
1859 3229 2023 3283 David
2073 3231 2163 3299 qui

595 3322 1029 3391 persecutionum
1074 3336 1344 3375 (erumnas
1382 3321 1756 3390 experimento
1800 3322 2086 3383 didicerat,
2114 3329 2168 3375 et

595 3414 686 3483 qui
735 3412 959 3468 amictos
997 3414 1079 3467 his
1136 3413 1313 3467 verbis
1359 3412 1629 3466 conlortat
1671 3431 1683 3465 :
1731 3410 1968 3467 Viriliter
2007 3414 2163 3482 agite,

594 3516 639 3558 et
689 3506 1015 3574 confortetur
1052 3521 1143 3558 cor
1182 3515 1451 3571 uestrum,
1499 3522 1677 3559 omnes
1710 3507 1800 3576 qui
1846 3507 2067 3574 speratis
2112 3507 2168 3559 in

596 3596 822 3649 Domino
850 3598 918 3653 “.
951 3597 1086 3650 Nam
1122 3612 1214 3651 eos
1230 3598 1322 3666 qui
1345 3598 1468 3651 talia
1493 3598 1791 3666 patiuntur,
1842 3614 1949 3653 non
1987 3599 2166 3660 homo,

594 3688 688 3741 sed
753 3688 867 3755 ipse
933 3687 1227 3751 Dominus,
1304 3688 1497 3757 inquit,
1567 3688 1836 3756 adjunabit
1895 3700 1941 3742 et
2008 3688 2171 3760 284

596 3778 837 3831 liberabit
880 3794 986 3840 eos,
1041 3780 1166 3843 quia
1204 3788 1537 3847 speraverant
1584 3781 1639 3832 in
1689 3795 1805 3833 eum
1840 3781 1905 3832 ⁷⁵.
1960 3778 2168 3834 Etenim

598 3879 652 3921 et
685 3882 786 3935 ego
828 3878 1134 3936 exspectans
1173 3870 1466 3936 exspectavi
1504 3868 1810 3932 Dominum,
1848 3877 1895 3921 et
1946 3869 2169 3921 intendit

597 3958 773 4011 milii:
802 3967 852 4013 et
894 3960 1159 4013 exaudiuit
1209 3961 1622 4028 deprecationem
1672 3975 1863 4022 meam,
1903 3973 1949 4012 et
1988 3961 2169 4013 eduxit

598 4067 679 4106 me
726 4052 791 4105 de
833 4051 953 4106 lacu
995 4052 1201 4121 inﬁmo,
1251 4061 1302 4106 et
1352 4052 1415 4106 de
1452 4050 1563 4104 luto
1592 4050 1822 4118 famis".
1856 4049 2012 4106 Utilis
2042 4067 2171 4123 ergo

598 4145 807 4214 populis
835 4160 936 4201 nec
970 4144 1307 4199 infructuosa
1337 4152 1649 4199 sanctorum
1693 4142 1815 4214 fuga
1846 4146 2170 4213 comprobat--

600 4242 715 4300 tur,
755 4235 964 4291 etiamsi
993 4249 1149 4291 secus
1174 4234 1391 4289 Arianis
1420 4234 1686 4289 videatur.

666 4325 755 4380 22.
788 4327 878 4381 Sic
899 4326 1060 4396 igitur
1082 4325 1276 4392 sancti,
1297 4332 1356 4379 ut
1381 4324 1582 4380 dictum
1613 4332 1715 4389 est,
1749 4340 1873 4379 eum
1899 4324 2167 4394 fugerent,

598 4419 828 4472 maxima
866 4417 1199 4487 providentia
1235 4424 1292 4472 et
1330 4430 1481 4481 cura,
1516 4417 1671 4485 quasi
1721 4414 1913 4469 medici
1958 4415 2009 4468 in
2043 4431 2170 4469 usus

2256 578 2358 646 τῆς
2395 576 2686 647 ἀληθείαςς
2732 575 2841 629 Καὶ
2886 575 2995 645 γὰρ
3027 574 3123 628 καὶ
3162 575 3212 626 οἱ
3243 572 3531 634 διώκοντες
3565 570 3655 623 διά
3686 571 3825 623 τοῦτο

2261 669 2485 740 ἐζήτουν
2518 669 2644 731 τοὺς
2677 668 2884 735 ἁγίους,
2919 667 3008 720 ἴνα
3044 665 3117 735 μὴ
3246 666 3275 716 ὁ
3305 663 3577 717 διδάσκων
3606 663 3758 714 ὁποῖα
3783 664 3823 715 ol

2273 761 2512 813 Ἰουδαῖοι
2564 758 2937 830 παρήγγειλαν
2985 760 3095 821 τοῖς
3144 755 3465 816 ἀποστόλοις
3498 768 3511 785 ·
3571 750 3707 805 ἀλλά
3749 750 3823 804 διὰ

2260 854 2418 907 τοῦτο
2460 854 2637 907 πάντα
2684 852 2973 921 ὑπέμενον,
3012 850 3098 902 ἴνα
3122 848 3183 901 τὸ
3210 846 3545 915 Εὑαγγέλιον
3572 842 3819 915 κηρυχθῇ.

2261 947 2394 1000 Ἰδοὺ
2414 945 2544 1015 γοῦν
2562 945 2671 1014 (52)
2693 945 2785 997 καὶ
2798 943 2970 1007 οὕτως
2985 939 3370 1012 ἀγωνιζόμενοι
3384 940 3486 992 οὐκ
3498 937 3669 1009 ἀργὸν
3697 932 3823 1005 εἶχον

2260 1038 2350 1091 τὸν
2376 1038 2473 1107 τῆς
2497 1038 2671 1107 φυγῆς
2696 1035 2906 1106 καιρὸν,
2924 1034 3045 1087 οὐδὲ
3074 1033 3391 1104 διωκόμενοι
3420 1028 3825 1083 ἐπελανθάνοντο

2260 1128 2359 1198 τῆς
2386 1128 2584 1199 ἐτέρων
2616 1126 2899 1196 ὠφελείας,
2935 1124 3138 1193 ἀγαθοῦ
3171 1125 3227 1177 δὲ
3256 1124 3414 1192 λόγου
3444 1122 3685 1175 διάκονοι
3709 1137 3824 1189 τυγ-

2261 1221 2511 1291 χάνοντες
2550 1219 2649 1271 οὐκ
2684 1218 2938 1286 ἐφθόνουν
2971 1217 3094 1270 οὐδὲ
3124 1215 3331 1286 ταύτης
3354 1216 3465 1286 (55)
3502 1213 3824 1285 μεταδιδόναι

2262 1317 2371 1376 τοῖς
2404 1314 2597 1366 πᾶσιψ
2634 1312 2768 1366 ἀλλά
2798 1311 2891 1364 καὶ
2922 1310 3233 1379 φεύγοντες,
3262 1308 3322 1361 τὸ
3351 1306 3689 1375 Εὐαγγέλιον
3717 1305 3827 1375 ἐκή-

2264 1424 2472 1479 ρυττον,
2508 1407 2602 1459 καὶ
2631 1403 2933 1476 προύλεγον
2972 1401 3070 1473 μὲν
3114 1400 3220 1455 τῶν
3254 1397 3719 1452 ὲπιὸουλευόντων
3742 1396 3827 1457 τὰς

2261 1496 2612 1567 πανουργίας,
2635 1491 2994 1563 ἠσφαλίζοντο
3019 1491 3075 1543 δὲ
3096 1490 3223 1554 τοὺς
3244 1489 3472 1551 πιστοὺς
3500 1490 3623 1550 ταῖς
3656 1502 3829 1557 παραι-

2260 1590 2488 1643 νέσεσιν.
2534 1590 2589 1641 Ὀ
2624 1587 2721 1657 μὲν
2752 1581 2844 1638 οὖν
2878 1583 3141 1655 μακάριος
3171 1579 3402 1644 Παῦλος,
3432 1580 3606 1650 πείρα
3638 1576 3825 1649 μαθὼν,

2262 1681 2525 1753 προύλεγε
2560 1679 2656 1750 μέν
2689 1678 2799 1748 (51)
2819 1693 2833 1707 ’
2871 1678 3042 1729 Ὅσοι
3075 1674 3321 1729 θέλουσι
3352 1672 3461 1740 ζῇν
3488 1669 3827 1735 εὐσεθίὒςὲ»⁹

2262 1770 2509 1840 Χριστῷ,
2538 1770 2997 1839 διωχθήσονται·
3025 1765 3281 1838 ὲπήλειφε
3303 1766 3359 1817 δὲ
3384 1763 3552 1826 εὐθὺς
3575 1763 3701 1826 τοὺς
3719 1760 3825 1830 φεύ-

2262 1880 2458 1932 γοντας
2482 1862 2648 1915 εἰπών
2665 1880 2677 1891 ·
2701 1862 2777 1913 Δι’
2800 1857 3107 1929 ὑπομονῆς
3130 1856 3416 1926 τρέχομεν
3433 1854 3545 1925 (55)
3575 1853 3686 1908 τὸν
3713 1868 3827 1921 προ-

2264 1955 2541 2023 κείμενον
2576 1952 2719 2022 ἡμῖν
2748 1950 2968 2021 ἀγῶνα.
2994 1950 3109 2003 Κᾶν
3134 1949 3242 2019 γὰρ
3272 1948 3328 2001 αἱ
3355 1946 3568 2015 θλίψεις
3590 1939 3692 1998 ὦσι
3721 1962 3823 1997 συν-

2264 2050 2428 2118 εχεῖς,
2468 2046 2580 2099 ἀλλ’
2622 2046 2660 2114 ὴ
2712 2028 2918 2112 θλίψις
2960 2041 3279 2110 ὑπομονὴν
3337 2036 3763 2107 κατεργάζεται,
3789 2037 3822 2103 ἡ

2264 2139 2332 2193 δὲ
2368 2137 2638 2209 ὑπομονὴ
2678 2136 2965 2206 δοκιμὴν,
2999 2135 3038 2201 ἡ
3087 2134 3155 2185 δὲ
3192 2130 3407 2200 δοκιμὴ
3443 2128 3687 2191 ἐλπίδα,
3709 2128 3743 2194 ἠ
3769 2127 3825 2180 δὲ

2264 2232 2525 2297 ἐλπὶςοὺ
2554 2230 2942 2297 καταισχύνει
2968 2227 3101 2297 (56).
3120 2225 3177 2278 Ὁ
3200 2224 3256 2277 δὲ
3280 2224 3573 2295 προφήτης
3602 2221 3822 2283 Ἡσαΐας,

2267 2323 2718 2396 προσδοκωμένης
2784 2320 3041 2389 τοιαύτης
3091 2316 3507 2389 περιστάσεως,
3575 2312 3823 2383 ὑπανεμί-

2269 2434 2476 2488 μνησκε
2505 2416 2598 2469 καὶ
2625 2414 2771 2467 ὲὸόα·
2795 2412 3018 2475 Βάδιζε,
3056 2412 3203 2475 λαός
3225 2426 3365 2478 μου,
3394 2408 3636 2461 εἴσελθε
3666 2408 3749 2469 εὶς
3766 2402 3825 2457 τὰ

2266 2506 2495 2578 ταμιεῖά
2521 2522 2658 2571 σου,
2683 2506 3052 2559 ἀπόκλεισον
3074 2500 3189 2572 τὴν
3216 2503 3403 2570 θύραν
3418 2515 3556 2563 σου,
3579 2496 3824 2565 ἀποκρύ-

2267 2586 2401 2669 ϐηθι
2422 2599 2638 2668 μικρὸν
2665 2597 2815 2651 ὅσον
2842 2596 3011 2659 ὅσον,
3036 2594 3147 2661 ἕως
3184 2594 3260 2649 ἂν
3302 2591 3570 2661 παρέλθῃ
3600 2590 3635 2657 ἠ
3666 2586 3822 2656 ὀργή.

2279 2692 2337 2745 '0
2362 2692 2417 2745 δὲ
2455 2688 2881 2761 Ἐκκλησιαστὴς
2925 2687 3078 2750 εἰδὼς
3120 2686 3219 2749 τὰς
3246 2684 3389 2737 κατά
3431 2682 3541 2735 τῶν
3580 2677 3827 2733 θεοσεϐὦν

2268 2779 2591 2843 ἐπιϐουλὰς,
2638 2779 2731 2832 καὶ
2784 2778 2987 2847 λέγων·
3028 2777 3159 2830 Ἐὰν
3212 2774 3631 2843 συκοφαντίαν
3664 2768 3829 2836 πένη-

2266 2890 2388 2938 τος,
2426 2872 2524 2926 καὶ
2566 2870 2845 2940 ἁρπαγὴν
2869 2871 3147 2938 κρίματος
3174 2868 3269 2921 καὶ
3298 2866 3687 2930 δικαιοσύνης
3710 2862 3829 2928 ἴδῃς

2267 2961 2337 3014 ἐν
2368 2960 2443 3029 τῇ
2484 2960 2659 3031 χώρᾳ,
2701 2961 2787 3030 μὴ
2828 2958 3142 3029 θαυμάσῃς
3189 2958 3259 3011 ἐν
3301 2956 3383 3022 τῷ
3408 2956 3718 3025 πράγματι,
3751 2953 3829 3006 ὅτι

2268 3053 2508 3123 ὑψηλὸς
2537 3053 2735 3107 ἐπάνω
2767 3051 3010 3121 ὑψηλοῦ
3044 3049 3330 3120 φυλάξαι,
3362 3050 3463 3102 καὶ
3498 3047 3717 3117 ὑψηλοὶ
3745 3043 3827 3099 ἐπ’

2268 3145 2476 3214 αὐτῆς,
2497 3146 2594 3199 καὶ
2614 3145 2931 3213 περισσεία
2948 3142 3084 3213 γῆς·
3116 3138 3227 3212 εἶχε
3256 3142 3347 3193 τὸν
3365 3141 3478 3210 (57)
3497 3140 3699 3211 πατέρα
3717 3140 3830 3190 ἐαυ-

2267 3235 2360 3289 τοῦ
2393 3236 2483 3289 τὸν
2510 3235 2690 3299 Δαϐὶδ,
2728 3234 2892 3306 πείρᾳ.
2923 3234 3017 3286 καὶ¹
3053 3234 3215 3286 αὐτὸν
3260 3231 3505 3303 μαθόντα
3544 3232 3612 3283 τὰ
3640 3232 3693 3282 ὲν
3727 3230 3831 3290 τοῖς

2265 3328 2542 3398 διωγμοῖς,
2582 3330 2676 3380 καὶ
2721 3325 3148 3396 ἀσφαλιζόμενον
3175 3323 3305 3387 τοὺς
3337 3324 3646 3394 πάσχοντας
3670 3322 3723 3373 ἐν
3757 3319 3828 3388 τῷ

2266 3417 2469 3486 λέγειν·
2520 3416 2901 3484 Ἀνδρίζεσθε,
2956 3414 3052 3468 καὶ
3108 3416 3523 3483 reparaonan
3570 3416 3606 3481 ἡ
3636 3411 3831 3480 καρδία

2266 3509 2452 3578 ὑμῶν,
2492 3508 2711 3573 πάντες
2746 3511 2797 3561 ol
2827 3506 3165 3573 ἐλπίζοντες
3197 3506 3295 3560 ἐπὶ
3324 3507 3577 3574 Κύριον’
3606 3508 3708 3566 τοῖς
3726 3502 3827 3572 γάρ

2267 3598 2438 3661 οὕτως
2462 3598 2819 3668 ὑπομένουσιν
2844 3596 2944 3649 οὐκ
2970 3595 3273 3666 ἅνθρωπος,
3310 3595 3426 3648 ἀλλ’
3464 3595 3642 3657 αὐτὸς,
3682 3591 3823 3660 φησι,

2268 3692 2479 3758 Κύριος
2517 3689 2833 3757 βοηθήσει,
2873 3688 2972 3743 καὶ
3021 3690 3269 3755 ῥύσεται
3322 3687 3568 3752 αὐτοὺς,
3602 3685 3683 3739 ὅτι
3720 3681 3823 3753 (58)

2267 3781 2541 3850 ἤλπισαν
2561 3781 2652 3833 ἐπ’
2676 3780 2881 3833 αὐτόν.
2909 3779 3015 3832 Kal
3047 3779 3157 3848 γὰρ
3186 3777 3350 3847 κάγὼ
3382 3776 3689 3847 ὑπομένων
3714 3774 3825 3830 ὐπ-

2268 3872 2470 3942 ἐμεινα
2514 3871 2619 3924 τὸν
2653 3872 2892 3939 Κύριον,
2930 3872 3025 3925 καὶ
3069 3870 3375 3940 προσέσχε
3420 3888 3544 3940 μοι,
3588 3869 3677 3922 καὶ
3710 3870 3826 3921 εισ-

2268 3964 2498 4033 ήκουσε
2527 3962 2635 4030 τῆς
2666 3961 2929 4028 δεήσεώς
2948 3981 3088 4033 μου,
3122 3964 3219 4015 καὶ
3239 3961 3505 4031 ἀνήγαγέ
3520 3978 3595 4030 με
3614 3962 3675 4013 ἐκ
3692 3958 3827 4012 λάκ-

2270 4076 2381 4112 κου
2419 4057 2758 4110 κατωτάτου
2807 4056 2904 4110 καὶ
2949 4057 3067 4111 ἀπὸ
3089 4056 3288 4123 πηλοῦ
3343 4057 3529 4121 ἰλύος.
3566 4052 3824 4121 Ὠφέλιμος

2270 4148 2375 4219 ἄρα
2412 4150 2521 4211 τοῖς
2552 4148 2697 4211 λαοῖς
2732 4150 2825 4203 καὶ
2864 4149 2964 4201 οὐκ
3004 4148 3253 4219 ἄκαρπος
3285 4147 3317 4216 ἡ
3354 4146 3501 4217 φυγὴ
3540 4144 3639 4198 τῶν
3667 4142 3823 4210 ἁγίων

2269 4240 2558 4301 δείκνυται,
2591 4241 2692 4293 κᾶν
2717 4243 2830 4304 τοῖς
2870 4242 3165 4310 Ἀρειανοῖς
3198 4239 3271 4308 μὴ
3303 4238 3459 4308 δοκῇ.

2338 4331 2427 4384 22.
2464 4330 2617 4384 Οὕτω
2648 4332 2744 4401 μὲν
2781 4326 2874 4384 οὖν
2904 4333 2949 4383 ol
2984 4334 3149 4399 ἆγιοι,
3176 4330 3428 4400 καθάπερ
3453 4328 3675 4399 εἴρηται,
3702 4321 3825 4389 φεύ·

2270 4440 2474 4490 γοντες,
2535 4423 2675 4476 κατά
2722 4422 2971 4495 περιττὸν
3019 4423 3113 4475 καὶ
3156 4421 3223 4474 δι’
3272 4419 3582 4489 οἰκονομίαν
3618 4414 3827 4484 ἐφυλάτ-

599 4508 947 4579 indigentinm
974 4509 1346 4563 servabantur.
1363 4508 1498 4562 Aliis
1520 4518 1699 4563 autem
1733 4515 1788 4561 et
1816 4506 1971 4576 plane
1996 4506 2166 4560 omni-

2273 4530 2444 4579 τοντο,
2460 4512 2645 4584 ὥσπερ
2667 4515 2837 4585 ἰατροὶ
2852 4513 2957 4565 τῶν
2981 4512 3249 4583 δεομένων
3270 4512 3450 4582 χάριν.
3470 4512 3589 4574 Τοῖς
3603 4510 3643 4561 δ’
3659 4506 3825 4565 ἄλλοις

598 4601 697 4656 bus
729 4601 883 4657 nobis
918 4602 1223 4657 hominibus
1254 4603 1367 4657 [nec
1406 4602 1579 4672 posita
1629 4601 1715 4656 lex
1753 4609 1868 4665 est,
1904 4608 1961 4652 ut
1993 4598 2166 4668 fugia-

599 4709 718 4749 mus
751 4704 1149 4764 persecutores,
1176 4710 1382 4765 nosque
1413 4694 1746 4751 occultemus
1787 4693 1911 4746 dum
1943 4690 2168 4758 inquiri-

600 4801 740 4851 mur,
794 4802 968 4857 neque
1022 4788 1094 4841 ita
1136 4788 1443 4857 praecipites
1466 4800 1522 4841 et
1559 4785 1831 4841 temerarii
1881 4786 2071 4848 simus,
2114 4790 2166 4837 ut

603 4890 867 4933 tentemus
919 4881 1200 4935 Dominum
1234 4880 1370 4935 :sed
1423 4886 1836 4946 exspectemus,
1899 4885 1956 4929 ut
2005 4889 2166 4944 supra

599 4970 732 5034 dixi,
768 4971 938 5025 donec
965 4972 1244 5025 deﬁnitum
1283 4971 1473 5026 mortis
1507 4980 1717 5039 tempus
1748 4972 2002 5025 adveniat
2031 4988 2044 5023 :
2076 4978 2167 5021 aut

594 5064 757 5136 judex
792 5062 905 5131 ipse
950 5063 1001 5116 id
1035 5063 1101 5116 de
1148 5062 1252 5117 illis
1297 5070 1499 5117 statuat
1533 5063 1670 5133 quod
1709 5063 1809 5117 sibi
1842 5062 2012 5116 visum
2045 5059 2163 5113 iue-

670 5271 714 5301 ⁶⁹
747 5264 788 5317 ll
818 5264 959 5319 Tim.
996 5278 1079 5326 ιιι,
1118 5263 1204 5316 12.
1278 5263 1326 5294 ⁷ο
1354 5261 1486 5318 Heb.
1528 5280 1627 5326 xu,
1658 5264 1711 5316 l.

598 5342 642 5371 ⁷³
677 5339 817 5392 Psal.
844 5350 1027 5399 xxxvr,
1065 5333 1159 5388 40.
1193 5332 1238 5364 ⁷⁸
1259 5333 1401 5389 Psal.
1445 5350 1534 5397 χι..
1578 5335 1694 5388 1-5.

669 5518 780 5585 (52)
819 5518 974 5581 ch.,
1005 5515 1158 5584 γοῦν.
1198 5514 1360 5577 ΕιΙίῑῘ,
1390 5531 1505 5585 ουν.

673 5583 782 5656 (οὗ)
810 5590 923 5640 Οὐκ
948 5587 1176 5656 ἐφόϐουν
1205 5586 1326 5656 οὐδὲ
1346 5583 1785 5656 τούτουηᾼηεὶὶιξ.

675 5650 1033 5726 (54)Αειειίοζ,
1070 5657 1170 5709 ποῦ
1190 5655 1360 5725 λέγει.
1387 5654 1528 5709 Infra
1560 5650 1714 5725 Regi,
1749 5650 2031 5722 ἐπείληςρε.
2072 5651 2177 5707 An-

644 5722 750 5777 lic..
784 5726 1073 5777 ἀπήλειωε.

607 5728 750 5789 glic.,
784 5728 1073 5797 ἀπήλειφε.

678 5795 791 5859 (55)
821 5796 1022 5850 ἰὶοκιιιε
1045 5796 1261 5852 Grmcus
1289 5798 1511 5856 Sci-int"
1549 5794 1850 5863 τρέχωμεν.

1807 5264 1850 5294 ⁷¹
1876 5264 2032 5318 Rom.
2064 5278 2115 5328 v,
2146 5264 2199 5317 4.

2271 4608 2365 4659 καὶ
2402 4607 2564 4659 πᾶσιν
2596 4605 2780 4669 ἀπλῶς
2822 4608 2949 4677 ἡμῖν
2976 4607 3086 4668 τοῖς
3126 4604 3434 4676 ἀνθρώποις
3478 4604 3632 4673 νόμος
3662 4595 3821 4657 οὗτος,

2272 4696 2493 4766 φεύγειν
2531 4697 2897 4768 διωκομένους
2944 4698 3035 4750 καὶ
3088 4695 3423 4767 κρύπτεσθαι
3457 4692 3816 4765 ζητουμένους⁹

2272 4789 2365 4842 καὶ
2398 4790 2471 4859 μὴ
2499 4789 2927 4860 προπετεύεσθαι
2964 4789 3062 4859 μὲν
3104 4790 3160 4840 ἐν
3202 4786 3279 4857 τῷ
3319 4784 3592 4857 πειράζειν
3617 4783 3693 4834 τὸν
3714 4776 3823 4830 Κύ-

2275 4896 2406 4949 ριον,
2438 4881 2749 4950 περιμένειν
2776 4880 2831 4932 δὲ
2855 4882 3071 4943 αὐτοὺς,
3105 4878 3249 4932 καθὰ
3281 4881 3560 4948 προεῖπον,
3588 4873 3679 4934 ἕως
3706 4869 3761 4923 ἂν
3786 4868 3819 4917 ὁ

2270 4972 2568 5043 ὡρισμένος
2612 4972 2706 5025 τοῦ
2746 4972 2974 5026 θανάτου
3021 4972 3211 5041 χρόνος
3241 4970 3394 5042 ἔλθῃ,
3442 4970 3475 5039 ἠ
3520 4965 3738 5037 ὁκριτής
3759 4976 3819 5011 τι

2269 5065 2395 5136 περὶ
2421 5064 2599 5118 αὐτῶν
2638 5064 3012 5136 βουλεύσηται,
3058 5066 3192 5135 ὅπερ
3232 5062 3299 5116 ἂν
3331 5061 3481 5131 αὐτῷ
3504 5060 3617 5129 δόξῃ
3652 5049 3819 5111 καλῶς

2300 5265 2345 5296 ⁷²
2381 5264 2481 5319 lsa.
2508 5280 2623 5329 xvt,
2664 5264 2755 5318 20.
2829 5264 2877 5295 ⁷³
2900 5262 3076 5318 Eccle.
3111 5278 3166 5329 v,
3196 5264 3250 5316 7.
3324 5260 3524 5318 "Psal.
3552 5268 3683 5321 xm,
3722 5252 3812 5307 ει.

2353 5509 2466 5581 (56)
2514 5507 2746 5576 Anglia,
2793 5505 2891 5558 οὐκ
2947 5499 3208 5571 αἰσχύνει.
3250 5498 3395 5555 Infra
3422 5498 3550 5571 Reg.
3577 5489 3810 5562 etAn;l-.

2282 5581 2685 5651 ὑπεμίμνησκε.

2352 5641 2710 5721 (57)'An'glic.,
2736 5641 2845 5721 εἷχέ
2872 5644 2980 5721 γάρ
3002 5643 3110 5721 τόν.

2351 5709 2461 5791 (58)
2490 5709 2724 5790 Λιῖειιςη
2751 5709 3061 5777 αύτοῦςκαι
3086 5712 3248 5767 σώσει
3277 5710 3489 5775 αὐτοὺς,
3515 5709 3607 5764 ὅτι.
