3980 6496
240 368 339 422 673

1399 366 1741 424 APOLOGIA
1779 368 1870 424 DE
1907 369 2096 428 FUGA
2138 370 2298 431 SUA.

3381 385 3485 439 671

241 485 381 554 ἔχειν
400 502 414 514 ⁶
453 480 594 538 εἶναι
622 483 802 555 μέντοι
845 485 1062 548 τούτους
1083 485 1191 556 (59)
1217 487 1480 557 ἑτοίμους,
1506 487 1668 550 ῶστε,
1695 504 1806 542 και-

1919 481 2027 544 τὶιί
2059 491 2272 560 sintque
2301 491 2493 561 parati,
2523 499 2582 546 ut
2610 501 2836 549 vocante
2869 507 2963 550 cos
2989 504 3188 552 statuto
3219 508 3480 568 tempore,

245 575 336 646 ρθῦ
378 575 727 639 καλέσαντος,
773 577 865 630 καὶ
901 576 1269 647 κρατηθέντας
1298 578 1656 645 ἀγωνίζεσθαι
1679 580 1816 649 ὑπὲρ

147 681 156 690 ‘
240 666 339 735 τῆς
365 667 627 737 ἀληθείας
657 665 815 738 μέχρι
847 666 1098 720 θανάτου.
1135 666 1318 720 Ταῦτα
1349 667 1442 720 καὶ
1478 670 1526 721 οἱ
1554 669 1813 738 μακάριοι

247 757 522 827 μάρτυρες
557 759 615 810 ὲν
644 760 756 820 τοῖς
795 758 935 810 κατὰ
966 759 1188 829 καιροὺς
1215 757 1471 828 διωγμοῖς
1494 758 1810 826 ἐφύλαττον,

241 847 335 900 καὶ
377 847 698 918 διωκόμενοι
740 849 838 918 μὲν
887 848 1132 917 ἔφευγον,
1182 850 1276 902 καὶ
1322 849 1672 913 λανθάνοντες
1703 849 1812 919 (60)

241 938 593 1010 ἐκαρτέρουν,
621 939 994 1012 εὑρισκόμενοι
1035 939 1093 992 δὲ
1145 940 1507 1011 ἐμαρτύρουν.
1549 941 1610 994 Εί
1637 941 1692 993 δὲ
1720 942 1813 993 καί

239 1045 382 1091 τινες
425 1028 486 1093 ἐξ
530 1028 708 1082 αὐτῶν
751 1029 932 1093 αὐτοῖς
982 1030 1352 1101 προσήρχοντο
1395 1033 1503 1092 τοῖς
1533 1029 1808 1093 διώκουσι,

239 1120 513 1174 καὶτοῦτο
535 1120 634 1189 οὐχ
659 1119 845 1184 ἁπλῶς
876 1120 1168 1192 ἔπραττον·
1201 1118 1544 1190 ἐμαρτύρουν
1573 1119 1683 1192 γὰρ
1723 1122 1812 1174 εύ-

238 1209 353 1274 θὺς,
380 1213 473 1265 καὶ
497 1213 660 1264 πᾶσιν
703 1212 911 1280 ἐγίνετο
939 1211 1189 1281 φανερὸν,
1219 1212 1298 1265 ὅτι
1331 1211 1480 1285 παρὰ
1520 1213 1616 1265 τοῦ
1643 1214 1812 1266 Ilvati-

241 1319 406 1372 ματος
426 1297 495 1372 ἦν
525 1303 618 1354 καὶ
643 1302 820 1356 αὐτῶν
846 1304 876 1373 ἡ
901 1301 1179 1373 προθυμία
1217 1303 1310 1356 καὶ
1334 1306 1366 1374 ἡ
1393 1307 1625 1378 τοσαύτη
1651 1307 1812 1378 πρόσ-

235 1396 371 1459 οδος.

302 1487 390 1542 23.
427 1487 638 1541 Οὐκοῦν
669 1488 751 1541 ὅτι
775 1486 884 1558 (61)
916 1486 1142 1540 τοιαῦτα
1175 1489 1266 1542 τοῦ
1301 1490 1552 1561 Σωτῆρός
1588 1493 1702 1546 ἐστι
1737 1493 1804 1547 τά

233 1579 688 1650 παραγγέλματα,
723 1583 818 1633 καὶ
842 1578 1086 1634 τοιαῦται
1124 1581 1232 1634 τῶν
1260 1581 1430 1649 ἁγίων
1464 1584 1520 1636 αί
1556 1585 1808 1655 πράξεις,

233 1668 540 1721 εἰπάτωσαν
567 1671 701 1739 ἡμῖν
727 1669 778 1722 οἱ
807 1669 929 1740 μηδ’
948 1669 1126 1722 ὁτιοῦν
1150 1670 1214 1724 ἄν
1233 1687 1318 1734 τις
1340 1672 1482 1725 είποι
1507 1677 1626 1726 κατ’
1652 1673 1806 1739 ἀξίαν

233 1759 436 1813 ἑαυτῶν
463 1759 574 1830 (62)
615 1759 924 1825 ἀκούοντες,
960 1761 1124 1814 πόθεν
1154 1760 1353 1832 ἔμαθον
1387 1763 1540 1821 αὐτοὶ
1578 1764 1638 1817 τὸ
1678 1765 1804 1819 διώ-

1915 583 2259 650 apprebensi,
2277 582 2344 637 ad
2368 597 2535 653 usque
2565 593 2790 638 mortem
2815 586 3091 642 decertent
3120 604 3215 657 pro
3234 591 3482 646 veritate.

1918 670 2039 726 Hinc
2073 673 2431 728 observarunt
2459 675 2600 730 beati
2632 687 2900 746 martyres
2929 679 2981 732 in
3013 681 3483 749 persecutionibus

1914 773 2034 827 qua:
2077 762 2190 814 suis
2233 776 2522 817 occurrere
2581 765 2945 830 temporibus;
3002 767 3055 819 in
3110 768 3486 835 persecutione

1915 847 2117 904 scilicet
2149 848 2334 919 fugere
2371 851 2638 918 solebant,
2682 854 2732 907 in
2782 853 3106 923 latebrisque
3137 871 3483 924 permanere,

1914 938 2233 1008 deprehensi
2265 951 2443 998 autem
2479 945 2792 1015 martyrium
2835 945 3047 1000 fortiter
3088 948 3289 1002 subire.
3319 947 3477 1016 Quod

1913 1026 1958 1080 si
1996 1043 2060 1082 ex
2105 1029 2210 1084 illis
2257 1032 2472 1099 quidam
2526 1035 2961 1102 persecutoribus
3013 1046 3134 1091 sese
3187 1036 3478 1104 offerrent;

1915 1134 2018 1173 non
2056 1128 2255 1176 temere
2298 1122 2423 1176 illud
2456 1124 2689 1192 agebant
2716 1143 2730 1179 ;
2762 1126 3080 1196 martyrium
3121 1127 3319 1197 quippe
3366 1139 3483 1182 sta-

1914 1213 2006 1267 tim
2040 1213 2401 1282 perferebant,
2445 1215 2727 1284 palamque
2769 1217 3023 1271 omnibus
3053 1225 3170 1270 erat
3201 1231 3321 1272 eam
3369 1218 3484 1272 ala-

1913 1304 2157 1360 critatem
2198 1320 2428 1373 eumque
2473 1307 2538 1359 ad
2583 1316 2954 1374 persecutores
2998 1321 3277 1363 accessura
3313 1310 3486 1379 Spiri-
3553 1364 3564 1369 -

1914 1406 2024 1448 tum
2059 1404 2304 1450 sanctum
2336 1406 2611 1452 auctorem
2639 1399 2857 1454 habere.

1981 1488 2071 1542 25.
2121 1488 2248 1542 "me
2296 1490 2481 1558 itaque
2528 1505 2649 1544 eum
2691 1491 2801 1545 sint
2845 1491 3144 1548 Salvatoris
3191 1502 3482 1563 praecepta,

1914 1578 2327 1649 bnjusmodique
2376 1589 2686 1635 sanctorum
2736 1592 2918 1651 gesta;
2968 1584 3148 1638 dicant
3196 1586 3327 1639 mihi
3386 1587 3484 1652 illi,

1910 1685 2046 1739 quos
2079 1670 2236 1740 digne
2287 1686 2382 1739 pro
2422 1671 2578 1726 factis
2624 1674 2949 1740 compellare
2981 1675 3287 1744 nequimus,
3316 1678 3485 1731 unde-

1913 1776 2033 1814 nam
2059 1763 2158 1831 ipsi
2193 1762 2478 1817 didicerint
2501 1765 2902 1834 persecutiones
2929 1781 3164 1822 movere.
3199 1767 3326 1822 Illud
3351 1783 3483 1823 sane

234 1869 377 1918 κειν;
423 1827 558 1904 Ἀπὸ
591 1851 689 1920 μὲν
711 1851 822 1923 γὰρ
857 1852 966 1905 τῶν
997 1827 1197 1920 ἁγίων,
1223 1854 1322 1905 οὐκ
1353 1853 1417 1907 ἂν
1445 1854 1670 1918 εἴποιεν,
1703 1856 1806 1909 ἀπὸ

1917 1867 2250 1922 nequaquam
2285 1855 2488 1908 sanctis
2533 1867 2811 1924 acceptum
2856 1857 3121 1924 referent;
3171 1867 3338 1913 restat
3380 1859 3482 1927 igi-

235 1943 287 1994 δὲ
319 1942 410 1995 τοῦ
434 1942 682 1997 διαϐόλου
716 1942 894 2013 (τοῦτο
913 1942 1220 2013 γὰραὺτοῖς
1250 1926 1622 2016 περιλείπεται
1647 1946 1806 2020 [65],)

235 2033 321 2086 τοῦ
370 2033 652 2102 λέγοντοςι
697 2033 918 2100 Διὼξας
963 2033 1384 2103 καταλήψομαι
1409 2052 1423 2065 ·
1460 2036 1659 2090 καὶ-τὸ
1712 2035 1808 2108 μὲν

231 2124 449 2193 φεύγειν
476 2125 506 2176 ὁ
538 2124 740 2196 Κύριος
771 2124 1092 2196 προσέταξε,
1119 2126 1211 2178 καὶ
1239 2127 1286 2178 οἱ
1316 2125 1462 2195 ἆγιοι
1493 2127 1720 2196 ἔφυγονο
1748 2129 1809 2182 τὸ

226 2217 281 2270 δὲ
311 2215 529 2271 διώκειν
572 2217 878 2272 διαϐολικόν
927 2219 1073 2272 ἐστιν
1119 2217 1477 2289 ἐπιχείρημα,
1524 2222 1616 2273 καὶ
1667 2221 1809 2274 κατὰ

230 2309 442 2363 πάντων
470 2309 633 2373 αὐτὸς
654 2310 886 2362 αἰτεῖται
906 2309 1084 2364 τοῦτο.
1108 2309 1224 2361 Τίνι
1247 2311 1425 2362 τοίνυν
1461 2309 1543 2363 δεῖ
1581 2311 1808 2382 προσθέ-

231 2399 372 2465 σθαι,
409 2401 583 2454 πάλιν
619 2389 948 2468 λεγέτωσαν,
977 2403 1088 2464 τοῖς
1118 2399 1212 2452 τοῦ
1247 2400 1452 2472 Κυρίου
1483 2403 1740 2473 ῥήμασιν,
1773 2403 1806 2473 ἢ

225 2493 342 2554 ταῖς
372 2491 552 2545 αὐτῶν
580 2490 961 2562 μυθολογίαις;
996 2490 1169 2544 Τίνων
1199 2491 1255 2543 δὲ
1285 2491 1366 2544 δεῖ
1395 2493 1675 2564 μιμεῖσθαι
1708 2494 1810 2557 τὰς

226 2583 487 2654 πράξειςς
530 2582 638 2637 τῶν
670 2582 860 2651 ἁγίων,
910 2583 944 2654 ἢ
986 2576 1062 2636 ὧν
1111 2582 1177 2635 ἂν
1221 2583 1578 2653 ἐπινοήσωσιν
1618 2585 1804 2649 αὖτοί;

237 2674 450 2746 Ἐπειδὴ
492 2674 550 2728 δὲ
591 2675 720 2738 ἴσως
761 2675 880 2728 οὐδὲ
910 2674 1080 2727 ταῦτα
1114 2674 1409 2746 διακρίνειν
1441 2676 1596 2729 αὐτοὶ
1625 2677 1809 2730 δύναν-

223 2786 310 2823 ται
340 2767 737 2841 (πεπήρωνται
763 2769 872 2841 γὰρ
903 2768 1001 2840 τὴν
1046 2769 1283 2822 διάνοιαν
1307 2770 1400 2823 καὶ
1427 2768 1523 2840 τὴν
1564 2769 1807 2840 συνείδη-

225 2879 328 2926 σιν,
379 2861 454 2926 rb;
507 2857 661 2915 εἶπεν
687 2863 716 2915 ὁ
749 2861 998 2924 Ἡσαΐας,
1044 2861 1138 2914 καὶ
1187 2859 1465 2931 νομίζουσι
1507 2859 1568 2912 τὸ
1612 2859 1806 2930 πικρὸν

223 2951 357 3008 εἶναι
404 2953 602 3023 γλυκὺ,
648 2955 741 3007 καὶ
769 2953 829 3006 τὸ
863 2952 978 3021 φῶς
1025 2951 1267 3021 σκότος),
1301 2950 1583 3022 παρελθών
1627 2967 1709 3013 τις
1746 2947 1809 3013 ἐξ

221 3046 376 3117 ἡμῶν
436 3046 761 3116 Χριστιανὸς
821 3044 1135 3114 ὲντρεψάτω
1185 3043 1407 3106 τούτους
1471 3042 1680 3113 μεγάλῃ
1737 3043 1804 3113 τῇ

223 3141 369 3209 φωνῇ
400 3137 607 3205 λέγων’
649 3135 873 3205 Ἀγαθὸν
907 3135 1221 3188 πεποιθέναι
1256 3135 1346 3187 ἐπὶ
1376 3133 1600 3204 Κύριον,
1625 3133 1656 3204 ἦ
1683 3135 1805 3196 ταῖς
1833 3153 1874 3211 C

220 3228 424 3281 τούτων
457 3226 742 3298 προσέχειν
775 3224 1152 3297 μωρολογίαις,
1186 3224 1265 3277 Τὰ
1312 3223 1410 3294 μὲν
1436 3223 1544 3295 γὰρ
1572 3222 1662 3276 τοῦ
1688 3224 1802 3275 Κυ-

224 3321 336 3391 ρίου
371 3321 600 3391 ῥήματα
643 3317 785 3389 ζωὴν
816 3317 1028 3370 αἰώνιον
1072 3315 1206 3386 ἔχει,
1237 3315 1305 3369 τὰ
1333 3315 1389 3368 δὲ
1418 3314 1568 3386 παρὰ
1595 3315 1800 3368 τούτων

219 3410 606 3480 προφερόμενα
651 3407 984 3477 πανουργίας
1032 3406 1127 3458 καὶ
1162 3405 1410 3476 αἱμάτων
1449 3405 1566 3458 ἐστὶ
1606 3403 1796 3475 μεστά.

286 3578 378 3633 24.
423 3577 610 3632 Ἱκανὰ
641 3577 737 3647 μὲν
764 3572 855 3631 οὖν
884 3576 1056 3630 ταῦτα
1091 3576 1191 3646 τὴν
1224 3575 1421 3644 μανίαν
1447 3575 1554 3628 τῶν
1588 3576 1801 3629 ἀσεϐῶν

218 3669 542 3740 ἀνατρέψαι,
580 3669 674 3722 καὶ
700 3668 868 3733 δεῖξαι
904 3667 1066 3738 μηδὲν
1095 3667 1280 3738 ἕτερον
1323 3667 1518 3730 αὐτοὺς
1567 3667 1799 3720 σπουδά-

219 3762 428 3828 ζοντας,
467 3761 501 3832 ἣ
540 3761 628 3813 ἵνα
675 3761 835 3831 μόνον
886 3762 966 3822 είς
1010 3759 1278 3828 λοιδορίας
1321 3760 1414 3812 καὶ
1453 3757 1803 3830 βλασφημίας

217 3853 616 3924 φιλονεικῶσιν.
671 3851 890 3922 Ἐπειδὴ
919 3851 975 3903 δὲ
1019 3849 1164 3914 ἅπαξ
1193 3850 1564 3922 Χριστομάχοι
1602 3851 1803 3922 τολμή-

219 3964 408 4008 σαντες
427 3941 591 4008 εἶναι,
612 3943 795 3996 λοιπὸν
811 3944 905 3996 καὶ
924 3943 1361 4014 φιλοπράγμονες
1375 3942 1800 4013 γεγόνασιν(64),

217 4037 618 4104 ἐξεταζέτωσαν
641 4037 789 4106 ὅμως
810 4034 1015 4087 καὶτὸν
1037 4036 1236 4105 τρόπον
1257 4034 1357 4104 τῆς
1381 4035 1799 4104 ἀναχωρήσεως,

216 4128 309 4180 καὶ
328 4125 751 4198 μανθανέτωσαν
775 4124 926 4195 παρὰ
944 4124 1052 4177 τῶν
1074 4123 1238 4176 ἰδίων.
1263 4119 1442 4175 ’Ἦσαν
1462 4123 1571 4193 γὰρ
1601 4123 1804 4192 ’Λρειαο

216 4221 296 4272 vo!
325 4216 724 4287 συνδραμόντες
749 4219 860 4278 τοῖς
890 4213 1247 4286 στρατιώταις
1290 4215 1370 4276 είς
1394 4213 1456 4266 τὸ
1482 4211 1801 4283 παροξύνειν

216 4308 434 4374 αὐτοὺς,
461 4307 556 4359 καὶ
585 4304 869 4372 ἀγνοοῦσιν
888 4305 1070 4368 αὐτοῖς
1091 4303 1201 4373 (65)
1220 4301 1481 4356 δεικνύειν
1504 4303 1668 4372 ἡμᾶς.
1693 4305 1802 4355 Καὶ

216 4401 261 4451 εί
307 4399 403 4452 καὶ
452 4396 625 4460 οὕτως
670 4395 1014 4466 ἀσυμπαθεῖς
1061 4395 1439 4465 τυγχάνουσιν,
1502 4393 1638 4447 ἀλλὰ
1698 4393 1802 4446 κᾶν

1911 1957 1997 2000 tur
2031 1954 2088 1998 ιιι
2115 1959 2144 1997 a
2183 1945 2393 2000 diabolo
2427 1945 2552 1999 illud
2587 1948 2919 2015 acceperint,
2951 1951 3038 2017 qni
3071 1953 3168 2013 aTt,
3195 1966 3483 2020 persequar

1906 2046 1954 2090 et
1998 2039 2487 2108 comprehendam"
2516 2056 2532 2094 :
2561 2039 2745 2110 fugere
2790 2041 3054 2109 siquidem
3107 2041 3363 2095 Dominus
3399 2045 3485 2098 int-

1901 2127 2098 2195 junxit,
2132 2139 2186 2184 et
2223 2131 2390 2184 sancti
2441 2129 2540 2199 ipsi
2575 2130 2698 2199 fuga
2747 2145 2805 2184 se
2836 2131 3154 2200 proripuere
3185 2149 3197 2186 :
3228 2132 3481 2201 persequi

1907 2232 2037 2272 vero
2084 2219 2282 2273 diaboli
2317 2221 2593 2289 pr0prium
2633 2231 2718 2275 est
2765 2221 2993 2284 facinus,
3036 2221 3126 2288 qui
3161 2222 3210 2274 id
3244 2223 3484 2290 postulat

1908 2319 1966 2362 ut
1992 2310 2091 2364 sibi
2136 2325 2327 2366 omnes
2357 2312 2606 2381 persequi
2637 2312 2821 2370 liceat.
2875 2312 3100 2368 Cninam
3137 2314 3301 2384 igitur
3326 2317 3484 2370 obse-

1909 2401 2200 2469 quendum,
2236 2401 2346 2470 iam
2381 2403 2575 2458 iterum
2633 2406 3014 2474 respondeant,
3063 2404 3344 2461 Dominine
3372 2420 3483 2460 vcr-

1908 2487 2013 2554 bis,
2050 2505 2117 2544 an
2145 2493 2298 2546 vanis
2329 2493 2441 2546 suis
2467 2494 3051 2548 sermocinationilms?
3084 2494 3322 2560 Quorum
3354 2513 3484 2552 vero

1908 2595 2073 2649 opera
2103 2592 2228 2637 sunt
2257 2582 2552 2638 imitanda?
2583 2584 3002 2647 Sanctorumne,
3036 2601 3102 2638 an
3129 2602 3316 2640 eorum
3351 2603 3486 2656 quos

1911 2672 1983 2725 illi
2012 2673 2235 2728 arbitrio
2279 2689 2377 2728 suo
2429 2676 2768 2744 cooptarint?
2825 2673 3274 2744 Quandoquidem
3306 2687 3482 2739 autem

1910 2774 1978 2813 ne
2023 2760 2099 2814 illi
2149 2760 2382 2816 fortasse
2439 2763 2542 2816 hoc
2604 2764 2914 2818 discernere
2966 2765 3169 2828 valent,
3228 2762 3484 2820 obcaecati

1908 2849 2106 2920 quippe
2131 2859 2311 2906 mente
2343 2861 2395 2905 et
2426 2852 2778 2918 conscientia,
2813 2861 2871 2907 ut
2923 2855 3000 2908 ait
3043 2857 3210 2909 Isaias
3232 2857 3302 2922 ⁷⁸,
3349 2857 3488 2910 arbi-

1911 2949 2121 2994 trantur
2145 2957 2388 2994 amarum
2424 2957 2545 2997 esse
2571 2944 2742 3009 dulce,
2779 2956 2832 2997 et
2857 2945 3012 2999 dulce
3041 2961 3324 3013 amarum;
3358 2949 3483 3017 qni-

1908 3033 1990 3087 vis
2026 3048 2091 3088 ex
2135 3034 2291 3088 nobis
2329 3033 2670 3088 Christianus
2705 3037 3076 3104 pertransiens
3117 3039 3321 3104 pudore
3367 3039 3486 3094 illos

1909 3122 2196 3188 sulhndat,
2225 3139 2414 3193 magna
2440 3124 2552 3177 brec
2579 3138 2712 3179 voce
2742 3125 3225 3180 clamanszMelius
3254 3138 3339 3182 est
3360 3144 3488 3184 cou-

1910 3214 2074 3268 fidere
2105 3215 2158 3268 in
2205 3215 2452 3279 Domino,
2481 3229 2640 3282 quam
2685 3215 2895 3270 illorum
2926 3217 3281 3286 stultiloquiis
3305 3229 3486 3275 atten-

1909 3307 2054 3360 dere.
2089 3304 2298 3359 Domini
2348 3306 2491 3360 enim
2541 3289 2700 3360 verba
2753 3307 2916 3360 vitam
2957 3317 3212 3362 wternam
3247 3309 3486 3367 habent:

1907 3397 2072 3452 verba
2104 3408 2281 3451 autem
2329 3398 2396 3451 ab
2433 3397 2535 3451 illis
2566 3397 2772 3466 prolata
2801 3399 2905 3453 doli
2935 3410 2989 3454 et
3018 3402 3296 3471 sanguinis
3330 3402 3486 3472 plena

1907 3499 2054 3545 sunt.
3375 3493 3377 3496 ⁴

1978 3579 2068 3634 24.
2102 3579 2228 3634 "me
2277 3579 2385 3635 sint
2428 3580 2590 3648 igitur
2618 3581 2750 3635 satis
2784 3579 2850 3634 ad
2897 3581 3182 3650 impiorum
3219 3582 3484 3637 insaniam
3579 3585 3582 3590 ’

1909 3671 2278 3733 evertendam.
2304 3680 2360 3726 et
2391 3673 2456 3725 ad
2487 3673 2966 3726 demonstrandum
2997 3673 3130 3727 nihil
3162 3673 3306 3726 aliud
3340 3690 3487 3728 cura;

1911 3764 2018 3818 illis
2043 3779 2184 3828 esse,
2217 3774 2460 3833 quamet
2487 3765 2744 3820 conviciis
2777 3767 2853 3819 et'
2877 3766 3228 3834 blasphemiis
3257 3776 3480 3820 conten-
3512 3797 3515 3802 ~

1912 3857 2059 3911 dere.
2087 3854 2190 3910 Sed
2209 3857 2334 3926 quia
2357 3859 2520 3912 semel
2540 3856 2742 3912 Christi
2767 3857 2950 3912 hostes
2976 3857 3110 3914 eflici
3130 3859 3269 3925 ausi,
3295 3851 3487 3912 deinde

1911 3948 2108 4002 curiosi
2160 3949 2506 4017 indagatorcs
2561 3950 2739 4005 effecti
2793 3958 2950 4009 sunt;
3013 3951 3182 4004 nostri
3243 3965 3488 4005 secessus

1912 4040 2176 4094 rationem
2233 4042 2581 4094 sciscitentur
2637 4057 2665 4094 a
2712 4041 2934 4110 suisque
2981 4043 3246 4098 ediscant.
3301 4043 3486 4096 Ariani

1913 4140 2058 4186 certe
2091 4146 2210 4185 sese
2253 4132 2515 4186 militibus
2549 4133 2930 4200 adjnnxerant,
2979 4143 3036 4185 ut
3080 4134 3198 4187 illos
3247 4134 3488 4188 concita-

1912 4233 2052 4286 rent,
2088 4239 2296 4292 nosque
2322 4225 2428 4276 illis
2447 4224 2657 4293 ignotos
2690 4223 3009 4276 indicarent.
3028 4222 3128 4287 Qui
3149 4223 3193 4276 si
3212 4223 3284 4275 ita
3309 4225 3487 4276 omnis

1912 4313 2400 4368 commiserationis
2445 4323 2572 4367 sunt
2619 4323 2892 4381 expertes,
2949 4313 3140 4365 saltem
3189 4313 3314 4365 dum
3371 4313 3487 4366 lnee

1913 4405 2157 4468 audiunt,
2191 4404 2398 4474 pudore
2427 4401 2606 4457 affecti
2635 4404 3047 4470 conquiescant.
3085 4402 3198 4456 Nox
3225 4403 3338 4470 jam
3368 4413 3486 4455 erat

214 4491 508 4572 ἀκούοντες
544 4490 927 4560 ἡρεμείτωσαν
970 4490 1370 4558 αἰσχυνόμενοι.
1411 4485 1526 4550 Νὺξ
1571 4486 1668 4556 μὲν
1693 4486 1803 4556 γὰρ

1917 4496 2201 4565 etquidam
2237 4509 2267 4548 e
2300 4494 2499 4564 pupnlo
2544 4494 2885 4562 pervigilium
2930 4491 3165 4560 agebant
3204 4498 3483 4561 sequentis

214 4569 436 4656 ἤδηῆν,
470 4583 565 4636 καὶ
591 4581 686 4635 τοῦ
709 4580 837 4634 λαοῦ
861 4569 1004 4643 τινες
1040 4578 1393 4650 ἐπαννύχιζον
1418 4576 1804 4648 προσδοκωμέ-

213 4695 314 4747 νης
339 4676 613 4739 συνάξεως
631 4692 642 4704 ·
669 4676 696 4726 ὁ
727 4673 782 4726 δὲ
823 4673 1197 4744 στρατηλάτης
1217 4670 1478 4741 Συριανὸς
1508 4669 1616 4740 (66)
1654 4667 1801 4733 ἐξαί-

213 4788 352 4840 φνης
375 4768 580 4836 ἐπέστη
603 4765 740 4836 μετὰ
759 4763 1108 4836 στρατιωτῶν
1124 4764 1305 4817 πλεῖον
1328 4761 1799 4830 πεντακισχιλίων,

213 4862 448 4932 ἐχόντων
477 4860 618 4914 ὅπλα
655 4858 750 4911 καὶ
778 4858 905 4928 ξίφη
954 4856 1154 4927 γυμνὰ,
1201 4856 1294 4909 καὶ
1335 4855 1484 4919 τόξα,
1526 4855 1620 4907 καὶ
1648 4852 1799 4924 βέλη,

285 5003 328 5034 ⁷⁷
361 5001 532 5054 Exod.
568 5015 656 5067 xv,
685 4998 742 5052 9.
815 4997 860 5027 ⁷³
888 4996 986 5049 lsa.
1035 5012 1086 5058 v,
1111 4995 1183 5049 20

282 5162 395 5231 (59)
429 5159 643 5228 Anglic.
677 5158 868 5222 οὕτως.
908 5156 1049 5210 Infra
1078 5156 1216 5210 idem
1255 5155 1396 5225 ὑπὲρ
1428 5155 1528 5226 τῆς
1567 5154 1794 5224 Ἐκκλη-

207 5233 352 5296 σίας.
959 5299 964 5302 _

227 5337 232 5341 -
278 5301 394 5372 (60)
422 5299 638 5372 Anglic.
666 5297 1093 5372 ἐφύλαττον-και
1106 5295 1456 5357 λανθάνοντες
1497 5294 1614 5363 μέν.
1647 5293 1790 5348 infra

208 5367 348 5425 idem
373 5367 442 5434 ’ἐξ
471 5368 650 5423 αὐτῶν
685 5370 907 5430 ἑαυτοὺς
927 5367 1238 5429 ἐξεδίδοντο.

278 5443 392 5511 (61)
426 5433 561 5502 “eg.
599 5450 649 5492 et
684 5440 895 5511 Attgltc.
937 5439 1046 5489 ὅτε.
1099 5436 1238 5489 ΕιΙὶιὶ
1285 5436 1388 5487 ὅτι.
1420 5433 1628 5502 Anglic.
1658 5433 1789 5490 ibid.

204 5508 434 5564 τοιαῦτα
456 5512 570 5570 τοῖς
594 5509 704 5560 τισὶ
731 5508 817 5560 τά.

279 5581 392 5648 (62)
413 5580 643 5647 ,Anglic.
679 5576 866 5648 αὑτοῦ,

279 5643 391 5721 (ϋῦ)
423 5643 556 5714 Regi.
603 5645 926 5721 1102770“???
968 5645 1150 5721 αὐτοῖς
1196 5644 1586 5721 περιλείπεται.
1633 5643 1789 5721 Angl.
1861 5697 1868 5701 _

204 5714 616 5790 περιείληπται.
645 5716 900 5790 Ιιιῌιιιιίιῑε
926 5715 1033 5786 γάρ
1065 5716 1237 5779 deest,
1265 5714 1569 5783 legiturque
1594 5714 1791 5780 περιεί-

202 5785 388 5862 ληται.
420 5785 558 5843 Infra
586 5787 791 5854 Anglic.
813 5785 1060 5853 ἔφευγον.
1102 5804 1108 5810 ·
1350 5819 1352 5821 ›

543 5881 815 5938 Ρ.ιτιιοι..
865 5877 980 5937 Gn.
1029 5877 1237 5938 XXV.

1912 4589 2137 4660 synaxis
2177 4604 2190 4641 :
2227 4602 2347 4640 euzn
2395 4589 2497 4639 dux
2545 4589 2816 4640 exercitus
2877 4584 3141 4655 Syrianus
3194 4586 3485 4654 derepente

1915 4693 2036 4733 cum
2088 4675 2348 4728 militibus
2390 4673 2583 4740 irrupit
2635 4673 2755 4741 plus
2803 4675 3044 4742 quinque
3093 4673 3352 4738 millibus,
3392 4678 3483 4743 qui

1917 4767 2104 4832 armis,
2159 4765 2367 4821 strictis
2415 4763 2632 4833 gladiis,
2686 4764 2944 4829 arcubus,
2993 4765 3115 4819 telis
3165 4773 3220 4819 et
3252 4765 3484 4819 fustibus

1914 4861 2158 4916 instructi
2185 4867 2362 4923 erant,
2393 4857 2473 4910 uti
2502 4856 2750 4925 superius
2777 4856 2980 4910 dictum
3013 4865 3097 4911 est
3126 4875 3140 4911 :
3170 4857 3481 4912 ecclesiam-

1975 5151 2086 5222 (64)
2121 5150 2243 5205 Haec
2289 5147 2598 5203 referuntur
2633 5165 2662 5204 a
2701 5149 3027 5206 'l‘heodoret.
3079 5149 3171 5203 lib.
3216 5163 3254 5201 ιι
3310 5146 3483 5213 Ilum,

1903 5237 1953 5277 c.
1983 5222 2068 5275 15.
2515 5229 2542 5258 ο

1974 5293 2084 5358 (65)
2116 5290 2306 5352 Αὐτοῖς
2340 5289 2492 5360 deest
2551 5291 2690 5360 apud
2741 5290 3025 5360 Theodop
3068 5285 3210 5360 Mox;
3235 5285 3376 5360 μαῖα.
3425 5303 3481 5336 et

1904 5355 2174 5415 Tlt'em'lur.
2215 5355 2671 5430 ἀσυμπαθεῖςξρι
2709 5371 2853 5414 recte
2901 5357 3140 5424 quidem.
3173 5355 3306 5430 Editi
3337 5372 3481 5410 aut).-

1902 5431 2112 5494 παθεῐς.
2150 5431 2278 5497 Quae
2300 5425 2605 5505 sequuntur
2645 5443 2805 5505 porro
2838 5435 3188 5505 “enarrantur
3219 5425 3382 5505 etiam
3423 5442 3474 5505 ιι.

1901 5491 2252 5570 Αροίοῄίαῗιιί
2289 5491 2656 5553 Constantium
2697 5499 2798 5553 sub
2833 5495 3018 5556 ﬁnem,
3064 5503 3118 5546 et
3152 5494 3202 5546 in
3237 5491 3476 5561 Epistola

1902 5575 1969 5624 ad
2001 5571 2287 5623 solitarius.
3110 5625 3114 5628 _

1970 5640 2082 5709 (66)
2139 5640 2393 5710 Συριανός
2440 5643 2590 5693 deest
2641 5635 2779 5706 apud
2832 5632 3038 5688 Theod.
3091 5629 3212 5686 Mox
3267 5631 3508 5686 TilCOd.~

1901 5711 2059 5763 πλέον
2141 5727 2293 5761 πεντ.
2335 5761 2344 5766 _

3086 5865 3165 5924 22
