3980 6508
583 408 688 467 679

1207 410 1262 465 S.
1304 408 1675 466 ATHANASII
1711 406 2081 479 OPPQPARS
2120 406 2161 461 Ι.
2202 439 2270 450 --
2309 409 2678 467 HISTORICA
2714 412 2803 466 ET
2843 411 3259 468 DOGMATICA.
3734 412 3808 469 6ἶο

592 522 790 591 injuste
825 521 907 591 ,ὶδῖ
936 520 1271 587 existiment,
1300 522 1463 590 quod,
1497 532 1556 578 ιιι
1594 522 1724 587 dixi,
1756 522 1875 576 illos
1901 502 2160 592 supersti-

2263 525 2353 576 καὶ
2378 525 2687 596 νομίζουσιν
2712 527 3035 591 ἀδικεῖσθαι,
3068 529 3216 593 ὅταν,
3248 524 3394 580 καθὰ
3424 526 3698 598 προεῖπον,
3725 528 3809 597 βλέ-

586 626 667 672 tes
707 614 945 678 videant,
976 628 1109 682 quos
1142 614 1242 683 ipsi
1273 623 1533 684 cuperent
1572 626 1809 670 enectos.
1847 612 2060 668 Utinam
2088 615 2158 667 ita

588 724 711 763 cum
740 708 845 762 illis
880 707 1080 777 injuste
1108 716 1321 777 agatur,
1364 717 1422 761 ut
1458 708 1557 775 ipsi
1589 708 1639 761 in
1680 707 1984 775 irrogandis
2017 706 2158 775 inju‘

588 800 688 855 riis
717 799 915 854 inﬁrmi
945 799 1179 853 evadant
1208 817 1221 853 :
1251 800 1341 869 qui
1383 814 1512 853 vero
1556 799 1989 869 persecutionem
2041 798 2159 851 illo.

590 908 709 948 rum
728 894 1007 963 patiuntur
1027 892 1253 948 Domino
1272 893 1476 964 gratias
1498 902 1680 961 agant,
1696 902 1750 947 et
1775 892 1890 947 haec
1917 891 2157 946 vicesimi

587 985 725 1039 sexti
755 977 953 1054 psalmi.
974 984 1186 1039 dicant:
1212 984 1463 1038 Dominus
1489 984 1804 1038 illuminatio
1826 1001 1937 1038 mea
1961 994 2007 1037 et
2033 984 2161 1037 Sal-

587 1084 737 1129 vator
775 1090 942 1141 meus,
987 1091 1137 1144 quem
1182 1075 1417 1129 timebo?
1464 1075 1718 1130 Dominus
1753 1085 2017 1146 protector
2047 1078 2163 1129 vita:

590 1180 742 1231 mete,
774 1183 805 1220 a
830 1182 932 1236 quo
954 1167 1259 1233 trepidabo?
1284 1167 1417 1221 Dum
1446 1169 1753 1236 appmpiant
1782 1184 1937 1235 super
1963 1183 2040 1219 me
2064 1182 2161 1218 no-

590 1269 783 1322 centes,
822 1269 876 1311 ut
905 1259 1060 1311 edant
1091 1274 1274 1311 carnes
1316 1274 1456 1312 meas
1483 1274 1500 1311 :
1523 1260 1616 1328 qui
1643 1257 1903 1309 tribulant
1946 1273 2026 1309 me
2061 1257 2163 1308 ini-

580 1350 712 1403 mici
740 1352 859 1417 mei,
890 1351 990 1417 ipsi
1028 1350 1284 1418 infirmati
1318 1360 1437 1404 sunt
1468 1360 1514 1403 et
1545 1350 1918 1403 ceciderunt“.
1954 1348 2017 1402 Et
2046 1363 2164 1401 rur-

588 1456 706 1494 sum
733 1441 786 1495 in
826 1441 1101 1495 tricesimo
1134 1441 1379 1510 psalmo:
1408 1441 1639 1495 Sa’vasti
1669 1442 1733 1494 tle
1776 1439 2162 1493 necessitatibus

589 1528 820 1589 animum
869 1550 1058 1600 meam,
1099 1550 1189 1586 nec
1230 1531 1531 1585 conclusisti
1572 1548 1653 1584 me
1699 1532 1750 1584 in
1798 1530 2036 1583 manibus
2067 1530 2164 1582 ini-

588 1628 708 1681 mici
737 1643 755 1680 :
787 1625 1018 1679 statuisti
1069 1625 1124 1677 in
1168 1624 1281 1677 loco
1332 1624 1565 1693 spatioso
1612 1624 1767 1690 pedes
1827 1637 1964 1675 meos
1982 1621 2047 1673 δ’.
2105 1620 2161 1673 In

589 1717 805 1772 Christo
829 1715 957 1771 Iesu
988 1716 1211 1771 Omnino
1242 1724 1425 1769 nostro
1456 1729 1550 1782 per
1576 1729 1734 1782 quem
1768 1712 1915 1766 Patri
1940 1721 1994 1766 et
2040 1711 2163 1781 Spi-

590 1807 715 1860 ritni
758 1813 945 1861 sancto
976 1806 1141 1875 gloria
1180 1813 1234 1858 et
1271 1803 1553 1858 imoerium
1590 1803 1642 1854 iu
1694 1802 1892 1857 saecula
1931 1801 2159 1857 saeculo-

593 1914 731 1952 rum.
767 1900 964 1954 Amen.

684 2116 699 2145 ¹
730 2114 868 2168 Psal.
895 2130 1045 2179 sxw,
1076 2114 1128 2175 1,
1148 2113 1203 2168 2.
1279 2114 1324 2146 ⁸⁸
1350 2113 1491 2168 Psal.
1520 2128 1649 2174 xxx,
1673 2111 1793 2166 ’7-9.

658 2227 770 2299 \9l)
818 2226 949 2295 Reg.
994 2242 1154 2297 quem
1192 2228 1468 2296 sequimur
1510 2227 1810 2297 βούλονται.
1854 2224 2011 2295 Ειιὶιῂ
2042 2219 2165 2293 βού-

586 2300 1016 2436 λωῖέὲἶᾏιιςιὶρ.
1070 2381 1228 2434 quem
1273 2367 1516 2436 sequitur
1565 2365 1829 2436 Nannius,
1860 2362 2165 2436 ἠσθένῃοαν

586 2433 681 2489 καὶ
711 2433 932 2506 ἔπεσα-ἱ.
993 2433 1116 2487 Ἐὰν
1160 2433 1539 2506 παρατάξηται
1583 2435 1669 2506 ἐπέ
1698 2435 1797 2504 ἐμὲ
1822 2433 2164 2506 παρεμϐολὴ,

2263 636 2403 671 most
2434 618 2663 685 ζῶντας,
2696 620 2788 684 οὒς
2814 621 3175 693 ἀποθνήσκειν
3204 620 3485 691 βούλονται
3504 618 3635 690 (91).
3664 618 3747 688 Εῖη
3769 621 3808 671 δὲ

2260 707 2478 772 τούτους
2496 708 2665 772 οὕτως
2681 709 2999 776 ἀδικεῖσθαι,
3018 709 3158 763 ὥστε
3191 710 3391 772 αὐτοὺς
3412 708 3511 778 μὲν
3526 706 3749 758 ἀσθενεῖν
3769 708 3810 757 ὲν

2259 804 2379 864 ταῖς
2411 800 2645 865 ἀδικίαις
2688 802 2886 866 αὐτῶν,
2932 804 3058 867 τοὺς
3104 801 3159 854 δὲ
3195 799 3566 870 διωκομένους
3597 797 3715 867 παρ’
3739 798 3807 848 αὐ-

2262 893 2370 946 τῶν
2403 894 2740 963 εὐχαριστεῖν
2766 893 2843 963 τῷ
2877 894 3087 966 Κυρίῳ,
3118 894 3215 947 καὶ
3246 892 3428 960 λέγειν
3455 889 3523 942 τὰ
3552 890 3608 941 ὲν
3652 887 3719 957 τῷ
3740 894 3807 951 κς¹

2259 984 2484 1055 ψαλμῷ-
2535 986 2750 1052 Κύριος
2798 985 3100 1053 φωτισμός
3137 1001 3261 1053 μου
3312 980 3411 1034 καὶ
3464 977 3664 1046 Σωτήρ
3698 994 3806 1045 μου.

2262 1077 2395 1129 τίνα
2454 1075 2900 1145 φοϐηθήσομαω
2951 1078 3164 1144 Κύριος
3223 1071 3686 1142 ὑπερασπιστὴς
3730 1068 3811 1135 τῆς

2263 1166 2409 1233 ζωῆς
2435 1184 2575 1235 μου,
2599 1167 2716 1221 ἀπὸ
2743 1167 2906 1232 τίνος
2924 1165 3240 1229 δειλιάσω;
3269 1166 3367 1218 Ἐν
3393 1162 3474 1227 τῷ
3486 1159 3720 1231 ἐγγίζειν
3741 1160 3810 1213 ἐπ’

2261 1257 2365 1326 ἐμὲ
2397 1258 2734 1323 κακοῦντας
2759 1298 2773 1322 ,
2809 1259 2915 1312 τοῦ
2952 1258 3163 1328 φαγεῖν
3194 1257 3303 1323 τὰς
3334 1255 3570 1324 σάρκας
3587 1272 3698 1323 μου
3718 1270 3731 1283 ”
3772 1257 3811 1307 cl

2264 1347 2567 1413 θλίϐοντές
2595 1365 2671 1417 με
2697 1348 2793 1401 καὶ
2821 1352 2873 1402 οἱ
2900 1349 3103 1417 ἐχθροί
3121 1367 3265 1417 μου,
3298 1346 3469 1400 αὐτοὶ
3498 1344 3814 1413 ricam-near

2263 1438 2357 1490 καὶ
2396 1438 2622 1491 ἔπεσον
2640 1438 2746 1508 (92)
2765 1456 2777 1468 ·
2817 1439 2909 1491 καὶ
2934 1439 3095 1493 πάλιν
3128 1440 3185 1490 ἐν
3214 1437 3293 1506 τῷ
3321 1437 3365 1489 λ’
3396 1434 3599 1506 ψαλμῷ
3617 1453 3629 1465 ·
3666 1436 3815 1488 Ἕσω-

2261 1540 2377 1593 σας
2405 1526 2472 1579 ἐκ
2501 1526 2619 1580 τῶν
2652 1527 2933 1597 ἀναγκῶν
2956 1527 3071 1594 τὴν
3103 1524 3316 1595 ψυχήν
3343 1543 3465 1594 μου
3485 1523 3620 1595 (95),
3653 1523 3739 1576 καὶ
3759 1525 3817 1577 οὐ

2260 1633 2330 1669 σι
2347 1616 2667 1683 νέκλεισάς
2702 1634 2779 1685 με
2821 1619 2907 1683 εἷς
2941 1614 3143 1686 χὲῖρας
3177 1613 3436 1683 ἐχθρῶν·
3474 1613 3733 1678 ἕστησας
3763 1612 3817 1663 ἐν

2260 1709 2575 1779 εὐρυχώρῳ
2605 1710 2746 1774 τοὺς
2776 1694 2966 1775 adduc
2998 1726 3135 1778 μου.
3183 1710 3273 1762 Ἐν
3310 1705 3535 1779 Χριστῷ
3575 1705 3735 1775 Ἰησοῦ
3757 1704 3818 1773 τῷ

2260 1801 2451 1872 Κυρίῳ
2478 1802 2657 1873 ἡμῶν,
2689 1802 2755 1855 δι’
2792 1797 2851 1856 οὗ
2892 1803 2971 1873 τῷ
3000 1803 3175 1873 Πατρ)⁸
3223 1803 3281 1854 ὲν
3335 1800 3479 1869 ἁγίῳ
3506 1795 3765 1865 Πνεύματι
3792 1794 3818 1864 ή

2194 1892 2235 1948 Β
2264 1893 2391 1958 δόξα
2434 1895 2528 1948 καὶ
2572 1895 2633 1948 τὸ
2681 1894 2882 1965 κράτος
2910 1896 2990 1957 εἰς
3033 1895 3161 1957 τοὺς
3204 1892 3409 1955 αἰῶνας
3462 1890 3573 1943 τῶν
3620 1886 3817 1941 αἰώνων.

2284 1983 2339 2035 Ἀ
2348 1985 2475 2054 μήν.

2273 2224 2360 2297 ὲπξ
2382 2223 2484 2297 ἐμὲ
2508 2224 2760 2297 πόλεμος,
2785 2226 2840 2279 ἐν
2864 2227 2930 2296 τῇ
2955 2224 3153 2295 ἀμάχῳ
3172 2223 3269 2278 τοῦ
3291 2222 3428 2276 Θεοῦ
3470 2223 3618 2297 δεξιᾷ
3647 2225 3824 2281 ἐλπίσω

2273 2294 2369 2375 stat
2393 2293 2553 2347 πάλιν
2574 2293 2771 2365 ὲνήτῷ,
2813 2293 2931 2364 (ιυὼ
2972 2293 3152 2349 Omnia
3187 2309 3218 2347 a
3262 2306 3525 2349 ctmtextu
3551 2293 3822 2366 Scriptura:

2684 2441 2739 2488 et
2784 2432 2979 2499 Nann.,
3030 2433 3128 2507 τὴν
3166 2431 3344 2503 ψυχήν
3367 2451 3475 2504 μου
3524 2436 3743 2508 gms“
3776 2438 3826 2490 ὲν

587 2507 648 2559 οὐ
679 2505 1043 2576 φοϐηθήσεται
1086 2509 1118 2575 ἡ
1162 2504 1357 2577 καρδία
1402 2523 1527 2574 μου.
1584 2505 1708 2557 Ἐὰν
1749 2506 2018 2572 ἐπανεστῇ
2043 2505 2166 2572 (sic)
2274 2504 2591 2573 εὐρυχώρῳ.

858 2846 1559 2940 ΑΒΜΟΝΙΤΙΟ
1645 2849 1770 2936 ΙΝ
1849 2847 2161 2936 EPIS']

2259 2846 2535 2933 lLAM
2589 2846 2735 2932 AD
2788 2774 3573 2937 SERAPIONEM

1917 3048 2004 3101 DE
2055 3047 2294 3103 MORTE
2339 3049 2479 3104 ARIl
2500 3090 2513 3113 ,

1553 3212 1649 3271 ET
1681 3212 1759 3273 IN
1790 3207 2244 3272 EPISTOLAM
2279 3208 2383 3266 AD
2414 3206 2879 3269 MONACHOS.

660 3530 820 3601 267
853 3526 892 3581 l.
937 3526 1174 3596 Epistola
1209 3524 1275 3579 ad
1307 3524 1655 3593 Serapionem
1689 3528 1755 3580 de
1778 3536 1949 3580 morte
1979 3525 2114 3590 Arii,
2145 3527 2352 3579 tametsi
2384 3527 2579 3596 scripta
2612 3536 2685 3581 est
2713 3538 2827 3595 post
2851 3527 3145 3592 Epistulam
3173 3525 3241 3581 ad
3270 3527 3589 3595 monachos,
3619 3530 3828 3596 priorem

588 3637 763 3679 tamen
792 3624 878 3676 hic
917 3621 1089 3676 locum
1120 3630 1357 3688 occupat,
1378 3621 1593 3687 perinde
1626 3628 1779 3688 atque
1809 3622 1863 3672 in
1890 3620 2279 3689 antiquioribus
2318 3622 2717 3689 manuscriptis,
2752 3637 2972 3691 veroque
2996 3621 3167 3675 simile
3192 3633 3267 3675 est
3298 3623 3430 3676 illas
3462 3640 3520 3678 eo
3544 3625 3610 3677 ad
3633 3642 3720 3678 nos
3747 3641 3832 3678 or-

587 3720 710 3773 dine
737 3719 1051 3788 pervenisse,
1074 3732 1175 3785 quo
1211 3715 1279 3768 ad
1305 3714 1647 3781 Serapionem
1671 3716 1843 3768 misso:
1867 3723 2010 3767 sunt.
2034 3713 2264 3784 Rogatus
2294 3716 2483 3784 quippe
2509 3714 2573 3767 ab
2607 3716 2717 3783 ipso
2745 3714 3036 3782 Serapione
3069 3714 3420 3778 Athanasius,
3464 3727 3518 3769 ut
3555 3734 3717 3771 rerum
3742 3732 3832 3769 suo

587 3820 817 3880 tempore
855 3822 1117 3879 gestarum
1147 3806 1443 3873 historiam,
1482 3807 1746 3859 Arianica:
1792 3807 2071 3875 impietatis
2100 3794 2544 3876 Iconfutationent,
2591 3810 2802 3879 Ariique
2832 3810 3003 3863 obitus
3046 3812 3301 3864 rationem
3347 3814 3417 3863 ad
3454 3796 3837 3865 se‘transtnitteo

588 3910 668 3954 ret
697 3941 712 3967 ,
741 3902 921 3969 priora
948 3901 1052 3951 duo
1090 3897 1377 3966 postulata,
1407 3895 1651 3948 subuersis
1676 3894 1883 3962 scriptis
1916 3896 2023 3948 suis
2051 3896 2118 3948 ad
2160 3898 2445 3951 monachos
2491 3900 2823 3967 nuncupatis,
2865 3898 3082 3967 explerit
3117 3913 3135 3950 :
3162 3901 3376 3954 tertium
3408 3918 3529 3955 vero
3564 3906 3615 3955 in
3656 3919 3744 3956 sua
3768 3902 3833 3953 ad
3918 3888 3921 3889 ν

584 3989 823 4043 eumdem
859 3984 1195 4054 Serapionem
1220 3983 1479 4054 Epistola,
1510 3999 1667 4050 quam
1724 3984 1924 4037 ueteris
1954 3987 2260 4052 praeposuit,
2289 3998 2562 4042 exsecutus
2605 3998 2701 4042 est.
2740 3988 2965 4042 Mortem
2991 3991 3150 4059 igitur
3188 3991 3340 4057 Arii,
3380 4009 3539 4062 quam
3573 3993 3746 4062 paucis
3782 3993 3834 4042 in

583 4080 823 4152 Epistola
852 4081 917 4133 ad
964 4079 1251 4148 episcopos
1297 4077 1512 4147 Egypti
1551 4086 1606 4130 et
1636 4076 1816 4147 Libth
1862 4081 2131 4148 attigerat,
2158 4082 2243 4135 hic
2288 4082 2465 4150 fusius
2496 4084 2829 4153 prosequitur
2862 4083 2923 4139 S.
2961 4084 3173 4152 Doctor,
3214 4098 3371 4156 prout
3410 4105 3530 4142 eum
3557 4108 3587 4142 a
3613 4087 3833 4142 Macario

582 4175 905 4245 presbytero,
945 4172 1159 4226 oculata
1195 4182 1342 4233 teste,
1371 4172 1652 4226 didicerat.
1698 4171 1814 4225 "ac
1855 4174 2096 4229 absoluta
2128 4178 2456 4241 narratione,
2486 4190 2629 4248 rogat
2674 4179 3049 4248 Serapionem,
3086 4191 3141 4233 ut
3172 4182 3418 4249 perlectis
3453 4186 3563 4238 suis
3602 4184 3833 4236 adversus

582 4272 810 4326 Arianos
844 4269 1077 4337 scriptis,
1109 4267 1205 4320 illa
1240 4271 1309 4319 ad
1333 4284 1385 4320 se
1409 4268 1795 4337 quamprimum
1828 4280 1973 4323 curet
2004 4273 2447 4338 transmittenda;
2480 4273 2653 4343 sicque
2683 4273 2816 4327 hanc
2853 4274 3052 4327 claudit
3082 4275 3381 4342 epistolam.

654 4366 716 4420 ll.
751 4364 989 4435 Epistola
1017 4364 1083 4417 ad
1126 4364 1418 4417 monachos
1456 4363 1565 4431 (9h
1595 4372 1669 4415 est
1702 4365 1857 4415 veluti
1902 4364 2148 4434 prologus
2196 4367 2264 4418 ad
2310 4367 2590 4418 historiam
2634 4382 2809 4419 rerum
2848 4376 3112 4436 gestarum
3157 4367 3221 4419 ab
3263 4367 3422 4419 initio
3464 4366 3735 4421 Arianismi
3767 4364 3833 4416 ad

585 4477 783 4517 annum
838 4460 941 4515 557
975 4470 1023 4515 et
1054 4458 1122 4511 ad
1153 4456 1522 4509 Arianicorum
1552 4462 1855 4524 dogntatum
1888 4457 2321 4525 confutationem,
2354 4461 2494 4529 quod
2526 4471 2800 4527 utrumque
2831 4478 2959 4528 opus
2993 4460 3381 4529 postulantibus
3419 4462 3678 4515 monachis
3712 4472 3835 4510 con-

579 4556 787 4624 scripsit
822 4552 1168 4607 Athanasius.
1204 4548 1270 4602 In
1301 4551 1395 4604 hac
1428 4561 1603 4604 autem
1646 4551 1865 4616 epistola
1898 4561 2113 4604 enarrat
2151 4551 2211 4606 S.
2255 4553 2471 4619 Doctor,
2515 4565 2770 4624 quantum
2801 4555 2854 4607 in
2893 4554 2955 4607 iis
3000 4570 3119 4622 qua:
3176 4552 3333 4607 Verbi
3369 4556 3686 4608 divinitatem
3713 4566 3832 4618 spe-

579 4659 721 4704 ctant
756 4644 1168 4708 conscribendis,
1200 4644 1261 4696 ob
1299 4642 1593 4713 argumenti
1620 4641 2325 4706 sublimitatem,elaborarit
2354 4657 2373 4695 :
2406 4655 2656 4713 rogatque
2682 4645 2962 4697 monachos
2997 4654 3053 4695 ut
3092 4660 3155 4698 ne
3178 4644 3297 4696 aliis
3326 4645 3423 4697 illa
3445 4644 3830 4698 communicent.

580 4755 740 4806 neque
779 4737 878 4790 sibi
916 4735 1293 4809 transcribunt,
1322 4751 1423 4788 non
1448 4741 1617 4785 tutum
1648 4748 1758 4785 esse
1785 4734 1955 4796 aiens,
1984 4744 2041 4785 ut
2072 4734 2412 4788 balbutientis
2459 4746 2504 4788 et
2552 4736 2782 4804 imperiti
2816 4735 3037 4788 hominis
3069 4736 3266 4803 scripta
3311 4736 3381 4788 ad
3418 4745 3651 4803 posteros
3671 4746 3831 4802 pem:-

580 4836 765 4898 niant;
795 4833 869 4887 ita
924 4832 1096 4887 sobrie
1125 4841 1173 4885 et
1204 4830 1474 4885 moderate
1505 4829 1567 4881 de
1595 4844 1648 4881 se
1678 4828 1789 4894 ipse
1826 4828 2081 4881 sentiebat
2119 4843 2139 4881 :
2180 4845 2298 4898 qua:
2341 4830 2506 4883 animi
2543 4829 2889 4899 temperantia
2922 4827 3086 4882 elucet
3119 4830 3243 4885 item
3276 4830 3331 4882 in
3364 4838 3473 4883 toto
3498 4844 3700 4895 cperunt
3718 4825 3832 4893 ejus

580 4926 818 4978 decursu.
1877 4978 1883 4984 ,

651 5019 731 5073 Ill.
776 5019 888 5072 Ista
938 5035 1095 5087 porro
1123 5035 1240 5087 qua:
1273 5022 1341 5072 ad
1384 5020 1763 5085 confutandam
1806 5020 2060 5072 Arianam
2107 5020 2383 5084 liceresim,
2410 5030 2459 5073 et
2493 5021 2561 5073 ad
2604 5020 2755 5075 Verbi
2798 5023 3120 5077 divinitatem
3168 5032 3609 5096 propugnantium
3646 5026 3831 5091 scrip!“

581 5123 724 5177 sunt,
752 5128 821 5165 an
850 5112 966 5181 jam
1015 5111 1296 5177 supersint,
1327 5113 1606 5166 incertum.
1641 5113 1794 5178 Quod
1824 5113 1973 5165 aiunt
2008 5113 2148 5164 enim
2183 5114 2442 5179 nonnulli,
2477 5115 2703 5181 itlipsum
2750 5131 2857 5167 esse
2887 5117 3023 5181 quod
3054 5126 3283 5181 quatuor
3309 5116 3600 5173 Orationes
3646 5128 3827 5173 contra

575 5208 827 5271 Arianos,
864 5202 917 5257 id
964 5202 1268 5271 difficultate
1294 5221 1398 5259 non
1445 5214 1618 5258 vacat.
1656 5204 1795 5258 Nam
1828 5207 1882 5258 in
1930 5221 1989 5259 eo
2022 5206 2162 5274 quod
2202 5206 2270 5257 ad
2302 5208 2582 5258 monachos
2628 5208 2838 5259 missum
2873 5217 2944 5259 est
2979 5207 3263 5275 rescripto,
3304 5211 3488 5278 paucis
3526 5210 3826 5262 Arianorum

576 5295 790 5351 hazresis
832 5292 1243 5363 impugnabatur
1264 5332 1281 5359 ,
1308 5303 1362 5345 ut
1390 5294 1501 5359 ipse
1551 5304 1773 5347 testatur
1811 5294 2135 5347 Athanasius
2165 5310 2309 5348 num.
2354 5295 2405 5349 l.
2438 5293 2726 5351 Orationes
2756 5306 2926 5348 autem
2966 5304 3179 5352 contra
3200 5299 3437 5355 Arianos
3465 5301 3595 5355 adeo
3618 5296 3825 5367 prolixa?

574 5400 715 5453 sunt,
757 5398 814 5443 ut
848 5388 932 5443 vix
961 5386 1229 5449 credatur,
1260 5402 1347 5440 cas
1380 5386 1723 5438 Athanasium
1749 5388 1932 5455 paucis
1966 5389 2289 5456 conscriptas
2320 5389 2536 5452 dixisse,
2579 5389 2670 5458 qui
2705 5387 2905 5441 nullum
2953 5397 3118 5444 tanta:
3153 5391 3480 5458 prolixitatis
3512 5407 3664 5459 opus,
3686 5384 3827 5457 ᾳκῡό

574 5486 826 5546 sciamus,
860 5498 1091 5552 unquam
1113 5480 1300 5534 edidit.
1341 5477 1493 5543 Quod
1540 5491 1658 5528 vero
1695 5486 1882 5543 putant
1908 5478 2123 5545 quidam
2155 5478 2255 5531 viri
2290 5479 2651 5542 eruditissimi,
2684 5478 2975 5546 Epistolam
3006 5479 3075 5533 ad
3126 5480 3632 5552 Serapionem,qua:
3658 5477 3820 5548 primi

576 5579 797 5635 habetur
830 5583 885 5636 in
911 5580 1271 5648 superioribus
1314 5577 1490 5640 editis,
1522 5589 1739 5644 qumque
1764 5573 1876 5641 iam
1900 5590 1994 5627 suo
2022 5574 2205 5628 ordine
2232 5577 2472 5629 restituta
2496 5576 2778 5630 secundum
2809 5574 3002 5629 obtinet
3049 5574 3244 5641 locum,
3278 5576 3433 5647 quasi
3469 5560 3695 5647 synopsin
3728 5583 3821 5620 rc-

647 5711 757 5781 (94)
798 5712 1148 5767 Athanasium
1192 5711 1361 5765 secuti
1410 5711 1552 5781 lianc
1616 5708 1895 5779 epistolam
1962 5706 2357 5777 inscripsimus,
2404 5710 2472 5765 ad
2511 5709 2812 5764 monachos.
2848 5706 2977 5764 Vide
3013 5709 3156 5767 infra
3202 5712 3256 5766 in
3286 5709 3461 5766 Epist.
3490 5712 3557 5766 ad
3584 5700 3813 5773 διηρίθ-

577 5796 692 5832 nem
720 5778 781 5833 de
806 5792 971 5834 morte
1000 5783 1134 5849 Arii,
1166 5796 1312 5837 num.
1351 5781 1374 5833 1
1411 5790 1464 5834 et
1487 5778 1537 5833 5.
