3980 6508
180 453 267 511 681
886 442 1103 506 EPIST.
1144 448 1235 503 AD
1279 446 1715 503 SERAPIONEM
1755 446 1841 500 DE
1882 445 2119 502 .‘JORTE
2155 445 2315 500 ARII.
2350 474 2418 485 --
2443 444 2781 503 MONITUM.
2804 444 2817 463 '
3329 419 3461 497 082‘

178 568 343 632 scripti
379 566 449 621 ad
493 566 773 621 monachos
802 565 972 634 missi,
1028 566 1165 635 quod
1193 566 1493 619 earumdem
1542 573 1726 634 rogatu
1756 564 1915 633 fuerit
1948 566 2002 617 in
2044 565 2300 631 epitomen
2335 566 2605 616 redactum
2631 578 2651 626 ;
2681 559 2837 627 illud,
2868 563 3103 631 inquam,
3125 573 3299 613 verum
3328 571 3431 609 non

175 672 277 710 esse
300 663 442 723 patet
473 669 539 707 ea:
558 670 618 707 ea
657 654 769 723 ipsa
793 665 841 707 et
865 670 929 707 ex
956 655 1189 724 sequenti
1218 656 1282 707 ad
1310 652 1659 723 Serapionem
1688 653 1914 722 epistola
1947 668 1963 707 :
2002 653 2088 705 ubi
2122 654 2217 706 hoc
2249 669 2410 706 unum
2442 653 2514 705 ait
2543 650 2898 717 Athanasius,
2922 649 3215 720 postulasse
3238 650 3430 717 fratres

175 757 223 801 ut
250 765 307 801 ea
340 761 462 817 quae
496 748 671 815 fusius
695 748 747 799 in
781 748 955 816 printa
981 765 1079 802 sua
1111 750 1179 801 ad
1212 748 1549 816 Serapionem
1578 750 1640 801 de
1672 747 1872 815 Spiritu
1898 756 2082 800 sancto
2109 748 2428 811 disputarat,
2463 748 2645 815 paucis
2672 747 2739 800 ad
2770 745 3172 799 commodiorem
3199 744 3426 812 fratrum

177 857 317 895 usum
360 841 721 909 perscriberet.
755 840 908 905 Quod
960 838 1236 910 antequam
1278 850 1449 909 ageret
1481 838 1540 893 S.
1576 839 1789 905 Doctor,
1822 841 1992 907 primo
2028 856 2141 909 qua:
2179 836 2309 891 Filii
2358 838 2681 891 divinitatem
2707 848 2938 907 spectant
2988 835 3282 889 brevissime
3307 849 3429 903 per-

173 936 404 987 tractavit
435 949 456 997 ;
492 942 547 985 ut
580 933 685 986 illis
712 934 1023 1001 prtemissis,
1058 924 1273 1001 facilius
1294 934 1482 987 exinde
1520 935 1583 987 de
1629 933 1829 1001 Spiritu
1862 943 2046 986 sancto
2082 933 2135 986 in
2179 936 2331 987 tertia
2380 951 2475 988 sua
2521 934 2601 986 ad.
2635 929 2985 998 Serapionem
3033 924 3281 994 epistola,
3308 923 3426 976 bre-

170 1030 369 1099 viusque
392 1030 687 1083 dissereret.
729 1027 840 1083 Nec
872 1028 1133 1082 ullatenus
1168 1028 1237 1080 ibi
1284 1028 1516 1081 meminit
1540 1028 1860 1081 Athanasius
1906 1027 2214 1096 prolixioris
2245 1038 2498 1082 tractatus
2536 1030 2598 1081 de
2636 1025 2784 1079 Verbi
2822 1022 3093 1076 divinitate
3119 1027 3187 1073 ad
3232 1032 3421 1070 mona-

170 1120 277 1174 chos
309 1121 479 1173 missi.
524 1119 712 1189 Itaque
747 1119 1057 1187 supersitne,
1086 1133 1154 1170 an
1183 1118 1391 1185 penitus
1434 1117 1688 1170 interierit
1733 1117 1825 1169 illa
1870 1116 2159 1169 Arianismi
2210 1116 2498 1184 confutatio
2532 1118 2598 1168 atl
2632 1118 2912 1171 monachos
2941 1114 3089 1177 data,
3132 1111 3283 1166 valde
3322 1110 3422 1161 du-

169 1212 319 1265 bium.
357 1210 690 1264 Postremum
735 1228 862 1265 sane
896 1210 1219 1263 Athanasius
1272 1209 1494 1262 suadere
1536 1209 1778 1274 videtur,
1810 1208 1935 1261 dum
1976 1210 2259 1261 monachos
2317 1220 2362 1261 et
2400 1209 2568 1277 ipsum
2622 1208 2963 1276 Serapionem
3004 1206 3230 1272 impense
3267 1215 3421 1272 rogat

166 1309 287 1360 nulli
318 1317 375 1360 ut
413 1313 627 1360 tradant
659 1308 966 1375 rescriptum
996 1322 1170 1373 suum,
1197 1322 1357 1374 neque
1384 1307 1740 1359 transcribunt
1770 1307 1869 1360 sibi
1894 1320 1912 1358 :
1941 1306 2030 1359 sed
2052 1317 2167 1374 post
2193 1306 2381 1358 lectum
2412 1322 2560 1372 opus.
2582 1305 2828 1359 continuo
2855 1302 2923 1356 ad
2953 1318 3007 1357 se
3032 1301 3416 1361 transmittant,

165 1419 219 1456 ne
255 1403 483 1467 imperiti
511 1402 738 1455 hominis
780 1402 876 1466 (sic
909 1401 1016 1469 ille)
1047 1402 1240 1467 scripta
1276 1409 1381 1452 tum
1409 1400 1531 1453 altis
1559 1402 1622 1453 de
1662 1400 1812 1454 rebus
1844 1400 1911 1453 ad
1932 1409 2180 1469 posteros
2204 1400 2529 1468 perveniant.
2569 1398 2684 1463 Quo
2699 1400 2835 1467 forte
2866 1400 3106 1453 innuitur
3143 1399 3206 1451 ab
3245 1396 3413 1450 Atha-

162 1494 301 1547 nasio
332 1496 446 1561 ipso
484 1509 818 1560 suppressum
866 1492 1169 1558 opusculum
1201 1474 1391 1558 fuisse.

223 1582 305 1637 IV.
344 1582 640 1636 Historiam
674 1582 959 1635 Arianismi
1000 1582 1139 1648 quod
1173 1593 1390 1649 spectat,
1416 1597 1533 1650 qua:
1570 1580 1688 1634 item
1716 1581 2090 1635 monachorum
2115 1591 2297 1651 rogatu
2329 1590 2526 1648 scripta
2565 1589 2677 1647 est,
2706 1582 2775 1634 ad
2806 1583 3022 1652 illosque
3048 1584 3228 1648 missa,
3258 1583 3411 1636 initio

157 1674 383 1728 mutilam
436 1690 568 1737 esse,
593 1689 672 1727 res
721 1675 833 1741 ipsa
872 1687 963 1737 per
999 1687 1054 1724 se
1092 1671 1284 1724 clamat
1314 1688 1332 1736 ;
1371 1671 1445 1725 sic
1482 1672 1618 1725 enim
1648 1672 1729 1725 inc

1842 1680 1968 1725 tur:
1997 1671 2159 1725 Αὐτοὶ
2191 1671 2247 1725 δὲ
2295 1664 2370 1723 ὧν
2416 1669 2589 1723 ταῦτα
2636 1672 3049 1743 ἐμηχανήσαντο
3091 1673 3269 1745 χάριν,
3321 1673 3410 1727 ubi

153 1769 402 1835 particula
424 1769 755 1823 adversativa
777 1768 836 1820 δέ
868 1769 1115 1820 innuitur.
1142 1770 1418 1836 pra-missa
1448 1769 1689 1836 quasdam
1719 1768 1902 1835 fuisse.
1937 1767 2055 1820 Ima
2087 1783 2207 1820 vero
2232 1784 2295 1820 ea:
2324 1767 2749 1837 subsequentibus
2774 1768 2947 1836 palam
2971 1777 3046 1821 est
3069 1768 3218 1837 longe
3246 1769 3410 1824 altius

152 1862 351 1913 ductam
392 1860 558 1928 fuisse
600 1860 985 1913 narrationem.
1032 1858 1140 1911 Cur
1192 1872 1366 1913 autem
1415 1868 1581 1911 totum
1622 1858 1870 1912 omissum
1915 1859 1981 1910 sit
2036 1858 2270 1922 initium,
2308 1859 2449 1909 haud
2507 1857 2714 1924 difﬁcile
2761 1866 2835 1909 est
2882 1858 3160 1927 augurari.
3208 1855 3410 1927 Nempe

151 1970 488 2008 antanuenses
532 1970 652 2008 cum
695 1963 957 2008 cernerent
988 1954 1135 2008 illam
1179 1957 1407 2023 priorem
1453 1954 1691 2007 historia:
1727 1968 1951 2021 partem,
1981 1954 2219 2007 eamdem
2263 1965 2351 2005 aut
2401 1954 2509 2020 fere
2547 1953 2771 2006 similem
2800 1970 2909 2007 esse
2952 1954 3235 2021 posteriori
3259 1953 3406 2023 Apo-

147 2042 290 2111 logia!
316 2052 503 2097 contra
532 2043 762 2099 Arianos
782 2045 945 2113 parti,
982 2062 1126 2099 num.
1159 2045 1246 2108 59,
1276 2044 1362 2097 ubi
1405 2044 1468 2098 ab
1500 2044 1687 2097 exodio
1725 2044 2013 2097 Ariauismi
2044 2061 2125 2097 res
2156 2056 2324 2114 gestas
2372 2054 2593 2097 recenset
2630 2044 2982 2107 Athanasius,
3019 2045 3262 2114 editaque
3298 2060 3405 2098 mo-

146 2144 377 2189 numenta
421 2136 606 2205 refert,
655 2139 720 2191 ab
754 2154 815 2191 ea
848 2138 1187 2192 describenda
1228 2141 1682 2209 supersederunt:
1710 2141 1834 2206 quia
1888 2156 2070 2208 nempe
2094 2141 2277 2193 iisdem
2310 2150 2401 2191 aut
2438 2139 2547 2207 fere
2586 2137 2845 2191 similibus
2891 2138 3057 2192 verbis
3101 2140 3401 2207 conscripta

140 2238 265 2281 erat.
290 2227 437 2282 Illud
483 2231 624 2283 enim
676 2240 922 2298 perpetuo
968 2232 1341 2299 observarunt,
1381 2242 1434 2286 ut
1487 2233 1626 2300 quod
1683 2232 1797 2301 jam
1844 2233 1900 2285 in
1942 2231 2296 2301 superioribus
2338 2232 2655 2300 descriptum
2701 2230 3016 2296 haberetur,
3051 2247 3154 2283 non
3208 2229 3401 2283 iterum

140 2324 565 2377 transcriberent.
602 2320 862 2377 Fateatur
888 2334 1062 2379 tamen
1092 2326 1256 2380 solere
1279 2325 1397 2379 illos
1423 2325 1630 2378 initium
1664 2326 2006 2393 repetiturum
2033 2324 2376 2392 epistolarum
2422 2338 2679 2392 apponere
2719 2336 3029 2389 monereque
3059 2322 3236 2389 haberi
3274 2319 3398 2374 illas

135 2411 367 2478 superius
397 2411 689 2478 descriptas
712 2428 729 2466 :
766 2415 854 2466 sed
877 2414 1190 2483 quandoque
1212 2415 1347 2467 nihil
1375 2416 1678 2479 admonent,
1707 2433 1768 2467 ac
1794 2432 1856 2467 ne
1887 2415 2039 2468 verbo
2067 2414 2275 2484 quidem
2303 2415 2565 2483 apposito,
2592 2419 2759 2464 totum
2797 2427 2926 2479 opus
2950 2410 3390 2481 praetermittunt.

136 2504 283 2567 Quod
309 2508 363 2559 in
404 2506 514 2575 fine
542 2506 701 2575 hujus
742 2508 978 2562 historia:
1016 2509 1282 2563 advertere
1320 2519 1415 2572 est,
1447 2509 1534 2561 ubi
1565 2486 1889 2560 Athanasius
1914 2525 1967 2561 se
1993 2506 2325 2562 Sardicensis
2352 2507 2537 2571 synodi
2560 2505 2806 2570 epistolas
2834 2505 3205 2574 conscripsisse
3237 2515 3397 2559 testa-

128 2602 241 2659 tur,
272 2612 494 2663 quarum
541 2607 717 2651 tamen
762 2616 827 2652 ne
864 2601 1133 2671 vestigium
1176 2604 1248 2656 ibi
1287 2612 1571 2673 comparet,
1609 2604 1733 2671 quia
1767 2603 1970 2656 scilicet
2014 2603 2279 2673 superius,
2310 2617 2491 2670 nempe
2526 2600 2581 2653 in
2626 2598 2880 2670 Apologia
2917 2608 3104 2655 contra
3138 2598 3392 2669 Arianos,

127 2686 397 2757 descripr
440 2687 677 2756 fuerant.

193 2780 254 2837 V.
298 2782 599 2848 Opinamur
648 2785 823 2853 itaque
864 2803 895 2838 a
926 2787 1153 2839 secunda
1189 2786 1462 2855 Apologia:
1506 2796 1653 2853 parte
1700 2788 1913 2841 initium
1950 2787 2107 2856 hujus
2150 2788 2384 2841 historitc
2428 2789 2640 2842 duxisse
2680 2792 3025 2844 Athanasium
3060 2804 3078 2841 :
3105 2791 3391 2859 seriemque

122 2874 445 2926 narrationis
497 2875 734 2927 eamdem
778 2891 995 2940 prorsus
1028 2892 1145 2929 cum
1187 2885 1439 2931 servasset
1487 2892 1648 2945 usque
1691 2877 1760 2929 ad
1808 2876 2065 2945 synodum
2112 2875 2652 2945 IIierosolgmitanam
2692 2882 2820 2934 anni
2863 2880 3089 2946 535,ibi
3130 2880 3388 2932 diversam

119 2967 369 3018 narrandi
410 2967 549 3019 viam
578 2967 774 3019 iniisse.
822 2967 883 3019 In
918 2966 1015 3020 hac
1040 2969 1225 3037 quippe
1254 2968 1478 3020 historia
1524 2968 1597 3020 sic
1634 2968 1691 3019 ha

1816 2967 2020 3020 ;Αὐτο“ι
2050 2966 2108 3019 δὲ
2149 2959 2223 3019 ὧν
2267 2966 2440 3018 ταῦτα
2499 2968 2912 3038 ἐμηχανήσαντο
2946 2968 3125 3038 χάριν,
3170 2967 3271 3017 οὐκ
3307 2966 3386 3027 είς

119 3059 333 3137 μακρὰν
376 3061 708 3131 ἐπλήρωσαν
735 3078 747 3091 ο
784 3062 900 3131 ἅμα
946 3062 1054 3132 γὰρ
1099 3061 1513 3126 ἐπεϐούλευσαν,
1549 3065 1645 3116 καὶ
1697 3062 1857 3125 εὐθὺς
1890 3063 2015 3126 τοὺς
2045 3064 2170 3134 περὶ
2199 3062 2413 3131 Ἀρειον
2444 3064 2523 3126 είς
2556 3060 2839 3115 κοινωνίαν
2865 3060 3130 3124 ἐδέξαντο.
3155 3058 3222 3112 Id
3251 3068 3324 3112 est
3365 3074 3384 3109 :

115 3155 189 3206 Illi
225 3171 351 3209 vero
383 3172 470 3221 ea,
505 3172 736 3226 quorum
768 3160 936 3227 gratia
968 3158 1081 3212 haec
1114 3160 1282 3213 moliti
1316 3167 1461 3226 sunt,
1493 3175 1597 3214 non
1639 3161 1727 3213 diu
1779 3171 1963 3231 postea
1998 3160 2356 3228 impleverunt
2390 3176 2403 3212 :
2434 3159 2615 3214 statim
2663 3159 2803 3213 enim
2839 3166 2960 3228 post
2994 3168 3212 3227 paratas
3240 3155 3385 3225 ejus-

113 3250 255 3304 modi
297 3252 553 3317 insidias,
586 3254 776 3307 Arium
806 3270 927 3307 cum
958 3253 1070 3307 suis
1099 3256 1164 3307 ad
1205 3256 1639 3309 communionem
1684 3263 2041 3325 receperunt;
2085 3256 2139 3308 in
2186 3255 2443 3325 Apologia
2482 3270 2597 3309 vero
2633 3254 2707 3308 sic
2747 3270 2891 3309 num.
2925 3252 3028 3307 Si:
3054 3254 3236 3306 Ταῦτα
3290 3252 3385 3306 καὶ

109 3338 176 3390 τὰ
217 3341 441 3394 τοιαῦτα
474 3342 784 3407 συνθέντες,
810 3344 969 3408 εὐθὺς
998 3345 1093 3397 καὶ
1120 3345 1217 3417 τὴν
1244 3346 1420 3398 αἰτίαν
1449 3346 1515 3399 δι’
1542 3347 1606 3417 ἣν
1633 3347 1803 3399 ταῦτα
1829 3345 2091 3417 ἔπραξαν,
2119 3345 2471 3416 ἐφανέρωσαν
2492 3362 2504 3375 ⁸
2543 3345 2905 3414 ἀπερχόμενοι
2933 3344 3061 3415 γὰρ,
3094 3344 3381 3415 ἀπήγαγον

110 3428 228 3495 μεθ’
251 3429 459 3483 ἑαυτῶν
489 3430 618 3494 τοὺς
660 3431 967 3502 Ἀρειανοὺς
995 3435 1072 3497 είς
1106 3434 1201 3503 τὴν
1245 3435 1619 3506 Ἰερουσαλὴμ,
1652 3437 1813 3489 κάκεῖ
1860 3436 2078 3499 τούτους
2113 3438 2191 3499 εἰς
2222 3436 2502 3490 κοινωνίαν
2542 3436 2805 3501 ἐδέξαντο.
2842 3439 2908 3491 Id
2934 3449 3031 3503 est,
3066 3438 3377 3509 Hujusmodi

110 3533 192 3572 res
226 3522 522 3575 machinati
544 3562 557 3583 .
597 3522 723 3576 talia
748 3526 938 3594 agendi
968 3541 1188 3582 causam
1224 3543 1345 3581 mox
1394 3530 1569 3598 palam
1608 3530 1785 3585 fecere
1815 3547 1827 3581 :
1875 3529 1997 3584 inde
2045 3546 2275 3599 namque
2316 3529 2565 3599 profecti,
2594 3530 2825 3587 Arianos
2855 3548 3035 3587 secum
3068 3532 3377 3601 Hierosoly-

103 3625 252 3664 mam
279 3612 584 3678 adduxere,
617 3628 819 3683 eosque
851 3615 962 3671 illic
986 3619 1053 3672 ad
1084 3619 1518 3674 communionem
1568 3622 1855 3676 admisere.
1900 3620 1999 3675 His
2028 3622 2277 3677 accinunt
2315 3640 2430 3691 qua:
2476 3624 2529 3675 in
2564 3622 2696 3675 libro
2746 3624 2816 3677 De
2851 3626 3068 3695 synodis
3089 3665 3104 3689 ,
3129 3636 3241 3694 post
3276 3627 3377 3694 epi-

101 3707 293 3761 stolam
321 3711 560 3777 ejusdem
592 3709 1086 3782 lIierosolgmitana:
1109 3714 1321 3783 synodi,
1348 3715 1594 3784 leguntur
1623 3730 1641 3766 :
1670 3716 1755 3769 ubi
1779 3716 1971 3769 dicitur
1997 3717 2182 3770 Arium
2221 3733 2337 3770 cum
2365 3717 2539 3780 sociis,
2572 3716 2737 3788 268
2769 3719 2983 3788 Ἀρειον
3014 3719 3104 3772 καὶ
3130 3722 3253 3783 τοὺς
3278 3721 3376 3774 σὺν

98 3797 278 3867 αὐτῷ,
309 3800 604 3853 admissum
638 3803 708 3853 ad
738 3804 1153 3857 communionem
1188 3803 1375 3871 fuisse.
1408 3802 1716 3859 Notandum
1754 3816 1949 3872 autem,
1976 3807 2091 3860 licet
2122 3808 2507 3875 apertissimum
2550 3810 2635 3873 sit,
2662 3817 2961 3860 truncatant
2985 3810 3048 3861 ab
3073 3808 3221 3861 initio
3264 3824 3375 3862 esse

98 3896 241 3946 hanc
264 3896 335 3948 ad
364 3895 652 3949 monachos
685 3896 896 3949 missam
919 3894 1236 3959 historiam;
1265 3906 1493 3949 attamen
1519 3913 1634 3949 cum
1665 3913 1846 3950 eorum
1872 3913 1988 3965 qua:
2001 3900 2120 3966 jam
2147 3907 2423 3965 supersunt
2450 3898 2659 3950 initium
2687 3914 2717 3950 a
2754 3914 2807 3951 re
2827 3898 3106 3965 percelebri
3124 3899 3370 3965 ducatur,

94 3987 412 4058 integraque
442 4005 660 4056 prorsus
694 3992 761 4042 sit
784 3989 1062 4053 sententia,
1092 3999 1287 4042 certum
1324 3991 1507 4056 videri,
1560 4008 1660 4044 non
1711 4008 1839 4044 casu
1880 3992 1971 4045 sed
2011 3991 2231 4046 consilio
2278 3993 2629 4060 prwtermissa
2658 3990 2835 4058 priora
2871 3987 3053 4056 fuisse.
3084 3988 3248 4042 Nulla
3279 4004 3376 4042 au-

91 4090 196 4132 tem
225 4097 342 4134 sese
372 4083 529 4151 oﬂ‘ert
551 4082 663 4134 hwc
687 4083 959 4134 omittendi
990 4098 1183 4149 causa,
1211 4100 1367 4145 quam
1402 4099 1520 4153 qua:
1543 4102 1573 4135 a
1611 4084 1759 4137 nobis
1787 4086 2029 4152 superius
2058 4084 2223 4138 allata
2247 4096 2343 4139 est.

165 4175 263 4230 Vl.
306 4176 481 4230 Unum
514 4188 689 4231 tamen
713 4179 954 4245 estquod
991 4179 1264 4247 quidpiam
1311 4179 1502 4245 negotii
1536 4178 1795 4242 facessere
1825 4180 1992 4247 possit
2029 4194 2050 4242 ;
2088 4196 2289 4247 nempe,
2320 4180 2479 4247 paulo
2509 4190 2623 4245 post
2662 4180 2889 4232 medium
2920 4179 3077 4245 hujus
3114 4178 3369 4241 historite,

86 4268 181 4318 ubi
218 4269 333 4336 agit
370 4268 697 4322 Athanasius
732 4272 797 4323 de
841 4272 1073 4325 secunda
1111 4271 1466 4335 persecutione
1505 4268 1658 4323 Alexa

1799 4288 1865 4323 na
1901 4272 1995 4322 sub
2041 4267 2348 4339 Constantio
2370 4312 2383 4334 ,
2409 4272 2503 4334 ait,
2536 4271 2571 4321 ἂ
2598 4268 2778 4339 μικρῷ
2814 4266 3045 4339 πρόσθεν
3076 4266 3142 4318 δι’
3176 4265 3371 4334 ὀλίγων

80 4363 339 4434 εἴρηται,
370 4380 491 4431 qua:
518 4363 677 4431 paulo
700 4375 826 4420 ante
855 4367 1039 4435 paucis
1066 4374 1392 4436 pertractata
1416 4375 1561 4427 sunt,
1590 4366 1901 4433 quo.innuit
1925 4382 1978 4418 se
2008 4365 2129 4433 jam
2173 4375 2294 4417 ante
2325 4365 2378 4417 in
2412 4365 2508 4416 hac
2537 4364 2756 4417 historia
2796 4364 2859 4416 de
2889 4361 2979 4415 illa
3017 4360 3371 4430 persecutione

79 4457 251 4507 verba
279 4456 467 4523 fecisse
492 4472 510 4509 :
538 4457 675 4511 unde
698 4458 855 4523 infert
893 4456 1295 4521 Felckmannus,
1324 4474 1441 4509 cum
1465 4458 1520 4510 in
1542 4458 1605 4510 iis
1637 4472 1754 4525 qua:
1776 4456 1894 4525 jam
1921 4466 2128 4508 exstant
2149 4458 2557 4523 persecutionem
2586 4453 2731 4505 illam
2763 4467 2865 4504 non
2900 4451 3268 4517 enarrarit,_in
3305 4450 3368 4501 iis

73 4566 205 4616 qua:
243 4550 315 4603 ab
346 4552 495 4605 initio
518 4552 715 4604 antissa
742 4560 884 4614 sunt,
921 4562 1225 4605 enarratum
1258 4552 1404 4604 illam
1430 4551 1591 4619 fuisse
1626 4567 1643 4604 :
1673 4553 1811 4604 unde
1842 4550 1981 4619 forte
2027 4550 2145 4619 quis
2174 4549 2404 4618 colligat,
2430 4564 2547 4601 cum
2584 4549 2637 4601 in
2661 4546 2889 4602 secunda
2926 4546 3199 4617 Apologia:
3222 4558 3369 4615 parte

74 4659 143 4694 ne
174 4643 409 4695 verbum
430 4644 643 4711 quidem
676 4643 739 4696 de
764 4643 856 4696 illa
887 4644 1247 4713 persecutione
1278 4652 1600 4711 compareat,
1632 4660 1738 4697 non
1776 4642 1939 4701 fuisse
1962 4641 2108 4694 illaut
2141 4642 2261 4694 huic
2285 4642 2522 4694 historiae
2561 4642 2624 4694 ab
2653 4640 2941 4693 Athanasio
2977 4640 3253 4702 adnexam,
3278 4640 3367 4691 sed

66 4736 241 4790 aliud
292 4739 357 4789 ab
384 4737 477 4791 illa
519 4738 783 4792 diversum
815 4740 1018 4791 initium
1048 4740 1317 4792 adtextum
1348 4739 1530 4807 fuisse.
1561 4741 1624 4791 At
1653 4739 1860 4791 etiamsi
1890 4738 2134 4790 secunda:
2167 4734 2438 4804 Apologia:
2467 4736 2606 4802 parti
2666 4739 2729 4789 de
2763 4737 2989 4788 secunda
3016 4734 3368 4803 persecutione

66 4828 468 4881 Alexandrina
510 4830 747 4880 nonnihil
796 4832 1083 4883 addidisset
1126 4830 1449 4885 Athanasius
1469 4873 1481 4892 ,
1516 4847 1617 4884 non
1647 4831 1923 4885 obstitisset
1964 4827 2097 4880 illud
2123 4830 2247 4897 quin
2278 4841 2618 4879 amanuenses
2643 4827 2754 4879 htec
2775 4842 2890 4879 cum
2933 4827 3133 4879 ca’leris
3162 4827 3368 4879 omitte-

64 4930 195 4973 rent
219 4936 245 4985 ;
288 4920 531 4989 exempla
585 4922 721 4974 enim
750 4922 1053 4991 hujusmodi
1079 4926 1420 4978 omissionum
1457 4926 1648 4979 videsis
1688 4927 1742 4979 in
1782 4904 2041 4993 Apologia
2082 4930 2270 4977 contra
2305 4922 2557 4984 Ariunos,
2596 4936 2741 4973 num.
2774 4920 2843 4974 44
2874 4930 2922 4974 et
2960 4919 3048 4984 78,
3087 4920 3173 4973 ubi
3214 4936 3365 4972 ama-

61 5032 320 5070 nuenses
346 5034 451 5070 non
491 5016 647 5070 modo
681 5020 927 5085 epistolas
955 5030 1076 5073 ante
1115 5021 1402 5087 descriptas
1425 5022 1671 5074 omittunt
1694 5062 1707 5085 ,
1742 5021 1832 5071 sed
1871 5027 1920 5071 et
1951 5017 1996 5070 si
2041 5016 2167 5086 quid
2199 5018 2509 5085 posteriores
2550 5033 2581 5068 a
2610 5016 2874 5082 prioribus
2916 5016 3225 5085 discrepent,
3258 5017 3369 5083 ple-

55 5123 322 5177 rumque
368 5108 505 5160 nihil
543 5109 818 5169 monendo,
874 5109 928 5161 id
960 5126 1077 5163 cum
1109 5111 1232 5163 aliis
1278 5111 1706 5178 praztermittunt.
1748 5106 2249 5174 Observandumque
2282 5116 2431 5160 notas
2480 5108 2819 5162 omissionum
2866 5125 2983 5179 qua:
3029 5126 3059 5162 a
3107 5109 3367 5176 prioribus

51 5199 516 5253 amanuensibus
549 5203 806 5268 apposita:
854 5202 1088 5269 fuerant,
1123 5204 1286 5272 fuisse
1313 5222 1345 5257 a
1393 5204 1770 5272 posterioribus
1809 5204 2195 5272 prwtermissas
2231 5219 2249 5257 .'
2290 5207 2427 5274 quod
2464 5205 2606 5257 haud
2648 5204 2805 5258 semel
2846 5204 2985 5273 apud
3019 5203 3363 5255 Athanasium

45 5290 592 5345 artimadvertimus.
635 5290 973 5347 Arbitrantur
1022 5305 1195 5351 tamen
1235 5296 1367 5349 illud
1415 5296 1597 5368 μικρῷ
1640 5296 1874 5367 πρόσθεν
1923 5296 2111 5364 referri
2152 5314 2254 5351 non
2295 5315 2444 5366 posse
2482 5299 2550 5351 ad
2587 5313 2701 5351 eant
2730 5296 2962 5350 historia:
3005 5304 3201 5361 partem
3250 5308 3366 5361 qua'

42 5386 233 5438 initio
277 5386 477 5438 omissa
509 5396 608 5439 est.
646 5385 787 5439 Nam
812 5389 926 5456 qui,
956 5407 1151 5461 quwso,
1176 5392 1334 5461 paulo
1364 5403 1488 5447 ante
1520 5402 1771 5448 enarrata
1795 5393 1889 5448 illa
1912 5394 2130 5457 diceret,
2155 5412 2273 5466 qua:
2298 5395 2415 5465 plus
2441 5413 2599 5466 quam
2633 5394 2981 5465 quadraginta
3010 5399 3133 5442 ante
3158 5389 3364 5457 paginis

38 5480 435 5535 haberentur.
472 5480 661 5550 Itaque
685 5482 819 5535 illud
848 5486 1006 5553 paulo
1029 5496 1153 5540 ante
1204 5486 1533 5555 referendum
1579 5488 1780 5541 videtur
1808 5490 1876 5540 ad
1910 5504 1971 5542 ea
2012 5505 2131 5556 qua:
2158 5491 2329 5543 media
2367 5500 2487 5543 ante
2528 5492 2720 5559 pagina
2758 5490 2821 5541 de
2858 5486 3214 5539 Alexandrina
3248 5498 3364 5548 per-

36 5575 381 5639 secutione,
414 5573 483 5627 δι’
511 5574 739 5643 ὀλίγων,
771 5575 955 5645 paucis
984 5576 1200 5643 scilicet,
1220 5589 1470 5631 memorat
1497 5577 1841 5645 Athanasius,
1867 5591 1918 5633 et
1944 5578 2013 5632 ad
2043 5596 2103 5635 ea
2127 5596 2242 5650 qua:
2275 5598 2419 5634 num.
2453 5579 2522 5636 52
2545 5582 2608 5633 de
2637 5575 2849 5647 Sgriani
2878 5576 3167 5647 irruptione
3190 5574 3361 5627 leviter

30 5668 331 5739 attingit.

123 5760 271 5816 VH.
323 5758 478 5812 Circa
510 5762 749 5827 superius
784 5761 1004 5815 allatum
1045 5762 1259 5831 hujusce
1278 5763 1512 5818 historia'
1540 5766 1773 5829 initium,
1808 5776 1963 5834 prout
2002 5771 2201 5821 scilicet
2232 5770 2345 5837 jam
2370 5774 2561 5835 exstat,
2594 5768 2822 5836 ingentes
2865 5767 3120 5822 induxere
3149 5779 3360 5823 contro-

27 5858 293 5915 tersius
336 5854 435 5907 viri
465 5854 678 5917 quidam
707 5856 1081 5925 eruditissimi,
1109 5858 1195 5925 qui
1224 5875 1339 5911 cum
1387 5862 1672 5914 .‘llcxandri
1700 5860 2271 5932 Constantinopolitani
2300 5864 2493 5915 obitum
2522 5864 2589 5915 ad
2627 5880 2819 5918 annum
2842 5865 2937 5919 531
2975 5866 3358 5935 referant,hiac
