3980 6508
584 470 690 538 685
1158 476 1216 529 s.
1257 466 1630 531 ATHANASII
1674 464 1828 531 opp.
1873 467 2048 528 PARS
2081 474 2120 528 ι.
2159 504 2219 515 -
2263 464 2632 529 HISTORICA
2677 461 2767 526 ΕΤ
2801 462 3219 527 DOGMATICA.
3694 472 3775 528 εει

585 598 951 662 consequenter
976 589 1225 661 colligunt
1259 607 1362 645 non
1397 591 1577 643 Arium
1617 588 2025 643 hmresiarcham
2057 586 2342 640 admissum
2370 585 2533 654 fuisse
2568 586 2623 638 in
2672 582 3148 653 llierosolymitana
3185 586 3405 656 synodo,
3445 602 3577 640 anno
3600 584 3684 640 535
3713 604 3780 641 ce-

583 693 804 755 l‘ebrata,
834 688 923 742 sed
952 687 1116 740 alium
1164 686 1526 741 hwresiarcha:
1571 686 1930 752 cognominem
1964 686 2179 752 ejusque
2220 697 2513 752 sequacem.
2558 679 2699 732 Alibi
2742 690 2910 733 autem
2950 680 3134 734 Arium
3188 682 3370 735 dicunt
3403 698 3496 752 pro
3533 681 3781 736 Arianis‘ea

583 786 684 839 loci
705 786 768 838 ab
795 783 1084 837 Athanasio
1116 782 1397 835 nominari.
1428 778 1532 834 Sed
1560 790 1779 847 utraque
1801 779 1898 831 illa
1922 778 2178 831 sententia
2212 792 2272 830 ne
2303 776 2574 857 minimum
2598 774 2804 844 quidem
2835 774 3219 842 probabilitatis
3250 776 3426 830 habet.
3452 776 3587 829 Nam
3605 779 3782 844 primum

581 883 718 948 quod
751 890 968 948 spectat,
1006 879 1120 946 quis
1157 891 1384 945 unquam
1425 874 1524 927 sibi
1566 870 1906 943 persuaserit,
1929 870 2277 926 Athanasium
2305 872 2361 924 in
2406 869 2661 940 Apologia
2699 877 2883 923 contra
2917 870 3167 933 Arianos,
3191 880 3236 923 et
3259 871 3312 922 in
3339 869 3473 923 libro
3504 870 3574 924 De
3594 871 3783 940 synodis,

579 984 850 1041 postquam
872 974 938 1022 lin
980 972 1113 1023 serie
1141 968 1460 1022 narrationis
1507 967 1793 1020 sexcenties
1837 963 2245 1018 haeresiarcham
2279 962 2463 1015 Arium
2515 961 2825 1025 nominavit,
2872 961 2959 1014 ubi
3009 961 3077 1014 ad
3106 962 3297 1031 synodi
3345 960 3788 1029 Hierosolymitante

581 1068 939 1120 narrationem
961 1065 1213 1135 pervenit,
1244 1064 1513 1129 derepente
1544 1058 1707 1114 alium
1735 1060 2051 1113 substituere
2082 1056 2403 1120 Arium;ita
2444 1064 2497 1107 ut
2546 1068 2638 1107 nec
2677 1062 2905 1118 moneat,
2946 1070 3037 1107 nec
3082 1055 3164 1108 vel
3211 1055 3429 1109 minimo
3459 1056 3599 1123 signo
3637 1056 3787 1110 indicet

580 1176 691 1213 esse
726 1158 876 1210 illum
911 1159 1071 1209 alium
1105 1156 1169 1208 ab
1195 1155 1581 1216 hwresiarcha,‘
1610 1164 1663 1205 ut
1696 1168 1871 1204 omnes
1907 1143 2118 1203 omnino
2144 1147 2201 1200 in
2227 1162 2461 1200 errorem
2496 1145 2727 1197 inducat.
2750 1142 2893 1207 Quid
2916 1157 3033 1196 vero
3066 1144 3367 1199 absimilius
3397 1146 3423 1198 ?
3445 1145 3583 1210 Quid
3613 1147 3789 1201 alienius

582 1272 615 1307 a
641 1255 870 1322 sapiente
891 1262 1238 1321 accuratoque
1272 1252 1543 1314 scriptore,
1569 1247 1773 1317 qualem
1796 1246 1957 1313 fuisse
1983 1243 2331 1297 Athanasium
2373 1256 2523 1294 nemo
2553 1249 2635 1293 eat
2665 1238 2915 1305 inﬁcias?
2933 1237 3053 1291 Ruit
3086 1255 3210 1291 sane
3244 1238 3376 1291 illud
3404 1236 3485 1292 vel
3519 1239 3670 1305 primo
3692 1256 3792 1306 pru-

580 1345 749 1398 dentis
780 1342 987 1396 lectoris
1029 1352 1262 1410 aspectu.
1291 1338 1401 1393 Nec
1424 1339 1539 1407 plus
1564 1338 1716 1390 habet
1746 1335 2012 1403 ﬁrmitatis
2047 1331 2189 1401 quod
2215 1332 2387 1394 aiunt,
2414 1330 2641 1383 Arianos
2670 1328 2742 1380 ibi
2769 1328 2886 1380 Arii
2913 1327 3122 1380 nomine
3153 1328 3419 1381 indicatos
3444 1343 3589 1382 esse:
3614 1337 3795 1383 testatur

578 1434 766 1503 quippe
792 1432 1109 1486 Athanasius
1141 1430 1273 1484 libro
1294 1429 1370 1483 De
1392 1427 1636 1498 synodis,
1675 1436 1936 1493 receptum
1969 1423 2078 1476 illic
2113 1422 2150 1490 [ι

2225 1438 2279 1475 se
2316 1422 2540 1491 Ἀρειον
2574 1419 2667 1471 καὶ
2696 1418 2821 1491 τοξδς
2861 1417 2957 1470 σὺν
2987 1417 3159 1488 αὐτῷ,
3180 1419 3330 1487 quasi
3357 1419 3553 1472 diceret
3580 1419 3735 1473 Arium
3756 1429 3794 1474 et

576 1528 805 1581 Arianos
844 1543 861 1579 :
904 1527 991 1579 ubi
1032 1541 1149 1578 cum
1193 1532 1369 1592 aperte
1416 1522 1707 1589 distinguat
1739 1519 1924 1572 Arium
1955 1534 1987 1569 a
2024 1515 2333 1585 sequacibus
2358 1554 2373 1580 ,
2414 1513 2760 1582 manifestum
2796 1520 2872 1565 est
2906 1512 3087 1564 Arium
3124 1512 3321 1577 ipsum,
3354 1521 3467 1564 tum
3491 1512 3795 1580 superstitem,

576 1634 692 1687 cum
716 1617 929 1670 Arionis
962 1616 1252 1668 admissum
1284 1614 1351 1665 ad
1386 1611 1803 1665 communionem
1838 1608 2024 1674 fuisse.

654 1713 780 1767 VIII.
824 1712 976 1776 Quod
1010 1707 1246 1764 eruditos
1278 1709 1412 1762 viros
1449 1706 1517 1757 ad
1550 1720 1663 1757 eam
1691 1701 2110 1771 amplectendam
2146 1701 2460 1755 sententiam
2495 1698 2768 1768 compulit,
2790 1698 2943 1752 verba
2972 1706 3091 1750 sunt
3124 1694 3615 1766 Philippopolitana:
3644 1699 3796 1768 synodi

566 1806 640 1857 ab
669 1804 883 1857 Arionis
915 1802 1188 1855 celebrata:
1224 1814 1361 1850 anno
1395 1790 1520 1859 547,
1546 1790 1698 1861 cuius
1729 1789 1952 1861 epistola
1997 1792 2219 1844 habetur
2242 1792 2297 1843 in
2327 1788 2667 1857 Fragmentis
2708 1787 2929 1843 Hilarii.
2964 1788 3048 1841 Ibi
3095 1787 3255 1840 aiunt
3284 1788 3542 1854 haeretici,
3574 1806 3701 1843 num.
3726 1791 3797 1853 I3,

576 1896 807 1949 Paulum
861 1890 1507 1958 Constantinopolitanum
1553 1885 1834 1939 Athanasii
1875 1885 2193 1953 expositioni
2220 1898 2311 1936 seu
2342 1882 2658 1951 depositioni
2703 1880 3035 1949 interfuisse,
3065 1878 3319 1948 illumque
3347 1880 3641 1934 damnasse.
3677 1877 3800 1932 L'nde

574 1997 801 2057 arguunt
836 1987 936 2051 illi,
958 1986 1076 2054 jam
1118 1993 1349 2051 tempore
1401 1976 1576 2049 Tyria:
1624 1979 1811 2048 synodi
1861 1977 1950 2031 ubi
1993 1979 2278 2031 damnatus
2326 1975 2649 2029 Athanasius
2694 1974 2826 2043 fuit,
2864 1973 3091 2027 Paulum
3136 1974 3298 2043 fuisse
3348 1972 3801 2042 ConstantinOpolis

571 2080 864 2148 episcopum
898 2095 917 2132 :
958 2087 1110 2146 atque
1143 2073 1275 2128 adeo
1310 2084 1537 2143 tempore
1562 2073 1750 2142 synodi
1790 2068 1985 2139 Tyriw,
2012 2086 2075 2122 ac
2107 2078 2483 2138 consequenter
2517 2067 3011 2137 Ilierosolymitanw
3033 2082 3149 2135 qua!
3182 2075 3299 2133 post
3331 2064 3552 2131 Tyriam
3580 2067 3799 2120 celebrata

571 2186 670 2241 est,
698 2175 1003 2241 defunctum
1031 2172 1222 2225 Arium
1256 2168 1444 2240 fuisse,
1476 2168 1662 2237 quippe
1702 2164 1793 2234 qui
1832 2174 1953 2218 ante
1983 2163 2347 2217 Alexandrum
2372 2157 2534 2215 Pauli
2564 2162 2884 2214 decessorem
2914 2161 3117 2213 abierit.
3149 2159 3256 2213 Sed
3299 2176 3418 2229 qua:
3440 2159 3571 2228 fides
3597 2160 3801 2215 habenda

570 2268 690 2330 huic
734 2267 1097 2320 hwreticorum
1133 2263 1386 2332 epistolw,
1422 2275 1539 2328 qua:
1586 2257 1865 2311 calumniis
1898 2264 1947 2309 et
1993 2254 2281 2309 mendaciis
2322 2267 2557 2321 respersa
2593 2262 2671 2307 est
2701 2253 2727 2306 .9
2755 2270 2869 2305 cum
2902 2255 3192 2321 praesertim
3235 2254 3415 2306 eodem
3463 2254 3566 2305 loci
3602 2254 3801 2318 dicatur,

570 2357 843 2422 Asclepam
884 2335 961 2408 ab.
984 2350 1272 2407 Athanasio
1306 2352 1616 2404 damnatum
1644 2347 1830 2416 fuisse,
1867 2346 2007 2415 quod
2039 2345 2389 2413 falsissimum
2416 2353 2514 2407 est,
2553 2343 2979 2413 impudenterque
3011 2344 3105 2397 sub
3142 2346 3315 2413 ipsum
3345 2344 3584 2412 epistola:
3625 2344 3806 2397 initium

569 2452 749 2503 dicant
777 2448 1030 2515 lueretici,
1052 2463 1107 2501 se
1140 2442 1382 2501 Sardica:
1419 2442 1678 2514 synodum
1708 2439 2017 2507 celebrasse,
2046 2440 2186 2510 quod
2212 2456 2242 2493 a
2266 2454 2385 2495 vero
2418 2440 2720 2507 abhorrere,
2750 2438 2881 2492 nulli
2922 2449 3103 2493 notum
3134 2455 3237 2494 non
3270 2449 3404 2494 erat.
3440 2438 3520 2494 De
3544 2439 3621 2494 itis
3645 2440 3806 2493 iterum

567 2542 626 2591 in
660 2531 779 2593 Vita
812 2538 1120 2593 Athanasii.

667 2558 779 2594 ma
812 2558 1120 2593 nutantis".

637 2628 732 2683 IX.
771 2628 929 2682 Aliud
970 2638 1147 2682 autem
1189 2628 1415 2695 a/ferunt
1455 2634 1823 2695 argumentum
1849 2665 1863 2690 ,
1889 2626 2076 2678 Arium
2106 2624 2309 2679 scilicet
2340 2621 2750 2680 liceresiarcham
2787 2625 2879 2678 diu
2920 2633 3041 2676 ante
3082 2621 3395 2676 celebratam
3419 2622 3671 2692 synodum
3697 2619 3811 2674 Hice

568 2718 1011 2788 rosolymitanam
1043 2718 1209 2786 fuisse
1239 2718 1308 2770 ad
1336 2719 1753 2773 communionem
1807 2717 2143 2780 admissum;
2180 2727 2334 2786 atque
2376 2716 2506 2769 adeo
2548 2732 2650 2769 non
2689 2714 2928 2769 eumdem
2975 2724 3235 2782 receptum
3282 2713 3449 2781 fuisse
3479 2713 3535 2767 in
3588 2712 3813 2779 prtedicts

567 2807 793 2877 synodo.
823 2804 926 2860 Sed
964 2806 1177 2859 omnino
1224 2816 1472 2876 repugnat
1508 2805 1641 2858 illud
1681 2805 1974 2859 Athanasio
1997 2845 2012 2867 ,
2045 2806 2136 2872 qui
2182 2804 2441 2875 Apologia
2481 2814 2667 2859 contra
2702 2805 2961 2869 Arianos,
2994 2820 3140 2857 num.
3167 2804 3257 2869 59,
3291 2806 3389 2867 ait,
3422 2802 3649 2858 Eusebio
3681 2805 3817 2857 insti-

569 2907 725 2966 gante
743 2897 963 2966 jussisse
1001 2896 1101 2951 sibi
1150 2895 1555 2949 Constantinum
1591 2904 1644 2945 ut
1681 2893 1867 2946 Arium
1905 2894 2190 2961 reciperet;
2236 2896 2394 2963 idque
2424 2894 2711 2964 denegante
2755 2894 3079 2958 Athanasio,
3117 2905 3271 2962 atque
3300 2896 3401 2948 sibi
3450 2896 3564 2963 [asj
3596 2911 3693 2948 non
3722 2911 3817 2948 esse

567 2989 879 3061 imperatori
923 2989 1180 3041 suadente
1203 3028 1217 3054 ,
1242 2986 1358 3039 ideo
1401 2985 1725 3039 Eusebianos
1764 2985 1817 3038 in
1864 2985 2213 3039 Athanasium
2252 2985 2547 3039 calumnias
2593 2988 2865 3039 struxisse.
2896 2984 3086 3041 Postea
3114 3003 3232 3040 vero
3260 3002 3404 3039 num.
3438 2985 3508 3057 84
3538 2986 3632 3051 ait,
3661 3001 3743 3040 eos
3771 2985 3817 3037 in

564 3082 766 3150 synodo
821 3077 1301 3150 Hierosolymitana
1354 3080 1530 3149 palam
1572 3080 1781 3149 fecisse,
1814 3096 1868 3132 se
1897 3081 2007 3133 ha'c
2050 3084 2222 3135 omnia
2255 3098 2366 3135 esse
2407 3081 2733 3135 machinatus
2762 3080 2877 3135 Arii
2920 3100 3034 3135 cum
3077 3082 3184 3135 suis
3219 3082 3505 3148 recipiendi
3543 3098 3718 3147 causa,
3744 3091 3816 3132 at-

564 3192 663 3244 que
708 3192 824 3229 eum
874 3177 945 3229 ibi
998 3192 1174 3230 revera
1218 3177 1285 3229 ad
1331 3176 1746 3229 communionem
1796 3176 1957 3241 fuisse
1989 3178 2317 3242 admissum,
2346 3188 2401 3230 ut
2442 3189 2666 3231 testatur
2709 3181 2867 3231 etiam
2917 3181 3023 3247 ipse
3066 3180 3120 3231 in
3163 3180 3296 3231 libro
3343 3180 3417 3232 De.
3450 3178 3673 3247 synoilis
3718 3184 3819 3243 post

567 3260 841 3333 epistolam
872 3264 1105 3335 ejusdem
1137 3266 1323 3334 synodi
1360 3265 1880 3335 Hierosolymitanw.
1908 3262 1992 3318 Ex
2019 3269 2097 3319 his
2131 3266 2411 3319 Athanasii
2448 3266 2578 3319 locis
2616 3268 2727 3333 ipsa
2757 3267 2871 3320 luce
2896 3266 3092 3319 clarius
3129 3280 3202 3321 est
3229 3270 3400 3335 ipsum
3428 3268 3816 3321 haeresiarcham

564 3363 619 3413 in
650 3363 847 3431 synodo
874 3357 1358 3430 Hierosolymitnna
1389 3364 1515 3415 anni
1551 3361 1657 3416 ’555
1692 3362 1759 3414 ad
1808 3363 2224 3414 communionem
2261 3362 2424 3428 fuisse
2469 3364 2777 3414 admissum.
2807 3359 3002 3414 Mirum
3033 3378 3159 3415 sane
3181 3362 3443 3430 ejusmodi
3482 3363 3596 3433 loco
3630 3360 3818 3412 innixos

565 3453 801 3505 eruditos
835 3453 990 3515 viros,
1018 3450 1375 3504 incredibilem
1409 3460 1458 3504 et
1502 3450 1796 3505 Athanasio
1831 3452 2197 3504 adversantem
2225 3456 2473 3504 statuisse
2496 3452 2825 3504 sententiam.
2852 3450 3052 3504 thera
3090 3468 3209 3517 qua:
3233 3453 3460 3520 afferunt
3496 3450 3693 3503 nullius
3712 3459 3817 3501 sunt

562 3550 835 3612 momenti,
872 3563 961 3599 nec
994 3547 1351 3615 confutatione
1375 3558 1542 3616 egent.
1579 3547 1696 3600 Duo
1732 3558 1906 3600 tamen
1947 3549 2149 3600 monitu
2175 3548 2333 3617 digna
2362 3559 2637 3615 supersunt
2673 3559 2692 3599 :
2723 3547 2779 3599 1ο
2820 3548 2997 3600 Alium
3038 3562 3214 3601 revera
3240 3548 3407 3614 fuisse
3448 3545 3637 3597 Arium
3671 3544 3821 3596 hisre-

563 3636 790 3692 siarcha:
815 3648 1108 3706 sequacem,
1140 3639 1230 3705 qui
1258 3656 1363 3691 una
1398 3656 1515 3692 cum
1547 3638 1639 3693 illo
1678 3639 1741 3691 ab
1775 3639 2079 3692 Alexandro
2112 3638 2476 3692 Alexandrino
2506 3642 2787 3691 damnatus
2818 3637 3059 3705 ferturin
3087 3639 3304 3706 epistola
3327 3640 3570 3705 ejusdem
3608 3634 3821 3688 Alexan-

563 3730 652 3785 dri
688 3732 910 3802 inferius
945 3735 1185 3797 edenda;
1214 3734 1303 3786 sed
1340 3734 1539 3787 nullius
1584 3735 1813 3788 nominis
1844 3735 2127 3799 hominem,
2162 3735 2251 3801 qui
2295 3750 2358 3787 ne
2403 3733 2561 3787 semel
2614 3734 2827 3802 quidem
2878 3734 3015 3802 apud
3064 3736 3414 3788 Athanasium
3468 3740 3821 3790 memoratur;

560 3826 618 3879 2°
641 3822 909 3878 Hilarium
943 3824 1073 3878 duos
1106 3828 1259 3879 Arios
1293 3830 1590 3882 nominasse
1614 3830 1810 3898 fragm.
1835 3828 1892 3891 2,
1919 3841 1971 3880 rt.
2000 3828 2070 3881 26
2100 3844 2115 3894 ;
2149 3829 2240 3882 sed
2270 3828 2397 3882 solet
2436 3826 2683 3880 Hilarius
2726 3828 2954 3882 Arianos
2989 3829 3149 3885 Arios
3186 3847 3516 3894 nuncupare,
3550 3838 3609 3881 ut
3658 3829 3823 3879 obser-

561 3926 751 3969 varunt
786 3917 947 3968 nostri
981 3918 1035 3993 in
1060 3925 1321 3983 postrenta
1352 3908 1547 3966 Hilarii
1595 3916 1824 3968 editione
1854 3929 1871 3965 :
1898 3915 1986 3967 ubi
2019 3917 2141 3969 item
2182 3918 2329 3970 aiunt
2366 3919 2462 3971 hoc
2505 3915 2706 3970 liilarii
2734 3916 2849 3970 loco
2879 3917 3119 3987 deceptos
3153 3918 3402 3974 Severum
3436 3919 3741 3988 Sulpicium
3773 3924 3815 3967 et

576 4010 823 4081 l'igilium
853 4008 1165 4079 Tapsensem
1195 4013 1325 4063 duos
1358 4012 1628 4065 induxisse
1659 4012 1836 4066 Arios.
1871 4011 2011 4066 Ibid.
2043 4012 2252 4067 videsis.

632 4102 698 4157 X.
744 4104 1033 4171 Postquam
1063 4102 1112 4157 Η
1124 4101 1565 4171 ierosolymitona:
1595 4101 1780 4170 synodi
1819 4112 1962 4171 gesta
1992 4103 2160 4156 leviter
2195 4105 2371 4173 attigit
2405 4105 2753 4169 Athanasius,
2792 4114 3019 4159 recenset
3062 4107 3329 4174 episcOpos
3372 4103 3439 4156 ab
3471 4102 3694 4155 Arianis
3722 4097 3826 4150 dire

558 4204 796 4260 vexatos,
820 4205 1151 4262 extorresque
1187 4191 1374 4261 factos.
1409 4191 1550 4243 Hinc
1582 4202 1797 4244 enarrat
1839 4206 1919 4243 res
1950 4201 2123 4259 gestas
2150 4193 2214 4245 ab
2253 4211 2393 4247 anno
2429 4194 2532 4249 558
2580 4196 2649 4248 ad
2687 4211 2884 4249 annum
2918 4195 3043 4264 557,
3084 4213 3146 4250 ac
3188 4196 3489 4250 intermissa
3529 4196 3827 4265 plerumque

558 4289 881 4341 narrationis
921 4288 1076 4352 serie,
1105 4288 1300 4339 acriter
1332 4287 1385 4339 in
1416 4283 1779 4337 Constantium
1803 4294 1851 4337 et
1888 4287 1939 4336 in
1972 4285 2193 4338 Arianos
2218 4286 2500 4339 invehitur.
2528 4285 2667 4340 lluic
2697 4288 2933 4342 historia:
2958 4304 3069 4342 sese
3094 4288 3226 4341 Acta
3264 4287 3603 4342 Sardicensis
3627 4282 3826 4354 synodi.

557 4378 1027 4448 obtestationesque
1079 4377 1258 4446 populi
1303 4376 1650 4430 Alexandrini
1684 4376 1823 4427 circa
1866 4374 2079 4444 Syriani
2110 4378 2482 4442 irruptionem,
2518 4380 2857 4446 subiunxisse
2896 4390 3149 4434 memorat
3181 4378 3239 4433 S.
3290 4379 3504 4433 Doctor.
3538 4377 3646 4432 Sed
3678 4375 3751 4428 ibi
3771 4373 3828 4424 ob

554 4474 799 4541 superius
840 4466 1060 4525 allatam
1099 4474 1374 4535 rationem,
1407 4468 1736 4524 Sardicensis
1760 4471 1952 4540 synodi
1996 4471 2226 4537 epistola!
2264 4472 2480 4525 minime
2518 4486 2840 4539 comparent.
2876 4474 2959 4528 Ea:
2988 4474 3425 4527 obtestationibus
3449 4488 3571 4526 vero
3605 4467 3829 4525 secunda

555 4579 760 4622 tantum
792 4567 865 4621 ibi
902 4567 1271 4621 subnectitur:
1307 4565 1479 4634 prima
1507 4581 1626 4619 vero
1654 4563 1730 4617 vel
1759 4566 1823 4616 ab
1862 4564 2148 4617 Athanasio
2193 4565 2359 4635 269
2396 4583 2661 4636 nunquam
2700 4568 2809 4621 illic
2852 4570 3089 4637 apposita
3124 4579 3220 4631 est,
3249 4569 3373 4637 quia
3403 4583 3525 4620 cum
3556 4567 3617 4619 in
3667 4574 3833 4617 eremo

558 4675 666 4718 tum
704 4675 1002 4718 versaretur
1034 4678 1150 4714 cum
1183 4663 1294 4714 ha'c
1328 4661 1557 4728 scripsit,
1591 4658 1740 4711 illam
1778 4659 2001 4726 fortasse
2033 4660 2266 4713 nancisci
2295 4664 2622 4730 nequiverit:
2657 4674 2748 4716 aut
2789 4664 2922 4731 forte
2971 4679 3091 4716 eum
3138 4663 3471 4732 subsequenti
3500 4660 3728 4714 omnino
3761 4655 3832 4708 si-

558 4752 699 4810 milis
733 4767 887 4821 esset,
920 4756 1201 4824 eademque
1237 4751 1454 4824 Syriani
1481 4753 1709 4822 irruptio
1739 4752 1811 4805 ibi
1838 4760 2197 4821 enarraretur,
2220 4762 2279 4806 ut
2310 4755 2494 4823 palam
2524 4768 2598 4809 est
2641 4774 2702 4810 ex
2743 4759 2971 4812 secunda
3004 4774 3121 4828 qua:
3151 4760 3267 4828 jam
3300 4768 3557 4828 superest,
3593 4757 3663 4809 ab
3692 4767 3834 4807 anta-

562 4848 844 4901 nuensibus
876 4854 937 4900 de
969 4863 1110 4901 more
1141 4848 1331 4898 omissa
1361 4843 1483 4912 fuit.

632 4941 721 4994 XI.
758 4941 935 4995 Restat
974 4952 1029 4994 ut
1064 4957 1260 4994 annum
1284 4948 1582 4992 statuamus
1608 4955 1707 5009 quo
1746 4936 1856 4993 htec
1881 4940 2077 5007 scripta
2120 4952 2262 4994 sunt.
2301 4936 2540 4997 Valesius
2575 4946 2628 4997 in
2670 4948 2805 4998 notis
2846 4948 2913 4999 ad
2949 4946 3242 5011 Socratem,
3272 4946 3571 4999 Baronium
3597 4950 3833 5001 secutum

556 5036 833 5091 Leontium
872 5036 1256 5090 Antiochenam
1282 5034 1545 5088 existimat
1578 5034 1769 5087 abiisse
1801 5050 1941 5087 anno
1970 5032 2095 5097 556,
2120 5034 2327 5104 illisque
2349 5036 2485 5103 favet
2511 5036 2779 5105 Socrates,
2808 5042 2895 5109 qui
2922 5042 2994 5092 ait
3036 5042 3127 5093 lib.
3162 5056 3221 5107 ιι,
3248 5058 3365 5108 cap.
3400 5041 3491 5104 57,
3528 5034 3834 5092 Eudoxum

554 5134 904 5188 Cermaniciaz
933 5138 1231 5203 episcopum
1277 5146 1494 5189 mortem
1530 5133 1728 5188 Leontii
1773 5134 2020 5188 didicisse
2054 5133 2177 5186 dum
2230 5132 2411 5187 Roma:
2458 5135 2661 5205 degeret
2696 5152 2812 5189 cum
2855 5137 3197 5202 Constantio;
3225 5139 3319 5191 sub
3348 5136 3564 5189 initium
3608 5132 3833 5187 scilicet,

551 5239 644 5282 aut
675 5222 859 5283 saltent
889 5240 1008 5283 ante
1041 5244 1269 5282 mensem
1304 5222 1506 5282 Maium
1548 5229 1673 5281 anni
1703 5225 1829 5284 ⁸557.
1866 5227 2006 5281 Nam
2038 5228 2191 5281 initio
2225 5224 2382 5295 Maii,
2412 5239 2466 5282 ut
2498 5231 2719 5294 tardius,
2765 5231 2929 5285 Roma
2976 5232 3241 5300 profectus
3278 5244 3352 5286 est
3398 5228 3756 5285 Constantius
3785 5228 3836 5273 ιι

554 5324 806 5381 Sirmium
835 5342 888 5380 se
925 5320 1206 5396 conferret.
1238 5323 1414 5389 Quare
1445 5341 1562 5377 cum
1587 5322 1823 5378 Historia
1851 5323 1916 5377 ad
1947 5324 2240 5378 monachos
2264 5326 2425 5378 missa
2473 5323 2747 5379 Leontium
2781 5336 2837 5378 ut
2868 5327 3199 5391 superstitem
3237 5336 3510 5389 memoret,
3534 5323 3581 5376 si
3634 5320 3836 5374 Socra-

552 5431 651 5473 tem
679 5436 979 5488 sequamur,
1008 5421 1209 5487 scripta
1243 5418 1402 5487 fuerit
1443 5434 1579 5471 anno
1608 5414 1731 5481 356,
1759 5427 1848 5469 aut
1879 5418 1947 5470 ad
1985 5434 2249 5473 summum
2291 5421 2385 5472 sub
2432 5422 2645 5474 initium
2688 5423 2817 5475 anni
2857 5420 2981 5476 357.
3015 5421 3124 5476 Sed
3163 5422 3545 5475 euidentissime
3571 5418 3835 5483 repugual

551 5512 673 5564 huic
695 5512 963 5565 sententite
994 5512 1343 5573 Athanasius,
1379 5511 1466 5579 qui
1503 5510 1566 5561 de
1602 5507 1753 5562 Hosii
1786 5509 1929 5561 obitu
1961 5510 2015 5563 in
2044 5525 2104 5562 ea
2128 5510 2376 5581 loquitur.
2408 5510 2551 5565 Obiit
2579 5521 2713 5565 certe
2757 5512 2953 5566 Hosius
2985 5523 3039 5565 ut
3074 5513 3226 5566 citius
3249 5513 3342 5565 sub
3365 5513 3519 5581 ﬁnem
3543 5498 3829 5571 assni557.

551 5618 643 5655 nec
686 5606 887 5657 videtur
919 5621 977 5658 eo
1006 5604 1116 5672 ipso
1143 5618 1281 5657 anno
1308 5604 1454 5670 fama
1490 5605 1668 5656 mortis
1698 5602 1811 5671 ejus
1858 5620 1921 5656 ex
1952 5601 2219 5672 Hispania
2267 5607 2334 5657 ad
2368 5606 2591 5676 zEgypti
2626 5606 2831 5661 deserta
2875 5623 3036 5675 usque
3079 5586 3393 5674 pervenisse.
3424 5600 3604 5666 Quare
3643 5594 3717 5647 ad
3746 5604 3832 5676 at"

554 5708 678 5744 num
708 5694 812 5747 558
834 5695 943 5748 ha'c
973 5694 1251 5746 Athanasii
1296 5694 1493 5762 scripta
1545 5695 1819 5763 referenda
1845 5704 1991 5763 sunt,
2027 5711 2144 5748 cum
2199 5696 2397 5767 alioqui
2443 5709 2638 5754 certum
2672 5701 2739 5755 sit
2784 5701 2890 5755 labi
2932 5699 3219 5767 strpissime
3256 5695 3543 5757 Socratem,
3594 5695 3657 5741 ιιι
3694 5675 3825 5735 ιιιῶ

554 5780 868 5838 monuimus.
894 5782 971 5838 De
995 5781 1248 5837 Marcello
1288 5776 1567 5853 Ancyrano
1590 5786 1792 5843 animus
1816 5787 1956 5853 infra
1988 5798 2132 5839 num.
2170 5783 2225 5839 4.
