3980 6518
1115 500 1339 558 EPIST.
1380 498 1471 554 AD
1514 480 1955 559 summouent
1995 500 2084 557 ne
2126 479 2361 559 nom
2404 500 2564 557 san.

3347 502 3449 558 686

1292 810 1431 863 ΤΟΥ
1470 809 1561 863 ΕΝ
1600 809 1821 863 ΑΓΙΟΙΣ
1860 807 2129 865 ΠΑΤΡΟΣ
2167 813 2363 866 ΙΙΜΩΝ

1336 975 2311 1112 ΑΘΑΝΑΣΙΟΥ

914 1214 1844 1305 ΑΡΧΙΕΠΙΣΚΟΠΟΥ
1916 1212 2739 1309 ΑΛΕΞΑΝΔΡΕΙΑὲ

1644 1396 1989 1451 ΕΠΙΣΤΟΛΗ

482 1558 893 1674 ΠΡΟΣ
958 1553 1822 1675 ΣΕΡΑΠΙΩΝΑ
1879 1551 2002 1633 (9⁵)
2072 1560 2389 1675 ΤΟΝ
2447 1562 3202 1695 ΑΔΕΛΦΟΝ.

1053 1934 1180 2062 s.
1268 1936 1405 2059 P.
1491 1938 1638 2061 N.
1696 1934 2612 2120 [ATHANASII

1222 2170 1834 2234 ARCHIEPISCOPI
1875 2173 2435 2235 ALEXANDRINI

586 2332 1306 2447 EPISTOLAW
1376 2354 1530 2442 AD
1602 2354 2379 2449 SERAPIONEM
2457 2360 3052 2449 FRATREM.

1778 2551 1847 2565 ῤ’

211 2696 551 2761 Ἆθανάσιος
574 2698 898 2778 tamn-riget
927 2697 1164 2778 ᾀδελφῷ
1186 2700 1281 2755 καὶ
1302 2700 1769 2773 συλλειτουργῷ,
1802 2712 1819 2765 Λ

1899 2704 2196 2762 ltlmnasius
2223 2705 2493 2774 Serapioui
2519 2709 2674 2776 fratri
2695 2719 2741 2763 et
2769 2708 3138 2778 comministro,
3160 2713 3212 2764 in
3238 2710 3429 2767 Domin

697 2768 766 2820 ἐν
800 2770 995 2837 Κιιοίῳ
1025 2771 1273 2837 χαίρειν.

270 2854 314 2908 ι.
364 2856 647 2925 Ἐνέτυχον
679 2858 790 2918 τοῖς
828 2857 977 2925 παρὰ
1041 2857 1141 2926 τῆς
1187 2860 1285 2927 σῆς
1319 2858 1601 2921 εύλαῦείας
1641 2876 1776 2930 γρα-

2550 2778 2794 2831 salutent.

1953 2868 2003 2924 1.
2048 2867 2173 2937 Legi
2204 2868 2420 2937 pietatis
2456 2878 2558 2921 tuae
2592 2868 2818 2935 litteras,
2852 2870 3049 2939 quibus
3076 2871 3310 2926 hortaris
3342 2889 3458 2937 nos,

199 2950 389 3016 φεῖσιν,
420 2948 477 2999 ὲν
511 2941 594 3009 οἷς
624 2946 956 3015 προέτρεπες
981 2947 1128 3016 ἡμᾶς
1156 2947 1224 3000 τά
1250 2964 1309 2999 τε
1341 2948 1460 3001 καθ’
1493 2952 1639 3019 ἡμᾶς
1664 2949 1774 3020 (97)

1899 2966 1938 3013 ιι
1965 2960 2056 3013 tibi
2084 2974 2204 3027 qua!
2234 2974 2331 3013 nos
2358 2970 2632 3027 spectant,
2654 2976 2881 3030 quaeque
2916 2962 3017 3015 hoc
3050 2968 3287 3031 tempore
3311 2975 3459 3032 gesta

196 3039 289 3092 καὶ
332 3038 429 3091 νῦν
461 3038 729 3107 γενόμενα
760 3036 995 3107 δηλῶσαί
1039 3053 1148 3101 σοι,
1188 3039 1281 3091 καὶ
1330 3042 1457 3111 περὶ
1499 3042 1599 3110 τῆς
1647 3041 1776 3093 ἀσε-

1878 3061 2024 3116 sunt,
2074 3065 2391 3105 enarremus
2421 3064 2433 3099 :
2459 3060 2511 3103 et
2551 3064 2653 3103 una
2704 3050 3007 3105 scribamus
3034 3050 3097 3104 de
3142 3052 3462 3120 impiissima

198 3128 463 3197 6εστάτης
498 3126 762 3196 αἱρέσεως
794 3126 903 3177 τῶν
944 3125 1256 3197 ’Δρειανῶν,
1285 3127 1353 3179 δι’
1382 3130 1445 3201 ἢν
1483 3130 1575 3182 καὶ
1603 3128 1777 3182 ταῦτα

1899 3141 2081 3195 iriana
2120 3139 2332 3205 haeresi,
2380 3139 2530 3207 cujus
2554 3154 2715 3194 causa
2762 3141 2878 3193 haec
2917 3139 3054 3192 mala
3096 3141 3408 3209 pertulimus
3442 3160 3458 3197 ;

198 3219 568 3289 πεπόνθαμεν,
624 3218 719 3271 καὶ
768 3218 949 3270 ὁποῖον
1015 3218 1139 3289 ἔσχε
1188 3220 1247 3272 τὸ
1300 3220 1455 3284 τέλος
1508 3220 1602 3285 τοῦ
1662 3221 1776 3290 βίου

200 3312 434 3381 Ἄρειος.
471 3309 651 3379 Τριῶν
694 3310 870 3361 τοίνυν
914 3308 1081 3361 ὄντων
1115 3309 1221 3361 τῶν
1266 3311 1678 3381 ἐπιταγμάτων,
1713 3312 1780 3365 τὰ

200 3402 294 3473 μὲν
322 3401 415 3454 δύο
450 3398 746 3471 προθύμως
789 3399 1050 3469 ἐποίησα,
1095 3401 1187 3452 καὶ
1239 3402 1537 3454 ἀπέστειλα
1594 3404 1658 3471 τῇ
1711 3404 1777 3472 σῇ

198 3496 477 3566 θεοσεϐείᾳ
507 3496 653 3565 ἅπερ
686 3492 896 3561 ἔγραψα
929 3495 1041 3555 τοῖς
1085 3496 1372 3563 μοναχοῖςο
1408 3494 1471 3546 ὲκ
1505 3494 1614 3564 γὰρ
1658 3493 1783 3545 τού-

196 3604 302 3640 των
328 3587 399 3640 τά
424 3603 485 3638 τε
518 3583 641 3637 καθ’
669 3585 815 3653 ἡμᾶς
853 3583 948 3635 καὶ
979 3583 1048 3636 τὰ
1084 3584 1224 3635 κατὰ
1256 3582 1352 3653 τὴν
1386 3584 1594 3653 αἵρεσιν
1624 3582 1784 3636 δύνα-

201 3696 289 3732 σαι
321 3677 545 3749 μαθεῖν’
578 3676 640 3729 τὸ
674 3676 731 3729 δὲ
771 3675 977 3744 ἕτερον,
1020 3674 1163 3743 φημὶ
1203 3672 1267 3743 δὴ
1318 3674 1446 3744 περὶ
1490 3673 1583 3725 τοῦ
1620 3672 1785 3727 θανάε

198 3786 310 3834 του,
356 3768 531 3821 πολλὰ
588 3766 685 3837 μὲν
737 3766 1088 3835 ἐλογισάμην,
1134 3762 1526 3833 εὐλαϐούμενος
1586 3763 1659 3832 μὴ
1710 3762 1785 3825 ὡς

198 3858 607 3931 ὲπεμϐαίνοντά
646 3858 712 3928 μέ
748 3875 831 3921 τις
864 3856 940 3926 τῷ
992 3856 1206 3925 θανάτῳ
1238 3853 1332 3906 τοῦ
1367 3853 1654 3923 ἀνθρώπου
1699 3854 1787 3906 λο-

198 3951 418 4021 γίσηται
437 3967 451 3979 ·
483 3950 637 4017 ὅμως
664 3946 741 4012 δὲ,
767 3945 974 4016 ἐπειδὴ.
1002 3942 1293 4007 διαλέξεως
1325 3942 1625 4013 γενομένης
1654 3946 1783 4014 παρ’

1882 3247 1980 3286 nec
2008 3246 2113 3286 non
2140 3231 2387 3300 quisnam
2431 3229 2591 3285 fuerit
2636 3232 2757 3284 vitae
2803 3231 2915 3283 Arii
2968 3230 3164 3284 exitus.
3191 3231 3325 3285 Cum
3358 3233 3458 3289 tria

1882 3323 2046 3392 igitur
2067 3322 2335 3393 postulata
2360 3321 2583 3385 fuerint,
2607 3324 2713 3376 duo
2742 3320 2955 3391 quidem
2980 3321 3206 3376 libenter
3239 3337 3462 3377 exsecu-

1884 3423 1967 3468 tus
1990 3429 2129 3478 sum,
2168 3413 2398 3482 misique
2438 3413 2503 3467 ad
2557 3422 2703 3467 tuam
2738 3413 2991 3482 pietatem
3022 3428 3139 3467 utea
3170 3412 3235 3466 ad
3274 3428 3460 3467 mona-

1882 3508 2013 3560 chos
2040 3505 2239 3574 scripta
2275 3520 2289 3556 :
2322 3518 2387 3559 ex
2428 3504 2513 3559 his
2541 3507 2683 3559 enim
2716 3503 2917 3572 poteris
2947 3518 3069 3557 cum
3103 3519 3188 3558 res
3224 3513 3459 3568 nostras.

1885 3606 1993 3649 tum
2015 3611 2106 3651 eas
2128 3612 2246 3666 qua:
2268 3596 2333 3649 ad
2363 3597 2612 3652 bzeresim
2646 3596 2897 3661 attinent,
2921 3595 3181 3649 ediscere.
3220 3594 3461 3648 Tertium

1883 3703 2012 3742 vero
2041 3689 2183 3760 quod
2229 3697 2458 3756 spectat,
2490 3701 2682 3757 nempe
2711 3686 2825 3740 Arii
2868 3697 3118 3752 mortem,
3146 3686 3311 3740 multa
3346 3702 3460 3740 me-

1885 3795 2004 3834 cum
2032 3780 2310 3848 perpendi,
2350 3780 2553 3835 veritus
2589 3795 2655 3833 ne
2702 3794 2787 3834 me
2822 3778 2940 3848 quis
2970 3778 3201 3832 hominis
3229 3779 3464 3834 interitui

1888 3868 2148 3923 insultare
2171 3869 2501 3933 arbitretur;
2524 3877 2894 3923 verumtamen
2928 3881 3072 3932 cum,
3103 3867 3466 3933 disputatione

1890 3958 2031 4025 apud
2059 3972 2154 4012 vos
2188 3959 2335 4011 circa
2376 3958 2623 4010 haeresim
2651 3955 2856 4019 habita,
2884 3955 2987 4009 huc
3031 3956 3257 4024 quaestio
3293 3956 3467 4010 desie-

199 4045 328 4113 ύμῖν
375 4040 506 4112 περὶ
547 4039 648 4109 τῆς
681 4036 974 4108 αἱρέσεως,
1015 4038 1093 4099 εἰς
1125 4034 1281 4090 τοῦτο
1318 4035 1377 4086 τὸ
1407 4035 1561 4097 τέλος
1603 4034 1789 4104 ἔληξεν

1899 4049 1989 4114 rit,
2050 4064 2178 4102 num
2248 4048 2500 4102 Ecclesia:
2565 4048 2943 4101 communione
2994 4046 3214 4115 junctus
3273 4047 3495 4117 obierit.

196 4135 231 4204 ή
289 4131 548 4202 ζήτησις,
604 4130 653 4181 εἰ
712 4127 1042 4197 κοινωνήσας
1089 4128 1153 4195 τῇ
1213 4125 1512 4195 Ἐκκλησία
1565 4126 1783 4188 Ἀρειος

199 4223 541 4293 ἐτελεύτησε,
571 4220 659 4274 διὰ
690 4218 867 4301 τορτο,
891 4218 965 4281 ὡς
996 4218 1353 4288 διαλυομένης
1379 4219 1479 4287 τῆς
1507 4217 1789 4287 ζητήσεως

199 4317 270 4367 ὲκ
294 4312 385 4367 τοῦ
416 4314 549 4384 περὶ
575 4310 669 4364 τοῦ
699 4310 929 4365 θανάτου
952 4309 1062 4380 (98)
1088 4310 1446 4380 διηγήματος,
1476 4308 1789 4377 ἀναγκαίως

197 4404 439 4474 δηλῶσαι
502 4402 843 4455 ἐσπούδασα·
897 4402 1009 4454 ἴσον
1061 4401 1365 4472 ἡγούμενος
1427 4401 1489 4454 τὸ
1552 4403 1789 4472 σημᾶναι

198 4493 377 4559 τοῦτο,
414 4496 512 4547 xci.
559 4494 623 4546 τὸ
672 4493 877 4546 παῦσαι
929 4492 1111 4545 λοιπὸν
1154 4494 1281 4555 τοὺς
1334 4493 1785 4561 φιλονεικοῦντας.

210 4588 484 4658 Ἠγοῦμαι
517 4586 651 4657 γὰρ,
688 4586 791 4650 ὅτι,
832 4585 1165 4653 γνωσθέντος
1196 4584 1289 4637 τού
1332 4587 1461 4656 περὶ
1494 4585 1585 4638 τοῦ
1626 4586 1791 4639 θανά-

198 4697 292 4733 του
326 4681 643 4751 θαύματος,
700 4678 899 4748 μηκέτι
958 4676 1091 4747 μηδὲ
1131 4678 1327 4740 αὐτοὺς
1370 4680 1495 4741 τοὺς
1529 4679 1791 4747 πρότερον

199 4770 553 4842 ζητήσαντας
578 4770 781 4840 τολμᾷν
803 4769 1179 4839 ἀμφιδάλλειν,
1209 4769 1284 4831 ὼς
1316 4769 1611 4840 θεοστυγὴς
1640 4771 1792 4821 ἐστιν

197 4865 233 4933 ἡ
271 4863 528 4935 Ἀρειανὴ
560 4862 793 4931 αἵρεσις.

270 4955 323 5008 2.
379 4953 526 5023 Ἐγὼ
558 4954 667 5023 (99)
712 4952 810 5022 μὲν
852 4953 911 5005 ού
948 4954 1210 5023 παρήμην
1251 4953 1307 5005 ὲν
1352 4955 1793 5006 Κωνσταντινου-

196 5047 373 5111 πόλει,
404 5026 496 5099 ὅτε
537 5044 887 5114 ἐτελεύτησεν
926 5046 1155 5105 ἐκεῖνος·
1187 5043 1471 5114 Μακάριος
1502 5043 1557 5096 δὲ
1602 5046 1629 5096 ὁ
1664 5060 1797 5112 πρε-

199 5139 471 5210 σϐύτερος
510 5136 718 5207 παρῆν,
768 5135 1022 5188 κάκείνου
1074 5134 1318 5201 λέγοντος
1362 5136 1589 5204 ἥκουσα.
1644 5132 1796 5184 Ἐκὲ-

194 5209 501 5302 κλητομὲν
532 5227 687 5298 παρὰ
722 5226 1132 5280 Κωνσταντίνου
1162 5224 1256 5277 τοῦ
1293 5225 1553 5294 βασιλέως
1577 5225 1793 5293 Ἀρειος

1892 4137 2083 4203 Arius;
2112 4138 2333 4201 idcirco,
2354 4152 2476 4190 cum
2505 4152 2571 4190 ex
2599 4138 2776 4191 obitus
2816 4136 2958 4191 illius
2990 4137 3211 4190 hismria
3242 4139 3493 4204 questio

1891 4227 2148 4290 solvatur,
2183 4241 2401 4280 necesse
2423 4227 2546 4279 duxi
2571 4236 2822 4281 accurate
2857 4243 2968 4280 rem
2998 4228 3151 4281 vobis
3175 4242 3427 4281 enarrare
3449 4244 3467 4280 :

1895 4328 2043 4371 ratus
2079 4316 2303 4385 perinde
2334 4330 2455 4370 esse
2500 4316 2602 4369 hoc
2643 4316 2903 4380 indicare,
2943 4327 3103 4384 atque
3132 4301 3495 4383 disputantes

1891 4420 2251 4473 compescere.
2307 4403 2569 4457 Existimo
2620 4405 2784 4468 enim,
2829 4405 3047 4474 cognito
3094 4405 3233 4458 illius
3282 4406 3470 4459 mortis

1895 4497 2175 4559 miraculo,
2201 4510 2266 4549 ne
2296 4510 2389 4549 eos
2439 4496 2655 4563 quidem
2686 4497 2775 4564 qui
2807 4507 2932 4549 ante.
2968 4496 3066 4549 hac
3113 4496 3178 4549 de
3213 4510 3268 4549 re
3315 4511 3466 4563 qua:-

1893 4590 2100 4642 stlones
2144 4587 2455 4650 movebant,
2508 4601 2737 4641 ausuros
2788 4587 2924 4641 ultra
2958 4586 3246 4657 ambigere,
3290 4585 3489 4647 Deone.

1894 4678 2082 4734 odiosa
2109 4680 2182 4734 sit
2209 4678 2409 4731 Ariana
2437 4677 2675 4732 hwrcsis.

1963 4942 2018 4995 2.
2065 4939 2323 5010 Equidem
2372 4936 2839 5005 Constantinopoli
2898 4951 3001 4990 non
3053 4936 3269 4991 aderam
3297 4977 3310 5001 ,
3352 4950 3472 4997 cum

1896 5034 1982 5090 ille
2010 5034 2118 5087 vita
2155 5034 2369 5087 functus
2391 5034 2508 5083 est:
2538 5032 2628 5084 sed
2660 5031 2847 5084 aderat
2874 5027 3141 5083 Macarius
3171 5026 3470 5097 presbyter,

1895 5141 1923 5179 a
1960 5140 2067 5193 quo
2100 5134 2352 5179 narrante
2398 5141 2512 5180 rem
2560 5123 2822 5189 comperi.
2855 5120 2936 5175 Ab
2976 5121 3297 5189 imperatore
3330 5117 3473 5170 Con-

1897 5219 2161 5282 stantino,
2200 5217 2624 5271 Eusebianorum
2666 5229 2868 5284 opera,
2904 5213 3106 5267 accitus
3152 5210 3313 5262 Arius
3356 5206 3472 5260 fue-

195 5322 266 5374 ὲκ
290 5297 540 5387 σπουδῆς
586 5297 698 5369 τῶν
750 5316 876 5386 περ)⁹
928 5314 1217 5368 Εὑσὲϐιον·
1267 5313 1573 5366 εἰσελθόντα
1606 5312 1661 5364 δὲ
1702 5312 1795 5365 τὸν

1899 5318 2011 5364 rat:
2036 5310 2333 5379 ingressum
2374 5319 2551 5365 autem
2584 5307 2772 5362 Arium
2805 5306 3095 5372 imperator
3128 5297 3477 5366 interrogavit.

198 5411 426 5482 Ἀρειον
467 5408 727 5478 ἀνέκρινε
764 5406 1037 5476 βασιλεὺς,
1080 5408 1128 5458 εἰ
1160 5406 1257 5476 τὴν
1297 5405 1476 5458 πίστιν
1520 5404 1618 5474 τῆς
1664 5404 1797 5457 καθ-

1903 5418 2029 5457 num
2054 5400 2311 5456 Ecclesia:
2341 5400 2624 5455 catholica:
2670 5398 2825 5451 ﬁdem
2866 5401 3143 5447 servaret:
3191 5389 3235 5440 is
3266 5402 3392 5442 vero
3416 5401 3475 5439 se

193 5500 391 5571 ολικῆς
419 5498 754 5570 Ἐκκλησίας
780 5498 888 5568 ἔχει
908 5515 921 5528 ο
940 5497 1101 5561 αύτός
1128 5513 1187 5549 τε
1213 5496 1286 5566 (1)
1313 5494 1495 5565 ὤμοσε
1522 5493 1797 5548 πιστεύειν

276 5679 390 5748 (95)
422 5679 807 5736 Theodorctus
833 5678 1018 5750 habet,
1037 5678 1173 5750 πρὸς
1206 5676 1467 5733 ’Δπίωνα.

276 5746 389 5820 (96)
423 5751 647 5817 Scripta
680 5764 820 5820 an_no
853 5746 979 5820 558.

279 5815 391 5947 (97ξ
417 5821 511 5875 Sic
537 5815 678 5888 Reg.
724 5818 864 5872 Editi
900 5831 1052 5879 vero,
1081 5816 1201 5871 καθ’
1230 5815 1405 5885 ὑμᾶς.
1564 5866 1567 5871 λ

282 5890 369 5946 (98
422 5892 514 5947 Sic
542 5888 684 5947 Rea.
712 5887 854 5944 Editi
876 5901 1023 5947 vero.
1060 5889 1123 5941 ὲκ
1162 5887 1253 5941 τοῦ
1283 5887 1532 5942 θανάτου.

282 5887 391 5959 (98)
422 5892 514 5947 Sic
542 5887 684 5959 Reg.
712 5887 854 5944 Editi
876 5901 1023 5954 vero,
1060 5889 1123 5941 ὲκ
1162 5887 1253 5941 τοῦ
1283 5887 1532 5942 θανάτου.

370 5950 385 5963 1

1904 5504 2050 5548 recte
2076 5491 2299 5547 credere
2331 5490 2683 5561 jurejurando
2713 5483 3023 5553 afﬁrmavit,
3058 5495 3119 5533 ac
3154 5477 3472 5546 rescriptum

1980 5671 2095 5741 (99)
2128 5672 2255 5726 Haec
2292 5669 2559 5741 habentur
2597 5660 2734 5741 apud
2766 5660 3111 5741 Theodoret.,
3249 5653 3475 5741 talique

1905 5725 2355 5797 “cinnamum
2403 5735 2566 5789 refert
2604 5725 2880 5793 Socrates,
2912 5728 3004 5783 sed
3041 5725 3263 5780 ntultutu
3298 5725 3478 5787 variat.

1902 5814 1970 5865 ab
2002 5809 2285 5869 Athanasii
2305 5804 2636 5860 narratione.

1975 5881 2050 5949 (1)
2082 5879 2170 5934 Sic
2210 5877 2341 5944 Reg.
2373 5873 2511 5929 Editi
2541 5888 2644 5927 non
2676 5871 2872 5926 habent
2898 5884 2976 5921 τε.
