3980 6498
520 452 619 506 637

1102 448 1162 502 S.
1203 445 1588 503 ATIlANASIl
1628 445 1779 501 ΟΡΡ.
1816 438 1994 500 PARS
2031 444 2074 500 Ι.

2219 443 2592 505 HISIOBICA
2627 447 2714 501 ΕΤ
2756 441 3185 505 DOGMATICA.
3657 452 3729 507 ιεε

523 570 645 623 ﬁdei
681 585 792 623 sua:
832 568 1069 631 tradidit,
1098 582 1204 635 quo
1237 568 1304 622 iis
1349 568 1631 622 occultatis
1670 581 1897 634 quorum
1929 580 2089 621 causa

2195 564 2398 635 ὀρθῶς,
2443 566 2536 617 καὶ
2591 564 2862 634 ἔγγραφον
2914 565 3203 618 ἐπιδέδωκε
3256 565 3530 627 πίστεως,
3569 565 3730 637 κρύψας

522 660 590 711 ab
622 656 924 712 Alexandro
956 656 1209 725 episcopo
1231 655 1473 710 Ecclesia
1502 655 1686 721 pulsus
1719 654 1911 718 fuerat,
1940 655 2086 709 Scri-

518 757 797 818 pturarum
852 748 1017 801 verba
1064 746 1247 801 dolose
1286 745 1607 815 proferebat.
1663 744 1795 800 Cum
1848 744 2089 814 iurasset

519 840 699 906 itaque
731 852 789 892 se
820 852 926 892 non
950 852 1068 892 eam
1105 838 1342 892 tenuisse
1375 836 1702 891 sententiam
1734 838 1887 906 cuius
1924 852 2083 891 causa

515 927 583 980 ab
614 926 923 980 Alexandro
972 935 1193 980 exactus
1247 926 1457 990 fuerat;
1491 924 1639 978 illum
1681 928 1972 995 imperator
1999 925 2085 979 tli-

514 1018 756 1078 mittens,
786 1017 829 1070 si
882 1029 1053 1080 recta,
1087 1017 1184 1082 ait,
1215 1027 1297 1070 est
1332 1016 1460 1070 ﬁdes
1513 1024 1622 1080 tua,
1672 1018 1806 1071 bene
1850 1014 2083 1086 iurasti;

510 1109 596 1161 ein
628 1106 809 1176 impia,
837 1116 889 1160 et
912 1116 1091 1161 tamen
1124 1106 1342 1175 iurasti,
1374 1106 1513 1159 Deus
1539 1122 1603 1160 ex
1629 1106 1936 1172 iuramento
1960 1123 2086 1161 cau-

512 1212 627 1252 sam
663 1206 806 1250 tuam
834 1197 1057 1264 iudicet.
1081 1196 1235 1250 lllum
1261 1197 1429 1267 igitur
1456 1198 1525 1252 ab
1570 1198 1733 1269 270
1764 1201 2087 1267 imperatore

512 1291 582 1339 ila
644 1287 943 1355 digressum
995 1286 1316 1352 Eusebiani,
1368 1287 1525 1341 solita
1570 1289 1649 1342 usi
1698 1288 1979 1353 violentia,
2030 1288 2086 1343 in

510 1376 793 1431 ecclesiam
867 1378 1208 1431 introducere
1246 1378 1529 1431 voluerunt
1564 1393 1579 1430 :
1628 1377 1920 1432 obsistebat
1946 1378 2085 1433 Con-

509 1466 1022 1534 stantinopolitanus
1042 1468 1326 1535 episcopus
1355 1468 1525 1522 beatae
1548 1467 1631 1521 vir
1663 1470 1936 1523 memoriae
1964 1469 2086 1523 Ale-

507 1558 736 1619 Xander,
769 1568 874 1611 non
917 1556 1145 1621 debere,
1180 1557 1350 1622 aiens,
1372 1558 1590 1612 haeresis
1618 1570 1893 1612 auctorem
1921 1560 1973 1613 in
2002 1575 2088 1615 ec-

509 1649 725 1702 clesiam
746 1647 931 1716 recipi.
953 1649 1023 1701 At
1045 1647 1354 1711 Eusebiani,
1375 1648 1531 1703 minis
1548 1649 1823 1715 adhibitis,
1838 1650 2042 1704 aiebant
2067 1670 2081 1705 :

510 1738 600 1802 Ut,
632 1736 1053 1807 repugnantibus
1090 1736 1218 1792 licet
1270 1738 1443 1802 vobis,
1482 1738 1813 1792 obtinuimus
1847 1748 1904 1791 ut
1936 1739 2082 1793 illum

508 1829 805 1896 imperator
848 1838 1150 1884 arcesseret
1183 1846 1198 1894 ;
1228 1830 1307 1883 sic
1339 1830 1426 1883 die
1459 1828 1696 1883 crastina
1717 1869 1733 1891 ,
1768 1828 1978 1883 etiamsi
2029 1830 2082 1883 id

2198 656 2295 725 μὲν
2328 656 2413 722 ἐφ’
2435 650 2517 718 οἷς
2556 653 2819 725 ἐξεϐλήθη
2848 656 2947 724 τῆς
2992 656 3319 728 Ἐκκλησίας
3355 656 3511 726 παρὰ
3545 656 3722 722 Ἀλεξᾶν

2192 746 2320 817 δρου
2346 745 2439 800 τοῦ
2469 746 2792 807 ἐπισκόπου,
2828 746 3252 817 ὑποκρινόμενος
3284 748 3339 800 δὲ
3383 747 3483 811 τὰς
3532 748 3625 800 ἀπὸ
3652 747 3732 799 τῶν

2193 836 2426 907 Γραφῶν
2453 836 2647 902 λέξεις.
2684 834 2987 905 Ὀμόσαντα
3032 836 3107 905 (2)
3150 837 3331 889 τοίνυν
3371 836 3536 890 αὑτὸν
3568 837 3632 907 μὴ
3658 853 3732 889 πε-

2195 926 2527 1000 φρονηκέναι
2555 927 2639 994 ἐφ’
2663 922 2745 989 οἷς
2778 924 3027 987 ἐξέϐαλεν
3061 924 3412 998 Ἀλέξανδρος
3441 926 3625 989 αὐτὸν,
3661 927 3733 980 ἀπ·

2195 1018 2382 1073 ἐλυσεν
2413 1018 2647 1091 εἰρηκὼς
2667 1036 2679 1049 ·
2712 1021 2776 1073 Εἰ
2816 1021 2946 1091 ὀρθή
2974 1036 3069 1072 σου
3105 1020 3252 1071 ἐστὶν
3290 1021 3323 1088 ή
3360 1018 3559 1083 πίστις,
3591 1018 3732 1083 καλὰ

2194 1107 2412 1178 ὤμοσας
2432 1125 2444 1138 ·
2484 1109 2532 1159 εἰ
2560 1108 2615 1159 δὲ
2648 1108 2852 1177 ἀσεϐής
2890 1109 3036 1160 ἐστιν
3066 1108 3100 1178 ή
3131 1107 3315 1170 πίστις
3349 1125 3466 1169 σου,
3497 1109 3587 1160 κα)⁹
3622 1108 3734 1177 ὠμο-

2194 1215 2311 1262 σας,
2349 1201 2377 1251 6
2405 1197 2537 1261 Θεὸς
2579 1201 2642 1251 ἐκ
2685 1198 2781 1252 τοῦ
2828 1200 2989 1268 ὅρκου
3034 1198 3113 1270 (5)
3157 1198 3345 1270 κρίναι
3387 1199 3455 1251 τὰ
3500 1198 3631 1251 κατά
3669 1202 3732 1253 σέ.

2192 1292 2346 1345 Οὕτω
2391 1292 2454 1363 δὴ
2488 1289 2580 1346 οὖν
2620 1291 2782 1344 αὐτὸν
2832 1291 3111 1355 ἐξελθόντα
3155 1291 3308 1361 παρά
3359 1290 3455 1343 τοῦ
3511 1291 3736 1361 βασιλέως

2190 1380 2459 1452 ἠθέλησαν
2511 1383 2823 1449 εἰσαγαγεῖν
2872 1383 2951 1444 εἰς
2999 1380 3097 1450 τήν
3156 1380 3459 1450 ἐκκλησίαν
3514 1382 3561 1432 οἱ
3635 1383 3737 1451 περὶ

2191 1471 2449 1523 Εὑσὲϐιον
2480 1473 2544 1540 τῇ
2590 1469 2810 1540 συνήθει
2844 1468 3051 1522 ἑαυτῶν
3096 1468 3215 1539 βίιιῑ.Δ
3246 1468 3385 1521 Ἀλλ’
3414 1471 3442 1523 6
3470 1469 3568 1537 τῆς
3612 1471 3737 1522 Κων·

2192 1560 2681 1625 σταντινουπόλεως
2728 1562 3058 1624 ἐπίσκοπος,
3102 1563 3129 1615 6
3156 1560 3473 1631 μακαρίτης
3523 1560 3737 1625 Ἀλέξανο

2189 1652 2331 1722 δρος,
2376 1650 2651 1719 ἀντέλεγε,
2684 1652 2905 1720 φάσκων
2924 1652 2997 1722 μὴ
3026 1651 3132 1703 δεῖν
3160 1652 3241 1713 εἰς
3267 1651 3550 1703 κοινωνίαν
3578 1650 3739 1721 δεχθῆ-

2191 1761 2278 1797 ναι
2323 1742 2415 1797 τὸν
2450 1744 2549 1814 τῆς
2580 1740 2845 1815 αἱρέσεως
2876 1742 3122 1814 εὑρετήν.
3163 1742 3277 1795 Καὶ
3324 1741 3513 1795 Rom-iw
3544 1745 3591 1795 οἱ
3636 1743 3742 1812 περὶ

2192 1834 2448 1887 Εὑσέϐιον
2474 1835 2797 1903 ἠπείλησαν,
2822 1834 2924 1897 ὅτι,
2968 1830 3154 1904 ὥσπερ
3186 1832 3262 1903 μὴ
3302 1832 3566 1886 θελόντων
3596 1832 3742 1901 ὑμῶν,

508 1934 612 1970 non
646 1932 676 1970 e
708 1918 977 1971 sententia
1009 1918 1079 1971 sit
1104 1926 1215 1979 tua,
1247 1917 1409 1971 Arius
1430 1918 1481 1971 in
1511 1918 1613 1971 hac
1645 1918 1873 1972 ecclesia
1907 1918 2079 1973 nobis-

2194 1928 2523 1996 ἐποιήσαμεν
2575 1927 2734 1979 αὑτὸν
2800 1925 3064 1997 κληθῆναι
3123 1925 3275 1996 παρά
3332 1922 3599 1995 βασιλέως
3641 1923 3742 1994 (4),

507 2022 626 2059 eum
657 2010 848 2073 synaxi
890 2008 1082 2063 aderit.
1119 2006 1415 2063 Sabbatum
1444 2020 1625 2063 autem
1667 2019 1787 2064 erat
1817 2025 1937 2063 cum
1973 2010 2084 2064 haec

508 2096 579 2148 illi
613 2096 907 2152 eﬂ'utirent.

575 2279 630 2333 5.
674 2278 880 2345 Quibus
918 2277 1119 2333 auditis
1165 2278 1456 2347 episcopus
1498 2278 1841 2343 Alexander,
1890 2292 2085 2347 magno

508 2384 741 2423 moerere
772 2368 1053 2437 perfusus,
1092 2370 1143 2423 in
1194 2370 1482 2423 ecclesiam
1529 2369 1804 2437 ingressus
1846 2378 1961 2434 est,
1989 2385 2083 2423 εις

512 2459 788 2528 tensisque
827 2460 892 2514 ad
938 2460 1105 2514 Deum
1158 2460 1425 2522 manibus,
1460 2459 1853 2529 collacrymans
1886 2460 1937 2513 in
1975 2459 2090 2520 vnl-

511 2560 621 2602 tum
658 2550 888 2619 procidit
934 2551 989 2603 in
1039 2550 1281 2604 sacrario
1320 2549 1623 2618 :bumique
1648 2549 1836 2616 iacens
1874 2551 2084 2612 orabat,

511 2639 714 2692 Aderat
738 2638 1022 2701 Macarius,
1050 2638 1139 2705 qui
1170 2650 1224 2691 et
1254 2640 1367 2707 ipse
1407 2640 1621 2703 orabat,
1652 2641 1967 2707 orantisque
1996 2655 2089 2694 vo-

512 2744 627 2783 cem
662 2729 883 2783 audivit.
911 2729 1246 2783 Alterutrum
1293 2740 1472 2784 autem
1503 2732 1584 2785 his
1608 2731 1786 2785 verbis
1818 2732 1975 2785 enixe
2004 2747 2090 2787 ro.

512 2820 670 2886 gabat
697 2820 979 2888 episc0pus
1010 2838 1023 2874 :
1058 2820 1114 2873 Si
1165 2820 1327 2875 Arius
1357 2822 1591 2875 crastina
1639 2821 1727 2876 die
1758 2822 1824 2874 ad
1856 2836 2091 2876 conven-

515 2919 627 2960 tmn
657 2910 898 2975 accedet,
925 2924 1008 2963 me
1037 2924 1250 2963 servum
1302 2919 1449 2988 tuum
1488 2926 1553 2964 ex
1585 2912 1687 2966 bac
1715 2912 1823 2965 vita
1858 2912 2089 2979 dimitte,

512 3009 567 3051 et
598 3014 664 3054 ne
702 3003 844 3067 pium
878 3015 997 3053 cum
1030 3000 1195 3069 impio
1231 3001 1528 3067 perdideris
1557 3018 1571 3066 ;
1600 3002 1682 3057 sin
1708 3001 1957 3057 Ecclesia:
1990 3014 2092 3057 tua:

514 3090 859 3154 miserearis,
897 3090 1240 3145 misereberis
1278 3102 1480 3157 autem,
1518 3095 1617 3146 line
1647 3094 1780 3147 bene
1820 3094 1963 3157 novi,
2004 3109 2089 3147 re—
2136 3132 2137 3137 η

513 3177 660 3251 spice
685 3178 737 3230 in
771 3178 1193 3232 Eusebiauornm
1232 3180 1415 3243 verba,
1446 3189 1499 3234 et
1540 3196 1607 3235 ne
1646 3180 1859 3236 dederis
1890 3182 1943 3235 in
1969 3181 2090 3237 exi-

2187 2017 2359 2079 οὕτως
2397 2015 2603 2087 αὔριον,
2647 2016 2750 2070 κᾶν
2794 2016 2867 2089 μὴ
2918 2016 3060 2070 κατὰ
3100 2016 3327 2086 γνώμην
3364 2032 3446 2067 σοι
3493 2015 3744 2086 τυγχάνῃ,

2188 2107 2590 2177 συναχθήσεται
2634 2109 2850 2179 ’Ἄρειος
2905 2107 3025 2178 μεθ’
3078 2106 3235 2177 ἡμῶν
3282 2108 3339 2158 ἐν
3384 2109 3452 2177 τῇ
3510 2104 3747 2175 ἐκκλησία

2189 2199 2380 2269 ταύτῃ.
2408 2199 2681 2251 Σαϐϐαῖον
2711 2198 2766 2251 δὲ
2791 2193 2857 2269 ἦν
2886 2199 2973 2251 ὅτε
3000 2198 3171 2251 ταῦτα
3208 2197 3413 2265 ἔλεγον.

2257 2288 2309 2341 5.
2348 2288 2403 2340 Ὀ
2420 2287 2595 2341 τοίνυν
2613 2286 2906 2349 ἐπίσκοπος
2938 2284 3305 2356 Ἀλέξανδρος,
3323 2281 3565 2345 ἀκούσας
3579 2280 3748 2345 ταῦτα,

2190 2373 2285 2431 καὶ
2331 2379 2471 2431 πάνυ
2524 2377 2811 2445 λυπηθεὶς,
2859 2375 3119 2429 εἰσελθὼν
3178 2377 3259 2437 εἰς
3303 2373 3401 2446 τὴν
3457 2372 3747 2441 ἐκκλησίαν,

2188 2470 2284 2531 τάς
2316 2485 2375 2521 τε
2410 2470 2597 2539 χεῖρας
2639 2468 2886 2529 ἐκτείνας
2934 2466 3072 2537 πρὸς
3099 2466 3191 2517 τὸν
3233 2465 3386 2531 Θεὸν,
3435 2462 3747 2532 ἀπωδύρετο,

2187 2560 2281 2613 καὶ
2316 2559 2478 2628 ῥίψας
2507 2554 2694 2611 ἑαυτὸν
2724 2558 2800 2627 (5)
2838 2558 2928 2611 ἐπὶ
2969 2558 3259 2627 πρόσωπον
3291 2558 3349 2609 ἐν
3382 2555 3462 2625 τῷ
3502 2555 3748 2625 ίερατείῳ,

2189 2650 2439 2719 κείμενος
2484 2647 2578 2701 ἐπὶ
2623 2647 2716 2700 τοῦ
2766 2648 3025 2717 ἐδάφους,
3075 2645 3293 2717 ηὔχετο.
3346 2645 3534 2716 Παρῆν
3583 2644 3636 2696 δὲ
3670 2645 3751 2696 καὶ

2190 2740 2475 2807 Μακάριος
2527 2739 2815 2809 εὐχόμενος
2873 2739 2969 2791 σὺν
3024 2736 3192 2806 αὐτῷ,
3247 2737 3340 2789 καὶ
3389 2736 3629 2798 ἀκούσας
3666 2733 3753 2802 τῆς

2190 2830 2372 2899 φωνῆς
2421 2828 2605 2882 αὐτοῦ.
2651 2828 2951 2900 Παρεκάλει
2999 2828 3056 2880 δὲ
3097 2828 3190 2881 δύο
3217 2828 3412 2892 ταῦτα,
3460 2827 3660 2894 λέγων·
3700 2825 3754 2877 El

2194 2922 2409 2991 ’Ἄρειος
2460 2919 2647 2991 αὔριον
2696 2919 2781 2990 (6)
2835 2920 3153 2986 συνάγεται,
3212 2918 3482 2971 ἀπόλυσον
3546 2916 3642 2987 ἐμὲ
3678 2916 3756 2968 τὸν

2190 3010 2372 3063 δοῦλόν
2412 3027 2527 3073 σου,
2569 3010 2658 3062 καὶ
2696 3010 2770 3081 μὴ
2813 3008 3179 3079 συναπολὲσης
3219 3009 3419 3077 εὐσεϐῆ
3456 3008 3593 3077 μετά
3639 3008 3756 3057 ἀσε-

2192 3099 2351 3163 ϐοὗς’
2392 3102 2439 3151 εἰ
2474 3099 2530 3151 δὲ
2572 3098 2728 3171 φείδῃ
2763 3098 2861 3169 τῆς
2899 3097 3223 3168 Ἐκκλησίας
3269 3114 3385 3160 σου,
3430 3093 3549 3149 οἶδα
3579 3096 3653 3157 δὲ,
3685 3095 3758 3146 ὅτι

2194 3192 2369 3264 φείδῃ,
2394 3192 2543 3245 ἔπιδε
2575 3192 2671 3244 ἐπὶ
2704 3192 2772 3244 τὰ
2804 3193 3024 3262 ῥήματα
3056 3190 3164 3243 τῶν
3198 3190 3326 3261 περὶ
3372 3187 3647 3249 Εὑσέϐιον,
3676 3187 3760 3238 xei.

514 3268 647 3320 tiunt
681 3277 735 3322 et
763 3268 814 3321 in
846 3270 1195 3337 approbrium
1244 3270 1613 3325 haereditatem
1648 3282 1832 3339 tuam;
1861 3287 1924 3327 ac
1965 3272 2088 3328 tolle

2195 3279 2267 3349 μὴ
2304 3261 2409 3347 δῷς
2458 3281 2537 3342 είς
2575 3261 2878 3348 ἀφανισμὸν
2910 3280 3002 3331 καὶ
3035 3277 3235 3341 ὄνειδος
3278 3278 3377 3348 τὴν
3412 3276 3760 3347 κληρονομίαν

512 3357 724 3420 Arium,
770 3371 837 3410 ne
891 3358 1216 3423 ingrediente
1278 3358 1370 3411 illo
1426 3359 1477 3412 in
1526 3361 1831 3425 ecclesiam,
1871 3362 2087 3416 limresis

514 3462 636 3499 cum
675 3448 766 3500 illo
792 3448 1021 3505 introire
1070 3442 1361 3505 videatur':
1393 3466 1525 3505 neve
1556 3452 1809 3520 deinceps
1844 3452 2087 3520 impietas

513 3552 612 3603 pro
647 3538 844 3605 pietate
873 3540 1152 3594 habeatur.
1176 3541 1299 3595 llaec
1331 3552 1582 3611 precatus
1614 3543 1921 3611 episcopus,
1951 3544 2089 3597 mul-

515 3638 627 3681 tum
676 3632 869 3685 anxius
922 3635 1195 3686 recessit:
1236 3643 1291 3685 et
1345 3649 1429 3687 res
1474 3634 1606 3686 mira
1657 3634 2093 3704 incredibilisque

514 3719 760 3787 contigit.
790 3719 1105 3773 Eust-bianis
1137 3722 1330 3789 quippe
1384 3722 1780 3784 minitantibus,
1808 3722 2090 3792 episcopus

515 3811 727 3873 orabat,
756 3811 921 3863 Arius
951 3827 1077 3865 vero
1112 3812 1427 3867 Eusebianis
1460 3813 1662 3879 fretus,
1690 3828 1753 3867 ac
1798 3814 1961 3867 multa
1991 3830 2090 3868 nu-

516 3911 695 3967 gntus,
743 3900 1022 3969 ingressus
1054 3903 1106 3954 in
1144 3903 1366 3956 latrinas
1411 3904 1561 3970 quasi
1590 3905 1691 3957 alvi
1733 3907 2089 3962 exonerandze

517 4006 702 4055 causa,
738 3991 1023 4059 derepente
1046 4034 1059 4054 ,
1086 3994 1160 4046 uti
1219 3995 1477 4063 scriptum
1514 4006 1614 4057 est,
1666 4010 1865 4063 pronus
1916 3996 2091 4053 factus

518 4082 730 4148 crepuit
784 4084 990 4137 medius
1010 4084 1075 4150 ⁸³,
1111 4083 1498 4153 prolapsusque
1537 4086 1720 4139 statim
1772 4089 2087 4157 exspiravit,

517 4182 746 4241 utroque
784 4174 963 4240 simul,
986 4177 1090 4229 vita
1117 4175 1322 4230 scilicet
1342 4185 1395 4230 et
1426 4177 1802 4233 communione
1832 4180 2092 4247 privatus.

2194 3382 2318 3417 σοιν
2364 3364 2459 3418 καὶ
2497 3361 2630 3437 ἆρον
2670 3366 2904 3436 Ἀρειον,
2954 3366 3043 3418 ἴνα
3086 3365 3192 3435 μὴ,
3236 3365 3569 3427 εἰσελθόντος
3609 3363 3761 3416 αὐτοῦ

2192 3457 2271 3518 είς
2314 3455 2412 3524 τὴν
2458 3455 2788 3525 ἐκκλησίαν,
2836 3455 2962 3528 δόξῃ
3013 3456 3106 3509 καὶ
3150 3458 3183 3525 ή
3231 3457 3444 3527 αἵρεσις
3500 3456 3763 3523 συνεισέρ⁴

2192 3545 2381 3616 χεσθαι
2415 3545 2583 3615 αὐτῷ,
2617 3546 2711 3598 καὶ
2734 3546 2918 3598 λοιπὸν
2951 3548 2984 3616 ἡ
3014 3546 3238 3598 ἀσέϐεια
3274 3547 3349 3609 ὡς
3397 3547 3647 3599 εὐσέϐεια
3687 3560 3763 3595 νο-

2196 3636 2383 3707 μισθῇ.
2434 3635 2618 3689 Ταῦτα
2671 3637 2964 3707 εὐξάμενος
3010 3639 3038 3689 ὁ
3083 3638 3417 3702 ἐπίσκοπος,
3461 3636 3761 3706 ἀνεχώρησε

2197 3728 2337 3780 πάνυ
2371 3728 2688 3797 φροντίζων.
2725 3730 2833 3782 Καὶ
2861 3729 3049 3797 γέγονέ
3089 3746 3142 3780 τι
3192 3728 3502 3798 θαυμαστὸν
3543 3728 3637 3780 καὶ
3668 3715 3762 3777 πα-

2200 3817 2447 3889 ράδοξον’
2500 3819 2606 3871 τῶν
2639 3819 2747 3890 γὰρ
2794 3820 2920 3890 περὶ
2968 3818 3226 3871 Εὑσέϐιον
3271 3818 3700 3887 ἀπειλησάντων,
3740 3816 3764 3865 6

2199 3908 2298 3978 μὲν
2344 3909 2639 3973 ἐπίσκοπος
2688 3910 2908 3980 ηὔξατο,
2959 3912 2987 3963 6
3033 3909 3087 3961 δὲ
3127 3911 3346 3981 Ἀρειος
3398 3909 3619 3979 eaepse;
3661 3907 3763 3965 τοῖς

2197 3998 2324 4067 περὶ
2356 3998 2637 4062 Εὑσέϐιον,
2685 4000 2853 4052 πολλά
2883 4018 2940 4052 τε
2976 3998 3252 4069 φλυαρῶν,
3290 3998 3539 4068 εἰσῆλθεν
3575 3999 3652 4058 είς
3680 3994 3765 4047 θά-

2196 4110 2297 4156 κας
2339 4093 2437 4166 (7),
2467 4093 2540 4157 ὡς
2572 4092 2658 4145 διά
2696 4093 2881 4162 χρείαν
2927 4095 3025 4165 τῆς
3068 4092 3325 4163 γαστρὸς,
3369 4092 3463 4142 καὶ
3490 4087 3765 4155 ἐξαίφνης.

2199 4184 2340 4237 κατὰ
2408 4186 2468 4237 τὸ
2534 4183 2953 4253 γεγραμμένον,
3022 4184 3235 4255 πρηνὴς
3303 4182 3594 4251 γενόμενος
3652 4171 3767 4228 ἐλά-

517 4276 655 4330 κησε
697 4264 773 4334 (8)
814 4264 1006 4335 μέσος,
1054 4268 1145 4319 καὶ
1183 4267 1361 4320 πεσὼν
1405 4266 1564 4330 εὐθὺς
1605 4269 1901 4337 ἀπέψυξεν,
1944 4270 2266 4341 ἀμφοτέρων
2324 4293 2404 4341 τε,
2455 4275 2555 4344 τῆς
2610 4292 2669 4327 τε
2715 4275 2997 4338 κοινωνίας
3023 4275 3116 4328 καὶ
3142 4273 3235 4326 τοῦ
3266 4274 3385 4342 ζῇν,
3430 4270 3593 4332 εὐθὺς
3629 4270 3766 4321 ἐστε·

519 4353 681 4427 ρήθη-

587 4447 643 4503 4.
680 4448 952 4516 Ejusmodi
1006 4444 1108 4503 fuit
1153 4450 1265 4504 Arii
1307 4452 1483 4506 exitus
1520 4469 1533 4504 :
1574 4452 1973 4523 Eusebianique
2013 4469 2089 4507 tn-

2270 4451 2323 4504 4.
2366 4451 2439 4503 Τὸ
2472 4453 2569 4521 μὲν
2596 4446 2686 4504 οὖν
2712 4451 2865 4513 τέλος
2899 4449 2992 4503 τοῦ
3037 4449 3247 4519 Ἀρείου
3286 4447 3526 4501 τοιοῦτον
3554 4445 3765 4512 γέγονε⁸

519 4542 661 4606 genti
694 4541 899 4608 pudore
929 4541 1138 4605 sullusi,
1179 4543 1566 4611 coniurationis
1596 4558 1708 4595 suae
1764 4545 1970 4598 socium
2000 4561 2089 4599 se-

518 4629 738 4697 peliere.
767 4629 943 4687 Beata:
993 4644 1120 4682 vero
1156 4630 1238 4683 vir
1282 4631 1556 4684 memoriae
1603 4630 1938 4696 Alexander,
1969 4648 2095 4702 gau-

519 4722 677 4772 dente
730 4719 966 4774 Ecclesia
1010 4721 1237 4790 synaxin
1296 4735 1416 4773 cum
1467 4721 1665 4787 pietate.
1710 4731 1762 4774 et
1800 4738 1929 4775 sana
1993 4724 2095 4778 fide

520 4810 833 4873 telebravit,
876 4825 1171 4879 precesque
1211 4810 1344 4863 ludit
1386 4828 1481 4880 pro
1528 4812 1777 4867 fratribus
1818 4815 2089 4882 omnibus,

521 4914 584 4952 ac
614 4900 777 4952 Deum
806 4915 1128 4970 magnopere
1157 4901 1478 4970 glorilicavit
1507 4920 1520 4954 :
1557 4918 1662 4956 non
1699 4918 1804 4970 quo
1838 4906 2092 4972 gauderet

520 5009 587 5041 ne
621 4989 760 5044 illius
802 4991 1039 5056 interitu,
1065 4992 1202 5047 absit
1238 4994 1251 5047 ί
1286 5009 1409 5048 nam
1450 5002 1703 5048 statutth
1740 5005 1813 5047 est
1856 4995 2093 5050 omnibus

520 5080 817 5134 hominibus
857 5081 1011 5133 semel
1046 5084 1176 5136 mori
1202 5082 1277 5149 3‘;
1313 5085 1405 5139 sed
1444 5086 1585 5154 quod
1621 5100 1682 5138 ea
1727 5099 1813 5140 res
1861 5086 2095 5142 humana

517 5169 717 5236 iudicia
757 5172 867 5226 visa
901 5171 1065 5227 fuerit
1093 5188 1368 5242 superare.
1421 5175 1538 5245 lpsc
1575 5190 1805 5244 namque
1837 5175 2094 5232 Dominus

593 5286 640 5318 "
667 5287 787 5343 Act.
824 5304 862 5355 t,
904 5289 992 5345 18.
1069 5289 1117 5321 ⁸⁵
1150 5289 1311 5345 Hebr.
1344 5307 1420 5356 ix,
1446 5290 1537 5344 27.

592 5396 670 5468 (ε)
713 5398 805 5468 §ie
828 5399 962 5468 Reg.
998 5400 1163 5463 Editi,
1192 5399 1477 5468 ὀμόσοντα.

617 5466 670 5534 3)
710 5466 1060 5531 Theodoret.,
1086 5470 1151 5521 ἐκ
1172 5466 1264 5522 τοῦ
1298 5466 1553 5536 οὐρανοῦ,
1581 5468 1782 5523 rectius
1805 5468 2047 5526 fortasse.

593 5471 670 5602 (ὃ)
710 5471 1060 5531 Theodoret.,
1086 5471 1151 5521 ἐκ
1172 5471 1264 5522 τοῦ
1298 5471 1429 5536 οὐρα

624 5536 672 5607 ί)
701 5537 856 5607 Reg,
884 5538 1034 5607 παρά
1076 5537 1316 5607 βασιλέα.
1406 5548 1429 5559 ⁸

601 5605 675 5677 (ᾗ)
704 5606 953 5677 "Sicileg.
967 5605 1054 5677 Ed
1066 5605 1143 5677 ili,
1175 5608 1355 5677 αὐτόν,

621 5674 673 5745 ϐ)
698 5676 789 5745 ξίο
807 5673 936 5739 Reg}
967 5675 1105 5728 Editi
1134 5677 1298 5736 maie,
1326 5675 1543 5743 ’Ἄρειος
1572 5674 1759 5745 αὕριος
1788 5676 1995 5745 αὔριον.

622 5742 673 5813 ἶ)
704 5742 1048 5813 ΪΙιεοιΙυι·εῑ.,
1076 5747 1153 5807 είς
1186 5745 1470 5813 καθέδρας.

601 5811 676 5877 (8)
711 5810 800 5865 Sic
833 5813 961 5881 lieg.
998 5813 1137 5866 Editi
1174 5830 1317 5879 vero,
1355 5810 1590 5864 ἐλάκισε.
1620 5812 1735 5866 Mox
1768 5814 1925 5883 Begu,

2204 4546 2295 4598 καὶ
2328 4548 2375 4599 οἱ
2410 4546 2539 4617 περὶ
2572 4544 2831 4598 Εὑσέϐιον
2868 4544 3114 4613 μεγάλως
3144 4542 3543 4611 αἰσχυνθέντες,
3571 4536 3768 4603 ἔθαψαν

2201 4635 2292 4689 τὸν
2320 4636 2617 4706 συνομότην
2648 4636 2724 4705 (9)
2757 4634 2992 4689 ἐαυτῶνο
3023 4636 3051 4686 6
3076 4633 3132 4685 δὲ
3184 4633 3491 4702 μακαρίτης
3530 4628 3765 4691 Ἀλέξαν-

2202 4726 2325 4796 δρος
2374 4726 2669 4798 χαιρούσης
2720 4725 2818 4794 τῆς
2879 4725 3204 4793 Ἑκκλησίας
3253 4723 3351 4792 τὴν
3404 4720 3618 4784 σύναξιν
3674 4719 3766 4767 ἐπ-

2200 4817 2412 4870 ετέλεσε
2446 4820 2541 4872 σὺν
2584 4817 2832 4886 εὐσεϐείᾳ
2864 4817 2957 4868 καὶ
3332 4817 3464 4867 πᾶσι
3489 4816 3597 4873 τοῖς
3622 4807 3767 4862 ἀδελ-

2202 4910 2321 4974 φοῖς
2352 4908 2661 4979 εὐχόμενος,
2694 4904 2784 4961 καὶ
2814 4907 3047 4973 δοξάζων
3078 4906 3330 4976 μεγάλως
3364 4906 3453 4959 τὸν
3480 4903 3627 4965 Θεὸν,
3674 4898 3767 4963 0'31

2201 4996 2276 5061 ὡς
2309 4999 2607 5069 ἐπιχαίρων
2640 4998 2717 5069 τῷ
2768 4998 3003 5067 θανάτῳ,
3052 4998 3127 5067 μὴ
3172 4996 3408 5065 γένοιτοί
3461 4992 3605 5047 πᾶσι
3664 4986 3766 5056 γὰρ
3840 5028 3849 5039 ς

2203 5092 2506 5147 ἀπόκειται
2539 5094 2663 5157 τοῖς
2699 5094 3028 5160 ἀνθρώποις
3066 5092 3181 5162 (10)
3227 5091 3389 5154 ἅπαξ
3420 5083 3764 5143 ἀποθανεῖν·

2203 5182 2313 5236 ἀλλ’
2365 5186 2445 5238 ὅτι
2500 5185 2657 5239 τοῦτο
2701 5184 2839 5254 ὑπὲρ
2888 5182 2987 5247 τὰς
3032 5182 3336 5253 ἀνθρώπων
3378 5182 3580 5253 κρίσεις
3637 5171 3768 5225 ἐδεί-

2178 5402 2417 5473 ἐψυξεν.
2453 5403 2636 5469 Basil.,
2664 5402 2959 5472 ἀπέψυχεν.
2986 5398 3155 5473 _Editi,_
3176 5398 3457 5473 ἀπένυξεν.
3478 5395 3587 5448 Mox
3607 5388 3765 5445 εὐθύς

2205 5468 2331 5545 post
2358 5474 2458 5543 ζῇν
2493 5476 2545 5527 in
2576 5472 2709 5545 lieg.
2742 5468 2957 5540 legitur,
2987 5470 3038 5521 in
3069 5470 3234 5545 editis
3258 5468 3447 5545 densita
3478 5534 3489 5543 .
3644 5523 3733 5545 HJ,

2276 5537 2528 5613 (ξυνίης.
2558 5537 2730 5611 pt'ima
2774 5537 2933 5594 manu
2975 5537 3317 5607 συνομιὶητμ.
3356 5537 3489 5588 Ediii
3538 5541 3762 5595 cavom-

2201 5629 2664 5803 τηῖίῧιξιὲἱῗιιθε.
2697 5689 2751 5737 et
2788 5676 3122 5734 Basiliensis.
3154 5676 3209 5731 ln
3234 5674 3389 5731 editis
3416 5685 3534 5730 vero
3555 5658 3759 5731 ἀνθρώ·

2202 5766 2332 5803 πονε
2362 5772 2377 5803 t
2396 5763 2527 5803 eest.

2202 5766 2332 5813 πους
2362 5763 2527 5805 deest.
