3980 6524
234 482 329 537 689

1113 484 1334 540 EPIST.
1378 485 1471 539 AD
1512 484 1956 543 SERAPIONEM
1998 485 2087 539 DE
2125 480 2361 540 MOIlTE
2396 478 2554 534 ΑΒΗ.

3377 477 3483 538 690

230 600 349 667 χθη.
400 594 572 658 Αὐτὸς
606 594 715 664 γάρ
744 597 772 647 6
804 594 1041 665 Κύριος,
1093 596 1317 659 δικάσας
1376 600 1495 660 ταῖς
1550 597 1782 658 ἀπειλαῖς

1907 597 2044 649 inter
2079 595 2500 651 Eusebianorum
2549 592 2718 643 minas
2756 600 2807 646 et
2845 590 3131 645 Alexandri
3169 605 3354 661 preces
3389 594 3477 662 ju-

228 686 329 740 τῶν
361 688 489 757 περὶ⁹
533 686 790 739 Εὐσέϐιον
831 687 924 739 καὶ
968 688 1034 755 τῇ
1089 687 1221 757 εὐχῇ
1266 687 1634 760 Ἀλεξάνδρου,
1669 705 1801 741 κατ-

206 778 402 848 ’έκρινε
452 776 560 847 τὴν·
603 764 888 848 ’Ᾰρειανὴν
926 778 1154 849 αἵρεσιν,
1180 778 1355 841 δείξας
1382 778 1551 851 αὐτὴν
1584 778 1799 843 ἀνάξιον

220 865 381 941 οὖσαν
407 868 508 938 τῆς
547 868 1003 938 ἐκκλησιαστικῆς
1052 868 1363 932 κοινωνίας·
1400 871 1493 922 καὶ
1527 871 1659 922 πᾶσι
1695 886 1799 936 φα-

224 958 483 1029 νερώσας,
532 959 637 1025 ὅτι,
678 958 959 1033 κάναπαρά
996 958 1259 1027 βασιλέως
1292 961 1386 1013 καὶ
1438 962 1656 1033 πάντων
1701 963 1797 1015 ἀν-

224 1048 463 1119 θρώπων,
487 1048 587 1119 ἔχῃ
619 1048 715 1119 τὴν
755 1044 1107 1117 προστασίαν,
1159 1049 1455 1122 ἀλλάμπαμΐ
1484 1052 1653 1122 αὐτῆς
1698 1051 1796 1121 τῆς

235 1138 556 1208 Ἐκκλησίας
606 1139 920 1209 κατεκρίθη.
949 1139 1224 1192 Δέδεικται
1267 1136 1360 1193 οὖν
1403 1141 1464 1192 οὐ
1519 1140 1793 1208 θεοφιλὲς,
1844 1139 1855 1147 ’

221 1230 329 1282 ἀλλ’
349 1228 549 1292 ἀσεϐὲς
574 1229 635 1281 τὸ
668 1230 1032 1300 χριστομάχον
1058 1233 1418 1302 ἐργαστήριον
1447 1231 1554 1285 τῶν
1595 1233 1799 1302 Ἀρειοδ

225 1318 475 1389 μανιτῶν.
523 1319 635 1371 Καὶ
681 1318 867 1372 πολλοὶ
917 1319 1023 1373 τῶν
1075 1322 1337 1392 πρότερον
1407 1322 1794 1393 ἀπατηθέντων

224 1408 520 1478 μετέθεντο.
550 1410 624 1461 Οὐ
655 1409 763 1479 γάρ
793 1410 970 1475 ἄλλος,
1017 1410 1131 1462 ἀλλ’
1172 1411 1333 1474 αὐτὸς
1378 1414 1406 1464 6
1448 1412 1795 1484 βλασφημού-

223 1517 374 1569 μενος
404 1501 537 1570 παρ’
561 1500 741 1553 αὐτῶν
788 1500 993 1571 Κύριος
1028 1503 1315 1573 κατέκρινε
1348 1503 1445 1575 τὴν
1478 1506 1594 1558 κατ’
1627 1506 1791 1558 αὐτοῦ

220 1591 484 1642 συστᾶσαν
529 1591 771 1660 αἵρεσιν·
808 1592 901 1643 καὶ
934 1591 1096 1643 πάλιν
1147 1592 1367 1659 ἔδειξεν,
1410 1595 1511 1658 ὅτι,
1562 1594 1664 1647 κᾶν
1698 1595 1792 1647 νῦν

216 1681 519 1751 ὁβασιλεὺς
571 1682 947 1744 Κωνστάντιος
990 1682 1244 1752 βιάζηται
1280 1685 1407 1747 τοὺς
1462 1685 1792 1747 ἐπισκόπους

217 1773 348 1844 ὑπὲρ
381 1772 555 1842 αὐτῆς
602 1773 743 1843 (Η),
792 1773 905 1826 ἀλλ’
956 1773 1318 1845 ἀκοινώνητός
1362 1776 1477 1827 ἐστι
1524 1776 1625 1845 τῆς
1671 1776 1791 1829 Ἐκ-

214 1864 451 1932 κλησίας,
501 1865 596 1917 καὶ
633 1864 739 1916 τῶν
775 1863 1017 1934 οὐρανῶν
1069 1864 1342 1936 ἀλλοτρία.
1379 1865 1587 1919 Οὐκοῦν
1626 1868 1720 1920 καὶ
1753 1869 1785 1937 ή

213 1956 334 2025 παρ’
360 1955 489 2023 ὑμῖν
531 1954 717 2006 λοιπὸν
769 1954 1068 2007 πεπαύσθω
1098 1954 1350 2025 ζήτησις⁵
1389 1957 1526 2027 αὕτη
1569 1958 1675 2029 γὰρ
1716 1954 1783 2028 ἧν
1818 1940 1859 1995 Β

210 2046 542 2115 ἠγενομένη
594 2046 864 2115 συνθήκψ
906 2045 999 2098 καὶ
1056 2045 1243 2115 μηδεὶς
1300 2049 1673 2118 προστιθέσθω
1716 2053 1782 2121 τῇ

209 2142 436 2212 αἱρέσει,
490 2139 628 2194 ἀλλὰ
673 2142 766 2194 καὶ
804 2143 850 2193 οἱ
892 2140 1263 2210 ἀπατηθέντες
1305 2146 1786 2212 μεταγινωσκέτω-

209 2249 315 2284 σαν.
347 2234 449 2285 ’Ἦν
492 2232 601 2303 γὰρ
645 2233 672 2283 6
712 2232 915 2300 Κύριος
949 2233 1269 2302 κατέκρινε,
1314 2234 1396 2296 τίς
1429 2234 1781 2300 ἀποδέξεται;

207 2321 292 2373 καὶ
327 2323 391 2391 ἢν
424 2321 792 2392 ἀκοινώνητον
820 2321 980 2385 αὐτὸς
1010 2324 1298 2393 ⁴ιτεποίηκε,
1338 2324 1453 2388 πῶς
1480 2326 1507 2377 6
1540 2326 1784 2396 παραλα-

205 2412 422 2481 ϐόμενος
464 2413 579 2485 (1'2)
607 2414 667 2465 οὺ
705 2415 955 2484 μεγάλως
999 2416 1203 2481 ἀσεϐεῖ,
1246 2418 1339 2469 καὶ
1383 2417 1630 2488 φανερῶς
1667 2421 1782 2470 ἐστι

202 2503 581 2574 Χριστομάχος
603 2522 617 2569 ;

264 2594 317 2647 5.
370 2594 581 2648 Ἱκανὸν
636 2597 732 2665 μὲν
783 2593 875 2650 οὖν
933 2598 1027 2651 καὶ
1083 2598 1240 2651 τοῦτο
1288 2598 1606 2670 δυσωπῆσαι
1658 2597 1783 2662 τοὺς

200 2683 539 2753 ἐριστικούς·
596 2685 870 2752 ἀνάγνωθι
915 2683 1008 2739 οὖν
1056 2690 1169 2750 τοῖς
1203 2688 1322 2739 τότε
1369 2686 1657 2757 ζητήσασι,
1692 2689 1783 2742 καὶ

198 2774 258 2827 τὰ
298 2773 445 2827 κατά
496 2773 601 2843 τῆς
645 2775 911 2845 αἱρέσεως
956 2776 1024 2829 δι’
1068 2776 1263 2845 ὀλίγων
1314 2777 1591 2849 γραφέντα
1647 2778 1784 2849 πρὸς

196 2864 311 2926 τοὺς
356 2864 653 2933 μοναχοὺς,
688 2865 775 2917 ἵνα
810 2865 902 2918 καὶ
932 2866 990 2930 ἐξ
1038 2867 1219 2919 αὐτῶν
1254 2867 1333 2919 ἔτι
1385 2867 1582 2938 μᾶλλον
1616 2886 1783 2922 κατα-

193 2954 497 3021 γινώσκωσι
551 2956 652 3024 τῆς
717 2957 970 3021 ἀσεϐείας
1039 2958 1131 3010 καὶ⁵
1187 2959 1288 3029 τῆς
1354 2959 1620 3030 πονηρίας
1672 2958 1780 3014 τῶν

204 3044 644 3114 Ἀρειομανιτῶν.
672 3045 875 3115 Μηδενὶ
911 3045 1092 3115 μέντοι
1122 3046 1356 3117 θελήσῃς
1383 3046 1630 3101 ἐκδοῦναι
1658 3048 1781 3101 τού-

190 3148 289 3184 των
319 3132 680 3202 ἀντίγραφον,
721 3133 853 3202 μηδέ
890 3134 1071 3204 σαυτῷ
1114 3136 1491 3206 μεταγράψαιο
1534 3138 1628 3189 καὶ
1671 3135 1778 3209 γὰρ

190 3223 276 3275 καὶ
322 3227 440 3287 τοῖς
493 3224 611 3295 (15)
668 3228 919 3295 μοναχοῖς
978 3226 1134 3279 τοῦτο
1184 3226 1495 3298 δεδήλωκα’
1544 3228 1658 3282 ἀλλ’
1702 3228 1778 3292 ὡς

187 3315 435 3384 γνήσιος,
482 3315 531 3367 εί
585 3316 683 3384 μέν
731 3334 783 3369 τι
814 3316 988 3371 λείπει
1035 3322 1148 3382 τοῖς
1181 3324 1458 3391 γραφεῖσι,
1504 3322 1771 3393 πρόσθες·

186 3404 341 3469 εὐθὺς
390 3406 448 3457 δὲ
499 3405 639 3477 πρὸς
689 3409 835 3478 ἡμᾶς
874 3410 1229 3481 ἀντίπεμψον.
1284 3414 1394 3465 Καὶ
1431 3414 1539 3484 γὰρ
1573 3415 1667 3467 καὶ
1711 3416 1775 3467 ἐκ

182 3498 275 3566 τῆς
312 3498 647 3567 ἐπιστολῆς,
688 3495 754 3570 ἧς
799 3500 1012 3571 ἔγραψα
1045 3505 1159 3566 τοῖς
1210 3503 1496 3573 ἀδελφοῖς,
1547 3506 1772 3560 δύνασαι

184 3586 372 3654 μαθεῖν
398 3587 427 3639 ὃ
462 3588 712 3641 πέπονθα
750 3591 999 3660 γράφων,
1041 3594 1136 3646 καὶ
1166 3594 1371 3661 γνῶναι
1407 3595 1521 3648 ἔτι·
1560 3597 1655 3650 καὶ
1686 3597 1772 3650 διὰ

179 3676 331 3729 τοῦτο
357 3678 462 3729 οὐκ
496 3678 645 3732 ἐστιν
674 3680 911 3748 ἀσφαλὲς
952 3683 1250 3737 ἐκδίδοσθαι
1288 3686 1592 3757 γράμματα
1624 3689 1767 3741 ἰδιώ-

176 3784 286 3832 του,
318 3769 416 3821 καὶ
453 3770 687 3839 μάλιστα
720 3773 849 3843 περὶ
881 3774 991 3825 τῶν
1025 3775 1313 3828 ἀνωτάτων
1345 3778 1438 3829 καὶ
1470 3795 1767 3848 κορυφαιο-

173 3858 349 3911 τάτων
405 3859 717 3929 δογμάτων,
771 3864 980 3933 μήποτε
1033 3867 1093 3918 τὸ
1145 3866 1231 3919 διὰ
1285 3868 1658 3941 ἀσθένειαν,ἢ
1709 3871 1768 3924 τὸ

173 3948 580 4020 ἀδιατράνωτον
613 3953 711 4022 τῆς
744 3954 991 4027 γλώττης
1020 3957 1214 4021 ἐνδεῶς
1240 3961 1525 4030 εἰρημένον
1562 3961 1765 4035 βλάϐην

170 4041 279 4101 τοῖς
308 4040 777 4108 ἀναγινώσκουσιν
810 4047 1103 4120 ἐμποιήσῃ.
1134 4049 1197 4100 Οἱ
1231 4049 1340 4119 γάρ
1367 4051 1550 4104 πολλοὶ
1577 4055 1636 4105 οὐ
1666 4054 1765 4125 τὴν

170 4128 378 4191 πίστιν,
426 4130 550 4183 οὐδὲ
598 4131 688 4184 τὸν
732 4136 932 4187 σκοπὸν
964 4137 1058 4189 τοῦ
1090 4138 1399 4207 γράψαντος
1449 4142 1761 4209 σκοποῦσιν,

168 4222 279 4274 ἀλλ’
309 4221 343 4291 ἦ
371 4221 463 4275 διὰ
497 4222 714 4291 φθόνον,
745 4224 777 4294 ἢ
811 4225 877 4278 δι’
904 4226 1039 4297 ἔριν,
1072 4222 1139 4297 ἧς
1174 4230 1592 4301 προελήφθησαν
1622 4234 1762 4288 κατά

165 4311 406 4365 διάνοιαν
438 4312 631 4383 δόξης,
677 4314 751 4378 ώς
788 4315 880 4368 ἐὰν
916 4316 1214 4387 θελήσωσιν
1258 4321 1441 4385 αὐτοὶ,
1487 4322 1756 4392 δέχονται,

166 4400 256 4452 καὶ
294 4400 662 4462 μεταποιοῦσι
696 4403 764 4455 τὰ
817 4406 1096 4475 γραφέντα
1145 4408 1287 4461 κατά
1318 4409 1416 4480 τὴν
1461 4413 1595 4466 ἰδίαν
1638 4413 1760 4483 ἡδο-

164 4494 277 4561 νήν.
312 4493 437 4563 Δῴη
483 4494 543 4546 δὲ
580 4497 607 4547 6
638 4497 841 4565 Κύριος
887 4496 1035 4566 παρὰ
1085 4500 1240 4563 πᾶσι,
1273 4503 1365 4554 καὶ
1400 4502 1632 4572 μάλιστα
1677 4501 1757 4569 οἷς

1904 688 2076 739 dicem
2107 701 2227 740 sese
2252 686 2603 745 constituens,
2631 683 2875 736 ha-resim
2899 682 3171 736 damnavit
3198 683 3477 745 Arianam,

1903 774 2302 843 declarat-itque
2336 790 2455 829 esse
2485 773 2626 827 illam
2667 772 2919 825 Ecclesia:
2939 772 3316 825 communione
3340 772 3477 823 indi~

1901 882 2082 935 gnam.
2139 866 2318 920 Palam
2352 866 2476 919 item
2532 864 2657 918 fecit
2707 862 2978 926 omnibus,
3008 860 3135 914 licet
3185 861 3480 928 imperator

1903 957 2245 1026 universique
2276 956 2522 1009 homines
2550 953 2667 1021 ejus
2695 952 3052 1022 patrocinium
3077 950 3390 1020 suseipiant,
3410 951 3478 1003 ab

1903 1047 2138 1102 Ecclesia
2173 1057 2347 1099 tamen
2387 1046 2529 1099 illam
2560 1044 2972 1097 condemnatam
3002 1040 3185 1094 fuisse.
3222 1040 3478 1110 Explora-

1903 1151 2012 1193 tum
2062 1139 2240 1207 itaque
2295 1146 2411 1201 est,
2452 1136 2666 1190 Christo
2722 1134 3088 1189 adversariam
3155 1133 3476 1187 Arianorum

1897 1230 2186 1292 ollieinam,
2231 1243 2335 1282 non
2376 1227 2487 1282 Deo
2524 1227 2770 1292 charam,
2795 1228 2887 1280 sed
2917 1225 3135 1291 impiam
3164 1239 3303 1279 esse.
3319 1223 3479 1279 Certe

1897 1323 2135 1393 plerique
2166 1322 2378 1374 illorum
2411 1321 2500 1388 qui
2536 1331 2662 1373 ante
2696 1318 3046 1372 circumventi
3091 1317 3323 1381 fuerant,
3353 1332 3477 1370 sen-

1900 1412 2118 1466 tentiam
2168 1418 2591 1464 commutaruut.
2627 1407 2740 1461 INon
2774 1410 2914 1461 enim
2963 1407 3136 1475 quivis
3181 1407 3343 1471 alius,
3381 1407 3474 1459 sed

1894 1503 2007 1571 ipse
2034 1503 2315 1567 Dominus,
2349 1501 2398 1553 in
2430 1515 2588 1569 quem
2610 1498 2679 1552 illi
2710 1499 3166 1566 blasphemabant,
3192 1498 3471 1552 adversum

1893 1608 1953 1647 se
1979 1594 2344 1661 insurgentem
2379 1591 2627 1645 hmresim
2652 1590 3047 1643 condemnavit.
3084 1588 3472 1657 Pr0palamque

1895 1683 2041 1746 fecit,
2079 1683 2202 1736 licet
2238 1683 2534 1735 etiamnmn
2594 1681 2890 1749 imperator
2942 1680 3288 1733 Constantius
3330 1678 3472 1732 illius

1891 1776 2062 1844 gratia
2103 1774 2373 1844 episc0pis
2414 1774 2522 1827 vim
2573 1771 2787 1835 inferat,
2815 1787 2936 1826 esse
2980 1771 3323 1825 nihilominus
3351 1787 3468 1825 eam

1893 1875 1947 1920 et
1990 1882 2019 1918 a
2079 1866 2461 1920 communione
2495 1864 2753 1919 Ecclesia:
2799 1873 3154 1931 segregatam,
3187 1872 3241 1915 et
3274 1877 3302 1914 a
3334 1861 3503 1917 ccelo/

1888 1955 2140 2010 alienam.
2177 1955 2542 2021 Quamobrem
2578 1965 2753 2009 cesset
2782 1954 2834 2007 in
2860 1965 3134 2022 posterum
3166 1951 3468 2021 huiusmodi

1890 2057 2065 2102 vestra
2095 2046 2347 2116 quaestio,
2371 2049 2449 2100 sic
2490 2046 2633 2100 enim
2679 2048 2818 2100 inter
2842 2062 2935 2100 vos
2967 2056 3178 2115 pactum
3208 2046 3339 2113 fuit;
3370 2062 3467 2101 ne-

1887 2153 2082 2207 moque
2108 2139 2296 2192 haeresi
2324 2136 2641 2207 adjungatur
2675 2155 2687 2190 :
2727 2140 2819 2191 sed
2846 2138 3164 2205 resipiscant
3186 2137 3274 2205 qui
3310 2138 3467 2191 dece-

1886 2230 1961 2299 pti
1986 2240 2134 2285 sunt.
2171 2229 2342 2295 Quam
2376 2229 2518 2283 enim
2554 2227 2814 2282 Dominus
2855 2229 3147 2293 damnavit,
3184 2229 3303 2298 quis
3339 2229 3466 2282 reci-

1886 2320 2033 2387 piet?
2073 2329 2128 2374 et
2159 2321 2315 2391 cujus
2347 2321 2506 2389 271
2547 2320 2634 2373 ille
2680 2320 3112 2375 communissent
3163 2318 3459 2389 prohibuit,

1885 2412 2154 2479 quomodo
2176 2412 2268 2480 qui
2296 2413 2546 2465 admittet
2581 2427 2683 2465 non
2714 2410 2961 2465 maxima:
2991 2408 3285 2481 impietatis
3315 2427 3460 2476 reus,

1884 2511 1938 2558 et
1965 2502 2142 2572 palam
2169 2502 2373 2559 Christi
2408 2504 2580 2558 hostis
2607 2504 2710 2558 erit
2736 2504 2758 2555 ‘2

1956 2593 2009 2647 5.
2056 2592 2182 2648 Haec
2221 2594 2329 2648 sint
2381 2596 2545 2664 igitur
2596 2595 2660 2647 ad
2714 2596 3081 2649 «ontentiosos
3122 2595 3459 2649 confunden-

1885 2682 1982 2737 dos
2019 2684 2187 2738 satis:
2214 2683 2329 2739 haec
2361 2683 2527 2753 legito
2565 2684 2632 2738 iis
2681 2684 2771 2753 qui
2806 2682 2968 2751 liujus
3017 2683 3333 2752 qumstionis
3364 2701 3460 2738 au-

1883 2783 2063 2830 ctores
2121 2775 2293 2839 fuere,
2347 2790 2555 2829 necnon
2606 2790 2669 2830 ea
2722 2789 2842 2844 quae
2888 2776 3152 2830 adversus
3209 2776 3456 2831 haeresim

1882 2866 2068 2937 paucis
2118 2867 2182 2919 ad
2232 2867 2530 2921 monachos
2581 2866 2893 2936 conscripta
2942 2877 3103 2932 sunt;
3140 2875 3199 2921 ut
3224 2866 3454 2921 Ariano-

1883 2973 2001 3012 rum
2052 2958 2177 3033 iqde
2234 2957 2569 3026 impietatem
2620 2957 2992 3025 malitiamque
3041 2957 3213 3026 magis
3254 2957 3457 3026 impro-

1880 3048 2028 3103 bent.
2070 3049 2212 3104 Cave
2249 3050 2449 3104 nemini
2503 3049 2696 3102 horum
2737 3050 3014 3118 exemplar
3039 3050 3189 3113 edas,
3228 3059 3318 3102 aut
3356 3049 3451 3105 tibi
3544 3112 3553 3115 ν

1883 3141 1994 3209 ipse
2038 3140 2374 3195 transcribas
2404 3158 2418 3194 :
2444 3156 2567 3194 nam
2608 3141 2840 3209 idipsum
2896 3142 3180 3195 monachis
3233 3157 3453 3209 quoque

1882 3231 2179 3301 signiﬁcavi
2217 3233 2353 3287 :sed
2409 3248 2505 3301 pro
2555 3242 2644 3286 tua
2694 3233 3049 3302 ingenuitate,
3094 3233 3138 3284 si
3175 3234 3449 3301 quidpiam

1881 3323 2100 3391 scriptis
2133 3324 2327 3386 deerit,
2362 3324 2413 3376 id
2440 3322 2633 3386 addas,
2667 3323 2965 3392 statimque
3001 3323 3086 3376 illa
3120 3325 3186 3376 ad
3238 3338 3333 3378 nos
3368 3339 3450 3378 re-

1878 3414 2064 3468 mittas
2113 3414 2299 3469 velim.
2340 3415 2414 3468 Ex
2463 3429 2580 3468 mea
2640 3415 2837 3484 quippe
2871 3417 2937 3469 ad
2970 3414 3165 3469 fratres
3198 3415 3445 3484 epistola,

1874 3504 2080 3572 poteris
2137 3504 2393 3571 quidnam
2434 3505 2726 3559 scribendo
2777 3518 2970 3572 passus
3016 3504 3116 3557 sim
3163 3505 3443 3559 ediscere:

1872 3602 2036 3661 atque
2086 3594 2209 3648 hinc
2256 3595 2498 3659 noveris,
2536 3596 2657 3648 ideo
2698 3606 2868 3649 tutum
2904 3609 3008 3648 non
3044 3610 3165 3650 esse
3210 3595 3445 3665 imperiti

1872 3684 2072 3752 scripta
2113 3686 2298 3747 edere,
2336 3686 2638 3753 pra‘sertim
2687 3686 2755 3740 de
2809 3685 3085 3754 supremis
3136 3700 3200 3739 ac
3252 3685 3446 3753 praeci-

1870 3776 1990 3842 puis
2048 3774 2435 3843 dogmatibus,
2492 3791 2558 3828 ne
2608 3776 2652 3829 si
2702 3776 2830 3845 quid
2882 3790 2978 3845 per
3022 3774 3444 3829 imbecillitatem

1869 3865 2370 3935 obscuritatemque
2415 3868 2686 3922 sermonis
2732 3868 2911 3922 minus
2962 3868 3208 3923 absolute
3240 3866 3444 3921 dictum

1868 3956 1960 4022 sit,
2010 3973 2204 4012 noxam
2274 3959 2324 4011 id
2379 3960 2677 4014 lectoribus
2723 3958 2935 4014 afferat.
2988 3959 3238 4029 Plerique
3301 3956 3445 4013 enim

1869 4064 1967 4102 nec
2013 4049 2194 4115 ﬁdem,
2234 4066 2333 4105 nce
2389 4066 2611 4120 scopum
2660 4050 2954 4119 scriptoris
2998 4048 3444 4105 attendunt:sed

1865 4148 1957 4191 aut
1997 4156 2060 4192 ex
2112 4140 2339 4206 invidia,
2390 4153 2481 4194 aut
2531 4143 2901 4195 contentionis
2954 4141 3160 4208 studio,
3200 4155 3298 4208 pro
3347 4153 3443 4192 sua

1861 4228 1970 4296 jam
2027 4231 2079 4283 in
2143 4241 2324 4285 mente
2370 4243 2589 4300 recepta
2645 4232 2956 4295 sententia,
3006 4233 3274 4284 arbitratu
3342 4243 3444 4282 suo

1863 4320 2026 4381 verba
2060 4321 2359 4388 accipiunt,
2400 4331 2454 4376 et
2486 4323 2685 4390 scripta
2718 4336 2816 4389 pro
2844 4321 3066 4374 libidine
3094 4323 3437 4387 detorquent.

1869 4412 2027 4464 Faxit
2060 4415 2320 4467 Dominus
2366 4423 2421 4465 ut
2468 4415 2519 4467 in
2554 4412 2830 4476 on'inibus,
2863 4427 2924 4465 ac
2958 4411 3293 4481 potissimum
3319 4410 3443 4476 qui-

1864 4504 1965 4559 bus
2006 4506 2121 4561 IKBC
2165 4506 2319 4576 legis,
2367 4507 2571 4559 veritas
2618 4515 2672 4559 et
2716 4520 2847 4559 sana
2905 4504 2956 4557 in
3007 4503 3291 4558 Dominum
3341 4516 3439 4555 no-

161 4585 564 4654 ἀναγινώσκεις
614 4587 816 4652 ταῦτα,
867 4591 1088 4659 κρατεῖν
1136 4592 1234 4661 τήν
1261 4610 1317 4644 τε
1351 4594 1626 4664 ἀλήθειαν,
1661 4598 1754 4651 καὶ

1892 4608 2031 4650 trum
2072 4596 2254 4651 Jesum
2286 4596 2567 4651 Christum
2602 4597 2737 4651 ﬁdes
2778 4596 3038 4651 obtineat.
3070 4594 3256 4649 Amen.

158 4673 253 4747 τὴν
288 4677 649 4744 ὑγιαίνουσαν
679 4680 761 4742 εἰς
806 4679 896 4732 τὸν
938 4679 1139 4750 Κύριον
1173 4682 1325 4752 ἡμῶν
1365 4685 1568 4756 Ἰησοῦν
1610 4673 1844 4760 Χριστδν
1873 4692 2074 4745 πίστιν.
2115 4690 2305 4761 Ἀμήν.

370 4857 633 4943 δῆμος.
660 4857 810 4943 Editi
840 4877 997 4927 vero,
1036 4866 1162 4934 περὶ
1203 4866 1392 4937 αὐτῆς.
1442 4867 1560 4922 Mox
1615 4871 1745 4943 Reg.

156 4927 288 4981 ἀλλὰ
325 4927 674 4997 κοινώνητος
706 4929 864 4997 male.

222 4999 337 5071 (12)
380 4996 573 5068 Ιὶεεά
599 4996 1169 5066 προσλαμϐανόαενος.
1225 5005 1344 5062 Mox
1382 5008 1547 5077 idem,
1581 5028 1746 5080 φανε-

1858 4874 1969 4945 ρός.
1998 4872 2172 4945 Ρθιιιο
2194 4881 2313 4945 post
2339 4870 2528 4945 idem,“
2545 4868 2847 4945 'Avdtvgtoﬁt
2871 4869 2927 4923 δέ
2950 4843 3119 4940 δμλως.

1915 4935 2042 5029 μῦ)
2075 4944 2165 4999 Sic
2195 4935 2350 5009 'Reg.
2396 4951 2449 4997 et
2494 4940 2657 4996 Basil.
2692 4935 2844 4995 'Editi
2894 4935 3046 5007 vero,
3106 4937 3201 4991 καὶ
3233 4936 3342 5009 γὰρ
3379 4935 3440 4988 ἐν

1854 5030 1984 5076 τοις.
