3980 6488
833 452 891 468 “μ

262 466 358 531 893

1178 454 1524 534 HISTORIA
1570 477 1978 538 ARIANORUM
2017 482 2107 538 AD
2146 481 2537 547 uoxxcnos.

3387 497 3496 553 69‘

262 592 515 662 γράφειν’
564 572 651 644 ναὶ
700 592 1044 646 πιστεύσατε.
1100 594 1217 647 Ἷνα
1266 596 1322 648 δὲ
1377 598 1450 668 μὴ
1506 597 1641 661 δόξω
1693 598 1827 667 μηδὲ

1932 603 2154 658 credite.
2195 604 2273 660 Ne
2314 616 2495 669 autem
2546 605 2733 660 videar
2758 616 2849 661 aut
2896 608 3045 665 vobis
3073 610 3329 667 molestus
3354 624 3497 677 esse,

266 682 396 751 ὑμᾶς
424 682 634 747 λυπεῖν,
668 685 801 755 μήτε
833 687 1072 749 ἐκείνους
1097 686 1222 749 τοὺς
1257 690 1385 759 παρ’
1412 686 1538 759 ὑμῖν
1565 687 1828 759 ζητήσαν-

268 791 352 837 τας
383 774 475 827 καὶ
509 774 986 844 φιλονεικήσαντας
1012 776 1309 848 ἐπιτρίϐειν
1338 778 1417 840 είς
1444 779 1544 848 τὴν
1575 777 1827 831 ἀσέϐειαν

265 866 321 918 ἐκ
344 864 435 917 τοῦ
486 868 713 935 σιωπᾷν,
757 865 1061 937 ἐϐιασάμην
1117 867 1351 938 ἐμαυτὸν
1384 868 1540 936 ὀλίγα
1585 868 1822 939 γράψαι·

265 957 347 1011 καὶ
382 955 554 1009 ταῦτα
582 955 873 1010 ἀπέστειλα
899 960 964 1027 τῇ
997 956 1239 1028 ὑμετέρᾳ
1274 956 1407 1026 (16⁹)
1439 957 1738 1027 θεοσεϐείᾳ.
1764 959 1827 1010 El

266 1048 365 1118 γάρ
384 1047 499 1109 καὶ,
519 1046 592 1110 ὣς
627 1049 771 1099 ἐστιν
800 1050 832 1117 ἡ
860 1049 957 1117 τῆς
989 1047 1244 1116 ἀληθείας
1272 1049 1591 1118 κατάληψις,
1612 1031 1827 1121 μακράν

263 1138 369 1189 ἐστι
393 1136 486 1188 νῦν
511 1134 622 1205 (l7)
649 1136 739 1204 ἀφ’
763 1135 917 1205 ἡμῶν
945 1136 1031 1188 διά
1054 1137 1150 1206 τὴν
1174 1138 1271 1207 τῆς
1302 1138 1501 1208 σαρκὸς
1526 1138 1824 1203 ἀσθένειαν,

263 1224 391 1278 άλλά
441 1224 683 1286 δυνατὸν,
737 1224 813 1286 ὡς
864 1220 1014 1277 εἶπεν
1072 1226 1231 1287 αὑτὸς
1281 1228 1309 1279 6
1367 1227 1823 1299 Ἐκκλησιαστὴς,

263 1317 455 1386 γνῶναι
491 1315 598 1367 τῶν
650 1315 860 1367 ἀσεϐῶν
920 1317 1018 1385 τὴν
1068 1315 1397 1387 ἀφροσύνην,
1453 1319 1548 1371 καὶ
1600 1317 1827 1389 εὑρόντα

263 1409 477 1477 ταύτην,
510 1409 680 1459 εἰπεῖν
716 1406 1042 1477 πικροτέραν
1079 1409 1217 1478 ὑπὲρ
1252 1408 1476 1463 θάνατον
1513 1407 1666 1463 εἶναι.
1693 1410 1828 1463 Τού-

262 1518 343 1553 του
371 1498 501 1568 γοῦν
545 1498 723 1568 χάριν,
768 1498 841 1560 ὡς
892 1498 1045 1550 τοῦτο
1082 1498 1361 1565 γινώσκων
1393 1501 1484 1553 κα)⁵
1531 1501 1829 1570 δυνάμενος

260 1591 450 1660 εὑρεῖν,
498 1590 740 1660 ἐγραψαο
777 1588 948 1652 εἰδὼς,
996 1590 1069 1652 ὡς
1102 1593 1212 1653 τοῖς
1246 1595 1451 1655 πιστοῖς
1484 1594 1516 1662 ἡ
1570 1593 1667 1661 τῆς
1711 1593 1830 1644 ἀσε-

259 1682 405 1746 ϐείας
450 1684 809 1749 κατάγνωσις,
850 1683 1129 1753 αὐτάρκης
1180 1685 1316 1755 πρὸς
1384 1684 1664 1737 εὐσέϐειάν
1713 1686 1828 1737 ἐστι

259 1773 471 1840 γνῶσις.
498 1774 605 1826 Καὶ
638 1774 745 1844 γὰρ
778 1775 824 1825 εί
859 1774 933 1844 μὴ
957 1774 1176 1827 δυνατὸν
1212 1776 1612 1829 καταλαϐέσθαι
1636 1776 1685 1828 τί
1713 1776 1828 1827 ἐστι

258 1864 415 1927 Θεὸς,
462 1863 598 1916 ἀλλά
644 1863 865 1916 δυνατὸν
910 1865 1102 1927 εἰπεῖν,
1146 1865 1195 1917 τί
1242 1866 1341 1917 οὑκ
1397 1866 1573 1919 ἐστιν’
1610 1865 1831 1935 οἴδαμεν

256 1955 329 2017 δὲ,
375 1955 458 2006 ὅτι
504 1955 601 2023 οὑχ
634 1954 710 2017 ὡς
761 1954 1043 2025 ἄνθρωπός
1080 1958 1212 2018 ἐστι,
1260 1957 1352 2010 κα).
1398 1958 1478 2009 ὅτι
1526 1957 1672 2009 οὐδὲν
1720 1956 1829 2009 τῶν

257 2045 496 2116 γενητῶν
542 2045 699 2115 Θέμις
737 2048 969 2099 ἐπινοεῖν
1009 2049 1065 2099 ἐν
1098 2046 1207 2115 (18)
1243 2047 1406 2117 αὑτῷ.
1446 2046 1601 2099 Οὕτω
1640 2047 1703 2119 δὴ
1736 2049 1829 2101 καὶ

256 2136 381 2207 περὶ
412 2135 508 2199 τοῦ
545 2136 674 2189 Υξοῦ
708 2136 800 2188 τοῦ
834 2136 989 2199 Θεοῦ,
1018 2139 1064 2190 εἰ
1096 2136 1188 2190 καὶ
1214 2137 1344 2190 πολὺ
1385 2135 1477 2191 τοῦ
1508 2136 1828 2191 καταλαϐεῖν

259 2227 474 2298 μακράν
520 2227 687 2297 ἐσμεν
718 2230 783 2298 τῇ
820 2226 1000 2295 φύσει,
1041 2227 1178 2280 ἀλλά
1210 2227 1429 2281 δυνατὸν
1473 2230 1566 2280 καὶ
1610 2227 1828 2282 εὑκολον

254 2316 596 2385 καταγνῶναι
630 2316 739 2369 τῶν
792 2318 1248 2389 προσφερομένων
1277 2317 1427 2388 παρά
1467 2317 1572 2371 τῶν
1620 2320 1828 2389 αἱρετι-

254 2406 383 2473 κῶν,
411 2406 507 2460 καὶ
541 2408 733 2472 εἰπεῖν,
760 2408 841 2460 ὅτι
872 2405 971 2460 οὑκ
1002 2407 1115 2459 ἐστι
1147 2406 1317 2461 ταῦτα
1343 2407 1469 2471 Υἱὸς
1495 2408 1523 2460 ό
1549 2406 1643 2461 τοῦ
1673 2406 1826 2473 Θεοῦ,

253 2498 369 2552 οὑδὲ
402 2498 559 2570 θέμις
592 2498 721 2570 περὶ
753 2502 852 2571 τῆς
889 2499 1138 2570 θεότητος
1170 2498 1332 2552 αὑτοῦ
1365 2496 1585 2553 τοιαῦτα
1619 2498 1719 2553 κᾶν
1746 2501 1831 2553 ἐνο

253 2591 410 2649 νοεῖν,
450 2583 538 2642 οἷα
567 2589 812 2658 λέγουσιν
839 2592 1065 2656 ἐκεῖνοι,
1116 2591 1311 2661 μήτιγε
1370 2588 1463 2643 καὶ
1502 2590 1829 2659 φθέγγεσθαι

252 2680 335 2733 διὰ
369 2680 615 2750 χειλέων.
644 2685 660 2700 ⁸

323 2772 375 2825 3.
421 2771 577 2825 Οὕτω
607 2770 802 2837 τοίνυν,
833 2773 956 2826 ὅσον
985 2772 1253 2845 ἠδυνήθην
1294 2771 1403 2841 ἐγὼ
1451 2771 1549 2841 μὲν
1580 2770 1791 2842 ἔγραψα
1812 2786 1828 2801 ·

254 2861 407 2930 ὑμεῖς
434 2861 512 2923 δέ,
555 2862 853 2931 ἀγαπητοὶ,
897 2861 1116 2926 δέξασθε
1162 2862 1335 2915 ταῦτα
1385 2862 1457 2932 μὴ
1499 2862 1573 2924 ὡς
1622 2862 1830 2914 τελείαν

253 2949 444 3019 ἔχοντα
470 2948 568 3020 τὴν
607 2950 899 3020 ἑρμηνείαν
929 2952 1056 3023 περὶ
1094 2951 1193 3020 τῆς
1235 2950 1329 3003 τοῦ
1359 2951 1530 3018 Λόγου
1558 2950 1826 3020 θεότητος,

253 3039 365 3092 ἀλλ’
388 3039 464 3101 ὡς
498 3038 659 3109 μόνον
692 3039 976 3107 ἐλέγχοντα
1014 3038 1109 3109 μέν
1145 3040 1255 3107 (19)
1286 3040 1384 3108 τὴν
1433 3039 1685 3091 ἀσέϐειαν
1720 3038 1828 3090 τῶν

254 3130 674 3200 Χριστομάχων,
708 3127 896 3197 ἔχοντα
923 3128 1087 3180 δὲκαὶ
1116 3127 1325 3181 διδόντα
1349 3130 1462 3190 τοῖς
1488 3126 1831 3197 βουλομένοις

252 3220 510 3291 ἀφορμὴν
554 3221 633 3281 είς
666 3218 946 3272 εὐσέϐειαν
996 3219 1093 3289 τῆς
1142 3219 1489 3289 ὑγιαινούσης
1522 3221 1578 3273 ἐν
1612 3216 1830 3289 Χριστῷ

1935 706 2025 748 aut
2052 712 2144 749 eos
2168 696 2259 766 qui
2295 697 2423 750 illud
2454 713 2483 750 a
2523 698 2673 752 vobis
2699 699 2991 767 postulant,
3027 700 3199 771 iisque
3227 704 3294 757 de
3331 702 3497 757 rebus

1934 785 2254 855 disceptant,
2282 803 2377 856 per
2407 786 2681 842 silentium
2719 805 2895 843 meum
2929 791 2981 844 in
3024 792 3301 862 impietate
3351 793 3495 847 deti-

1935 891 2080 937 nere,
2113 877 2241 930 mihi
2279 878 2393 945 ipse
2424 882 2489 932 ad
2517 881 2626 933 haec
2650 894 2821 947 pauca
2842 881 3127 935 scribenda
3153 885 3259 937 vim
3295 883 3448 938 intuli
3478 899 3492 935 :

1932 975 1985 1019 et
2015 967 2126 1020 haec
2164 967 2281 1021 misi
2321 981 2518 1024 vestrae
2556 971 2765 1039 pietati.
2809 973 2921 1027 Etsi
2953 975 3097 1027 enim
3135 975 3497 1041 comprehen-

1936 1058 2016 1112 sio
2049 1059 2291 1113 veritatis
2326 1072 2385 1114 ut
2418 1063 2467 1115 in
2493 1078 2551 1116 se
2581 1072 2684 1127 est,
2724 1080 2867 1119 nunc
2893 1066 2961 1119 ob
2991 1067 3173 1120 carnis
3206 1065 3496 1120 infirmita-

1938 1157 2042 1201 tem
2087 1150 2268 1214 procul
2311 1166 2339 1203 a
2381 1152 2535 1205 nobis
2578 1154 2669 1216 sit,
2719 1164 2775 1207 at
2813 1163 2988 1221 potest
3029 1155 3273 1224 agnosci,
3316 1164 3375 1207 ut
3418 1152 3497 1207 ait

1936 1237 2377 1304 Ecclesiastes",
2411 1242 2697 1309 impiorum
2737 1244 2990 1311 stultitia,
3023 1260 3185 1313 quam
3228 1246 3319 1314 qui
3348 1244 3497 1298 i'uve-

1936 1328 2098 1388 nerit,
2150 1329 2332 1382 dicere
2384 1340 2560 1399 potest
2605 1332 2719 1399 ipsa
2769 1344 2943 1387 morte
2997 1334 3322 1388 amariorem
3376 1349 3496 1387 eam

1934 1430 2072 1469 esse.
2103 1414 2463 1482 Quamobrem
2497 1419 2549 1472 id
2589 1435 2709 1473 cum
2751 1436 2966 1475 nossem
2999 1431 3052 1475 et
3084 1421 3301 1490 assequi
3348 1421 3501 1475 vale-

1937 1518 2072 1567 rem,
2126 1506 2242 1558 ba'c
2302 1506 2496 1575 scripsi
2541 1522 2785 1576 :gnarus
2840 1508 3128 1576 impietatis
3175 1507 3500 1563 confutatio-

1937 1606 2055 1644 nem
2116 1591 2361 1646 fidelibus
2393 1608 2514 1648 esse
2552 1596 2620 1648 ad
2672 1594 2889 1663 pietatis
2932 1597 3294 1663 cOgnitiouem
3344 1598 3501 1650 satis.

1935 1681 2164 1745 Etenim,
2231 1683 2443 1736 tametsi
2500 1684 2886 1753 comprehendi
2939 1694 3167 1753 nequeat
3239 1685 3366 1753 quid
3432 1685 3506 1739 sit

1937 1771 2094 1837 Deus,
2129 1771 2232 1825 dici
2263 1782 2440 1826 tamen
2478 1783 2659 1842 potest
2706 1774 2837 1843 quid
2879 1790 2985 1828 non
3028 1775 3131 1839 sit;
3167 1775 3369 1829 scimus
3409 1789 3504 1827 au-

1937 1872 2041 1917 tem
2079 1877 2201 1916 eum
2232 1880 2335 1917 non
2369 1878 2491 1918 esse
2538 1874 2594 1918 ut
2621 1865 2916 1931 hominem,
2950 1881 3051 1921 nec
3078 1866 3160 1919 fas
3190 1880 3311 1921 esse
3348 1866 3507 1935 quid-

1862 1945 1906 2005 B
1936 1968 2097 2021 quam
2127 1966 2156 2006 e
2185 1953 2345 2007 rebus
2382 1952 2541 2007 factis
2567 1954 2641 2007 illi
2666 1953 2963 2009 ascribere.
2985 1954 3060 2007 Eo
3088 1968 3310 2023 prorsus
3345 1952 3506 2007 modo

1930 2044 2093 2097 etiam
2123 2044 2188 2098 de
2219 2042 2361 2099 Filio
2399 2043 2489 2098 Dei
2521 2044 2870 2115 cogitandum
2897 2060 2911 2097 :
2941 2044 3042 2099 etsi
3086 2044 3259 2098 multo
3292 2044 3508 2113 longius

1933 2145 2125 2188 natura
2162 2134 2229 2188 ab
2260 2150 2323 2188 eo
2357 2150 2563 2201 sumus,
2598 2150 2756 2204 quam
2787 2145 2846 2189 ut
2891 2149 3012 2189 eum
3040 2134 3507 2204 comprehendere

1931 2225 2239 2292 valeamus;
2270 2240 2558 2294 possumus
2588 2236 2797 2291 tamen,
2835 2227 2945 2281 imo
2979 2225 3138 2280 facile
3167 2234 3251 2280 est
3274 2240 3341 2279 ca
3370 2239 3504 2279 con-

1930 2317 2107 2371 futare
2151 2332 2272 2385 qua:
2317 2317 2384 2370 ab
2441 2317 2713 2372 haereticis
2776 2317 3145 2388 proferuntur,
3195 2330 3258 2371 ac
3296 2315 3501 2379 dicere,

1930 2422 2035 2462 non
2073 2424 2195 2464 esse
2244 2407 2331 2462 illa
2382 2401 2579 2462 Filium
2620 2407 2712 2462 Dei
2740 2424 2755 2463 :
2783 2420 2959 2476 neque
3002 2404 3087 2461 fas
3130 2419 3253 2461 esse
3318 2406 3501 2476 qualia

1930 2499 2031 2569 ipsi
2068 2498 2363 2568 loquuntur
2401 2499 2468 2552 de
2514 2496 2631 2567 ejus
2672 2496 2953 2552 divinitate
2998 2494 3082 2551 vel
3112 2494 3380 2566 cogitare,
3409 2509 3504 2549 ne-

1928 2588 2056 2644 dum
2090 2587 2244 2644 labiis
2280 2586 2542 2657 proferre.

1998 2768 2053 2822 3.
2096 2769 2188 2824 Sic
2237 2770 2488 2839 equidem
2540 2782 2638 2837 pro
2696 2767 2958 2822 facultate
3000 2764 3238 2836 scripsi:
3272 2776 3371 2817 vos
3403 2775 3499 2815 au-

1932 2868 2061 2925 tem,
2094 2860 2297 2922 dilecti,
2332 2860 2447 2915 hrec
2482 2860 2729 2931 accipite,
2768 2872 2875 2911 non
2923 2858 3078 2926 quasi
3111 2855 3408 2925 perfectam
3434 2852 3503 2906 de

1930 2951 2216 3005 divinitate
2244 2949 2402 3004 Verbi
2452 2949 2865 3019 explicationem
2903 2947 3374 3016 complectantur:
3407 2942 3502 2996 sed

1930 3050 1987 3094 ut
2020 3057 2139 3110 qua:
2184 3041 2448 3094 duntaxat
2498 3039 2704 3094 Christi
2762 3038 2998 3093 hostium
3053 3035 3384 3104 impietatem
3414 3048 3506 3085 ar-

1929 3142 2113 3201 guant,
2156 3140 2209 3187 et
2236 3148 2355 3200 qua:
2392 3130 2698 3186 volentibus
2741 3128 3087 3182 occasionem
3122 3125 3403 3194 praebeant
3434 3123 3501 3174 ad

1932 3228 2073 3297 piam
2112 3238 2409 3292 sanamque
2474 3223 2526 3275 in
2587 3221 2805 3276 Christo
2863 3220 3021 3274 fidem
3085 3212 3503 3283 asseqneudam.

250 3308 502 3371 πὶστεως.
532 3309 593 3359 El
628 3306 683 3359 δέ
723 3323 773 3359 τι
818 3306 1237 3378 παραλέλειπται
1266 3306 1476 3375 (πάντα
1521 3306 1577 3358 δέ
1623 3306 1828 3377 νομίζω

1933 3285 2082 3384 ὸιιοιι
2143 3318 2186 3371 si
2240 3316 2368 3386 quid
2436 3314 2696 3368 omissum
2749 3322 2831 3367 est
2879 3314 3031 3381 (puto
3087 3316 3265 3362 autem
3319 3304 3501 3359 omnia

249 3396 728 3469 παραλελεῖφθαι),
769 3394 1165 3463 συγγινώσκετε
1187 3395 1323 3465 μετά
1348 3395 1702 3465 συνειδήσεως
1732 3411 1828 3447 κα-

250 3489 445 3560 θαρᾶς,
473 3487 567 3540 καὶ
601 3487 758 3556 μόνον
793 3484 1124 3547 ἀποδέξασθε
1166 3484 1227 3536 τὸ
1254 3485 1524 3557 τολμηρὸν
1563 3487 1661 3554 τῆς
1693 3483 1829 3555 προς

248 3581 535 3635 εὐσέϐειαν
577 3580 690 3652 (‘20)
736 3578 1063 3645 προθέσεως.
1112 3578 1203 3640 Εἰς
1238 3577 1346 3647 γάρ
1393 3575 1602 3630 τελείαν
1656 3576 1827 3629 κατά-

247 3690 450 3742 γνωσιν
504 3674 600 3743 τῆς
649 3671 909 3742 αἱρέσεως
959 3669 1065 3722 τῶν
1115 3668 1429 3739 ’Λρειανῶν,
1468 3668 1747 3741 αὐτάρκης
1794 3669 1827 3738 ή

248 3765 379 3833 περὶ
424 3763 519 3817 τοῦ
566 3763 798 3816 θανάτου
832 3763 1035 3832 Ἀρείου
1084 3760 1346 3831 γενομένη
1383 3759 1494 3830 (21)
1536 3760 1687 3830 παρά
1734 3757 1827 3811 τοῦ

248 3857 455 3929 Κυρίου
504 3854 717 3928 κρίσις’
750 3856 814 3924 ἢν
842 3854 942 3924 ἤδη
985 3852 1287 3922 φθάσαντες
1332 3854 1425 3906 καὶ
1471 3854 1600 3924 παρ’
1629 3852 1831 3922 ἐτέρων

245 3954 471 4021 ἔγνωτε.
504 3950 570 3999 Ἀ
600 3947 707 4017 γὰρ
732 3948 759 3998 6
791 3945 920 4008 Θεὸς
948 3948 975 3998 ὁ
1009 3946 1161 4013 ἅγιος
1198 3944 1563 4013 βεϐούλευται,
1602 3944 1684 4006 τίς
1717 3943 1831 3995 δια-

247 4041 535 4104 σκεδάσει;
571 4039 665 4089 καὶ
704 4037 761 4089 ὃν
792 4037 819 4087 6
859 4034 1059 4106 Κύριος
1097 4035 1207 4103 (2‘2)
1247 4035 1554 4106 κατέκρινε,
1586 4035 1668 4098 τίς
1699 4038 1727 4088 6
1752 4035 1830 4087 δι-

248 4132 453 4195 καιῶνς
490 4130 585 4192 Τίς
634 4127 742 4198 γάρ
770 4130 833 4180 ἐκ
876 4126 969 4179 τοῦ
1004 4124 1240 4179 τοιούτου
1276 4125 1566 4195 γενομένου
1604 4125 1827 4195 σημείου
1858 4140 1863 4145 '

242 4226 309 4279 οὐ
339 4222 598 4292 γινώσκει
627 4220 830 4283 λοιπον,
857 4220 937 4271 ὅτι
976 4218 1295 4288 θεομίσητός
1338 4219 1484 4269 ἐστιν
1513 4219 1546 4287 ἡ
1590 4217 1826 4287 αἵρεσις,

242 4314 352 4369 κᾶν
378 4310 698 4381 ἀνθρώπους
728 4310 823 4381 ἔχῃ
864 4309 1202 4380 προστάτας;
1239 4308 1580 4378 Ἐντυχόντες
1626 4308 1827 4377 μέντοι,

244 4400 475 4473 εὔχεσθε
523 4402 641 4471 μὲν,
687 4401 780 4453 καὶ
832 4399 1089 4470 ἀλλήλους
1122 4401 1201 4461 είς
1247 4397 1403 4450 τοῦτο
1456 4396 1827 4467 προτρέπεσθε

245 4496 447 4557 ποιεῖν,
473 4493 615 4563 ὑπὲρ
642 4492 815 4562 ἡμῶνο
842 4491 1001 4554 εὐθὺς
1024 4491 1078 4543 δέ
1103 4490 1474 4559 άντιπέμψατε
1498 4488 1669 4542 ταῦτα
1697 4489 1831 4560 πρὸς

1930 3409 2129 3463 omissa
2161 3407 2303 3477 esse)
2335 3420 2453 3460 cum
2486 3404 2842 3467 conscientia,
2874 3416 3080 3471 quaeso,
3112 3414 3244 3466 pura
3276 3396 3499 3450 veniam

1932 3498 2356 3571 mihi_tribnitc,
2394 3506 2717 3564 tantumque
2752 3493 2909 3545 velini
2961 3493 3135 3545 audax
3191 3501 3370 3541 meum
3403 3499 3504 3555 pro

1930 3594 2127 3662 pietate
2163 3588 2498 3660 prOpositum
2544 3585 2877 3655 approbatis.
2903 3582 2984 3637 Ad
3028 3579 3325 3652 perfectam
3356 3579 3503 3630 enim

1929 3683 2255 3736 Arianorum
2301 3681 2570 3734 haereseos
2604 3674 3054 3739 confutationem,
3088 3668 3285 3725 sullicit
3333 3668 3502 3721 latum

1929 3774 1995 3829 de
2049 3772 2161 3827 Arii
2206 3780 2382 3825 morte
2432 3782 2461 3822 a
2511 3766 2733 3821 Domino
2775 3764 3059 3835 judicium,
3099 3759 3241 3831 quod
3279 3756 3389 3826 jam
3436 3755 3505 3811 ab

1934 3864 2053 3919 aliis
2091 3871 2245 3917 antea
2298 3859 2585 3915 didicistis.
2624 3861 2753 3923 Quae
2798 3855 2942 3909 enim
2972 3852 3147 3907 sancti
3177 3849 3269 3904 Dei
3295 3847 3505 3917 judicio

1930 3962 2135 4008 statuta
2165 3960 2311 4015 sunt,
2347 3950 2471 4020 quis
2509 3949 2660 4003 irrita
2713 3945 2913 4000 faciet?
2941 3942 3006 3997 Et
3041 3956 3201 4011 quem
3234 3938 3495 3993 Dominus

1931 4046 2333 4106 condemnavit,
2377 4042 2501 4111 quis
2527 4035 2948 4111 justificabit"?
2977 4033 3111 4088 Nam
3149 4031 3270 4102 quis
3303 4044 3370 4084 ex
3402 4028 3503 4083 bu-

1925 4135 2161 4204 jnsmodi
2194 4135 2345 4203 signo
2369 4148 2473 4187 non
2512 4132 2758 4202 agnoscit
2792 4130 2901 4183 Deo
2932 4128 3171 4182 odiosam
3207 4137 3329 4178 esse
3355 4122 3503 4176 illam

1932 4226 2203 4288 haeresim,
2243 4223 2453 4279 etiamsi
2485 4222 2733 4277 homines
2763 4228 3018 4288 patronos
3058 4226 3214 4269 nacta
3250 4214 3340 4265 sit.
3368 4212 3504 4265 Cum

1932 4317 2095 4386 igitur
2144 4317 2254 4369 lucc
2301 4314 2565 4382 legeritis,
2597 4321 2753 4367 orate
2794 4324 2891 4379 pro
2932 4307 3110 4369 nobis,
3164 4314 3218 4358 et
3271 4304 3503 4358 invicem

1934 4424 2027 4462 vos
2076 4406 2142 4461 ad
2200 4405 2331 4460 illud
2382 4401 2765 4457 cobortam’ini.
2823 4398 2889 4452 Et
2931 4395 3331 4466 quamprimum
3386 4395 3501 4447 haec

1934 4501 2045 4560 ipsa
2092 4499 2157 4551 ad
2209 4509 2307 4549 nos
2348 4492 2643 4547 remittite:
2680 4489 2812 4543 nulli
2860 4501 3085 4557 prorsus
3117 4485 3276 4555 hujus
3303 4499 3495 4539 exem-

241 4589 418 4659 ἡμᾶς·
451 4587 545 4639 κα)⁵
566 4584 753 4656 μηδεν).
775 4583 835 4635 τὸ
868 4582 1082 4635 σύνολον
1106 4582 1435 4652 ἀντίγραφον
1460 4581 1662 4644 ἔκδοτε,
1697 4581 1827 4650 μηδέ

1933 4591 2047 4660 plar
2094 4586 2341 4651 tradatis,
2375 4599 2474 4638 nec
2505 4582 2658 4636 vobis
2698 4578 2831 4650 ipsis
2880 4576 3276 4642 transcribatis,
3308 4572 3402 4628 sed
3442 4580 3506 4627 ut

240 4681 463 4740 ἑαυτοῖς
490 4674 871 4746 μεταγράψατε
899 4673 1030 4744 (9.3),
1059 4672 1170 4726 ἀλλ’
1191 4672 1493 4742 ἀρκέσθητε
1523 4672 1597 4735 ὡς
1617 4672 1827 4740 δόκιμοι

239 4771 575 4842 τραπεζῖται
603 4769 669 4837 τῇ
704 4765 959 4831 ἐντεύξει,
988 4764 1087 4817 κᾶν
1118 4764 1373 4827 πολλάκις
1408 4767 1642 4835 ἐντυχεῖν
1676 4764 1830 4833 θελη-

245 4879 407 4931 σητε.
435 4862 507 4912 Οὑ
540 4859 649 4928 γὰρ
671 4856 909 4925 ἀσφαλὲς
931 4858 1042 4919 τοῖς
1067 4855 1201 4925 μετὰ
1229 4855 1399 4909 ταῦτα
1424 4856 1491 4909 τά
1524 4858 1651 4925 παρ’
1675 4853 1828 4926 ἡμῶν

238 4951 359 5005 τῶν
370 4932 728 5019 ψελλιζόντων
748 4947 839 4998 κα).
859 4944 1078 4997 ἰδιωτῶν
1095 4948 1208 4997 ἐστι
1233 4945 1552 5014 γράμματα.
1569 4944 1833 4997 Ἀσπάσα-

182 5084 185 5085 ν
244 5041 345 5093 σοε
382 5039 647 5107 ἀλλήλους
672 5038 727 5087 ἐν
754 5036 962 5108 ἀγάπῃ,
995 5037 1087 5087 κα).
1126 5036 1332 5097 πάντας
1358 5038 1481 5097 τοὺς
1509 5035 1831 5105 ἐρχομένους

242 5134 392 5205 πρὸς
428 5132 570 5201 ὑμᾶς
604 5130 661 5180 ἐν
704 5128 951 5199 εὑσεϐεία
980 5128 1071 5180 καὶ
1120 5128 1318 5181 πίστει.
1356 5126 1424 5179 El
1472 5127 1581 5195 γάρ
1614 5144 1721 5191 τις,
1756 5127 1830 5190 ὼς

238 5219 405 5273 εἶπεν
461 5221 489 5272 ό
529 5218 880 5280 Ἀπόστολος,
926 5220 997 5270 οὑ
1047 5217 1213 5285 φιλεῖ
1263 5217 1368 5269 τὸν
1417 5219 1656 5284 Κύριον,
1710 5216 1830 5284 ἤτω

236 5309 537 5376 ἀνάθεμα.
586 5309 657 5361 'H
686 5306 854 5375 χάρις
886 5306 991 5359 τοῦ
1023 5308 1241 5375 Κυρίου
1276 5306 1442 5375 ἡμῶν
1474 5306 1665 5373 Ἰησοῦ
1700 5309 1830 5375 Χρι-

236 5401 405 5456 στοῦ
428 5401 558 5470 μεθ’
584 5397 771 5468 ὑμῶν.
808 5398 1006 5466 Ἀμήν.

1937 4681 2119 4750 probis
2154 4676 2434 4747 trapezitis
2463 4686 2547 4729 sat
2578 4673 2730 4727 vobis
2755 4671 2826 4726 sit
2865 4671 3057 4724 borum
3096 4668 3277 4733 lectio,
3309 4664 3507 4733 saepius

1936 4773 2167 4841 repetita
2225 4769 2269 4824 si
2319 4769 2507 4823 libeat.
2556 4764 2672 4820 Non
2727 4764 2869 4818 enim
2916 4772 3090 4816 tutum
3135 4770 3220 4817 est
3256 4768 3505 4815 nostrum

1937 4860 2349 4915 balbutienlium
2397 4866 2451 4911 et
2491 4856 2829 4910 indoctorum
2875 4852 3085 4907 litteras
3136 4854 3203 4906 ad
3256 4860 3506 4920 posteros

1937 4953 2239 5021 pervenire.
2286 4949 2527 5003 Salutate
2568 4962 2664 5002 vos
2728 4948 2954 5001 invicem
3011 4946 3065 5000 in
3112 4945 3396 5005 charitate.
3450 4950 3508 4997 et

1935 5057 2125 5095 omnes
2159 5041 2248 5111 qui
2286 5041 2351 5094 ad
2382 5053 2478 5093 vos
2514 5039 2565 5092 in
2604 5038 2802 5107 pietate
2831 5044 2885 5089 et
2924 5036 3027 5091 fide
3061 5034 3407 5089 accesserint.
3444 5028 3504 5084 Si

1932 5134 2047 5203 quis
2090 5133 2245 5197 enim,
2289 5140 2347 5183 ut
2387 5130 2461 5183 ait
2503 5129 2812 5200 Apostolus,
2847 5144 2951 5182 non
3004 5136 3147 5181 amat
3192 5123 3502 5184 Dominum,

1936 5223 2217 5276 anathema
2248 5221 2334 5275 sit.
2371 5219 2561 5274 Gratia
2602 5220 2813 5274 Domini
2854 5218 3027 5297 nostri
3058 5216 3185 5271 Iesu
3212 5209 3406 5266 Christi
3436 5211 3504 5263 sit

1968 5314 2218 5368 obiscum.
2246 5312 2410 5368 Amen
2432 5314 2499 5367 ".
2814 5328 2817 5331 '

325 5536 375 5568 “
406 5534 586 5589 Eccle.
631 5532 831 5598 “1,36.
908 5532 952 5563 "
982 5531 1084 5587 lsa.
1110 5546 1218 5597 XIV,
1249 5530 1340 5584 27.
1415 5531 1460 5562 "
1490 5529 1509 5585 l
1534 5530 1658 5586 Cor.
1693 5514 1802 5600 x‘vt,
1830 5532 1919 5599 22,
1948 5534 2039 5588 25.

351 5670 461 5737 lti‘)
480 5671 658 5741 Reg"
693 5673 757 5740 τῇ
788 5669 1046 5741 ὑμετέρα.

320 5672 461 5803 Sit?)
495 5672 658 5792 Rep,
693 5673 757 5740 τῇ
788 5672 1046 5749 ὑμετέρα.
1254 5740 1263 5749 _

354 5741 441 5807 l7)
469 5740 561 5794 Sic
607 5744 871 5808 leg.,vuv'
890 5740 1043 5792 deest
1064 5739 1115 5791 in
1140 5738 1316 5793 editis.

357 5810 440 5875 l8)
471 5811 546 5863 Ita
575 5810 707 5877 Reg.
749 5810 802 5862 In
834 5809 995 5861 editis
1022 5823 1149 5861 vero
1178 5809 1235 5861 ἐν
1262 5812 1432 5862 deest.

359 5878 439 5950 19)
472 5880 592 5935 Μὲν
624 5880 773 5936 deest
796 5879 848 5936 ia
880 5878 1056 5947 editis,
1090 5879 1183 5935 sed
1211 5880 1264 5935 in
1292 5878 1426 5950 Rege.
1451 5877 1660 5950 legitur.

2012 5666 2122 5735 (20)
2156 5667 2312 5735 Reg,
2339 5667 2418 5727 ei;
2448 5664 2749 5735 εὑσέϐειαιρ

2013 5725 2127 5808 (2i)
2159 5725 2266 5808 ξιον
2280 5725 2411 5808 Reg.
2436 5732 2684 5808 t*_t_i3asi|.
2709 5728 2893 5808 Εόῖιίη
2908 5725 3217 5801 γενομένω.

2010 5798 2123 5871 (ΞΩ)
2156 5806 2248 5859 Sic
2280 5798 2415 5870 Rei.
2441 5802 2582 5857 Editi
2610 5812 2762 5871 vero,
2793 5798 2947 5863 Θεός.

2010 5809 2104 5871 (22
2156 5809 2248 5859 Sic
2280 5809 2415 5870 Reg.
2442 5809 2582 5857 Editi
2616 5812 2750 5863 vero,

2009 5809 2123 5949 (ἐΰς
2146 5874 2301 5945 Reg.,
2342 5870 2750 5946 μεταγράψητε.
