3980 6490
446 428 554 492 ϐ’)εί
592 486 611 515 η,

1026 434 1086 487 S.
1136 430 1507 487 ATIIANASII
1544 432 1697 488 OPP.
1740 430 1920 487 PARS
1960 432 1996 484 Ι.
2036 460 2103 468 -—
2144 428 2510 483 lllSTORICA
2554 426 2640 481 ET
2675 428 3090 485 DOGMATICA.
3618 428 3711 486 696

1248 673 1934 786 HISTORIA
2084 670 2927 784 ARlANORUM

1333 898 1585 970 USQUE
1611 897 1717 956 AD
1760 895 2039 956 ANNUM
2070 894 2210 964 3337,
2240 893 2491 953 IMTIO
2514 894 2840 954 MUTILA.

520 1267 572 1321 1.
615 1264 691 1320 Illi
724 1279 851 1319 vcro
898 1278 959 1317 ca
1021 1277 1247 1332 quorum
1283 1257 1456 1326 gratia
1508 1258 1623 1312 hare
1657 1256 1823 1310 moliti
1878 1264 2022 1317 sunt,
2062 1255 2102 1310 Α

450 1377 558 1416 nou
599 1359 690 1414 diu
740 1360 923 1431 postea
976 1357 1362 1427 impleverunt.
1404 1351 1537 1406 Nam
1581 1351 1767 1407 statim
1816 1366 1843 1402 a
1886 1361 2027 1404 stru-

448 1456 557 1509 etis
611 1450 877 1522 ejusmodi
942 1447 1171 1511 insidiis,
1235 1446 1423 1498 Arium
1482 1444 1533 1496 in
1588 1441 2023 1496 communionem

446 1558 721 1614 recepero.
762 1542 826 1595 Et
861 1556 983 1595 cum
1012 1539 1221 1607 judicia
1259 1546 1367 1590 tam
1413 1535 1577 1587 multa
1610 1545 1797 1588 contra
1830 1547 1887 1586 se
1918 1531 2023 1583 lata

445 1634 871 1704 vilipeuderent,
909 1629 1313 1699 imperatoriam
1352 1634 1675 1696 potestatem
1710 1638 1805 1693 pro
1846 1637 1904 1676 se
1930 1625 2025 1674 0b-

447 1723 873 1793 tendebant(24)
906 1739 919 1774 :
952 1736 1049 1775 nec
1085 1720 1238 1772 veriti
1263 1727 1387 1772 sunt
1415 1716 1465 1770 in
1506 1715 1701 1769 litteris
1740 1713 1853 1768 suis
1882 1712 2025 1766 dice-

451 1816 888 1873 rezAthanasio
954 1812 1180 1877 aliiicto,
1236 1810 1434 1865 invidia
1484 1807 1737 1872 cessavit,
1795 1806 2024 1860 Arianus

444 1918 627 1963 autem
672 1905 782 1976 jam
850 1902 1348 1972 recipiatnus:hoc
1397 1901 1463 1954 ad
1513 1908 1774 1954 terrorem
1814 1897 2025 1950 audito-

444 2017 563 2055 rum
618 1999 876 2053 addentes
909 2013 925 2051 :
954 1996 1067 2050 lloc
1111 1994 1255 2050 enim
1304 1992 1469 2061 jussit
1519 1993 1834 2061 imperator.
1862 1989 2023 2060 273

446 2091 651 2146 Dehinc
699 2104 803 2142 non
861 2088 1053 2156 puduit
1105 2086 1352 2140 homines
1402 2084 1520 2138 illos
1576 2085 1678 2137 hoc
1737 2081 2019 2149 adjicere:

443 2180 628 2236 Ariani
666 2180 864 2249 quippe
917 2190 1062 2233 recte
1092 2178 1332 2232 sentiunt
1363 2195 1377 2232 :
1412 2190 1518 2229 non
1550 2183 1852 2228 metuentes
1880 2174 2022 2243 quod

443 2268 706 2337 scriptum
759 2276 879 2321 est:
930 2265 1015 2319 Vw
1065 2268 1155 2335 qui
1189 2267 1369 2319 dicitis
1412 2282 1674 2327 amarum,
1700 2262 1851 2316 dulce
1882 2279 1901 2317 :
1930 2280 2023 2333 po-

444 2368 621 2411 nentes
647 2359 884 2411 tenebras
913 2356 1160 2413 lucem".
1194 2357 1273 2411 Ad
1311 2356 1489 2411 omnia
1524 2357 1667 2411 enim
1702 2372 1798 2424 pro
1828 2354 2021 2411 lueresi

444 2447 724 2501 toleranda
774 2448 946 2515 parati
988 2458 1131 2501 sunt.
1160 2444 1351 2501 Nonne
1398 2447 1526 2500 hinc
1566 2447 1814 2500 omnibus
1867 2446 2024 2515 plane

445 2540 788 2608 perspicuum
829 2547 937 2603 est,
975 2556 1079 2592 non
1114 2538 1490 2593 ecclesiastico
1519 2536 1750 2607 judicio,
1788 2537 1880 2592 sed
1914 2539 2017 2590 im-

445 2630 737 2696 peratoriis
790 2630 972 2694 minis,
1028 2640 1085 2683 et
1146 2645 1243 2684 nos
1296 2638 1423 2683 tunc
1479 2629 1548 2683 ob
1583 2631 1835 2699 pietatem
1891 2645 2018 2699 erga

443 2719 724 2773 Christum
780 2719 1089 2787 huiusmodi
1137 2720 1293 2775 malis
1342 2719 1564 2774 alTectos
1607 2720 1796 2784 fuisse,
1829 2730 1884 2775 et
1925 2736 2021 2775 vos

440 2811 553 2878 jam
605 2812 1037 2880 persecutionem
1094 2809 1562 2866 excitasse?Nam
1617 2811 1754 2865 alios
1809 2826 2023 2881 quoque

444 2904 729 2971 episcopus
766 2901 999 2967 insidiis,
1031 2902 1389 2970 conlictisque
1430 2900 1748 2954 criminibus
1784 2900 2020 2970 aggressi

444 3004 571 3047 sunt
599 3011 612 3046 :
638 3009 868 3062 quorum
898 2993 989 3046 alii
1031 2993 1249 3062 quidem
1282 2993 1332 3046 in
1357 2992 1554 3047 exsilio
1580 2992 2018 3056 obdortuierunt,

443 3084 642 3139 Christi
689 3085 1056 3139 confessionis
1099 3083 1325 3154 gloriam
1357 3084 1535 3151 adepti
1563 3102 1576 3136 :
1604 3083 1690 3136 alii
1723 3083 2021 3137 etiamnum

443 3176 712 3241 exsulant,
750 3174 1048 3242 fortiusque
1076 3183 1264 3229 contra
1312 3191 1500 3229 eorum
1555 3174 1805 3228 haeresim
1837 3174 2023 3227 decer-

448 3276 583 3330 tant,
623 3277 678 3322 et
706 3268 862 3321 aiunt
892 3284 906 3322 :
938 3264 1086 3319 Nihil
1105 3283 1198 3320 nos
1225 3268 1493 3335 separabit
1523 3284 1553 3320 a
1572 3266 1835 3321 citaritate
1857 3265 2019 3320 Chri-

443 3361 511 3414 sti
526 3360 592 3417 “.

517 3536 568 3593 2.
605 3537 718 3592 Hac
748 3537 874 3592 item
900 3544 1023 3589 nota
1055 3550 1174 3590 eam
1222 3536 1472 3591 haeresim
1522 3537 1861 3608 dignoscere,
1917 3538 2025 3593 imo

446 3630 626 3699 p0tius
658 3629 943 3684 confutare
988 3630 1153 3694 licet,
1180 3629 1323 3697 quod
1369 3629 1618 3698 quisquis
1658 3629 1788 3698 ipsis
1816 3631 2023 3685 amicus

445 3731 548 3787 est,
588 3732 642 3777 et
671 3723 947 3791 impietate
987 3722 1190 3785 socius,
1219 3721 1431 3775 etiamsi
1476 3722 1599 3775 aliis
1644 3720 1938 3777 sceleribus
1971 3731 2027 3777 et

447 3814 720 3867 sescentis
751 3813 1071 3866 criminibus
1096 3812 1367 3866 obnoxius
1396 3813 1499 3876 sit,
1536 3815 1785 3880 quamvis
1818 3829 1940 3869 reus
1970 3825 2026 3869 et

2038 1108 2087 1121 —

2206 1258 2255 1311 1.
2295 1260 2460 1315 Αὐτοὶ
2488 1260 2543 1314 δὲ
2588 1252 2666 1311 ὧν
2710 1256 2879 1309 ταῦτα
2929 1257 3347 1327 ἐμηχανήσαντο
3393 1256 3577 1328 χάριν,
3624 1260 3710 1311 ούκ

2130 1351 2213 1413 είς
2248 1352 2465 1422 μακρὰν
2496 1351 2822 1421 ἐπλήρωσαν
2843 1365 2855 1378 ·
2886 1347 3003 1418 ἃμα
3031 1347 3137 1419 γὰρ
3164 1347 3592 1413 ἐπεϐούλευσαν,
3628 1351 3710 1402 καὶ

2131 1440 2291 1505 εὐθὺς
2324 1444 2451 1507 τοὺς
2487 1443 2615 1514 περὶ
2642 1443 2858 1511 ’Ἄρειον
2890 1442 2969 1504 είς
2997 1440 3280 1493 κοινωνίαν
3308 1440 3581 1505 ἐδέξαντο.
3615 1443 3710 1494 Καὶ

2129 1531 2229 1595 τὰς
2268 1533 2371 1603 μὲν
2405 1532 2677 1595 τοσαύτας
2709 1534 2827 1584 κατ’
2854 1531 3033 1583 αὐτῶν
3056 1531 3268 1602 κρίσεις
3299 1533 3707 1604 παρεωράκασι,

2132 1622 2419 1697 βασιλικὴν
2448 1626 2503 1679 δέ
2548 1625 2709 1678 πάλιν
2737 1625 2984 1689 ἐξουσίαν
3020 1625 3157 1694 ὑπὲρ
3196 1623 3379 1676 αὐτῶν
3422 1626 3711 1695 προεφασῖ-

2129 1732 2290 1769 σαντο
2321 1716 2465 1787 (Ξ4)·
2513 1716 2815 1787 γράφοντές
2864 1733 2921 1767 τε
2972 1717 3071 1767 ούκ
3123 1714 3473 1786 ᾐσχύνθησαν
3521 1717 3707 1779 εἰπεῖν,

2125 1804 2207 1858 ὅτι
2262 1805 2576 1859 Ἀθανασίου
2628 1805 2927 1868 παθόντος,
2968 1807 2997 1857 6
3044 1805 3141 1875 μὲν
3174 1800 3370 1873 φθόνος
3403 1805 3708 1869 πέπαυται,

2124 1894 2250 1956 τοὺς
2289 1892 2346 1945 δὲ
2377 1893 2504 1963 περὶ
2528 1894 2747 1963 Ἀρειον
2780 1894 2964 1945 λοιπὸν
2988 1892 3290 1963 δεξώμεθα,
3334 1895 3710 1965 προστιθέντες

2127 1984 2266 2054 πρὸς
2297 1984 2460 2053 φόϐον
2495 1986 2603 2043 τῶν
2638 1986 2960 2042 ἀκουόντων,
2995 1986 3073 2037 ὅτι
3107 1984 3279 2037 Τοῦτο
3312 1984 3424 2056 γὰρ
3467 1984 3733 2055 βασιλεὺς,

2128 2076 2480 2146 προσέταξεν.
2528 2072 2661 2129 Εἶτα
2708 2076 2808 2128 οὐκ
2853 2075 3199 2146 ᾐσχύνθησαν
3236 2074 3589 2145 προσθεῖναι,
3636 2076 3733 2128 ὅτι

2126 2170 2222 2221 καὶ
2271 2167 2446 2239 ὀρθῶς
2482 2166 2771 2238 φρονοῦσιν
2816 2168 2863 2218 oi
2916 2165 3222 2235 ἄνθρωποι·
3263 2165 3337 2235 μὴ
3389 2163 3711 2236 φοϐηθέντες

2125 2260 2186 2313 τὸ
2237 2259 2655 2332 γεγραμμένον·
2714 2258 2856 2312 Οὐαί
2912 2260 2966 2310 οἱ
3026 2257 3309 2327 λέγοντες
3364 2258 3433 2310 τὸ
3503 2257 3711 2324 πικρὸν

2124 2352 2343 2422 γλυκὺ,
2375 2355 2429 2405 οὶ
2479 2351 2738 2417 τιθέντες
2788 2351 2851 2404 τὸ
2909 2352 3129 2415 σκότος
3179 2348 3321 2418 φῶς.
3378 2348 3565 2400 Πάντα
3610 2348 3708 2419 γὰρ

2126 2446 2265 2516 ὑπὲρ
2298 2444 2398 2515 τῆς
2425 2444 2688 2516 αἱρέσεως
2718 2444 3009 2513 ὑπομένειν
3040 2442 3176 2495 εἰσὶν
3211 2434 3442 2510 ἕτοιμοι.
3469 2424 3596 2510 τΑρ⁸
3623 2436 3709 2494 οὖν

2127 2538 2245 2607 οὐχὶ
2279 2536 2391 2607 (Ξὸ)
2424 2536 2516 2589 καὶ
2546 2538 2610 2589 ἐκ
2656 2536 2843 2589 τούτου
2893 2536 3055 2588 πᾶσιν
3103 2535 3365 2603 ἄντικρυς
3412 2532 3704 2596 δείκνυται,

2127 2629 2201 2692 ὡς
2230 2630 2328 2681 οὐκ
2356 2628 2781 2699 ἐκκλησιαστικῇ
2806 2627 3006 2699 κρίσει,
3035 2625 3149 2678 ἀλλ’
3176 2627 3240 2678 ἐκ
3273 2625 3541 2697 βασιλέως
3568 2627 3709 2677 ima:-

2125 2718 2223 2789 λῆς
2254 2719 2341 2772 διὰ
2368 2720 2467 2789 τὴν
2497 2721 2575 2780 εἰς
2617 2718 2852 2786 Χριστὸν
2893 2717 3176 2770 εὐσέϐειαν
3221 2718 3315 2769 καὶ
3346 2717 3469 2768 τότε
3514 2716 3705 2767 πεπόν-

2127 2811 2320 2881 θαμεν,
2340 2811 2433 2862 καὶ
2448 2809 2541 2861 νύν
2559 2808 2782 2862 διώκετε
2799 2827 2812 2876 ;
2834 2810 2943 2863 Καὶ
2963 2809 3070 2880 γὰρ
3092 2810 3186 2861 καὶ
3204 2808 3413 2879 ἑτέροις
3429 2806 3602 2869 οὕτως
3620 2810 3707 2859 ἐπ-

2127 2901 2449 2954 εϐούλευσαν
2477 2901 2813 2967 ἐπισκόποις,
2843 2900 3175 2971 πλασάμενοι
3219 2902 3314 2953 καὶ
3344 2901 3465 2951 κατ’
3494 2900 3706 2952 ἐκείνων

2126 2992 2288 3046 πάλιν
2324 2992 2653 3063 προφάσεις·
2690 2985 2764 3044 ὧν
2798 2993 2848 3043 oi
2881 2992 3058 3062 μὲνέν
3092 2994 3203 3053 τοῖς
3232 2991 3543 3060 ἐξορισμοῖς
3574 2994 3706 3042 ἐκοι-

2130 3083 2401 3153 μήθησαν,
2432 3084 2643 3153 ἔχοντες
2671 3084 2732 3135 τὸ
2770 3083 3031 3153 καύχημα
3068 3082 3166 3151 τῆς
3209 3083 3287 3144 εἰς
3322 3083 3558 3153 Χριστὸν
3586 3084 3705 3150 ὁμου

2124 3172 2343 3240 λογίας·
2398 3173 2448 3224 οἱ
2492 3172 2547 3224 δὲ
2600 3172 2679 3223 ἐτι
2727 3173 2821 3224 καὶ
2862 3172 2956 3223 νῦν
2990 3172 3271 3242 ὑπερόριοι
3330 3172 3701 3241 τυγχάνουσιν,

2125 3264 2496 3335 ἀνδριζόμενοι
2555 3263 2755 3333 μᾶλλον
2808 3262 2951 3315 κατὰ
2993 3263 3092 3332 τῆς
3147 3263 3415 3333 αἱρέσεως
3468 3262 3701 3321 ἐκείνων,

2126 3358 2219 3410 καὶ
2251 3355 2530 3423 λέγοντες·
2572 3354 2765 3408 Οὐδὲν
2801 3353 2957 3424 ἡμᾶς
2998 3354 3237 3423 χιιερίσει
3269 3353 3390 3407 ἀπὸ
3430 3353 3542 3421 τῆς
3579 3352 3704 3423 ἁγά-

2125 3465 2245 3516 πης
2269 3447 2375 3500 τοῦ
2400 3445 2683 3514 Χριστοῦ.

2194 3538 2474 3604 2.Ἕξεστι
2505 3538 2561 3591 δὲ
2602 3537 2693 3590 καὶ
2718 3538 2782 3589 ἐκ
2806 3536 2994 3589 τούτου
3016 3536 3177 3589 πάλιν
3204 3534 3317 3604 (:26)
3340 3534 3509 3605 αὐτὴν
3543 3552 3699 3587 κατα-

2129 3627 2342 3699 μαθεῖν,
2377 3629 2471 3681 καὶ
2501 3627 2700 3698 μᾶλλον
2751 3627 2920 3695 αὐτῆς
2946 3623 3311 3699 καταγνῶναι.
3373 3624 3431 3675 '0
3475 3624 3571 3693 μὲν
3604 3622 3699 3692 γὰρ

2128 3720 2282 3790 φίλος
2329 3721 2423 3773 καὶ
2458 3719 2770 3773 συνασεϐῶν
2804 3716 3050 3781 ἐκείνοις,
3097 3715 3201 3769 κᾶν
3235 3717 3293 3767 ἐν
3324 3716 3506 3778 ἄλλοις
3543 3714 3699 3783 πλημ-

2132 3809 2264 3881 μελή
2274 3827 2406 3881 μασι
2432 3810 2524 3862 καὶ
2548 3809 2762 3879 μυρίοις
2780 3809 2890 3879 (27)
2909 3808 3249 3878 ἐγκλήμασιν
3272 3806 3574 3868 ὑπεύθυνος
3588 3821 3699 3871 τυγ-

448 3905 727 3958 convictus
744 3943 760 3969 ,
794 3903 919 3957 licet
943 3904 1291 3972 probationes
1317 3906 1739 3960 evidentissimm
1763 3907 2022 3960 adversus

2133 3902 2289 3973 χάνῃ,
2316 3900 2419 3953 κᾶν
2458 3901 2555 3973 ἔχῃ
2582 3902 2709 3964 τοὺς
2736 3900 2987 3971 ἐλέγχους
3012 3899 3105 3952 καὶ
3134 3898 3233 3960 τὰς
3268 3897 3570 3962 ἀποδείξεις
3589 3896 3696 3948 λευ-

448 4010 571 4048 eum
606 4002 931 4063 suppetant;
978 3994 1064 4047 hic
1100 4004 1275 4047 tamen
1309 3996 1448 4063 apud
1499 3996 1621 4050 illos
1664 3998 1887 4066 probus,
1913 4008 2022 4053 sta-

451 4086 653 4155 timque
690 4086 1028 4155 imperatoris
1048 4085 1257 4140 amicus
1289 4084 1541 4151 eﬂicitur,
1578 4102 1644 4141 ex
1679 4103 1775 4142 sua
1808 4089 2020 4144 scilicet

449 4176 724 4247 impietate
769 4160 1174 4231 commendatus
1205 4193 1219 4229 :
1257 4192 1556 4247 magnoque
1593 4180 1719 4234 hinc
1764 4186 2022 4251 pecunia-

447 4283 564 4322 rum
618 4279 824 4338 qumstu
877 4270 1054 4331 facto,
1100 4284 1128 4319 a
1166 4267 1443 4335 iudicibus
1482 4271 1649 4324 etiam
1708 4271 2021 4327 facultatem

445 4361 651 4416 obtinet
679 4363 890 4430 quidvis
912 4364 978 4415 ad
1010 4377 1165 4415 suum
1196 4361 1449 4429 placitum
1479 4364 1689 4433 agendi.
1713 4364 1813 4429 Qui
1845 4376 2022 4418 autem

446 4452 779 4522 impietatem
807 4468 994 4506 eorum
1023 4452 1267 4507 confutat
1286 4493 1301 4516 ,
1337 4463 1393 4508 et
1423 4456 1639 4509 sincere
1673 4456 1873 4511 Christi
1902 4474 2026 4510 eau-

444 4560 558 4599 sam
589 4547 721 4614 agit,
756 4547 800 4600 is
828 4545 1039 4599 tametsi
1078 4560 1247 4613 purus
1278 4547 1330 4599 in
1378 4546 1656 4609 omnibus,
1697 4547 1910 4602 tametsi
1944 4549 2025 4601 ni-

444 4633 521 4689 hil
555 4636 654 4689 sibi
705 4636 956 4689 conscius
991 4636 1086 4699 sit,
1117 4635 1365 4703 quamvis
1401 4651 1430 4688 a
1465 4636 1683 4690 nemine
1712 4648 2019 4699 accusetur,

445 4736 682 4781 attamen
714 4766 729 4791 ,
785 4728 889 4781 illis
942 4742 1137 4782 causas
1189 4727 1732 4781 comminiscentibus
1763 4768 1779 4791 ,
1837 4730 2021 4782 statim

446 4817 729 4884 abripitur,
769 4826 819 4869 et
871 4815 1215 4885 imperatoris
1254 4816 1484 4883 judicio,
1515 4816 1567 4868 in
1604 4815 1854 4868 exsilium
1900 4816 2023 4870 mit-

449 4908 600 4968 titur,
636 4906 787 4973 quasi
824 4907 1092 4961 obnoxius
1126 4907 1192 4961 iis
1221 4922 1340 4976 quae
1390 4907 1490 4974 ipsi
1540 4907 1807 4960 voluerint
1839 4908 2021 4960 crimi-

384 5066 393 5071 l
448 4999 605 5050 nibus
639 5014 653 5050 :
688 4997 769 5051 vel
803 4996 958 5063 quasi
1009 4997 1322 5064 imperatori
1370 4998 1755 5052 contumeliam
1797 4997 2018 5064 dixerit,

448 5097 507 5139 ut
538 5086 749 5142 Naboth
782 5087 851 5141 ⁸⁸.
882 5088 982 5153 Qui
1035 5099 1215 5141 autem
1264 5088 1456 5142 hmresi
1505 5090 1899 5157 patrocinatur,
1938 5089 2022 5143 itt-

448 5177 703 5244 quiritur,
732 5186 785 5231 et
811 5177 994 5232 statim
1023 5177 1075 5231 in
1100 5176 1242 5230 illius
1268 5177 1565 5230 Ecelesiam
1598 5177 1850 5231 mittitur.
1886 5176 2023 5232 Hinc

2132 3996 2384 4057 κοτάτας,
2428 3988 2583 4056 οὗτος
2614 3993 2835 4062 δόκιμος
2886 3993 3012 4062 παρ’
3041 3991 3245 4054 αὐτοῖς,
3304 3991 3399 4043 καὶ
3453 3988 3695 4059 βασιλέως

2133 4084 2294 4147 εὐθὺς
2318 4084 2527 4152 γίνεται
2558 4081 2737 4152 φίλος,
2778 4082 2917 4152 ἔχων
2960 4081 3059 4152 τὴν
3093 4081 3354 4133 σύστασιν
3376 4082 3441 4133 ἐκ
3467 4080 3561 4149 τῆς
3582 4081 3695 4132 ἀσε-

2133 4175 2284 4239 ϐείας
2308 4193 2320 4205 ·
2371 4174 2760 4245 σχηματισθείς
2796 4191 2855 4225 τε
2880 4172 3124 4235 πλεῖστα,
3156 4171 3423 4241 λαμϐάνει
3459 4173 3548 4223 καὶ
3570 4171 3694 4238 παρο

2133 4270 2329 4340 ρησίαν
2356 4271 2528 4321 ποιεῖν
2560 4267 2596 4319 ἂ
2628 4266 2874 4336 βούλεται
2909 4264 3059 4336 παρὰ
3091 4267 3204 4326 τοῖς
3232 4264 3545 4325 δικασταῖς·
3587 4261 3613 4312 ὁ
3637 4258 3689 4310 δὲ

2130 4360 2228 4431 τὴν
2251 4360 2504 4414 ἀσέϐειαν
2531 4359 2753 4412 ἐκείνων
2786 4357 3043 4426 ἐλέγχων,
3071 4357 3167 4409 καὶ
3208 4354 3281 4407 τὰ
3316 4353 3548 4426 Χριστοῦ
3577 4367 3693 4419 γνη-

2134 4453 2264 4516 σίως
2299 4451 2635 4523 πρεσϐεύων,
2658 4446 2831 4513 οὗτος,
2869 4451 2971 4503 κᾶν
3001 4448 3241 4519 καθαρὸς
3271 4449 3328 4500 ἐν
3356 4449 3488 4499 πᾶσι
3508 4442 3693 4512 τυγχά-

2130 4561 2196 4617 νῃ
2218 4543 2349 4615 (28),
2376 4543 2480 4597 κᾶν
2512 4544 2676 4614 μηδὲν
2714 4541 2891 4612 ἐαυτῷ
2915 4539 3283 4611 συγγινώσκῃ,
3313 4539 3415 4592 κᾶν
3464 4538 3534 4609 μὴ
3572 4551 3694 4589 κστ-

2132 4639 2331 4709 ήγορον
2360 4637 2478 4709 ἔχῃ,
2498 4635 2610 4689 ἀλλ’
2641 4634 2864 4688 ἐκείνων
2884 4633 3185 4705 προφάσεις
3214 4631 3583 4701 πλασαμένων,
3606 4627 3693 4679 εὐ·-

2133 4728 2229 4791 θὺς
2264 4727 2583 4799 ἁρπάζεται,
2619 4728 2711 4778 καὶ
2740 4726 2918 4797 κρίσει
2942 4722 3207 4795 βασιλέως
3233 4722 3395 4785 αὐτὸς
3422 4721 3514 4791 μὲν
3541 4720 3693 4785 ὑπερ-

2130 4820 2275 4890 όριος
2317 4820 2524 4887 γίνεται
2549 4817 2624 4880 ὼς
2649 4817 2945 4878 ὑπεύθυνος
2981 4811 3062 4879 οἷς
3084 4814 3148 4867 ἂν
3169 4815 3366 4866 ἐκεῖνοι
3390 4812 3689 4882 θελήσωσιν,

2131 4910 2164 4980 ἢ
2219 4910 2293 4971 ὡς
2326 4909 2550 4979 βασιλέα
2583 4908 2848 4979 ὑϐρίσας,
2899 4906 2975 4969 ὡς
3017 4908 3045 4958 6
3104 4904 3355 4958 Ναϐουθέ
3384 4903 3520 4973 (29)·
3564 4902 3587 4952 6
3632 4898 3693 4949 δὲ

2132 5003 2447 5073 πρεσϐεύων
2489 5001 2556 5055 τὰ
2606 5001 2707 5070 τῆς
2738 5001 2999 5071 αἱρέσεως
3052 4999 3274 5051 ἐκείνων
3327 4997 3571 5066 ζητεῖται,
3594 4990 3695 5043 καὶ

2131 5094 2291 5158 εὐθὺς
2321 5093 2706 5147 ἀποστέλλεται
2736 5092 2816 5154 εἰς
2848 5091 2946 5159 τὴν
3005 5088 3331 5159 Ἐκκλησίαν
3359 5086 3567 5143 ἐκείνου,
3594 5080 3696 5132 καὶ

2128 5186 2309 5240 λοιπὸν
2328 5185 2635 5258 δημεύσεις,
2657 5184 2751 5236 καὶ
2766 5181 2972 5253 ὕϐρεις,
2996 5180 3088 5233 καὶ
3116 5178 3290 5232 πάντα
3310 5177 3377 5230 τὰ
3401 5173 3535 5228 δεινὰ
3554 5169 3699 5223 κατὰ

446 5269 711 5324 bonorum
733 5271 1177 5340 proscriptiones,
1195 5271 1555 5336 contumelia},
1572 5285 1836 5341 omneque
1857 5288 2021 5327 vesa-

2133 5277 2237 5331 τῶν
2275 5277 2349 5349 μὴ
2378 5278 2679 5347 δεχομένων
2726 5276 2948 5329 ἐκεῖνον,
2985 5273 3092 5324 Καὶ
3143 5270 3202 5323 τὸ
3256 5267 3697 5342 παραδοξότατον,

446 5365 611 5421 tionis
658 5380 828 5436 genus
858 5365 910 5420 in
950 5380 1046 5420 eos
1101 5366 1192 5433 qui
1238 5366 1544 5419 invasorctn
1592 5380 1695 5416 non
1735 5367 2017 5433 recipiunt.

2133 5368 2193 5421 ὃν
2224 5368 2320 5421 μὲν
2353 5370 2401 5421 oi
2431 5369 2550 5421 λαοὶ
2583 5364 2882 5436 βούλονται,
2920 5363 3014 5416 καὶ
3053 5360 3409 5430 γινώσκουσιν
3448 5351 3701 5420 ἀνεπίλη-

519 5456 564 5489 ”
591 5456 693 5511 lsa.
725 5472 779 5523 ν,
807 5456 900 5509 20.
975 5456 1023 5487 ³³
1055 5457 1213 5508 Rom.
1248 5471 1369 5521 vttt,
1401 5454 1493 5511 55.
1568 5455 1613 5485 ⁸⁸
1645 5452 1709 5507 Ill
1742 5454 1876 5524 Reg.
1897 5473 2009 5523 κει,
2041 5457 2125 5514 10.

522 5550 635 5616 (24)
677 5550 802 5620 11ιιιο
836 5559 981 5620 gesta
1010 5560 1138 5603 sunt
1169 5549 1465 5620 anno_535.

524 5620 638 5758 ('25;
668 5619 759 5673 Sic
785 5615 914 5689 Reg.
945 5620 1082 5673 Editi
1110 5635 1238 5673 vero
1277 5615 1369 5673 οὖν
1398 5619 1499 5670 οὐκ
1522 5619 1606 5671 ἐκ.
1664 5660 1667 5665 ,

527 5689 616 5758 (‘26
670 5688 727 5742 In
763 5690 925 5744 editis
948 5701 1065 5758 post
1099 5689 1261 5742 πάλιν
1311 5689 1401 5741 καί
1438 5688 1657 5758 legitur,

527 5689 638 5758 (‘26)
670 5689 727 5742 In
763 5690 887 5743 editi

455 5773 559 5813 non
587 5759 833 5812 habetur.
882 5764 887 5769 '

529 5826 643 5897 (‘27)
674 5827 746 5881 Ita
780 5827 912 5897 Reg.
957 5838 1013 5883 ct
1050 5827 1211 5883 Basil.
1257 5828 1394 5883 Etlili
1426 5828 1564 5883 tnale
1594 5827 2027 5898 :wpfo:;.'[‘attlo

670 5688 727 5742 In
763 5686 925 5744 editis
948 5701 1065 5759 post
1099 5689 1261 5742 πάλιν
1311 5689 1401 5741 καί
1438 5688 1657 5760 legitur,
1689 5686 1779 5742 scd
1814 5686 1864 5741 in
1895 5687 2027 5760 Reg.

2128 5562 2251 5625 post
2270 5553 2405 5625 μσς.
2431 5549 2562 5625 ἔχοι.

2201 5618 2754 5701 ﬁdissima»
2840 5699 2850 5701 _
3362 5677 3389 5701 .
3427 5674 3452 5701 _.

2345 5668 2800 5761 -ἰῘῖἰὶἶιη
2835 5680 3129 5761 seqttitttttr.
3172 5676 3335 5761 Basil.
3362 5677 3395 5757 ᾖ
3425 5673 3538 5736 ὼςὸ
3574 5668 3707 5723 Να-

2137 5750 2307 5817 ϐουθί’
2331 5754 2491 5834 ,Editi‘
2511 5750 2686 5814 minus
2721 5763 2887 5823 recte,
2920 5751 3048 5823 ἢὼς
3066 5750 3236 5821 δνομα
3268 5750 3416 5801 Θεοῦ.
