3980 6496
271 404 372 462 697

1226 401 1545 456 HISTORIA
1580 399 1992 455 ARIANURUM
2034 401 2124 454 AD
2164 400 2560 457 MONACHOS.

3421 407 3531 464 098

274 532 420 577 πτον,
453 513 637 567 τοῦτον
665 515 978 585 ἀφαιρεῖται
1012 511 1104 567 καὶ
1130 512 1362 584 ἐξορίζει
1394 511 1669 582 βασιλεύς·
1702 512 1759 564 ὃν
1788 511 1843 564 δέ

1953 511 2014 566 Et
2060 513 2202 580 quod
2254 513 2549 566 maximum
2582 518 2858 579 stuporem
2892 509 3104 579 alicrat,
3147 526 3305 583 quem
3345 516 3526 585 populi

274 608 406 679 μήτε
446 605 742 675 βούλονται,
785 600 921 674 μήτε
955 602 1303 671 γινώσκουσι,
1350 600 1536 653 τοῦτον
1577 601 1847 673 μακρόθεν

276 697 409 769 μετά
462 695 805 768 στρατιωτῶν
851 693 1164 747 ἀποστέλλει
1211 694 1304 746 καί
1359 693 1701 763 γραμμάτων
1738 691 1847 763 (50)

273 787 458 842 ἑαυτοῦ
484 805 498 819 ·
556 788 649 840 καὶ
700 787 882 839 λοιπὸν
935 786 1148 855 ἀνάγκη
1201 784 1368 855 πολλὴ
1423 787 1597 855 μισεῖν
1644 784 1740 855 μὲν
1790 784 1848 837 ὃν

270 881 522 948 ἀγαπῶσι
550 880 641 933 τὸν
667 879 1067 948 κατηχήσαντα,
1102 879 1194 930 καὶ
1223 876 1436 948 πατέρα
1462 875 1752 946 γενόμενον
1789 876 1849 928 ἐν

272 971 583 1043 θεοσεϐείᾳ’·
617 973 837 1041 ἀγαπᾷν
861 970 917 1023 δέ
946 970 1003 1022 ὃν
1025 970 1085 1023 ού
1121 968 1421 1039 βούλονται,
1451 970 1545 1022 καὶ
1570 970 1848 1023 πιστεύειν

274 1060 473 1115 ἑαυτῶν
512 1061 580 1114 τὰ
613 1060 800 1127 τέκνα,
834 1053 894 1112 οὗ
928 1060 1017 1112 τὸν
1054 1059 1187 1130 βίον,
1226 1060 1320 1112 καὶ
1354 1058 1450 1131 τὴν
1479 1061 1844 1131 ἀναστροφὴν,

272 1154 362 1206 καὶ
387 1154 470 1216 τίς
520 1154 666 1206 ἐστιν
696 1153 755 1206 οὐ
794 1150 1177 1221 γινώσκουσιν·
1240 1151 1273 1222 ἢ
1308 1152 1549 1223 δηλονότι
1578 1153 1847 1225 τιμωρίαν

269 1243 582 1313 ὑπομένειν,
609 1242 675 1314 ἣν
702 1242 813 1313 (51)
844 1244 917 1315 μὴ
940 1243 1231 1296 πείθωνται
1267 1242 1493 1313 βασιλεῖ.

334 1539 385 1592 3.
411 1536 602 1591 Ταῦτα
629 1536 723 1591 καὶ
752 1536 845 1590 νῦν
867 1536 1053 1609 δρῶσι,
1087 1538 1181 1591 καὶ
1213 1537 1381 1591 πάλαι
1406 1540 1767 1610 πεποιήκασιν
1796 1540 1846 1593 οἱ

265 1629 543 1693 δυσσεϐεῖς
566 1628 706 1683 κατὰ
725 1628 831 1703 τῶν
857 1628 1168 1700 ὀρθοδόξων,
1197 1628 1481 1701 γνώρισμα
1510 1631 1610 1700 τῆς
1640 1632 1847 1686 ἑαυτῶν

266 1720 590 1792 κακοηθείας
614 1721 710 1775 καὶ
738 1720 990 1783 ἀσεϐείας
1018 1720 1289 1791 πανταχοῦ
1324 1721 1472 1791 παρά
1509 1723 1643 1775 πᾶσι
1664 1738 1846 1793 παραο

267 1811 503 1882 σχόντες,
544 1812 724 1865 Ἔστω
755 1812 882 1884 γὰρ,
935 1809 1247 1865 Ἀθανάσιον
1271 1810 1585 1883 ᾐτιάσαντο,
1606 1810 1658 1865 τί
1684 1812 1775 1865 καὶ
1797 1813 1844 1865 οἱ

263 1904 407 1958 ἄλλοι
432 1904 795 1975 πεποιήκασιν
827 1904 1151 1969 ἐπίσκοποι;
1188 1905 1353 1967 Ποίας
1392 1903 1499 1974 ἄρα
1542 1904 1847 1974 προφάσεις

263 1994 426 2071 εἶξον,
452 1998 486 2068 ἢ
518 2000 669 2061 ποῖος
699 1997 807 2067 ἄρα
856 1996 1017 2048 κάκεῖ
1065 1994 1255 2064 νεκρὸς
1301 1993 1571 2063 Ἀρσὲνιος
1605 1992 1842 2063 εύρέθη;

262 2096 409 2155 ποῖος
446 2090 573 2161 παρ’
609 2089 789 2151 αὐτοῖς
827 2088 1106 2158 Μακάριος
1131 2084 1517 2155 πρεσϐύτερος,
1552 2084 1646 2137 καὶ
1672 2085 1842 2155 ποτή-

265 2202 375 2258 ριον
413 2182 745 2246 κέκλασται;
775 2181 926 2241 ποῖος
947 2176 1263 2241 Μελιτιανὸς
1303 2176 1661 2248 ύπεκρίνετο;
1706 2176 1842 2228 Ἀλλ’

260 2278 333 2341 ὡς
367 2277 544 2330 ἔοικεν
574 2274 634 2338 ἐξ
662 2272 907 2335 ἐκείνων,
963 2271 1056 2323 καὶ
1096 2270 1165 2323 τὰ
1204 2267 1346 2323 κατὰ
1388 2268 1701 2322 Ἀθανάσιον
1732 2267 1842 2339 (5‘2)

260 2370 531 2423 δείκνυται
566 2365 736 2435 ψευδῆ
762 2382 774 2393 ·
807 2364 900 2417 καὶ
930 2362 988 2428 ἐξ
1022 2356 1101 2416 ὧν
1131 2363 1188 2415 δέ
1225 2360 1526 2430 Ἀθανασίῳ
1560 2359 1845 2431 ἐπεχείρη-

263 2477 378 2523 σαν,
409 2460 543 2529 δῆλα
559 2459 656 2511 καὶ
679 2457 748 2509 τὰ
767 2456 884 2509 κατ’
906 2455 1127 2507 ἐκείνων
1144 2454 1260 2506 ἐστὶ
1283 2451 1658 2522 πεπλασμένα.
1686 2450 1845 2518 Μέγα

260 2550 531 2621 τιεθηρίον
565 2547 789 2618 ἐξῆλθεν
820 2546 910 2598 ἐπὶ
937 2546 1059 2615 γῆς,
1094 2547 1127 2617 ἡ
1158 2544 1369 2616 αἵρεσις
1420 2541 1561 2612 αῦτη
1583 2558 1597 2571 ·
1648 2542 1706 2595 ού
1738 2542 1846 2613 γάρ

264 2640 421 2711 μόνον
450 2640 563 2702 τοῖς
590 2638 800 2709 ῥήμασι
829 2635 903 2697 ὼς
943 2637 1053 2698 τοῖς
1095 2633 1275 2701 ὀδοῦσι
1310 2632 1535 2702 βλάπτει
1563 2632 1688 2695 τοὺς
1717 2632 1847 2684 ἀκε-

261 2730 470 2803 ραίους,
525 2727 662 2781 ἀλλὰ
693 2728 786 2780 καὶ
810 2725 908 2796 τὴν
967 2722 1164 2789 ἔξωθεν
1209 2722 1458 2787 ἐξουσίαν
1503 2720 1847 2793 ἐμισθώσατο

260 2820 394 2891 πρὸς
424 2818 739 2889 ἐπιϐουλήν.
778 2817 888 2869 Καὶ
920 2814 983 2866 τὸ
1029 2813 1351 2884 παράδοξον,
1405 2812 1507 2876 ὅτι,
1537 2810 1681 2864 καθά
1712 2828 1846 2880 προ-

256 2912 431 2973 εῖπον,
448 2908 622 2970 οὐδεὶς
650 2906 873 2958 ἐκείνων
895 2905 1295 2975 κατηγορεῖται·
1314 2903 1381 2956 ἂν
1399 2903 1453 2955 δὲ
1474 2901 1843 2972 κατηγορηθῇ,

257 3000 317 3051 οὐ
347 2997 611 3069 κρίνεται,
639 2996 672 3067 ἢ
710 2997 865 3060 δόξας
887 2994 1201 3058 ἀκούεσθαι,
1236 2993 1536 3047 δικαιοῦται
1565 2991 1706 3046 κατὰ
1740 2992 1846 3045 τῶν

256 3090 586 3160 ἐλεγχόντων
611 3107 625 3119 ·
665 3089 758 3143 καὶ
796 3088 992 3157 μᾶλλον
1019 3088 1048 3140 ὁ
1076 3087 1312 3156 ἐλέγχων
1354 3084 1781 3148 ἐπιϐουλεύεται,
1810 3083 1844 3154 ἢ

1952 606 2196 673 cupiunt,
2229 615 2283 659 et
2311 604 2815 674 irreprehensibilem
2848 614 3173 674 agnoscunt,
3213 607 3353 661 hunc
3389 607 3526 661 tollit

1952 696 2262 763 imperator,
2307 698 2360 751 in
2411 697 2770 767 exsiliumque
2815 698 3012 764 mittit;
3058 713 3219 767 quem
3247 714 3375 753 vero
3427 714 3527 753 nec

1948 787 2134 840 volunt
2164 803 2261 842 nec
2290 797 2509 853 norunt,
2544 789 2688 842 hunc
2722 802 2752 841 e
2788 788 3080 857 longinquo
3110 804 3232 843 cum
3261 789 3526 843 militibus

1950 887 2003 931 et
2032 878 2226 935 litteris
2264 880 2377 935 suis
2408 881 2593 935 mittit.
2627 882 2706 935 Ac
2731 880 2929 935 dehinc
2958 895 3151 950 magna
3173 883 3223 934 vi
3250 890 3524 951 coguntur

1949 971 2129 1040 pepuli
2180 987 2301 1027 eum
2353 972 2477 1027 odio
2530 972 2753 1036 habere,
2813 987 2974 1043 quem
3021 982 3206 1041 utpote
3260 988 3415 1027 suum
3466 972 3522 1026 in

1950 1062 2208 1131 religione
2236 1064 2552 1133 magistrum
2582 1072 2638 1119 et
2670 1063 2886 1118 Patrem
2917 1062 3147 1133 diligunt
3178 1077 3193 1117 :
3228 1062 3374 1116 illum
3392 1078 3525 1117 vero

1950 1153 2196 1224 diligere,
2230 1168 2389 1222 quem
2430 1154 2619 1210 nolunt
2647 1174 2661 1209 :
2694 1171 2757 1210 ac
2804 1156 2851 1209 ei
2902 1154 3102 1209 liberos
3132 1169 3263 1209 suos
3295 1162 3523 1209 concre:

1949 1253 2100 1310 dere,
2146 1246 2297 1315 cujus
2343 1264 2522 1303 mores
2569 1259 2623 1303 et
2654 1250 2776 1303 vita:
2815 1249 3121 1303 institutum
3151 1291 3165 1313 ,
3199 1250 3306 1302 imo
3361 1263 3519 1316 quem

1947 1340 2196 1407 quisnam
2228 1339 2300 1393 sit
2328 1341 2587 1409 ignorant
2624 1358 2637 1395 :
2676 1351 2771 1395 aut
2802 1342 3035 1412 denique
3064 1357 3254 1410 ptenas
3299 1340 3449 1395 luere
3475 1339 3522 1392 si

1949 1429 2265 1499 imperatori
2304 1446 2410 1484 non
2452 1431 2841 1499 obtemperent.

2018 1520 2071 1573 5.
2123 1520 2249 1575 llaac
2285 1536 2429 1576 nunc
2474 1530 2599 1577 sunt
2648 1523 2933 1591 impiorum
2990 1531 3141 1591 gesta
3170 1565 3185 1589 ,
3227 1522 3345 1577 hmc
3391 1520 3520 1576 olim

1947 1612 2109 1667 etiam
2163 1623 2355 1668 contra
2422 1614 2753 1668 orthodoxos
2804 1622 3182 1683 perpetrarunt
3231 1631 3245 1668 :
3302 1626 3524 1681 sumque

1948 1704 2170 1758 malitiae
2201 1720 2264 1759 ac
2304 1704 2599 1773 impietatis
2631 1714 2951 1774 argumenta
2993 1706 3132 1774 apud
3185 1718 3374 1758 omnes
3404 1703 3525 1757 ubi.

1948 1809 2051 1862 que
2099 1795 2437 1865 pervolgant.
2491 1793 2627 1848 Nam
2672 1804 2791 1849 esto
2828 1795 3184 1851 Athanasium
3235 1810 3526 1850 accusave-

1947 1888 2092 1953 rint,
2139 1887 2231 1941 sed
2268 1887 2395 1956 quid
2439 1888 2565 1943 mali
2623 1887 2892 1942 admisere
2932 1888 3021 1942 alii
3065 1888 3353 1957 episcopi?
3392 1886 3518 1956 quis

1947 1980 2205 2033 adversus
2260 1979 2382 2033 illos
2432 1979 2727 2034 obtentus?
2764 1980 2886 2048 quis
2924 1980 3064 2049 apud
3102 1980 3220 2033 illos
3256 1978 3525 2032 Arsenius

1949 2080 2191 2127 mortuus
2218 2082 2466 2141 repertus
2491 2075 2617 2127 est?
2651 2073 2899 2141 quisnam
2933 2073 3071 2141 apud
3100 2072 3217 2126 illos
3254 2071 3525 2125 Macarius

1949 2166 2249 2236 presbyter,
2298 2175 2389 2220 aut
2436 2163 2579 2220 calix
2626 2164 2980 2220 confractus?
3025 2165 3150 2234 quis
3204 2162 3526 2218 Meletianus

1948 2255 2279 2309 insimulavit
2303 2257 2327 2309 ?
2349 2256 2479 2323 Sed,
2507 2267 2564 2311 ut
2595 2271 2658 2310 ex
2691 2270 2879 2310 eorum
2920 2258 3088 2326 gestis
3116 2256 3284 2325 liquet
3317 2264 3372 2309 et
3400 2270 3523 2324 qua:

1947 2359 2134 2403 contra
2160 2349 2519 2405 Athanasium
2562 2351 2747 2404 dixere
2780 2348 2911 2403 falsa
2941 2348 3303 2404 ostenduntur
3329 2365 3343 2401 :
3369 2356 3422 2400 et
3451 2362 3517 2400 ex

1950 2439 2015 2493 iis
2058 2454 2177 2509 quae
2219 2451 2408 2495 contra
2447 2442 2803 2496 Athanasium
2836 2440 3007 2495 moliti
3046 2450 3168 2494 sunt
3201 2445 3369 2508 patet,
3399 2452 3521 2506 qua:

1949 2532 2069 2585 aliis
2100 2532 2432 2601 impulavere
2461 2532 2711 2586 similiter
2728 2547 2849 2588 esse
2874 2533 3127 2587 contiCIa.
3158 2530 3349 2599 lugens
3367 2546 3519 2599 qum-

1947 2620 2069 2674 dam
2118 2621 2291 2675 bellua
2322 2622 2374 2674 in
2407 2630 2609 2676 terram
2649 2622 2855 2689 exivit,
2879 2621 2997 2675 haec
3028 2636 3219 2691 ueinpe
3247 2620 3473 2674 haeresis
3503 2635 3520 2673 :

1948 2728 2067 2781 qoze
2113 2730 2215 2768 non
2252 2714 2423 2769 solum
2456 2714 2633 2769 verbis
2685 2714 2840 2785 quasi
2895 2713 3152 2769 dentibus
3200 2712 3526 2767 innocentes

1948 2805 2094 2858 laedit
2118 2822 2131 2871 ;
2157 2806 2250 2858 sed
2277 2815 2332 2858 et
2358 2806 2424 2859 ad
2450 2806 2674 2861 insidias
2702 2805 2972 2874 parandas
3001 2813 3285 2858 externam
3326 2812 3519 2872 poten-

1947 2898 2076 2950 tiam
2103 2899 2353 2952 mercede
2375 2898 2658 2952 conduxit.
2692 2898 2759 2953 Et
2788 2897 2929 2967 quod
2961 2897 3285 2966 stupendum
3318 2906 3421 2962 est,
3445 2896 3523 2949 uti

1944 2990 2054 3059 jam
2086 2989 2220 3054 dixi,
2253 2989 2428 3043 nullus
2461 3004 2650 3043 eorum
2680 2998 2989 3051 accusatur,
3013 2996 3104 3039 aut
3131 2987 3176 3040 si
3206 2996 3517 3049 accusatur,

1950 3097 2052 3137 non
2089 3081 2392 3149 judicatur,
2428 3080 2513 3135 vel
2543 3081 2586 3136 si
2613 3080 2935 3149 interrogari
2960 3079 3229 3143 videatur,
3252 3078 3529 3132 damnatis

256 3186 287 3237 δ
310 3184 610 3247 ὑπεύθυνος
627 3182 762 3244 ὅλως
778 3182 1118 3252 ἐντρέπεται.
1148 3178 1358 3241 Πάντες
1387 3172 1479 3231 οὖν
1509 3176 1618 3247 (55)
1643 3178 1691 3229 οἱ
1716 3176 1845 3247 παρ’

1953 3174 2018 3228 iis
2050 3174 2138 3241 qui
2172 3187 2230 3228 se
2262 3169 2686 3238 convincebant,
2721 3173 2836 3242 ipse
2881 3172 3190 3226 declaratur
3245 3170 3524 3225 innoxius.

256 3278 440 3340 αὐτοῖς
471 3275 660 3347 μεστοὶ
695 3273 866 3344 ῥύπου
893 3272 1220 3341 τυγχάνουσι
1240 3287 1253 3299 ·
1301 3270 1393 3323 καὶ
1418 3269 1469 3321 oi
1503 3270 1632 3341 παρ’
1663 3269 1844 3331 αὐτοῖς

257 3369 619 3431 κατάσκοποι,
651 3366 713 3418 ού
742 3363 852 3435 γὰρ
886 3364 1196 3426 ἐπίσκοποι,
1253 3360 1450 3431 μᾶλλόν
1484 3362 1590 3413 εἱσι
1624 3359 1843 3413 πάντων

258 3454 659 3529 ρυπαρώτερσι.
686 3454 795 3507 Καὶ
816 3451 972 3516 εἴτις
1002 3451 1132 3521 παρ’
1162 3450 1345 3511 αὐτοῖς
1375 3449 1670 3510 ἐπίσκοπος
1706 3446 1845 3501 θέλει

256 3548 530 3618 γενέσθαι,
560 3546 661 3599 οὐκ
694 3543 880 3597 ἀκούει
904 3560 917 3573 ·
945 3542 1045 3595 Δεῖ
1067 3540 1173 3594 τὸν
1197 3540 1535 3593 ἐπίσκοπον
1556 3538 1844 3605 ἀνεπίλη-

254 3654 410 3692 πτον
440 3635 626 3691 εἶναι·
658 3633 796 3688 ἀλλά
847 3632 1003 3703 μόνον
1024 3650 1037 3663 ·
1072 3630 1259 3701 Φρόνει
1288 3628 1429 3681 κατά
1461 3627 1721 3699 Χριστοῦ,
1750 3627 1845 3681 καὶ

260 3730 334 3801 μὴ
370 3727 624 3800 φρόντιζε
658 3725 787 3797 περὶ
814 3723 1030 3795 τρόπων
1056 3722 1165 3792 (54)
1186 3738 1198 3750 ·
1228 3721 1388 3790 ἀρκεῖ
1418 3718 1525 3790 γὰρ
1561 3718 1733 3771 ἐκεῖνό
1762 3735 1845 3771 σοι

257 3820 393 3890 πρὸς
412 3819 694 3879 σύστασιν,
727 3814 820 3867 καὶ
840 3814 977 3884 πρὸς
1001 3811 1264 3882 βασιλέως
1288 3810 1489 3880 φιλίαν.
1516 3808 1702 3890 Ταῦτα
1729 3807 1842 3879 (55)

260 3888 358 3983 μέν
392 3912 524 3983 περὶ
559 3908 669 3961 τῶν
702 3907 771 3960 τά
800 3905 893 3959 τοῦ
939 3903 1147 3975 Ἀρείου
1183 3901 1556 3974 φρονούντων·
1588 3888 1637 3954 oi
1659 3901 1716 3954 δέ
1745 3903 1844 3973 τῆς

256 4005 517 4076 ἀληθείας
552 4000 811 4072 ζηλωταὶ,
842 3998 945 4051 κᾶν
968 3998 1112 4066 ἅγιοι
1147 3996 1241 4048 καὶ
1266 3994 1498 4065 καθαροὶ⁵
1522 3992 1842 4061 φαίνωνται,

256 4098 401 4152 καθά
440 4098 722 4166 προεῖπον,
762 4092 875 4146 ἀλλ’
910 4089 1200 4144 ὑπεύθυνοι
1238 4088 1502 4156 γίνονται,
1544 4086 1671 4138 ὅταν
1700 4078 1844 4138 οῦτοι

256 4187 476 4248 θέλωσι,
512 4185 605 4237 καὶ
637 4184 713 4245 ὼς
747 4182 811 4235 ἂν
844 4182 1027 4243 αὐτοῖς
1062 4179 1215 4249 δοκῇ,
1244 4175 1517 4247 πρόφασιν
1554 4174 1843 4244 πλασαμέ-

254 4296 369 4341 νοις
392 4296 404 4309 ·
439 4275 711 4331 καὶτοῦτο
740 4274 936 4337 ἔξεστι,
976 4270 1120 4325 καθὰ
1155 4271 1434 4339 προεῖπον,
1470 4266 1534 4319 ἐκ
1567 4265 1676 4319 τῶν
1714 4264 1843 4335 παρ’

252 4370 439 4425 αὐτῶν
462 4366 817 4439 πραχθέντων
848 4363 1100 4415 συνιδεῖν.

1950 3265 2241 3336 Potiusque
2298 3277 2585 3323 accusator
2633 3268 2723 3337 qui
2778 3282 2928 3321 reum
2984 3265 3258 3320 convincit
3311 3266 3528 3320 insidiis

1950 3358 2175 3428 petitur,
2202 3373 2364 3427 quam
2397 3360 2510 3428 ipse
2538 3376 2662 3414 reus
2687 3359 2853 3431 274
2878 3360 3081 3428 pudore
3101 3359 3286 3428 aliquo
3316 3357 3526 3412 suﬂou-

1953 3450 2130 3503 datur.
2161 3450 2314 3519 Apud
2366 3451 2491 3505 illos
2545 3452 2729 3520 itaque
2780 3467 2937 3505 nemo
2968 3459 3053 3504 est
3096 3451 3223 3519 quin
3273 3450 3530 3505 sontibus

1951 3550 2197 3594 scateat:
2229 3556 2529 3611 eorumque
2560 3543 2831 3612 catascopi
2860 3582 2874 3604 ,
2907 3543 2958 3596 id
3013 3551 3099 3598 est
3127 3542 3523 3612 exploratores,

1954 3632 2095 3686 baud
2124 3632 2267 3686 enim
2302 3633 2544 3703 episcopi
2581 3633 2950 3702 nuncupandi,
2974 3633 3216 3686 onuiinm
3256 3630 3522 3687 sordidis-

1950 3721 2072 3775 simi
2102 3729 2247 3776 sunt.
2291 3720 2349 3777 Si
2380 3724 2504 3793 quis
2533 3724 2674 3794 apud
2705 3722 2826 3777 illos
2870 3731 3020 3792 optat
3070 3722 3358 3792 episcopus
3380 3735 3527 3785 esse,

1952 3811 1998 3865 is
2033 3812 2148 3867 haec
2177 3828 2283 3867 non
2314 3815 2466 3868 audit
2493 3831 2508 3869 :
2550 3814 2765 3884 Oportet
2793 3816 3113 3884 episcopum,
3150 3813 3531 3882 irreprehensi-

1952 3901 2104 3956 bilem
2137 3920 2246 3957 esse
2278 3906 2362 3970 9t‘;
2399 3906 2492 3959 sed
2531 3906 2703 3960 solum
2726 3924 2742 3961 :
2763 3906 2961 3961 Contra
2981 3905 3258 3961 Christum
3286 3904 3489 3961 sentias
3511 3946 3530 3971 ,

1954 4007 2056 4049 nec
2083 3995 2149 4049 de
2178 3997 2420 4051 moribus
2455 4012 2615 4051 cures
2646 4016 2660 4051 :
2686 4007 2768 4051 est
2801 3998 2943 4051 enim
2973 3997 3102 4052 illud
3136 3998 3251 4052 tibi-
3276 3998 3431 4061 satis,
3470 4005 3533 4050 ut

1951 4087 2359 4142 commendatus
2393 4087 2846 4157 imperatorisque
2897 4090 3105 4143 amicus
3138 4090 3361 4145 evadas.
3404 4086 3531 4142 Haec

1952 4176 2018 4229 de
2049 4175 2115 4230 iis
2143 4178 2234 4246 qui
2284 4193 2406 4232 com
2456 4179 2584 4233 Ario
2631 4181 2892 4233 sentiunt.
2923 4179 3177 4235 Veritatis
3212 4189 3391 4233 autem
3435 4193 3527 4233 se-

1952 4274 2222 4332 ctatores,
2265 4273 2615 4339 quantumvis
2656 4272 2867 4331 sancti,
2914 4270 3262 4339 quantumvis
3296 4272 3412 4339 pori
3445 4270 3528 4323 vi-

1956 4358 2207 4422 deantur,
2241 4361 2315 4413 uti
2362 4375 2524 4430 supra
2576 4361 2685 4416 dixi
2714 4402 2728 4425 ,
2765 4363 2842 4416 rei
2892 4363 3182 4425 habentur,
3221 4362 3326 4415 illis
3377 4360 3527 4414 arbi-

258 4472 411 4517 tratu
436 4476 537 4516 suo
557 4459 783 4514 crimina
818 4451 1399 4509 comminisccntibus:
1441 4460 1669 4517 eamque
1694 4460 1829 4511 rem,
1872 4456 1930 4500 ut
1981 4448 2185 4502 dictum
2217 4457 2339 4514 est,
2366 4466 2435 4504 ex
2483 4466 2667 4504 eorum
2713 4450 2883 4520 gestis
2930 4450 3334 4520 deprehendere
3378 4448 3522 4501 licet.

337 4645 387 4697 ι.
429 4641 541 4713 (56)
581 4637 878 4699 eandem;
918 4654 1003 4699 τις
1039 4631 1106 4705 ἦν
1156 4634 1454 4695 ἐπίσκοπος
1499 4630 1599 4698 τῆς
1646 4629 1845 4681 Ἀντιο-

2024 4627 2081 4680 4.
2108 4625 2418 4681 Eustathius
2454 4628 2674 4697 quidam
2700 4627 2802 4680 l‘uit
2826 4627 3196 4680 Antiocheuus
3220 4626 3532 4696 episcopus,

248 4736 435 4810 χείας,
467 4733 605 4806 ἀνὴρ
631 4730 987 4803 ὁμολογητὴς,
1012 4728 1106 4781 καὶ
1130 4727 1229 4797 τὴν
1264 4726 1445 4778 πίστιν
1470 4720 1719 4791 εὐσεϐής.
1756 4713 1855 4772 Οὗ-

248 4847 370 4893 τος,
403 4825 592 4896 ἐπειδὴ
628 4824 793 4885 πολὺς
824 4818 891 4893 ἦν
929 4818 1103 4891 ζηλῶν
1125 4818 1265 4888 ὑπὲρ
1312 4817 1411 4887 τῆς
1439 4812 1717 4883 ἀληθείας,
1753 4812 1852 4878 τήν

250 4940 317 4975 τε
360 4917 649 4991 Ἀρειανὴν
669 4917 878 4987 αἵρεσιν
917 4913 1115 4983 ἐμίσει,
1143 4910 1235 4963 καὶ
1263 4910 1389 4971 τοὺς
1420 4904 1751 4976 φρονοῦντας
1782 4902 1851 4955 τὰ

250 5012 478 5080 ἐκείνης
522 5010 622 5061 οὐκ
656 5006 886 5075 ἐδέχετο,
930 5000 1270 5055 διαϐάλλεται
1300 4994 1697 5063 Κωνσταντίνῳ
1738 4992 1850 5062 (57)

340 5125 434 5179 "l
469 5123 611 5177 Tim.
644 5136 725 5185 ιιι,
756 5118 789 5171 2

332 5262 449 5332 (50)
488 5262 583 5315 Sic
611 5261 743 5325 Reg.
779 5257 943 5332 Editi,
973 5256 1110 5332 μετά
1131 5256 1505 5327 γραμμάτων.

333 5328 447 5403 (51)
483 5335 589 5403 Ἤν
620 5328 1034 5403 deestinBasil.

331 5396 446 5473 (52)
476 5402 642 5473 Forte
670 5399 810 5473 κατά
849 5396 1185 5450 ’Δθανασίου.

334 5469 610 5543 (53lﬂcg.
647 5469 798 5537 γοῦν.
856 5538 887 5543 η
962 5537 992 5543 _
1184 5535 1277 5543 ____
1494 5529 1533 5543 ἢ
1604 5528 1615 5538 _

287 5527 450 5688 P355)
472 5527 718 5608 Siculie'g.
739 5538 933 5593 etedit.
953 5537 1165 5592 Comm.
1184 5535 1327 5591 Etlit.
1346 5545 1473 5587 vero
1494 5528 1695 5593 Paris.,
1719 5527 1848 5597 περὶ

365 5631 488 5666 πον.

246 5631 488 5670 τροπον.

333 5685 447 5750 (55)
484 5682 617 5748 Reg.
645 5676 888 5732 τοιαῦτα.
935 5748 944 5750 _
1029 5746 1039 5750 Α
1114 5745 1153 5750 _
1312 5743 1323 5750 _
1351 5743 1383 5750 __
1746 5737 1797 5750 ___

336 5737 460 5824 (36')
491 5737 670 5805 Aliam
721 5743 1383 5824 depositionisEustatbii
1435 5753 1657 5824 causam
1709 5737 1831 5824 alie-

246 5808 389 5879 runt
422 5808 807 5877 Hieronymus,
842 5821 1113 5874 Socrates.
1143 5818 1477 5868 Sozamenos
1504 5819 1557 5863 et
1590 5808 1842 5864 Theodo-

1960 4719 2247 4772 confessor
2283 4733 2348 4771 ac
2395 4719 2497 4773 ﬁde
2545 4719 2683 4786 pius.
2727 4719 2774 4772 Is
2825 4734 2944 4773 cum
2986 4721 3271 4773 veritatem
3319 4730 3547 4773 summo

1960 4808 2137 4863 studio
2169 4816 2431 4871 tueretur,
2460 4817 2718 4877 essetque
2753 4808 2969 4861 Ariame
3008 4807 3198 4861 lueresi
3229 4806 3535 4860 inl‘ensissi-

1959 4914 2102 4963 ιιιιιε,
2135 4899 2528 4967 luereticosqoe
2562 4898 2681 4951 illos
2712 4915 2815 4953 non
2846 4899 3197 4961 admitteret,
3230 4896 3369 4966 apud
3392 4896 3537 4952 Con-

1961 4990 2257 5043 stantinum
2301 4988 2685 5058 imperatorem
2731 4989 3098 5054 insimulatur,
3135 4988 3369 5044 conﬁcta
3421 4988 3535 5041 cri-

1952 5252 2125 5308 retus,
2152 5240 2293 5310 quod
2327 5254 2519 5309 nempe
2551 5256 2579 5293 ει
2622 5239 2937 5295 muliercula
2965 5239 3175 5310 delatus
3200 5233 3537 5310 fuerit,‘qu:c

1953 5330 2011 5368 se
2040 5305 2207 5366 lilium
2235 5326 2301 5364 ex
2331 5305 2611 5365 Eustathio
2646 5307 3343 5382 suscepissementiebatur.
3371 5305 3538 5354 Alunt

1954 5384 2080 5437 item
2117 5384 2270 5436 Socr.
2302 5394 2354 5435 et
2379 5382 2518 5435 Suzo
2534 5397 2603 5433 ιιι.
2636 5382 2779 5433 illum
2807 5374 3209 5433 Sabellianismi
3247 5374 3419 5425 fuisse
3445 5386 3536 5424 ac-

1954 5465 2224 5508 cusatum.
2266 5454 2372 5506 Sed
2412 5451 2543 5505 nihil
2583 5448 3032 5520 repugnatvaria
3077 5446 3303 5520 cr_i_mina
3346 5450 3537 5520 sanqto

1956 5525 2169 5591 praesuli
2208 5525 2275 5574 ab
2311 5522 2577 5591 haereticis
2612 5512 2855 5591 imposita
2906 5518 3092 5591 fuisse.
3131 5514 3339 5591 _||ac_t_l_e
3369 5526 3423 5562 re
3456 5512 3538 5591 l'u.

1958 5583 2071 5648 sius
2110 5595 2161 5645 iu
2193 5592 2470 5645 Athanasii
2508 5586 2649 5642 Vita.
2685 5583 2965 5657 Clirysost.
3003 5585 3089 5638 t.l
3130 5583 3405 5639 ltomiliaut
3460 5583 3538 5632 in-

1957 5673 2158 5728 tegram
2203 5662 2263 5725 in,
2286 5664 2426 5713 hunc
2457 5658 2797 5728 Eustathiqu
2827 5657 3037 5728 habuit.

2007 5724 2133 5800 .137)
2166 5724 2295 5783 Etliti
2325 5726 2705 5800 vastav-citp.
2735 5728 2803 5779 At
2827 5726 2957 5793 lieg.
2989 5725 3158 5800 prima
3191 5740 3351 5800 manu
3380 5724 3539 5800 Kasv:

1953 5792 2236 5866 σταντίνῳ,
2270 5802 2389 5852 hinc
2414 5801 2586 5852 deleto
2612 5815 2640 5849 ν
2660 5792 2874 5851 iactum
2906 5792 2988 5851 est
3013 5794 3393 5849 Κωνσταντίω.
3432 5792 3539 5847 Sed
