3980 6496
239 377 321 432 701

1150 363 1475 421 HISTORIA
1510 362 1920 421 ARIANOBUM
1959 364 2052 419 AD
2091 362 2497 421 MONACHOS.

3354 373 3458 427 πω

236 482 405 539 ἐαυτοῦ
430 483 624 543 πίστιν,
652 483 718 554 ἢν
750 485 842 537 καὶ
871 488 903 556 ἡ
948 486 1377 557 ωτάοΣαρδικὴν
1421 483 1633 547 σύνοδος
1663 486 1771 538 ἀπ-

1881 485 2121 554 synodus
2157 483 2495 553 approbavit.
2533 482 2827 540 Eusebiani
2862 502 2991 543 vero
3033 480 3221 557 neque
3247 504 3307 544 se
3334 506 3465 559 pur-

238 574 432 640 εδέξατο
450 589 463 604 ⁸
484 575 531 626 ol
546 574 600 626 δὲ
618 575 744 645 περὶ
760 577 1017 629 Εὑσέόιον
1033 576 1154 630 οὔτε
1172 578 1598 648 ἀπελογήσαντο,
1629 574 1776 640 οὔτε,

235 664 548 734 ἐλεγχόμενοι
581 663 638 729 ἐξ
671 659 745 719 ὧν
795 666 1038 737 ἔγραψαν
1088 668 1324 731 ἀσεϐεῖς,
1380 668 1775 737 ὲνετράπησαν,

235 758 351 812 ἀλλὰ
382 756 469 810 καὶ
508 756 704 827 μᾶλλον
740 757 1092 829 ἐθρασύνοντο
1136 759 1276 812 κατά
1339 758 1587 811 πάντων·
1638 754 1781 828 εἶχον

229 847 325 918 ’γὰρ
352 847 442 916 τὴν
466 846 597 917 πρὸς
635 847 856 917 βασιλέα
890 851 1039 921 παρὰ
1062 850 1165 906 τῶν
1198 850 1471 919 γυναικῶν
1505 850 1779 917 σύστασιν,

231 939 312 991 καὶ
340 939 492 990 πᾶσιν
515 934 652 1007 ἦσαν
673 939 910 1008 φοϐεροί.

287 1028 339 1085 7.
373 1031 501 1101 Περὶ
537 1031 593 1084 δὲ
620 1030 834 1083 Παύλου
860 1030 953 1083 τοῦ
999 1032 1097 1100 τῆς
1132 1032 1542 1084 Κωνσταντίνου
1572 1031 1779 1095 πόλεως

230 1122 525 1184 ἐπισκόπου,
549 1121 753 1191 νομίζω
796 1122 998 1191 μηδένα
1032 1122 1272 1195 ἀγνοεῖν·
1303 1124 1411 1191 ὅσῳ
1447 1122 1552 1193 γάρ
1586 1124 1783 1191 ἐπιφα-
1814 1148 1821 1155 ~

226 1210 309 1281 νὴς
332 1212 361 1280 ἠ
390 1210 556 1272 πόλις,
584 1209 822 1280 τοσούτῳ
854 1212 947 1263 καὶ
966 1212 1025 1263 τὸ
1046 1212 1336 1282 γενόμενον
1368 1213 1427 1264 οὐ
1454 1212 1777 1282 κέκρυπται.

226 1300 323 1371 (45)
352 1300 454 1353 Καὶ
480 1299 619 1353 κατά
650 1300 839 1353 τούτου
865 1300 1043 1353 τοίνυν
1080 1302 1350 1371 πρόφασις
1377 1301 1639 1371 ἐπλάσθη.
1673 1302 1781 1354 Καὶ

223 1390 317 1463 γὰρ
341 1392 367 1443 ὁ
394 1392 773 1463 κατηγορήσας
800 1391 964 1445 αὑτοῦ
993 1393 1341 1456 Μακεδόνιος,
1376 1395 1404 1445 ὁ
1434 1392 1528 1445 νῦν
1567 1394 1782 1445 ἐπίσκο-

224 1498 312 1544 πος
346 1481 454 1534 ἀντ’
482 1481 647 1535 αὑτοῦ
679 1483 988 1553 γενόμενος,
1022 1485 1306 1555 παρόντων
1334 1483 1489 1554 ἡμῶν
1520 1484 1659 1536 κατὰ
1683 1484 1781 1555 τὴν

222 1572 549 1643 κατηγορίαν,
589 1572 984 1644 κεκοινώνηκεν
1007 1575 1174 1645 αὐτῷ,
1207 1577 1301 1628 καὶ
1324 1575 1591 1646 πρεσϐύτε
1600 1593 1692 1648 ρος
1714 1572 1781 1645 ἦν

222 1660 299 1712 ὕπ’
325 1661 475 1714 αὑτὸν
531 1662 623 1715 τὸν
651 1662 878 1719 Παῦλον.
928 1663 1039 1716 Καὶ
1083 1665 1253 1734 ὅμως,
1300 1663 1486 1733 ἐπειδὴ
1522 1664 1780 1727 Εὐσέϐιος

154 1830 157 1831 ν
221 1754 581 1826 ἐπωφθαλμία,
612 1754 781 1808 θέλων
814 1756 1059 1826 ἁρπάσαι
1092 1756 1191 1827 τὴν
1218 1756 1519 1826 ἐπισκοπὴν
1550 1758 1648 1825 τῆς
1682 1757 1780 1808 πό-

1886 586 2101 645 garunt,
2126 590 2301 643 neque
2334 574 2525 642 puduit
2551 590 2645 629 eos
2669 590 2735 630 ex
2760 578 2982 648 scriptis
3008 581 3122 636 suis
3161 579 3465 651 impietatis

1885 666 2051 719 fuisse
2076 665 2359 718 convictos
2392 683 2404 718 :
2438 666 2532 719 sed
2573 667 2834 722 audacius
2865 670 3124 724 adversus
3152 686 3346 726 omnes
3370 672 3457 726 in-

1883 765 2258 810 surrexerunt.
2320 756 2455 809 Nam
2526 759 2669 826 apud
2729 759 3112 828 imperatorem
3176 765 3465 818 mulierum

1884 850 2350 903 commendatione
2405 850 2698 918 plurimum
2758 853 3051 921 valebant,
3100 858 3470 927 omnibusque

1883 940 2156 994 formidini
2185 951 2363 993 erant.

1954 1032 2003 1083 7.
2038 1030 2187 1095 Quod
2250 1030 2472 1083 Paulum
2528 1047 2660 1086 vero
2706 1044 2915 1102 spectat
2959 1035 3465 1108 Constantinopolis

1882 1121 2216 1188 episcopum,
2265 1121 2534 1175 neminem
2572 1124 2819 1191 ignorare
2859 1128 3114 1195 arbitror,
3147 1132 3272 1199 'quo
3313 1131 3461 1187 enim

1882 1211 2079 1264 clarior
2115 1212 2263 1273 urbs,
2295 1224 2359 1262 eo
2396 1210 2574 1265 minus
2618 1214 2863 1268 obscura:
2903 1214 3109 1270 fuerint
3147 1233 3235 1272 res
3267 1218 3337 1273 ibi
3372 1233 3468 1289 ge-

1883 1312 2000 1355 stae.
2033 1301 2217 1370 Itaque
2254 1302 2517 1354 adversus
2553 1303 2695 1357 hunc
2720 1306 2882 1358 etiam
2925 1322 3118 1361 causas
3165 1310 3463 1365 commenti

1882 1404 2026 1447 sunt.
2092 1394 2301 1447 Etenim
2350 1390 2719 1458 Macedonius,
2763 1398 2853 1466 qui
2909 1399 3063 1453 nobis
3106 1400 3467 1469 praesentibus

1881 1500 2003 1540 eum
2058 1487 2359 1549 accusavit,
2408 1486 2610 1555 quique
2671 1484 2781 1551 jam
2838 1488 3121 1558 episcopus
3186 1491 3303 1559 ejus
3342 1490 3463 1545 loco

1882 1586 2098 1629 creatus
2139 1587 2240 1641 est,
2298 1594 2418 1632 eum
2474 1594 2541 1633 eo
2581 1579 3001 1632 communicavit
3046 1590 3100 1634 et
3135 1582 3235 1634 sub
3269 1582 3460 1635 eodem

1882 1664 2046 1719 Paulo
2074 1665 2353 1737 presbyter
2384 1668 2502 1721 fuit.
2536 1669 2812 1731 Attamen,
2842 1684 2961 1721 cum
2995 1669 3280 1725 Eusebium
3320 1671 3463 1725 illius

1886 1756 2032 1808 urbis
2074 1756 2414 1825 episcopatus
2467 1757 2759 1811 invadendi
2794 1757 2887 1827 (ita
2936 1760 3079 1812 enim
3119 1760 3229 1827 jam
3266 1761 3463 1831 Beryto

223 1844 340 1906 λεως
373 1822 529 1914 (οὕτω
562 1845 672 1917 γάρ
704 1847 798 1899 καὶ
840 1822 949 1898 ἀπὸ
1003 1822 1249 1916 Βηρυτοῦ
1287 1848 1367 1909 εἰς
1405 1822 1504 1915 τὴν
1534 1822 1775 1917 Νικομή-

1887 1846 2253 1899 Nicomediam
2320 1863 2377 1901 se
2413 1850 2789 1920 transtulerat)
2844 1842 3038 1917 cupido
3104 1851 3457 1917 incessisset;

218 1934 346 1987 δειαν
392 1936 698 2007 μετῆλθεν),
736 1936 947 2006 ἔμεινεν
1004 1939 1036 2007 ὴ
1070 1938 1341 2007 πρόφασις
1373 1938 1512 1991 κατά
1548 1940 1778 2004 Παύλου,

218 2024 299 2077 καὶ
336 2027 432 2079 οὐκ
462 2027 745 2097 ἠμέλησαν
785 2027 884 2097 τῆς
919 2026 1231 2097 ἐπιϐουλῆς,
1259 2028 1374 2079 ἀλλ’
1410 2027 1630 2097 ἔμειναν
1663 2028 1781 2081 δια-

218 2115 501 2181 ὗάλλοντες.
549 2120 666 2171 Καὶ
710 2118 768 2171 τὸ
803 2120 899 2188 μὲν
934 2118 1147 2187 πρῶτον
1195 2121 1273 2181 είς
1316 2120 1405 2171 τὸν
1451 2104 1647 2173 Πόντον
1699 2120 1783 2184 ἐξ·

214 2208 405 2278 ωρίσθη
436 2210 590 2282 παρὰ
619 2210 996 2262 Κωνσταντίου
1025 2209 1133 2279 (ιϐ)
1156 2227 1168 2239 ·
1199 2210 1260 2262 τὸ
1280 2210 1333 2262 δέ
1354 2210 1601 2279 δεύτερον
1631 2210 1781 2279 παρὰ

214 2300 595 2365 Κωνσταντίου,
636 2301 809 2364 δεθεὶς
855 2300 1076 2353 ἁλύσεσι
1113 2300 1378 2371 σιδηραῖς,
1415 2303 1493 2362 εἰς
1540 2301 1781 2371 Σίγγαρα

212 2390 300 2460 τῆς
335 2393 763 2462 Μεσοποταμίας
806 2392 1101 2464 ἐξωρίσθη,
1156 2394 1250 2445 καὶ
1311 2392 1520 2445 ἐκεῖθεν
1564 2394 1643 2453 είς
1684 2391 1782 2461 τὴν

216 2482 429 2552 Ἔμισαν
473 2483 801 2553 μετηνέχθη,
843 2486 935 2537 καὶ
981 2484 1041 2536 τὸ
1072 2484 1329 2554 τέταρτον
1359 2485 1437 2545 εἰς
1475 2481 1781 2535 Κούκουσον

210 2570 295 2641 τῆς
327 2574 723 2638 Καππαδοκίας
766 2577 893 2645 περὶ
927 2575 992 2626 τά
1035 2575 1213 2645 ἔρημα
1243 2575 1335 2627 τοῦ
1373 2575 1587 2645 Ταύρου
1612 2591 1623 2602 ·
1657 2574 1781 2628 ἔνθα

210 2662 291 2712 καὶ
318 2663 388 2725 ὡς
414 2666 461 2716 οί
489 2665 743 2726 συνόντες
776 2664 1136 2734 ἀπήγγειλαν,
1170 2664 1496 2730 ἀποπνιγεὶς
1530 2664 1656 2733 παρ’
1688 2665 1784 2715 αύ-

208 2754 320 2816 τῶν,
339 2757 679 2826 ἐτελεύτησε.
705 2756 872 2809 Τοῦτο
901 2758 1083 2827 μέντοι
1112 2757 1429 2827 δράσαντες.
1462 2756 1559 2807 οὐκ
1586 2756 1782 2825 ᾐσχύν-

208 2840 363 2911 θησαν
394 2848 484 2899 καὶ
523 2846 667 2917 μετά
695 2845 942 2907 θάνατον,
967 2848 1013 2898 οί
1048 2846 1214 2915 μηδὲν
1240 2845 1614 2915 ἀληθεύοντες,
1649 2845 1782 2897 πλά-

207 2934 381 2988 σασθαι
411 2936 577 2989 πάλιν
609 2937 900 3005 πρόφασιν,
927 2936 1001 2998 ὡς
1030 2936 1139 2989 ἀπὸ
1172 2935 1328 2988 νόσου
1358 2935 1782 3005 τελευτήσαντος

204 3024 373 3089 αὐτοῦ,
406 3027 589 3079 καίτοι
616 3024 773 3078 τοῦτο
804 3024 1181 3092 γινωσκόντων
1209 3024 1432 3077 πάντων
1462 3024 1569 3076 τῶν
1601 3042 1783 3078 κατοι-

1888 1939 1974 1991 illa
2022 1940 2074 1991 in
2115 1938 2337 1991 Paulum
2386 1942 2662 1994 accusatio
2700 1942 3035 2009 perduravit,
3090 1958 3188 1996 nec
3220 1943 3295 1997 illi
3329 1944 3460 1999 insi-

1885 2029 2001 2081 dias
2026 2044 2153 2082 suas
2193 2030 2503 2097 neglexere,
2533 2032 2624 2084 sed
2662 2031 2712 2084 in
2745 2030 3029 2083 calumniis
3062 2032 3175 2087 suis
3198 2034 3457 2101 perstite-

1886 2124 1961 2172 re.
2004 2118 2070 2171 Et
2097 2120 2268 2185 primo
2299 2122 2514 2189 quidem
2542 2120 2737 2175 Paulus
2784 2136 2814 2174 a
2859 2121 3212 2176 Constantino
3240 2123 3294 2176 in
3326 2123 3460 2178 Pono

1886 2218 1994 2261 tum
2030 2210 2298 2278 relegatus
2322 2221 2404 2263 est
2433 2227 2446 2264 :
2478 2212 2714 2263 secundo
2746 2219 2921 2264 autem
2942 2227 2971 2265 a
2996 2210 3315 2267 Constantio
3345 2213 3456 2268 fer-

1887 2301 1988 2353 reis
2020 2302 2226 2355 catenis
2260 2302 2496 2367 vinctus,
2528 2302 2773 2372 Singaris
2812 2301 3209 2371 Mesopotamiae
3235 2306 3457 2358 exSuIa-

1885 2392 1957 2443 vit
1987 2410 2001 2446 :
2038 2393 2183 2445 illinc
2216 2404 2399 2461 postea
2432 2394 2677 2447 Etuesam
2700 2393 2989 2447 translatus
3018 2412 3030 2447 :
3060 2406 3254 2460 quarto
3279 2395 3457 2450 Cucu-

1884 2497 2000 2534 sum
2036 2481 2406 2551 Cappadorize,
2444 2483 2509 2537 ad
2538 2485 2749 2538 deserta
2788 2483 2973 2547 Tauri,
2996 2495 3049 2539 et
3081 2486 3260 2550 isthic,
3285 2496 3343 2539 ut
3366 2501 3456 2541 re-

1887 2574 2201 2627 nuntiarunt
2227 2575 2317 2643 qui
2349 2590 2471 2628 cum
2504 2591 2569 2629 eo
2597 2584 2775 2638 erant,
2816 2577 2883 2629 ab
2911 2576 3041 2645 ipsis
3063 2578 3456 2647 strangulatus,

1884 2664 2037 2719 obiit.
2066 2664 2163 2717 llis
2207 2667 2278 2718 ita
2322 2667 2503 2736 gestis.
2550 2667 2679 2720 nihil
2722 2667 2876 2721 veriti
2920 2679 3065 2733 sunt,
3103 2669 3351 2724 homines
3382 2670 3459 2725 illi

1884 2753 1936 2806 in
1971 2754 2116 2806 nullo
2149 2770 2387 2818 veraces,
2417 2763 2535 2824 post
2569 2766 2792 2808 mortem
2821 2756 2936 2823 ejus
2972 2756 3107 2811 falso
3142 2773 3205 2811 ac
3235 2759 3460 2815 subdole

1885 2844 2227 2913 pervulgare,
2285 2847 2431 2899 illunt
2488 2846 2680 2900 morbo
2733 2849 3059 2902 exstinctum
3092 2848 3278 2912 fuisse,
3334 2850 3460 2906 licet

1885 2951 1969 2989 res
1994 2937 2244 2988 onmilms
2274 2936 2364 3003 qui
2399 2952 2518 2987 eum
2551 2935 2726 2989 locum
2776 2936 3015 2990 int-olunt
3052 2950 3327 3007 comperta
3365 2943 3457 2994 sit.

1883 3026 2095 3081 Etenim
2140 3024 2446 3094 Philagrius
2483 3024 2574 3094 qui
2616 3035 2744 3078 tunc
2781 3026 3041 3095 temporis
3083 3042 3272 3081 eorum
3308 3029 3459 3084 Ioco~

204 3115 424 3169 κούντων
466 3119 560 3171 τὸν
591 3116 754 3170 τόπον
788 3118 1012 3169 ἐκεῖνον.
1048 3117 1158 3169 Καὶ
1190 3115 1298 3187 γάρ
1338 3116 1430 3168 καὶ
1462 3116 1775 3187 Φιλάγριος,

1887 3132 2000 3169 rmn
2038 3115 2273 3169 vicarius
2292 3124 2431 3174 erat.
2468 3125 2522 3168 et
2550 3114 2787 3167 omnium
2834 3114 3158 3181 fabularum,
3191 3118 3457 3174 arbitratu

204 3205 431 3279 βικάριος
459 3208 538 3264 ὢν
577 3209 698 3262 τότε
728 3208 835 3261 τῶν
864 3208 1044 3261 τόπων
1077 3208 1318 3273 ἐκείνων,
1363 3209 1458 3262 καὶ
1488 3209 1667 3261 πάντα
1704 3208 1774 3262 τὰ

202 3297 408 3353 ἐκείνων
441 3286 872 3372 ὑποκρινόμενος
921 3299 996 3362 ὡς
1038 3298 1104 3353 ἂν
1137 3300 1295 3353 αὐτοὶ
1343 3300 1592 3364 θέλωσιν,
1623 3302 1776 3372 ὅμως

202 3388 285 3441 ἐπὶ
321 3392 494 3463 τούτῳ
522 3390 841 3461 θαυμάζων,
868 3391 963 3442 καὶ
991 3390 1252 3461 λυπηθεὶς
1288 3391 1438 3453 ἴσως,
1471 3393 1553 3444 ὃτι
1586 3392 1662 3463 μὴ
1688 3391 1783 3444 αύ-

200 3479 303 3544 τδς.
334 3482 446 3536 ἀλλ’
481 3485 671 3553 ἕτερος
709 3482 1006 3553 εἰργάσατο
1025 3482 1087 3536 τὸ
1114 3482 1303 3547 κακὸν,
1328 3482 1627 3554 ἀπήγγειλε
1655 3483 1784 3536 πολ-

199 3570 299 3636 λοίς
324 3591 380 3627 τε
408 3576 596 3639 ἄλλοις
626 3574 721 3627 καὶ
748 3574 1044 3645 γνωρίμοις
1070 3574 1247 3645 ἡμῶν,
1281 3576 1374 3628 καὶ
1396 3575 1472 3645 τῷ
1499 3576 1782 3646 ἐπισκόπῳ

200 3662 518 3734 Σεραπίωνι.
553 3666 631 3730 ὡς
663 3664 873 3728 Παῦλος
908 3665 1287 3730 ἀποκλεισθεὶς
1303 3665 1432 3737 παρ’
1455 3666 1677 3719 ἐκείνων
1705 3668 1783 3730 εἰς

196 3754 348 3809 τόπον
388 3757 516 3811 τινά
568 3757 905 3829 βραχύτατον
952 3758 1045 3809 καὶ
1097 3756 1389 3819 σκοτεινὸν,
1441 3755 1636 3826 ἀφείθη
1671 3756 1782 3825 (47)

196 3844 329 3917 λιμῷ
350 3848 737 3919 διαφθαρῆναι·
763 3843 881 3901 εἶτα
906 3848 1022 3919 μεθ’
1057 3849 1271 3921 ἡμέρας
1301 3848 1379 3913 ἓξ,
1406 3848 1481 3911 ὡς
1511 3848 1781 3901 εἰσελθόν-

194 3954 278 4002 τες
305 3932 465 4012 εὗρον
499 3941 670 3994 αὑτὸν
702 3941 785 3993 ἔτι
816 3940 1065 4002 πνέοντα,
1092 3940 1277 3993 λοιπὸν
1316 3939 1634 4003 ἐπελθόντες
1681 3941 1785 3993 ἀπ-

196 4026 412 4096 έπνιξαν
444 4033 543 4085 τὸν
570 4032 856 4102 ἄνθρωπον
876 4048 889 4061 ·
928 4031 1021 4083 καὶ
1052 4030 1193 4083 οὕτω
1224 4032 1373 4093 τέλος
1388 4030 1511 4101 ἔσχε
1538 4031 1631 4083 τοῦ
1664 4030 1777 4101 βίου

191 4119 392 4174 τούτου.
426 4120 539 4174 Τοῦ
570 4121 626 4173 δὲ
667 4120 908 4173 τοιούτου
941 4120 1167 4173 θανάτου
1200 4120 1446 4173 διάκονον
1480 4120 1662 4187 ἔλεγον
1697 4137 1784 4187 γε·

191 4212 446 4281 γενῆσθαι
472 4213 742 4266 Φίλιππον
768 4212 856 4264 τὸν
882 4213 1170 4282 γενόμενον
1194 4211 1449 4281 ἔπαρχον.
1499 4210 1637 4262 Ἀλλ’
1661 4210 1782 4262 ούδέ

186 4302 338 4357 τοῦτο
360 4304 476 4377 (48)
508 4305 767 4377 παρεῖδεν
800 4305 832 4375 ή
862 4303 980 4356 θεία
1014 4303 1136 4373 δίκη
1156 4320 1168 4332 ·
1207 4302 1327 4355 οὐδὲ
1363 4301 1470 4372 γὰρ
1500 4300 1783 4373 παρῆλθεν

1882 3222 2093 3270 eormn,
2138 3206 2351 3269 histrio,
2396 3221 2515 3258 cum
2557 3213 2736 3258 tamen
2785 3204 2907 3261 ideo
2953 3206 3185 3261 fortasse
3233 3218 3457 3279 stupore

1882 3297 2161 3367 perculsus
2191 3311 2255 3351 ac
2288 3304 2513 3349 mmstus
2542 3303 2708 3358 esset,
2740 3296 2881 3363 quod
2912 3308 3015 3350 non
3052 3296 3168 3366 ipse
3202 3298 3295 3352 sed
3320 3298 3459 3354 alius

1884 3388 1936 3441 itl
1980 3387 2204 3442 sceleris
2252 3395 2640 3455 perpetrasset,
2687 3386 2986 3453 permultis,
3038 3400 3101 3441 ac
3132 3387 3457 3456 quibusdam

1881 3493 1945 3533 ex
1985 3478 2125 3532 notis
2150 3479 2370 3541 nostris,
2397 3477 2509 3531 imo
2532 3478 2631 3546 ipsi
2658 3477 2911 3548 episcopo
2945 3477 3229 3548 Serapioni
3257 3492 3460 3534 renun-

1884 3571 2035 3624 tiavit
2060 3569 2282 3623 Paulum
2320 3569 2388 3622 ab
2425 3568 2529 3622 illis
2564 3568 2616 3621 in
2655 3578 2881 3638 angusto
2905 3578 2959 3623 et
2992 3571 3279 3624 tenebroso
3316 3583 3456 3638 quo-

1882 3663 2005 3716 dam
2041 3662 2155 3717 loco
2204 3662 2467 3715 inclusum
2504 3661 2687 3725 fuisse,
2729 3670 2785 3715 ttt
2820 3660 2963 3715 fame
3015 3661 3123 3715 illic
3164 3661 3455 3715 interiret:

1881 3754 2073 3807 deinde
2103 3764 2224 3823 post
2258 3765 2351 3806 sex
2381 3752 2517 3813 dies,
2546 3766 2668 3806 cum
2704 3767 2769 3806 eo
2812 3751 3063 3822 ingressi,
3097 3750 3245 3803 illmu
3282 3750 3458 3804 adhuc

1881 3845 2177 3914 Spirantem
2230 3832 2583 3909 invenissent,
2627 3844 2841 3897 demum
2881 3842 3151 3896 irruentes
3181 3840 3456 3895 hominem

1881 3935 2249 4005 strangulasse
2287 3952 2300 3988 :
2336 3934 2606 4003 talemque
2630 3947 2821 3987 revera
2861 3932 3001 3986 illius
3028 3932 3234 3986 exitum
3268 3931 3455 3986 fuisse.

1880 4028 2029 4083 illius
2069 4038 2249 4082 autem
2304 4028 2611 4081 carnificem
2672 4025 2843 4079 fuisse
2886 4024 3104 4077 aiebant
3148 4021 3456 4092 Philippum

1882 4119 2006 4171 olim
2045 4118 2376 4186 praefectum.
2409 4119 2475 4170 At
2506 4120 2608 4171 hoc
2651 4116 2859 4169 facinus
2899 4114 3075 4168 divina
3108 4113 3340 4166 vindicta
3371 4112 3457 4166 in-

1884 4210 2052 4263 ultum
2082 4225 2184 4261 non
2219 4210 2517 4275 prmterivit
2542 4226 2556 4273 ;
2584 4222 2725 4261 anno
2753 4207 2950 4276 quippe
2986 4205 3219 4259 nondum
3248 4203 3454 4271 elapso,

1885 4316 2005 4354 cum
2038 4300 2208 4354 multo
2244 4300 2505 4353 dedecore
2533 4298 2815 4368 Philippus
2848 4312 2875 4349 a
2924 4295 3244 4365 praefectura
3268 4295 3455 4349 detur-

254 4525 365 4597 (ιὸ)
396 4525 459 4597 ln
494 4527 606 4581 hoc
647 4526 764 4579 loco
791 4523 1134 4593 explanando
1165 4522 1498 4597 desudat-unt
1535 4520 1637 4597 viri
1677 4522 1769 4576 do-
1803 4522 1850 4582 D
1877 4520 2226 4597 subsecutum
2250 4528 2384 4597 _est,_
2418 4519 2650 4597 primum
2706 4518 2775 4571 ibi
2802 4527 3064 4597 memorat
3103 4517 3449 4597 Athanasius.

189 4591 358 4649 ctrina
382 4596 755 4657 celeberrimi,
789 4591 1017 4661 quorum
1067 4591 1304 4646 nonnulli
1338 4591 1525 4661 vitium
1556 4591 1607 4642 in
1642 4606 1773 4643 con-

190 4673 332 4735 textu
362 4667 630 4735 suspicati
671 4660 819 4727 sunt,
853 4664 945 4717 sed
969 4664 1236 4735 itnme_rito
1264 4676 1421 4715 :natn
1456 4660 1763 4735 locusbene

186 4734 367 4799 habet,
398 4730 534 4791 du'm
569 4746 711 4789 recte
739 4736 1074 4801 explanetur.
1120 4733 1279 4794 Ecce,
1313 4740 1500 4801 nostro
1544 4730 1760 4801 quidem

180 4798 404 4871 judicio,
452 4821 642 4859 veram
670 4798 947 4857 Athanasii
994 4801 1340 4855 sententiam.
1380 4799 1491 4863 Ait,
1521 4813 1549 4851 a
1587 4798 1763 4854 Mace-

182 4873 347 4928 donio
384 4876 631 4928 delatum
682 4876 846 4927 fuisse
883 4871 1127 4930 Paulum.
1176 4886 1234 4924 se
1264 4880 1550 4938 praesente,
1606 4870 1764 4938 idest

182 4957 323 4998 anno
345 4945 480 5008 538,
514 4960 637 4999 cum
665 4944 733 4997 ab
765 4942 955 4996 exsilio
980 4948 1249 4994 revertens
1266 4937 1593 4993 Athanasius
1622 4937 1765 4993 Con-

182 5015 545 5082 stantinopoli
588 5013 942 5082 pertransiret
988 5029 1019 5082 :_
1043 5013 1133 5082 sed
1176 5011 1522 5082 nihilominus
1578 5020 1763 5076 postea

182 5081 360 5151 ipsum
393 5079 775 5139 Macedonium
820 5097 940 5151 cum
990 5079 1161 5151 Paulo
1205 5079 1652 5151 communicasse,
1697 5092 1763 5151 ac

181 5146 281 5207 sub
305 5155 427 5222 ipso
452 5154 828 5224 presbyterum
860 5150 1039 5224 fuisse.
1072 5148 1264 5224 Verum
1301 5162 1422 5224 eum
1455 5146 1764 5224 Qonstanti-

183 5216 523 5292 nopolitariaa
560 5216 703 5276 sedis
750 5220 1065 5292 invadendm
1104 5218 1298 5292 cupido
1341 5216 1644 5292 EusebinmA
1674 5218 1760 5292 in-_

184 5283 468 5359 :es'sisset,
491 5292 911 5361 redintegratam
943 5288 1106 5361 fuisse
1130 5283 1580 5361 criminationem.
1606 5283 1761 5361 Quod

180 5372 363 5431 autem
387 5354 744 5431 subsequitur
777 5401 789 5412 .
810 5361 905 5431 καὶ
941 5360 1002 5411 τὸ
1041 5358 1138 5429 μὲν
1168 5355 1407 5431 πρῶτον,
1444 5364 1573 5416 etc..
1607 5354 1758 5421 illud,

180 5430 432 5500 inquam,
471 5429 592 5485 non
618 5431 789 5485 innuit
832 5430 1059 5500 primum
1085 5429 1331 5500 exsilium
1359 5429 1428 5479 ob
1455 5440 1629 5500 supra
1650 5439 1762 5477 nte-

180 5494 459 5555 moratam
489 5501 785 5555 Macedonii
816 5494 1211 5554 accusationem
1238 5498 1529 5565 irrogatum
1558 5494 1755 5565 fuisse:

180 5575 470 5645 accusatio
504 5572 702 5640 quippe
735 5569 821 5624 illa
843 5578 969 5645 post
990 5576 1216 5622 mortem
1250 5563 1583 5645 Constantini
1617 5563 1759 5645 facta

181 5640 317 5705 fuit;
351 5657 486 5703 cum
519 5635 717 5705 tatnén,
753 5648 810 5693 ut
843 5635 928 5693 hic
958 5647 1264 5699 enarratur,
1292 5636 1467 5705 primo
1500 5635 1762 5687 exsularit

181 5709 388 5765 Paulus
432 5718 679 5778 tempore
713 5709 1049 5765 Constantini
1095 5705 1448 5778 MaguiHSed
1473 5705 1761 5778 occasione

180 5781 415 5837 secundi
455 5774 639 5836 exsilii
675 5782 814 5849 quod
856 5780 996 5834 illam
1039 5774 1334 5833 Macedonii
1362 5774 1759 5832 accusationem

1878 4589 1940 4643 Et
1960 4604 2089 4641 sane
2119 4604 2221 4641 non
2250 4589 2485 4641 insolens
2512 4588 2637 4641 illud
2676 4598 2757 4641 est
2798 4590 2935 4653 apud
2967 4588 3343 4650 Athanasium,
3371 4591 3454 4642 sic

1872 4662 2028 4726 paulo
2057 4657 2190 4711 infra
2214 4678 2225 4712 :
2247 4657 2538 4728 Ὀλύμπιον
2566 4656 2621 4709 δὲ
2642 4656 2869 4728 τὸνλὰπὸ
2895 4657 3087 4719 Δίνων,
3112 4657 3205 4710 καὶ
3229 4657 3454 4711 Θεόδου-

1865 4727 1953 4780 λον
1984 4728 2077 4781 τὸν
2113 4728 2220 4781 ἀπὸ
2252 4729 2351 4799 τῆς
2378 4726 2920 4799 ίΤραῖανουπόλεωςη
2944 4766 2957 4779 .
2983 4766 2995 4778 .
3015 4728 3238 4799 ,ἐπειδὴ
3280 4729 3452 4798 ἐωρά-

1865 4814 1994 4851 κασι
2030 4796 2319 4865 μισοῦντας
2345 4796 2695 4867 τὴναῐρεσιν,
2728 4796 2969 4867 διέϐαλον
2992 4798 3066 4867 τὸ
3100 4796 3315 4866 πρῶτον
3351 4796 3451 4867 μὲν

1864 4870 1913 4919 οἱ
1953 4866 2406 4952 περὶβύσιέϐιον,
2448 4866 2541 4952 καῖ
2593 4866 2813 4952 ’ἔγραφε
2861 4866 3113 4946 βασιλεὺς
3160 4866 3453 4952 Ιὲωνστίάν-

1863 4954 1979 5000 τιος
2004 4934 2039 4967 ’⁷
2060 4939 2118 4991 τὸ
2146 4937 2395 5009 δεύτερον
2424 4937 2536 5001 καί,
2557 4934 3000 5005 θιο.’019ηιρὶιιηι
3023 4952 3140 4990 vero
3160 4934 3452 5000 IEnorum,

1868 5005 2293 5075 Theodulumque
2338 5006 2873 5075 Trajanonolilauum
2924 5046 2938 5059 .
2965 5044 2980 5059 .
3007 5046 3020 5060 .
3042 5046 3054 5059 .
3101 5021 3218 5058 cum
3260 5007 3453 5061 Iurresi

1866 5077 2099 5145 infensos
2138 5086 2427 5137 cernerent,
2475 5075 2787 5129 calumniati
2834 5086 2978 5142 sunt,
3027 5078 3196 5145 primo
3242 5076 3452 5145 quidem

1866 5143 2123 5216 Eusebius
2154 5162 2270 5197 cum
2303 5148 2433 5210 suis,
2472 5145 2777 5216 litterasque
2817 5148 2960 5199 dedit
3001 5143 3284 5216 imperator
3313 5144 3454 5207 Con-

1865 5215 2376 5284 stantius:secundo
2411 5226 2610 5280 autem,
2644 5214 2753 5271 etc.
2798 5217 2870 5269 lhi
2912 5226 3058 5284 patet
3085 5214 3320 5284 priorem
3355 5226 3437 5262 ca-

1866 5283 2122 5336 lumniam
2156 5299 2256 5337 non
2294 5284 2359 5338 ad
2386 5287 2583 5339 seriem
2613 5288 2850 5340 historiae
2889 5280 3162 5353 pertinere.
3182 5321 3197 5344 ,
3222 5280 3446 5353 sed_oc-

1864 5368 1926 5405 ca
1944 5354 2083 5406 ‘iune
2110 5356 2359 5409 secundm
2383 5358 2669 5411 memorari
2698 5373 2712 5409 :
2752 5349 2905 5423 quod
2924 5356 3049 5406 item
3075 5353 3140 5403 de
3168 5349 3449 5418 superiore

1867 5423 1987 5477 loco
2021 5424 2329 5478 tlicentlttnt.

1936 5494 2047 5562 (46)
2078 5493 2167 5548 Sic
2193 5495 2323 5563 lteg.
2364 5495 2500 5548 Etliti
2535 5507 2683 5557 vero,
2722 5491 2827 5563 ὑπὸ
2858 5484 3444 5563 Κωκισεαντίνου.μ1ςιιχ

1862 5556 2000 5632 Reg.
2032 5556 2113 5627 είς
2139 5556 2411 5635 Σίγγειραζ
2430 5564 2565 5635 Editi
2601 5564 2682 5635 ei;
2721 5561 2975 5631 Σίγγερα.
3005 5558 3165 5613 Basil.
3192 5560 3272 5624 είς
3301 5556 3445 5628 Σύγ-

1860 5628 2024 5705 γαρα.
2061 5635 2177 5705 illex
2361 5628 2478 5705 glxa
2492 5631 2734 5705 ἐκεῖθεν.

1905 5699 2049 5772 ,(47)
2077 5704 2168 5757 Sic
2204 5699 2333 5770 lteg.
2364 5702 2501 5772 Editi
2526 5699 2788 5772 ἀφείσθη.

1934 5767 2047 5844 (48)
2081 5774 2171 5828 Sic
2195 5767 2324 5840 Reg.
2366 5769 2503 5825 Editi
2529 5767 2738 5823 τοῦτον.
