3980 6516
236 394 345 454 7οΰ

1181 383 1508 441 HISTORIA
1544 380 1957 442 ARIANORUM
1994 380 2085 440 AD
2123 382 2514 441 MONACIIOS.

3359 387 3463 441 706

238 506 328 561 καὶ
361 506 594 577 μένομεν
619 503 830 575 ἔρημοι.
861 498 967 564 Οὓς
993 499 1101 571 γὰρ
1127 499 1482 570 ἐϐιασάμεθα,
1504 501 1706 554 τούτων
1726 502 1807 567 ἐξ-

1913 500 2229 570 linquimur,
2278 502 2581 568 desertique
2640 517 2939 567 manemus.
2989 501 3062 558 lis
3122 501 3287 567 enim,
3337 516 3472 570 quos

236 597 578 670 ορισθέντων,
599 595 819 657 τούτους
835 592 1217 655 ἐπανελθόντες
1243 591 1465 645 ἔπεισαν
1488 592 1649 645 πάλιν
1676 611 1809 663 φρο-

238 691 342 746 νεῖν
369 688 491 742 καθ’
522 688 699 760 ἡμῶν.
725 686 937 757 Γράψον
963 682 1055 740 οὖν
1099 683 1240 738 κατά
1272 685 1511 747 πάντων,
1547 686 1640 737 καὶ
1667 685 1809 755 πέμ-

237 782 331 851 ψον
350 780 636 851 Φιλάγριον
667 778 912 850 δεύτερον
945 777 1178 851 ἔπαρχον
1221 777 1321 848 τῆς
1364 776 1671 846 Αἰγύπτουο
1707 778 1808 829 αύ-

237 874 323 936 τὸς
358 872 467 943 γὰρ
494 870 812 942 ἐπιτηδείως
839 868 1056 923 δύναται
1084 867 1318 933 διώκειν,
1343 870 1441 940 ἤδη
1474 869 1570 939 μὲν
1602 872 1669 941 τῇ
1691 870 1810 921 πεί-

243 981 306 1036 ρᾳ
335 963 532 1027 δείξας,
560 962 790 1033 μάλιστα
819 960 876 1014 δὲ
906 960 999 1014 καὶ
1026 958 1348 1030 παραϐάτης
1376 960 1472 1014 ὢν.
1508 960 1728 1031 Πέμψον
1753 959 1808 1012 δὲ

237 1056 327 1110 καὶ
347 1055 388 1108 Γ
394 1054 649 1126 ρηγόριον
677 1053 970 1107 ἐπίσκοπον
1010 1054 1089 1114 εἰς
1128 1051 1531 1123 Ἀλεξάνδρειαν
1551 1070 1563 1082 ·
1595 1052 1691 1106 καὶ
1716 1046 1807 1106 οὗ-

239 1165 325 1214 τος
346 1148 456 1219 γάρ
485 1146 705 1201 δύναται
740 1144 1001 1216 συστῆσαι
1038 1144 1135 1215 τὴν
1165 1144 1438 1216 ἡμετέραν
1469 1145 1699 1217 αἵρεσιν.

304 1386 389 1467 i0.
421 1410 628 1482 Γράφει
661 1408 840 1461 τοίνυν
884 1408 1004 1460 τότε
1044 1407 1436 1473 Κωνστάντιος,
1485 1408 1695 1471 πάντας
1750 1408 1807 1461 δὲ

237 1504 436 1569 διώκει,
480 1508 573 1554 καί⁵
604 1501 809 1571 πέμπει
849 1500 1134 1571 Φιλάγριον
1169 1499 1426 1570 ἔπαρχον,
1474 1500 1569 1553 καὶ
1613 1501 1808 1572 ’Δρσά-

237 1598 348 1650 κιόν
375 1614 496 1649 τινα
531 1594 785 1665 εὐνοῦχον
808 1610 821 1624 ο
869 1593 1075 1663 πέμπει
1107 1593 1164 1645 δὲ
1197 1595 1291 1646 καὶ
1328 1594 1624 1665 Γρηγόριον
1671 1593 1808 1663 μετὰ

238 1688 630 1761 στρατιωτικῆς
664 1686 928 1752 ἐξουσίας.
956 1685 1065 1738 Kal.
1088 1686 1309 1738 τοιαῦτα
1334 1686 1574 1753 γέγονεν,
1604 1680 1690 1738 οἷα
1715 1686 1808 1738 καὶ

238 1782 499 1853 πρότερον
532 1780 668 1851 (54).
711 1779 1113 1846 Συναγαγόντες
1147 1778 1255 1849 γάρ
1296 1778 1495 1848 πλῆθος
1537 1778 1806 1847 βουκόλων

1913 590 2061 661 (post
2090 591 2303 662 fugatos
2329 594 2380 645 in
2417 591 2771 661 exsiliumque
2798 593 2993 648 missos
3015 594 3297 661 episcopos
3328 591 3469 663 illos)

1908 681 1973 734 ad
2008 692 2223 737 nostras
2280 692 2463 752 partes
2506 681 2558 735 vi
2603 682 2986 750 pertraximus,
3038 680 3236 737 reversi
3290 679 3367 734 illi
3403 681 3473 734 ab

1907 773 2118 837 exsilio,
2170 783 2553 841 persuaserunt
2600 782 2659 827 ut
2719 774 3000 828 adversum
3043 789 3140 827 nos
3182 772 3470 828 sentirent.

1909 861 2144 917 Litteras
2186 864 2347 933 igitur
2374 864 2551 917 scribe
2576 867 2833 919 adversus
2869 879 3074 929 omnes,
3111 862 3471 932 Philagrium-

1908 970 2014 1022 que
2054 957 2288 1010 secundo
2336 955 2547 1026 Εεγριὶ
2574 954 2888 1024 praefectum
2926 955 3144 1017 mittito,
3193 956 3281 1022 qui
3332 963 3472 1006 stre-

1908 1049 2204 1103 nuissimus
2242 1058 2325 1101 est
2361 1049 2411 1101 iu
2444 1051 2834 1116 persequendo,
2866 1056 2923 1101 ut
2961 1047 3292 1117 experientia
3326 1063 3474 1102 com-

1907 1149 2121 1209 pertum
2148 1147 2250 1204 est,
2288 1152 2410 1189 cum
2454 1137 2686 1191 maxime
2714 1138 2784 1191 sit
2826 1148 3091 1204 apostata.
3125 1138 3276 1191 Mitte
3307 1136 3469 1191 etiam

1908 1229 2227 1297 Gregorium
2259 1228 2641 1282 Alexandriam
2672 1230 3005 1297 episcopum,
3053 1231 3306 1283 idoneum
3341 1243 3471 1284 sane

1909 1322 2182 1377 hominem
2220 1320 2285 1373 ad
2321 1328 2556 1373 nostram
2583 1321 2956 1375 stabiliendum
2986 1323 3256 1377 haeresim.

1980 1413 2065 1466 10.
2095 1413 2264 1481 (Anxo
2298 1410 2447 1480 5M.)
2490 1410 2720 1466 Litteras
2758 1413 2934 1481 itaque
2982 1415 3170 1468 scribit
3213 1416 3471 1472 Constan-

1910 1506 2040 1570 tius,
2061 1524 2121 1559 ac
2150 1507 2201 1558 in
2226 1519 2415 1559 omnes
2446 1514 2619 1558 movet
2646 1505 3097 1574 persecutionem,
3122 1509 3473 1580 Philagrium-

1909 1612 2013 1664 que
2068 1599 2250 1659 mittit,
2290 1611 2411 1649 cum
2451 1596 2675 1649 Arsacio
2721 1600 2949 1664 quodam
3000 1601 3265 1654 eunucho.
3307 1602 3473 1657 Mittit

1911 1690 2038 1742 item
2069 1687 2389 1758 Gregorium
2420 1702 2543 1742 cum
2582 1686 2797 1740 militari
2842 1704 3007 1742 manu
3035 1708 3047 1743 :
3088 1707 3282 1761 resque
3309 1711 3471 1765 supe-

1910 1779 2143 1834 rioribus
2182 1779 2387 1833 similes
2417 1788 2580 1848 gestae
2620 1790 2775 1845 sunt;
2819 1790 3004 1834 coacta
3036 1783 3233 1851 quippe
3265 1785 3336 1839 illi
3376 1789 3470 1841 bu-

237 1876 324 1928 καὶ
363 1873 656 1943 ποιμένων,
694 1871 866 1925 ἄλλων
905 1888 964 1922 τε
994 1870 1265 1941 ἀγοραίων
1288 1872 1381 1924 καὶ
1402 1870 1644 1938 ἀσελγῶν
1672 1889 1807 1924 νεω-

1916 1871 2215 1938 bulcorum,
2247 1872 2539 1941 opiliouum
2570 1913 2583 1936 ,
2630 1872 2854 1925 aliorum
2897 1872 3185 1929 forensium
3231 1894 3292 1933 ac
3322 1889 3475 1946 petu-

234 1966 422 2037 τέρων,
457 1963 596 2035 μετὰ
624 1962 791 2031 ξιφῶν
812 1964 903 2015 καὶ
929 1961 1196 2033 ῥοπάλων,
1216 1962 1448 2032 ἐπῆλθον
1474 1962 1808 2035 ἀθρόως(55)

235 2060 297 2127 τῇ
330 2055 599 2126 ἐκκλησίᾳ
630 2056 695 2124 τῇ
745 2052 1052 2124 καλουμένῃ
1095 2052 1357 2122 Κυρίνουο
1397 2052 1491 2105 καὶ
1540 2055 1666 2114 τοὺς
1711 2054 1809 2123 μὲν

236 2149 575 2209 ἀπέκτειναν,
610 2148 735 2207 τοὺς
759 2145 815 2197 δὲ
837 2146 1237 2211 κατεπάτησαν,
1270 2142 1455 2206 ἄλλους
1482 2162 1540 2197 τε
1577 2145 1810 2214 πληγαῖς

235 2240 646 2309 κατακόψαντες
688 2238 768 2301 εἰς
796 2237 1168 2308 δεσμωτήριον
1194 2236 1461 2297 ἐνέϐαλον,
1492 2238 1584 2290 καὶ
1617 2236 1807 2307 ἐξώρι-

235 2330 352 2394 Cor“
386 2330 589 2393 πολλάς
626 2346 685 2382 τε
719 2333 980 2398 γυναῖκας
1004 2328 1415 2399 κατασύροντες,
1440 2323 1617 2382 εἷλκον
1639 2331 1717 2392 εἰς
1749 2329 1810 2382 τὸ

235 2422 581 2491 δικαστήριον
603 2419 858 2490 δημοσίᾳ,
890 2420 984 2473 καὶ
1008 2419 1114 2472 τῶν
1136 2419 1336 2491 τριχῶν
1367 2420 1615 2483 ἐλκοντες
1649 2418 1807 2490 ὕϐρι-

236 2514 356 2579 ζον·
392 2512 589 2575 ἄλλους
626 2512 908 2583 ἐδήμευον,
939 2512 1111 2567 ἄλλων
1146 2513 1343 2582 ἄρτους
1383 2512 1707 2582 ἀφῃροῦντο,
1740 2510 1807 2564 δι’

235 2607 381 2660 οὐδὲν
419 2607 623 2677 ἕτερον,
652 2606 685 2675 ἢ
732 2605 818 2657 ἵνα
846 2608 958 2668 τοῖς
1007 2605 1300 2675 Ἀρειανοίς
1330 2604 1688 2675 προσθῶνται,
1716 2605 1810 2657 καὶ

237 2699 530 2771 Γρηγόριον
555 2698 809 2762 δέξωνται
841 2697 932 2750 τὸν
965 2697 1073 2750 ἀπὸ
1111 2696 1373 2767 βασιλέως
1416 2697 1805 2749 ἀποσταλέντα.

306 2874 391 2929 ii.
435 2872 747 2935 Ἀθανάσιος
777 2872 872 2942 μὲν
904 2868 1017 2935 οὖν,
1042 2872 1170 2942 πρὶν
1193 2870 1303 2941 (56)
1334 2871 1586 2939 γενέσθαι
1611 2870 1805 2935 ταῦτα,

237 2966 326 3018 καὶ
351 2965 512 3035 μόνον
543 2963 801 3027 ἀκούσας,
838 2963 1099 3016 ἔπλευσεν
1128 2964 1207 3025 είς
1238 2963 1338 3033 τὴν
1384 2961 1622 3034 Ῥώμην,
1654 2964 1809 3027 είδώς

236 3073 292 3109 τε
318 3057 409 3110 τὸν
442 3055 612 3126 θυμὸν
641 3055 750 3109 τῶν
790 3055 1099 3125 αἱρετικῶν,
1148 3055 1242 3109 καὶ
1275 3056 1379 3119 ἵνα,
1414 3056 1489 3119 ὡς
1525 3057 1739 3127 ἤρεσεν,
1771 3058 1804 3127 ἡ

238 3148 452 3212 σύνοδος
489 3148 746 3219 γένηται·
782 3150 810 3200 ό
860 3148 916 3200 δέ
954 3147 1168 3210 Ἰούλιος
1211 3149 1409 3218 γράφει
1460 3150 1552 3200 καὶ
1601 3149 1807 3219 πέμπει

235 3240 661 3312 πρεσϐυτέρους,
720 3240 982 3293 Ἐλπίδιον
1025 3240 1119 3295 καὶ
1166 3240 1462 3306 Φιλόξενον,
1492 3241 1678 3312 ὁρίσας
1711 3243 1804 3296 καὶ

234 3331 591 3402 προθεσμίαν,
628 3331 715 3384 ἵνα
766 3330 798 3401 ἢ
856 3329 1098 3396 ἔλθωσιν,
1155 3330 1188 3401 ἦ
1234 3330 1549 3398 γινώσκοιεν
1584 3334 1806 3395 ἑαυτοὺς

233 3421 508 3484 ὑπόπτους
537 3419 675 3474 εἶναι
700 3421 840 3474 κατὰ
870 3420 1065 3473 πάντα.
1116 3421 1250 3473 Ἀλλ’
1289 3424 1335 3475 οἱ
1361 3424 1488 3493 περὶ
1520 3424 1802 3489 Εὐσέϐιον,

229 3514 305 3579 ὡς
341 3516 500 3585 μόνον
533 3516 771 3586 ἤκουσαν
800 3514 1251 3586 ἐκκλησιαστικὴν
1273 3515 1490 3569 ἔσεσθαι
1512 3517 1711 3589 κρίσιν,
1747 3520 1806 3571 ἐν

231 3604 266 3681 ᾖ
306 3610 482 3682 κόμης
522 3612 583 3663 οὺ
629 3611 1050 3682 παραγίγνεται,
1098 3611 1157 3663 οὑ
1199 3610 1526 3681 στρατιῶται
1563 3610 1668 3681 πρὸ
1698 3610 1805 3663 τῶν

232 3701 431 3774 θυρῶν,
464 3704 526 3756 οὑ
560 3703 822 3775 βασιλικῷ
853 3704 1232 3775 προστάγματι
1261 3704 1328 3757 τὰ
1353 3703 1452 3773 τῆς
1480 3702 1694 3756 συνόδου
1722 3720 1808 3755 τε-

232 3793 469 3847 λειοῦται
519 3794 597 3865 (ἐν
622 3796 831 3859 τούτοις
881 3797 990 3868 γὰρ
1024 3798 1111 3851 ἀεὶ
1160 3795 1299 3850 κα.τά
1349 3795 1455 3849 τῶν
1496 3796 1806 3849 ἐπισκόπων

235 3884 484 3954 ἴσχυσαν,
517 3888 611 3939 καὶ
644 3888 770 3941 ἄνευ
808 3887 1011 3940 τούτων
1046 3888 1271 3950 ούδόλως
1301 3888 1528 3959 λαλῆσαι
1571 3887 1805 3959 θαρροῦ-

234 3993 375 4046 σιν),
414 3976 559 4029 οὕτω
602 3977 964 4051 κατέπτηξαν,
999 3979 1074 4042 ὡς
1109 3982 1233 4043 τοὺς
1272 3979 1370 4049 μὲν
1408 3979 1805 4050 πρεσϐυτέρους

233 4073 529 4141 κατασχεῖν
568 4072 661 4124 καὶ
699 4071 835 4141 μετὰ
866 4073 966 4144 τὴν
997 4073 1352 4145 προθεσμίαν,
1401 4074 1703 4127 πλάσασθαι
1748 4074 1805 4126 δὲ

234 4162 506 4233 πρόφασιν
530 4163 793 4233 ἀπρεπῆ,
827 4163 906 4215 ὅτι
955 4162 1030 4235 μὴ
1070 4162 1343 4233 δυνάμεθα
1384 4162 1477 4216 νῦν
1526 4162 1694 4215 ἐλθεῖν
1719 4162 1807 4215 διὰ

233 4256 359 4317 τοὺς
382 4254 536 4325 παρά
564 4253 789 4324 Περσῶν
823 4254 1173 4324 γιγνομένους
1216 4253 1499 4325 πολέμους.
1547 4253 1716 4306 Τοῦτο
1747 4254 1804 4306 δὲ

233 4346 332 4398 οὐκ
354 4341 423 4417 ἦν
440 4344 659 4416 ἀληθὲς,
679 4344 812 4398 ἀλλὰ
828 4345 990 4415 φόϐος
1010 4346 1102 4399 τοῦ
1126 4346 1439 4409 συνειδότος.
1466 4345 1528 4398 Τί
1560 4346 1668 4416 γὰρ
1700 4362 1807 4398 κοι-

233 4438 322 4493 νὸν
354 4439 591 4509 πόλεμος
625 4438 761 4509 πρὸς
787 4440 1143 4503 ὲπισκόπους;
1180 4439 1401 4492 Ἢδιατί
1432 4439 1506 4510 μὴ
1524 4439 1804 4509 δυνάμενοι

1911 1961 2137 2016 lantiunt
2169 1961 2426 2030 juvenum
2458 1962 2817 2028 multitudine,
2851 1980 2973 2019 cum
3004 1966 3193 2035 gladiis
3227 1980 3278 2023 et
3306 1970 3472 2027 clavis

1909 2052 1962 2106 in
2004 2053 2287 2108 ecclesiam
2334 2053 2517 2123 Cyriui
2558 2055 2758 2108 dictam
2809 2056 3051 2124 irrupere
3092 2076 3103 2110 :
3137 2059 3315 2129 ibique
3337 2062 3473 2117 alios

1908 2144 2244 2210 occiderunt,
2271 2144 2406 2198 alios
2429 2144 2655 2213 pedibus
2689 2146 2991 2210 calcaruut,
3029 2150 3162 2205 alios
3198 2151 3368 2222 plagis
3392 2157 3472 2206 lao-

1909 2232 2087 2288 niatos
2112 2235 2165 2287 in
2196 2248 2475 2288 carcerem
2524 2242 2799 2289 truseruut
2832 2236 2884 2289 in
2924 2239 3282 2311 exsiliumque
3306 2244 3468 2315 277

1911 2325 2270 2393 expulerunt;
2302 2326 2556 2380 mulieres
2590 2326 2848 2395 plurimas
2884 2332 3144 2386 abductas
3183 2334 3249 2387 ad
3294 2336 3465 2389 tribu-

1911 2414 1996 2467 nal
2046 2414 2217 2482 palam
2256 2425 2591 2482 pertraxere,
2622 2418 2964 2487 criuibusque
3009 2431 3246 2490 raptatas
3277 2434 3467 2480 contu-

1910 2506 2089 2559 meliis
2119 2505 2348 2561 all‘ecere
2387 2525 2402 2561 :
2438 2507 2570 2561 alios
2605 2512 2995 2579 proscripsere,
3047 2513 3271 2569 aliorum
3304 2533 3470 2586 panes

1911 2596 2183 2652 abstulere
2225 2616 2237 2651 :
2268 2598 2427 2667 idque
2461 2598 2602 2652 nulla
2645 2600 2748 2654 alia
2774 2603 2842 2656 de
2863 2618 3049 2667 causa,
3082 2622 3243 2674 quam
3285 2621 3343 2663 ut
3379 2627 3474 2665 eos

1910 2687 2127 2741 Arianis
2186 2689 2482 2755 adluerere,
2550 2689 2979 2761 Gregoriumque
3032 2698 3100 2751 ab
3153 2698 3475 2766 imperatore

1910 2780 2131 2833 missum
2158 2781 2397 2848 recipere
2431 2792 2701 2849 cogerent.

1984 2870 2067 2922 li.
2095 2869 2429 2931 Athanasius
2468 2886 2625 2938 porro
2663 2874 2745 2927 liis
2781 2875 3013 2928 nomium
3052 2878 3208 2942 actis,
3242 2880 3308 2933 ad
3359 2883 3473 2950 pri-

1910 2977 2055 3016 lium
2093 2963 2167 3016 rei
2200 2963 2436 3016 auditum
2477 2964 2703 3018 Romam
2741 2968 3043 3035 navigavit,
3082 2971 3221 3039 quod
3256 2972 3474 3029 haereti-

1912 3068 2096 3106 corum
2148 3053 2382 3107 furorem
2440 3055 2607 3122 probe
2665 3069 3002 3124 perspectum
3080 3061 3360 3117 haberet:
3413 3046 3473 3118 ut

1911 3145 2093 3208 etiam,
2129 3154 2287 3207 prout
2315 3154 2572 3197 statutum
2608 3145 2803 3209 fuerat,
2833 3150 3069 3217 synodus
3114 3152 3185 3206 ibi
3233 3154 3473 3209 celebra-

1914 3246 2083 3289 retur.
2132 3233 2301 3288 Julius
2352 3246 2529 3291 auteui
2579 3239 2917 3309 presbyteros
2954 3240 3214 3310 Elpidium
3262 3256 3316 3300 et
3349 3247 3475 3302 Phi-

1911 3328 2159 3383 loxenum
2188 3345 2307 3383 cum
2344 3329 2534 3385 litteris
2565 3333 2750 3393 mittit,
2782 3343 3097 3405 tempusque
3131 3338 3235 3393 illis
3264 3344 3473 3409 praesti-

1914 3423 2034 3486 tuit,
2073 3432 2127 3475 ut
2152 3422 2287 3476 intra
2333 3423 2464 3479 illud
2510 3427 2737 3481 Romam
2783 3445 2843 3484 se
2878 3431 3211 3501 conferrent,
3243 3446 3337 3491 aut
3366 3438 3475 3492 sci—

1912 3522 2031 3565 rent
2057 3528 2114 3565 se
2150 3513 2201 3567 iu
2235 3515 2484 3569 ouiuibus
2518 3530 2795 3586 suspectos
2828 3521 3037 3577 haberi.
3062 3524 3131 3578 At
3161 3526 3466 3596 Eusebiani,

1912 3602 2002 3655 ubi
2037 3604 2209 3656 solum
2261 3603 2501 3670 audiere,
2548 3608 2972 3665 ecclesiasticum
3012 3612 3124 3668 illic
3167 3615 3283 3669 fore
3320 3617 3469 3687 judi-

1910 3696 2072 3759 cium,
2106 3697 2194 3750 ubi
2230 3713 2327 3752 nec
2375 3714 2556 3755 comes
2598 3702 2825 3769 adesset,
2858 3721 2955 3759 nec
2996 3707 3194 3763 milites
3233 3724 3330 3778 pro
3380 3710 3467 3764 {0-

1914 3788 2060 3840 ribus
2087 3798 2329 3843 stantes:
2369 3790 2454 3843 ubi
2506 3806 2604 3845 nec
2650 3795 2835 3862 synodi
2879 3806 2997 3850 acta
3035 3813 3100 3851 ex
3134 3802 3474 3869 imperatoris

1906 3880 2059 3946 jussu
2099 3882 2384 3935 ederentur
2431 3883 2563 3951 (huc
2620 3885 2761 3938 enim
2816 3887 2989 3941 solum
3040 3891 3201 3946 modo
3249 3893 3302 3946 in
3355 3895 3471 3962 epi-

1912 3985 2102 4039 swpos
2135 3986 2346 4042 semper
2392 3974 2783 4041 praevaluerunt
2818 3998 2831 4033 :
2870 3979 2936 4033 iis
2969 3981 3357 4050 deficientibus,
3405 4002 3471 4042 ne

1913 4064 2106 4115 niutire
2132 4064 2348 4131 quidem
2376 4067 2615 4136 audent),
2652 4080 2799 4124 tanto
2827 4082 2951 4124 sunt
2982 4082 3185 4128 terrore
3219 4077 3468 4145 perculsi,

1912 4164 1972 4206 ut
2010 4155 2347 4223 presbyteros
2376 4157 2514 4211 ultra
2548 4159 2865 4225 praeﬁnitum
2902 4175 3107 4232 tempus
3137 4166 3467 4234 detinerent,

1912 4245 2223 4315 futilemque
2260 4252 2660 4305 excusationem
2706 4257 3026 4309 commenti:
3062 4255 3140 4310 Ob
3189 4256 3470 4314 Persarum

1912 4336 2109 4389 bellum
2171 4340 2481 4404 nequimus,
2531 4341 2778 4405 aiebant,
2830 4342 2939 4411 jam
2993 4347 3268 4401 accedere.
3323 4347 3471 4402 Haud

1911 4441 2071 4480 verus
2124 4439 2301 4480 autem
2352 4430 2603 4484 obtentus
2659 4431 2745 4485 ille
2797 4444 2949 4500 erat,
2992 4437 3085 4488 sed
3133 4438 3473 4509 conscientia;

235 4530 321 4583 διὰ
349 4532 475 4593 τοὺς
504 4530 723 4602 Πέρσας
760 4532 840 4594 είς
883 4530 1099 4602 Ῥώμην
1149 4530 1343 4596 ἐλθεῖν,
1376 4530 1550 4584 καίτοι
1592 4530 1805 4601 μακρὰν

1914 4527 2055 4571 metu
2090 4517 2493 4573 detinebantur.
2541 4521 2675 4587 Quid
2722 4523 2863 4577 enim
2910 4525 2975 4578 ad
3026 4525 3305 4597 episcopos
3354 4530 3474 4583 bel-

236 4622 567 4692 ἀπέχουσαν,
587 4622 682 4674 καὶ
710 4622 881 4693 πέραν
894 4622 1160 4693 θαλάττης
1184 4619 1367 4686 οὖσαν,
1387 4623 1510 4685 τοὺς
1536 4622 1633 4691 τῆς
1662 4623 1815 4674 Ἀνα-

235 4712 395 4783 τολῆς
417 4714 618 4775 τόπους
637 4713 732 4765 καὶ
760 4713 887 4775 τοὺς
918 4714 1083 4781 ἐγγὺς
1100 4713 1319 4766 ἐκείνων
1352 4731 1417 4767 πε
1428 4715 1513 4784 ριή
1522 4729 1711 4784 ρχοντο
1735 4713 1811 4775 ὡς

237 4805 470 4869 λέοντες,
506 4804 797 4875 ζητοῦντες
839 4804 923 4869 τίς
964 4805 1146 4869 αὐτοῖς
1187 4803 1541 4870 ἐναντιοῦται,
1578 4804 1663 4857 ἵνα
1694 4802 1811 4855 δια-

238 4897 527 4961 ϐάλλοντες
552 4897 897 4969 ἐξορίσωσιν;

308 5163 397 5217 12.
440 5162 678 5233 Ἀμέλει,
716 5162 842 5225 τοὺς
883 5158 1280 5232 πρεσϐυτέρους
1313 5159 1680 5221 ἀπολύσαντες
1717 5157 1810 5210 ἐπὶ

237 5262 303 5329 τῇ
334 5258 586 5327 ἀπιθάνῳ
617 5255 789 5326 ταύτῃ
828 5254 1115 5325 προφάσει,
1164 5253 1482 5307 συνελάλουν
1529 5251 1805 5322 ἀλλήλοις·

250 5349 402 5401 Ἐπεὶ
427 5349 501 5419 μὴ
514 5345 793 5417 δυνάμεθα
811 5344 1228 5415 ἐκκλησιαστικῇ
1252 5344 1428 5415 κρίσει
1445 5344 1685 5414 κρατεῖν,
1711 5339 1810 5410 τὴν

239 5440 445 5512 συνήθη
471 5438 678 5510 τόλμαν
704 5434 1113 5507 ἐπιδειξώμεθα.
1149 5436 1419 5507 Γράφουσι
1450 5434 1626 5488 τοίνυν
1645 5431 1807 5484 Φιλα-

309 5622 423 5695 (54)
459 5622 621 5690 Reg.,
651 5621 713 5673 τὸ
750 5618 1034 5695 πρότερον.
1046 5618 1179 5695 Qua:
1206 5627 1522 5695 sequuntur,
1556 5629 1819 5695 enarrari:-

231 5684 329 5747 ιιιὲ
376 5684 507 5748 item
544 5684 642 5761 per
666 5684 832 5744 totam
868 5684 1148 5761 epistolam
1179 5684 1505 5761 encyclicam
1531 5700 1673 5742 anno
1711 5684 1808 5740 541

230 5756 632 5830 conscriptam,
672 5772 727 5814 et
757 5763 810 5830 iu_
831 5756 988 5830 epist.
1011 5758 1332 5830 Julii,_nuu_r.
1352 5756 1464 5830 >45.

308 5833 421 5906 (55)
444 5827 538 5889 Sic
564 5830 695 5900 Reg.
731 5828 963 5899 Ἀθρόως
991 5829 1141 5882 deest
1163 5827 1216 5881 in
1237 5827 1412 5881 editis.

559 5925 836 5987 PATBOL.
870 5923 987 5985 Gn.
1025 5921 1223 5983 XXV.

1912 4607 2069 4661 lum?
2126 4607 2190 4661 Et
2254 4626 2420 4679 quare
2475 4610 2759 4667 Persarum
2816 4613 2955 4668 bello
3028 4619 3466 4685 prazpedirentur,

1908 4701 2035 4767 quin
2072 4697 2296 4752 Romam
2345 4712 2607 4769 peterent,
2653 4703 2995 4773 longinquam
3045 4715 3101 4760 et
3147 4711 3470 4763 transmari-

1910 4806 2034 4842 nam
2077 4792 2292 4857 urbem;
2328 4792 2424 4858 illi,
2464 4794 2706 4863 inquam,
2746 4796 2837 4863 qui
2868 4794 3107 4853 Orientis
3137 4800 3275 4867 loca,
3308 4804 3470 4857 etiam

1908 4876 2085 4934 Persis
2115 4881 2361 4947 ﬁnitima,
2394 4894 2505 4936 tum
2539 4885 2794 4953 temporis
2836 4885 3006 4941 instar
3042 4887 3254 4943 leonum
3298 4891 3474 4946 cireu-

1906 4970 2089 5037 ibant,
2131 4973 2446 5042 inquirendo
2480 4977 2727 5046 quisnam
2789 4978 2922 5046 ipsis
2973 4981 3369 5050 adversaretur,
3421 4995 3477 5037 ut

1907 5064 2192 5119 calumniis
2216 5082 2336 5121 eum
2368 5068 2481 5123 suis
2510 5070 2563 5122 in
2594 5068 2841 5125 exsilium
2872 5072 3174 5140 pellerent?

1976 5159 2066 5211 12.
2108 5159 2282 5227 (Anno
2310 5159 2459 5230 342.)
2504 5159 2571 5215 Et
2632 5175 2761 5216 sane
2810 5173 3092 5232 postquam
3138 5164 3474 5234 presbyteros

1908 5265 2029 5303 cum
2052 5252 2284 5304 absurda
2309 5251 2395 5305 illa
2417 5255 2769 5309 excusatione
2792 5254 3143 5318 dimisissent,
3160 5256 3271 5309 haec
3288 5265 3471 5309 mutuo

1907 5340 2157 5395 collocuti
2191 5351 2315 5395 sunt
2344 5360 2360 5396 :
2389 5342 2522 5397 Cum
2559 5345 2926 5400 ecclesiastico
2952 5344 3158 5412 judicio
3182 5345 3471 5414 praevalere

1910 5447 2258 5502 nequeamus,
2297 5433 2453 5490 solita
2518 5436 2739 5491 audacia
2786 5450 2898 5489 rem
2948 5447 3219 5504 geramus.
3256 5434 3471 5489 Litteris

1986 5617 2096 5687 (56)
2136 5616 2212 5670 Ita
2262 5616 2392 5683 Reg.
2439 5615 2713 5687 lnqeditis
2761 5629 2889 5668 vero
2952 5614 3047 5667 καί
3095 5614 3469 5687 Ιοείιυιῖηεηιο

1914 5685 2225 5758 πρίν.’ρυω
2268 5700 2445 5740 autem
2482 5685 2569 5758 hic
2617 5685 2926 5758 referuntur
2957 5685 3208 5758 nonnihil
3248 5685 3469 5758 diﬁicul-

1914 5751 2039 5811 tatis
2071 5751 2304 5823 habent,
2339 5772 2497 5825 quam
2541 5756 2595 5810 in
2625 5755 2901 5808 Athanasii
2956 5751 3073 5808 Vita
3116 5770 3218 5811 nos
3264 5756 3471 5814 levasse

1910 5842 2204 5899 speramus.

3106 5918 3185 5980 23
