3980 6496
568 391 670 446 707

1127 391 1187 446 S.
1226 389 1591 445 ATHANASII
1629 388 1778 446 OPP.
1819 387 1998 442 PARS
2036 386 2077 442 l.
2118 419 2184 428 -—
2225 385 2592 442 HISTORICA
2635 385 2722 442 ET
2760 385 3174 443 DOGMATICA.
3688 390 3768 441 708

569 506 747 576 itaque
782 504 1061 576 "Pbilagrio
1102 504 1316 572 missis,
1359 517 1606 561 auctores
1671 513 1827 566 sunt,
1874 511 1932 557 ut
1993 518 2116 558 cum

2231 503 2380 574 τρίῳ,
2419 503 2512 556 καὶ
2545 502 2786 556 ποιοῦσιν
2820 502 2980 555 αὑτὸν
3009 501 3145 571 μετὰ
3175 500 3482 574 Γρηγορίου
3525 500 3646 554 κατ’
3688 500 3774 553 ὀλί-

567 596 825 667 Gregorio
877 595 1024 651 brevi
1068 593 1362 667 Egyptum
1412 604 1676 666 peragret.
1712 595 1846 648 ilinc
1888 593 2122 663 episcopi

567 686 922 757 flagellantur,
974 684 1308 755 vinculisque
1372 684 1565 738 acerbe
1627 681 2121 750 consuinguntur:

567 780 1044 848 Sarapammonem
1095 777 1258 847 igitur
1317 777 1624 848 episcopum
1660 785 1713 827 et
1765 772 2124 827 confessorem

563 871 767 940 pellunt
797 871 849 925 in
885 870 1132 925 exsilium
1159 887 1173 923 :
1200 868 1606 924 Potammoncm
1648 865 1774 919 item
1818 864 2124 932 episcopum

565 963 1058 1031 confessoremque,
1105 961 1188 1015 cui
1221 946 1406 1016 oculus
1440 959 1615 1014 fuerat
1661 957 1712 1010 in
1755 956 2128 1026 persecutione

566 1053 815 1119 effossus,
847 1063 923 1108 tot
965 1053 1136 1122 plagis
1168 1053 1220 1106 in
1257 1051 1520 1107 cervicem
1554 1050 1861 1103 ceciderunt
1884 1085 1900 1110 ,
1929 1055 1988 1100 ut
2023 1059 2127 1099 non

567 1155 690 1200 ante
735 1147 895 1199 linem
944 1144 1209 1210 facerent,
1257 1158 1415 1212 quam
1481 1142 1753 1196 hominem
1804 1139 2127 1195 exstinctum

567 1244 833 1304 putarent.
865 1235 940 1288 Eo
974 1234 1135 1304 igitur
1163 1234 1320 1288 modo
1355 1232 1618 1300 abjectus,
1649 1233 1736 1285 vix
1772 1240 1892 1301 post
1925 1230 2131 1298 aliquas

568 1326 745 1391 horas,
778 1325 1052 1378 curatione
1090 1323 1328 1377 adhibita
1381 1321 1682 1391 ﬂabellique
1728 1335 1849 1390 ope,
1893 1320 2017 1373 Deo‘
2049 1318 2128 1371 vi-

569 1426 674 1469 tam
720 1416 1059 1480 concedente,
1085 1414 1371 1484 reSpiravit
1409 1432 1422 1467 :
1465 1414 1538 1467 ita
1575 1422 1750 1466 tamen
1800 1419 1879 1476 ut,
1919 1410 2132 1465 mod‘ico

565 1507 746 1578 elapso
780 1517 1038 1577 tempore,
1082 1507 1356 1576 plagarum
1401 1506 1583 1561 dolore
1631 1503 1922 1566 interierit,
1969 1503 2133 1555 itera-

569 1602 715 1669 tique
746 1599 987 1668 martyrii
1032 1599 1253 1668 gloriam
1289 1599 1344 1651 in
1390 1596 1606 1652 Christo
1640 1593 1956 1649 obtinuerit.
1990 1592 2133 1659 Quot

566 1691 656 1745 alii
699 1691 944 1746 monachi
980 1688 1198 1760 ﬂagellis
1239 1689 1367 1742 ctesi
1413 1696 1572 1751 sunt,
1617 1685 1836 1741 sedente
1865 1683 2127 1751 Gregorio

567 1796 688 1834 cum
718 1779 935 1834 Balacio
969 1780 1103 1833 duce
1150 1778 1487 1847 nuncupato!
1521 1776 1662 1842 Quot
1692 1775 1940 1846 episcopi
1963 1775 2131 1845 plagis

566 1872 796 1928 concisi!
833 1869 972 1937 Quot
1002 1871 1234 1940 virgines
1263 1869 1589 1924 verberatae!

637 1962 724 2017 i3.
765 1961 897 2016 Post
928 1961 1038 2014 hzec
1074 1959 1348 2028 improbus
1377 1956 1670 2029 Gregorius
1717 1972 1905 2014 omnes
1936 1960 2128 2014 cohor-

567 2063 709 2108 tatus
742 2062 828 2108 est
857 2063 916 2107 ut
951 2068 1133 2108 secum
1184 2051 1663 2106 communicarent.
1699 2051 1862 2120 Atqui
1905 2050 1950 2104 si
1986 2066 2130 2105 com-

568 2145 873 2199 munionem
899 2158 1084 2199 eorum
1115 2142 1448 2212 postulabas,
1477 2157 1580 2196 non
1608 2141 1750 2210 digni
1782 2142 1951 2212 plagis
1977 2150 2132 2195 erant

566 2234 677 2302 illi;
722 2235 805 2289 sin
853 2245 913 2288 ut
947 2235 1220 2304 improbos
1258 2233 1580 2298 lancinasti,
1631 2233 1760 2303 quid
1810 2243 1870 2288 ut
1915 2243 2132 2289 sanctos

565 2327 782 2382 eosdem
832 2326 1158 2381 hortabare?
1191 2326 1263 2380 At
1303 2325 1434 2380 nihil
1483 2323 1571 2378 ille
1607 2325 1659 2379 in
1709 2325 1982 2394 proposito
2029 2324 2128 2378 ha-

569 2417 703 2480 buit,
729 2431 889 2484 quam
930 2424 988 2469 ut
1016 2416 1256 2471 virorum
1301 2415 1392 2485 qui
1423 2429 1483 2470 se
1508 2415 1768 2482 miserant
1795 2429 1881 2468 res
1905 2427 2130 2484 perage-

569 2517 686 2572 ret,
740 2506 1100 2574 hacresimque
1153 2504 1440 2560 stabiliret.
1494 2503 1783 2572 Propterea
1844 2503 2127 2567 homicida,

569 2599 854 2664 carnifex,
906 2596 1358 2660 contumeliosus,
1409 2595 1803 2658 fraudulentus,
1852 2594 2129 2662 profanus,

570 2703 783 2758 tmoque
828 2686 1012 2750 verbo,
1061 2685 1261 2740 Christi
1319 2684 1490 2739 hostis
1547 2684 1740 2738 stultus
1778 2684 1867 2736 ille
1911 2683 2131 2738 effectus

572 2787 675 2834 est.
709 2778 955 2848 Episcopi
993 2786 1335 2830 materteram
1367 2775 1438 2828 ita
1468 2776 1660 2829 acerbe
1687 2784 2001 2844 persecutus
2025 2782 2127 2838 est,

573 2879 632 2923 ut
662 2885 728 2923 ne
761 2868 1067 2923 defunctam
1098 2866 1311 2936 quidem
1337 2865 1541 2921 sineret
1577 2863 1811 2934 sepeliri,
1839 2865 1976 2933 quod
2003 2880 2133 2917 sane

574 2960 810 3013 futurum
863 2967 1014 3022 erat,
1058 2955 1372 3024 abjectaque
1417 2953 1607 3010 fuisset
1671 2955 1934 3023 insepulta
1965 2994 1980 3019 ,
2029 2954 2134 3009 nisi

551 3033 663 3121 'qui
714 3064 833 3104 eam
883 3047 1167 3112 sustulere,
1213 3046 1368 3117 quasi
1425 3046 1698 3116 proprium
1749 3045 1848 3100 sibi
1902 3045 2134 3101 cadaver

574 3150 942 3213 asportassent
981 3157 994 3192 :
1037 3139 1110 3193 ita
1156 3138 1333 3206 impiis
1381 3138 1483 3193 hac
1522 3137 1576 3191 in
1620 3151 1680 3192 re
1725 3137 1966 3191 moribus
2010 3136 2130 3192 fuit.

571 3200 835 3294 Praeterea
862 3247 982 3286 cum
1011 3231 1185 3285 viduae
1213 3200 1379 3300 Q78
1411 3229 1695 3296 casterique
1729 3227 1961 3282 mendici
1989 3229 2134 3282 elee-
2160 3200 2202 3258 (ἶ

573 3341 848 3398 inosynam
903 3324 1147 3393 accipere
1201 3331 1590 3385 consuessent,
1651 3320 1816 3390 jussit
1853 3335 1916 3374 ea
1971 3321 2127 3389 diripi

571 3435 690 3489 qua:
714 3418 1092 3487 erogabantur,
1140 3415 1512 3487 confringique
1543 3428 1667 3468 vasa
1714 3414 1908 3483 quibus
1950 3413 2127 3467 oleum

570 3512 859 3580 vinumque
893 3510 1266 3577 deferebatur;
1296 3516 1356 3562 ut
1405 3522 1510 3562 non
1544 3506 1717 3561 solum
1757 3506 2010 3575 rapiendo
2043 3505 2130 3558 illa

571 3601 732 3670 impie
776 3592 988 3668 ageret,
1030 3614 1216 3654 verum
1263 3597 1424 3652 etiam
1473 3595 1638 3666 gestis
1681 3595 1789 3650 suis
1843 3593 2130 3648 Dominum

568 3694 766 3763 probro
795 3692 1053 3757 afﬁceret,
1102 3689 1251 3745 brevi
1289 3689 1354 3742 ab
1381 3688 1470 3742 illo
1499 3686 1822 3742 auditurus:
1856 3685 2129 3752 Quantum

571 3785 670 3840 hos
701 3782 1056 3846 inhonorasti,
1080 3791 1134 3836 et
1164 3795 1251 3835 me
1281 3779 1634 3833 inhonorasti.

643 3873 730 3930 14.
771 3872 930 3927 Multa
956 3886 1168 3941 quoque
1197 3868 1302 3922 alia
1329 3867 1458 3922 fecit
1484 3882 1603 3936 quae
1635 3880 1848 3921 omnem
1878 3864 2128 3935 loquendi

573 3962 877 4017 facultatem
923 3969 1212 4030 superant,
1258 3958 1492 4028 quibus,
1537 3958 1627 4026 qui
1676 3957 1922 4020 audiret,
1973 3955 2127 4009 fidem

573 4061 816 4123 negaret.
859 4053 1006 4106 Talia
1041 4061 1222 4106 autem
1270 4049 1459 4118 agendi
1507 4049 1620 4102 haec
1669 4048 1740 4101 illi
1787 4063 1948 4102 causa
1991 4047 2126 4113 fuit,

569 4145 719 4218 quod
761 4144 965 4198 scilicet
995 4158 1168 4212 neque
1200 4144 1350 4212 juxta
1387 4139 1814 4208 ecclesiasticum
1865 4155 2127 4194 canonem

568 4238 849 4292 ordinatus
894 4235 1116 4298 fuisset,
1166 4246 1339 4303 neque
1378 4233 1532 4304 juxta
1571 4231 1917 4301 apostolicam
1967 4230 2131 4283 tradi-

575 4331 770 4385 tionem
814 4339 1038 4382 vocatus
1073 4327 1264 4382 fuisset
1298 4325 1582 4395 episcopus
1620 4341 1634 4378 :
1680 4323 1774 4377 sed
1811 4336 1883 4377 ex
1933 4320 2130 4392 palatio

571 4436 694 4474 cum
729 4419 946 4473 militari
982 4432 1141 4471 manu
1185 4427 1240 4471 et
1268 4431 1462 4487 pompa
1496 4414 1694 4470 missus
1738 4412 1950 4476 fuisset,
1978 4411 2130 4480 quasi

571 4512 841 4568 szecularis
870 4510 969 4565 sibi
1005 4508 1347 4578 magistratus
1399 4505 1629 4560 traditus
1674 4512 1836 4559 esset.
1885 4501 2127 4570 Quapro-

572 4612 691 4673 pter
739 4601 1149 4669 magistratuum
1213 4595 1391 4665 potius
1447 4593 1654 4648 amicus
1710 4591 1933 4662 optabat
1976 4604 2128 4656 esse,

573 4708 735 4762 quam
790 4692 1158 4759 episcoporum
1220 4696 1275 4741 et
1329 4685 1738 4741 monachorum.
1795 4681 1854 4738 Si
1918 4683 2135 4752 quando

575 4786 736 4851 igitur
761 4781 920 4836 Pater
945 4779 1208 4834 Antonius
1240 4777 1318 4833 illi
1362 4791 1429 4832 ex
1462 4785 1642 4832 monte
1676 4775 1960 4841 scriberet,
1993 4775 2132 4829 sicut

577 4875 745 4943 pietas
769 4888 893 4943 erga
921 4872 1085 4926 Deum
1121 4869 1392 4940 peccatori
1427 4868 1758 4924 abominatio
1790 4877 1906 4936 est;
1938 4867 2018 4922 sic
2046 4866 2134 4921 ille

573 4962 744 5016 sancti
771 4962 870 5014 viri
905 4961 1108 5014 litteras
1135 4959 1540 5014 exsecrabatur.
1586 4958 1680 5012 Sin
1725 4972 1852 5012 vero
1899 4959 2132 5027 impera-

573 5061 680 5118 tor,
725 5061 815 5105 aut
844 5053 949 5105 dux
991 5052 1284 5115 exercitus,
1324 5058 1417 5104 aut
1449 5050 1585 5104 alius
1626 5049 1894 5118 quispiam
1936 5049 2131 5118 judex,

575 5147 783 5201 litteras
821 5147 889 5199 ad
917 5158 1039 5199 eum
1074 5143 1342 5207 mitteret,
1381 5150 1530 5196 tanta
1573 5141 1823 5210 perfusus
1850 5153 1968 5195 erat
2011 5140 2140 5195 laeti-

650 5349 761 5419 (57)
801 5349 953 5415 Reg..
985 5347 1287 5419 Ποτάμωνα
1329 5361 1449 5419 cum
1497 5345 1654 5419 unico
1683 5363 1750 5419 _p_.
1781 5343 1896 5396 Mox
1925 5343 2142 5419 Reg._et

578 5414 766 5484 Basih,
805 5414 1162 5472 ἀπολέσαντα.
1213 5417 1348 5468 Editi
1397 5431 1542 5481 vero,
1574 5414 1937 5477 ἀπολέσοντα,
1973 5416 2130 5468 male.

581 5491 742 5544 l’aulo
773 5500 890 5555 post
908 5491 1060 5556 Reg"
1096 5484 1382 5556 κατέκόψε,
1414 5499 1714 5556 perperam.

647 5552 940 5628 (58)'H:ec,
976 5552 1136 5609 πόσαι
1167 5552 1439 5628 παρθένοι
1487 5553 1806 5618 ἐτύπτοντο,
1859 5552 2045 5606 desunt
2082 5552 2132 5605 in

577 5627 762 5688 editis,
789 5629 881 5680 sed
916 5627 966 5677 in
1000 5628 1128 5694 lteg.
1163 5627 1436 5692 leguntur.

647 5694 760 5762 (59)
795 5695 885 5748 Sic
911 5689 1253 5759 lteg.,'B.tsiI'.
1279 5704 1332 5746 et
1361 5694 1490 5747 edit.
1517 5689 1960 5746 Commeliniana.
1991 5689 2134 5744 Edit.

579 5777 710 5817 vero
740 5763 931 5826 Paris.,
958 5763 1128 5831 ἠξίου,
1163 5763 1333 5821 male._

653 5832 763 5900 (ϐυ)
803 5833 909 5885 Καὶ
941 5827 1060 5902 post
1102 5831 1259 5885 τοῦτο
1305 5832 1454 5887 deest
1486 5832 1539 5887 in
1573 5830 1756 5898 editis,
1783 5829 1876 5886 sed
1907 5829 1961 5884 in
1999 5827 2133 5898 Reg.

2222 611 2316 663 γον
2344 593 2576 657 ἐξελθεῖν
2600 595 2679 658 εἰς
2707 593 2804 664 τὴν
2835 592 3124 661 Αἴγυπτον,
3159 594 3254 668 καὶ
3292 591 3478 645 λοιπὸν
3507 589 3775 644 ἐπίσκοποι

2229 682 2576 752 μαστίζονται
2618 683 2712 735 καὶ
2762 679 3080 751 ὲδεσμοῦντο
3127 681 3360 750 πικρῶς.
3405 680 3775 750 Σαραπάμμω-

2226 794 2300 828 να·
2338 772 2469 844 γοῦν
2514 774 2808 826 ἐπίσκοπον
2843 772 3176 843 ὁμολογητὴν
3211 770 3540 842 ἐξορίζουσι,
3578 771 3775 840 Ποτάμ·

2228 884 2383 938 μωνα
2415 866 2527 935 (57)
2551 865 2607 918 δὲ
2635 865 2926 919 ἐπίσκοπον
2951 862 3309 934 ὁμολογητὴν,
3345 861 3684 916 ἀπολέσαντα
3702 862 3777 914 καὶ

2227 957 2386 1011 αὑτὸν
2418 956 2505 1010 τὸν
2534 955 2806 1024 ὀφθαλμὸν
2847 957 2902 1006 ἐν
2943 953 3017 1024 τῷ
3039 952 3284 1023 διωγμῷ,
3324 952 3466 1004 οὕτω
3495 950 3777 1021 κατέκοψαν

2225 1051 2344 1111 ταῖς
2361 1047 2727 1118 καταυχενίοις
2745 1045 2995 1115 πληγαῖς,
3025 1043 3098 1108 ὡς
3121 1045 3192 1116 μὴ
3209 1044 3475 1115 πρότερον
3495 1044 3779 1097 παύσασθαι

2228 1141 2359 1211 πρὶν
2387 1139 2452 1193 ἂν
2476 1137 2792 1210 νομισθῆναι
2812 1137 2904 1189 τὸν
2931 1136 3212 1207 ἄνθρωπον
3238 1136 3454 1207 νεκρόν.
3488 1134 3646 1188 Οὕτω
3671 1135 3779 1202 γοῦν

2228 1231 2449 1302 ἐρρίφη,
2477 1232 2568 1284 καὶ
2590 1230 2746 1300 μόγις
2765 1227 2901 1298 μετά
2929 1227 3074 1297 ὥρας
3091 1228 3529 1298 θεραπευόμενος
3545 1229 3641 1280 καὶ
3655 1228 3782 1298 διαρ-

2231 1322 2570 1392 ῥιπιζόμενος
2610 1322 2926 1381 ἀνέπνευσε,
2969 1318 3061 1371 τοῦ
3117 1318 3254 1372 Θεοῦ
3279 1319 3578 1382 δεδωκότος
3598 1319 3657 1371 τὸ
3680 1321 3778 1390 ζῇν

2227 1414 2363 1467 ἀλλά
2391 1413 2527 1485 μετά
2558 1416 2749 1485 χρόνον
2785 1416 2961 1482 ὀλίγον
3001 1416 3062 1466 ἐκ
3101 1412 3194 1467 τοῦ
3235 1412 3400 1465 πόνου
3439 1411 3550 1464 τῶν
3582 1413 3785 1484 πληγῶν

2229 1505 2516 1569 ἀπέθανεν,
2574 1506 2711 1576 ἔχων
2770 1507 2826 1559 ἐν
2871 1505 3088 1576 Χριστῷ
3131 1505 3193 1557 τὸ
3233 1504 3496 1575 καύχημα
3550 1505 3783 1577 δευτέρου

2233 1596 2546 1666 μαρτυρίου.
2595 1596 2752 1648 Πόσοι
2785 1613 2842 1648 τε
2878 1596 3022 1650 ἄλλοι
3060 1595 3384 1667 μονάζοντες
3427 1595 3784 1665 ἐμαστίςοντο,

2229 1689 2591 1760 καθεζομένου
2632 1691 2928 1762 Γρηγορίου
2967 1691 3102 1761 μετά
3127 1689 3416 1752 Βαλακίου,
3453 1689 3555 1741 τοῦ
3578 1690 3785 1760 λεγομέ-

2228 1797 2321 1832 του
2351 1780 2568 1843 δουκόςί
2594 1781 2750 1834 πόσοι
2800 1782 3082 1834 ἐπίσκοποι
3118 1781 3443 1834 ἐκόπτοντοί
3478 1783 3644 1834 πόσαι
3672 1798 3788 1853 παρ-

2162 1862 2202 1916 Β
2232 1871 2375 1926 θένοι
2405 1873 2694 1927 ἐτύπτοντο
2724 1873 2834 1944 (58)
2861 1877 2872 1927 l

2305 1963 2386 2016 l3.
2413 1957 2544 2014 Εἶτα
2577 1966 2605 2016 ό
2641 1964 2820 2027 ἄθλιος
2849 1964 3142 2035 Γρηγόριος
3184 1963 3318 2033 μετὰ
3347 1963 3524 2018 ταῦτα
3558 1962 3787 2036 παρεκά-

2227 2051 2307 2104 λει
2360 2052 2567 2115 πάντας
2622 2057 2894 2107 κοινωνεῖν
2942 2053 3125 2124 αὐτῷ’
3180 2053 3355 2106 καίτοι
3408 2056 3457 2106 εί
3523 2055 3790 2108 κοινωνίαν

2229 2142 2412 2212 ἠξίους
2446 2144 2558 2211 (59)
2587 2147 2714 2215 παρ’
2748 2144 2926 2198 αὐτῶν
2971 2145 3132 2215 ἔχειν,
3173 2146 3273 2198 οὐκ
3307 2141 3448 2214 ἦσαν
3490 2145 3631 2209 ἄξιοι
3669 2147 3788 2218 πλη-

2229 2233 2340 2302 γῶν
2359 2251 2372 2263 ·
2407 2235 2454 2286 εἰ
2487 2234 2544 2288 δέ
2571 2235 2646 2298 ὡς
2670 2235 2902 2303 φαύλους
2931 2236 3179 2300 ἔκοπτες,
3229 2237 3280 2289 τί
3310 2237 3386 2299 ὡς
3415 2237 3608 2304 ἁγίους
3661 2255 3790 2308 παρ-

2229 2319 2476 2386 εκάλεις;
2513 2321 2649 2374 Ἀλλ’
2679 2323 2826 2375 οὐδὲν
2853 2319 2920 2392 ἦν
2945 2319 3091 2394 αὑτῷ
3124 2325 3505 2395 προκείμενον,
3538 2326 3570 2396 ἢ
3600 2326 3670 2378 τὰ
3697 2327 3794 2380 τῶν

2229 2411 2666 2466 ἀποστειλάντων
2700 2414 3000 2485 πληρῶσαι,
3030 2416 3123 2468 καὶ
3146 2416 3246 2486 τὴν
3273 2416 3488 2487 αἵρεσιν
3519 2418 3788 2489 συστῆσαι.

2230 2503 2326 2556 Διά
2357 2503 2514 2558 τοῦτο
2537 2505 2628 2556 καὶ
2658 2505 2768 2574 (60)
2794 2506 3113 2578 ἀνδροφόνος
3139 2506 3327 2574 γέγονε
3359 2509 3455 2560 καὶ
3473 2507 3682 2578 δήμιος,
3708 2511 3792 2562 καὶ

2231 2591 2510 2664 ὑϐριστὴς,
2544 2593 2638 2646 καὶ
2671 2593 2859 2657 δόλιος,
2893 2597 2985 2648 καὶ
3009 2594 3252 2666 βέϐηλος,
3288 2597 3385 2648 καὶ
3416 2598 3478 2650 τὸ
3515 2597 3636 2649 ὅλον
3666 2600 3790 2670 Χρι-

2232 2684 2500 2754 στομάχος
2547 2687 2574 2737 ὁ
2617 2685 2858 2754 ἀνόητος.
2901 2687 3010 2758 Τὴν
3049 2687 3177 2754 γοῦν
3206 2687 3297 2740 τοῦ
3329 2690 3630 2744 ἐπισκόπου
3657 2691 3792 2745 θείαν

2229 2774 2401 2839 οὕτως
2433 2775 2664 2840 ἐδίωξεν,
2697 2779 2771 2840 ὡς
2811 2779 2943 2850 μηδὲ
2973 2778 3346 2832 ἀποθανοῦσαν
3382 2783 3601 2851 ἀφεῖναι
3634 2786 3794 2854 ταφῆ-

2231 2883 2348 2918 ναι’
2385 2867 2481 2920 καὶ
2514 2867 2657 2919 τοῦτ’
2707 2868 2772 2921 ἂν
2805 2869 3066 2937 ἐγεγόνει,
3116 2871 3209 2922 καὶ
3257 2872 3464 2940 ἄταφος
3498 2875 3715 2943 ἐρρίφη,
3749 2876 3797 2926 εἰ

2235 2957 2310 3028 μὴ
2336 2959 2383 3009 οἱ
2411 2957 2794 3028 ὑποδεξάμενοι
2823 2960 2988 3031 αὐτὴν
3010 2961 3085 3024 ὡς
3109 2961 3236 3013 ἴδιον
3256 2964 3450 3034 νεκρὸν
3482 2963 3790 3034 ἐξήνεγκαν

2231 3050 2371 3103 οὕτω
2423 3053 2517 3104 καὶ
2559 3054 2614 3104 ἐν
2646 3051 2852 3114 τούτοις
2889 3050 3030 3123 εἶχεν
3063 3054 3271 3108 ἀνόσιον
3307 3056 3400 3107 τὸν
3441 3057 3660 3127 τρόπον.
3697 3058 3797 3110 Καὶ

2233 3140 2342 3213 γὰρ
2393 3143 2486 3194 καὶ
2528 3142 2710 3213 χηρῶν
2743 3143 2854 3213 (61)
2885 3146 2977 3196 καὶ
3015 3145 3188 3199 ἄλλων
3228 3147 3495 3211 ἀνεξόδων
3538 3148 3797 3200 λαεόντων

2238 3232 2621 3303 ἐλεημοσύνην,
2661 3233 2875 3287 ἐκέλευε
2900 3235 2967 3288 τὰ
2993 3236 3249 3306 δεδομένα
3270 3237 3687 3308 διαρπάζεσθαι,
3713 3240 3796 3291 καί

2237 3321 2306 3374 τὰ
2326 3323 2520 3391 ἀγγεῖα
2554 3326 2610 3376 ἐν
2633 3319 2712 3387 οἷς
2742 3324 2932 3395 ἔφερον
2955 3325 3014 3378 τὸ
3039 3325 3213 3378 ἔλαιον
3230 3328 3323 3379 καὶ
3345 3328 3438 3380 τὸν
3471 3324 3632 3394 οἶνον,
3677 3346 3796 3381 κατ-

2238 3413 2500 3482 εάγασθαι
2543 3415 2686 3485 (62),
2720 3416 2805 3468 ἵνα
2851 3417 2924 3487 μὴ
2966 3417 3124 3487 μόνον
3156 3417 3335 3472 λαϐὼν
3376 3421 3636 3491 ἀσεϐήσῃ,
3670 3420 3796 3474 ἀλλὰ

2237 3507 2331 3559 καὶ
2383 3506 2561 3576 ἔργοις
2611 3507 2851 3581 ἀτιμάζῃ
2888 3508 2976 3560 τὸν
3007 3509 3229 3580 Κύριον,
3280 3511 3645 3582 ἀκουσόμενος
3680 3513 3798 3565 ὅσον

2237 3597 2444 3650 οὐδέπω
2478 3599 2602 3669 παρ’
2631 3598 2796 3652 αὐτοῦ
2816 3615 2829 3628 ·
2869 3597 3091 3668 Ἐφόσον
3123 3601 3398 3672 ὴτίμασας
3431 3603 3671 3669 τούτους,
3703 3601 3796 3673 ἐμὲ

2240 3689 2536 3759 ἠτίμασας.

2310 3868 2395 3922 14.
2441 3867 2617 3923 Πολλά
2660 3887 2719 3922 τε
2759 3869 2919 3940 ἐτερα
2957 3870 3151 3933 ἐποίει,
3205 3870 3241 3924 ἂ
3274 3871 3368 3924 καὶ
3399 3871 3561 3940 λόγου
3611 3872 3795 3943 φράσιν

2238 3959 2544 4031 ὑπεραίρει,
2592 3962 2685 4013 καὶ
2715 3960 2949 4024 ἀκούσας
2977 3979 3060 4025 τις
3087 3963 3290 4015 ἄπιστα
3319 3964 3583 4032 νομίσειε.
3623 3963 3794 4016 Ταῦτα

2235 4051 2290 4103 δὲ
2315 4051 2401 4104 διὰ
2423 4051 2568 4104 τοῦθ’
2591 4051 2761 4115 οὕτως
2792 4051 3079 4122 ἔπραττεν,
3113 4054 3234 4105 ἐπεὶ
3269 4054 3406 4124 μήτε
3431 4055 3795 4125 ἐκκλησιαστι-

2237 4141 2317 4210 κῷ
2364 4143 2548 4196 κανόνι
2596 4142 2694 4213 τὴν
2730 4143 3060 4196 κατάστασιν
3107 4139 3242 4213 εἶχε,
3306 4145 3444 4215 μήτε
3479 4145 3790 4212 ἀποστολικῇ

2237 4235 2530 4305 παραδόσει
2553 4234 2769 4305 κληθεὶς
2816 4230 2883 4304 ἦν
2917 4233 3244 4298 ἐπίσκοπος·
3292 4237 3408 4289 ἀλλ’
3445 4238 3510 4290 ἐκ
3549 4236 3793 4290 παλατίου

2240 4324 2376 4394 μετά
2409 4326 2801 4396 στρατιωτικῆς
2826 4324 3073 4389 ἐξουσίας
3097 4326 3192 4380 καὶ
3223 4329 3524 4394 φαντασίας
3545 4326 3795 4381 ἀπέσταλ-

2235 4433 2317 4478 το,
2373 4417 2560 4490 ὥσπερ
2605 4417 2777 4489 ἀρχὴν
2840 4419 3108 4488 κοσμικὴν
3149 4419 3641 4490 ἐγκεχειρισμένος.
3701 4417 3794 4470 Διὰ

2236 4507 2394 4561 τοῦτο
2415 4510 2508 4562 καὶ
2536 4508 2809 4580 ἀρχόντων
2837 4508 3032 4580 μᾶλλον
3058 4508 3257 4580 ηὔχετο
3288 4511 3444 4580 φίλος
3470 4511 3603 4565 εἶναι
3626 4512 3657 4583 ἢ
3686 4513 3796 4562 ἐπι-

2235 4597 2450 4651 σκόπων
2501 4599 2594 4651 καὶ
2637 4597 2994 4666 μοναζόντων.
3043 4598 3112 4651 Εἴ
3152 4616 3280 4652 ποτε
3311 4597 3406 4654 οὖν
3439 4602 3531 4655 καὶ
3562 4604 3589 4655 ὁ
3619 4599 3798 4669 Πατὴρ

2244 4688 2523 4752 Ἀντώνιος
2575 4691 2638 4744 ἐκ
2679 4689 2774 4742 τοῦ
2805 4690 2962 4762 ὅρους
3005 4691 3263 4763 ἔγραφεν,
3304 4692 3496 4764 ὥσπερ
3537 4693 3798 4763 βδέλυγμα

2231 4777 2538 4850 ἁμαρτωλῷ
2562 4778 2855 4845 θεοσέϐεια,
2879 4778 3050 4842 οὕτως
3073 4779 3428 4844 ἐΰδελύσσεςτο
3449 4781 3518 4833 τὰ
3537 4779 3625 4832 τοῦ
3647 4777 3792 4845 ἁγίου

2229 4869 2550 4940 γράμματα.
2591 4869 2658 4921 Εί
2693 4887 2820 4923 ποτε
2865 4870 2921 4922 δὲ
2959 4869 3231 4940 βασιλεὺς,
3270 4871 3303 4941 ἣ
3351 4870 3728 4943 στρατηλάτης,
3757 4866 3792 4934 ῆ

2229 4961 2386 5024 ἄλλος
2409 4960 2663 5032 δικαστὴς
2691 4961 3029 5028 ἐπέστελλεν,
3055 4961 3197 5015 οὕτω
3220 4963 3525 5034 περιχαρὴς
3545 4962 3790 5031 ἐγίγνετο,

2231 5051 2305 5113 ὡς
2333 5053 2382 5103 οἱ
2415 5052 2471 5103 ἐν
2496 5053 2615 5115 ταῖς
2649 5053 2994 5122 Παροιμίαις,
3031 5053 3214 5117 καθὼς
3260 5054 3587 5124 σχετλιάζων
3617 5052 3792 5117 ἔλεγεν

2231 5141 2259 5191 ὁ
2289 5140 2473 5209 λόγος’
2511 5143 2573 5194 ’Ὠ
2605 5145 2659 5195 οὶ
2694 5142 3229 5212 ἐγκαταλείποντες
3268 5145 3452 5211 ὀδοὺς
3476 5144 3712 5208 εὐθείας.
3735 5143 3794 5193 οἱ

2249 5347 2496 5402 habetur.

2301 5417 2411 5486 (61)
2454 5418 2544 5486 Sic
2577 5417 2729 5486 Reg.
2781 5415 2835 5468 in
2889 5416 3050 5470 editis
3103 5430 3234 5469 vero
3283 5416 3378 5469 καὶ
3423 5414 3596 5486 χηρῷν
3620 5412 3789 5486 deest.

2231 5485 2399 5549 lhitl.,
2432 5485 2740 5548 ἀνεξόδους,
2788 5488 2910 5554 Ιιίυιι
2934 5501 3034 5538 vox
3087 5485 3357 5554 significat
3396 5485 3666 5554 mendicos
3706 5485 3790 5554 ili!

2233 5568 2473 5613 vocatos.
2527 5557 2666 5622 qttod
2716 5564 2841 5607 eant
2890 5553 2993 5605 ἀνὲι
3043 5552 3156 5617 τὰς
3191 5556 3404 5618 ἐξόδους
3441 5570 3528 5622 per
3558 5552 3651 5604 vias
3680 5553 3788 5622 ᾔει

2232 5623 2518 5693 longe_alio
2545 5614 2706 5693 sensu
2739 5635 2959 5692 accepta
2989 5633 3075 5676 est
3099 5614 3137 5676 at
3159 5614 3596 5693 quibttsd'at'uﬁed
3625 5614 3788 5679 male,

2231 5701 2289 5745 ut
2322 5691 2458 5744 infra
2497 5692 2785 5745 videbitur.

2305 5761 2412 5832 (62)
2455 5760 2543 5817 Sic
2581 5761 2727 5816 editi.
2758 5761 2916 5832 Reg.,
2946 5763 3367 5817 κατεάσσεσθαι.
