3980 6540
229 480 232 483 1
242 408 333 469 709

1179 403 1499 460 HISTORIA
1537 385 1942 463 ΑιιιΑΝοιιυιι
1983 405 2073 460 AD
2116 397 2510 460 MONACHOS.

3351 395 3453 453 710

240 520 678 591 εὐφραινόμενοι
738 518 835 572 ἐπὶ
887 517 1111 582 κακοῖς,
1174 508 1272 569 καὶ
1329 517 1639 584 χαίροντες
1697 518 1796 570 ἐπὶ

1906 517 1996 582 tia,
2024 527 2220 585 quanta
2252 516 2329 572 illi
2376 519 2442 571 de
2488 515 2680 586 quibus
2722 515 2774 568 in
2816 511 3122 570 Proverbiis
3152 514 3293 568 haud
3337 514 3454 571 sine

239 609 562 680 διαστροφῇ
600 608 816 663 κακῶν.
863 608 1076 678 ’Δμέλει
1107 608 1232 668 τοὺς
1274 605 1370 676 μὲν
1415 605 1585 660 ταῦτα
1639 607 1799 676 κομί-

239 705 421 768 ζοντας
474 703 636 773 ἐτίμα
687 704 956 774 χρήμασιν
1004 699 1111 769 (65)
1133 717 1147 730 ·
1213 699 1494 752 Ἀντωνίου
1555 699 1611 752 δέ
1668 716 1799 751 ποτε

239 793 560 866 γρὼῷαντος,
596 795 861 866 πεποίηκε
885 793 975 846 τὸν
1015 793 1178 846 δοῦκα
1222 790 1490 844 Βαλάκιον
1523 783 1800 844 καταπτῦο

243 901 324 937 σαι
356 885 454 955 τῆς
487 885 794 955 ἐπιστολῆς,
829 883 924 938 καὶ
961 882 1162 953 ταύτην
1191 880 1511 952 ἀπορρίψαι.
1561 881 1699 934 Ἀλλ’
1736 883 1796 934 ού

241 977 486 1048 παρεῖδεν
521 979 555 1048 ἡ
585 977 705 1030 θεία
735 976 890 1047 δίκη⁶
931 977 1045 1046 μετ’
1090 974 1150 1026 ού
1197 973 1340 1030 πολὺ
1373 972 1481 1044 γὰρ
1527 975 1616 1026 τὸν
1646 973 1798 1040 λεγό-

245 1077 406 1138 μενον
431 1067 598 1121 δοῦκα
631 1067 1028 1138 ἐπικαθήμενον
1066 1066 1237 1134 ἵππῳ,
1281 1066 1374 1118 καὶ
1430 1065 1801 1136 ἀπερχόμενον

245 1161 320 1223 είς
359 1159 458 1231 τὴν
503 1158 726 1230 πρώτην
772 1159 957 1230 μονὴν,
999 1159 1353 1229 ἐπιστραφεὶς
1401 1159 1430 1211 ὁ
1471 1159 1654 1220 ἵππος,
1709 1158 1803 1210 καὶ

239 1249 414 1304 δακὼν
449 1252 530 1314 εἰς
561 1248 652 1304 τὸν
699 1246 894 1321 μηρὸν.
941 1251 1224 1313 κατέϐαλε,
1259 1250 1351 1304 καὶ
1383 1250 1549 1320 τριῶν
1582 1249 1802 1322 ἡμερῶν

241 1341 524 1395 ἀπέθανεν.

1898 609 2263 678 indignatione
2312 607 2509 662 dicitur
2536 625 2550 662 :
2597 604 2682 660 Vw
2718 609 2805 674 qui
2838 605 3200 676 derelinquunt
3231 606 3342 660 vias
3374 617 3455 660 re-

1894 713 2022 764 ctas,
2051 702 2140 768 qui
2173 702 2418 754 (artantur
2462 702 2517 752 in
2548 700 2720 764 malis,
2751 710 2799 752 et
2838 701 2925 768 qui
2970 700 3192 768 gaudent
3231 699 3288 752 in
3330 715 3456 752 conv

1893 793 2178 846 versatione
2209 789 2470 844 malorum
2491 792 2560 844 9".
2591 791 2696 844 Eos
2728 799 2874 844 certe
2906 791 2994 859 qui
3027 789 3328 860 hujusmodi
3355 789 3457 844 sibi

1893 881 2102 936 litteras
2131 883 2443 938 deferebant
2476 870 2824 952 pecuniarum
2869 881 3010 935 dono
3059 880 3456 937 remunerabat.

1895 975 2162 1029 Antonius
2201 987 2331 1031 vero
2377 990 2496 1029 cum
2546 975 2832 1045 aliquando
2878 975 3222 1043 scripsisset,
3270 982 3460 1027 auctor

1899 1064 1999 1122 fuit
2039 1068 2129 1122 ille
2167 1077 2227 1122 ut
2259 1067 2504 1122 Balacius
2535 1068 2638 1122 dux
2685 1070 2740 1120 in
2785 1066 3063 1137 epistolam
3105 1075 3355 1134 spueret.
3396 1065 3461 1117 il-

1900 1158 2112 1229 Iamque
2155 1139 2443 1228 proficeret
2480 1179 2494 1213 :
2527 1159 2618 1212 sed
2651 1174 2763 1214 rem
2795 1158 2936 1212 haud
2978 1158 3201 1211 inultam
3247 1156 3461 1226 reliquit

1902 1251 2081 1306 divina
2118 1253 2389 1316 vindicta;
2421 1252 2682 1319 siquidem
2716 1267 2820 1305 non
2851 1252 2938 1305 diu
2983 1259 3168 1319 postea
3212 1264 3352 1318 equo
3385 1249 3462 1300 in-

1902 1342 2161 1396 sidentem
2208 1343 2416 1407 ducem,
2449 1353 2498 1397 et
2540 1344 2603 1395 ad
2640 1345 2934 1411 proximam
2983 1344 3313 1396 mansionem
3360 1342 3462 1396 iter

241 1433 621 1500 instituentem,
659 1448 950 1490 conversus
991 1447 1158 1500 equus
1188 1433 1240 1486 in
1281 1432 1481 1486 femore
1523 1433 1668 1486 illum
1703 1433 1776 1486 ita
1817 1437 2123 1495 momordit.
2172 1447 2229 1490 ut
2277 1436 2424 1490 humi
2459 1435 2735 1505 dejiceret,
2790 1437 3039 1504 intraque
3084 1435 3317 1488 triduum
3375 1435 3461 1489 illc

239 1527 428 1582 obiret.

312 1620 392 1674 15.
433 1619 659 1672 Ἐκεῖνοι
683 1617 800 1688 ’μὲν
835 1612 928 1671 οὖν
960 1613 1131 1680 οὕτως
1166 1616 1431 1688 ἔπραττον
1470 1630 1610 1670 κατα
1660 1633 1797 1670 παν-

239 1728 369 1778 τωνῖ
407 1711 466 1764 ἐν
502 1710 560 1764 δὲ
605 1713 671 1781 τῇ
735 1708 938 1780 Ῥώμῃ,
979 1708 1317 1771 συνελθόντες
1370 1708 1655 1762 ἐπίσκοποί
1697 1725 1797 1762 που

241 1805 602 1873 πεντήκοντα,
633 1803 757 1865 τοὺς
805 1800 904 1870 μὲν
947 1800 1076 1872 περὶ
1104 1798 1381 1862 Εύσέϐιον,
1423 1799 1497 1862 ὡς
1528 1799 1800 1862 ὑπόπτους

239 1897 326 1951 καὶ
358 1893 692 1964 φοϐηθέντας
721 1891 913 1955 ἐλθεῖν,
947 1892 1046 1945 ούκ
1074 1889 1417 1955 ἀπεδέξαντο,
1449 1889 1583 1943 ἀλλά
1612 1891 1705 1943 κα).
1730 1890 1798 1943 τά

1970 1619 2051 1673 15.
2093 1619 2220 1673 Haec
2273 1628 2428 1674 erant
2483 1619 2692 1672 illorum
2753 1633 3039 1672 adversum
3086 1633 3273 1672 omnes
3323 1615 3461 1673 facis

1894 1727 2046 1766 nora.
2076 1709 2262 1765 Romae
2289 1727 2417 1765 vero
2451 1711 2623 1764 coacti
2654 1712 2889 1780 episcopi
2924 1711 3041 1779 plus
3089 1711 3266 1764 minus
3303 1713 3461 1780 quina

1893 1807 2170 1873 quaginta,
2218 1802 2508 1857 Eusebium
2541 1811 2595 1855 et
2633 1803 2808 1855 socios
2857 1811 3040 1871 utpote
3091 1808 3372 1869 suspectos
3401 1817 3465 1856 ac

1895 1903 2195 1948 metuentes
2236 1893 2523 1958 accedere,
2579 1906 2916 1960 nequaquam
2965 1895 3320 1959 receperunt,
3357 1891 3465 1944 imo

238 1986 513 2056 γραφέντα
558 1982 688 2052 παρ’
730 1981 908 2035 αὐτῶν
954 1981 1271 2052 ὴκύρωσαν·
1315 1982 1461 2052 ἡμᾶς
1507 1981 1564 2033 δέ
1604 1981 1797 2034 ἀπεδέ-

1906 1999 2084 2038 eorum
2126 1985 2383 2050 rescripta
2415 1984 2566 2037 irrita
2611 1982 2895 2038 fecerunt:
2931 1998 3027 2036 nos
3061 1990 3240 2035 autem
3288 1984 3463 2036 admi-

239 2076 413 2142 ξαντο,
466 2072 564 2127 καὶ
608 2071 709 2143 τὴν
763 2069 898 2142 πρὸς
950 2071 1096 2140 ἡμᾶς
1151 2069 1430 2122 κοινωνίαν
1486 2069 1798 2140 ἠγάπησαν.

239 2167 380 2231 Ἕως
410 2165 468 2218 δὲ
494 2163 665 2218 ταῦτα
689 2161 954 2231 ἐγίγνετο,
980 2157 1141 2232 ἦλθεν
1174 2161 1254 2224 είς
1285 2160 1486 2228 γνῶσιν
1518 2160 1611 2213 τοῦ
1651 2160 1801 2230 βασι-

236 2257 367 2320 λέως
387 2254 762 2318 Κώνσταντος,
790 2253 825 2322 ἢ
852 2269 910 2304 τε
947 2254 1004 2304 ἐν
1041 2250 1228 2324 Ῥώμῃ
1262 2251 1523 2322 γενομένη
1557 2251 1799 2316 σύνοδος,

239 2349 328 2402 καὶ
371 2348 442 2401 τὰ
488 2348 642 2417 ἐν’τῇ
690 2342 1080 2415 Ἀλεξανδρείᾳ,
1131 2343 1225 2397 καὶ
1273 2344 1418 2414 πάσῃ
1449 2345 1516 2414 τῇ
1551 2342 1800 2413 Ἀνατολῇ

238 2437 373 2492 κατά
400 2437 510 2490 τῶν
565 2434 898 2506 Ἐκκλησιῶν
930 2433 1289 2504 γεγενημένα·
1342 2435 1434 2487 καὶ
1475 2434 1678 2504 γράφει
1727 2433 1804 2504 τῷ

237 2528 447 2600 ἀδελφῷ
479 2526 858 2596 Κωνσταντίῳ,
891 2527 983 2578 καὶ
1007 2525 1192 2579 λοιπὸν
1219 2525 1551 2596 ἀμφοτέροις
1578 2526 1802 2596 ἀρέσκει

239 2621 451 2675 σύνοδον
491 2617 765 2688 γενέσθαι,
795 2617 890 2670 καὶ
923 2615 1321 2684 διαγνωσθῆναι
1367 2616 1436 2668 τὰ
1482 2615 1800 2686 πράγματα,

238 2713 372 2766 ἴνόί
400 2713 500 2784 μὲν
529 2712 873 2782 ἀδικηθέντες
909 2709 1105 2779 μηκέτι
1153 2708 1451 2778 πάσχωσιν,
1501 2709 1549 2760 οἱ
1598 2707 1655 2760 δὲ
1692 2707 1805 2759 ἁδι-

236 2805 456 2868 κοῦντες
493 2803 692 2875 μηκέτι
719 2801 943 2855 τοιαῦτα
989 2800 1192 2871 τολμᾷν
1215 2798 1474 2851 δύνωνται
1503 2797 1632 2867 (64).
1666 2799 1802 2850 Συν-

237 2897 480 2968 έρχονται
501 2894 682 2947 τοίνυν
697 2892 806 2946 ἀπό
827 2909 886 2945 τε
911 2891 1010 2961 τῆς
1049 2890 1338 2959 Ἀνατολῆς
1359 2890 1453 2942 καὶ
1477 2889 1573 2959 τῆς
1591 2888 1804 2953 Δύσεως

237 2989 292 3040 ἐν
317 2989 383 3058 τῇ
409 2986 633 3057 Σαρδῶν
661 2983 811 3038 πόλει
853 2983 1012 3036 πλέον
1039 2983 1071 3054 ἢ
1109 2982 1326 3035 ἔλαττον
1356 2988 1430 3053 po’
1457 2981 1548 3033 τὸν
1575 2980 1802 3052 ἀριθμὸν

237 3078 539 3132 ἐπίσκοποι.
570 3077 680 3129 Καὶ
721 3077 771 3128 οί
805 3074 902 3146 μὲν
941 3074 1049 3128 ἀπὸ
1094 3075 1193 3145 τῆς
1223 3072 1437 3136 Δύσεως
1480 3072 1627 3142 μόνοι
1666 3067 1804 3143 ἦσαν

238 3167 543 3229 ἐπίσκοποι,
580 3164 792 3234 ἔχοντες
823 3162 1040 3233 Πατέρα
1063 3163 1153 3215 τὸν
1183 3163 1386 3215 Ὄσιονο
1419 3163 1466 3214 οἱ
1499 3161 1553 3214 δὲ
1583 3161 1689 3214 ἀπὸ
1707 3160 1806 3230 τῆς

250 3255 535 3326 Ἀνατολῆς
573 3255 839 3324 ἐπήγοντο
869 3252 986 3323 μεθ’
1034 3249 1238 3305 ἑαυτῶν
1281 3249 1662 3317 παιδαγωγοὺς
1711 3247 1805 3300 καὶ

1903 2089 2021 2129 sere
2055 2083 2401 2142 nostramque
2444 2077 2872 2127 communionem
2905 2073 3132 2142 amplexi
3165 2086 3310 2129 sunt.
3340 2073 3465 2130 llme

1903 2164 2027 2219 dum
2071 2173 2378 2233 agerentur,
2408 2163 2472 2216 ad
2503 2165 2744 2217 notitiam
2776 2164 3089 2218 Constantis
3119 2164 3466 2235 imperatoris

1903 2255 2186 2321 devenere,
2220 2271 2340 2309 cuin
2383 2253 2622 2308 Romana
2655 2257 2910 2325 synodus,
2957 2265 3066 2310 tum
3104 2272 3189 2311 res
3233 2258 3465 2310 Alexan-

1904 2344 2034 2399 driae
2085 2345 2138 2398 in
2191 2345 2551 2415 universoque
2603 2345 2824 2401 Oriente
2876 2347 3135 2401 adversus
3197 2347 3465 2403 Ecclesias

1872 2442 2064 2501 .gesta:
2105 2451 2118 2487 :
2168 2435 2489 2504 scripsitque
2529 2435 2616 2490 ille
2667 2435 2816 2489 fratri
2864 2451 2961 2489 suo
3018 2435 3358 2502 Constantio,
3404 2454 3469 2492 ac

1903 2525 2117 2584 demum
2169 2527 2370 2595 placuit
2419 2529 2635 2596 utrique
2681 2538 2737 2581 ut
2787 2529 3025 2598 synodus
3071 2529 3463 2594 celebraretur,

1903 2619 2439 2688 eXpenderenturque
2470 2619 2680 2687 negotia
2711 2635 2724 2672 :
2767 2630 2823 2671 ut
2856 2634 2920 2672 ne
2953 2619 3091 2672 ultra
3137 2632 3465 2674 vexarentur

1904 2707 1993 2775 qui
2030 2707 2137 2762 lzesi
2188 2708 2451 2775 fuissent,
2501 2723 2564 2764 ac
2611 2709 2702 2779 qui
2747 2709 2879 2764 alios
2913 2710 3181 2774 lieserant,
3228 2725 3294 2765 ne
3326 2711 3472 2780 ejus-

1905 2799 2047 2852 modi
2105 2815 2190 2854 res
2235 2811 2550 2869 perpetrare
2597 2805 2876 2857 auderent.
2915 2803 3250 2858 Conveniunt
3299 2805 3470 2876 (Anno

1903 2884 2030 2958 547)
2059 2903 2178 2942 cum
2207 2901 2274 2943 ex
2314 2890 2532 2944 Oriente
2577 2900 2698 2944 tunr
2719 2905 2783 2943 ex
2828 2891 3117 2946 Occidente
3160 2893 3210 2946 in
3249 2891 3470 2947 Sardica

1905 2980 2035 3035 urbe
2077 2981 2313 3049 episc0pi
2356 2981 2474 3049 plus
2505 2981 2682 3035 minus
2712 2989 2926 3036 centum
2967 2984 3325 3051 septuaginta.
3357 2983 3464 3040 Oc-

1905 3072 2199 3126 cidentales
2244 3083 2418 3126 autem
2467 3073 2700 3142 episcopi
2751 3071 2850 3128 soli
2897 3085 3082 3138 erant,
3133 3088 3314 3128 secum
3366 3075 3465 3128 ha-

1906 3164 2091 3219 bentes
2121 3163 2334 3218 Patrem
2368 3163 2588 3219 Hosium
2618 3181 2632 3218 :
2664 3165 2962 3220 Orientales
2998 3181 3123 3220 vero
3157 3167 3472 3236 paedagogos

1907 3255 2299 3325 advocatosque
2331 3270 2510 3310 secum
2549 3256 2910 3322 adducebant,
2959 3255 3332 3312 Musonianum
3381 3275 3475 3313 con

241 3346 599 3418 συνηγόρους,
625 3343 1017 3399 Μουσουνιανὸν
1041 3343 1251 3412 κόμητα
1275 3339 1407 3411 (65),
1433 3340 1526 3393 καὶ
1559 3339 1804 3410 Ἡσύχιον

1911 3347 2093 3401 mitem
2121 3356 2174 3400 et
2201 3347 2518 3417 llcsychium
2547 3347 2888 3402 Castrensem
2917 3365 2933 3402 :
2958 3364 3183 3418 quorum
3217 3365 3317 3419 ope
3346 3350 3472 3405 freti

235 3437 323 3490 τὸν
352 3437 720 3510 Καστρήσιον,
750 3435 816 3488 δι’
847 3433 939 3497 οὒς
971 3433 1064 3487 καὶ
1103 3431 1397 3503 προθύμως
1427 3427 1611 3503 ἦλθον,
1647 3430 1801 3500 νομί-

239 3525 418 3591 ζοντες
445 3527 563 3597 μετ’
591 3524 836 3591 ἐξουσίας
863 3523 1040 3576 αὐτῶν
1055 3521 1215 3574 πάλιν
1244 3521 1422 3574 πάντα
1450 3521 1801 3592 πράττεσθαι.

240 3618 390 3672 Οὕτω
413 3617 524 3688 γὰρ
557 3616 645 3668 ἀεὶ
671 3613 758 3668 διά
775 3613 977 3666 τούτων
1002 3612 1262 3682 φοϐεροὺς
1290 3610 1514 3674 ἑαυτοὺς
1537 3610 1805 3663 ἐδείκνυον

238 3704 316 3771 οἷς
365 3707 668 3770 ἐϐούλοντο,
720 3704 812 3758 καὶ
859 3702 1209 3758 ἐπεϐούλευον
1243 3696 1323 3765 οἷς
1364 3699 1430 3755 ἂν
1465 3699 1574 3771 (66)
1624 3701 1807 3763 αὐτοῖς

238 3804 430 3858 ἐδόκει.
469 3803 559 3864 Ὠς
579 3800 636 3854 δέ
662 3799 1069 3869 ἀπαντήσαντες
1099 3795 1404 3867 ἑωράκασιν
1435 3792 1810 3864 ἐκκλησιαστι-

240 3895 340 3968 κὴν
373 3895 532 3966 δίκην
565 3891 731 3962 μόνην
757 3890 1050 3960 γενομένην
1079 3888 1248 3959 χωρὶς
1275 3886 1494 3956 κόμιτος
1524 3885 1618 3937 καὶ
1647 3900 1809 3954 στρα-

237 3988 448 4042 τιωτῶν
479 3984 616 4056 (67),
656 3984 731 4047 ὡς
765 3983 1042 4054 ἑωράκασι
1093 3979 1220 4043 τοὺς
1267 3980 1362 4047 ἀφ’
1408 3977 1642 4048 ἑκάστης
1684 3977 1808 4029 Ἐκ-

239 4079 470 4151 κλησίας
502 4077 598 4130 καὶ
622 4075 828 4138 πόλεως
869 4072 1226 4144 κατηγόρους,
1260 4071 1355 4122 καὶ
1396 4070 1523 4132 τοὺς
1565 4069 1684 4122 κατ’
1716 4069 1812 4120 αύ-

237 4168 346 4222 τῶν
375 4167 633 4238 ἐλέγχους
654 4183 668 4196 ·
705 4165 780 4228 ὼς
804 4165 1108 4236 ἑωράκασιν
1140 4163 1354 4234 Ἀρειον
1383 4161 1477 4212 καὶ
1510 4158 1806 4228 Ἀστέριον,

237 4260 451 4330 τιμίους
473 4257 822 4318 ἐπισκόπους,
847 4254 1164 4317 ἀνελθόντας
1203 4253 1298 4323 μὲν
1324 4251 1419 4304 σὺν
1447 4251 1649 4314 αὐτοῖς,
1679 4250 1813 4301 ἀπο-

238 4352 591 4425 δημήσαντας
620 4349 676 4402 δέ
710 4349 804 4401 ἀπ’
838 4345 1035 4409 αὐτῶν,
1069 4345 1162 4398 καὶ
1201 4343 1448 4406 ἐλθόντας
1481 4341 1597 4412 μεθ’
1629 4339 1808 4411 ἡμῶν,

1905 3437 2068 3491 alacri
2097 3439 2276 3490 animo
2308 3452 2604 3500 accessere,
2636 3438 2738 3490 rati
2781 3453 2841 3493 se
2885 3440 3063 3493 omnia
3097 3439 3352 3510 deinceps
3379 3456 3473 3495 eo-

1908 3544 2024 3582 rum
2068 3529 2304 3596 potentia
2353 3538 2590 3583 acturos.
2619 3529 2698 3582 Eo
2742 3530 2884 3584 enim
2919 3529 3076 3585 modo
3107 3545 3170 3585 ac
3211 3529 3473 3599 ejusmodi

1905 3620 2312 3690 Opitulatoribus
2339 3620 2582 3684 subnixi,
2627 3635 2745 3675 sese
2787 3621 2979 3690 quibus
3015 3621 3168 3676 libuit
3206 3622 3474 3680 terribiles

1907 3711 2218 3777 exhibuere,
2248 3727 2312 3765 ac
2343 3711 2536 3781 quibus
2572 3711 2773 3780 placuit
2814 3713 3052 3767 insidiati
3094 3724 3241 3767 sunt.
3271 3716 3340 3769 At
3380 3716 3471 3770 ubi

1908 3805 2220 3858 accedentes
2251 3803 2597 3858 adverterunt
2637 3804 3055 3858 ecclesiasticum
3107 3805 3179 3859 ibi
3233 3807 3346 3860 fore
3375 3805 3471 3875 jn-

1909 3893 2105 3947 dicium
2141 3892 2343 3961 absque
2389 3893 2584 3948 comite
2633 3892 2716 3946 vel
2750 3879 3010 3948 militibus
3053 3909 3065 3948 :
3119 3893 3210 3948 ubi
3242 3911 3307 3949 ex
3357 3899 3473 3950 sin-

1909 3982 2048 4052 gulis
2099 3982 2350 4037 Ecciesiis
2405 3984 2734 4054 urbibusque
2793 3995 3136 4040 accusatores
3189 3987 3474 4052 viderunt,

1910 4089 2030 4127 cum
2076 4075 2276 4142 paratis
2323 4076 2607 4129 adversum
2651 4091 2709 4131 se
2747 4079 3082 4132 documentis
3119 4093 3132 4132 :
3167 4079 3255 4131 tibi
3289 4080 3477 4134 Arium

1911 4175 2304 4234 conspexerunt
2346 4175 2399 4218 et
2440 4167 2751 4232 Asterium,
2798 4168 3129 4222 venerabiles
3165 4169 3479 4237 episcopos,

1909 4257 2022 4325 qui,
2049 4271 2170 4309 cum
2219 4271 2400 4309 secum
2431 4256 2809 4320 accessissent,
2839 4271 2866 4308 a
2916 4274 2973 4310 se
3002 4268 3369 4322 recesserant,
3412 4260 3478 4313 ad

1906 4353 2196 4418 partesque
2248 4357 2462 4401 nostras
2514 4361 2589 4400 se
2620 4347 2994 4411 contulerant,
3046 4350 3247 4416 quique
3292 4363 3478 4402 eorum

238 4448 626 4522 διηγουμένους
646 4462 706 4498 τε
733 4444 829 4515 τὴν
856 4440 1186 4512 πανουργίαν
1211 4439 1453 4501 ἐκείνων,
1479 4437 1554 4499 ὡς
1576 4435 1804 4489 ὕποπτοι

1914 4440 2177 4494 vafritiem
2233 4441 2592 4504 enarrahant;
2648 4448 2911 4507 quantum
2951 4440 3158 4493 scilicet
3209 4439 3261 4492 in
3316 4441 3482 4508 gestis

239 4541 349 4596 εἷεν
400 4543 460 4594 ἐν
497 4537 608 4611 (68)
644 4539 754 4600 τοῖς
816 4534 1122 4606 πράγμασι,
1164 4532 1257 4585 καὶ
1294 4529 1580 4598 φοϐοῦνται
1634 4527 1804 4597 κρίσιν

1915 4533 2026 4586 suis
2071 4529 2234 4600 279
2281 4530 2511 4597 suspecti
2548 4539 2764 4592 essent,
2811 4544 2970 4596 quam
3009 4529 3266 4583 timerent
3301 4529 3376 4582 illi
3419 4545 3485 4584 ne

237 4633 518 4706 γενέσθαι,
571 4630 646 4701 μὴ
694 4625 984 4696 ἐλεγχθῶσι
1036 4625 1166 4695 παρ’
1219 4621 1374 4692 ἡμῶν
1413 4622 1508 4691 μὲν
1543 4620 1804 4689 συκοφάν-

1911 4623 2167 4690 judicium
2204 4621 2457 4685 ferretur,
2498 4636 2632 4674 neve
2663 4638 2692 4674 a
2730 4621 2881 4675 nobis
2913 4621 3257 4691 sycophantae
3297 4623 3488 4690 depre—

571 4683 646 4776 δὲ⁵
667 4719 774 4773 τῶν
793 4683 1132 4772 ,ἐξελάσαντα
1152 4683 1488 4784 κατηγόρων,
1541 4711 1615 4773 ὡς
1661 4683 1804 4764 αὐτοὶ

1921 4713 2301 4775 henderentur,
2342 4711 2410 4764 ab
2461 4711 2634 4779 iisque
2666 4724 2801 4779 quos
2850 4712 3212 4764 subornarant
3259 4725 3486 4766 accusa-

235 4815 421 4870 πάντα
449 4809 809 4871 ὑποϐαλόντες
845 4806 976 4876 (69),
1013 4805 1104 4858 καὶ
1138 4802 1208 4855 τὰ
1236 4801 1459 4854 τοιαῦτα
1494 4801 1810 4872 μηχανησά-

242 4920 427 4978 μενον
454 4903 630 4958 ταῦτα
666 4899 1009 4972 συνορῶντες,
1044 4897 1219 4949 καίτοι
1272 4895 1409 4965 μετά
1455 4893 1694 4962 σπουδῆς
1729 4893 1815 4945 ἐλ-

237 5000 448 5062 θόντες,
480 4995 798 5066 νομίσαντες
830 4990 962 5062 μηδὲ
985 4990 1130 5059 ἡμᾶς
1159 4988 1401 5058 ἀπαντᾷν
1446 4986 1520 5050 ὡς
1549 4984 1803 5055 φοϐουμέι

235 5107 399 5154 νους·
441 5089 518 5150 ὡς
549 5086 824 5160 ἑωράκασι
860 5081 950 5137 καὶ
986 5083 1086 5150 τὴν
1119 5079 1277 5151 ἡμῶν
1312 5078 1644 5150 προθυμίαν,
1683 5080 1818 5132 ἀπο-

234 5181 514 5236 κλείουσιν
547 5177 773 5239 ἐαυτοὺς
802 5177 858 5226 ἐν
896 5172 973 5228 τῶ
1003 5171 1276 5242 παλατίῳ·
1318 5173 1434 5224 ἐκεῖ
1472 5170 1581 5242 γάρ
1613 5168 1810 5239 ᾤκουν.

310 5295 357 5327 ³⁷
402 5291 560 5347 Prov.
590 5305 652 5354 ιι,
683 5290 767 5343 15.

311 5431 430 5504 (65)
472 5429 594 5482 Haec
624 5427 773 5504 item
805 5425 1228 5504 enarranturhin
1276 5420 1678 5504 .Vita'Antonii,
1719 5418 1822 5474 sed

235 5491 366 5560 cuin
401 5491 505 5552 non
550 5498 688 5551 nulla
727 5497 1105 5563 discrepantia.
1133 5491 1208 5549 lbi
1241 5491 1460 5546 videsis.

337 5570 428 5631 64)
475 5569 632 5638 Reg.,
659 5566 927 5638 δύνανται.

337 5573 428 5631 64)
475 5573 632 5638 Reg.,
659 5573 927 5620 δύνανται.

311 5573 636 5715 (65))ὶοςέ,
681 5635 908 5715 κόμιτα,
957 5633 1126 5715 prima
1179 5629 1676 5715 mann;nse.eun_tln,
1722 5627 1816 5714 κόά

240 5698 425 5784 μηῗταί
449 5698 764 5777 Μειινίὶεε.ξ
789 5698 1151 5777 Καστρήσιον,
1188 5715 1350 5759 recte.
1389 5701 1550 5766 Editi,
1580 5698 1820 5770 Καστρί-

240 5799 276 5835 σ
280 5801 383 5838 ιον.

316 5850 431 5920 (66)
473 5848 632 5918 Βρεη
666 5840 746 5909 οἷς
775 5845 888 5898 ἐάν.

1919 4803 2124 4857 toribus
2164 4801 2542 4870 proderentur,
2576 4803 2715 4867 quod
2749 4801 2850 4871 ipsi
2903 4800 3110 4857 scilicet
3142 4802 3320 4857 omnia
3362 4819 3489 4869 sugu

1915 4891 2241 4960 gessissent,
2296 4888 2670 4960 ejusmodique
2722 4907 2808 4946 res
2862 4892 3030 4947 moliti
3088 4903 3305 4960 essent;
3373 4896 3487 4950 haec

1915 4985 2433 5048 animadvertentes,
2488 4985 2700 5038 tametsi
2754 4985 2918 5041 alacri
2978 4987 3158 5041 animo
3199 4987 3377 5042 isthuc
3431 5003 3486 5042 se

1912 5075 2282 5140 contulerant,
2332 5077 2433 5130 rati
2469 5092 2569 5131 nos
2605 5093 2716 5147 pra:
2764 5077 3051 5136 formidine
3081 5082 3162 5136 sui
3215 5097 3282 5136 ne
3328 5097 3483 5135 acce-

1914 5166 2044 5222 dere
2092 5166 2308 5235 quidem
2357 5180 2588 5220 ausuros
2632 5183 2644 5220 :
2698 5167 2788 5232 ubi
2847 5167 3095 5223 ﬁduciam
3155 5180 3483 5236 conspexere

1987 5413 2100 5487 (67)
2142 5415 2286 5479 llzec,
2317 5417 2486 5486 χωρὶς
2511 5415 2736 5487 νκόμιτος
2766 5417 2857 5468 κα)⁸
2889 5412 3230 5487 στρατιωτῶν
3252 5451 3267 5476 ,
3297 5413 3484 5487 desunt

1917 5487 1970 5541 in
2000 5485 2210 5546 editis,
2255 5485 2346 5539 sed
2401 5485 2453 5538 in
2492 5485 2623 5555 Reg.
2665 5489 2948 5555 habentur,
2999 5485 3048 5536 in
3101 5499 3206 5550 quo
3248 5485 3482 5555 secunda

1918 5571 2075 5610 manu
2113 5556 2307 5623 legitur
2349 5553 2604 5624 κόμητοξ,
2639 5556 2804 5618 prima
2846 5553 3088 5622 κόμιτος,
3125 5566 3175 5606 et
3226 5553 3303 5624 sic
3348 5553 3483 5606 infra

1915 5637 1963 5678 et
2001 5627 2134 5680 alias
2164 5622 2396 5693 Semper.
2421 5622 2521 5689 Qui
2555 5625 2689 5676 infra
2719 5624 2932 5691 Ἀρειος
2979 5625 3191 5685 dicitur,
3224 5622 3486 5677 Macarius

1915 5705 2141 5750 vocatur
2170 5697 2220 5746 in
2258 5706 2520 5761 postrema
2556 5693 2860 5745 Sardicensi
2891 5693 3133 5760 epistola.

1992 5767 2104 5831 (68)
2148 5765 2238 5817 Sic.
2277 5765 2407 5831 Reg.
2439 5764 2490 5813 In
2523 5762 2679 5815 editis
2711 5777 2840 5812 vero
2871 5764 2928 5814 ἐν
2962 5763 3131 5817 deest.

1992 5834 2102 5906 (69)
2139 5835 2212 5888 Ita
2243 5835 2373 5903 lieg.
2415 5833 2573 5898 E-liti,
2600 5831 3012 5895 ὑποϐάλλοντες.
