3980 6488
546 432 641 497 711

1145 428 1202 485 5.
1245 424 1619 485 ATllANASll
1649 427 1797 483 OPP.
1843 424 2025 484 PARS
2066 426 2108 483 ι,
2148 453 2212 466 —-
2244 426 2613 483 IIISTORICA
2654 424 2742 482 ET
2777 424 3199 482 DOGMATICA.

3681 426 3772 479 712

544 558 808 613 nostram,
830 559 959 603 sese
987 546 1275 603 recludunt
1309 549 1448 602 intra
1502 547 1781 617 palatium,
1817 546 1923 600 illic
1956 561 2100 601 enim

2205 547 2312 600 Καὶ
2333 547 2516 599 λοιπὸν
2549 544 2795 616 ἀλλήλοις
2833 543 3152 599 συνελάλουν
3174 561 3187 574 ⁸
3248 542 3524 615 Ἤλθομεν
3565 545 3655 597 ἐπ’
3688 547 3769 600 άλ-

545 639 876 695 babitabant.
907 636 1041 692 Tum
1087 638 1314 694 invicem
1358 638 1842 709 colloquebantur:
1880 638 1961 692 Ad
2005 638 2108 691 alia

540 731 807 796 venimus,
837 728 941 783 alia
981 729 1383 798 conspicimus:
1421 731 1744 783 accessimus
1785 744 1908 783 cum
1938 731 2109 784 comi-

544 821 709 885 tibus,
736 829 790 874 et
816 822 1022 890 absque
1048 822 1331 887 comitibus
1355 820 1614 888 judicium
1650 821 1894 876 redditur
1919 838 1932 875 :
1967 823 2111 875 dant-

542 912 791 966 nabimur
830 912 970 965 haud
1008 913 1186 966 dubie.
1237 912 1415 966 Nostis
1452 927 1641 967 omnes
1672 928 1914 982 quaenam
1957 914 2108 982 jussa

544 1006 742 1060 fuerint
784 1006 998 1060 :‘habct
1043 1006 1373 1060 Athanasius
1425 1020 1601 1059 rerum
1648 1006 1698 1059 in
1738 1004 1971 1060 Mareote
2020 1021 2110 1075 ge-

541 1108 746 1151 Starum
793 1102 1171 1159 monumenta,‘
1204 1096 1396 1164 quibus
1440 1096 1525 1151 ille
1559 1109 1841 1167 purgatur,
1878 1113 1977 1152 nos
2017 1099 2109 1152 de-

542 1192 737 1244 decore
768 1189 1046 1243 aﬂicimur.
1088 1188 1225 1255 Quid
1260 1191 1569 1243 moramur?
1618 1192 1745 1258 quid
1791 1206 2107 1261 comperen-

543 1280 828 1334 dinamur?
865 1294 1055 1334 causas
1098 1281 1572 1335 comminiscamur
1603 1283 1668 1335 ad
1715 1282 2104 1344 secedendum,

545 1388 611 1425 ne
654 1372 742 1425 hic
788 1379 1073 1425 manentes
1109 1370 1448 1428 damnemur.
1509 1372 1689 1426 Satius
1723 1382 1805 1426 est
1843 1362 2108 1442 fugientes

541 1464 898 1526 erubescere,
948 1478 1108 1530 quam
1159 1464 1523 1532 sycophantas
1572 1465 1934 1531 deprehensos
1971 1462 2107 1517 allici

543 1555 762 1623 pudore.
808 1554 865 1608 Si
905 1553 1194 1625 fugiamus,
1238 1554 1594 1624 qualicunque
1630 1556 1787 1609 modo
1822 1570 2109 1624 possumus

543 1647 733 1701 hazrcsi
777 1647 1104 1715 patrocinari
1136 1664 1151 1701 :
1180 1646 1322 1715 quod
1361 1647 1405 1701 si
1447 1661 1543 1701 nos
1581 1646 1847 1716 fugientes
1883 1647 2106 1701 damna-

545 1740 674 1803 rint,
705 1738 847 1791 haud
889 1738 1059 1792 deerit
1097 1747 1377 1809 patronus,
1408 1739 1703 1807 imperator
1735 1737 1972 1801 scilicet,
2017 1738 2105 1808 qui

543 1846 649 1883 non
682 1830 823 1883 sinet
850 1844 947 1883 nos
974 1845 1039 1883 ex
1076 1829 1329 1883 Ecclesiis
1360 1844 1387 1881 a
1420 1828 1629 1897 populis
1662 1828 1961 1883 exturbari.

2208 638 2338 701 λοις,
2370 637 2463 691 καὶ
2496 636 2628 691 ἄλλα
2658 636 2957 708 βλέπομεν·
2997 637 3391 707 άπιιντήσαμεν
3448 636 3587 708 μετὰ
3616 640 3766 711 κομή-

2207 748 2334 795 των,
2370 730 2464 784 καὶ
2495 731 2662 801 χωρὶς
2685 731 2935 800 κομήτων
2960 731 2993 800 ἡ
3027 730 3210 802 κρίσις
3238 729 3486 797 γίνεται·
3524 746 3771 802 κατακρι-

2206 820 2405 891 νόμεθα
2441 821 2673 884 πάντως.
2721 821 2911 874 Οἴδατε
2954 821 3151 885 πάντες
3221 820 3292 874 τὰ
3350 822 3768 893 προστάγματα·

2208 913 2419 984 ἔχουσιν
2451 915 2498 965 οἱ
2529 912 2656 983 περὶ
2698 912 3010 965 Ἀθανάσιον
3052 912 3118 966 τὰ
3155 913 3215 966 ἐν
3244 912 3323 983 τῷ
3349 913 3628 986 Μαρεώτῃ
3663 917 3772 969 ὑπο-

2210 1007 2483 1077 μνήματα,
2513 1004 2570 1070 ἐξ
2605 997 2679 1056 ὧν
2726 1004 2885 1067 αὐτὸς
2938 1003 3035 1073 μὲν
3081 1004 3466 1076 καθαρίζεται,
3526 1009 3683 1077 ἡμεῖς
3724 1009 3771 1061 δὲ

2206 1094 2694 1165 καταισχυνόμεθα.
2743 1095 2807 1148 Τί
2848 1095 2909 1165 δὴ
2953 1092 3043 1148 οὖν
3079 1096 3379 1167 μέλλομεν;
3415 1098 3483 1150 Τί
3528 1098 3771 1169 βραδύνο·

2210 1202 2342 1257 μεν;
2385 1184 2721 1256 πλασώμεθα
2777 1187 3096 1257 προφάσεις,
3150 1189 3245 1241 καὶ
3308 1188 3655 1259 ἀπέλθωμεν,
3708 1191 3771 1261 μὴ

2209 1278 2456 1348 μένοντες
2474 1277 2909 1347 κατακριθῶμεν.
2930 1278 3145 1332 Βέλτιον
3166 1279 3468 1348 φεύγοντας
3501 1280 3766 1353 ἐρυθριᾷν,

2207 1366 2239 1437 ἥ
2305 1366 2654 1437 ἐλεγχθέντας
2720 1368 3065 1443 συκοφάντας
3136 1370 3598 1441 καταισχύνεσθαι
3646 1372 3767 1444 (7U).

2220 1458 2343 1512 Ἐάν
2392 1459 2667 1529 φύγωμεν,
2721 1458 2995 1530 δυνάμεθὰ
3048 1478 3166 1523 πως
3216 1462 3318 1515 κᾶν
3372 1464 3474 1532 τῆς
3522 1464 3773 1535 αἱρέσεως

2209 1552 2595 1622 προΐστασθαιο
2627 1552 2721 1606 ἐὰν
2755 1554 2812 1606 δὲ
2838 1555 2948 1624 (71)
2974 1555 3066 1607 καὶ
3096 1554 3396 1624 φεύγοντας
3433 1558 3581 1627 ἡμᾶς
3616 1576 3773 1612 κατα-

2208 1642 2481 1714 κρίνωσιν,
2520 1643 2632 1696 ἀλλ’
2665 1644 2858 1714 ἔχομεν
2900 1644 3123 1715 βασιλέα
3169 1648 3504 1717 προστάτην,
3566 1650 3657 1701 τὸν
3710 1653 3772 1720 μὴ

2206 1736 2433 1805 ἀφιέντα
2466 1737 2611 1807 ἡμᾶς
2643 1736 2745 1790 ὑπὸ
2781 1736 2887 1790 τῶν
2929 1736 3073 1791 λαῶν
3121 1738 3483 1793 ἐκϐάλλεσθαι
3521 1742 3631 1795 ἀπὸ
3679 1744 3775 1796 τῶν

2224 1828 2571 1900 Ἑκκλησιῶν.

615 1920 703 1974 16.
742 1920 855 1974 Hoc
885 1920 958 1973 illi
1004 1922 1163 1974 modo
1205 1920 1433 1973 invicem
1487 1919 1955 1988 colloquebantur.
2000 1919 2106 1972 llo-

2280 1920 2367 1973 16.
2426 1920 2659 1974 Τοιαῦτα
2710 1920 2806 1990 μὲν
2854 1914 2945 1973 οὖν
2983 1921 3095 1988 (72)
3145 1922 3341 1975 ἐκεῖνοι
3383 1922 3768 1991 διελογίζοντοο

542 2012 657 2064 sius
681 2026 810 2066 vero
842 2011 1132 2079 caeterique
1157 2024 1349 2065 omnes
1384 2010 1646 2080 episcopi,
1678 2010 2015 2081 frequentius
2046 2012 2112 2064 il-

544 2103 612 2155 lis
659 2099 941 2155 Athanasii
987 2110 1042 2154 et
1088 2100 1357 2155 sociorum
1416 2100 1665 2155 liduciam
1714 2101 2110 2169 signiﬁcabant,

544 2192 999 2261 declarabantque
1019 2208 1177 2261 quam
1196 2194 1366 2262 parati
1395 2194 1467 2247 illi
1500 2202 1681 2248 essent
1702 2194 1767 2246 ad
1796 2194 2110 2261 depellenda

543 2286 797 2350 crimina,
848 2286 1230 2355 promittentes
1288 2299 1347 2339 se
1392 2285 1718 2353 probaturos
1748 2286 2111 2355 sycophantas

545 2378 663 2431 illos
685 2392 826 2432 esse.
858 2375 1091 2429 Aiebant
1122 2376 1249 2429 item
1283 2393 1295 2428 :
1340 2376 1394 2429 Si
1415 2374 1676 2443 judicium
1707 2375 2108 2444 pertimescitis,

543 2485 642 2524 cur
692 2468 1041 2523 accessistis?
1083 2466 1324 2536 oportuit
1352 2466 1499 2520 enim
1533 2476 1626 2520 aut
1658 2481 1763 2520 non
1792 2466 2108 2530 accessisse,

544 2571 638 2614 aut
676 2570 958 2630 postquam
1015 2560 1243 2613 venistis
1287 2573 1391 2611 non
1444 2556 1723 2624 aufugere.
1770 2556 1862 2613 His
1914 2558 2113 2613 auditis

546 2652 646 2714 illi,
675 2650 911 2719 graviori
948 2648 1180 2719 perculsi
1230 2656 1481 2711 terrore,
1542 2663 1662 2701 cum
1714 2647 2108 2715 absurdiorem,

545 2757 706 2812 quant
736 2739 939 2796 dudum
968 2738 1293 2801 Antiochiae,
1336 2737 1641 2791 attulissent
1669 2738 2107 2807 excusationem;

543 2835 686 2905 quod
712 2832 919 2887 scilicet
952 2830 1083 2900 ipsis
1109 2831 1400 2899 imperator
1440 2830 1635 2885 litteris
1672 2831 1786 2886 suis
1825 2833 2108 2889 victoriam

542 2929 611 2981 ile
637 2925 819 2980 Persis
847 2931 1175 2994 reportatam
1216 2920 1599 2992 signiﬁcasset,
1635 2921 1816 2992 fugam
1850 2922 2107 2980 fecerunt.

542 3016 931 3087 Ejusmodique
991 3012 1402 3068 excusationem
1451 3013 1589 3067 citra
1629 3014 1792 3067 ullum
1848 3015 2109 3083 pudorem

543 3111 806 3165 miserunt
828 3124 923 3179 per
944 3108 1288 3163 Enstathium
1320 3106 1665 3161 Sardicensis
1699 3106 1950 3163 Ecclesia:
1986 3125 2111 3179 pre-

541 3206 841 3275 sbyterum.
874 3204 1071 3259 Verum
1105 3218 1171 3257 ne
1202 3203 1275 3256 ita
1303 3202 1518 3270 quidem
1552 3203 1658 3257 illis
1700 3202 1822 3272 fuga
1871 3217 1934 3257 ex
1979 3218 2109 3257 sen-

542 3299 710 3352 tentia
740 3296 905 3350 cessit
932 3314 944 3348 :
971 3295 1154 3349 statim
1200 3308 1433 3363 namque
1492 3310 1647 3349 sacra
1688 3298 1923 3365 synodus
1961 3296 2113 3363 cujus

542 3403 743 3457 praeses
777 3397 892 3442 erat
920 3403 1147 3456 magnus
1176 3386 1389 3451 Hosius,
1420 3388 1532 3441 haec
1566 3398 1751 3458 aperte
1785 3389 1893 3445 illis
1919 3390 2117 3445 rescri-

540 3480 689 3550 psit:
721 3480 1114 3533 Autoccurrite
1144 3493 1239 3532 vos
1260 3478 1535 3549 purgaturi
1562 3480 1627 3534 de
1651 3480 1848 3549 quibus
1879 3480 2113 3535 accusati

538 3571 692 3633 estis,
722 3571 891 3639 deque
938 3569 1224 3624 calumniis
1255 3584 1390 3638 quas
1434 3572 1734 3638 struxistis,
1782 3582 1876 3626 aut
1926 3580 2113 3626 notum

538 3663 609 3715 sit
638 3662 813 3727 vobis,
846 3672 903 3714 ut
934 3662 1126 3715 noxios
1168 3677 1199 3715 a
1240 3662 1445 3731 synodo
1482 3676 1577 3715 vos
1601 3677 1721 3719 esse
1747 3663 2108 3727 damnandos,

539 3754 891 3808 Athanasium
926 3767 1054 3806 vero
1104 3762 1159 3806 et
1217 3753 1393 3806 socios
1445 3753 1689 3808 insontes
1743 3756 1812 3808 ab
1860 3757 2113 3825 onmique

538 3847 766 3900 crimine
796 3860 960 3915 puros
986 3844 1363 3898 declarandos.
1398 3844 1468 3897 At
1491 3844 1566 3897 illi
1597 3846 1943 3901 conscientiae
1968 3857 2109 3901 metu

540 3937 809 3998 exterriti,
847 3934 1019 4004 magis
1050 3934 1118 3988 ad
1150 3933 1331 4004 fugam
1361 3934 1796 4003 impellebantur,
1827 3951 1986 4005 quam
2018 3936 2106 3990 lito

542 4027 673 4081 tcris
712 4025 1148 4094 obtemperarent
1186 4038 1351 4078 :cum
1403 4025 1546 4078 enim
1601 4026 1746 4080 viros
1781 4041 1810 4079 a
1858 4042 1915 4081 se
1953 4028 2109 4084 laesos

536 4129 718 4171 coram
748 4115 1148 4183 conspicerent,
1172 4126 1241 4166 ne
1261 4128 1528 4170 converso
1567 4116 1782 4184 quidem
1809 4118 1875 4171 ad
1899 4118 2108 4188 legatos

535 4206 687 4261 vultu
731 4206 971 4260 velocius
995 4204 1299 4274 fugiebant.
1882 4200 1887 4201 “

607 4303 695 4359 17.
726 4301 803 4356 lta
836 4301 1000 4372 igitur
1027 4301 1104 4355 illi
1139 4300 1368 4370 turpiter
1410 4309 1462 4353 et
1501 4300 1756 4356 indecore
1786 4302 1987 4372 fugam}
2020 4300 2102 4355 fe-

533 4412 677 4454 cere.
719 4396 884 4449 Sacra
915 4408 1043 4449 vero
1070 4397 1335 4463 synodus,
1364 4408 1425 4445 ex
1461 4394 1578 4464 plus
1623 4396 1836 4463 triginta
1864 4396 2103 4463 quinque

532 4486 825 4558 provinciis
854 4495 1062 4550 coacta,
1091 4485 1466 4539 animadversa
1502 4486 1825 4539 Arianorum
1857 4488 2102 4558 maligni-

2211 2010 2397 2076 ὐσιος
2425 2012 2477 2064 δὲ
2507 2014 2599 2066 καὶ
2639 2014 2686 2065 οἱ
2719 2012 2865 2066 ἄλλοι
2903 2012 3100 2075 πάντες
3132 2013 3421 2068 ἐπίσκοποι
3455 2015 3778 2087 πυκνότερον

2212 2104 2391 2167 αὐτοῖς
2431 2106 2717 2175 ἐσήμαινον
2755 2104 2853 2174 τὴν
2888 2103 3193 2175 προθυμίαν
3233 2105 3342 2157 τῶν
3376 2108 3509 2177 περὶ
3558 2106 3775 2159 Ἀθανάο

2174 2206 2178 2211 '
2213 2212 2346 2262 σιον,
2382 2197 2476 2249 καὶ
2508 2197 2582 2260 ὼς
2608 2197 2813 2266 ἕτοιμοι
2844 2196 2980 2267 πρὸς
3004 2196 3301 2264 ἀπολογίαν
3322 2199 3483 2262 εἰσιν,
3520 2197 3777 2266 ἐπαγγελ-

2210 2288 2422 2358 λόμενοι
2459 2286 2748 2356 διελέγχειν
2778 2286 2921 2357 ὑμᾶς
2960 2287 3332 2356 συκοφάντας·
3367 2286 3555 2354 ἔλεγόν
3598 2305 3685 2341 τε·
3720 2289 3775 2341 El

2212 2378 2461 2448 φοϐεῖσθε
2523 2378 2623 2448 τὴν
2676 2378 2875 2449 κρίσιν,
2910 2378 2963 2431 τί
2996 2379 3305 2448 ἀπηντᾶτε;
3351 2378 3460 2431 ἔδει
3495 2378 3608 2449 γάρ
3639 2379 3672 2449 ἧ
3708 2380 3777 2450 μὴ

2214 2470 2413 2535 ἐλθεῖν,
2458 2471 2492 2541 ἢ
2564 2469 2814 2533 ἐλθόντας
2877 2470 2951 2541 μὴ
3004 2470 3245 2539 φεύγειν.
3320 2472 3549 2524 Ἐκεῖνοι
3615 2472 3776 2527 ταῦτα

2211 2564 2517 2627 ἀκούοντες,
2545 2563 2639 2617 καὶ
2675 2563 2869 2634 μᾶλλον
2897 2564 3360 2633 καταπλήξαντες,
3392 2564 3776 2637 ἁπρεπεστέρᾳ.

2213 2655 2310 2725 τῆς
2334 2656 2393 2707 ἐν
2428 2654 2724 2724 ’Λντιοχείᾳ
2752 2653 3071 2725 προφάσεως
3115 2654 3248 2726 ἄλλῃ
3275 2656 3547 2727 προφάσει
3579 2657 3776 2728 χρησά-

2216 2764 2385 2817 μενοι,
2437 2746 2514 2810 ὡς
2566 2745 2827 2817 βασιλέως
2869 2745 3051 2808 αὐτοῖς
3096 2746 3334 2799 ἐπινίκια
3377 2747 3519 2800 κατὰ
3562 2749 3779 2819 Περσῶν

2211 2838 2535 2909 γράψαντος,
2582 2838 2943 2909 ἐπεχείρησαν
2996 2836 3235 2905 φεύγειν.
3282 2839 3393 2892 Καὶ
3445 2838 3653 2910 ταύτην
3686 2839 3776 2909 τὴν

2212 2930 2479 3001 πρόφασιν
2523 2930 2623 2983 οὐκ
2676 2928 3009 2991 αἰδεσθέντες
3067 2927 3313 2997 ἔπεμψαν
3367 2930 3436 2982 δι’
3485 2930 3777 2984 Εὑσταθίου

2212 3023 2578 3096 πρεσϐυτέρου
2612 3024 2708 3094 τῆς
2744 3022 2883 3075 κατὰ
2926 3019 3191 3092 Σαρδικὴν
3244 3020 3594 3093 Ἐκκλησίας.
3646 3024 3776 3076 Ἀλλ’

2213 3116 2333 3169 ούδέ
2376 3115 2545 3179 οὕτως
2577 3116 2757 3177 αὐτοῖς
2789 3116 2821 3184 ἡ
2853 3114 2996 3183 φυγὴ
3036 3112 3386 3183 καταθυμίως
3420 3115 3600 3187 ἀπέϐη
3636 3118 3775 3187 (73)‘

2140 3251 2183 3309 Ο
2216 3205 2373 3268 εὐθὺς
2416 3205 2524 3275 γὰρ
2563 3207 2595 3274 ἡ
2629 3203 2757 3271 ἁγία
2793 3202 3024 3265 σύνοδος,
3058 3198 3126 3274 ἦς
3160 3206 3464 3274 προήγοπ
3504 3202 3573 3276 ἦν
3624 3208 3652 3258 ὁ
3688 3208 3778 3277 μέ-

2219 3313 2319 3364 γας
2350 3296 2551 3356 Ὅσιος,
2606 3292 2841 3365 ἔγραψεν
2909 3294 3091 3356 αὐτοῖς
3142 3296 3410 3366 φανερῶς*
3452 3296 3487 3367 ἦ
3544 3298 3777 3368 ἀπαντή.

2221 3404 2346 3440 σατε
2381 3383 2837 3455 ἀπολογησόμενοι
2876 3386 3010 3458 πρὸς
3052 3384 3151 3448 τὰς
3210 3387 3609 3458 ἐπιφερομένας
3661 3390 3775 3443 καθ’

2216 3478 2366 3549 ὑμῶν
2403 3478 2751 3550 κατηγορίας.
2796 3478 2889 3531 καὶ
2927 3476 2993 3541 ἃς
3029 3478 3357 3548 εἰργάσασθε
3401 3481 3772 3548 συκοφαντίας,

2214 3573 2245 3642 ἢ
2277 3569 2589 3640 γινώσκετε,
2624 3571 2705 3623 ὅτι
2732 3570 2873 3639 ὑμᾶς
2902 3570 2998 3640 μὲν
3027 3568 3103 3633 ὼς
3136 3569 3528 3643 ὑπευθύνουςὴ
3569 3572 3775 3634 σύνοδος

2214 3663 2558 3734 κατακρίνει’
2590 3663 2716 3724 τοὺς
2747 3661 2802 3714 δὲ
2830 3661 2957 3731 περὶ
2991 3660 3306 3714 Ἀθανάσιον
3348 3662 3660 3732 ἐλευθέρους
3685 3666 3772 3718 καὶ

2212 3754 2481 3824 καθαροὺς
2522 3753 2629 3806 ἀπὸ
2657 3752 2836 3823 πάσης
2882 3752 3059 3815 αἰτίας
3104 3754 3487 3822 ἀποφαίνεται.
3556 3758 3769 3811 Ἐκεῖνοι

2210 3843 2384 3899 τοίνυν
2420 3844 2523 3897 ὑπὸ
2566 3844 2729 3912 φόϐου
2764 3842 2861 3895 τοῦ
2889 3840 3187 3907 συνειδότος
3223 3843 3520 3913 ἠλαύνοντο
3560 3847 3765 3916 μᾶλλον,

2209 3934 2241 4004 ἢ
2276 3938 2386 3997 τοῖς
2406 3936 2726 4006 γράμμασιν
2759 3936 3033 3989 ἐπείθοντο
3051 3953 3064 3967 ·
3103 3938 3196 3990 καὶ
3223 3936 3332 4008 γὰρ
3352 3939 3481 4001 τοὺς
3500 3940 3767 4009 ἀδικηθέν-

2206 4043 2305 4087 τας
2332 4028 2460 4097 παρ’
2488 4028 2667 4079 αὐτῶν
2706 4028 2954 4099 ὁρῶντες,
3002 4028 3121 4081 οὐδὲ
3167 4027 3303 4099 πρὸς
3346 4032 3477 4093 τοὺς
3525 4030 3764 4099 λέγοντας

2207 4118 2617 4187 ἐπεστρέφοντο,
2645 4117 2759 4171 ἀλλ’
2789 4118 3041 4191 ὀξύτερον
3063 4121 3309 4190 ἔφευγον.

2276 4295 2363 4347 17.
2404 4295 2656 4349 Ἐκείνων
2676 4297 2773 4366 μὲν
2812 4292 2903 4350 οὖν
2934 4298 3104 4362 οὕτως
3127 4299 3368 4369 αἰσχρῶς
3392 4302 3486 4354 καὶ
3514 4298 3762 4371 ἀπρεπῶς

2204 4388 2421 4455 γέγονεν
2462 4390 2495 4459 ἡ
2530 4393 2703 4459 φυγή·
2753 4391 2785 4459 ἠ
2825 4390 2882 4443 δὲ
2924 4391 3053 4459 ἁγία
3098 4390 3315 4455 σύνοδος
3349 4394 3381 4462 ἡ
3414 4395 3524 4446 ἀπὸ
3564 4393 3631 4445 λε’
3673 4392 3760 4444 καὶ

2204 4476 2362 4529 πλέον
2396 4478 2671 4549 ἐπαρχιῶν
2696 4479 3043 4549 συναχθεῖσα,
3076 4481 3372 4548 ἐπιγνοῦσα
3404 4482 3503 4552 τὴν
3532 4484 3633 4534 τῶν
3674 4484 3759 4533 ‘A-

537 4592 663 4646 tate,
704 4580 1062 4633 Athanasium
1113 4580 1399 4646 sociosque
1440 4579 1676 4642 admisit,
1730 4588 1787 4632 ut
1817 4594 1935 4634 sese
1970 4595 2100 4647 pur-

2211 4569 2434 4641 ρειανῶν
2468 4570 2814 4641 κακοήθειαν,
2851 4571 3066 4635 ἐδέξατο
3107 4574 3233 4635 τοὺς
3269 4573 3401 4642 περὶ
3460 4573 3759 4626 Ἀθανάσιον

532 4682 720 4740 garent
742 4671 809 4725 de
835 4671 1013 4725 allatis
1038 4668 1529 4735 criminationibus,
1573 4683 1802 4736 quarum
1832 4684 1992 4725 causa
2024 4678 2103 4725 tot

531 4765 742 4817 fuerant
773 4762 1172 4817 calamitatibus
1197 4759 1399 4813 aﬂlicti.
1438 4758 1733 4829 Postquam
1763 4770 1942 4814 autem
1982 4761 2102 4816 illas

533 4854 867 4922 depulissent
890 4867 954 4907 eo
981 4867 1087 4922 quo
1116 4866 1277 4920 supra
1310 4851 1594 4905 retulimus
1628 4852 1807 4914 modo,
1830 4866 1860 4906 a
1895 4854 2097 4923 synodo

534 4945 756 4999 admissi
787 4959 853 4999 ac
882 4960 1106 4999 summae
1138 4942 1486 5001 admirationi
1515 4941 1678 4995 habiti
1708 4951 1856 5008 sunt,
1884 4944 2020 4996 adeo
2045 4951 2101 4995 ut

530 5051 720 5090 eorum
751 5036 1182 5089 communionem
1237 5034 1694 5103 amplecterentur
1737 5048 1750 5084 :
1796 5048 1860 5088 ac
1923 5034 2099 5087 missis

530 5127 729 5196 ubique
758 5126 976 5191 litteris,
996 5126 1176 5180 missis
1202 5125 1327 5179 item
1369 5125 1419 5178 in
1450 5140 1885 5195 unamquamque
1923 5138 2097 5195 para:-

529 5219 690 5281 ciam,
728 5214 1065 5285 maximeque
1097 5214 1497 5279 Alexandriam,
1532 5215 1583 5267 in
1610 5213 1745 5284 IEgy
1761 5224 1937 5283 ptum,
1967 5223 2019 5268 et
2046 5213 2095 5267 in

528 5308 745 5378 Libyas,
787 5305 1140 5360 Athanasium
1203 5313 1257 5359 et
1321 5305 1533 5369 socios,
1586 5319 1750 5373 puros
1816 5306 2099 5372 omnisque

528 5400 769 5455 criminis
821 5407 1073 5466 expertes
1125 5410 1266 5462 esse,
1316 5393 1668 5449 declararunt
1708 5414 1720 5449 :
1754 5395 2100 5450 adversarios

527 5501 704 5544 autem
750 5491 986 5555 illorum,
1018 5490 1401 5560 sycophantas,
1439 5485 1810 5549 facinorosos,
1841 5500 1905 5539 ac
1938 5485 2097 5553 quid-

525 5584 607 5637 vis
638 5583 816 5651 potius
846 5597 1005 5651 quam
1036 5580 1398 5635 Christianos.
1433 5578 1553 5633 Illos
1618 5577 1782 5643 igitur
1809 5592 1931 5631 cum
1966 5582 2097 5645 pace

551 5753 554 5756 ,
602 5694 712 5763 (70)
745 5693 821 5748 Ita
852 5695 980 5765 Reg.
1002 5693 1163 5767 Editi.
1192 5690 1635 5761 κατακρίνεσθαι.
1668 5689 1915 5765 Utraque
1936 5689 2097 5745 lectio

535 5768 759 5833 4311;”er
778 5806 785 5813 .

607 5836 654 5899 ςῖ
672 5836 683 5883 l
702 5850 715 5899 λ
744 5834 891 5899 “egw
922 5832 985 5886 ἂν
1006 5833 1083 5887 δέ.

2206 4663 2287 4725 εἰς
2317 4662 2610 4731 ἀπολογίαν
2636 4664 2764 4734 περὶ
2787 4654 2860 4716 ὧν
2914 4664 3231 4727 πεπόνθασι,
3269 4667 3510 4718 κάκεῖνοι
3542 4662 3759 4735 κατηγό-

2208 4770 2412 4824 ρησαν’
2452 4754 2545 4807 καὶ
2581 4752 2755 4817 οὕτως
2798 4753 3327 4825 ἀπολογησαμένους,
3365 4756 3511 4828 ἅπερ
3557 4758 3611 4807 ἐν
3653 4756 3754 4814 τοῖς
3840 4811 3851 4819 ,

2204 4844 2513 4917 ἔμπροσθεν
2557 4847 2878 4917 εἰρήκαμεν,
2917 4845 3212 4909 ἀπεδέξατο
3254 4847 3350 4899 καὶ
3386 4846 3754 4919 ύτεερεθαύμα·
3834 4830 3837 4837 ’

2199 4954 2310 5003 σεν,
2342 4937 2482 4991 ὥστε
2505 4937 2697 5002 αὐτούς
2725 4956 2785 4991 τε
2820 4939 2911 4992 καὶ
2951 4936 3047 5006 τὴν
3088 4938 3372 4991 κοινωνίαν
3418 4939 3593 4992 αὐτῶν
3628 4940 3750 5003 ἀγαο

2198 5032 2387 5102 πῆσαι,
2414 5031 2509 5084 καὶ
2535 5032 2741 5103 γράψαι
2777 5029 3074 5101 πανταχοῦ,
3112 5031 3320 5101 γράψαι
3348 5048 3408 5083 τε
3442 5032 3533 5085 καὶ
3560 5032 3634 5092 είς
3660 5026 3748 5096 τὴν

2197 5120 2426 5175 ἑκάστου
2465 5121 2772 5191 παροικίαν,
2821 5120 2913 5171 καὶ
2959 5118 3191 5189 μάλιστα
3231 5120 3311 5182 εἰς
3368 5118 3749 5187 Ἀλεξάνδρειαν

2197 5214 2290 5267 καὶ
2314 5212 2411 5283 τὴν
2444 5212 2735 5279 Αἴγυπτον,
2789 5210 2883 5263 κα)⁹
2915 5210 2993 5273 είς
3042 5210 3138 5273 τὰς
3176 5208 3405 5273 Λιϐύας,
3459 5208 3747 5262 Ἀθανάσιον

2198 5304 2296 5375 μὲν
2321 5305 2412 5358 καὶ
2435 5304 2557 5365 τοὺς
2584 5303 2680 5354 σὺν
2707 5300 2854 5371 αὐτῷ
2880 5300 3151 5372 καθαροὺς
3173 5301 3265 5355 καὶ
3295 5302 3479 5371 πάσης
3512 5298 3747 5370 μέμψεως

2194 5396 2348 5459 ἐκτὸς
2375 5389 2535 5455 εἶναι,
2563 5394 2688 5455 τοὺς
2714 5392 2769 5445 δὲ
2806 5393 2924 5444 κατ’
2953 5390 3133 5443 αὐτῶν
3155 5392 3479 5461 γενομένους
3506 5384 3741 5453 συκοφάν-

2192 5506 2308 5551 τας,
2344 5486 2699 5558 κακούργους,
2737 5485 2830 5538 καὶ
2862 5483 3037 5536 πάντα
3086 5483 3285 5553 μᾶλλον
3342 5483 3375 5553 ἢ
3408 5474 3741 5553 Χριστιανοὺς

2191 5576 2495 5647 τυγχάνειν.
2552 5576 2852 5628 Ἀπέλυσαν
2901 5573 3031 5643 γοῦν
3085 5572 3282 5637 αὐτοὺς
3342 5572 3459 5645 μετ’
3507 5568 3735 5640 εἰρήνης’

2272 5689 2383 5760 (Ἱὲ)
2411 5688 2499 5743 Sic
2535 5689 2745 5760 Regio
2770 5690 2933 5744 editis
2957 5683 3048 5741 οὖν
3073 5687 3245 5760 deest.

2273 5756 2383 5832 (75)
2407 5761 2480 5815 Ita
2516 5760 2647 5831 Reg.
2678 5758 2817 5815 Editi
2846 5775 2991 5826 vero,
3012 5756 3206 5828 ἐπέϐη.
