3980 6500
241 381 340 438 715

1194 381 1517 440 HISTORIA
1560 382 1976 441 ARIANORUM
2020 384 2108 438 AD
2146 382 2540 440 MONACHOS.

3377 391 3483 448 71$

239 493 486 546 καθεῖλον
515 491 574 547 δε
595 492 862 562 Στέφανον
895 495 988 549 καὶ
1009 494 1385 566 Μηνόφαντον,
1429 492 1680 546 Ἀκάκιον
1717 511 1785 546 κα

1911 491 2199 557 dimisere;
2243 493 2576 562 Stephanum
2636 508 2786 559 vero,
2842 494 3280 566 Menophantum,
3335 499 3476 554 Aca-

237 587 274 638 Γ
275 583 506 656 εὼργιον
544 589 637 638 τὸν
669 587 728 638 ὲν
754 579 1061 658 Λαοδικείᾳ,
1090 584 1413 657 Ούρσάκιον,
1444 584 1538 636 κα)⁵
1573 583 1808 637 Οὐάλεν-

235 694 318 740 τα,
352 677 448 730 καὶ
474 676 748 747 Θεόδωρον
775 678 869 730 καὶ
894 677 1202 748 Νάρκισσον
1225 691 1240 706 ο
1268 675 1565 748 Γρηγόριον
1588 673 1696 746 γὰρ
1715 673 1807 727 τὸν

233 770 336 824 ἀπὸ
371 770 634 840 βασιλέως
668 771 748 832 είς
788 769 1192 842 Ἀλεξάνδρειαν
1225 768 1596 822 ἀποσταλέντα
1633 766 1805 832 οὕτως

232 861 604 932 ἁπεκήρυξαν,
651 862 727 924 ὡς
773 861 906 932 μηδὲ
960 862 1094 925 ὅλως
1147 861 1438 914 ἐπίσκοπον
1481 861 1804 932 γενόμενον,

235 951 364 1022 μηδὲ
401 950 516 1020 (74)
560 951 838 1020 ὀφείλοντα
877 950 1194 1022 Χριστιανὸν
1245 933 1603 1021 ὀνομάζεσθαι
1627 967 1640 981 ο
1667 948 1802 1019 ἡκύ-

235 1061 409 1116 ρωσαν
461 1043 594 1113 γοῦν
649 1045 741 1099 καὶ
787 1044 853 1108 ἃς
904 1043 1048 1110 ἔδοξε
1099 1044 1459 1106 καταστάσεις
1510 1041 1802 1104 ποιεῖσθαι,

231 1135 629 1209 προστάξαντες
672 1137 806 1208 μηδὲ
851 1136 1020 1199 αὑτὰς
1065 1136 1200 1200 ὅλως
1252 1137 1310 1190 ὲν
1369 1135 1663 1207 Ἐκκλησία
1689 1134 1802 1204 (75)

228 1230 586 1300 ὀνομάζεσθαι
632 1231 717 1284 διὰ
760 1231 820 1283 τὸ
862 1231 1048 1284 καινὸν
1090 1232 1187 1302 τῆς
1234 1230 1597 1301 παρανομίας.
1649 1229 1804 1284 Οὕτω

231 1322 326 1392 μὲν
368 1317 462 1376 οὖν
519 1321 833 1386 Ἀθανάσιος
883 1323 975 1376 καὶ
1021 1325 1068 1376 oi
1113 1324 1209 1375 σὺν
1267 1321 1415 1392 αύτῷ
1460 1321 1804 1392 ἀπελύθησαν

231 1415 343 1487 μετ’
378 1415 618 1486 εἰρήνης.
654 1414 736 1468 Τά
769 1431 826 1468 τε
865 1414 1166 1487 γράμματα
1192 1414 1300 1486 (76)
1337 1415 1392 1466 ὲν
1421 1413 1499 1485 τῷ
1534 1414 1673 1467 τέλει
1705 1414 1799 1482 γέ-

227 1522 463 1578 γραπται
505 1507 616 1575 (77)
657 1507 744 1560 διὰ
796 1506 858 1560 τὸ
914 1509 1088 1580 μῆκος
1131 1509 1230 1578 τῆς
1277 1507 1591 1579 ἐπιστολῆς*
1639 1509 1731 1561 καὶ
1765 1509 1804 1580 ἡ

229 1597 439 1659 σύνοδος
471 1597 792 1651 διαλέλυται.

291 1687 376 1742 18.
415 1689 554 1742 om:
582 1687 1013 1758 καθαιρεθέντες,
1057 1688 1173 1742 δέον
1217 1688 1312 1742 καὶ
1344 1688 1514 1750 οὕτως
1551 1688 1799 1758 ἠρεμεῖν,

223 1781 270 1832 οἱ
292 1781 345 1832 δὲ
375 1781 469 1832 καὶ
497 1781 635 1851 μετὰ
659 1780 754 1850 τὴν
780 1779 948 1843 οὕτως
975 1779 1205 1850 αἰσχρὰν
1232 1779 1409 1850 φυγὴν
1429 1778 1795 1842 κατελθόντες,

1908 585 2074 650 cium,
2109 583 2398 653 Georgium
2437 585 2820 654 Laodicenum,
2849 584 3155 658 Ursaeium,
3180 589 3472 657 Valentem,

1903 677 2245 732 Theodorum
2269 689 2324 732 et
2347 677 2660 734 Narcissum
2676 679 2990 749 deposuere.
3011 681 3143 734 Nam
3157 681 3474 752 Gregorium

1904 769 1972 822 ab
2006 768 2332 838 imperatore
2359 769 2746 824 Alexandriam
2771 770 3017 835 missum,
3049 774 3121 827 ita
3145 774 3477 843 proscripse-

1905 871 2054 928 runt,
2073 872 2129 917 ut
2151 863 2242 932 qui
2272 878 2544 932 nunquam
2560 865 2843 932 episcopus
2867 863 3074 925 fuisset.
3105 881 3205 920 nec
3227 866 3478 922 veleri-

1902 955 2110 1010 stianus
2125 955 2571 1011 essetvocandus.
2585 955 2750 1024 280
2767 955 3148 1010 ()rdinationes
3166 956 3326 1010 etiam
3337 971 3476 1026 quas

1905 1043 2099 1100 fecisse
2133 1044 2420 1114 putabatur
2443 1046 2622 1101 irritas
2655 1047 3031 1114 declararunt,
3064 1047 3480 1118 jusseruutque,

1902 1146 1970 1190 ut
2013 1152 2080 1192 ne
2111 1137 2522 1192 nominarentur
2541 1139 2759 1208 quidem
2786 1140 2836 1192 in
2863 1139 3138 1204 Ecclesiis,
3169 1139 3239 1196 ob
3269 1155 3474 1210 praeva-

1905 1227 2190 1283 ricationis
2223 1228 2587 1285 insolentiam.
2629 1230 2704 1285 Ita
2733 1246 2854 1286 cum
2894 1246 3028 1302 pace
3063 1231 3390 1289 Athanasius
3416 1243 3480 1289 et

1901 1319 2034 1373 socii
2061 1319 2272 1374 dimissi
2299 1329 2449 1374 sunt.
2478 1320 2696 1377 Litterae
2741 1337 2869 1378 vero
2896 1339 3083 1378 eorum
3125 1325 3194 1380 ob
3228 1326 3479 1394 epistolae

1904 1408 2270 1477 prolixitatem
2301 1409 2352 1464 in
2381 1411 2488 1468 line
2515 1422 2642 1466 sunt
2670 1412 2952 1481 adiunctae.
2987 1413 3076 1468 Sic
3107 1429 3271 1484 porro
3296 1415 3486 1471 soluta,

1903 1503 2145 1572 synodus
2178 1511 2281 1558 est.

2013 1681 2070 1736 8.
2101 1681 2203 1748 Qui
2257 1692 2434 1738 autem
2484 1683 2716 1754 depositi
2769 1683 3007 1750 fuerunt,
3043 1701 3179 1755 quos
3214 1688 3297 1743 vel
3344 1697 3475 1744 tunc

1902 1773 2184 1842 quiescere
2203 1791 2300 1846 par
2335 1775 2455 1843 fuit,
2477 1787 2596 1847 post
2621 1777 2758 1834 adeo
2783 1787 2992 1848 turpem
3025 1778 3224 1850 fugam,
3257 1780 3469 1851 digres-

223 1870 444 1923 τοιαῦτα
481 1871 736 1942 ἔδρασαν,
780 1869 855 1933 ὡς
899 1871 962 1922 ὲκ
1003 1869 1208 1922 τούτων
1245 1868 1446 1940 μικρὰς
1490 1868 1666 1920 αὐτῶν
1703 1866 1785 1929 τὰς

1905 1869 1973 1934 si,
1998 1868 2124 1922 talia
2163 1878 2546 1938 perpetrarunt
2582 1869 2816 1932 scelera.
2852 1879 2912 1926 ut
2941 1870 3080 1924 levia
3105 1871 3283 1939 priora
3331 1871 3466 1925 iaci-

224 1962 492 2033 προτέρας
523 1960 797 2032 δειχθῆναι
825 1961 1068 2032 πράξεις.
1107 1959 1322 2030 Ἐπειδὴ
1340 1958 1446 2030 γὰρ
1473 1959 1571 2012 οὐκ
1603 1957 1792 2029 ὴθέληο

223 2069 317 2106 σαν
345 2053 530 2117 αὐτοῖς
566 2053 616 2104 οἱ
652 2053 708 2106 ὲν
750 2052 1182 2123 Ἀδριανουπόλει
1215 2052 1558 2123 κοινωνῆσαι,
1588 2051 1663 2114 ὠς
1693 2068 1790 2120 φυ-

221 2144 403 2212 γοῦσιν
439 2143 549 2197 ἀπὸ
577 2144 675 2212 τῆς
707 2144 923 2196 συνόδου
961 2145 1053 2196 καὶ
1107 2143 1422 2207 ὑπευθύνοις
1459 2143 1787 2212 γενομένοις,

218 2235 524 2304 ἀνήνεγκαν
583 2233 795 2303 βασιλεῖ
848 2233 1230 2303 Κωνσταντίῳ,
1280 2233 1373 2286 καὶ
1425 2234 1787 2304 πεποιήκασιν

218 2327 320 2378 ἀπὸ
347 2326 451 2395 τῆς
479 2326 596 2378 ἐκεῖ
618 2326 954 2396 καλουμένης
981 2325 1250 2397 Φάϐρικος
1286 2325 1417 2380 δέκα
1448 2326 1558 2395 (78)
1587 2325 1787 2378 λαῖκῶν

218 2415 597 2486 ἀποτμηθῆναι
623 2415 721 2479 τὰς
759 2416 1013 2485 κεφαλὰς,
1054 2417 1450 2488 ὑπουργοῦντος
1478 2418 1662 2481 αὐτοῖς
1695 2418 1788 2470 καὶ

216 2509 290 2571 εἰς
321 2506 478 2559 τοῦτο
519 2506 834 2578 Φιλαγρίου,
868 2507 1028 2561 πάλιν
1062 2510 1176 2560 ἐκεῖ
1221 2509 1459 2580 κόμητος
1493 2508 1601 2579 (79)
1638 2524 1791 2576 γενο-

218 2598 394 2668 μένου.
433 2598 543 2650 Καὶ
578 2597 780 2652 τούτων
831 2598 898 2652 τὰ
937 2600 1194 2670 μνήματα
1232 2600 1334 2672 πρὸ
1371 2601 1468 2671 τῆς
1501 2599 1706 2664 πόλεώς
1733 2605 1787 2654 ὲ-

217 2705 347 2750 στιν,
379 2688 524 2761 ἅπερ
553 2690 947 2760 παρερχόμενοι
968 2691 1061 2743 καὶ
1092 2691 1251 2761 ἡμεῖς
1275 2692 1618 2762 ἑωράκαμεν.
1654 2687 1784 2746 Εἶτα

213 2779 397 2852 ὥσπερ
420 2781 532 2850 (80)
573 2781 1036 2850 κατορθώσαντες,
1065 2783 1146 2835 ὅτι
1165 2782 1251 2834 διὰ
1280 2780 1424 2834 τοῦτ’
1450 2781 1670 2851 ἔφυγον,
1695 2784 1781 2836 ἵνα

215 2873 286 2945 μὴ
327 2873 626 2944 ἐλεγχθῶσι
673 2874 1023 2941 συκοφάνται,
1081 2873 1225 2943 ἅπερ
1266 2872 1566 2936 ἐϐούλοντο,
1610 2873 1784 2926 ταῦτα

212 2965 301 3016 καὶ
331 2963 586 3034 βασιλεὺς
610 2962 848 3015 ἐκέλευε.
883 2962 1218 3031 Πεποιήκασι
1257 2960 1387 3030 γοῦν
1421 2963 1515 3014 καὶ
1551 2961 1658 3016 ἀπὸ
1685 2963 1783 3031 τῆς

221 3054 626 3125 Ἀλεξανδρείας
644 3055 723 3117 είς
742 3053 838 3122 τὴν
875 3053 1162 3123 Ἀρμενίαν
1187 3051 1532 3122 ἐξορισθῆναι
1555 3053 1784 3124 πρεσϐυ-

211 3149 395 3219 τέρους
429 3145 543 3212 δύο,
571 3145 668 3199 καὶ
683 3144 960 3206 διακόνους
988 3147 1138 3215 τρεῖς
1156 3161 1170 3174 ’
1197 3144 1289 3196 καὶ
1317 3145 1530 3215 Ἀρειον
1564 3143 1661 3212 μὲν
1689 3144 1784 3196 καὶ

1900 1975 2030 2012 nora
2072 1959 2138 2014 iis
2163 1959 2357 2014 collata
2383 1961 2732 2019 viderentur.
2763 1961 2896 2016 Nam
2928 1978 3048 2016 cum
3088 1963 3470 2031 Adrianopoli-

1899 2048 2007 2102 tani
2040 2049 2442 2104 communicare
2481 2065 2602 2105 cum
2632 2051 2761 2119 ipsis
2801 2050 3021 2115 nollent,
3075 2051 3216 2120 quod
3260 2052 3464 2107 scilicet

1895 2156 1924 2195 a
1983 2143 2191 2212 synodo
2239 2143 2577 2211 aufugissent
2631 2142 2952 2213 ﬂagitiisque
2995 2143 3212 2198 obnoxii
3259 2155 3459 2206 essent,

1895 2231 2014 2286 illos
2046 2233 2112 2286 ad
2160 2234 2542 2302 imperatorem
2592 2233 2854 2298 detulere,
2887 2234 3287 2304 clieeeruntque
3314 2245 3370 2290 ut
3395 2251 3478 2292 ex.

1895 2322 2142 2390 Fabrica,
2181 2324 2253 2378 ita
2270 2325 2424 2394 dicta
2457 2324 2685 2390 scilicet,
2723 2325 2907 2380 decem
2937 2325 3054 2378 laici
3087 2326 3264 2395 capite
3299 2334 3456 2380 lrttn-

1897 2425 2190 2470 carentur:
2226 2416 2327 2471 hac
2353 2417 2404 2472 in
2436 2432 2491 2472 re
2523 2416 2770 2470 ministro
2792 2417 2872 2471 usi
2895 2416 3186 2487 Philagrio,
3217 2417 3326 2473 illic
3347 2427 3459 2472 tum

1894 2508 2114 2560 comite.
2147 2506 2348 2562 Horum
2411 2519 2752 2564 monumenta
2782 2518 2908 2563 ante
2948 2509 3132 2563 urbem
3183 2509 3309 2573 sita,
3362 2523 3480 2562 nos--

1893 2598 2017 2653 illac
2050 2610 2400 2656 transeuntes
2423 2601 2676 2656 vidimus.
2732 2600 2932 2655 Deinde
2967 2601 3117 2668 quasi
3160 2615 3273 2653 rem
3317 2615 3459 2669 pra:-

1893 2690 2039 2745 clare
2068 2692 2388 2760 gessissent,
2413 2692 2556 2760 quod
2580 2691 2788 2746 scilicet
2823 2699 3104 2760 propterea
3128 2689 3483 2759 aulugissent'

1892 2798 1958 2836 ne
1986 2785 2332 2853 sycophantae
2356 2785 2912 2854 deprebcmlerentur,
2944 2785 3305 2853 quodcunque
3347 2782 3460 2853 pla-

1889 2873 2002 2928 cuit
2030 2873 2180 2941 ipsis,
2206 2873 2257 2927 id
2297 2873 2367 2927 ab
2398 2874 2722 2943 imperatore
2751 2872 2959 2941 jussum
2993 2873 3269 2927 est.‘Duos
3301 2873 3462 2942 igitur

1891 2963 2254 3034 presbyteros,
2308 2963 2678 3033 diaconosque
2706 2972 2816 3018 tres
2853 2964 2908 3018 in
2950 2964 3259 3017 Armeniam
3317 2964 3457 3018 rele-

1889 3055 2004 3125 gari
2037 3064 2300 3110 curarunt
2335 3057 2561 3110 :Arium
2599 3070 2730 3110 vero
2760 3063 2816 3110 et
2851 3057 3146 3118 Asterium,
3178 3055 3322 3108 illum
3358 3055 3458 3110 Pev

1890 3157 2094 3201 trarum
2132 3149 2186 3202 in
2236 3149 2542 3212 Palaestina,
2595 3149 2739 3203 hunc
2787 3149 2842 3201 in
2895 3148 3091 3201 Arabia
3120 3148 3458 3217 episcopum,

223 3237 516 3308 Ἀστέριον,
545 3235 638 3289 τὸν
666 3235 762 3306 μὲν
781 3235 888 3288 ἀπὸ
906 3234 1126 3306 Πετρῶν
1153 3235 1251 3304 τῆς
1272 3233 1632 3304 Παλαιστίνης
1650 3275 1664 3298 ,
1689 3233 1785 3287 τὸν

1891 3237 2032 3304 quod
2061 3241 2158 3292 abs
2201 3251 2259 3292 se
2295 3239 2631 3304 resiliissent,
2674 3254 2777 3293 non
2810 3239 2966 3293 modo
3018 3239 3068 3291 in
3120 3239 3478 3308 superiorem.

208 3328 260 3381 δὲ
295 3328 403 3381 ἀπὸ
428 3330 528 3398 τῆς
557 3327 839 3398 Ἀραϐίας,
864 3328 1213 3389 ἐπισκόπους,
1242 3327 1366 3388 τοὺς
1397 3326 1781 3396 ἀποπηδήσαν-

207 3400 300 3483 τᾶς
319 3419 415 3471 ἀπ’
443 3419 645 3482 αὐτῶν,
669 3419 728 3470 ού
763 3419 918 3489 μόνον
935 3417 1197 3488 ἐξώρισαν
1224 3419 1302 3479 εἰς
1315 3416 1410 3487 τὴν
1426 3416 1774 3488 ἄνωΔιϐύην,

208 3512 336 3564 ἀλλὰ
361 3513 458 3565 καὶ
481 3511 692 3582 ὕϐρεων
715 3513 1000 3581 μετασχεῖν
1025 3511 1222 3573 αὐτοὺς
1253 3512 1634 3580 πεποιήκασιν.

275 3603 359 3656 19.
389 3602 622 3656 Λούκιον
653 3601 708 3653 δὲ
745 3602 835 3652 τὸν
877 3601 975 3671 τῆς
1028 3601 1514 3672 Ἀδριανουπόλεως
1556 3601 1776 3653 ἐπίσκο-

206 3713 321 3754 πον.
345 3694 536 3764 ἐπειδὴ
571 3693 682 3764 (81)
709 3693 933 3746 ἔϐλεπον
957 3693 1125 3764 πολλῇ
1163 3695 1229 3763 τῇ
1265 3695 1385 3747 κατ’
1421 3693 1597 3746 αὐτῶν
1633 3697 1776 3762 παῤ-

206 3791 366 3860 ρησίᾳ
398 3785 703 3857 χρώμενον,
729 3785 822 3838 καὶ
853 3783 1139 3855 ἐλέγχοντα
1164 3784 1343 3837 αὐτῶν
1373 3785 1474 3854 τὴν
1503 3783 1775 3850 ἀσέϐειαν,

206 3881 538 3951 πεποιήκασι
589 3877 785 3942 πάλιν,
844 3877 1031 3948 ὥσπερ
1079 3877 1172 3930 καὶ
1220 3875 1512 3948 πρότερον,
1556 3876 1778 3931 ἁλύσεσι

205 3973 458 4043 σιδηραῖς
497 3969 716 4041 δεθῆναι
749 3969 839 4023 τὸν
870 3970 1140 4041 τράχηλον
1185 3971 1279 4023 καὶ
1309 3969 1406 4033 τὰς
1440 3973 1650 4042 χεῖρας,
1684 3970 1779 4023 καὶ

201 4063 376 4125 οὕτως
413 4062 705 4132 ἐξώρισαν,
755 4059 883 4114 ἔνθα
928 4061 1021 4114 καὶ
1062 4059 1429 4131 ἐτελεύτησεν,
1470 4062 1546 4124 ὡς
1586 4063 1779 4114 ἐκεῖνοι

201 4153 534 4221 γινώσκουσι
599 4152 709 4205 Καὶ
764 4151 1024 4221 Διόδωρον
1096 4153 1194 4223 μὲν
1267 4154 1561 4205 ἐπίσκοπον
1624 4154 1781 4205 ἔκτο-

203 4246 361 4310 πίζου
370 4262 477 4309 σιν,
524 4245 814 4316 Ὀλύμπιον
845 4245 901 4296 δὲ
934 4245 1023 4296 τὸν
1039 4243 1144 4296 ἀπὸ
1156 4242 1346 4307 Δίνων,
1365 4241 1648 4296 Θεόδουλον
1668 4242 1779 4313 (85)

275 4429 390 4499 (74)
425 4426 686 4499 ςίσῐὶρς.
725 4429 780 4482 In
811 4428 973 4499 editis
1009 4445 1154 4490 vero,
1188 4429 1280 4482 καί
1307 4436 1429 4482 ante
1462 4427 1616 4499 μηδέ.
1659 4426 1778 4480 Mox

204 4497 378 4561 Begu,
402 4497 724 4569 Ἥκύρωσαν
744 4498 890 4565 γοῦν.
924 4501 1082 4560 Editi.
1109 4499 1431 4568 Ἦκύρωσαν
1450 4497 1577 4569 γάρ.

274 4569 390 4640 (75)
417 4570 517 4640 Sic
539 4568 680 4640 Reg.
720 4569 878 4632 Editi,
909 4571 965 4623 ὲν
991 4569 1360 4640 Ἐκκλησίαις.

273 4636 387 4708 (76)
426 4636 679 4704 Epistolas
733 4640 818 4692 hic
865 4636 1188 4694 memorata!
1219 4642 1483 4692 habentur
1521 4637 1572 4708 in
1617 4636 1772 4704 Apol.

201 4707 388 4763 contra
432 4709 640 4770 Arium,
667 4725 814 4761 num.
845 4708 935 4768 41.
963 4711 1184 4776 ideoque
1217 4725 1320 4762 non
1365 4717 1489 4762 sttnt
1529 4707 1596 4760 ab
1621 4722 1774 4760 aina-

202 4779 505 4848 tinens-ibus
530 4779 596 4848 a_tl
621 4778 822 4831 calcem
855 4779 1013 4844 hujus
1043 4779 1222 4848 operis
1248 4778 1523 4844 appositae.

271 4849 390 4914 (77)
426 4847 516 4902 Sic
546 4846 674 4918 εἶρε.
708 4858 763 4903 et.
789 4849 948 4904 Basil.
980 4845 1147 4911 Editi,
1181 4849 1318 4902 male
1339 4889 1352 4913 ,
1373 4851 1430 4900 ὲν
1461 4847 1652 4918 εἰρήνῃ
1681 4845 1774 4914 γέ-

275 4935 466 4970 απται.

199 4935 514 5055 γρῗῖτὲτιξίο
547 4987 766 5056 Regius,
803 4998 856 5041 et
888 4987 1197 5042 Basiliensis
1221 4988 1410 5048 codex,
1463 4996 1517 5040 et
1547 4988 1616 5038 ita
1648 4987 1775 5057 legit

203 5056 448 5110 Νιιιιιιὶιις
481 5059 572 5122 qui
607 5061 764 5111 vertit.
799 5059 993 5111 decem.
1039 5059 1102 5111 Et
1150 5059 1262 5111 ha-c
1302 5072 1427 5110 vera
1479 5057 1636 5110 lectio
1669 5056 1772 5109 est.

201 5128 345 5182 Male
380 5128 544 5194 igitur
576 5127 794 5196 quidam
849 5128 1116 5182 Nannium
1179 5126 1318 5179 haud
1371 5129 1488 5180 sine
1537 5128 1776 5180 convitio

202 5201 497 5251 emetidare
549 5198 852 5251 voluerunt.
904 5198 1078 5260 Editi,
1118 5196 1385 5267 Φάϐρικος
1440 5196 1775 5267 δίκην-,λαῖμ-

203 5267 337 5327 κῶν,
375 5281 681 5332 perperam.
721 5268 792 5320 De
817 5268 1041 5322 Fabrica
1066 5265 1384 5321 Ammianus
1409 5265 1772 5330 Marcellinus,

203 5337 237 5390 ι.
281 5355 448 5393 sui.
491 5351 542 5390 c.
587 5338 620 5389 6
649 5355 662 5390 :
691 5335 908 5390 Omnem
949 5338 1140 5401 plebem
1176 5351 1292 5389 cum
1344 5335 1772 5399 Fabricensibus,

199 5423 422 5476 quorum
455 5406 564 5459 illic
593 5408 962 5478 (Adrianopoli
993 5405 1210 5476 scilicet)
1235 5405 1411 5474 ampla
1435 5417 1509 5459 est
1531 5407 1774 5461 multitu-

199 5479 287 5531 do,
319 5491 422 5528 ιιιιτ.

272 5547 384 5617 (79)
417 5546 509 5600 Sic
541 5544 700 5617 Basil.
737 5544 894 5615 Reg.,
929 5547 1046 5600 ἐκεῖ
1073 5546 1313 5617 κόμιτος,
1345 5544 1411 5599 de
1440 5559 1606 5600 more.
1631 5545 1772 5600 Editl

200 5629 303 5672 οοιι
336 5616 561 5678 habent,
589 5616 724 5669 ἐκεῖ.
838 5661 849 5671 .

269 5687 380 5758 (80)
417 5688 496 5740 Ita
560 5685 756 5756 Regius
801 5695 856 5740 et
896 5684 1057 5740 Basil.
1101 5685 1244 5741 Editi
1291 5699 1449 5749 vero,
1485 5678 1624 5738 εἶναι
1665 5685 1775 5740 ὥσ-

197 5773 321 5813 περ.

265 5775 380 5899 ἂι)
413 5828 508 5883 Sin
544 5825 674 5897 lleg.
711 5824 873 5894 Editi,
907 5825 1116 5897 ιπειδή.
1149 5820 1268 5881 Mox
1294 5821 1451 5895 Beg.,
1491 5823 1586 5878 καὶ
1619 5825 1774 5896 ἐλέγ-

1890 3330 2112 3402 Libyam
2165 3332 2491 3402 relegarunt,
2545 3335 2637 3388 sed
2676 3343 2731 3387 et
2793 3349 3016 3404 Operam
3075 3333 3340 3388 dederunt.
3395 3341 3454 3386 ιιι

1886 3423 2234 3480 contumeliis
2258 3422 2617 3480 abicerentur.

1957 3598 2044 3653 l9.
2091 3597 2313 3652 Lucium
2357 3613 2484 3652 vero
2529 3596 2908 3666 Adriauopolis
2946 3597 3279 3665 episcopum,
3323 3610 3450 3650 cum

1884 3708 2077 3760 magna
2106 3692 2396 3746 adversum
2424 3706 2482 3745 se
2506 3690 2755 3759 loquendi
2777 3690 2968 3744 ﬁducia
2991 3698 3249 3748 utentem.
3277 3704 3448 3743 suam-

1884 3799 1990 3851 que
2038 3783 2372 3852 impietatem
2442 3790 2822 3851 coarguentetn
2876 3788 3181 3844 cernerent,
3245 3779 3451 3832 catenis

1887 3877 2078 3931 ferreis
2122 3878 2344 3938 iterum,
2393 3877 2535 3945 quod
2584 3877 2695 3942 jam
2740 3875 2889 3941 prius
2941 3880 3184 3942 egerant,
3215 3870 3354 3924 collo
3399 3881 3451 3926 et

1886 3967 2130 4022 manibus
2166 3968 2358 4022 vinciri
2389 3976 2652 4022 curarunt.
2680 3985 2694 4020 :
2731 3967 2910 4035 itaque
2938 3965 3087 4018 illum
3119 3963 3173 4016 in
3205 3961 3472 4017 exsilium-

1887 4060 2193 4114 miserunt:
2221 4068 2384 4127 atque
2414 4057 2546 4122 illic,
2573 4067 2630 4110 ιιι
2677 4057 2777 4125 ipsi
2811 4055 2977 4124 probe
3011 4061 3228 4115 norunt,
3259 4051 3450 4105 deiun-

1886 4157 2006 4200 ctus
2037 4158 2119 4202 est
2147 4146 2283 4218 (82).
2323 4148 2614 4202 Diodorum
2659 4149 2786 4200 item
2835 4145 3144 4213 episcopum
3191 4141 3306 4195 loco
3338 4143 3450 4211 pel-

1887 4241 2024 4294 lunt.
2085 4241 2389 4310 Olympium
2440 4251 2618 4294 autem
2667 4238 2954 4300 [Eum-tun,
3012 4233 3448 4302 Theodulumque

1889 4444 2068 4495 χοντα.
2130 4425 2291 4493 Etliti,
2349 4427 2766 4496 κατελέγχοντα.
2823 4424 3228 4496 ριιειξίῐλιιοίιιῐιι
3285 4437 3447 4490 porro

1886 4493 2424 4566 AdrianOpnlitanum
2457 4493 2694 4565 spectant
2708 4536 2722 4557 ,
2749 4495 2986 4548 nonnihil
3010 4493 3274 4560 implicata
3289 4501 3442 4566 sunt:

1812 4555 1859 4614 D
1887 4577 2076 4632 putant
2109 4555 2322 4632 quidam
2357 4555 2614 4634 eum'jatu
2668 4555 2794 4618 ante
2835 4555 3141 4634 Romanam
3181 4561 3444 4634 synodum

1879 4631 2002 4689 anni
2031 4631 2137 4690 542
2160 4637 2242 4690 bis
2276 4638 2482 4691 catenis
2506 4631 2745 4688 'vint'tum
2795 4634 2992 4696 fuisse;
3037 4633 3179 4686 unde
3213 4631 3438 4700 colliga-

1821 4719 1828 4726 '
1881 4714 1966 4759 tur
1999 4707 2123 4760 illud
2158 4708 2266 4774 jam
2317 4708 2494 4766 tertio,
2531 4719 2671 4757 anno
2709 4704 2919 4759 scilicet
2947 4703 3089 4774 587,
3128 4701 3442 4774 contigisse.

1879 4777 1983 4829 Sed
2026 4771 2247 4829 minime
2301 4786 2447 4831 certa
2501 4790 2587 4827 res
2629 4783 2711 4827 est
2742 4792 2754 4825 :
2789 4775 2896 4826 imo
2925 4790 2993 4826 ex
3042 4773 3124 4827 his
3163 4771 3442 4824 Athanasii

1877 4847 2076 4906 verbis,
2102 4845 2290 4918 ὥσπερ
2325 4846 2417 4899 καὶ
2450 4845 2730 4918 πρότερον,
2759 4843 2980 4918 indicari
3013 4843 3222 4918 ridetur
3275 4841 3443 4918 semel

1880 4925 2087 4967 tantum
2130 4911 2270 4968 (ξιιιιι⁷
2305 4926 2459 4969 antea
2496 4911 2735 4968 'vinc'lum
2784 4913 2974 4968 fuisse.
3022 4915 3172 4968 Licet
3201 4912 3342 4963 enim
3389 4911 3462 4964 llr.-

1877 4986 2132 5053 Apologia
2175 4990 2238 5038 de
2280 4986 2446 5053 Fuga,
2474 5001 2617 5038 ιιιιιιι.
2669 4985 2732 5048 5,
2780 4985 3019 5051 legamus
3045 4984 3136 5036 τὸν
3185 4981 3441 5044 πολλάκις

1877 5055 2226 5129 τὰςηάλύσεις
2262 5057 2699 5129 φορέσανταηιιιιὶ
2727 5068 2934 5108 catenas
2963 5055 3155 5129 pluries
3188 5053 3401 5129 gestauit
3420 5068 3439 5116 ;

1847 5137 1935 5177 ἰιι
1961 5126 2087 5179 illud
2121 5125 2523 5193 pluries'actum
2557 5126 2661 5178 dici
2699 5135 2890 5192 pOtest,
2925 5127 3064 5195 quod
3092 5126 3171 5178 bis
3203 5125 3440 5189 contige-

1879 5197 1969 5249 rit.
1995 5196 2291 5249 Admodum
2317 5197 2475 5250 dubia
2513 5210 2600 5248 res
2630 5208 2729 5249 est.

2091 5264 2305 5354 ριιὶἱεκρ
2337 5265 2786 5354 ριιισιιινιιιμείιιξ
2808 5278 2933 5354 apte
2955 5260 3314 5354 annum
3335 5328 3400 5354 an

1950 5328 2062 5417 (85)
2097 5336 2228 5417 Quae
2257 5337 2323 5389 tle
2337 5328 2742 5417 Theoduloﬁliic
2773 5338 3088 5417 habentur,“
3107 5341 3314 5417 putant
3330 5328 3433 5417 ali-

1876 5403 1969 5476 qui
2008 5422 2114 5459 non
2145 5410 2416 5462 cohaerere
2450 5422 2570 5476 cum
2613 5406 2895 5476 Encyclica
2935 5403 3271 5476 Sardicensis
3301 5415 3430 5467 syn-

1875 5473 1964 5529 ndi
2018 5476 2276 5540 Enistola,
2324 5478 2412 5531 ubi
2460 5473 2766 5529 Theoduhis
2826 5473 2936 5541 jam
2987 5473 3185 5525 ohiisse
3239 5475 3444 5532 tertur,.

1877 5563 2026 5599 num.
2051 5545 2157 5610 45;
2190 5549 2278 5616 qui
2306 5547 2468 5609 enim,
2502 5547 2671 5601 aiunt.
2701 5552 2820 5616 post
2849 5542 3224 5616 Sardicensem
3267 5554 3432 5610 syno-

1877 5619 2003 5670 dutn
2036 5611 2223 5670 vexari
2249 5618 2315 5670 ab
2345 5615 2572 5668 Arianis-
2592 5613 2788 5680 potuit,
2833 5613 2922 5678 qui
2959 5611 3070 5680 jam
3105 5621 3231 5664 ante
3263 5623 3429 5679 syno-

1878 5688 2004 5739 dum
2031 5688 2300 5741 extinctus
2326 5683 2507 5738 esset?
2541 5679 2735 5738 vmm.
2785 5681 2917 5735 nihil
2964 5679 3061 5735 hic
3103 5679 3447 5736 diﬂicultatis.

1877 5759 2002 5819 erit,
2034 5756 2076 5810 si
2128 5757 2369 5809 dicamus
2392 5752 2748 5811 'l'heodulmn,
2803 5753 2984 5805 statim
3035 5761 3193 5819 atque
3245 5752 3437 5804 Ariani

1879 5826 2106 5881 Sardica
2132 5823 2466 5896 aulugientes
2516 5823 2569 5877 in
2614 5821 2900 5878 Thraciam
2930 5822 3320 5892 pervenissent,
3344 5819 3430 5874 lu-
