3980 6496
509 432 614 489 715

1036 431 1092 488 S.
1134 432 1495 488 ATHANASII
1531 431 1680 487 OPP.
1719 430 1900 485 PARS
1936 428 1976 484 Ι.
2017 461 2083 470 -
2122 428 2489 484 HISTORICA
2527 429 2615 485 ET
2653 417 3074 486 DOGMATICA:

3652 423 3750 486 πθ

513 551 907 621 Trajanopolis,
955 551 1143 607 ambos
1167 552 1413 607 Thracize
1443 553 1741 622 episcopos,
1764 551 2069 621 prohosque

2187 547 2266 600 ’.τὸν
2319 547 2427 601 ἀπό
2488 547 2586 618 τῆς
2647 547 3125 618 Τραϊανουπόλεως
3147 587 3162 612 ,
3236 545 3586 618 ἀμφοτέρους
3653 544 3754 600 ἀπὺ

515 646 633 699 illos
659 653 713 698 et
741 643 1068 700 orthodoxos
1102 644 1268 709 viros,
1302 661 1420 698 cum
1466 643 1653 698 haeresi
1693 658 1803 696 suae
1829 643 2075 696 adverte—

512 745 634 789 rent
670 747 791 790 esse
830 735 1245 796 infensissimos,
1279 735 1586 788 calumniati
1624 741 1768 786 sunt.
1830 732 1894 785 Et
1944 732 2072 786 illud

510 827 693 894 primo
729 835 953 894 egeram
985 825 1299 889 Eusebiani,
1345 838 1517 894 eaque
1559 829 1624 876 de
1677 838 1734 876 re
1783 825 2076 890 scripserat

515 917 813 983 imperator
838 917 1188 972 Constantius
1217 936 1231 979 ;
1266 917 1507 972 secundo
1543 916 1640 986 ipsi
1667 915 1966 971 calumnias
1994 931 2074 970 re-

513 1007 916 1076 dintegrarunt.
946 1007 1076 1062 Illud
1123 1018 1298 1062 autem
1344 1008 1538 1062 littera:
1586 1009 1850 1068 ferebant.
1879 1015 1937 1060 ut
1970 1021 2074 1062 nou

513 1097 677 1152 modo
733 1100 832 1167 ipsi
867 1099 1088 1153 urbibus
1137 1099 1492 1166 eeclcsiisque
1539 1099 1654 1152 suis
1707 1099 2073 1167 pellerentur:

515 1189 608 1243 sed
637 1199 697 1242 ut
719 1188 936 1255 capitali
968 1204 1146 1256 poena,
1179 1188 1350 1242 sicubi
1379 1189 1572 1256 reperti
1607 1189 1854 1253 fuissent,
1881 1189 2078 1258 plecte-

519 1289 720 1332 rentur.
750 1279 860 1334 lloc
902 1289 1081 1334 autem
1110 1281 1320 1335 tametsi
1371 1280 1693 1348 stupendum
1724 1291 1825 1346 est,
1878 1295 2077 1349 nequa.

513 1384 674 1438 quam
729 1370 962 1426 alienum
1021 1379 1200 1424 tamen
1256 1371 1324 1425 ab
1370 1385 1557 1425 eorum
1599 1373 1905 1441 proposito;
1951 1387 2076 1425 nam

517 1463 749 1531 idipsum
775 1478 894 1516 cum
937 1461 1003 1515 ab
1025 1462 1345 1516 Eusebiauis
1384 1462 1694 1527 didicerint,
1731 1463 2077 1532 haeredesque

516 1553 625 1607 sint
656 1552 868 1607 illorum
922 1553 1238 1622 impietatis.
1271 1562 1437 1622 atque
1476 1554 1740 1621 propositi
1767 1571 1782 1620 ;
1813 1565 1870 1608 ut
1899 1565 2078 1625 patres

515 1646 596 1701 sui
627 1646 678 1698 in
709 1643 962 1706 Thracia,
993 1645 1071 1698 sic
1095 1652 1150 1698 et
1183 1643 1254 1697 illi
1284 1643 1623 1698 Alexandriae
1654 1659 1774 1700 sese
1812 1646 2079 1701 terribiles

518 1736 775 1790 exhibere
801 1735 982 1789 conati
1017 1745 1144 1790 sunt
1186 1752 1200 1787 :
1233 1734 1546 1804 litterasque
1571 1735 1922 1793 obtinuerunt
1962 1738 2080 1805 qui-

517 1811 838 1895 bus-iussum
868 1837 986 1881 erat
1017 1827 1162 1880 utad
1204 1837 1387 1895 portus
1430 1825 1814 1895 ingressusque
1868 1828 2076 1880 urbiqu

516 1923 772 1974 custodiae
809 1929 1121 1988 agerentur,
1151 1935 1216 1974 ne
1273 1920 1307 1972 ii
1357 1920 1552 1987 quibus
1597 1919 1647 1972 id
1690 1934 2003 1974 concessum
2048 1936 2078 1974 a

515 2011 720 2082 synodo
755 2011 953 2075 fuerat,
995 2013 1059 2065 ad
1095 2027 1223 2066 suas
1255 2011 1522 2065 Ecclesias
1566 2012 1941 2079 remigrareut.
1972 2014 2081 2065 Au-

515 2114 694 2157 Ctores
752 2117 968 2172 quoque
1031 2102 1252 2157 fuerunt
1306 2112 1366 2156 ut
1420 2103 1624 2172 scripto
1690 2103 2082 2170 signiﬁcaretur

513 2195 896 2254 Alexandrinis
925 2193 1221 2262 iudicibus,
1255 2194 1399 2248 circa
1440 2195 1818 2258 Athanasium,
1841 2204 1894 2249 et
1925 2211 2085 2264 quos-

514 2288 636 2340 dam
663 2287 978 2341 nominatim
1009 2285 1307 2340 recensitos
1339 2285 1715 2357 presbyteros;
1746 2295 1802 2338 ut
1834 2286 1947 2340 sive
1977 2288 2084 2356 epi-

514 2393 739 2446 scopus,
774 2378 888 2432 sive
913 2377 1182 2446 quispiam
1209 2392 1272 2430 ex
1301 2377 1429 2440 illis,
1459 2377 1540 2433 vel
1587 2377 1640 2430 iu
1682 2377 1873 2430 urbem
1913 2378 1996 2431 vel
2031 2378 2081 2431 in

517 2467 650 2522 lines
675 2467 790 2536 ejus
813 2470 1086 2536 ingressus
1117 2467 1635 2534 deprehenderetur,
1684 2464 1853 2532 judici
1902 2467 2085 2521 liceret

516 2557 636 2614 istic
688 2568 930 2628 repertos
985 2558 1140 2626 281
1201 2557 1373 2626 capite
1424 2569 1694 2617 truncare.
1745 2556 1821 2610 Ita
1880 2559 2085 2614 scilicet

515 2648 734 2702 .Iudaica
753 2663 884 2703 nova
926 2647 1011 2699 illa
1045 2647 1264 2701 haeresis
1301 2662 1405 2699 non
1441 2649 1595 2701 modo
1617 2648 1887 2705 Christum
1920 2648 2086 2704 abne-

515 2748 628 2808 gat,
659 2739 751 2793 sed
785 2739 944 2792 etiam
972 2738 1276 2791 interﬁcere
1299 2738 1503 2792 didicit.

583 2831 675 2884 20.
713 2831 907 2890 Verum
938 2845 1000 2882 ue
1029 2831 1098 2882 ita
1131 2829 1342 2895 quidem
1376 2829 1798 2898 conquieverunt
1825 2829 1923 2883 illi.
1977 2829 2084 2884 Sed

515 2921 654 2984 sicut
683 2922 916 2989 ipsorum
970 2921 1237 2976 haereseos
1287 2929 1440 2989 pater
1483 2929 1738 2989 tanquam
1774 2924 1855 2976 leo
1894 2923 2088 2977 circuit

515 3028 760 3084 qumrens
795 3026 955 3080 quem
1001 3011 1253 3074 devoret;
1306 3011 1384 3064 sic
1424 3019 1478 3064 et
1529 3010 1604 3064 illi
1641 3023 1858 3079 accepta
1889 3013 2086 3082 publici

513 3102 771 3159 curriculi
800 3101 1506 3165 facultate,circumeuntes,
1535 3102 1579 3154 si
1609 3118 1742 3169 quos
1757 3102 2089 3159 offenderent

2177 640 2276 710 τῆς
2324 639 2546 711 Θρᾴκης
2593 639 2941 702 ἐπισκόπους,
3004 637 3244 707 ἀγαθοὺς
3303 637 3401 690 καὶ
3443 635 3754 709 ὀρθοδόξους

2177 733 2393 802 ἄνδρας,
2419 730 2604 802 ἐπειδὴ
2631 731 2911 802 ἑωράκασι
2939 729 3234 801 μισοῦντας
3278 729 3378 800 τὴν
3412 729 3650 800 αἵρεσιν,
3683 728 3754 782 διο

2177 823 2468 888 έδαλον,τδ
2491 825 2704 896 πρῶτον
2732 825 2830 895 μὲν
2865 826 2912 876 οί
2943 826 3069 897 περὶ
3101 823 3385 888 Εὑσέϐιον,
3418 823 3516 877 καὶ
3554 822 3752 895 ἔγραψε

2180 913 2430 984 βασιλεὺς
2470 915 2864 978 Κωνστάντιος,
2909 915 2969 968 τὸ
3018 914 3272 986 δεύτερον
3317 914 3374 967 δέ
3435 914 3750 985 ὑπέμνησαν

2177 996 2342 1058 οὗτοι.
2375 999 2484 1057 Ἦν
2516 1003 2572 1056 δὲ
2616 1003 2684 1056 τά
2726 1004 3002 1075 γραφέντα
3064 1002 3138 1074 μὴ
3181 1003 3343 1075 μόνον
3395 1003 3748 1058 ἐκϐάλλεσθαι

2177 1096 2282 1151 τῶν
2321 1095 2526 1149 πόλεων
2564 1095 2657 1149 καὶ
2693 1094 2801 1148 τῶν
2854 1094 3191 1166 Ἐκκλησιῶν
3229 1095 3452 1158 αὐτοὺς,
3485 1094 3623 1148 ἀλλὰ
3666 1096 3746 1154 καὶ

2178 1186 2479 1258 κεφαλικὴν
2537 1186 2736 1245 διδόναι
2792 1185 2966 1256 δίκην,
3010 1186 3060 1238 εί
3103 1202 3209 1238 που
3269 1184 3546 1257 εὑρεθεῖεν
3588 1180 3750 1241 οὗτοι..

2178 1277 2344 1332 Τοῦτο
2371 1279 2427 1331 δὲ
2466 1280 2512 1331 εί
2552 1277 2644 1332 καὶ
2679 1276 3006 1347 θαυμαστὸν,
3039 1276 3155 1329 ἀλλ’
3201 1277 3302 1330 ούκ
3342 1275 3630 1348 ἀλλότριον
3661 1277 3754 1349 τῆς

2178 1369 2545 1443 προαιρέσεως
2591 1368 2798 1423 αὐτῶν·
2843 1367 2916 1431 ὡς
2951 1367 3059 1439 γὰρ
3095 1367 3361 1438 μαθόντες
3405 1367 3469 1420 τὸ
3515 1368 3754 1422 τοιοῦτον

2179 1461 2286 1514 ἀπὸ
2314 1460 2423 1514 τῶν
2453 1460 2582 1531 περὶ
2607 1459 2888 1525 Εὑσέὸιον,
2930 1459 3023 1516 καὶ
3063 1459 3254 1529 ὥσπερ
3301 1458 3634 1530 κληρονόμοι
3663 1459 3756 1532 τῆς

2179 1551 2432 1615 ἀσεϐείας
2468 1552 2560 1604 καὶ
2605 1549 2706 1620 τῆς
2743 1549 3112 1620 προαιρέσεως
3151 1549 3331 1602 αὐτῶν
3375 1549 3752 1620 τυγχάνοντες,

2177 1643 2464 1713 ἠθέλησαν,
2489 1641 2564 1705 ὡς
2592 1643 2640 1692 οί
2665 1640 2898 1710 πατέρες
2926 1639 3101 1692 αὐτῶν
3144 1641 3202 1692 ἐν
3231 1642 3298 1711 τῇ
3351 1640 3570 1714 Θρᾴκῃ,
3622 1641 3757 1695 οὓτω

2179 1735 2273 1788 καὶ
2301 1728 2444 1787 οὗτοι
2469 1734 2525 1784 ἐν
2555 1733 2620 1802 τῇ
2667 1728 3037 1801 Ἀλεξανδρείᾳ
3081 1729 3349 1802 φοϐεροὺς
3380 1732 3612 1796 ἑαυτοὺς
3654 1733 3755 1786 δεῖ·

2180 1825 2300 1891 ξοιι⁸
2349 1824 2445 1877 καὶ
2509 1821 2722 1876 ποιοῦσι
2777 1821 3072 1893 γραφῆναι,
3134 1820 3277 1874 ὥστε
3337 1823 3468 1885 τοὺς
3540 1822 3756 1894 λιμένας

2181 1917 2276 1969 καὶ
2305 1915 2416 1986 (84)
2441 1917 2540 1978 τὰς
2565 1913 2802 1974 εἰσόδους
2826 1911 2932 1965 τῶν
2964 1911 3172 1965 πόλεων
3202 1912 3525 1984 τηρεῖσθαι,
3570 1914 3758 1985 μήπως

2181 2008 2268 2061 διὰ
2294 2007 2391 2078 τὴν
2423 2006 2532 2060 ἀπὸ
2583 2004 2685 2074 τῆς
2733 2004 2950 2057 συνόδου
3002 2004 3346 2076 συγχώρησιν
3393 2005 3756 2061 ἐπανέλθωσιν

2182 2101 2262 2163 είς
2297 2098 2396 2162 τὰς
2449 2096 2788 2167 Ἐκκλησίας.
2831 2093 3049 2148 Ποιοῦσι
3091 2095 3148 2148 δέ
3187 2096 3467 2168 γραφῆναι
3520 2099 3615 2151 καὶ
3649 2102 3758 2168 τοῖς

2184 2191 2288 2264 [ἐν]
2339 2189 2710 2262 Ἀλεξανδρείᾳ
2748 2191 3061 2254 δικασταῖς,
3118 2191 3247 2262 περὶ
3303 2191 3625 2246 Ἀθανασίου
3669 2195 3756 2247 καὶ

2185 2283 2567 2356 πρεσϐυτέρων
2599 2281 2761 2336 τινῶν
2798 2281 2859 2347 ἐξ
2889 2282 3170 2353 ὀνόματος,
3224 2283 3330 2347 ἵνα,
3379 2284 3495 2336 εἴτε
3547 2285 3758 2338 ἐπίσκο-

2185 2393 2304 2439 πος,
2345 2375 2450 2428 εἴτε
2473 2392 2556 2438 τις
2583 2373 2644 2442 ἐξ
2674 2373 2893 2426 ἐκείνων
2916 2373 3163 2444 εὑρεθείη
3191 2373 3290 2442 τῆς
3332 2372 3546 2437 πόλεως
3581 2373 3614 2444 ἦ
3657 2373 3757 2428 τῶν

2184 2468 2324 2540 ὅρων
2361 2468 2529 2538 αὐτῆς
2563 2465 2777 2528 ἐπιϐὰς,
2806 2465 2898 2536 ἐξῇ
2927 2463 3004 2538 τῷ
3036 2463 3265 2535 δικαστῇ
3293 2464 3404 2517 τῶν
3436 2465 3755 2536 εὑρισκομέ-

2185 2576 2290 2612 νων
2309 2559 2406 2621 τάς
2429 2557 2668 2626 κεφαλὰς
2698 2555 3045 2626 ἀποτέμνειν.
3083 2555 3269 2619 Οὕτως
3291 2557 3325 2626 ή
3374 2556 3644 2626 Ἰουδαῑκὴ
3671 2557 3761 2609 νέα

2185 2650 2390 2722 αἵρεσις
2443 2650 2503 2702 ού
2557 2648 2712 2718 μόνον
2763 2649 3007 2718 ἀρνεῖται
3067 2647 3160 2701 τὸν
3199 2647 3430 2721 Κύριον,
3480 2649 3621 2702 ἀλλὰ
3669 2651 3757 2704 καὶ

2188 2739 2432 2811 φονεύειν
2477 2739 2813 2810 μεμάθηκεν.

2255 2833 2345 2887 20.
2387 2831 2520 2886 Οὐδέ
2572 2829 2712 2883 οὕτω
2761 2829 2817 2882 δέ
2862 2830 3121 2900 ἠρέμουν,
3155 2829 3268 2882 ἀλλ’
3295 2829 3488 2902 ὥσπερ
3521 2833 3550 2886 ὁ
3590 2832 3762 2904 πατὴρ

2187 2927 2285 2998 τῆς
2313 2924 2574 2994 αἱρέσεως
2607 2921 2783 2975 αὐτῶν
2812 2921 3155 2993 περιέρχεται
3177 2922 3252 2986 ὡς
3284 2923 3445 2988 λέων,
3476 2923 3655 2995 ζητῶν
3683 2926 3760 2978 τί·

2187 3039 2255 3074 να
2282 3019 2542 3091 καταπίῃ,
2572 3017 2744 3080 οὓτως
2781 3013 2923 3070 οὗτοι
2954 3016 3210 3087 δημοσίου
3245 3017 3448 3088 δρόμου
3491 3019 3588 3090 τὴν
3618 3019 3761 3083 ἐξου-

2191 3115 2312 3168 σίαν
2357 3111 2609 3174 λαϐόντες
2655 3110 2748 3163 καλ⁸
2805 3111 3235 3182 περιερχόμενοι,
3284 3109 3345 3163 δν
3385 3111 3452 3165 ἃν
3509 3110 3763 3182 ηὕρισκον

515 3194 604 3264 qui
638 3192 816 3262 fugam
853 3193 952 3246 sibi
1008 3193 1423 3260 exprobrarent,
1475 3193 1844 3262 Arianamque
1875 3210 2084 3249 aversa-

2187 3206 2508 3270 ὀνειδίζοντα
2551 3203 2759 3266 τούτοις
2809 3202 2906 3274 τὴν
2953 3202 3148 3274 φυγὴν,
3219 3204 3314 3256 καὶ⁹
3362 3203 3628 3274 μισοῦντα
3670 3205 3761 3275 τήν

516 3293 700 3349 rentur
727 3281 998 3349 haeresim,
1018 3281 1116 3333 hos
1138 3279 1316 3348 ﬂagris
1348 3281 1580 3346 Ctntillltl,
1616 3283 1881 3346 vinciunt,
1913 3285 2085 3352 patria

515 3385 715 3443 roguut
742 3373 1012 3426 exsulare.
1054 3371 1369 3439 Tantusque
1419 3383 1595 3427 terror
1653 3376 1926 3429 hominum
1973 3377 2088 3436 illo-

516 3485 634 3523 rum
668 3467 785 3534 fuit,
819 3477 876 3520 ut
909 3466 1056 3519 multi
1090 3469 1155 3520 ad
1203 3466 1558 3519 simulandum
1607 3467 1782 3520 adacti
1840 3467 2040 3522 fuerint
2071 3487 2084 3522 :

517 3560 670 3615 inulti
703 3561 754 3614 in
783 3559 1124 3615 solitudinem
1158 3558 1344 3628 fugere
1369 3558 1609 3623 mallent,
1645 3574 1805 3628 quam
1844 3560 1950 3614 ullo
1971 3577 2086 3615 mo-

516 3654 585 3707 do
625 3668 745 3707 cum
796 3653 899 3707 illis
939 3651 1359 3707 communicare.
1391 3651 1514 3706 llaec
1548 3662 1667 3720 post
1706 3650 1883 3722 fugam
1939 3664 2090 3708 erant

516 3743 805 3807 furentium
839 3743 1107 3798 hominum
1143 3740 1523 3798 facinoraJmo
1559 3758 1681 3798 vero
1703 3761 1897 3798 novum
1919 3747 2088 3812 quod-

518 3839 641 3890 dam
694 3837 871 3890 scelus
896 3835 1302 3904 aggrediuntur,
1334 3849 1520 3888 eorum
1574 3851 1702 3888 sane
1737 3837 1928 3889 haeresi
1964 3852 2090 3890 con-

519 3939 835 3986 sentaneum
867 3947 881 3981 :
924 3942 1109 3979 verum
1135 3926 1276 3994 quod
1312 3941 1408 3979 nec
1433 3936 1558 3980 ante
1593 3928 1854 3991 auditum,
1919 3943 2090 3996 neque

521 4023 661 4077 forte
713 4035 944 4088 unquam
999 4018 1236 4072 futurum
1261 4019 1351 4083 sit,
1402 4034 1468 4072 ne
1525 4020 1606 4071 vel
1648 4019 1784 4088 apud
1815 4021 2088 4087 gentilium

521 4113 1001 4185 petulantissimos,
1032 4112 1224 4164 nedum
1255 4112 1392 4181 apud
1431 4111 1783 4166 Christianos.
1814 4113 1942 4166 Nam
1967 4129 2087 4166 cum

519 4222 673 4261 sacra
730 4205 969 4274 synodus
1027 4202 1230 4273 legatos
1284 4201 1568 4270 episcopos
1621 4203 1858 4256 misisset
1918 4205 2088 4271 (ANNO

517 4299 664 4368 548),
694 4295 992 4351 Viceutium
1025 4294 1239 4364 Capuae,
1264 4310 1382 4364 qua:
1410 4296 1722 4364 metropolis
1753 4303 1834 4348 est
1859 4295 2088 4362 Campa-

517 4395 644 4461 niae,
665 4391 1000 4462 episcopum.
1037 4399 1091 4443 et
1135 4389 1458 4457 Euphratem
1491 4388 1818 4457 Agrippinae,
1841 4404 1959 4456 qua:
1987 4402 2092 4440 me-

519 4485 742 4554 tropolis
769 4494 851 4538 est
893 4483 1078 4538 Gallia:
1108 4480 1418 4549 Superioris
1453 4500 1466 4535 ι
1501 4490 1576 4544 ιιι,
1630 4491 1788 4548 prout
1813 4481 2086 4535 decretqu

2197 3295 2478 3368 Ἀρειανὴν
2521 3295 2767 3366 αἵρεσιν,
2817 3293 3038 3357 τούτους
3082 3293 3395 3365 ἐμάστιζον,
3457 3297 3761 3367 ἐδέσμευον,

2187 3389 2400 3442 ἐποίουν
2429 3387 2763 3459 ἐξορίζεσθαι
2799 3388 2898 3458 τῆς
2923 3387 3057 3451 ἰδίας
3089 3387 3346 3459 πατρίδος
3366 3406 3379 3417 ·
3412 3389 3676 3460 φοϐερούς
3705 3405 3761 3442 τε

2188 3480 2411 3541 ἑαυτοὺς
2457 3477 2628 3542 οὕτως
2668 3479 2901 3541 ἐποίουν,
2955 3478 3029 3542 ὡς
3070 3479 3297 3543 πολλοὺς
3333 3481 3434 3552 μὲν
3475 3481 3763 3553 ὑποκριτὰς

2190 3571 2430 3641 ποιῆσαι,
2460 3570 2685 3634 πολλοὺς
2718 3571 2774 3623 δὲ
2818 3571 2899 3634 εἰς
2929 3572 3162 3642 ἐρημίας
3208 3572 3455 3641 φεύγειν,
3495 3575 3529 3646 ἢ
3563 3575 3763 3638 τούτοις

2189 3661 2469 3732 βούλεσθαι
2515 3661 2614 3716 κᾶν
2649 3663 2785 3726 ὅλως
2835 3664 3217 3734 συντυγχάνειν
3247 3666 3382 3738 (83).
3443 3669 3677 3722 Τοιαῦτα
3701 3663 3762 3740 ἦν

2188 3757 2366 3810 αὐτῶν
2414 3756 2549 3827 μετὰ
2591 3757 2688 3828 τὴν
2731 3758 2907 3828 φυγὴν
2945 3759 3044 3829 τῆς
3077 3759 3275 3829 μανίας
3319 3761 3390 3815 τὰ
3421 3762 3757 3833 τολμήματα.

2187 3848 2299 3900 Καὶ
2333 3847 2440 3920 γὰρ
2474 3849 2567 3900 καὶ
2608 3847 2806 3919 δρῶσιν
2850 3849 2975 3902 ἄλλο
3015 3868 3066 3902 τι
3113 3851 3320 3914 καινὸν,
3360 3853 3500 3924 ὅπερ
3543 3855 3639 3924 τῆς
3670 3853 3758 3924 μὲν

2187 3939 2452 4011 αἱρέσεως
2498 3940 2676 3993 αὐτῶν
2711 3942 2825 3994 ἐστι
2852 3941 3204 4012 κατάλληλον,
3239 3943 3394 3997 οὔπω
3417 3945 3478 3998 δὲ
3511 3947 3757 4017 πρότερον

2188 4030 2448 4101 ἠκούσθη,
2476 4031 2589 4084 ἀλλ’
2619 4033 2738 4085 οὐδὲ
2770 4033 2910 4104 τάχα
2944 4036 3231 4106 γενήσεταί
3267 4055 3397 4090 ποτε
3442 4038 3565 4091 οὐδὲ
3621 4040 3755 4110 παρὰ

2187 4126 2298 4186 τοῖς
2326 4124 2738 4196 ἁσελγεστέροις
2759 4126 2866 4179 τῶν
2904 4128 3189 4198 Ἑλλήνων,
3229 4133 3429 4200 μήτιγε
3472 4133 3620 4204 παρὰ
3655 4132 3754 4202 (86)

2188 4216 2553 4284 Χριστιανοῖς.
2620 4217 2730 4286 Τῆς
2791 4219 2899 4290 γάρ
2948 4220 3110 4288 ἁγίας
3160 4222 3376 4275 συνόδου
3430 4224 3753 4294 πρεσϐευτὰς

2188 4304 2582 4372 άποστειλάσης
2643 4306 2992 4372 ἐπισκόπους,
3054 4310 3329 4364 Βικέντιον
3385 4314 3486 4383 μὲν
3539 4315 3626 4366 τὸν
3657 4313 3754 4367 ἀπὸ

2188 4392 2421 4464 Καπύης
2447 4393 2582 4462 (ἔστι
2632 4394 2687 4446 δὲ
2715 4393 2853 4467 αὕτη
2889 4399 3216 4468 μητρόπολις
3254 4402 3749 4474 τῆςΚαμπανίας).

2188 4483 2479 4556 Εὐφράτην
2493 4484 2551 4536 δὲ
2579 4485 2668 4537 τὸν
2696 4487 3353 4561 ἀπὸἈγριππίνης(ἔστι
3385 4493 3444 4547 δὲ
3481 4496 3575 4548 καὶ
3626 4495 3750 4565 αὕτη

518 4594 545 4630 a
575 4577 779 4648 synodo
808 4575 1001 4639 fuerat,
1028 4574 1320 4641 imperator
1352 4573 1634 4639 episcopos
1665 4572 1714 4624 in
1743 4587 1868 4624 suas
1893 4573 2084 4626 reverti

2195 4574 2526 4645 μητρόπολις
2579 4579 2676 4646 τῆς
2727 4577 2836 4631 ἅνω
2867 4579 3137 4647 Γαλλίας),
3195 4584 3302 4648 ἵνα,
3359 4585 3437 4648 ὡς
3479 4588 3512 4657 ή
3557 4587 3752 4650 σύνοδος

518 4656 777 4722 ecclesias
816 4663 1154 4728 concederet,
1189 4677 1324 4730 quos
1371 4676 1565 4731 nempe
1610 4661 1904 4729 expulisset
1954 4663 2087 4728 ipse,

519 4761 620 4811 etsi
660 4754 1127 4810 commendatitias
1173 4767 1269 4820 pro
1307 4751 1575 4819 episcopis
1621 4751 1830 4806 litteras
1856 4752 2090 4806 misisset

519 4849 675 4901 fratri
713 4862 810 4900 suo
857 4846 1132 4914 piissimus
1164 4841 1465 4906 Constans;
1500 4851 1554 4894 at
1584 4841 1885 4896 admirandi
1919 4843 2092 4896 homi-

521 4953 640 5004 nes,
663 4939 728 4990 ad
755 4951 1020 5004 omneque
1047 4935 1221 4991 scelus
1245 4933 1614 4996 audacissimi,
1644 4933 1732 4987 ubi
1758 4933 1876 4988 illos
1903 4935 2090 4989 Antio-

521 5028 656 5082 chia:
684 5039 1034 5094 conspexere,
1055 5038 1162 5076 una
1180 5021 1460 5078 consilium
1493 5023 1703 5086 ineunt,
1735 5023 1882 5078 solus
1909 5033 2090 5081 tamen

522 5117 852 5189 Stephanus,
883 5125 1064 5185 utpote
1094 5113 1162 5168 ad
1213 5128 1302 5168 res
1339 5111 1643 5180 huiusmodi
1671 5116 1837 5182 probe
1869 5130 2091 5185 compa-
2133 5111 2143 5125 “

521 5253 797 5327 gatumab
827 5250 1071 5327 Arianis,
1115 5250 1387 5327 interiisse
1417 5257 1704 5327 antequam
1740 5249 1913 5304 soluta
1963 5251 2090 5327 sar-

521 5319 756 5380 dicensis
803 5321 1040 5393 synodus
1062 5330 1221 5375 esset.
1251 5319 1358 5374 Res
1380 5331 1527 5393 certa
1561 5320 1772 5372 videtur
1801 5334 1819 5393 :_
1852 5335 1973 5393 nam
2002 5321 2089 5393 hic

520 5389 849 5450 Athanasius
907 5407 994 5445 res
1061 5392 1239 5445 statim
1292 5405 1319 5442 a
1376 5389 1499 5458 fuga
1543 5399 1727 5457 gestas
1771 5389 1839 5440 ab
1870 5390 2088 5444 Arianis

522 5473 761 5518 etiarrat.
788 5463 1113 5529 Certumque
1135 5470 1221 5514 est
1245 5461 1474 5522 rmpisse
1510 5458 1770 5529 synodum
1797 5470 1911 5521 post
1930 5459 2086 5529 Aria-

523 5550 714 5588 norum
754 5531 954 5600 fugam.
983 5526 1040 5584 et
1072 5531 1406 5599 aliquantum
1441 5526 1698 5600 temporis
1723 5530 1965 5600 durasse.
1993 5526 2087 5600 Li-

524 5614 610 5658 cet
641 5596 836 5656 autem.
868 5603 1112 5670 quaedam
1155 5596 1410 5670 superius
1455 5598 1722 5670 enarrarit
1759 5596 2087 5670 Athanasius

527 5688 646 5739 qua:
676 5665 901 5724 nonuisi'
924 5679 1045 5737 post
1088 5665 1340 5739 solutam
1373 5668 1632 5737 synodqu
1650 5665 1965 5739 contigisse
2002 5670 2082 5720 vi-

527 5735 748 5801 dentur,
791 5735 1038 5791 videlicet
1065 5755 1183 5806 qua:
1227 5738 1381 5803 paulo
1403 5735 1537 5790 ante
1583 5735 1746 5806 refert
1777 5737 1842 5788 de
1874 5736 2005 5792 Ario
2031 5748 2084 5792 et

523 5812 742 5871 Asterio
772 5809 1054 5875 episcopis,
1086 5805 1210 5870 hoc,
1232 5810 1469 5872 inquam,
1500 5805 1630 5858 nihil
1657 5806 1851 5873 negotii
1877 5805 2036 5861 faciat
2062 5827 2077 5871 ξ

525 5897 630 5942 non
684 5878 872 5932 ordine
917 5878 1112 5948 quippe
1166 5893 1250 5931 res
1294 5886 1470 5947 gestas
1517 5885 1761 5933 recenset
1801 5875 1934 5949 ipse,|
1981 5880 2077 5939 sed

2195 4663 2396 4735 ἔκρινε,
2433 4667 2759 4737 συγχωρήσῃ
2796 4666 3043 4736 βασιλεὺς
3076 4671 3157 4733 εἰς
3191 4671 3290 4735 τὰς
3319 4673 3612 4746 ἐκκλησίας
3637 4677 3752 4738 τοὺς

2196 4755 2527 4818 ἐπισκόπους
2577 4756 2907 4821 ἐπανελθεῖν,
2949 4760 3135 4832 ἐπειδὴ
3182 4765 3276 4816 καὶ
3305 4765 3469 4829 αὐτὸς
3509 4765 3747 4833 ἐξέϐαλε’

2197 4847 2501 4917 γλράψαντός
2526 4866 2587 4901 τε
2634 4851 2728 4904 καὶ
2756 4851 2850 4903 τοῦ
2882 4852 3270 4908 εὐσεϐεστάτου
3306 4856 3652 4922 Κώνσταντος
3679 4856 3752 4926 τῷ

2198 4937 2410 5008 ἀδελφῷ
2445 4939 2660 5002 ἑαυτοῦ,
2714 4940 2806 4993 καὶ
2839 4943 3203 5015 συστήσαντος
3243 4947 3372 5010 τοὺς
3405 4949 3746 5010 ἐπισκόπους·

2196 5030 2244 5081 οί
2271 5029 2568 5099 θαυμαστοὶ
2615 5032 2868 5102 καὶπρὸς
2899 5033 3074 5086 πάντα
3099 5034 3378 5108 τολμηροὶ,
3409 5038 3485 5102 ὡς
3517 5037 3748 5111 ἑωράκασ-

2198 5136 2281 5173 σιν
2309 5121 2503 5184 αὐτοὺς
2525 5123 2618 5174 ἐπὶ
2649 5122 2750 5193 τῆς
2792 5126 3136 5196 Ἀντιοχείας,
3162 5126 3504 5197 βουλεύονται
3531 5131 3620 5200 μὲν
3645 5143 3750 5181 κοιει

2201 5263 2362 5324 prout
2402 5256 2676 5312 memoriae
2705 5273 2826 5313 sese
2853 5259 3168 5313 offerebant.

2414 5327 2503 5403 §ic
2544 5326 2675 5403 [ἱεὶς.
2709 5341 2761 5403 et
2786 5329 2946 5403 Basil.
2981 5329 3036 5382 lu
3058 5331 3226 5403 editis
3247 5334 3343 5385 καί
3377 5334 3548 5389 deest.

2534 5395 2676 5469 Reg.
2709 5398 2872 5463 Editi,
2901 5401 3210 5469 τυγχάνειν,
3245 5407 3426 5458 minus
3462 5415 3614 5457 recte.

2266 5465 2388 5544 (εδ-ζ
2411 5465 2501 5520 Sic
2532 5465 2733 5544 Regius
2765 5470 2955 5544 codex.
2981 5465 3044 5523 '1'.)
3062 5471 3228 5544 fuitis
3257 5474 3746 5544 Veroifﬂdpijit’fSl.

2194 5532 2317 5603 Mox
2352 5536 2483 5603 Reg.
2519 5549 2573 5590 et
2613 5532 2745 5593 edit.
2786 5539 3016 5599 C0mm..
3062 5541 3360 5597 Βικέντιον.
3392 5532 3532 5596 Ειῆὶ.
3557 5541 3746 5595 Paris..

2193 5601 2525 5683 Oﬁ‘ivxéftov.
2574 5607 2744 5683 _Pa_u_lo
2797 5621 2915 5676 post
2945 5612 3141 5683 _editi,_
3166 5611 3610 5683 Ἀπογριππίνης,
3641 5623 3746 5683 una

2189 5688 2341 5750 voge.
2377 5676 2533 5750 Reg”
2562 5676 3237 5750 dnb‘ATpmcrivqg.,Quae
3280 5676 3366 5737 hie
3411 5683 3473 5736 de
3519 5676 3748 5750 Vieentio

2187 5753 2242 5818 et
2273 5745 2550 5818 Euphrate
2584 5745 2892 5809 uarraniur,
2913 5745 3088 5804 fusius
3119 5752 3390 5804 habentur
3420 5749 3742 5818 apud'l‘heo-

2187 5814 2382 5880 dorct.,
2412 5814 2504 5872 lib.
2543 5831 2601 5884 tt,
2637 5833 2758 5887 cap.
2787 5818 2838 5883 9,
2864 5829 2916 5874 et
2946 5819 2997 5874 in
3031 5818 3152 5876 Vim
3185 5814 3465 5879 Athanasii
3494 5833 3656 5889 supra.
