  <div class='ocr_page' id='page_1' title='image "/cluster/home/n/w/nwhite01/storage/ocr_20150623/25/hvd.32044004972428/680.png"; bbox 0 0 3980 6504; ppageno 0'>
   <div class='ocr_carea' id='block_1_1' title="bbox 253 398 349 455">
    <p class='ocr_par' dir='ltr' id='par_1_1' title="bbox 253 398 349 455">
     <span class='ocr_line' id='line_1_1' title="bbox 253 398 349 455; baseline 0.01 -3"><span class='ocrx_word' id='word_1_1' title='bbox 253 398 349 455; x_wconf 79' lang='grc'><strong>717</strong></span> 
     </span>
    </p>
   </div>
   <div class='ocr_carea' id='block_1_2' title="bbox 1207 399 2525 463">
    <p class='ocr_par' dir='ltr' id='par_1_2' title="bbox 1207 399 2525 463">
     <span class='ocr_line' id='line_1_2' title="bbox 1207 399 2525 463; baseline 0.003 -5"><span class='ocrx_word' id='word_1_2' title='bbox 1207 401 1532 458; x_wconf 79' lang='lat' dir='ltr'><strong>HISTORIA</strong></span> <span class='ocrx_word' id='word_1_3' title='bbox 1570 399 1978 456; x_wconf 76' lang='lat' dir='ltr'><strong>ARIANOBUM</strong></span> <span class='ocrx_word' id='word_1_4' title='bbox 2014 403 2102 458; x_wconf 86' lang='lat' dir='ltr'><strong>AD</strong></span> <span class='ocrx_word' id='word_1_5' title='bbox 2137 405 2525 463; x_wconf 43' lang='lat' dir='ltr'><strong>MONACHOS.</strong></span> 
     </span>
    </p>
   </div>
   <div class='ocr_carea' id='block_1_3' title="bbox 3368 409 3470 464">
    <p class='ocr_par' dir='ltr' id='par_1_3' title="bbox 3368 409 3470 464">
     <span class='ocr_line' id='line_1_3' title="bbox 3368 409 3470 464; baseline 0.02 -2"><span class='ocrx_word' id='word_1_6' title='bbox 3368 409 3470 464; x_wconf 72' lang='grc'><strong>’118</strong></span> 
     </span>
    </p>
   </div>
   <div class='ocr_carea' id='block_1_4' title="bbox 247 511 1814 592">
    <p class='ocr_par' dir='ltr' id='par_1_4' title="bbox 247 511 1810 588">
     <span class='ocr_line' id='line_1_4' title="bbox 247 511 1810 588; baseline 0 -21"><span class='ocrx_word' id='word_1_7' title='bbox 247 515 329 584; x_wconf 79' lang='grc' dir='ltr'><strong>νῇ,</strong></span> <span class='ocrx_word' id='word_1_8' title='bbox 377 511 535 582; x_wconf 89' lang='grc' dir='ltr'>μόνος</span> <span class='ocrx_word' id='word_1_9' title='bbox 587 513 642 566; x_wconf 76' lang='grc' dir='ltr'>δὲ</span> <span class='ocrx_word' id='word_1_10' title='bbox 695 513 964 583; x_wconf 85' lang='grc' dir='ltr'>Στέφανος</span> <span class='ocrx_word' id='word_1_11' title='bbox 1001 515 1317 587; x_wconf 82' lang='grc' dir='ltr'>ἀναδέχεται</span> <span class='ocrx_word' id='word_1_12' title='bbox 1365 517 1425 570; x_wconf 85' lang='grc' dir='ltr'><strong>τὸ</strong></span> <span class='ocrx_word' id='word_1_13' title='bbox 1473 518 1674 588; x_wconf 83' lang='grc' dir='ltr'>δράμα,</span> <span class='ocrx_word' id='word_1_14' title='bbox 1735 516 1810 580; x_wconf 83' lang='grc' dir='ltr'>ὡς</span> 
     </span>
    </p>
   </div>
   <div class='ocr_carea' id='block_1_5' title="bbox 1921 511 3472 592">
    <p class='ocr_par' dir='ltr' id='par_1_5' title="bbox 1921 519 3472 592">
     <span class='ocr_line' id='line_1_5' title="bbox 1921 519 3472 592; baseline 0.006 -24"><span class='ocrx_word' id='word_1_15' title='bbox 1921 527 2075 584; x_wconf 84' lang='lat' dir='ltr'><strong>ratus,</strong></span> <span class='ocrx_word' id='word_1_16' title='bbox 2111 519 2346 575; x_wconf 88' lang='lat' dir='ltr'><strong>fabulam</strong></span> <span class='ocrx_word' id='word_1_17' title='bbox 2379 521 2733 592; x_wconf 82' lang='lat' dir='ltr'><strong>peragendam</strong></span> <span class='ocrx_word' id='word_1_18' title='bbox 2779 522 3020 591; x_wconf 78' lang='lat' dir='ltr'><strong>suscipit.</strong></span> <span class='ocrx_word' id='word_1_19' title='bbox 3046 520 3325 576; x_wconf 81' lang='lat' dir='ltr'><strong>Publicam</strong></span> <span class='ocrx_word' id='word_1_20' title='bbox 3371 524 3472 577; x_wconf 90' lang='lat' dir='ltr'><strong>ita-</strong></span> 
     </span>
    </p>
   </div>
   <div class='ocr_carea' id='block_1_6' title="bbox 247 603 1802 677">
    <p class='ocr_par' dir='ltr' id='par_1_6' title="bbox 247 603 1802 677">
     <span class='ocr_line' id='line_1_6' title="bbox 247 603 1802 677; baseline 0.003 -21"><span class='ocrx_word' id='word_1_21' title='bbox 247 603 556 675; x_wconf 83' lang='grc' dir='ltr'>ἐπιτηδείως</span> <span class='ocrx_word' id='word_1_22' title='bbox 583 605 716 676; x_wconf 79' lang='grc' dir='ltr'>ἔχων</span> <span class='ocrx_word' id='word_1_23' title='bbox 751 607 877 677; x_wconf 79' lang='grc' dir='ltr'>περὶ</span> <span class='ocrx_word' id='word_1_24' title='bbox 904 607 972 661; x_wconf 82' lang='grc' dir='ltr'>τὰ</span> <span class='ocrx_word' id='word_1_25' title='bbox 1007 607 1249 662; x_wconf 77' lang='grc' dir='ltr'>τοιαῦτα.</span> <span class='ocrx_word' id='word_1_26' title='bbox 1276 607 1603 662; x_wconf 80' lang='grc' dir='ltr'>Μισθοῦνται</span> <span class='ocrx_word' id='word_1_27' title='bbox 1625 609 1802 662; x_wconf 79' lang='grc' dir='ltr'>τοίνυν</span> 
     </span>
    </p>
   </div>
   <div class='ocr_carea' id='block_1_7' title="bbox 247 694 1804 774">
    <p class='ocr_par' dir='ltr' id='par_1_7' title="bbox 247 694 1804 774">
     <span class='ocr_line' id='line_1_7' title="bbox 247 694 1804 774; baseline 0.001 -23"><span class='ocrx_word' id='word_1_28' title='bbox 247 694 445 769; x_wconf 75' lang='grc' dir='ltr'>πόρνην</span> <span class='ocrx_word' id='word_1_29' title='bbox 474 697 732 766; x_wconf 79' lang='grc' dir='ltr'>δημοσίαν</span> <span class='ocrx_word' id='word_1_30' title='bbox 762 701 818 751; x_wconf 87' lang='grc' dir='ltr'><strong>ἐν</strong></span> <span class='ocrx_word' id='word_1_31' title='bbox 844 700 1032 763; x_wconf 76' lang='grc' dir='ltr'>αὑταῖς</span> <span class='ocrx_word' id='word_1_32' title='bbox 1051 703 1169 765; x_wconf 80' lang='grc' dir='ltr'>ταῖς</span> <span class='ocrx_word' id='word_1_33' title='bbox 1199 700 1430 774; x_wconf 79' lang='grc' dir='ltr'><strong>ἡμέραις</strong></span> <span class='ocrx_word' id='word_1_34' title='bbox 1454 701 1544 754; x_wconf 82' lang='grc' dir='ltr'>τοῦ</span> <span class='ocrx_word' id='word_1_35' title='bbox 1573 701 1804 770; x_wconf 72' lang='grc' dir='ltr'>ἁγιωτάο</span> 
     </span>
    </p>
   </div>
   <div class='ocr_carea' id='block_1_8' title="bbox 245 789 1803 864">
    <p class='ocr_par' dir='ltr' id='par_1_8' title="bbox 245 789 1803 864">
     <span class='ocr_line' id='line_1_8' title="bbox 245 789 1803 864; baseline 0.003 -23"><span class='ocrx_word' id='word_1_36' title='bbox 245 805 334 843; x_wconf 88' lang='grc' dir='ltr'><strong>του</strong></span> <span class='ocrx_word' id='word_1_37' title='bbox 393 789 606 860; x_wconf 83' lang='grc' dir='ltr'>Πάσχα,</span> <span class='ocrx_word' id='word_1_38' title='bbox 667 791 758 844; x_wconf 74' lang='grc' dir='ltr'>καὶ</span> <span class='ocrx_word' id='word_1_39' title='bbox 818 789 1201 862; x_wconf 83' lang='grc' dir='ltr'><strong>γυμνώσαντες</strong></span> <span class='ocrx_word' id='word_1_40' title='bbox 1278 793 1479 864; x_wconf 85' lang='grc' dir='ltr'>ταύτην</span> <span class='ocrx_word' id='word_1_41' title='bbox 1543 794 1803 862; x_wconf 73' lang='grc' dir='ltr'><strong>ἐπαφιᾶσι</strong></span> 
     </span>
    </p>
   </div>
   <div class='ocr_carea' id='block_1_9' title="bbox 243 879 1805 956">
    <p class='ocr_par' dir='ltr' id='par_1_9' title="bbox 243 879 1805 956">
     <span class='ocr_line' id='line_1_9' title="bbox 243 879 1805 956; baseline 0.003 -23"><span class='ocrx_word' id='word_1_42' title='bbox 243 879 432 945; x_wconf 78' lang='grc' dir='ltr'>νυκτὸς</span> <span class='ocrx_word' id='word_1_43' title='bbox 460 879 714 954; x_wconf 77' lang='grc' dir='ltr'><strong>Εὐφράτῃ</strong></span> <span class='ocrx_word' id='word_1_44' title='bbox 741 882 815 952; x_wconf 81' lang='grc' dir='ltr'>τῷ</span> <span class='ocrx_word' id='word_1_45' title='bbox 844 884 1144 954; x_wconf 83' lang='grc' dir='ltr'>ἐπισκόπῳ.</span> <span class='ocrx_word' id='word_1_46' title='bbox 1179 885 1288 939; x_wconf 74' lang='grc' dir='ltr'>Καὶ</span> <span class='ocrx_word' id='word_1_47' title='bbox 1324 887 1356 955; x_wconf 80' lang='grc' dir='ltr'>ἡ</span> <span class='ocrx_word' id='word_1_48' title='bbox 1410 885 1508 954; x_wconf 88' lang='grc' dir='ltr'><strong>μέν</strong></span> <span class='ocrx_word' id='word_1_49' title='bbox 1547 887 1716 956; x_wconf 82' lang='grc' dir='ltr'><strong>πόρνη</strong></span> <span class='ocrx_word' id='word_1_50' title='bbox 1746 886 1805 937; x_wconf 77' lang='grc' dir='ltr'><strong>τὸ</strong></span> 
     </span>
    </p>
   </div>
   <div class='ocr_carea' id='block_1_10' title="bbox 248 973 1802 1047">
    <p class='ocr_par' dir='ltr' id='par_1_10' title="bbox 248 973 1802 1047">
     <span class='ocr_line' id='line_1_10' title="bbox 248 973 1802 1047; baseline 0.002 -21"><span class='ocrx_word' id='word_1_51' title='bbox 248 973 478 1045; x_wconf 83' lang='grc' dir='ltr'>πρῶτον,</span> <span class='ocrx_word' id='word_1_52' title='bbox 527 975 791 1044; x_wconf 81' lang='grc' dir='ltr'>νομίσασα</span> <span class='ocrx_word' id='word_1_53' title='bbox 841 975 1099 1047; x_wconf 79' lang='grc' dir='ltr'>νεώτερον</span> <span class='ocrx_word' id='word_1_54' title='bbox 1147 973 1284 1029; x_wconf 81' lang='grc' dir='ltr'>εἶναι</span> <span class='ocrx_word' id='word_1_55' title='bbox 1332 977 1422 1029; x_wconf 80' lang='grc' dir='ltr'><strong>τὸν</strong></span> <span class='ocrx_word' id='word_1_56' title='bbox 1480 977 1802 1040; x_wconf 77' lang='grc' dir='ltr'>καλέσαντα,</span> 
     </span>
    </p>
   </div>
   <div class='ocr_carea' id='block_1_11' title="bbox 248 1064 1803 1140">
    <p class='ocr_par' dir='ltr' id='par_1_11' title="bbox 248 1064 1803 1140">
     <span class='ocr_line' id='line_1_11' title="bbox 248 1064 1803 1140; baseline 0.001 -22"><span class='ocrx_word' id='word_1_57' title='bbox 248 1064 538 1138; x_wconf 82' lang='grc' dir='ltr'>προθύμως</span> <span class='ocrx_word' id='word_1_58' title='bbox 583 1066 890 1135; x_wconf 72' lang='grc' dir='ltr'>ἠκολούθειο</span> <span class='ocrx_word' id='word_1_59' title='bbox 949 1067 1024 1131; x_wconf 83' lang='grc' dir='ltr'>ὡς</span> <span class='ocrx_word' id='word_1_60' title='bbox 1060 1068 1115 1120; x_wconf 83' lang='grc' dir='ltr'>δὲ</span> <span class='ocrx_word' id='word_1_61' title='bbox 1163 1071 1378 1139; x_wconf 80' lang='grc' dir='ltr'>ριφεῖσα</span> <span class='ocrx_word' id='word_1_62' title='bbox 1407 1069 1536 1140; x_wconf 78' lang='grc' dir='ltr'>παρ’</span> <span class='ocrx_word' id='word_1_63' title='bbox 1560 1069 1803 1131; x_wconf 86' lang='grc' dir='ltr'>ἐκείνων,</span> 
     </span>
    </p>
   </div>
   <div class='ocr_carea' id='block_1_12' title="bbox 245 1155 1805 1234">
    <p class='ocr_par' dir='ltr' id='par_1_12' title="bbox 245 1155 1805 1234">
     <span class='ocr_line' id='line_1_12' title="bbox 245 1155 1805 1234; baseline 0.004 -24"><span class='ocrx_word' id='word_1_64' title='bbox 245 1155 350 1212; x_wconf 78' lang='grc' dir='ltr'>εἶδε</span> <span class='ocrx_word' id='word_1_65' title='bbox 382 1156 721 1228; x_wconf 84' lang='grc' dir='ltr'>κοιμώμενον</span> <span class='ocrx_word' id='word_1_66' title='bbox 761 1159 850 1212; x_wconf 82' lang='grc' dir='ltr'><strong>τὸν</strong></span> <span class='ocrx_word' id='word_1_67' title='bbox 898 1158 1199 1231; x_wconf 81' lang='grc' dir='ltr'>ἄνθρωπον,</span> <span class='ocrx_word' id='word_1_68' title='bbox 1243 1161 1338 1214; x_wconf 78' lang='grc' dir='ltr'>καὶ</span> <span class='ocrx_word' id='word_1_69' title='bbox 1391 1162 1466 1234; x_wconf 85' lang='grc' dir='ltr'>μὴ</span> <span class='ocrx_word' id='word_1_70' title='bbox 1521 1163 1696 1215; x_wconf 76' lang='grc' dir='ltr'>εἰδότα</span> <span class='ocrx_word' id='word_1_71' title='bbox 1747 1164 1805 1216; x_wconf 75' lang='grc' dir='ltr'>τὸ</span> 
     </span>
    </p>
   </div>
   <div class='ocr_carea' id='block_1_13' title="bbox 247 1245 1804 1324">
    <p class='ocr_par' dir='ltr' id='par_1_13' title="bbox 247 1245 1804 1324">
     <span class='ocr_line' id='line_1_13' title="bbox 247 1245 1804 1324; baseline 0.004 -26"><span class='ocrx_word' id='word_1_72' title='bbox 247 1245 584 1318; x_wconf 79' lang='grc' dir='ltr'>γιγνόμενον,</span> <span class='ocrx_word' id='word_1_73' title='bbox 629 1247 744 1302; x_wconf 71' lang='grc' dir='ltr'>εἶτα</span> <span class='ocrx_word' id='word_1_74' title='bbox 777 1251 852 1313; x_wconf 84' lang='grc' dir='ltr'>ὡς</span> <span class='ocrx_word' id='word_1_75' title='bbox 886 1251 1178 1321; x_wconf 87' lang='grc' dir='ltr'>κατενόησε</span> <span class='ocrx_word' id='word_1_76' title='bbox 1223 1252 1315 1305; x_wconf 80' lang='grc' dir='ltr'><strong>καὶ</strong></span> <span class='ocrx_word' id='word_1_77' title='bbox 1351 1248 1458 1304; x_wconf 83' lang='grc' dir='ltr'>εἶδε</span> <span class='ocrx_word' id='word_1_78' title='bbox 1502 1253 1804 1324; x_wconf 83' lang='grc' dir='ltr'>πρεσϐύτου</span> 
     </span>
    </p>
   </div>
   <div class='ocr_carea' id='block_1_14' title="bbox 249 1338 1804 1414">
    <p class='ocr_par' dir='ltr' id='par_1_14' title="bbox 249 1338 1804 1414">
     <span class='ocr_line' id='line_1_14' title="bbox 249 1338 1804 1414; baseline 0.004 -24"><span class='ocrx_word' id='word_1_79' title='bbox 249 1338 552 1409; x_wconf 88' lang='grc' dir='ltr'>πρόσωπον,</span> <span class='ocrx_word' id='word_1_80' title='bbox 583 1341 677 1394; x_wconf 72' lang='grc' dir='ltr'><strong>καὶ</strong></span> <span class='ocrx_word' id='word_1_81' title='bbox 703 1342 996 1395; x_wconf 82' lang='grc' dir='ltr'>ἐπισκόπου</span> <span class='ocrx_word' id='word_1_82' title='bbox 1028 1343 1377 1408; x_wconf 85' lang='grc' dir='ltr'>κατάστασιν,</span> <span class='ocrx_word' id='word_1_83' title='bbox 1398 1344 1557 1407; x_wconf 71' lang='grc' dir='ltr'>εὐθὺς</span> <span class='ocrx_word' id='word_1_84' title='bbox 1577 1344 1804 1414; x_wconf 79' lang='grc' dir='ltr'>ἀναϐοή-</span> 
     </span>
    </p>
   </div>
   <div class='ocr_carea' id='block_1_15' title="bbox 249 1431 1807 1506">
    <p class='ocr_par' dir='ltr' id='par_1_15' title="bbox 249 1431 1807 1506">
     <span class='ocr_line' id='line_1_15' title="bbox 249 1431 1807 1506; baseline 0.004 -25"><span class='ocrx_word' id='word_1_85' title='bbox 249 1446 385 1483; x_wconf 87' lang='grc' dir='ltr'>σασα</span> <span class='ocrx_word' id='word_1_86' title='bbox 412 1431 511 1501; x_wconf 76' lang='grc' dir='ltr'><strong>τὴν</strong></span> <span class='ocrx_word' id='word_1_87' title='bbox 541 1431 662 1501; x_wconf 80' lang='grc' dir='ltr'>βίαν</span> <span class='ocrx_word' id='word_1_88' title='bbox 691 1433 836 1486; x_wconf 89' lang='grc' dir='ltr'>ἐϐόα.</span> <span class='ocrx_word' id='word_1_89' title='bbox 888 1434 1112 1488; x_wconf 83' lang='grc' dir='ltr'>Ἐκεῖνοί</span> <span class='ocrx_word' id='word_1_90' title='bbox 1139 1453 1196 1488; x_wconf 91' lang='grc' dir='ltr'><strong>τε</strong></span> <span class='ocrx_word' id='word_1_91' title='bbox 1227 1435 1410 1506; x_wconf 71' lang='grc' dir='ltr'>ἠξίουν</span> <span class='ocrx_word' id='word_1_92' title='bbox 1443 1437 1672 1506; x_wconf 79' lang='grc' dir='ltr'>σιωπᾷν,</span> <span class='ocrx_word' id='word_1_93' title='bbox 1716 1438 1807 1488; x_wconf 75' lang='grc' dir='ltr'><strong>καὶ</strong></span> 
     </span>
    </p>
   </div>
   <div class='ocr_carea' id='block_1_16' title="bbox 247 1517 1805 1598">
    <p class='ocr_par' dir='ltr' id='par_1_16' title="bbox 247 1517 1805 1598">
     <span class='ocr_line' id='line_1_16' title="bbox 247 1517 1805 1598; baseline 0.004 -24"><span class='ocrx_word' id='word_1_94' title='bbox 247 1523 678 1592; x_wconf 65' lang='grc' dir='ltr'>καταψεύδεσθαι</span> <span class='ocrx_word' id='word_1_95' title='bbox 713 1525 805 1578; x_wconf 80' lang='grc' dir='ltr'>τοῦ</span> <span class='ocrx_word' id='word_1_96' title='bbox 835 1527 1150 1580; x_wconf 77' lang='grc' dir='ltr'><strong>ἐπισκόπου.</strong></span> <span class='ocrx_word' id='word_1_97' title='bbox 1187 1529 1422 1598; x_wconf 78' lang='grc' dir='ltr'>Ἡμέρας</span> <span class='ocrx_word' id='word_1_98' title='bbox 1449 1529 1626 1582; x_wconf 87' lang='grc' dir='ltr'>τοίνυν</span> <span class='ocrx_word' id='word_1_99' title='bbox 1655 1517 1805 1597; x_wconf 81' lang='grc' dir='ltr'>γενο-</span> 
     </span>
    </p>
   </div>
   <div class='ocr_carea' id='block_1_17' title="bbox 247 1615 1808 1691">
    <p class='ocr_par' dir='ltr' id='par_1_17' title="bbox 247 1615 1808 1691">
     <span class='ocr_line' id='line_1_17' title="bbox 247 1615 1808 1691; baseline 0.004 -24"><span class='ocrx_word' id='word_1_100' title='bbox 247 1615 435 1686; x_wconf 80' lang='grc' dir='ltr'><strong>μένης,</strong></span> <span class='ocrx_word' id='word_1_101' title='bbox 481 1617 869 1690; x_wconf 82' lang='grc' dir='ltr'>διατεθρύλητο</span> <span class='ocrx_word' id='word_1_102' title='bbox 902 1620 962 1673; x_wconf 85' lang='grc' dir='ltr'><strong>τὸ</strong></span> <span class='ocrx_word' id='word_1_103' title='bbox 997 1622 1247 1691; x_wconf 79' lang='grc' dir='ltr'>πρᾶγμα,</span> <span class='ocrx_word' id='word_1_104' title='bbox 1281 1622 1374 1674; x_wconf 76' lang='grc' dir='ltr'><strong>καὶ</strong></span> <span class='ocrx_word' id='word_1_105' title='bbox 1413 1623 1560 1674; x_wconf 80' lang='grc' dir='ltr'>πᾶσα</span> <span class='ocrx_word' id='word_1_106' title='bbox 1590 1623 1622 1691; x_wconf 78' lang='grc' dir='ltr'>ἡ</span> <span class='ocrx_word' id='word_1_107' title='bbox 1658 1620 1808 1684; x_wconf 80' lang='grc' dir='ltr'>πόλις</span> 
     </span>
    </p>
   </div>
   <div class='ocr_carea' id='block_1_18' title="bbox 250 1706 1811 1778">
    <p class='ocr_par' dir='ltr' id='par_1_18' title="bbox 250 1706 1811 1778">
     <span class='ocr_line' id='line_1_18' title="bbox 250 1706 1811 1778; baseline 0.006 -21"><span class='ocrx_word' id='word_1_108' title='bbox 250 1706 564 1778; x_wconf 84' lang='grc' dir='ltr'>συνέτρεχεν</span> <span class='ocrx_word' id='word_1_109' title='bbox 587 1725 600 1738; x_wconf 77' lang='grc'><em>’</em></span> <span class='ocrx_word' id='word_1_110' title='bbox 642 1710 767 1762; x_wconf 77' lang='grc' dir='ltr'>οἵτε</span> <span class='ocrx_word' id='word_1_111' title='bbox 792 1711 899 1764; x_wconf 77' lang='grc' dir='ltr'>ἀπὸ</span> <span class='ocrx_word' id='word_1_112' title='bbox 929 1712 1022 1766; x_wconf 76' lang='grc' dir='ltr'>τοῦ</span> <span class='ocrx_word' id='word_1_113' title='bbox 1054 1713 1312 1766; x_wconf 88' lang='grc' dir='ltr'>παλατίου</span> <span class='ocrx_word' id='word_1_114' title='bbox 1353 1713 1646 1776; x_wconf 73' lang='grc' dir='ltr'>ἐκινοῦντο,</span> <span class='ocrx_word' id='word_1_115' title='bbox 1681 1713 1811 1766; x_wconf 88' lang='grc' dir='ltr'>θαυ-</span> 
     </span>
    </p>
   </div>
   <div class='ocr_carea' id='block_1_19' title="bbox 250 1795 1808 1878">
    <p class='ocr_par' dir='ltr' id='par_1_19' title="bbox 250 1795 1808 1878">
     <span class='ocr_line' id='line_1_19' title="bbox 250 1795 1808 1878; baseline 0.008 -29"><span class='ocrx_word' id='word_1_116' title='bbox 250 1795 509 1866; x_wconf 79' lang='grc' dir='ltr'>μάζοντες</span> <span class='ocrx_word' id='word_1_117' title='bbox 531 1801 592 1853; x_wconf 84' lang='grc' dir='ltr'><strong>τὸ</strong></span> <span class='ocrx_word' id='word_1_118' title='bbox 623 1801 999 1873; x_wconf 88' lang='grc' dir='ltr'>θρυλούμενον,</span> <span class='ocrx_word' id='word_1_119' title='bbox 1025 1806 1116 1858; x_wconf 72' lang='grc' dir='ltr'><strong>καὶ</strong></span> <span class='ocrx_word' id='word_1_120' title='bbox 1142 1805 1416 1872; x_wconf 75' lang='grc' dir='ltr'>ἀξιοῦντες</span> <span class='ocrx_word' id='word_1_121' title='bbox 1437 1806 1513 1878; x_wconf 83' lang='grc' dir='ltr'>μὴ</span> <span class='ocrx_word' id='word_1_122' title='bbox 1536 1807 1808 1878; x_wconf 85' lang='grc' dir='ltr'>σιωπηθῆ-</span> 
     </span>
    </p>
   </div>
   <div class='ocr_carea' id='block_1_20' title="bbox 249 1880 1883 1968">
    <p class='ocr_par' dir='ltr' id='par_1_20' title="bbox 249 1880 1883 1968">
     <span class='ocr_line' id='line_1_20' title="bbox 249 1880 1883 1968; baseline 0.006 -27"><span class='ocrx_word' id='word_1_123' title='bbox 249 1907 331 1942; x_wconf 89' lang='grc' dir='ltr'><strong>ναι</strong></span> <span class='ocrx_word' id='word_1_124' title='bbox 357 1889 535 1944; x_wconf 73' lang='grc' dir='ltr'>τοῦτο.</span> <span class='ocrx_word' id='word_1_125' title='bbox 568 1892 760 1962; x_wconf 87' lang='grc' dir='ltr'>Γέγονε</span> <span class='ocrx_word' id='word_1_126' title='bbox 793 1893 969 1948; x_wconf 85' lang='grc' dir='ltr'>τοίνυν</span> <span class='ocrx_word' id='word_1_127' title='bbox 997 1897 1196 1966; x_wconf 87' lang='grc' dir='ltr'>κρίσις,</span> <span class='ocrx_word' id='word_1_128' title='bbox 1219 1897 1312 1950; x_wconf 73' lang='grc' dir='ltr'><strong>καὶ</strong></span> <span class='ocrx_word' id='word_1_129' title='bbox 1341 1899 1369 1948; x_wconf 88' lang='grc' dir='ltr'>ὁ</span> <span class='ocrx_word' id='word_1_130' title='bbox 1399 1897 1496 1968; x_wconf 82' lang='grc' dir='ltr'><strong>μὲν</strong></span> <span class='ocrx_word' id='word_1_131' title='bbox 1525 1898 1634 1968; x_wconf 83' lang='grc'>(87)</span> <span class='ocrx_word' id='word_1_132' title='bbox 1663 1900 1809 1950; x_wconf 88' lang='grc' dir='ltr'>ἐται-</span> <span class='ocrx_word' id='word_1_133' title='bbox 1843 1880 1883 1934; x_wconf 74' lang='grc' dir='ltr'>Β</span> 
     </span>
    </p>
   </div>
   <div class='ocr_carea' id='block_1_21' title="bbox 249 1983 1809 2062">
    <p class='ocr_par' dir='ltr' id='par_1_21' title="bbox 249 1983 1809 2062">
     <span class='ocr_line' id='line_1_21' title="bbox 249 1983 1809 2062; baseline 0.006 -27"><span class='ocrx_word' id='word_1_134' title='bbox 249 1983 506 2054; x_wconf 86' lang='grc' dir='ltr'>ροτρόφος</span> <span class='ocrx_word' id='word_1_135' title='bbox 564 1985 754 2054; x_wconf 72' lang='grc' dir='ltr'>ἤλεγξε</span> <span class='ocrx_word' id='word_1_136' title='bbox 811 1989 936 2052; x_wconf 82' lang='grc' dir='ltr'>τοὺς</span> <span class='ocrx_word' id='word_1_137' title='bbox 985 1988 1234 2053; x_wconf 80' lang='grc' dir='ltr'>ἐλθόντας</span> <span class='ocrx_word' id='word_1_138' title='bbox 1300 1992 1392 2044; x_wconf 76' lang='grc' dir='ltr'><strong>ἐπὶ</strong></span> <span class='ocrx_word' id='word_1_139' title='bbox 1443 1992 1540 2061; x_wconf 87' lang='grc' dir='ltr'>τὴν</span> <span class='ocrx_word' id='word_1_140' title='bbox 1584 1993 1809 2062; x_wconf 85' lang='grc' dir='ltr'>πόρνην,</span> 
     </span>
    </p>
   </div>
   <div class='ocr_carea' id='block_1_22' title="bbox 247 2075 1810 2154">
    <p class='ocr_par' dir='ltr' id='par_1_22' title="bbox 247 2075 1810 2154">
     <span class='ocr_line' id='line_1_22' title="bbox 247 2075 1810 2154; baseline 0.005 -26"><span class='ocrx_word' id='word_1_141' title='bbox 247 2079 438 2130; x_wconf 84' lang='grc' dir='ltr'>ἐκεῖνοι</span> <span class='ocrx_word' id='word_1_142' title='bbox 468 2078 524 2129; x_wconf 84' lang='grc' dir='ltr'><strong>δὲ</strong></span> <span class='ocrx_word' id='word_1_143' title='bbox 553 2077 644 2132; x_wconf 80' lang='grc' dir='ltr'><strong>τὸν</strong></span> <span class='ocrx_word' id='word_1_144' title='bbox 672 2079 967 2147; x_wconf 83' lang='grc' dir='ltr'>Στέφανον·</span> <span class='ocrx_word' id='word_1_145' title='bbox 1007 2075 1145 2151; x_wconf 79' lang='grc' dir='ltr'>ἦσαν</span> <span class='ocrx_word' id='word_1_146' title='bbox 1190 2081 1297 2152; x_wconf 78' lang='grc' dir='ltr'>γὰρ</span> <span class='ocrx_word' id='word_1_147' title='bbox 1337 2083 1500 2135; x_wconf 77' lang='grc' dir='ltr'>αὑτοῦ</span> <span class='ocrx_word' id='word_1_148' title='bbox 1541 2082 1810 2154; x_wconf 77' lang='grc' dir='ltr'>κληρικοί.</span> 
     </span>
    </p>
   </div>
   <div class='ocr_carea' id='block_1_23' title="bbox 255 2165 1811 2244">
    <p class='ocr_par' dir='ltr' id='par_1_23' title="bbox 255 2165 1811 2244">
     <span class='ocr_line' id='line_1_23' title="bbox 255 2165 1811 2244; baseline 0.004 -25"><span class='ocrx_word' id='word_1_149' title='bbox 255 2166 312 2219; x_wconf 84' lang='lat'><strong>’0</strong></span> <span class='ocrx_word' id='word_1_150' title='bbox 351 2169 452 2238; x_wconf 81' lang='grc' dir='ltr'><strong>μὲν</strong></span> <span class='ocrx_word' id='word_1_151' title='bbox 481 2165 575 2222; x_wconf 81' lang='grc' dir='ltr'>οὖν</span> <span class='ocrx_word' id='word_1_152' title='bbox 599 2169 867 2239; x_wconf 83' lang='grc' dir='ltr'>Στέφανος</span> <span class='ocrx_word' id='word_1_153' title='bbox 893 2171 1256 2244; x_wconf 85' lang='grc' dir='ltr'>καθαιρεῑται,</span> <span class='ocrx_word' id='word_1_154' title='bbox 1303 2175 1395 2226; x_wconf 72' lang='grc' dir='ltr'><strong>καὶ</strong></span> <span class='ocrx_word' id='word_1_155' title='bbox 1427 2174 1671 2242; x_wconf 85' lang='grc' dir='ltr'>γίγνεται</span> <span class='ocrx_word' id='word_1_156' title='bbox 1699 2175 1811 2226; x_wconf 85' lang='grc' dir='ltr'>ἀντ’</span> 
     </span>
    </p>
   </div>
   <div class='ocr_carea' id='block_1_24' title="bbox 242 2257 1812 2337">
    <p class='ocr_par' dir='ltr' id='par_1_24' title="bbox 242 2257 1812 2337">
     <span class='ocr_line' id='line_1_24' title="bbox 242 2257 1812 2337; baseline 0.006 -28"><span class='ocrx_word' id='word_1_157' title='bbox 242 2257 410 2311; x_wconf 77' lang='grc' dir='ltr'>αὑτοῦ</span> <span class='ocrx_word' id='word_1_158' title='bbox 448 2260 702 2324; x_wconf 86' lang='grc' dir='ltr'>Λεόντιος</span> <span class='ocrx_word' id='word_1_159' title='bbox 736 2263 765 2315; x_wconf 84' lang='grc' dir='ltr'><strong>ό</strong></span> <span class='ocrx_word' id='word_1_160' title='bbox 797 2261 1092 2326; x_wconf 85' lang='grc' dir='ltr'>ἀπόκοπος,</span> <span class='ocrx_word' id='word_1_161' title='bbox 1138 2264 1224 2317; x_wconf 79' lang='grc' dir='ltr'><strong>ἵνα</strong></span> <span class='ocrx_word' id='word_1_162' title='bbox 1251 2264 1408 2334; x_wconf 88' lang='grc' dir='ltr'>μόνον</span> <span class='ocrx_word' id='word_1_163' title='bbox 1450 2263 1522 2335; x_wconf 81' lang='grc' dir='ltr'>μὴ</span> <span class='ocrx_word' id='word_1_164' title='bbox 1556 2265 1716 2337; x_wconf 76' lang='grc' dir='ltr'>λείπῃ</span> <span class='ocrx_word' id='word_1_165' title='bbox 1745 2267 1812 2336; x_wconf 76' lang='grc' dir='ltr'>τῇ</span> 
     </span>
    </p>
   </div>
   <div class='ocr_carea' id='block_1_25' title="bbox 258 2351 1105 2426">
    <p class='ocr_par' dir='ltr' id='par_1_25' title="bbox 258 2351 1105 2426">
     <span class='ocr_line' id='line_1_25' title="bbox 258 2351 1105 2426; baseline 0.006 -22"><span class='ocrx_word' id='word_1_166' title='bbox 258 2351 506 2422; x_wconf 82' lang='grc' dir='ltr'>’Δρειανῇ</span> <span class='ocrx_word' id='word_1_167' title='bbox 542 2352 752 2424; x_wconf 77' lang='grc' dir='ltr'>αἱρέσει</span> <span class='ocrx_word' id='word_1_168' title='bbox 776 2355 1105 2426; x_wconf 84' lang='grc' dir='ltr'>προστάτης.</span> 
     </span>
    </p>
   </div>
   <div class='ocr_carea' id='block_1_26' title="bbox 310 2442 1815 2516">
    <p class='ocr_par' dir='ltr' id='par_1_26' title="bbox 310 2442 1815 2516">
     <span class='ocr_line' id='line_1_26' title="bbox 310 2442 1815 2516; baseline 0.005 -20"><span class='ocrx_word' id='word_1_169' title='bbox 310 2442 404 2496; x_wconf 74' lang='grc'><strong>21.</strong></span> <span class='ocrx_word' id='word_1_170' title='bbox 456 2442 518 2494; x_wconf 86' lang='lat'><strong>&#39;0</strong></span> <span class='ocrx_word' id='word_1_171' title='bbox 544 2443 602 2496; x_wconf 86' lang='grc' dir='ltr'>δὲ</span> <span class='ocrx_word' id='word_1_172' title='bbox 634 2443 884 2513; x_wconf 77' lang='grc' dir='ltr'>βασιλεὺς</span> <span class='ocrx_word' id='word_1_173' title='bbox 925 2445 1300 2510; x_wconf 88' lang='grc' dir='ltr'>Κωνστάντιος</span> <span class='ocrx_word' id='word_1_174' title='bbox 1331 2447 1508 2516; x_wconf 81' lang='grc' dir='ltr'>ὀλίγον</span> <span class='ocrx_word' id='word_1_175' title='bbox 1549 2465 1600 2500; x_wconf 87' lang='grc' dir='ltr'><strong>τι</strong></span> <span class='ocrx_word' id='word_1_176' title='bbox 1648 2466 1815 2503; x_wconf 86' lang='grc' dir='ltr'>κατα-</span> 
     </span>
    </p>
   </div>
   <div class='ocr_carea' id='block_1_27' title="bbox 245 2533 1816 2613">
    <p class='ocr_par' dir='ltr' id='par_1_27' title="bbox 245 2533 1816 2613">
     <span class='ocr_line' id='line_1_27' title="bbox 245 2533 1816 2613; baseline 0.005 -26"><span class='ocrx_word' id='word_1_177' title='bbox 245 2535 444 2604; x_wconf 78' lang='grc' dir='ltr'>νυγεὶς,</span> <span class='ocrx_word' id='word_1_178' title='bbox 483 2537 561 2598; x_wconf 80' lang='grc' dir='ltr'><strong>εἰς</strong></span> <span class='ocrx_word' id='word_1_179' title='bbox 585 2536 774 2588; x_wconf 78' lang='grc' dir='ltr'>ἑαυτὸν</span> <span class='ocrx_word' id='word_1_180' title='bbox 797 2533 927 2608; x_wconf 80' lang='grc' dir='ltr'>ἦλθε</span> <span class='ocrx_word' id='word_1_181' title='bbox 948 2555 960 2568; x_wconf 86' lang='grc'><strong>·</strong></span> <span class='ocrx_word' id='word_1_182' title='bbox 985 2537 1336 2608; x_wconf 86' lang='grc' dir='ltr'>λογισάμενός</span> <span class='ocrx_word' id='word_1_183' title='bbox 1361 2557 1439 2602; x_wconf 91' lang='grc' dir='ltr'><strong>τε,</strong></span> <span class='ocrx_word' id='word_1_184' title='bbox 1475 2539 1532 2606; x_wconf 76' lang='grc' dir='ltr'>ἐξ</span> <span class='ocrx_word' id='word_1_185' title='bbox 1562 2534 1636 2593; x_wconf 79' lang='grc' dir='ltr'>ὧν</span> <span class='ocrx_word' id='word_1_186' title='bbox 1664 2541 1816 2613; x_wconf 80' lang='grc' dir='ltr'>ἐδρα-</span> 
     </span>
    </p>
   </div>
   <div class='ocr_carea' id='block_1_28' title="bbox 246 2625 1814 2702">
    <p class='ocr_par' dir='ltr' id='par_1_28' title="bbox 246 2625 1814 2702">
     <span class='ocr_line' id='line_1_28' title="bbox 246 2625 1814 2702; baseline 0.006 -25"><span class='ocrx_word' id='word_1_187' title='bbox 246 2641 342 2678; x_wconf 84' lang='grc' dir='ltr'><strong>σαν</strong></span> <span class='ocrx_word' id='word_1_188' title='bbox 381 2625 460 2696; x_wconf 80' lang='grc' dir='ltr'>τῷ</span> <span class='ocrx_word' id='word_1_189' title='bbox 487 2626 766 2698; x_wconf 77' lang='grc' dir='ltr'>Εὐφράτῃ,</span> <span class='ocrx_word' id='word_1_190' title='bbox 809 2628 888 2680; x_wconf 83' lang='grc' dir='ltr'>ὅτι</span> <span class='ocrx_word' id='word_1_191' title='bbox 947 2629 1040 2681; x_wconf 77' lang='grc' dir='ltr'><strong>καὶ</strong></span> <span class='ocrx_word' id='word_1_192' title='bbox 1080 2628 1147 2681; x_wconf 79' lang='grc' dir='ltr'><strong>τά</strong></span> <span class='ocrx_word' id='word_1_193' title='bbox 1187 2629 1328 2682; x_wconf 79' lang='grc' dir='ltr'>κατά</span> <span class='ocrx_word' id='word_1_194' title='bbox 1361 2631 1468 2684; x_wconf 83' lang='grc' dir='ltr'><strong>τῶν</strong></span> <span class='ocrx_word' id='word_1_195' title='bbox 1506 2630 1677 2684; x_wconf 82' lang='grc' dir='ltr'>ἄλλων</span> <span class='ocrx_word' id='word_1_196' title='bbox 1706 2633 1814 2702; x_wconf 89' lang='grc'><strong>(88)</strong></span> 
     </span>
    </p>
   </div>
   <div class='ocr_carea' id='block_1_29' title="bbox 246 2715 1817 2788">
    <p class='ocr_par' dir='ltr' id='par_1_29' title="bbox 246 2715 1817 2788">
     <span class='ocr_line' id='line_1_29' title="bbox 246 2715 1817 2788; baseline 0.003 -22"><span class='ocrx_word' id='word_1_197' title='bbox 246 2715 646 2786; x_wconf 77' lang='grc' dir='ltr'>ἐπιχειρήματα</span> <span class='ocrx_word' id='word_1_198' title='bbox 699 2717 921 2769; x_wconf 83' lang='grc' dir='ltr'>τοιαῦτά</span> <span class='ocrx_word' id='word_1_199' title='bbox 967 2718 1102 2781; x_wconf 90' lang='grc' dir='ltr'>ἐστι,</span> <span class='ocrx_word' id='word_1_200' title='bbox 1138 2717 1264 2778; x_wconf 79' lang='grc' dir='ltr'>τοὺς</span> <span class='ocrx_word' id='word_1_201' title='bbox 1313 2717 1411 2787; x_wconf 81' lang='grc' dir='ltr'><strong>μὲν</strong></span> <span class='ocrx_word' id='word_1_202' title='bbox 1449 2716 1817 2788; x_wconf 79' lang='grc' dir='ltr'>ἐξορισθέντας</span> 
     </span>
    </p>
   </div>
   <div class='ocr_carea' id='block_1_30' title="bbox 246 2803 1816 2877">
    <p class='ocr_par' dir='ltr' id='par_1_30' title="bbox 246 2803 1816 2877">
     <span class='ocr_line' id='line_1_30' title="bbox 246 2803 1816 2877; baseline -0.008 -21"><span class='ocrx_word' id='word_1_203' title='bbox 246 2804 351 2856; x_wconf 82' lang='grc' dir='ltr'><strong>ἀπὸ</strong></span> <span class='ocrx_word' id='word_1_204' title='bbox 385 2805 484 2874; x_wconf 82' lang='grc' dir='ltr'>τῆς</span> <span class='ocrx_word' id='word_1_205' title='bbox 522 2803 924 2876; x_wconf 81' lang='grc' dir='ltr'>Ἀλεξανδρείας</span> <span class='ocrx_word' id='word_1_206' title='bbox 961 2807 1037 2868; x_wconf 80' lang='grc' dir='ltr'>εἰς</span> <span class='ocrx_word' id='word_1_207' title='bbox 1065 2803 1160 2875; x_wconf 80' lang='grc' dir='ltr'>τὴν</span> <span class='ocrx_word' id='word_1_208' title='bbox 1204 2804 1488 2877; x_wconf 81' lang='grc' dir='ltr'>Ἀρμενίαν</span> <span class='ocrx_word' id='word_1_209' title='bbox 1519 2803 1816 2874; x_wconf 73' lang='grc' dir='ltr'><strong>πρεσϐυτέ-</strong></span> 
     </span>
    </p>
   </div>
   <div class='ocr_carea' id='block_1_31' title="bbox 247 2895 1815 2966">
    <p class='ocr_par' dir='ltr' id='par_1_31' title="bbox 247 2895 1815 2966">
     <span class='ocr_line' id='line_1_31' title="bbox 247 2895 1815 2966; baseline 0.001 -20"><span class='ocrx_word' id='word_1_210' title='bbox 247 2911 372 2966; x_wconf 88' lang='grc' dir='ltr'>ρους</span> <span class='ocrx_word' id='word_1_211' title='bbox 403 2895 499 2947; x_wconf 71' lang='grc' dir='ltr'>κα³ι</span> <span class='ocrx_word' id='word_1_212' title='bbox 521 2895 816 2959; x_wconf 84' lang='grc' dir='ltr'>διακόνους,</span> <span class='ocrx_word' id='word_1_213' title='bbox 849 2895 1010 2958; x_wconf 73' lang='grc' dir='ltr'>εὐθὺς</span> <span class='ocrx_word' id='word_1_214' title='bbox 1034 2895 1367 2966; x_wconf 82' lang='grc' dir='ltr'>ἀπολυθῆναι</span> <span class='ocrx_word' id='word_1_215' title='bbox 1409 2895 1636 2949; x_wconf 81' lang='grc' dir='ltr'>κελεύει.</span> <span class='ocrx_word' id='word_1_216' title='bbox 1673 2895 1815 2966; x_wconf 84' lang='grc' dir='ltr'>Γρά-</span> 
     </span>
    </p>
   </div>
   <div class='ocr_carea' id='block_1_32' title="bbox 247 2985 1816 3058">
    <p class='ocr_par' dir='ltr' id='par_1_32' title="bbox 247 2985 1816 3058">
     <span class='ocr_line' id='line_1_32' title="bbox 247 2985 1816 3058; baseline 0.001 -20"><span class='ocrx_word' id='word_1_217' title='bbox 247 3003 332 3054; x_wconf 83' lang='grc' dir='ltr'><strong>φει</strong></span> <span class='ocrx_word' id='word_1_218' title='bbox 361 3004 420 3039; x_wconf 90' lang='grc' dir='ltr'><strong>τε</strong></span> <span class='ocrx_word' id='word_1_219' title='bbox 453 2989 532 3050; x_wconf 83' lang='grc' dir='ltr'><strong>εἰς</strong></span> <span class='ocrx_word' id='word_1_220' title='bbox 580 2985 980 3058; x_wconf 80' lang='grc' dir='ltr'>Ἀλεξάνδρειαν</span> <span class='ocrx_word' id='word_1_221' title='bbox 1005 2987 1271 3058; x_wconf 78' lang='grc' dir='ltr'>φανερῶς,</span> <span class='ocrx_word' id='word_1_222' title='bbox 1311 2989 1504 3058; x_wconf 78' lang='grc' dir='ltr'>μηκέτι</span> <span class='ocrx_word' id='word_1_223' title='bbox 1529 2986 1816 3040; x_wconf 85' lang='grc' dir='ltr'>διώκεσθαι</span> 
     </span>
    </p>
   </div>
   <div class='ocr_carea' id='block_1_33' title="bbox 247 3073 1813 3147">
    <p class='ocr_par' dir='ltr' id='par_1_33' title="bbox 247 3073 1813 3147">
     <span class='ocr_line' id='line_1_33' title="bbox 247 3073 1813 3147; baseline 0.002 -21"><span class='ocrx_word' id='word_1_224' title='bbox 247 3075 368 3138; x_wconf 79' lang='grc' dir='ltr'>τοὺς</span> <span class='ocrx_word' id='word_1_225' title='bbox 405 3073 544 3145; x_wconf 86' lang='grc' dir='ltr'><strong>μετά</strong></span> <span class='ocrx_word' id='word_1_226' title='bbox 587 3074 896 3128; x_wconf 83' lang='grc' dir='ltr'>Ἀθανασίου</span> <span class='ocrx_word' id='word_1_227' title='bbox 934 3075 1224 3147; x_wconf 82' lang='grc' dir='ltr'>κληρικούς</span> <span class='ocrx_word' id='word_1_228' title='bbox 1268 3095 1326 3130; x_wconf 86' lang='grc' dir='ltr'><strong>τε</strong></span> <span class='ocrx_word' id='word_1_229' title='bbox 1371 3079 1462 3130; x_wconf 80' lang='grc' dir='ltr'><strong>καὶ</strong></span> <span class='ocrx_word' id='word_1_230' title='bbox 1493 3077 1652 3139; x_wconf 85' lang='grc' dir='ltr'>λαούς</span> <span class='ocrx_word' id='word_1_231' title='bbox 1683 3077 1813 3146; x_wconf 83' lang='grc'>(89).</span> 
     </span>
    </p>
   </div>
   <div class='ocr_carea' id='block_1_34' title="bbox 247 3161 1813 3240">
    <p class='ocr_par' dir='ltr' id='par_1_34' title="bbox 247 3161 1813 3240">
     <span class='ocr_line' id='line_1_34' title="bbox 247 3161 1813 3240; baseline 0.003 -22"><span class='ocrx_word' id='word_1_232' title='bbox 247 3161 376 3221; x_wconf 78' lang='grc' dir='ltr'>Εἶτα</span> <span class='ocrx_word' id='word_1_233' title='bbox 431 3167 570 3238; x_wconf 85' lang='grc' dir='ltr'><strong>μετά</strong></span> <span class='ocrx_word' id='word_1_234' title='bbox 616 3167 789 3238; x_wconf 78' lang='grc' dir='ltr'>μῆνάς</span> <span class='ocrx_word' id='word_1_235' title='bbox 829 3186 931 3221; x_wconf 90' lang='grc' dir='ltr'><strong>που</strong></span> <span class='ocrx_word' id='word_1_236' title='bbox 979 3169 1111 3222; x_wconf 84' lang='grc' dir='ltr'>δέκα</span> <span class='ocrx_word' id='word_1_237' title='bbox 1155 3170 1573 3240; x_wconf 79' lang='grc' dir='ltr'>τελευτήσαντος</span> <span class='ocrx_word' id='word_1_238' title='bbox 1606 3171 1813 3240; x_wconf 80' lang='grc' dir='ltr'>Γρηγο-</span> 
     </span>
    </p>
   </div>
   <div class='ocr_carea' id='block_1_35' title="bbox 249 3258 1816 3332">
    <p class='ocr_par' dir='ltr' id='par_1_35' title="bbox 249 3258 1816 3332">
     <span class='ocr_line' id='line_1_35' title="bbox 249 3258 1816 3332; baseline 0.001 -20"><span class='ocrx_word' id='word_1_239' title='bbox 249 3259 361 3329; x_wconf 87' lang='grc' dir='ltr'>ρίου</span> <span class='ocrx_word' id='word_1_240' title='bbox 395 3258 530 3329; x_wconf 87' lang='grc'><strong>(90),</strong></span> <span class='ocrx_word' id='word_1_241' title='bbox 563 3259 976 3329; x_wconf 84' lang='grc' dir='ltr'>μεταπέμπεται</span> <span class='ocrx_word' id='word_1_242' title='bbox 1010 3261 1102 3313; x_wconf 73' lang='grc' dir='ltr'><strong>καὶ</strong></span> <span class='ocrx_word' id='word_1_243' title='bbox 1134 3260 1444 3315; x_wconf 83' lang='grc' dir='ltr'>Ἀθανάσιον</span> <span class='ocrx_word' id='word_1_244' title='bbox 1476 3260 1611 3332; x_wconf 74' lang='grc' dir='ltr'>μετὰ</span> <span class='ocrx_word' id='word_1_245' title='bbox 1638 3261 1816 3332; x_wconf 73' lang='grc' dir='ltr'>πάσης</span> 
     </span>
    </p>
   </div>
   <div class='ocr_carea' id='block_1_36' title="bbox 246 3348 1816 3423">
    <p class='ocr_par' dir='ltr' id='par_1_36' title="bbox 246 3348 1816 3423">
     <span class='ocr_line' id='line_1_36' title="bbox 246 3348 1816 3423; baseline -0.01 -9"><span class='ocrx_word' id='word_1_246' title='bbox 246 3349 429 3420; x_wconf 79' lang='grc' dir='ltr'>τιμῆς,</span> <span class='ocrx_word' id='word_1_247' title='bbox 469 3349 568 3418; x_wconf 66' lang='grc' dir='ltr'><strong>οὐχ</strong></span> <span class='ocrx_word' id='word_1_248' title='bbox 619 3348 784 3413; x_wconf 76' lang='grc' dir='ltr'>ἅπαξ,</span> <span class='ocrx_word' id='word_1_249' title='bbox 833 3350 954 3402; x_wconf 83' lang='grc' dir='ltr'><strong>ούδέ</strong></span> <span class='ocrx_word' id='word_1_250' title='bbox 996 3350 1264 3421; x_wconf 88' lang='grc' dir='ltr'>δεύτερον,</span> <span class='ocrx_word' id='word_1_251' title='bbox 1307 3351 1440 3404; x_wconf 86' lang='grc' dir='ltr'><strong>ἀλλά</strong></span> <span class='ocrx_word' id='word_1_252' title='bbox 1492 3351 1585 3405; x_wconf 75' lang='grc' dir='ltr'><strong>καὶ</strong></span> <span class='ocrx_word' id='word_1_253' title='bbox 1638 3353 1816 3423; x_wconf 83' lang='grc' dir='ltr'>τρίτον</span> 
     </span>
    </p>
   </div>
   <div class='ocr_carea' id='block_1_37' title="bbox 251 3437 1816 3515">
    <p class='ocr_par' dir='ltr' id='par_1_37' title="bbox 251 3437 1816 3515">
     <span class='ocr_line' id='line_1_37' title="bbox 251 3437 1816 3515; baseline 0.002 -19"><span class='ocrx_word' id='word_1_254' title='bbox 251 3442 462 3514; x_wconf 63' lang='grc' dir='ltr'>γράψας</span> <span class='ocrx_word' id='word_1_255' title='bbox 508 3440 654 3511; x_wconf 77' lang='grc' dir='ltr'>αὐτῷ</span> <span class='ocrx_word' id='word_1_256' title='bbox 689 3443 784 3512; x_wconf 76' lang='grc' dir='ltr'><strong>μὲν</strong></span> <span class='ocrx_word' id='word_1_257' title='bbox 815 3442 1020 3510; x_wconf 83' lang='grc' dir='ltr'>φιλικὰ,</span> <span class='ocrx_word' id='word_1_258' title='bbox 1065 3443 1129 3495; x_wconf 84' lang='grc' dir='ltr'>δι’</span> <span class='ocrx_word' id='word_1_259' title='bbox 1155 3437 1227 3498; x_wconf 80' lang='grc' dir='ltr'>ὧν</span> <span class='ocrx_word' id='word_1_260' title='bbox 1265 3445 1482 3515; x_wconf 71' lang='grc' dir='ltr'>θαρρεῖν</span> <span class='ocrx_word' id='word_1_261' title='bbox 1515 3446 1607 3497; x_wconf 74' lang='grc' dir='ltr'>καὶ</span> <span class='ocrx_word' id='word_1_262' title='bbox 1646 3445 1816 3499; x_wconf 85' lang='grc' dir='ltr'>ἐλθεῖν</span> 
     </span>
    </p>
   </div>
   <div class='ocr_carea' id='block_1_38' title="bbox 247 3535 1816 3607">
    <p class='ocr_par' dir='ltr' id='par_1_38' title="bbox 247 3535 1816 3607">
     <span class='ocr_line' id='line_1_38' title="bbox 247 3535 1816 3607; baseline 0.003 -21"><span class='ocrx_word' id='word_1_263' title='bbox 247 3536 574 3607; x_wconf 84' lang='grc' dir='ltr'>προέτρεπε.</span> <span class='ocrx_word' id='word_1_264' title='bbox 608 3535 822 3604; x_wconf 80' lang='grc' dir='ltr'>Πέμπει</span> <span class='ocrx_word' id='word_1_265' title='bbox 856 3552 913 3586; x_wconf 88' lang='grc' dir='ltr'><strong>τε</strong></span> <span class='ocrx_word' id='word_1_266' title='bbox 938 3535 1302 3606; x_wconf 82' lang='grc' dir='ltr'>πρεσϐύτερον</span> <span class='ocrx_word' id='word_1_267' title='bbox 1326 3538 1420 3591; x_wconf 74' lang='grc' dir='ltr'><strong>καὶ</strong></span> <span class='ocrx_word' id='word_1_268' title='bbox 1452 3537 1715 3599; x_wconf 87' lang='grc' dir='ltr'>διάκονον,</span> <span class='ocrx_word' id='word_1_269' title='bbox 1752 3539 1816 3590; x_wconf 82' lang='grc' dir='ltr'>ἵν’</span> 
     </span>
    </p>
   </div>
   <div class='ocr_carea' id='block_1_39' title="bbox 247 3623 1818 3696">
    <p class='ocr_par' dir='ltr' id='par_1_39' title="bbox 247 3623 1818 3696">
     <span class='ocr_line' id='line_1_39' title="bbox 247 3623 1818 3696; baseline 0.001 -19"><span class='ocrx_word' id='word_1_270' title='bbox 247 3625 322 3677; x_wconf 72' lang='grc' dir='ltr'>ἔτι</span> <span class='ocrx_word' id='word_1_271' title='bbox 348 3624 548 3696; x_wconf 80' lang='grc' dir='ltr'>μᾶλλον</span> <span class='ocrx_word' id='word_1_272' title='bbox 579 3623 794 3695; x_wconf 78' lang='grc' dir='ltr'>θαρρῶν</span> <span class='ocrx_word' id='word_1_273' title='bbox 827 3623 1127 3676; x_wconf 83' lang='grc' dir='ltr'>ἐπανέλθοι.</span> <span class='ocrx_word' id='word_1_274' title='bbox 1178 3624 1420 3694; x_wconf 83' lang='grc' dir='ltr'>Ἐνόμιζε</span> <span class='ocrx_word' id='word_1_275' title='bbox 1468 3627 1573 3696; x_wconf 80' lang='grc' dir='ltr'><strong>γάρ</strong></span> <span class='ocrx_word' id='word_1_276' title='bbox 1613 3625 1699 3678; x_wconf 78' lang='grc' dir='ltr'><strong>διὰ</strong></span> <span class='ocrx_word' id='word_1_277' title='bbox 1727 3627 1818 3679; x_wconf 76' lang='grc' dir='ltr'>τὸν</span> 
     </span>
    </p>
   </div>
   <div class='ocr_carea' id='block_1_40' title="bbox 251 3716 1817 3788">
    <p class='ocr_par' dir='ltr' id='par_1_40' title="bbox 251 3716 1817 3788">
     <span class='ocr_line' id='line_1_40' title="bbox 251 3716 1817 3788; baseline 0.001 -18"><span class='ocrx_word' id='word_1_278' title='bbox 251 3717 408 3788; x_wconf 76' lang='grc' dir='ltr'>φόϐον</span> <span class='ocrx_word' id='word_1_279' title='bbox 434 3717 542 3770; x_wconf 83' lang='grc' dir='ltr'><strong>τῶν</strong></span> <span class='ocrx_word' id='word_1_280' title='bbox 571 3717 830 3787; x_wconf 84' lang='grc' dir='ltr'>πρότερον</span> <span class='ocrx_word' id='word_1_281' title='bbox 845 3716 1148 3786; x_wconf 83' lang='grc' dir='ltr'>γενομένων</span> <span class='ocrx_word' id='word_1_282' title='bbox 1179 3716 1459 3785; x_wconf 77' lang='grc' dir='ltr'>ὀλιγωρεῖν</span> <span class='ocrx_word' id='word_1_283' title='bbox 1487 3735 1550 3786; x_wconf 83' lang='grc' dir='ltr'><strong>με</strong></span> <span class='ocrx_word' id='word_1_284' title='bbox 1583 3719 1708 3788; x_wconf 82' lang='grc' dir='ltr'>περὶ</span> <span class='ocrx_word' id='word_1_285' title='bbox 1722 3718 1817 3788; x_wconf 78' lang='grc' dir='ltr'><strong>τὴν</strong></span> 
     </span>
    </p>
   </div>
   <div class='ocr_carea' id='block_1_41' title="bbox 247 3804 1818 3877">
    <p class='ocr_par' dir='ltr' id='par_1_41' title="bbox 247 3804 1818 3877">
     <span class='ocr_line' id='line_1_41' title="bbox 247 3804 1818 3877; baseline 0.003 -18"><span class='ocrx_word' id='word_1_286' title='bbox 247 3806 522 3862; x_wconf 83' lang='grc' dir='ltr'>ἐπάνοδον.</span> <span class='ocrx_word' id='word_1_287' title='bbox 551 3805 754 3877; x_wconf 78' lang='grc' dir='ltr'>Γράφει</span> <span class='ocrx_word' id='word_1_288' title='bbox 781 3805 836 3857; x_wconf 82' lang='grc' dir='ltr'><strong>δέ</strong></span> <span class='ocrx_word' id='word_1_289' title='bbox 870 3805 963 3857; x_wconf 70' lang='grc' dir='ltr'>καὶ</span> <span class='ocrx_word' id='word_1_290' title='bbox 985 3804 1059 3875; x_wconf 84' lang='grc' dir='ltr'>τῷ</span> <span class='ocrx_word' id='word_1_291' title='bbox 1080 3805 1290 3875; x_wconf 81' lang='grc' dir='ltr'>ἀδελφῷ</span> <span class='ocrx_word' id='word_1_292' title='bbox 1313 3807 1504 3860; x_wconf 76' lang='grc' dir='ltr'>ἑαυτοῦ</span> <span class='ocrx_word' id='word_1_293' title='bbox 1534 3808 1818 3865; x_wconf 79' lang='grc' dir='ltr'>Κώνσταν-</span> 
     </span>
    </p>
   </div>
   <div class='ocr_carea' id='block_1_42' title="bbox 247 3896 1816 3972">
    <p class='ocr_par' dir='ltr' id='par_1_42' title="bbox 247 3896 1816 3972">
     <span class='ocr_line' id='line_1_42' title="bbox 247 3896 1816 3972; baseline 0.001 -24"><span class='ocrx_word' id='word_1_294' title='bbox 247 3917 318 3962; x_wconf 83' lang='grc' dir='ltr'><strong>τι,</strong></span> <span class='ocrx_word' id='word_1_295' title='bbox 344 3900 434 3951; x_wconf 81' lang='grc' dir='ltr'><strong>ἵνα</strong></span> <span class='ocrx_word' id='word_1_296' title='bbox 466 3899 558 3950; x_wconf 70' lang='grc' dir='ltr'><strong>καὶ</strong></span> <span class='ocrx_word' id='word_1_297' title='bbox 583 3897 743 3959; x_wconf 77' lang='grc' dir='ltr'>αὐτὸς</span> <span class='ocrx_word' id='word_1_298' title='bbox 771 3896 1082 3949; x_wconf 82' lang='grc' dir='ltr'>ἐπανελθεῖν</span> <span class='ocrx_word' id='word_1_299' title='bbox 1113 3914 1178 3967; x_wconf 87' lang='grc' dir='ltr'><strong>με</strong></span> <span class='ocrx_word' id='word_1_300' title='bbox 1207 3901 1598 3972; x_wconf 63' lang='grc' dir='ltr'>προτρέψηται.</span> <span class='ocrx_word' id='word_1_301' title='bbox 1634 3903 1816 3957; x_wconf 64' lang='grc' dir='ltr'>Διεϐετ</span> 
     </span>
    </p>
   </div>
   <div class='ocr_carea' id='block_1_43' title="bbox 247 3989 1819 4062">
    <p class='ocr_par' dir='ltr' id='par_1_43' title="bbox 247 3989 1819 4062">
     <span class='ocr_line' id='line_1_43' title="bbox 247 3989 1819 4062; baseline 0.004 -20"><span class='ocrx_word' id='word_1_302' title='bbox 247 3990 469 4044; x_wconf 79' lang='grc' dir='ltr'>ϐαιοῦτο</span> <span class='ocrx_word' id='word_1_303' title='bbox 504 3989 613 4060; x_wconf 88' lang='lat'><strong>(9|)</strong></span> <span class='ocrx_word' id='word_1_304' title='bbox 639 3989 746 4060; x_wconf 78' lang='grc' dir='ltr'>γὰρ</span> <span class='ocrx_word' id='word_1_305' title='bbox 774 3989 1014 4042; x_wconf 82' lang='grc' dir='ltr'>ἐνιαυτὸν</span> <span class='ocrx_word' id='word_1_306' title='bbox 1047 3989 1162 4042; x_wconf 85' lang='grc' dir='ltr'>ὅλον</span> <span class='ocrx_word' id='word_1_307' title='bbox 1196 3992 1508 4062; x_wconf 85' lang='grc' dir='ltr'>ἐκδέχεσθαι</span> <span class='ocrx_word' id='word_1_308' title='bbox 1529 3996 1616 4046; x_wconf 80' lang='grc' dir='ltr'>τὸν</span> <span class='ocrx_word' id='word_1_309' title='bbox 1663 3995 1819 4048; x_wconf 83' lang='grc' dir='ltr'>Ἀθα-</span> 
     </span>
    </p>
   </div>
   <div class='ocr_carea' id='block_1_44' title="bbox 245 4078 1818 4150">
    <p class='ocr_par' dir='ltr' id='par_1_44' title="bbox 245 4078 1818 4150">
     <span class='ocr_line' id='line_1_44' title="bbox 245 4078 1818 4150; baseline 0.003 -18"><span class='ocrx_word' id='word_1_310' title='bbox 245 4079 448 4141; x_wconf 85' lang='grc' dir='ltr'>νάσιον,</span> <span class='ocrx_word' id='word_1_311' title='bbox 474 4079 569 4131; x_wconf 68' lang='grc' dir='ltr'><strong>καὶ</strong></span> <span class='ocrx_word' id='word_1_312' title='bbox 605 4078 704 4132; x_wconf 74' lang='grc' dir='ltr'><strong>οὐκ</strong></span> <span class='ocrx_word' id='word_1_313' title='bbox 725 4078 789 4131; x_wconf 85' lang='grc' dir='ltr'>ἄν</span> <span class='ocrx_word' id='word_1_314' title='bbox 812 4096 940 4130; x_wconf 90' lang='grc' dir='ltr'>ποτε</span> <span class='ocrx_word' id='word_1_315' title='bbox 967 4079 1251 4150; x_wconf 62' lang='grc' dir='ltr'>ἐπιτρέψαι</span> <span class='ocrx_word' id='word_1_316' title='bbox 1281 4082 1532 4149; x_wconf 82' lang='grc' dir='ltr'>γενέσθαι</span> <span class='ocrx_word' id='word_1_317' title='bbox 1557 4083 1677 4137; x_wconf 78' lang='grc' dir='ltr'>τινὰ</span> <span class='ocrx_word' id='word_1_318' title='bbox 1701 4102 1818 4137; x_wconf 89' lang='grc' dir='ltr'>και-</span> 
     </span>
    </p>
   </div>
   <div class='ocr_carea' id='block_1_45' title="bbox 246 4171 1820 4244">
    <p class='ocr_par' dir='ltr' id='par_1_45' title="bbox 246 4171 1820 4244">
     <span class='ocr_line' id='line_1_45' title="bbox 246 4171 1820 4244; baseline 0.002 -22"><span class='ocrx_word' id='word_1_319' title='bbox 246 4171 520 4241; x_wconf 87' lang='grc' dir='ltr'>νοτομίαν,</span> <span class='ocrx_word' id='word_1_320' title='bbox 570 4171 602 4240; x_wconf 84' lang='grc' dir='ltr'>ἢ</span> <span class='ocrx_word' id='word_1_321' title='bbox 652 4171 745 4223; x_wconf 76' lang='grc' dir='ltr'><strong>καὶ</strong></span> <span class='ocrx_word' id='word_1_322' title='bbox 783 4171 1131 4234; x_wconf 83' lang='grc' dir='ltr'>κατάστασιν,</span> <span class='ocrx_word' id='word_1_323' title='bbox 1181 4171 1460 4240; x_wconf 76' lang='grc' dir='ltr'>φυλάττων</span> <span class='ocrx_word' id='word_1_324' title='bbox 1523 4174 1820 4244; x_wconf 86' lang='grc' dir='ltr'>Ἀθανασίῳ</span> 
     </span>
    </p>
   </div>
   <div class='ocr_carea' id='block_1_46' title="bbox 245 4261 1142 4334">
    <p class='ocr_par' dir='ltr' id='par_1_46' title="bbox 245 4261 1142 4334">
     <span class='ocr_line' id='line_1_46' title="bbox 245 4261 1142 4334; baseline -0.001 -19"><span class='ocrx_word' id='word_1_325' title='bbox 245 4265 320 4334; x_wconf 81' lang='grc' dir='ltr'><strong>τῷ</strong></span> <span class='ocrx_word' id='word_1_326' title='bbox 343 4263 628 4331; x_wconf 80' lang='grc' dir='ltr'>ἐπισκόπῳ</span> <span class='ocrx_word' id='word_1_327' title='bbox 660 4261 755 4328; x_wconf 77' lang='grc' dir='ltr'><strong>τάς</strong></span> <span class='ocrx_word' id='word_1_328' title='bbox 800 4262 1142 4331; x_wconf 82' lang='grc' dir='ltr'>Ἐκκλησίας.</span> 
     </span>
    </p>
   </div>
   <div class='ocr_carea' id='block_1_47' title="bbox 273 4349 1821 4430">
    <p class='ocr_par' dir='ltr' id='par_1_47' title="bbox 273 4349 1821 4430">
     <span class='ocr_line' id='line_1_47' title="bbox 273 4349 1821 4430; baseline 0.001 -19"><span class='ocrx_word' id='word_1_329' title='bbox 273 4349 286 4360; x_wconf 85' lang='grc'><em>’</em></span> <span class='ocrx_word' id='word_1_330' title='bbox 312 4358 404 4411; x_wconf 71' lang='grc'><strong>22.</strong></span> <span class='ocrx_word' id='word_1_331' title='bbox 445 4356 602 4409; x_wconf 76' lang='grc' dir='ltr'>Οὕτω</span> <span class='ocrx_word' id='word_1_332' title='bbox 629 4355 693 4426; x_wconf 77' lang='grc' dir='ltr'>δὴ</span> <span class='ocrx_word' id='word_1_333' title='bbox 727 4350 818 4408; x_wconf 76' lang='grc' dir='ltr'><strong>οὖν</strong></span> <span class='ocrx_word' id='word_1_334' title='bbox 847 4355 1151 4426; x_wconf 66' lang='grc' dir='ltr'>γράψαντος</span> <span class='ocrx_word' id='word_1_335' title='bbox 1176 4357 1361 4420; x_wconf 77' lang='grc' dir='ltr'>αὐτοῦ,</span> <span class='ocrx_word' id='word_1_336' title='bbox 1392 4360 1486 4410; x_wconf 74' lang='grc' dir='ltr'>καὶ</span> <span class='ocrx_word' id='word_1_337' title='bbox 1517 4359 1821 4430; x_wconf 65' lang='grc' dir='ltr'>προτρεψα-</span> 
     </span>
    </p>
   </div>
   <div class='ocr_carea' id='block_1_48' title="bbox 251 4445 1819 4520">
    <p class='ocr_par' dir='ltr' id='par_1_48' title="bbox 251 4445 1819 4520">
     <span class='ocr_line' id='line_1_48' title="bbox 251 4445 1819 4520; baseline -0.008 -17"><span class='ocrx_word' id='word_1_338' title='bbox 251 4450 410 4520; x_wconf 87' lang='grc' dir='ltr'>μένου</span> <span class='ocrx_word' id='word_1_339' title='bbox 443 4447 533 4500; x_wconf 79' lang='grc' dir='ltr'><strong>διά</strong></span> <span class='ocrx_word' id='word_1_340' title='bbox 573 4445 780 4498; x_wconf 74' lang='grc' dir='ltr'>πολλῶν</span> <span class='ocrx_word' id='word_1_341' title='bbox 823 4447 956 4515; x_wconf 53' lang='grc' dir='ltr'><strong>(καὶ⁸</strong></span> <span class='ocrx_word' id='word_1_342' title='bbox 987 4445 1092 4516; x_wconf 82' lang='grc' dir='ltr'>γὰρ</span> <span class='ocrx_word' id='word_1_343' title='bbox 1127 4447 1219 4498; x_wconf 71' lang='grc' dir='ltr'>καὶ</span> <span class='ocrx_word' id='word_1_344' title='bbox 1253 4448 1378 4510; x_wconf 70' lang='grc' dir='ltr'>τοὺς</span> <span class='ocrx_word' id='word_1_345' title='bbox 1427 4449 1672 4519; x_wconf 81' lang='grc' dir='ltr'>κόμητας</span> <span class='ocrx_word' id='word_1_346' title='bbox 1708 4447 1819 4518; x_wconf 65' lang='grc'><strong>(99).)</strong></span> 
     </span>
    </p>
   </div>
   <div class='ocr_carea' id='block_1_49' title="bbox 247 4536 1820 4608">
    <p class='ocr_par' dir='ltr' id='par_1_49' title="bbox 247 4536 1820 4608">
     <span class='ocr_line' id='line_1_49' title="bbox 247 4536 1820 4608; baseline -0.004 -13"><span class='ocrx_word' id='word_1_347' title='bbox 247 4540 410 4595; x_wconf 79' lang='grc' dir='ltr'>αὑτοῦ</span> <span class='ocrx_word' id='word_1_348' title='bbox 441 4538 708 4608; x_wconf 86' lang='grc' dir='ltr'>πεποίηκε</span> <span class='ocrx_word' id='word_1_349' title='bbox 736 4536 964 4608; x_wconf 69' lang='grc' dir='ltr'>γράψαι,</span> <span class='ocrx_word' id='word_1_350' title='bbox 1023 4536 1304 4605; x_wconf 84' lang='grc' dir='ltr'>Πολέμων,</span> <span class='ocrx_word' id='word_1_351' title='bbox 1348 4537 1625 4603; x_wconf 83' lang='grc' dir='ltr'>Δατιανὸν,</span> <span class='ocrx_word' id='word_1_352' title='bbox 1676 4538 1820 4608; x_wconf 86' lang='grc' dir='ltr'>Βαρ-</span> 
     </span>
    </p>
   </div>
   <div class='ocr_carea' id='block_1_50' title="bbox 243 4623 1822 4700">
    <p class='ocr_par' dir='ltr' id='par_1_50' title="bbox 243 4623 1822 4700">
     <span class='ocr_line' id='line_1_50' title="bbox 243 4623 1822 4700; baseline -0.004 -12"><span class='ocrx_word' id='word_1_353' title='bbox 243 4636 430 4690; x_wconf 82' lang='grc' dir='ltr'>δίωνα.</span> <span class='ocrx_word' id='word_1_354' title='bbox 463 4631 762 4694; x_wconf 82' lang='grc' dir='ltr'>Θάλασσον,</span> <span class='ocrx_word' id='word_1_355' title='bbox 802 4629 1030 4699; x_wconf 80' lang='grc' dir='ltr'>Ταῦρον,</span> <span class='ocrx_word' id='word_1_356' title='bbox 1072 4629 1165 4681; x_wconf 71' lang='grc' dir='ltr'><strong>καὶ</strong></span> <span class='ocrx_word' id='word_1_357' title='bbox 1197 4629 1525 4700; x_wconf 80' lang='grc' dir='ltr'>Φλωρέντιον</span> <span class='ocrx_word' id='word_1_358' title='bbox 1567 4630 1700 4700; x_wconf 72' lang='grc'>(95),</span> <span class='ocrx_word' id='word_1_359' title='bbox 1740 4623 1822 4695; x_wconf 76' lang='grc' dir='ltr'><strong>οἷς</strong></span> 
     </span>
    </p>
   </div>
   <div class='ocr_carea' id='block_1_51' title="bbox 247 4716 1821 4795">
    <p class='ocr_par' dir='ltr' id='par_1_51' title="bbox 247 4716 1821 4795">
     <span class='ocr_line' id='line_1_51' title="bbox 247 4716 1821 4795; baseline -0.004 -17"><span class='ocrx_word' id='word_1_360' title='bbox 247 4727 339 4780; x_wconf 70' lang='grc' dir='ltr'>καὶ</span> <span class='ocrx_word' id='word_1_361' title='bbox 370 4723 570 4795; x_wconf 79' lang='grc' dir='ltr'>μᾶλλον</span> <span class='ocrx_word' id='word_1_362' title='bbox 617 4719 888 4773; x_wconf 75' lang='grc' dir='ltr'>πιστεύειν</span> <span class='ocrx_word' id='word_1_363' title='bbox 929 4716 1054 4790; x_wconf 83' lang='grc' dir='ltr'>ἦν),</span> <span class='ocrx_word' id='word_1_364' title='bbox 1108 4719 1168 4771; x_wconf 76' lang='grc' dir='ltr'>τὸ</span> <span class='ocrx_word' id='word_1_365' title='bbox 1203 4719 1257 4772; x_wconf 84' lang='grc' dir='ltr'>δὲ</span> <span class='ocrx_word' id='word_1_366' title='bbox 1304 4721 1422 4774; x_wconf 81' lang='grc' dir='ltr'>ὅλον</span> <span class='ocrx_word' id='word_1_367' title='bbox 1455 4720 1700 4784; x_wconf 87' lang='grc' dir='ltr'>δεδωκὼς</span> <span class='ocrx_word' id='word_1_368' title='bbox 1741 4719 1821 4790; x_wconf 80' lang='grc' dir='ltr'>τῷ</span> 
     </span>
    </p>
   </div>
   <div class='ocr_carea' id='block_1_52' title="bbox 245 4809 1818 4886">
    <p class='ocr_par' dir='ltr' id='par_1_52' title="bbox 245 4809 1818 4886">
     <span class='ocr_line' id='line_1_52' title="bbox 245 4809 1818 4886; baseline -0.005 -16"><span class='ocrx_word' id='word_1_369' title='bbox 245 4813 480 4886; x_wconf 82' lang='grc' dir='ltr'>Θεῷ,τῷ</span> <span class='ocrx_word' id='word_1_370' title='bbox 513 4813 606 4865; x_wconf 72' lang='grc' dir='ltr'><strong>καὶ</strong></span> <span class='ocrx_word' id='word_1_371' title='bbox 638 4813 716 4874; x_wconf 88' lang='grc' dir='ltr'>εἰς</span> <span class='ocrx_word' id='word_1_372' title='bbox 747 4811 902 4864; x_wconf 75' lang='grc' dir='ltr'>τοῦτο</span> <span class='ocrx_word' id='word_1_373' title='bbox 934 4809 1291 4874; x_wconf 80' lang='grc' dir='ltr'>κατανύξαντι</span> <span class='ocrx_word' id='word_1_374' title='bbox 1334 4811 1424 4864; x_wconf 83' lang='grc' dir='ltr'><strong>τὸν</strong></span> <span class='ocrx_word' id='word_1_375' title='bbox 1457 4813 1818 4874; x_wconf 86' lang='grc' dir='ltr'>Κωντάντιον,</span> 
     </span>
    </p>
   </div>
   <div class='ocr_carea' id='block_1_53' title="bbox 244 4903 1820 4980">
    <p class='ocr_par' dir='ltr' id='par_1_53' title="bbox 244 4903 1820 4980">
     <span class='ocr_line' id='line_1_53' title="bbox 244 4903 1820 4980; baseline -0.005 -18"><span class='ocrx_word' id='word_1_376' title='bbox 244 4905 406 4980; x_wconf 84' lang='grc' dir='ltr'>ἦλθεν</span> <span class='ocrx_word' id='word_1_377' title='bbox 460 4905 774 4966; x_wconf 78' lang='grc' dir='ltr'>Ἀθανάσιος</span> <span class='ocrx_word' id='word_1_378' title='bbox 810 4903 946 4974; x_wconf 88' lang='grc' dir='ltr'><strong>μετά</strong></span> <span class='ocrx_word' id='word_1_379' title='bbox 982 4903 1089 4955; x_wconf 81' lang='grc' dir='ltr'><strong>τῶν</strong></span> <span class='ocrx_word' id='word_1_380' title='bbox 1144 4905 1240 4957; x_wconf 74' lang='grc' dir='ltr'><strong>σὺν</strong></span> <span class='ocrx_word' id='word_1_381' title='bbox 1288 4904 1606 4977; x_wconf 79' lang='grc' dir='ltr'>αὐτῷπρὸς</span> <span class='ocrx_word' id='word_1_382' title='bbox 1638 4905 1820 4968; x_wconf 82' lang='grc' dir='ltr'>αὑτὸν,</span> 
     </span>
    </p>
   </div>
   <div class='ocr_carea' id='block_1_54' title="bbox 243 4991 1822 5069">
    <p class='ocr_par' dir='ltr' id='par_1_54' title="bbox 243 4991 1822 5069">
     <span class='ocr_line' id='line_1_54' title="bbox 243 4991 1822 5069; baseline -0.005 -18"><span class='ocrx_word' id='word_1_383' title='bbox 243 4997 482 5069; x_wconf 80' lang='grc' dir='ltr'>γνησίως</span> <span class='ocrx_word' id='word_1_384' title='bbox 507 5014 565 5048; x_wconf 86' lang='grc' dir='ltr'><strong>τε</strong></span> <span class='ocrx_word' id='word_1_385' title='bbox 595 4995 756 5047; x_wconf 70' lang='grc' dir='ltr'>αὑτὸν</span> <span class='ocrx_word' id='word_1_386' title='bbox 785 4991 1017 5064; x_wconf 79' lang='grc' dir='ltr'>ἑώρακε,</span> <span class='ocrx_word' id='word_1_387' title='bbox 1049 4994 1142 5047; x_wconf 76' lang='grc' dir='ltr'><strong>καὶ</strong></span> <span class='ocrx_word' id='word_1_388' title='bbox 1175 4994 1440 5048; x_wconf 80' lang='grc' dir='ltr'>ἀπέλυσεν</span> <span class='ocrx_word' id='word_1_389' title='bbox 1463 4994 1719 5048; x_wconf 80' lang='grc' dir='ltr'>εἰσελθεῖν</span> <span class='ocrx_word' id='word_1_390' title='bbox 1742 4994 1822 5055; x_wconf 86' lang='grc' dir='ltr'><strong>είς</strong></span> 
     </span>
    </p>
   </div>
   <div class='ocr_carea' id='block_1_55' title="bbox 241 5087 1819 5162">
    <p class='ocr_par' dir='ltr' id='par_1_55' title="bbox 241 5087 1819 5162">
     <span class='ocr_line' id='line_1_55' title="bbox 241 5087 1819 5162; baseline -0.004 -18"><span class='ocrx_word' id='word_1_391' title='bbox 241 5093 340 5162; x_wconf 78' lang='grc' dir='ltr'>τὴν</span> <span class='ocrx_word' id='word_1_392' title='bbox 383 5089 623 5160; x_wconf 85' lang='grc' dir='ltr'>πατρίδα</span> <span class='ocrx_word' id='word_1_393' title='bbox 681 5088 773 5141; x_wconf 74' lang='grc' dir='ltr'><strong>καὶ</strong></span> <span class='ocrx_word' id='word_1_394' title='bbox 813 5088 911 5151; x_wconf 76' lang='grc' dir='ltr'><strong>τὰς</strong></span> <span class='ocrx_word' id='word_1_395' title='bbox 957 5087 1304 5157; x_wconf 82' lang='grc' dir='ltr'>Ἐκκλησίας,</span> <span class='ocrx_word' id='word_1_396' title='bbox 1338 5087 1552 5157; x_wconf 75' lang='grc' dir='ltr'>γράψας</span> <span class='ocrx_word' id='word_1_397' title='bbox 1582 5087 1674 5140; x_wconf 79' lang='grc' dir='ltr'><strong>καὶ</strong></span> <span class='ocrx_word' id='word_1_398' title='bbox 1707 5087 1819 5147; x_wconf 81' lang='grc' dir='ltr'>τοῖς</span> 
     </span>
    </p>
   </div>
   <div class='ocr_carea' id='block_1_56' title="bbox 245 5171 1818 5248">
    <p class='ocr_par' dir='ltr' id='par_1_56' title="bbox 245 5171 1818 5248">
     <span class='ocr_line' id='line_1_56' title="bbox 245 5171 1818 5248; baseline -0.004 -15"><span class='ocrx_word' id='word_1_399' title='bbox 245 5181 385 5234; x_wconf 79' lang='grc' dir='ltr'>κατὰ</span> <span class='ocrx_word' id='word_1_400' title='bbox 399 5180 563 5232; x_wconf 87' lang='grc' dir='ltr'>τόπον</span> <span class='ocrx_word' id='word_1_401' title='bbox 591 5178 870 5241; x_wconf 86' lang='grc' dir='ltr'>δικασταῖς</span> <span class='ocrx_word' id='word_1_402' title='bbox 885 5217 901 5242; x_wconf 88' lang='grc'><strong>,</strong></span> <span class='ocrx_word' id='word_1_403' title='bbox 925 5177 1109 5248; x_wconf 84' lang='grc' dir='ltr'>ἐπειδὴ</span> <span class='ocrx_word' id='word_1_404' title='bbox 1132 5178 1392 5247; x_wconf 88' lang='grc' dir='ltr'>πρότερον</span> <span class='ocrx_word' id='word_1_405' title='bbox 1421 5176 1728 5248; x_wconf 82' lang='grc' dir='ltr'>προστάξας</span> <span class='ocrx_word' id='word_1_406' title='bbox 1750 5171 1818 5245; x_wconf 80' lang='grc' dir='ltr'>ἦν</span> 
     </span>
    </p>
   </div>
   <div class='ocr_carea' id='block_1_57' title="bbox 244 5267 1819 5340">
    <p class='ocr_par' dir='ltr' id='par_1_57' title="bbox 244 5267 1819 5340">
     <span class='ocr_line' id='line_1_57' title="bbox 244 5267 1819 5340; baseline -0.003 -16"><span class='ocrx_word' id='word_1_407' title='bbox 244 5271 608 5340; x_wconf 78' lang='grc' dir='ltr'>φυλάττεσθαι</span> <span class='ocrx_word' id='word_1_408' title='bbox 650 5270 750 5332; x_wconf 76' lang='grc' dir='ltr'>τὰς</span> <span class='ocrx_word' id='word_1_409' title='bbox 795 5270 1029 5332; x_wconf 86' lang='grc' dir='ltr'>διόδους,</span> <span class='ocrx_word' id='word_1_410' title='bbox 1073 5271 1159 5322; x_wconf 76' lang='grc' dir='ltr'>ἵνα</span> <span class='ocrx_word' id='word_1_411' title='bbox 1214 5268 1490 5321; x_wconf 83' lang='grc' dir='ltr'>ἀκώλυτον</span> <span class='ocrx_word' id='word_1_412' title='bbox 1530 5269 1692 5337; x_wconf 74' lang='grc' dir='ltr'>ἔχωσι</span> <span class='ocrx_word' id='word_1_413' title='bbox 1721 5267 1819 5337; x_wconf 77' lang='grc' dir='ltr'>τὴν</span> 
     </span>
    </p>
   </div>
   <div class='ocr_carea' id='block_1_58' title="bbox 245 5351 1818 5434">
    <p class='ocr_par' dir='ltr' id='par_1_58' title="bbox 245 5351 1818 5434">
     <span class='ocr_line' id='line_1_58' title="bbox 245 5351 1818 5434; baseline -0.001 -20"><span class='ocrx_word' id='word_1_414' title='bbox 245 5363 496 5434; x_wconf 81' lang='grc' dir='ltr'>πάροδον.</span> <span class='ocrx_word' id='word_1_415' title='bbox 529 5357 666 5415; x_wconf 76' lang='grc' dir='ltr'>Εἶτα</span> <span class='ocrx_word' id='word_1_416' title='bbox 696 5361 790 5414; x_wconf 77' lang='grc' dir='ltr'>τοῦ</span> <span class='ocrx_word' id='word_1_417' title='bbox 822 5363 1120 5416; x_wconf 81' lang='grc' dir='ltr'>ἐπισκόπου</span> <span class='ocrx_word' id='word_1_418' title='bbox 1155 5361 1556 5431; x_wconf 82' lang='grc' dir='ltr'>ἀποδυρομένου</span> <span class='ocrx_word' id='word_1_419' title='bbox 1588 5360 1716 5430; x_wconf 70' lang='grc' dir='ltr'>περὶ</span> <span class='ocrx_word' id='word_1_420' title='bbox 1742 5351 1818 5413; x_wconf 69' lang='grc' dir='ltr'>ὧν</span> 
     </span>
    </p>
   </div>
   <div class='ocr_carea' id='block_1_59' title="bbox 317 5539 1252 5610">
    <p class='ocr_par' dir='ltr' id='par_1_59' title="bbox 317 5539 1252 5610">
     <span class='ocr_line' id='line_1_59' title="bbox 317 5539 1252 5610; baseline -0.004 -15"><span class='ocrx_word' id='word_1_421' title='bbox 317 5540 429 5610; x_wconf 90' lang='grc'><strong>(87)</strong></span> <span class='ocrx_word' id='word_1_422' title='bbox 461 5540 541 5593; x_wconf 80' lang='lat' dir='ltr'><strong>Ita</strong></span> <span class='ocrx_word' id='word_1_423' title='bbox 573 5539 706 5608; x_wconf 78' lang='lat' dir='ltr'><strong>Reg.</strong></span> <span class='ocrx_word' id='word_1_424' title='bbox 739 5539 961 5608; x_wconf 51' lang='lat' dir='ltr'><strong>Editidj</strong></span> <span class='ocrx_word' id='word_1_425' title='bbox 995 5539 1115 5609; x_wconf 86' lang='grc' dir='ltr'>μέν,</span> <span class='ocrx_word' id='word_1_426' title='bbox 1148 5549 1252 5591; x_wconf 75' lang='lat' dir='ltr'><strong>etc.</strong></span> 
     </span>
    </p>
   </div>
   <div class='ocr_carea' id='block_1_60' title="bbox 315 5606 1672 5677">
    <p class='ocr_par' dir='ltr' id='par_1_60' title="bbox 315 5606 1672 5677">
     <span class='ocr_line' id='line_1_60' title="bbox 315 5606 1672 5677; baseline -0.002 -16"><span class='ocrx_word' id='word_1_427' title='bbox 315 5606 430 5677; x_wconf 65' lang='grc'>(88)</span> <span class='ocrx_word' id='word_1_428' title='bbox 457 5610 553 5664; x_wconf 73' lang='lat' dir='ltr'><strong>Sic</strong></span> <span class='ocrx_word' id='word_1_429' title='bbox 586 5606 717 5676; x_wconf 69' lang='lat' dir='ltr'><strong>Heg.</strong></span> <span class='ocrx_word' id='word_1_430' title='bbox 757 5610 894 5662; x_wconf 79' lang='lat' dir='ltr'><strong>Editi</strong></span> <span class='ocrx_word' id='word_1_431' title='bbox 931 5606 1079 5675; x_wconf 77' lang='lat' dir='ltr'><strong>vero,</strong></span> <span class='ocrx_word' id='word_1_432' title='bbox 1111 5611 1191 5663; x_wconf 76' lang='grc' dir='ltr'>ὅτι</span> <span class='ocrx_word' id='word_1_433' title='bbox 1215 5607 1285 5660; x_wconf 87' lang='grc' dir='ltr'><strong>τά</strong></span> <span class='ocrx_word' id='word_1_434' title='bbox 1317 5606 1458 5660; x_wconf 79' lang='grc' dir='ltr'>κατὰ</span> <span class='ocrx_word' id='word_1_435' title='bbox 1480 5606 1672 5662; x_wconf 84' lang='grc' dir='ltr'>ἄλλων.</span> 
     </span>
    </p>
   </div>
   <div class='ocr_carea' id='block_1_61' title="bbox 314 5677 1379 5748">
    <p class='ocr_par' dir='ltr' id='par_1_61' title="bbox 314 5677 1379 5748">
     <span class='ocr_line' id='line_1_61' title="bbox 314 5677 1379 5748; baseline -0.004 -16"><span class='ocrx_word' id='word_1_436' title='bbox 314 5680 427 5748; x_wconf 74' lang='lat'><strong>(89)</strong></span> <span class='ocrx_word' id='word_1_437' title='bbox 465 5682 539 5734; x_wconf 83' lang='lat' dir='ltr'><strong>Ila</strong></span> <span class='ocrx_word' id='word_1_438' title='bbox 572 5679 706 5744; x_wconf 76' lang='lat' dir='ltr'><strong>Reg.</strong></span> <span class='ocrx_word' id='word_1_439' title='bbox 736 5678 877 5733; x_wconf 86' lang='lat' dir='ltr'><strong>Editi</strong></span> <span class='ocrx_word' id='word_1_440' title='bbox 906 5688 1106 5737; x_wconf 80' lang='lat' dir='ltr'><strong>autem.</strong></span> <span class='ocrx_word' id='word_1_441' title='bbox 1140 5677 1379 5740; x_wconf 87' lang='grc' dir='ltr'>λαῖκούς.</span> 
     </span>
    </p>
   </div>
   <div class='ocr_carea' id='block_1_62' title="bbox 317 5749 1127 5820">
    <p class='ocr_par' dir='ltr' id='par_1_62' title="bbox 317 5749 1127 5820">
     <span class='ocr_line' id='line_1_62' title="bbox 317 5749 1127 5820; baseline -0.004 -17"><span class='ocrx_word' id='word_1_442' title='bbox 317 5753 430 5820; x_wconf 80' lang='lat'><strong>(90)</strong></span> <span class='ocrx_word' id='word_1_443' title='bbox 462 5751 591 5820; x_wconf 79' lang='lat' dir='ltr'><strong>Sub</strong></span> <span class='ocrx_word' id='word_1_444' title='bbox 610 5749 818 5802; x_wconf 88' lang='lat' dir='ltr'><strong>initium</strong></span> <span class='ocrx_word' id='word_1_445' title='bbox 850 5749 980 5820; x_wconf 75' lang='lat' dir='ltr'><strong>anni</strong></span> <span class='ocrx_word' id='word_1_446' title='bbox 1005 5749 1127 5820; x_wconf 50' lang='lat'><strong>349.</strong></span> 
     </span>
    </p>
   </div>
   <div class='ocr_carea' id='block_1_63' title="bbox 318 5814 1813 5889">
    <p class='ocr_par' dir='ltr' id='par_1_63' title="bbox 318 5814 1813 5889">
     <span class='ocr_line' id='line_1_63' title="bbox 318 5814 1813 5889; baseline -0.003 -16"><span class='ocrx_word' id='word_1_447' title='bbox 318 5814 431 5889; x_wconf 66' lang='grc' dir='ltr'><strong>(9ιῖ</strong></span> <span class='ocrx_word' id='word_1_448' title='bbox 469 5821 545 5875; x_wconf 84' lang='lat' dir='ltr'><strong>Ita</strong></span> <span class='ocrx_word' id='word_1_449' title='bbox 577 5819 710 5887; x_wconf 76' lang='lat' dir='ltr'><strong>Reg.</strong></span> <span class='ocrx_word' id='word_1_450' title='bbox 751 5829 804 5875; x_wconf 90' lang='lat' dir='ltr'><strong>et</strong></span> <span class='ocrx_word' id='word_1_451' title='bbox 846 5818 1000 5873; x_wconf 83' lang='lat' dir='ltr'><strong>Basil.</strong></span> <span class='ocrx_word' id='word_1_452' title='bbox 1033 5818 1174 5875; x_wconf 83' lang='lat' dir='ltr'><strong>Editi</strong></span> <span class='ocrx_word' id='word_1_453' title='bbox 1215 5831 1428 5884; x_wconf 86' lang='lat' dir='ltr'><strong>omnes,</strong></span> <span class='ocrx_word' id='word_1_454' title='bbox 1463 5815 1620 5884; x_wconf 78' lang='lat' dir='ltr'><strong>male,</strong></span> <span class='ocrx_word' id='word_1_455' title='bbox 1648 5814 1813 5872; x_wconf 66' lang='grc' dir='ltr'>διεϐεε</span> 
     </span>
    </p>
   </div>
   <div class='ocr_carea' id='block_1_64' title="bbox 1905 613 3471 682">
    <p class='ocr_par' dir='ltr' id='par_1_64' title="bbox 1905 613 3471 682">
     <span class='ocr_line' id='line_1_64' title="bbox 1905 613 3471 682; baseline 0.004 -19"><span class='ocrx_word' id='word_1_456' title='bbox 1905 625 2008 680; x_wconf 92' lang='lat' dir='ltr'><strong>que</strong></span> <span class='ocrx_word' id='word_1_457' title='bbox 2032 614 2392 678; x_wconf 89' lang='lat' dir='ltr'><strong>meretricem,</strong></span> <span class='ocrx_word' id='word_1_458' title='bbox 2423 613 2553 682; x_wconf 84' lang='lat' dir='ltr'><strong>ipsis</strong></span> <span class='ocrx_word' id='word_1_459' title='bbox 2584 613 2910 668; x_wconf 90' lang='lat' dir='ltr'><strong>sanctissimi</strong></span> <span class='ocrx_word' id='word_1_460' title='bbox 2944 613 3226 670; x_wconf 80' lang='lat' dir='ltr'><strong>Paschalis</strong></span> <span class='ocrx_word' id='word_1_461' title='bbox 3278 617 3471 671; x_wconf 78' lang='lat' dir='ltr'><strong>diebus</strong></span> 
     </span>
    </p>
   </div>
   <div class='ocr_carea' id='block_1_65' title="bbox 1905 705 3472 775">
    <p class='ocr_par' dir='ltr' id='par_1_65' title="bbox 1905 705 3472 775">
     <span class='ocr_line' id='line_1_65' title="bbox 1905 705 3472 775; baseline 0.002 -19"><span class='ocrx_word' id='word_1_462' title='bbox 1905 705 2151 758; x_wconf 86' lang='lat' dir='ltr'><strong>mercede</strong></span> <span class='ocrx_word' id='word_1_463' title='bbox 2180 705 2518 770; x_wconf 87' lang='lat' dir='ltr'><strong>conductam,</strong></span> <span class='ocrx_word' id='word_1_464' title='bbox 2545 714 2702 759; x_wconf 92' lang='lat' dir='ltr'><strong>noctu</strong></span> <span class='ocrx_word' id='word_1_465' title='bbox 2715 706 2779 759; x_wconf 87' lang='lat' dir='ltr'><strong>ad</strong></span> <span class='ocrx_word' id='word_1_466' title='bbox 2806 705 3128 775; x_wconf 78' lang='lat' dir='ltr'><strong>Euphratem</strong></span> <span class='ocrx_word' id='word_1_467' title='bbox 3162 706 3472 775; x_wconf 86' lang='lat' dir='ltr'><strong>episcopum</strong></span> 
     </span>
    </p>
   </div>
   <div class='ocr_carea' id='block_1_66' title="bbox 1907 796 3475 866">
    <p class='ocr_par' dir='ltr' id='par_1_66' title="bbox 1907 796 3475 866">
     <span class='ocr_line' id='line_1_66' title="bbox 1907 796 3475 866; baseline 0.003 -18"><span class='ocrx_word' id='word_1_468' title='bbox 1907 796 2158 850; x_wconf 80' lang='lat' dir='ltr'><strong>nudatam</strong></span> <span class='ocrx_word' id='word_1_469' title='bbox 2191 797 2499 851; x_wconf 72' lang='lat' dir='ltr'><strong>immittunt.</strong></span> <span class='ocrx_word' id='word_1_470' title='bbox 2521 797 2772 852; x_wconf 78' lang='lat' dir='ltr'><strong>Meretrix</strong></span> <span class='ocrx_word' id='word_1_471' title='bbox 2803 812 2923 865; x_wconf 76' lang='lat' dir='ltr'><strong>quae</strong></span> <span class='ocrx_word' id='word_1_472' title='bbox 2959 813 3017 851; x_wconf 86' lang='lat' dir='ltr'><strong>se</strong></span> <span class='ocrx_word' id='word_1_473' title='bbox 3047 799 3200 852; x_wconf 89' lang='lat' dir='ltr'><strong>initio</strong></span> <span class='ocrx_word' id='word_1_474' title='bbox 3227 815 3256 851; x_wconf 85' lang='lat' dir='ltr'><strong>a</strong></span> <span class='ocrx_word' id='word_1_475' title='bbox 3279 797 3475 866; x_wconf 82' lang='lat' dir='ltr'><strong>juvene</strong></span> 
     </span>
    </p>
   </div>
   <div class='ocr_carea' id='block_1_67' title="bbox 1906 887 3473 960">
    <p class='ocr_par' dir='ltr' id='par_1_67' title="bbox 1906 887 3473 960">
     <span class='ocr_line' id='line_1_67' title="bbox 1906 887 3473 960; baseline -0.001 -18"><span class='ocrx_word' id='word_1_476' title='bbox 1906 889 2132 942; x_wconf 86' lang='lat' dir='ltr'><strong>accitam</strong></span> <span class='ocrx_word' id='word_1_477' title='bbox 2153 889 2517 956; x_wconf 82' lang='lat' dir='ltr'><strong>existimabat,</strong></span> <span class='ocrx_word' id='word_1_478' title='bbox 2537 897 2780 960; x_wconf 80' lang='lat' dir='ltr'><strong>prompte</strong></span> <span class='ocrx_word' id='word_1_479' title='bbox 2802 887 3128 957; x_wconf 82' lang='lat' dir='ltr'><strong>sequebatur</strong></span> <span class='ocrx_word' id='word_1_480' title='bbox 3150 907 3163 952; x_wconf 87' lang='lat'><strong>;</strong></span> <span class='ocrx_word' id='word_1_481' title='bbox 3191 889 3278 941; x_wconf 89' lang='lat' dir='ltr'><strong>ubi</strong></span> <span class='ocrx_word' id='word_1_482' title='bbox 3297 899 3473 941; x_wconf 89' lang='lat' dir='ltr'><strong>autem</strong></span> 
     </span>
    </p>
   </div>
   <div class='ocr_carea' id='block_1_68' title="bbox 1909 981 3477 1046">
    <p class='ocr_par' dir='ltr' id='par_1_68' title="bbox 1909 981 3477 1046">
     <span class='ocr_line' id='line_1_68' title="bbox 1909 981 3477 1046; baseline 0.001 -13"><span class='ocrx_word' id='word_1_483' title='bbox 1909 981 2218 1035; x_wconf 88' lang='lat' dir='ltr'><strong>intromissa</strong></span> <span class='ocrx_word' id='word_1_484' title='bbox 2260 983 2326 1036; x_wconf 89' lang='lat' dir='ltr'><strong>ab</strong></span> <span class='ocrx_word' id='word_1_485' title='bbox 2356 982 2483 1046; x_wconf 89' lang='lat' dir='ltr'><strong>illis,</strong></span> <span class='ocrx_word' id='word_1_486' title='bbox 2514 983 2873 1037; x_wconf 89' lang='lat' dir='ltr'><strong>dormientem</strong></span> <span class='ocrx_word' id='word_1_487' title='bbox 2929 981 3062 1034; x_wconf 87' lang='lat' dir='ltr'><strong>vidit</strong></span> <span class='ocrx_word' id='word_1_488' title='bbox 3092 981 3384 1043; x_wconf 87' lang='lat' dir='ltr'><strong>hominem,</strong></span> <span class='ocrx_word' id='word_1_489' title='bbox 3413 995 3477 1034; x_wconf 80' lang='lat' dir='ltr'><strong>ac</strong></span> 
     </span>
    </p>
   </div>
   <div class='ocr_carea' id='block_1_69' title="bbox 1909 1071 3476 1142">
    <p class='ocr_par' dir='ltr' id='par_1_69' title="bbox 1909 1071 3476 1142">
     <span class='ocr_line' id='line_1_69' title="bbox 1909 1071 3476 1142; baseline -0.001 -18"><span class='ocrx_word' id='word_1_490' title='bbox 1909 1071 1987 1125; x_wconf 88' lang='lat' dir='ltr'><strong>rei</strong></span> <span class='ocrx_word' id='word_1_491' title='bbox 2023 1086 2141 1137; x_wconf 83' lang='lat' dir='ltr'><strong>quae</strong></span> <span class='ocrx_word' id='word_1_492' title='bbox 2171 1072 2426 1142; x_wconf 79' lang='lat' dir='ltr'><strong>agebatur</strong></span> <span class='ocrx_word' id='word_1_493' title='bbox 2452 1073 2718 1141; x_wconf 85' lang='lat' dir='ltr'><strong>ignarum,</strong></span> <span class='ocrx_word' id='word_1_494' title='bbox 2744 1072 2940 1127; x_wconf 69' lang='lat' dir='ltr'><strong>dehinc</strong></span> <span class='ocrx_word' id='word_1_495' title='bbox 2961 1086 3142 1127; x_wconf 90' lang='lat' dir='ltr'><strong>senem</strong></span> <span class='ocrx_word' id='word_1_496' title='bbox 3179 1071 3476 1132; x_wconf 86' lang='lat' dir='ltr'><strong>hominem.</strong></span> 
     </span>
    </p>
   </div>
   <div class='ocr_carea' id='block_1_70' title="bbox 1909 1159 3480 1230">
    <p class='ocr_par' dir='ltr' id='par_1_70' title="bbox 1909 1159 3480 1230">
     <span class='ocr_line' id='line_1_70' title="bbox 1909 1159 3480 1230; baseline 0 -18"><span class='ocrx_word' id='word_1_497' title='bbox 1909 1175 1973 1214; x_wconf 90' lang='lat' dir='ltr'><strong>ac</strong></span> <span class='ocrx_word' id='word_1_498' title='bbox 1998 1160 2233 1230; x_wconf 88' lang='lat' dir='ltr'><strong>episcopi</strong></span> <span class='ocrx_word' id='word_1_499' title='bbox 2275 1163 2498 1215; x_wconf 87' lang='lat' dir='ltr'><strong>formam</strong></span> <span class='ocrx_word' id='word_1_500' title='bbox 2527 1161 2855 1230; x_wconf 85' lang='lat' dir='ltr'><strong>conspicata,</strong></span> <span class='ocrx_word' id='word_1_501' title='bbox 2891 1161 3133 1230; x_wconf 85' lang='lat' dir='ltr'><strong>clamore</strong></span> <span class='ocrx_word' id='word_1_502' title='bbox 3154 1161 3336 1215; x_wconf 85' lang='lat' dir='ltr'><strong>statim</strong></span> <span class='ocrx_word' id='word_1_503' title='bbox 3366 1159 3480 1213; x_wconf 90' lang='lat' dir='ltr'><strong>edi-</strong></span> 
     </span>
    </p>
   </div>
   <div class='ocr_carea' id='block_1_71' title="bbox 1913 1252 3480 1324">
    <p class='ocr_par' dir='ltr' id='par_1_71' title="bbox 1913 1252 3480 1324">
     <span class='ocr_line' id='line_1_71' title="bbox 1913 1252 3480 1324; baseline -0.003 -16"><span class='ocrx_word' id='word_1_504' title='bbox 1913 1263 1966 1308; x_wconf 93' lang='lat' dir='ltr'><strong>to</strong></span> <span class='ocrx_word' id='word_1_505' title='bbox 2002 1254 2108 1307; x_wconf 88' lang='lat' dir='ltr'><strong>vim</strong></span> <span class='ocrx_word' id='word_1_506' title='bbox 2133 1252 2240 1308; x_wconf 85' lang='lat' dir='ltr'><strong>sibi</strong></span> <span class='ocrx_word' id='word_1_507' title='bbox 2266 1253 2452 1309; x_wconf 81' lang='lat' dir='ltr'><strong>inferri</strong></span> <span class='ocrx_word' id='word_1_508' title='bbox 2481 1254 2932 1322; x_wconf 88' lang='lat' dir='ltr'><strong>conquerebatur.</strong></span> <span class='ocrx_word' id='word_1_509' title='bbox 2971 1253 3184 1324; x_wconf 78' lang='lat' dir='ltr'><strong>Rogare</strong></span> <span class='ocrx_word' id='word_1_510' title='bbox 3215 1253 3369 1306; x_wconf 88' lang='lat' dir='ltr'><strong>illiut</strong></span> <span class='ocrx_word' id='word_1_511' title='bbox 3396 1263 3480 1305; x_wconf 85' lang='lat' dir='ltr'><strong>ta-</strong></span> 
     </span>
    </p>
   </div>
   <div class='ocr_carea' id='block_1_72' title="bbox 1910 1345 3473 1414">
    <p class='ocr_par' dir='ltr' id='par_1_72' title="bbox 1910 1345 3473 1414">
     <span class='ocr_line' id='line_1_72' title="bbox 1910 1345 3473 1414; baseline -0.004 -13"><span class='ocrx_word' id='word_1_512' title='bbox 1910 1354 2080 1411; x_wconf 84' lang='lat' dir='ltr'><strong>ceret,</strong></span> <span class='ocrx_word' id='word_1_513' title='bbox 2121 1346 2517 1414; x_wconf 87' lang='lat' dir='ltr'><strong>confictamquc</strong></span> <span class='ocrx_word' id='word_1_514' title='bbox 2549 1346 2981 1400; x_wconf 88' lang='lat' dir='ltr'><strong>criminationem</strong></span> <span class='ocrx_word' id='word_1_515' title='bbox 3014 1346 3266 1414; x_wconf 88' lang='lat' dir='ltr'><strong>episcopo</strong></span> <span class='ocrx_word' id='word_1_516' title='bbox 3298 1345 3473 1412; x_wconf 78' lang='lat' dir='ltr'><strong>impo—</strong></span> 
     </span>
    </p>
   </div>
   <div class='ocr_carea' id='block_1_73' title="bbox 1913 1435 3477 1506">
    <p class='ocr_par' dir='ltr' id='par_1_73' title="bbox 1913 1435 3477 1506">
     <span class='ocr_line' id='line_1_73' title="bbox 1913 1435 3477 1506; baseline -0.003 -16"><span class='ocrx_word' id='word_1_517' title='bbox 1913 1446 2087 1492; x_wconf 88' lang='lat' dir='ltr'><strong>neret.</strong></span> <span class='ocrx_word' id='word_1_518' title='bbox 2119 1436 2218 1490; x_wconf 91' lang='lat' dir='ltr'><strong>Die</strong></span> <span class='ocrx_word' id='word_1_519' title='bbox 2268 1437 2431 1506; x_wconf 78' lang='lat' dir='ltr'><strong>igitur</strong></span> <span class='ocrx_word' id='word_1_520' title='bbox 2482 1435 2859 1490; x_wconf 87' lang='lat' dir='ltr'><strong>illuscescente</strong></span> <span class='ocrx_word' id='word_1_521' title='bbox 2909 1437 3218 1506; x_wconf 85' lang='lat' dir='ltr'><strong>pervulgata</strong></span> <span class='ocrx_word' id='word_1_522' title='bbox 3258 1451 3347 1489; x_wconf 87' lang='lat' dir='ltr'><strong>res</strong></span> <span class='ocrx_word' id='word_1_523' title='bbox 3373 1443 3477 1497; x_wconf 87' lang='lat' dir='ltr'><strong>est,</strong></span> 
     </span>
    </p>
   </div>
   <div class='ocr_carea' id='block_1_74' title="bbox 1913 1528 3480 1600">
    <p class='ocr_par' dir='ltr' id='par_1_74' title="bbox 1913 1528 3480 1600">
     <span class='ocr_line' id='line_1_74' title="bbox 1913 1528 3480 1600; baseline -0.003 -18"><span class='ocrx_word' id='word_1_524' title='bbox 1913 1529 2256 1600; x_wconf 86' lang='lat' dir='ltr'><strong>accurritque</strong></span> <span class='ocrx_word' id='word_1_525' title='bbox 2277 1528 2527 1583; x_wconf 89' lang='lat' dir='ltr'><strong>universa</strong></span> <span class='ocrx_word' id='word_1_526' title='bbox 2545 1528 2757 1583; x_wconf 83' lang='lat' dir='ltr'><strong>civitas.</strong></span> <span class='ocrx_word' id='word_1_527' title='bbox 2792 1528 2858 1581; x_wconf 88' lang='lat' dir='ltr'><strong>At</strong></span> <span class='ocrx_word' id='word_1_528' title='bbox 2891 1528 2982 1598; x_wconf 89' lang='lat' dir='ltr'><strong>qui</strong></span> <span class='ocrx_word' id='word_1_529' title='bbox 3008 1544 3039 1582; x_wconf 92' lang='lat' dir='ltr'><strong>e</strong></span> <span class='ocrx_word' id='word_1_530' title='bbox 3063 1528 3261 1596; x_wconf 88' lang='lat' dir='ltr'><strong>palatio</strong></span> <span class='ocrx_word' id='word_1_531' title='bbox 3303 1533 3480 1588; x_wconf 80' lang='lat' dir='ltr'><strong>erant,</strong></span> 
     </span>
    </p>
   </div>
   <div class='ocr_carea' id='block_1_75' title="bbox 1916 1613 3482 1686">
    <p class='ocr_par' dir='ltr' id='par_1_75' title="bbox 1916 1613 3482 1686">
     <span class='ocr_line' id='line_1_75' title="bbox 1916 1613 3482 1686; baseline -0.003 -14"><span class='ocrx_word' id='word_1_532' title='bbox 1916 1617 2047 1672; x_wconf 92' lang='lat' dir='ltr'><strong>tanti</strong></span> <span class='ocrx_word' id='word_1_533' title='bbox 2071 1617 2306 1671; x_wconf 90' lang='lat' dir='ltr'><strong>rumoris</strong></span> <span class='ocrx_word' id='word_1_534' title='bbox 2334 1628 2554 1686; x_wconf 89' lang='lat' dir='ltr'><strong>stupore</strong></span> <span class='ocrx_word' id='word_1_535' title='bbox 2584 1615 2860 1680; x_wconf 90' lang='lat' dir='ltr'><strong>commoti,</strong></span> <span class='ocrx_word' id='word_1_536' title='bbox 2890 1613 3151 1682; x_wconf 83' lang='lat' dir='ltr'><strong>rogabant</strong></span> <span class='ocrx_word' id='word_1_537' title='bbox 3174 1624 3232 1668; x_wconf 92' lang='lat' dir='ltr'><strong>ut</strong></span> <span class='ocrx_word' id='word_1_538' title='bbox 3254 1629 3319 1668; x_wconf 89' lang='lat' dir='ltr'><strong>ne</strong></span> <span class='ocrx_word' id='word_1_539' title='bbox 3352 1613 3482 1668; x_wconf 87' lang='lat' dir='ltr'><strong>illud</strong></span> 
     </span>
    </p>
   </div>
   <div class='ocr_carea' id='block_1_76' title="bbox 1914 1707 3482 1781">
    <p class='ocr_par' dir='ltr' id='par_1_76' title="bbox 1914 1707 3482 1781">
     <span class='ocr_line' id='line_1_76' title="bbox 1914 1707 3482 1781; baseline -0.006 -15"><span class='ocrx_word' id='word_1_540' title='bbox 1914 1711 2131 1767; x_wconf 88' lang='lat' dir='ltr'><strong>silentio</strong></span> <span class='ocrx_word' id='word_1_541' title='bbox 2164 1720 2456 1780; x_wconf 84' lang='lat' dir='ltr'><strong>tegeretur.</strong></span> <span class='ocrx_word' id='word_1_542' title='bbox 2487 1710 2544 1765; x_wconf 84' lang='lat' dir='ltr'><strong>lu</strong></span> <span class='ocrx_word' id='word_1_543' title='bbox 2571 1711 2660 1781; x_wconf 88' lang='lat' dir='ltr'><strong>jus</strong></span> <span class='ocrx_word' id='word_1_544' title='bbox 2691 1712 2873 1781; x_wconf 88' lang='lat' dir='ltr'><strong>itaque</strong></span> <span class='ocrx_word' id='word_1_545' title='bbox 2908 1727 2998 1766; x_wconf 86' lang='lat' dir='ltr'><strong>res</strong></span> <span class='ocrx_word' id='word_1_546' title='bbox 3026 1719 3270 1770; x_wconf 86' lang='lat' dir='ltr'><strong>vocatur,</strong></span> <span class='ocrx_word' id='word_1_547' title='bbox 3303 1707 3482 1762; x_wconf 84' lang='lat' dir='ltr'><strong>homi-</strong></span> 
     </span>
    </p>
   </div>
   <div class='ocr_carea' id='block_1_77' title="bbox 1918 1784 3566 1873">
    <p class='ocr_par' dir='ltr' id='par_1_77' title="bbox 1918 1784 3566 1873">
     <span class='ocr_line' id='line_1_77' title="bbox 1918 1784 3566 1873; baseline -0.005 -15"><span class='ocrx_word' id='word_1_548' title='bbox 1918 1819 2120 1873; x_wconf 90' lang='lat' dir='ltr'><strong>nesque</strong></span> <span class='ocrx_word' id='word_1_549' title='bbox 2145 1804 2234 1873; x_wconf 90' lang='lat' dir='ltr'><strong>qui</strong></span> <span class='ocrx_word' id='word_1_550' title='bbox 2292 1803 2636 1858; x_wconf 90' lang='lat' dir='ltr'><strong>meretricem</strong></span> <span class='ocrx_word' id='word_1_551' title='bbox 2677 1802 3158 1864; x_wconf 81' lang='lat' dir='ltr'><strong>acciverantleno</strong></span> <span class='ocrx_word' id='word_1_552' title='bbox 3207 1799 3480 1869; x_wconf 84' lang='lat' dir='ltr'><strong>prodidit:</strong></span> 
     </span>
    </p>
   </div>
   <div class='ocr_carea' id='block_1_78' title="bbox 1914 1890 3484 1968">
    <p class='ocr_par' dir='ltr' id='par_1_78' title="bbox 1914 1890 3484 1968">
     <span class='ocr_line' id='line_1_78' title="bbox 1914 1890 3484 1968; baseline -0.006 -19"><span class='ocrx_word' id='word_1_553' title='bbox 1914 1895 1990 1950; x_wconf 90' lang='lat' dir='ltr'><strong>illi</strong></span> <span class='ocrx_word' id='word_1_554' title='bbox 2020 1894 2351 1963; x_wconf 85' lang='lat' dir='ltr'><strong>Stephanum</strong></span> <span class='ocrx_word' id='word_1_555' title='bbox 2380 1912 2398 1968; x_wconf 63' lang='grc' dir='ltr'>ξ</span> <span class='ocrx_word' id='word_1_556' title='bbox 2429 1905 2586 1949; x_wconf 91' lang='lat' dir='ltr'><strong>erant</strong></span> <span class='ocrx_word' id='word_1_557' title='bbox 2630 1895 2769 1949; x_wconf 89' lang='lat' dir='ltr'><strong>enim</strong></span> <span class='ocrx_word' id='word_1_558' title='bbox 2797 1893 2912 1963; x_wconf 88' lang='lat' dir='ltr'><strong>ejus</strong></span> <span class='ocrx_word' id='word_1_559' title='bbox 2949 1892 3153 1948; x_wconf 90' lang='lat' dir='ltr'><strong>clerici.</strong></span> <span class='ocrx_word' id='word_1_560' title='bbox 3178 1890 3484 1959; x_wconf 84' lang='lat' dir='ltr'><strong>Stephanus</strong></span> 
     </span>
    </p>
   </div>
   <div class='ocr_carea' id='block_1_79' title="bbox 1911 1982 3478 2059">
    <p class='ocr_par' dir='ltr' id='par_1_79' title="bbox 1911 1982 3478 2059">
     <span class='ocr_line' id='line_1_79' title="bbox 1911 1982 3478 2059; baseline -0.005 -18"><span class='ocrx_word' id='word_1_561' title='bbox 1911 2004 2041 2059; x_wconf 87' lang='lat' dir='ltr'><strong>ergo</strong></span> <span class='ocrx_word' id='word_1_562' title='bbox 2069 1989 2380 2057; x_wconf 82' lang='lat' dir='ltr'><strong>episcOpatu</strong></span> <span class='ocrx_word' id='word_1_563' title='bbox 2419 1988 2722 2052; x_wconf 88' lang='lat' dir='ltr'><strong>abdicatur,</strong></span> <span class='ocrx_word' id='word_1_564' title='bbox 2752 1988 2804 2041; x_wconf 91' lang='lat' dir='ltr'><strong>iu</strong></span> <span class='ocrx_word' id='word_1_565' title='bbox 2835 1986 3059 2055; x_wconf 87' lang='lat' dir='ltr'><strong>ejusque</strong></span> <span class='ocrx_word' id='word_1_566' title='bbox 3094 1984 3269 2038; x_wconf 89' lang='lat' dir='ltr'><strong>locum</strong></span> <span class='ocrx_word' id='word_1_567' title='bbox 3301 1982 3478 2035; x_wconf 86' lang='lat' dir='ltr'><strong>Leon-</strong></span> 
     </span>
    </p>
   </div>
   <div class='ocr_carea' id='block_1_80' title="bbox 1915 2069 3508 2144">
    <p class='ocr_par' dir='ltr' id='par_1_80' title="bbox 1915 2069 3508 2144">
     <span class='ocr_line' id='line_1_80' title="bbox 1915 2069 3508 2144; baseline -0.008 -10"><span class='ocrx_word' id='word_1_568' title='bbox 1915 2079 2020 2134; x_wconf 83' lang='lat' dir='ltr'><strong>tius</strong></span> <span class='ocrx_word' id='word_1_569' title='bbox 2049 2087 2313 2134; x_wconf 86' lang='lat' dir='ltr'><strong>castratus</strong></span> <span class='ocrx_word' id='word_1_570' title='bbox 2337 2076 2621 2142; x_wconf 74' lang='lat' dir='ltr'><strong>sufﬁcitur,</strong></span> <span class='ocrx_word' id='word_1_571' title='bbox 2665 2077 2824 2144; x_wconf 88' lang='lat' dir='ltr'><strong>idque</strong></span> <span class='ocrx_word' id='word_1_572' title='bbox 2852 2090 2916 2131; x_wconf 88' lang='lat' dir='ltr'><strong>eo</strong></span> <span class='ocrx_word' id='word_1_573' title='bbox 2968 2073 3140 2130; x_wconf 89' lang='lat' dir='ltr'><strong>solum</strong></span> <span class='ocrx_word' id='word_1_574' title='bbox 3171 2087 3240 2128; x_wconf 92' lang='lat' dir='ltr'><strong>ne</strong></span> <span class='ocrx_word' id='word_1_575' title='bbox 3267 2069 3508 2125; x_wconf 71' lang='lat' dir='ltr'><strong>Arianae</strong></span> 
     </span>
    </p>
   </div>
   <div class='ocr_carea' id='block_1_81' title="bbox 1913 2169 2644 2240">
    <p class='ocr_par' dir='ltr' id='par_1_81' title="bbox 1913 2169 2644 2240">
     <span class='ocr_line' id='line_1_81' title="bbox 1913 2169 2644 2240; baseline 0.003 -15"><span class='ocrx_word' id='word_1_576' title='bbox 1913 2170 2104 2226; x_wconf 84' lang='lat' dir='ltr'><strong>haeresi</strong></span> <span class='ocrx_word' id='word_1_577' title='bbox 2131 2179 2388 2240; x_wconf 87' lang='lat' dir='ltr'><strong>patronus</strong></span> <span class='ocrx_word' id='word_1_578' title='bbox 2412 2169 2644 2227; x_wconf 88' lang='lat' dir='ltr'><strong>deesset.</strong></span> 
     </span>
    </p>
   </div>
   <div class='ocr_carea' id='block_1_82' title="bbox 1983 2423 3486 2500">
    <p class='ocr_par' dir='ltr' id='par_1_82' title="bbox 1983 2423 3486 2500">
     <span class='ocr_line' id='line_1_82' title="bbox 1983 2423 3486 2500; baseline -0.007 -16"><span class='ocrx_word' id='word_1_579' title='bbox 1983 2431 2074 2484; x_wconf 77' lang='lat' dir='ltr'><strong>2L</strong></span> <span class='ocrx_word' id='word_1_580' title='bbox 2107 2429 2278 2487; x_wconf 90' lang='lat' dir='ltr'><strong>Porro</strong></span> <span class='ocrx_word' id='word_1_581' title='bbox 2315 2429 2606 2499; x_wconf 91' lang='lat' dir='ltr'><strong>imperator</strong></span> <span class='ocrx_word' id='word_1_582' title='bbox 2626 2425 2997 2491; x_wconf 87' lang='lat' dir='ltr'><strong>Constantius,</strong></span> <span class='ocrx_word' id='word_1_583' title='bbox 3027 2423 3298 2500; x_wconf 83' lang='lat' dir='ltr'><strong>paulisper</strong></span> <span class='ocrx_word' id='word_1_584' title='bbox 3332 2434 3486 2475; x_wconf 85' lang='lat' dir='ltr'><strong>com-</strong></span> 
     </span>
    </p>
   </div>
   <div class='ocr_carea' id='block_1_83' title="bbox 1917 2516 3482 2594">
    <p class='ocr_par' dir='ltr' id='par_1_83' title="bbox 1917 2516 3482 2594">
     <span class='ocr_line' id='line_1_83' title="bbox 1917 2516 3482 2594; baseline -0.009 -18"><span class='ocrx_word' id='word_1_585' title='bbox 1917 2533 2166 2594; x_wconf 88' lang='lat' dir='ltr'><strong>punctus,</strong></span> <span class='ocrx_word' id='word_1_586' title='bbox 2196 2523 2258 2577; x_wconf 91' lang='lat' dir='ltr'><strong>ad</strong></span> <span class='ocrx_word' id='word_1_587' title='bbox 2277 2538 2337 2578; x_wconf 83' lang='lat' dir='ltr'><strong>se</strong></span> <span class='ocrx_word' id='word_1_588' title='bbox 2361 2522 2520 2577; x_wconf 87' lang='lat' dir='ltr'><strong>rediit</strong></span> <span class='ocrx_word' id='word_1_589' title='bbox 2551 2540 2562 2576; x_wconf 94' lang='lat'>:</span> <span class='ocrx_word' id='word_1_590' title='bbox 2598 2533 2824 2588; x_wconf 89' lang='lat' dir='ltr'><strong>remque</strong></span> <span class='ocrx_word' id='word_1_591' title='bbox 2844 2518 2896 2571; x_wconf 94' lang='lat' dir='ltr'><strong>in</strong></span> <span class='ocrx_word' id='word_1_592' title='bbox 2917 2516 3244 2586; x_wconf 82' lang='lat' dir='ltr'><strong>Euphratem</strong></span> <span class='ocrx_word' id='word_1_593' title='bbox 3277 2520 3482 2582; x_wconf 87' lang='lat' dir='ltr'><strong>gestam</strong></span> 
     </span>
    </p>
   </div>
   <div class='ocr_carea' id='block_1_84' title="bbox 1916 2600 3485 2681">
    <p class='ocr_par' dir='ltr' id='par_1_84' title="bbox 1916 2600 3485 2681">
     <span class='ocr_line' id='line_1_84' title="bbox 1916 2600 3485 2681; baseline -0.012 -14"><span class='ocrx_word' id='word_1_594' title='bbox 1916 2627 2100 2667; x_wconf 89' lang='lat' dir='ltr'><strong>secum</strong></span> <span class='ocrx_word' id='word_1_595' title='bbox 2137 2622 2416 2681; x_wconf 88' lang='lat' dir='ltr'><strong>reputans,</strong></span> <span class='ocrx_word' id='word_1_596' title='bbox 2460 2608 2720 2678; x_wconf 86' lang='lat' dir='ltr'><strong>ejusmodi</strong></span> <span class='ocrx_word' id='word_1_597' title='bbox 2766 2619 2892 2661; x_wconf 86' lang='lat' dir='ltr'><strong>esse</strong></span> <span class='ocrx_word' id='word_1_598' title='bbox 2929 2603 3140 2658; x_wconf 86' lang='lat' dir='ltr'><strong>illorum</strong></span> <span class='ocrx_word' id='word_1_599' title='bbox 3200 2600 3485 2653; x_wconf 88' lang='lat' dir='ltr'><strong>adversum</strong></span> 
     </span>
    </p>
   </div>
   <div class='ocr_carea' id='block_1_85' title="bbox 1916 2688 3487 2770">
    <p class='ocr_par' dir='ltr' id='par_1_85' title="bbox 1916 2688 3487 2770">
     <span class='ocr_line' id='line_1_85' title="bbox 1916 2688 3487 2770; baseline -0.01 -12"><span class='ocrx_word' id='word_1_600' title='bbox 1916 2712 2139 2758; x_wconf 85' lang='lat' dir='ltr'><strong>caeteros</strong></span> <span class='ocrx_word' id='word_1_601' title='bbox 2193 2703 2468 2757; x_wconf 89' lang='lat' dir='ltr'><strong>molimina</strong></span> <span class='ocrx_word' id='word_1_602' title='bbox 2504 2700 2806 2770; x_wconf 87' lang='lat' dir='ltr'><strong>suspicatus</strong></span> <span class='ocrx_word' id='word_1_603' title='bbox 2830 2706 2934 2751; x_wconf 90' lang='lat' dir='ltr'><strong>est.</strong></span> <span class='ocrx_word' id='word_1_604' title='bbox 2990 2695 3067 2748; x_wconf 85' lang='lat' dir='ltr'><strong>Ae</strong></span> <span class='ocrx_word' id='word_1_605' title='bbox 3093 2706 3186 2747; x_wconf 92' lang='lat' dir='ltr'><strong>eos</strong></span> <span class='ocrx_word' id='word_1_606' title='bbox 3238 2691 3330 2760; x_wconf 88' lang='lat' dir='ltr'><strong>qui</strong></span> <span class='ocrx_word' id='word_1_607' title='bbox 3361 2688 3487 2742; x_wconf 85' lang='lat' dir='ltr'><strong>Ale-</strong></span> 
     </span>
    </p>
   </div>
   <div class='ocr_carea' id='block_1_86' title="bbox 1917 2783 3488 2860">
    <p class='ocr_par' dir='ltr' id='par_1_86' title="bbox 1917 2783 3488 2860">
     <span class='ocr_line' id='line_1_86' title="bbox 1917 2783 3488 2860; baseline -0.009 -13"><span class='ocrx_word' id='word_1_608' title='bbox 1917 2795 2144 2848; x_wconf 80' lang='lat' dir='ltr'><strong>xandria</strong></span> <span class='ocrx_word' id='word_1_609' title='bbox 2178 2794 2231 2846; x_wconf 86' lang='lat' dir='ltr'><strong>in</strong></span> <span class='ocrx_word' id='word_1_610' title='bbox 2267 2793 2579 2847; x_wconf 87' lang='lat' dir='ltr'><strong>Armeniam</strong></span> <span class='ocrx_word' id='word_1_611' title='bbox 2621 2788 2840 2860; x_wconf 80' lang='lat' dir='ltr'><strong>relegati</strong></span> <span class='ocrx_word' id='word_1_612' title='bbox 2898 2786 3113 2842; x_wconf 82' lang='lat' dir='ltr'><strong>fuerant</strong></span> <span class='ocrx_word' id='word_1_613' title='bbox 3141 2783 3488 2853; x_wconf 82' lang='lat' dir='ltr'><strong>presbyteros</strong></span> 
     </span>
    </p>
   </div>
   <div class='ocr_carea' id='block_1_87' title="bbox 1917 2871 3485 2954">
    <p class='ocr_par' dir='ltr' id='par_1_87' title="bbox 1917 2871 3485 2954">
     <span class='ocr_line' id='line_1_87' title="bbox 1917 2871 3485 2954; baseline -0.011 -14"><span class='ocrx_word' id='word_1_614' title='bbox 1917 2886 2278 2954; x_wconf 88' lang='lat' dir='ltr'><strong>diaconosque</strong></span> <span class='ocrx_word' id='word_1_615' title='bbox 2324 2884 2580 2939; x_wconf 90' lang='lat' dir='ltr'><strong>continuo</strong></span> <span class='ocrx_word' id='word_1_616' title='bbox 2610 2881 2809 2936; x_wconf 92' lang='lat' dir='ltr'><strong>liberos</strong></span> <span class='ocrx_word' id='word_1_617' title='bbox 2837 2877 3032 2933; x_wconf 90' lang='lat' dir='ltr'><strong>dimitti</strong></span> <span class='ocrx_word' id='word_1_618' title='bbox 3063 2875 3218 2944; x_wconf 89' lang='lat' dir='ltr'><strong>jubet</strong></span> <span class='ocrx_word' id='word_1_619' title='bbox 3264 2891 3277 2926; x_wconf 89' lang='lat'><strong>:</strong></span> <span class='ocrx_word' id='word_1_620' title='bbox 3310 2871 3485 2943; x_wconf 85' lang='lat' dir='ltr'><strong>publi-</strong></span> 
     </span>
    </p>
   </div>
   <div class='ocr_carea' id='block_1_88' title="bbox 1917 2963 3487 3045">
    <p class='ocr_par' dir='ltr' id='par_1_88' title="bbox 1917 2963 3487 3045">
     <span class='ocr_line' id='line_1_88' title="bbox 1917 2963 3487 3045; baseline -0.01 -14"><span class='ocrx_word' id='word_1_621' title='bbox 1917 2991 2118 3045; x_wconf 90' lang='lat' dir='ltr'><strong>casque</strong></span> <span class='ocrx_word' id='word_1_622' title='bbox 2157 2975 2540 3030; x_wconf 81' lang='lat' dir='ltr'><strong>Alexandriam</strong></span> <span class='ocrx_word' id='word_1_623' title='bbox 2575 2972 2787 3026; x_wconf 84' lang='lat' dir='ltr'><strong>litteras</strong></span> <span class='ocrx_word' id='word_1_624' title='bbox 2816 2968 3002 3034; x_wconf 88' lang='lat' dir='ltr'><strong>mittit,</strong></span> <span class='ocrx_word' id='word_1_625' title='bbox 3033 2975 3092 3020; x_wconf 96' lang='grc' dir='ltr'><strong>ιιι</strong></span> <span class='ocrx_word' id='word_1_626' title='bbox 3120 2979 3188 3019; x_wconf 92' lang='lat' dir='ltr'><strong>ne</strong></span> <span class='ocrx_word' id='word_1_627' title='bbox 3218 2963 3360 3017; x_wconf 88' lang='lat' dir='ltr'><strong>ultra</strong></span> <span class='ocrx_word' id='word_1_628' title='bbox 3395 2977 3487 3016; x_wconf 89' lang='lat' dir='ltr'><strong>ve-</strong></span> 
     </span>
    </p>
   </div>
   <div class='ocr_carea' id='block_1_89' title="bbox 1919 3051 3488 3128">
    <p class='ocr_par' dir='ltr' id='par_1_89' title="bbox 1919 3051 3488 3128">
     <span class='ocr_line' id='line_1_89' title="bbox 1919 3051 3488 3128; baseline -0.011 -5"><span class='ocrx_word' id='word_1_629' title='bbox 1919 3078 2173 3124; x_wconf 86' lang='lat' dir='ltr'><strong>xarentur</strong></span> <span class='ocrx_word' id='word_1_630' title='bbox 2227 3065 2514 3122; x_wconf 85' lang='lat' dir='ltr'><strong>Athanasii</strong></span> <span class='ocrx_word' id='word_1_631' title='bbox 2569 3051 2755 3118; x_wconf 89' lang='lat' dir='ltr'><strong>clerici</strong></span> <span class='ocrx_word' id='word_1_632' title='bbox 2804 3060 2884 3115; x_wconf 92' lang='lat' dir='ltr'><strong>vel</strong></span> <span class='ocrx_word' id='word_1_633' title='bbox 2934 3056 3136 3128; x_wconf 87' lang='lat' dir='ltr'><strong>populi.</strong></span> <span class='ocrx_word' id='word_1_634' title='bbox 3183 3054 3330 3118; x_wconf 89' lang='lat' dir='ltr'><strong>llinc_</strong></span> <span class='ocrx_word' id='word_1_635' title='bbox 3366 3062 3488 3122; x_wconf 84' lang='lat' dir='ltr'><strong>post</strong></span> 
     </span>
    </p>
   </div>
   <div class='ocr_carea' id='block_1_90' title="bbox 1918 3144 3487 3218">
    <p class='ocr_par' dir='ltr' id='par_1_90' title="bbox 1918 3144 3487 3218">
     <span class='ocr_line' id='line_1_90' title="bbox 1918 3144 3487 3218; baseline -0.015 0"><span class='ocrx_word' id='word_1_636' title='bbox 1918 3163 2101 3218; x_wconf 88' lang='lat' dir='ltr'><strong>decem</strong></span> <span class='ocrx_word' id='word_1_637' title='bbox 2143 3161 2363 3215; x_wconf 88' lang='lat' dir='ltr'><strong>circiter</strong></span> <span class='ocrx_word' id='word_1_638' title='bbox 2396 3170 2608 3213; x_wconf 84' lang='lat' dir='ltr'><strong>menses</strong></span> <span class='ocrx_word' id='word_1_639' title='bbox 2638 3154 2896 3210; x_wconf 83' lang='lat' dir='ltr'><strong>deftmcto</strong></span> <span class='ocrx_word' id='word_1_640' title='bbox 2931 3146 3215 3218; x_wconf 82' lang='lat' dir='ltr'><strong>Gregorio,</strong></span> <span class='ocrx_word' id='word_1_641' title='bbox 3246 3144 3487 3198; x_wconf 86' lang='lat' dir='ltr'><strong>Athana-</strong></span> 
     </span>
    </p>
   </div>
   <div class='ocr_carea' id='block_1_91' title="bbox 1919 3241 3489 3310">
    <p class='ocr_par' dir='ltr' id='par_1_91' title="bbox 1919 3241 3489 3310">
     <span class='ocr_line' id='line_1_91' title="bbox 1919 3241 3489 3310; baseline -0.014 -1"><span class='ocrx_word' id='word_1_642' title='bbox 1919 3245 2056 3310; x_wconf 86' lang='lat' dir='ltr'><strong>sium</strong></span> <span class='ocrx_word' id='word_1_643' title='bbox 2088 3265 2445 3307; x_wconf 88' lang='lat' dir='ltr'><strong>cumsummo</strong></span> <span class='ocrx_word' id='word_1_644' title='bbox 2471 3241 2678 3302; x_wconf 87' lang='lat' dir='ltr'><strong>honore</strong></span> <span class='ocrx_word' id='word_1_645' title='bbox 2713 3244 2929 3305; x_wconf 83' lang='lat' dir='ltr'><strong>accivit,</strong></span> <span class='ocrx_word' id='word_1_646' title='bbox 2962 3241 3045 3296; x_wconf 93' lang='lat' dir='ltr'><strong>cui</strong></span> <span class='ocrx_word' id='word_1_647' title='bbox 3076 3255 3182 3294; x_wconf 92' lang='lat' dir='ltr'><strong>non</strong></span> <span class='ocrx_word' id='word_1_648' title='bbox 3219 3252 3372 3303; x_wconf 86' lang='lat' dir='ltr'><strong>unas,</strong></span> <span class='ocrx_word' id='word_1_649' title='bbox 3393 3244 3489 3288; x_wconf 83' lang='lat' dir='ltr'><strong>aut</strong></span> 
     </span>
    </p>
   </div>
   <div class='ocr_carea' id='block_1_92' title="bbox 1920 3327 3484 3409">
    <p class='ocr_par' dir='ltr' id='par_1_92' title="bbox 1920 3327 3484 3409">
     <span class='ocr_line' id='line_1_92' title="bbox 1920 3327 3484 3409; baseline -0.012 -11"><span class='ocrx_word' id='word_1_650' title='bbox 1920 3345 2094 3409; x_wconf 86' lang='lat' dir='ltr'><strong>binas,</strong></span> <span class='ocrx_word' id='word_1_651' title='bbox 2135 3341 2229 3398; x_wconf 90' lang='lat' dir='ltr'><strong>sed</strong></span> <span class='ocrx_word' id='word_1_652' title='bbox 2289 3352 2472 3395; x_wconf 88' lang='lat' dir='ltr'><strong>ternas</strong></span> <span class='ocrx_word' id='word_1_653' title='bbox 2521 3338 2669 3392; x_wconf 88' lang='lat' dir='ltr'><strong>misit</strong></span> <span class='ocrx_word' id='word_1_654' title='bbox 2727 3337 2938 3390; x_wconf 89' lang='lat' dir='ltr'><strong>litteras</strong></span> <span class='ocrx_word' id='word_1_655' title='bbox 2983 3330 3234 3386; x_wconf 77' lang='lat' dir='ltr'><strong>amicitia:</strong></span> <span class='ocrx_word' id='word_1_656' title='bbox 3274 3327 3484 3397; x_wconf 86' lang='lat' dir='ltr'><strong>plenas,</strong></span> 
     </span>
    </p>
   </div>
   <div class='ocr_carea' id='block_1_93' title="bbox 1919 3417 3490 3505">
    <p class='ocr_par' dir='ltr' id='par_1_93' title="bbox 1919 3417 3490 3505">
     <span class='ocr_line' id='line_1_93' title="bbox 1919 3417 3490 3505; baseline -0.012 -16"><span class='ocrx_word' id='word_1_657' title='bbox 1919 3437 2116 3505; x_wconf 86' lang='lat' dir='ltr'><strong>quibus</strong></span> <span class='ocrx_word' id='word_1_658' title='bbox 2146 3433 2462 3488; x_wconf 87' lang='lat' dir='ltr'><strong>hortabatur</strong></span> <span class='ocrx_word' id='word_1_659' title='bbox 2495 3429 2645 3484; x_wconf 90' lang='lat' dir='ltr'><strong>illum</strong></span> <span class='ocrx_word' id='word_1_660' title='bbox 2679 3436 2736 3480; x_wconf 87' lang='lat' dir='ltr'><strong>ut</strong></span> <span class='ocrx_word' id='word_1_661' title='bbox 2783 3440 2904 3480; x_wconf 89' lang='lat' dir='ltr'><strong>eum</strong></span> <span class='ocrx_word' id='word_1_662' title='bbox 2940 3421 3132 3477; x_wconf 82' lang='lat' dir='ltr'><strong>ﬁducia</strong></span> <span class='ocrx_word' id='word_1_663' title='bbox 3184 3417 3490 3472; x_wconf 77' lang='lat' dir='ltr'><strong>accederet.</strong></span> 
     </span>
    </p>
   </div>
   <div class='ocr_carea' id='block_1_94' title="bbox 1921 3510 3488 3596">
    <p class='ocr_par' dir='ltr' id='par_1_94' title="bbox 1921 3510 3488 3596">
     <span class='ocr_line' id='line_1_94' title="bbox 1921 3510 3488 3596; baseline -0.015 -13"><span class='ocrx_word' id='word_1_664' title='bbox 1921 3529 2064 3584; x_wconf 72' lang='lat' dir='ltr'><strong>Misit</strong></span> <span class='ocrx_word' id='word_1_665' title='bbox 2088 3529 2214 3582; x_wconf 92' lang='lat' dir='ltr'><strong>item</strong></span> <span class='ocrx_word' id='word_1_666' title='bbox 2238 3525 2611 3596; x_wconf 84' lang='lat' dir='ltr'><strong>presbyterum</strong></span> <span class='ocrx_word' id='word_1_667' title='bbox 2629 3521 3021 3586; x_wconf 88' lang='lat' dir='ltr'><strong>diaconumque</strong></span> <span class='ocrx_word' id='word_1_668' title='bbox 3038 3527 3095 3569; x_wconf 89' lang='lat' dir='ltr'><strong>ut</strong></span> <span class='ocrx_word' id='word_1_669' title='bbox 3109 3510 3271 3583; x_wconf 72' lang='grc'><strong>282</strong></span> <span class='ocrx_word' id='word_1_670' title='bbox 3286 3510 3488 3580; x_wconf 88' lang='lat' dir='ltr'><strong>majore</strong></span> 
     </span>
    </p>
   </div>
   <div class='ocr_carea' id='block_1_95' title="bbox 1919 3607 3487 3674">
    <p class='ocr_par' dir='ltr' id='par_1_95' title="bbox 1919 3607 3487 3674">
     <span class='ocr_line' id='line_1_95' title="bbox 1919 3607 3487 3674; baseline -0.015 1"><span class='ocrx_word' id='word_1_671' title='bbox 1919 3621 2082 3674; x_wconf 86' lang='lat' dir='ltr'><strong>animi</strong></span> <span class='ocrx_word' id='word_1_672' title='bbox 2107 3618 2396 3674; x_wconf 87' lang='lat' dir='ltr'><strong>securitate</strong></span> <span class='ocrx_word' id='word_1_673' title='bbox 2414 3615 2644 3670; x_wconf 91' lang='lat' dir='ltr'><strong>rediret:</strong></span> <span class='ocrx_word' id='word_1_674' title='bbox 2674 3621 2823 3665; x_wconf 88' lang='lat' dir='ltr'><strong>ratus</strong></span> <span class='ocrx_word' id='word_1_675' title='bbox 2851 3624 2935 3663; x_wconf 88' lang='lat' dir='ltr'><strong>me</strong></span> <span class='ocrx_word' id='word_1_676' title='bbox 2966 3607 3034 3662; x_wconf 89' lang='lat' dir='ltr'><strong>oh</strong></span> <span class='ocrx_word' id='word_1_677' title='bbox 3062 3616 3184 3659; x_wconf 88' lang='lat' dir='ltr'><strong>ante</strong></span> <span class='ocrx_word' id='word_1_678' title='bbox 3216 3613 3487 3674; x_wconf 85' lang='lat' dir='ltr'><strong>gestarum</strong></span> 
     </span>
    </p>
   </div>
   <div class='ocr_carea' id='block_1_96' title="bbox 1920 3695 3488 3776">
    <p class='ocr_par' dir='ltr' id='par_1_96' title="bbox 1920 3695 3488 3776">
     <span class='ocr_line' id='line_1_96' title="bbox 1920 3695 3488 3776; baseline -0.016 -7"><span class='ocrx_word' id='word_1_679' title='bbox 1920 3729 2098 3769; x_wconf 86' lang='lat' dir='ltr'><strong>rerum</strong></span> <span class='ocrx_word' id='word_1_680' title='bbox 2129 3711 2467 3766; x_wconf 80' lang='lat' dir='ltr'><strong>formidinem</strong></span> <span class='ocrx_word' id='word_1_681' title='bbox 2512 3721 2651 3776; x_wconf 63' lang='lat' dir='ltr'><strong>aegre</strong></span> <span class='ocrx_word' id='word_1_682' title='bbox 2670 3717 3032 3758; x_wconf 88' lang='lat' dir='ltr'><strong>reversurum.</strong></span> <span class='ocrx_word' id='word_1_683' title='bbox 3071 3696 3300 3766; x_wconf 71' lang='lat' dir='ltr'><strong>Scripsit</strong></span> <span class='ocrx_word' id='word_1_684' title='bbox 3327 3695 3488 3748; x_wconf 85' lang='lat' dir='ltr'><strong>etiam</strong></span> 
     </span>
    </p>
   </div>
   <div class='ocr_carea' id='block_1_97' title="bbox 1923 3785 3486 3865">
    <p class='ocr_par' dir='ltr' id='par_1_97' title="bbox 1923 3785 3486 3865">
     <span class='ocr_line' id='line_1_97' title="bbox 1923 3785 3486 3865; baseline -0.015 -6"><span class='ocrx_word' id='word_1_685' title='bbox 1923 3803 2074 3859; x_wconf 89' lang='lat' dir='ltr'><strong>fratri</strong></span> <span class='ocrx_word' id='word_1_686' title='bbox 2111 3819 2208 3858; x_wconf 88' lang='lat' dir='ltr'><strong>suo</strong></span> <span class='ocrx_word' id='word_1_687' title='bbox 2241 3798 2545 3865; x_wconf 89' lang='lat' dir='ltr'><strong>Constanti,</strong></span> <span class='ocrx_word' id='word_1_688' title='bbox 2582 3808 2640 3852; x_wconf 91' lang='lat' dir='ltr'><strong>ut</strong></span> <span class='ocrx_word' id='word_1_689' title='bbox 2668 3811 2753 3850; x_wconf 90' lang='lat' dir='ltr'><strong>me</strong></span> <span class='ocrx_word' id='word_1_690' title='bbox 2780 3803 2832 3849; x_wconf 92' lang='lat' dir='ltr'><strong>et</strong></span> <span class='ocrx_word' id='word_1_691' title='bbox 2863 3793 2954 3848; x_wconf 88' lang='lat' dir='ltr'><strong>ille</strong></span> <span class='ocrx_word' id='word_1_692' title='bbox 2982 3791 3050 3844; x_wconf 89' lang='lat' dir='ltr'><strong>ad</strong></span> <span class='ocrx_word' id='word_1_693' title='bbox 3085 3785 3486 3858; x_wconf 85' lang='lat' dir='ltr'><strong>remigrandum</strong></span> 
     </span>
    </p>
   </div>
   <div class='ocr_carea' id='block_1_98' title="bbox 1918 3881 3490 3954">
    <p class='ocr_par' dir='ltr' id='par_1_98' title="bbox 1918 3881 3490 3954">
     <span class='ocr_line' id='line_1_98' title="bbox 1918 3881 3490 3954; baseline -0.014 -2"><span class='ocrx_word' id='word_1_694' title='bbox 1918 3897 2317 3954; x_wconf 89' lang='lat' dir='ltr'><strong>cohortaretur.</strong></span> <span class='ocrx_word' id='word_1_695' title='bbox 2378 3891 2692 3947; x_wconf 82' lang='lat' dir='ltr'><strong>Allirmabat</strong></span> <span class='ocrx_word' id='word_1_696' title='bbox 2751 3887 2896 3942; x_wconf 88' lang='lat' dir='ltr'><strong>enim</strong></span> <span class='ocrx_word' id='word_1_697' title='bbox 2967 3900 3026 3940; x_wconf 90' lang='lat' dir='ltr'><strong>se</strong></span> <span class='ocrx_word' id='word_1_698' title='bbox 3081 3897 3222 3937; x_wconf 88' lang='lat' dir='ltr'><strong>anno</strong></span> <span class='ocrx_word' id='word_1_699' title='bbox 3277 3881 3490 3948; x_wconf 86' lang='lat' dir='ltr'><strong>integre</strong></span> 
     </span>
    </p>
   </div>
   <div class='ocr_carea' id='block_1_99' title="bbox 1923 3967 3491 4052">
    <p class='ocr_par' dir='ltr' id='par_1_99' title="bbox 1923 3967 3491 4052">
     <span class='ocr_line' id='line_1_99' title="bbox 1923 3967 3491 4052; baseline -0.013 -10"><span class='ocrx_word' id='word_1_700' title='bbox 1923 3987 2275 4043; x_wconf 83' lang='lat' dir='ltr'><strong>Athanasium</strong></span> <span class='ocrx_word' id='word_1_701' title='bbox 2295 3991 2659 4052; x_wconf 83' lang='lat' dir='ltr'><strong>exspectasse,</strong></span> <span class='ocrx_word' id='word_1_702' title='bbox 2679 3973 2857 4047; x_wconf 88' lang='lat' dir='ltr'><strong>neque</strong></span> <span class='ocrx_word' id='word_1_703' title='bbox 2875 3974 3206 4049; x_wconf 82' lang='lat' dir='ltr'><strong>concessisse</strong></span> <span class='ocrx_word' id='word_1_704' title='bbox 3239 3980 3296 4025; x_wconf 90' lang='lat' dir='ltr'><strong>ut</strong></span> <span class='ocrx_word' id='word_1_705' title='bbox 3334 3967 3491 4038; x_wconf 85' lang='lat' dir='ltr'><strong>quid-</strong></span> 
     </span>
    </p>
   </div>
   <div class='ocr_carea' id='block_1_100' title="bbox 1922 4062 3493 4149">
    <p class='ocr_par' dir='ltr' id='par_1_100' title="bbox 1922 4062 3493 4149">
     <span class='ocr_line' id='line_1_100' title="bbox 1922 4062 3493 4149; baseline -0.013 -16"><span class='ocrx_word' id='word_1_706' title='bbox 1922 4081 2065 4149; x_wconf 88' lang='lat' dir='ltr'><strong>piam</strong></span> <span class='ocrx_word' id='word_1_707' title='bbox 2096 4078 2216 4133; x_wconf 91' lang='lat' dir='ltr'><strong>novi</strong></span> <span class='ocrx_word' id='word_1_708' title='bbox 2249 4085 2340 4129; x_wconf 89' lang='lat' dir='ltr'><strong>aut</strong></span> <span class='ocrx_word' id='word_1_709' title='bbox 2369 4072 2636 4129; x_wconf 89' lang='lat' dir='ltr'><strong>ordinatio</strong></span> <span class='ocrx_word' id='word_1_710' title='bbox 2668 4071 2844 4138; x_wconf 81' lang='lat' dir='ltr'><strong>aliqua</strong></span> <span class='ocrx_word' id='word_1_711' title='bbox 2883 4069 3035 4121; x_wconf 85' lang='lat' dir='ltr'><strong>fieret</strong></span> <span class='ocrx_word' id='word_1_712' title='bbox 3087 4063 3230 4134; x_wconf 92' lang='lat' dir='ltr'><strong>quod</strong></span> <span class='ocrx_word' id='word_1_713' title='bbox 3253 4062 3493 4116; x_wconf 84' lang='lat' dir='ltr'><strong>Athana-</strong></span> 
     </span>
    </p>
   </div>
   <div class='ocr_carea' id='block_1_101' title="bbox 1923 4156 3224 4239">
    <p class='ocr_par' dir='ltr' id='par_1_101' title="bbox 1923 4156 3224 4239">
     <span class='ocr_line' id='line_1_101' title="bbox 1923 4156 3224 4239; baseline -0.012 -13"><span class='ocrx_word' id='word_1_714' title='bbox 1923 4171 2004 4226; x_wconf 92' lang='lat' dir='ltr'><strong>sio</strong></span> <span class='ocrx_word' id='word_1_715' title='bbox 2027 4169 2280 4239; x_wconf 87' lang='lat' dir='ltr'><strong>episcopo</strong></span> <span class='ocrx_word' id='word_1_716' title='bbox 2316 4181 2443 4221; x_wconf 86' lang='lat' dir='ltr'><strong>suas</strong></span> <span class='ocrx_word' id='word_1_717' title='bbox 2479 4163 2754 4218; x_wconf 85' lang='lat' dir='ltr'><strong>Ecclesias</strong></span> <span class='ocrx_word' id='word_1_718' title='bbox 2782 4174 3002 4215; x_wconf 88' lang='lat' dir='ltr'><strong>servare</strong></span> <span class='ocrx_word' id='word_1_719' title='bbox 3041 4156 3224 4212; x_wconf 87' lang='lat' dir='ltr'><strong>vellet.</strong></span> 
     </span>
    </p>
   </div>
   <div class='ocr_carea' id='block_1_102' title="bbox 1996 4335 3494 4422">
    <p class='ocr_par' dir='ltr' id='par_1_102' title="bbox 1996 4335 3494 4422">
     <span class='ocr_line' id='line_1_102' title="bbox 1996 4335 3494 4422; baseline -0.011 -17"><span class='ocrx_word' id='word_1_720' title='bbox 1996 4352 2087 4407; x_wconf 72' lang='lat'><strong>22.</strong></span> <span class='ocrx_word' id='word_1_721' title='bbox 2120 4350 2292 4422; x_wconf 65' lang='lat' dir='ltr'><strong>(Anno</strong></span> <span class='ocrx_word' id='word_1_722' title='bbox 2319 4347 2468 4418; x_wconf 75' lang='grc'><strong>549.)</strong></span> <span class='ocrx_word' id='word_1_723' title='bbox 2513 4346 2645 4402; x_wconf 90' lang='lat' dir='ltr'><strong>Cum</strong></span> <span class='ocrx_word' id='word_1_724' title='bbox 2681 4359 2745 4398; x_wconf 88' lang='lat' dir='ltr'><strong>eo</strong></span> <span class='ocrx_word' id='word_1_725' title='bbox 2773 4343 2954 4410; x_wconf 86' lang='lat' dir='ltr'><strong>itaque</strong></span> <span class='ocrx_word' id='word_1_726' title='bbox 2994 4340 3152 4394; x_wconf 90' lang='lat' dir='ltr'><strong>modo</strong></span> <span class='ocrx_word' id='word_1_727' title='bbox 3185 4335 3494 4404; x_wconf 81' lang='lat' dir='ltr'><strong>scripsisset</strong></span> 
     </span>
    </p>
   </div>
   <div class='ocr_carea' id='block_1_103' title="bbox 1925 4435 3496 4517">
    <p class='ocr_par' dir='ltr' id='par_1_103' title="bbox 1925 4435 3496 4517">
     <span class='ocr_line' id='line_1_103' title="bbox 1925 4435 3496 4517; baseline -0.008 -15"><span class='ocrx_word' id='word_1_728' title='bbox 1925 4450 2059 4517; x_wconf 91' lang='lat' dir='ltr'><strong>ipse,</strong></span> <span class='ocrx_word' id='word_1_729' title='bbox 2093 4445 2279 4500; x_wconf 91' lang='lat' dir='ltr'><strong>multis</strong></span> <span class='ocrx_word' id='word_1_730' title='bbox 2309 4444 2457 4497; x_wconf 89' lang='lat' dir='ltr'><strong>illum</strong></span> <span class='ocrx_word' id='word_1_731' title='bbox 2487 4441 2666 4498; x_wconf 87' lang='lat' dir='ltr'><strong>verbis</strong></span> <span class='ocrx_word' id='word_1_732' title='bbox 2700 4439 3016 4494; x_wconf 87' lang='lat' dir='ltr'><strong>cohortatus</strong></span> <span class='ocrx_word' id='word_1_733' title='bbox 3067 4437 3214 4507; x_wconf 90' lang='lat' dir='ltr'><strong>(nam</strong></span> <span class='ocrx_word' id='word_1_734' title='bbox 3268 4435 3496 4491; x_wconf 85' lang='lat' dir='ltr'><strong>comites</strong></span> 
     </span>
    </p>
   </div>
   <div class='ocr_carea' id='block_1_104' title="bbox 1925 4527 3493 4608">
    <p class='ocr_par' dir='ltr' id='par_1_104' title="bbox 1925 4527 3493 4608">
     <span class='ocr_line' id='line_1_104' title="bbox 1925 4527 3493 4608; baseline -0.011 -14"><span class='ocrx_word' id='word_1_735' title='bbox 1925 4552 2138 4608; x_wconf 88' lang='lat' dir='ltr'><strong>quoque</strong></span> <span class='ocrx_word' id='word_1_736' title='bbox 2199 4553 2326 4592; x_wconf 88' lang='lat' dir='ltr'><strong>suos</strong></span> <span class='ocrx_word' id='word_1_737' title='bbox 2358 4535 2521 4602; x_wconf 90' lang='lat' dir='ltr'><strong>jussit</strong></span> <span class='ocrx_word' id='word_1_738' title='bbox 2558 4535 2625 4588; x_wconf 90' lang='lat' dir='ltr'><strong>ad</strong></span> <span class='ocrx_word' id='word_1_739' title='bbox 2661 4533 2810 4587; x_wconf 90' lang='lat' dir='ltr'><strong>illum</strong></span> <span class='ocrx_word' id='word_1_740' title='bbox 2864 4531 3125 4595; x_wconf 90' lang='lat' dir='ltr'><strong>scribere,</strong></span> <span class='ocrx_word' id='word_1_741' title='bbox 3174 4527 3493 4591; x_wconf 84' lang='lat' dir='ltr'><strong>Polemium,</strong></span> 
     </span>
    </p>
   </div>
   <div class='ocr_carea' id='block_1_105' title="bbox 1931 4616 3497 4705">
    <p class='ocr_par' dir='ltr' id='par_1_105' title="bbox 1931 4616 3497 4705">
     <span class='ocr_line' id='line_1_105' title="bbox 1931 4616 3497 4705; baseline -0.009 -21"><span class='ocrx_word' id='word_1_742' title='bbox 1931 4632 2236 4705; x_wconf 79' lang='lat' dir='ltr'><strong>Datianum,</strong></span> <span class='ocrx_word' id='word_1_743' title='bbox 2261 4627 2608 4688; x_wconf 87' lang='lat' dir='ltr'><strong>Bardionem,</strong></span> <span class='ocrx_word' id='word_1_744' title='bbox 2630 4623 2970 4684; x_wconf 86' lang='lat' dir='ltr'><strong>Thalassum,</strong></span> <span class='ocrx_word' id='word_1_745' title='bbox 3001 4621 3240 4674; x_wconf 88' lang='lat' dir='ltr'><strong>Taurum</strong></span> <span class='ocrx_word' id='word_1_746' title='bbox 3268 4628 3322 4672; x_wconf 88' lang='lat' dir='ltr'><strong>et</strong></span> <span class='ocrx_word' id='word_1_747' title='bbox 3372 4616 3497 4671; x_wconf 91' lang='lat' dir='ltr'><strong>Flo-</strong></span> 
     </span>
    </p>
   </div>
   <div class='ocr_carea' id='block_1_106' title="bbox 1931 4709 3496 4789">
    <p class='ocr_par' dir='ltr' id='par_1_106' title="bbox 1931 4709 3496 4789">
     <span class='ocr_line' id='line_1_106' title="bbox 1931 4709 3496 4789; baseline -0.012 -10"><span class='ocrx_word' id='word_1_748' title='bbox 1931 4722 2185 4785; x_wconf 91' lang='lat' dir='ltr'><strong>rentium,</strong></span> <span class='ocrx_word' id='word_1_749' title='bbox 2214 4715 2700 4789; x_wconf 66' lang='lat' dir='ltr'><strong>quibuspraacipue</strong></span> <span class='ocrx_word' id='word_1_750' title='bbox 2721 4714 2964 4770; x_wconf 90' lang='lat' dir='ltr'><strong>habenda</strong></span> <span class='ocrx_word' id='word_1_751' title='bbox 2983 4714 3116 4766; x_wconf 84' lang='lat' dir='ltr'><strong>fides</strong></span> <span class='ocrx_word' id='word_1_752' title='bbox 3146 4709 3304 4781; x_wconf 91' lang='lat' dir='ltr'><strong>erat),</strong></span> <span class='ocrx_word' id='word_1_753' title='bbox 3331 4709 3496 4762; x_wconf 87' lang='lat' dir='ltr'><strong>Atha-</strong></span> 
     </span>
    </p>
   </div>
   <div class='ocr_carea' id='block_1_107' title="bbox 1933 4802 3499 4874">
    <p class='ocr_par' dir='ltr' id='par_1_107' title="bbox 1933 4802 3499 4874">
     <span class='ocr_line' id='line_1_107' title="bbox 1933 4802 3499 4874; baseline -0.01 -6"><span class='ocrx_word' id='word_1_754' title='bbox 1933 4811 2118 4868; x_wconf 87' lang='lat' dir='ltr'><strong>nasius</strong></span> <span class='ocrx_word' id='word_1_755' title='bbox 2137 4828 2249 4865; x_wconf 90' lang='lat' dir='ltr'><strong>rem</strong></span> <span class='ocrx_word' id='word_1_756' title='bbox 2277 4820 2442 4865; x_wconf 91' lang='lat' dir='ltr'><strong>totam</strong></span> <span class='ocrx_word' id='word_1_757' title='bbox 2501 4808 2611 4863; x_wconf 90' lang='lat' dir='ltr'><strong>Deo</strong></span> <span class='ocrx_word' id='word_1_758' title='bbox 2668 4815 2944 4874; x_wconf 87' lang='lat' dir='ltr'><strong>acceptam</strong></span> <span class='ocrx_word' id='word_1_759' title='bbox 2982 4803 3244 4868; x_wconf 82' lang='lat' dir='ltr'><strong>referens,</strong></span> <span class='ocrx_word' id='word_1_760' title='bbox 3280 4802 3371 4872; x_wconf 92' lang='lat' dir='ltr'><strong>qui</strong></span> <span class='ocrx_word' id='word_1_761' title='bbox 3403 4805 3499 4854; x_wconf 77' lang='lat' dir='ltr'><strong>cor</strong></span> 
     </span>
    </p>
   </div>
   <div class='ocr_carea' id='block_1_108' title="bbox 1931 4905 3497 4974">
    <p class='ocr_par' dir='ltr' id='par_1_108' title="bbox 1931 4905 3497 4974">
     <span class='ocr_line' id='line_1_108' title="bbox 1931 4905 3497 4974; baseline -0.008 -13"><span class='ocrx_word' id='word_1_762' title='bbox 1931 4905 2228 4961; x_wconf 89' lang='lat' dir='ltr'><strong>Constantii</strong></span> <span class='ocrx_word' id='word_1_763' title='bbox 2263 4911 2672 4974; x_wconf 82' lang='lat' dir='ltr'><strong>compunxerat,</strong></span> <span class='ocrx_word' id='word_1_764' title='bbox 2707 4909 2769 4955; x_wconf 93' lang='lat' dir='ltr'><strong>ut</strong></span> <span class='ocrx_word' id='word_1_765' title='bbox 2804 4915 2922 4954; x_wconf 88' lang='lat' dir='ltr'><strong>eam</strong></span> <span class='ocrx_word' id='word_1_766' title='bbox 2965 4914 3080 4952; x_wconf 92' lang='lat' dir='ltr'><strong>rem</strong></span> <span class='ocrx_word' id='word_1_767' title='bbox 3115 4907 3328 4968; x_wconf 85' lang='lat' dir='ltr'><strong>ageret,</strong></span> <span class='ocrx_word' id='word_1_768' title='bbox 3376 4911 3497 4949; x_wconf 92' lang='lat' dir='ltr'><strong>cum</strong></span> 
     </span>
    </p>
   </div>
   <div class='ocr_carea' id='block_1_109' title="bbox 1931 4987 3502 5062">
    <p class='ocr_par' dir='ltr' id='par_1_109' title="bbox 1931 4987 3502 5062">
     <span class='ocr_line' id='line_1_109' title="bbox 1931 4987 3502 5062; baseline -0.008 -12"><span class='ocrx_word' id='word_1_769' title='bbox 1931 4995 2045 5050; x_wconf 90' lang='lat' dir='ltr'><strong>suis</strong></span> <span class='ocrx_word' id='word_1_770' title='bbox 2078 4992 2227 5047; x_wconf 90' lang='lat' dir='ltr'><strong>illum</strong></span> <span class='ocrx_word' id='word_1_771' title='bbox 2279 4993 2442 5058; x_wconf 88' lang='lat' dir='ltr'><strong>adiit;</strong></span> <span class='ocrx_word' id='word_1_772' title='bbox 2481 5006 2640 5060; x_wconf 88' lang='lat' dir='ltr'><strong>quem</strong></span> <span class='ocrx_word' id='word_1_773' title='bbox 2679 4991 2888 5062; x_wconf 87' lang='lat' dir='ltr'><strong>placido</strong></span> <span class='ocrx_word' id='word_1_774' title='bbox 2912 4988 3062 5044; x_wconf 93' lang='lat' dir='ltr'><strong>vultu</strong></span> <span class='ocrx_word' id='word_1_775' title='bbox 3103 4989 3394 5056; x_wconf 82' lang='lat' dir='ltr'><strong>imperator</strong></span> <span class='ocrx_word' id='word_1_776' title='bbox 3418 4987 3502 5040; x_wconf 91' lang='lat' dir='ltr'><strong>in-</strong></span> 
     </span>
    </p>
   </div>
   <div class='ocr_carea' id='block_1_110' title="bbox 1933 5079 3501 5154">
    <p class='ocr_par' dir='ltr' id='par_1_110' title="bbox 1933 5079 3501 5154">
     <span class='ocr_line' id='line_1_110' title="bbox 1933 5079 3501 5154; baseline -0.008 -14"><span class='ocrx_word' id='word_1_777' title='bbox 1933 5086 2102 5140; x_wconf 91' lang='lat' dir='ltr'><strong>tuitus</strong></span> <span class='ocrx_word' id='word_1_778' title='bbox 2135 5094 2237 5150; x_wconf 82' lang='lat' dir='ltr'><strong>est,</strong></span> <span class='ocrx_word' id='word_1_779' title='bbox 2262 5084 2575 5154; x_wconf 90' lang='lat' dir='ltr'><strong>dimisitque</strong></span> <span class='ocrx_word' id='word_1_780' title='bbox 2607 5094 2666 5139; x_wconf 89' lang='lat' dir='ltr'><strong>ut</strong></span> <span class='ocrx_word' id='word_1_781' title='bbox 2702 5087 2754 5139; x_wconf 91' lang='lat' dir='ltr'><strong>in</strong></span> <span class='ocrx_word' id='word_1_782' title='bbox 2801 5083 3030 5154; x_wconf 89' lang='lat' dir='ltr'><strong>patriam</strong></span> <span class='ocrx_word' id='word_1_783' title='bbox 3055 5090 3110 5136; x_wconf 90' lang='lat' dir='ltr'><strong>et</strong></span> <span class='ocrx_word' id='word_1_784' title='bbox 3140 5082 3193 5136; x_wconf 92' lang='lat' dir='ltr'><strong>in</strong></span> <span class='ocrx_word' id='word_1_785' title='bbox 3229 5079 3501 5134; x_wconf 75' lang='lat' dir='ltr'><strong>Ecclesias</strong></span> 
     </span>
    </p>
   </div>
   <div class='ocr_carea' id='block_1_111' title="bbox 1927 5169 3501 5246">
    <p class='ocr_par' dir='ltr' id='par_1_111' title="bbox 1927 5169 3501 5246">
     <span class='ocr_line' id='line_1_111' title="bbox 1927 5169 3501 5246; baseline -0.007 -14"><span class='ocrx_word' id='word_1_786' title='bbox 1927 5191 2054 5232; x_wconf 90' lang='lat' dir='ltr'><strong>suas</strong></span> <span class='ocrx_word' id='word_1_787' title='bbox 2099 5177 2490 5246; x_wconf 86' lang='lat' dir='ltr'><strong>ingrederetur,</strong></span> <span class='ocrx_word' id='word_1_788' title='bbox 2526 5177 2715 5232; x_wconf 87' lang='lat' dir='ltr'><strong>missis</strong></span> <span class='ocrx_word' id='word_1_789' title='bbox 2742 5175 2938 5230; x_wconf 89' lang='lat' dir='ltr'><strong>litteris</strong></span> <span class='ocrx_word' id='word_1_790' title='bbox 2987 5174 3054 5228; x_wconf 86' lang='lat' dir='ltr'><strong>ad</strong></span> <span class='ocrx_word' id='word_1_791' title='bbox 3089 5173 3265 5228; x_wconf 89' lang='lat' dir='ltr'><strong>varios</strong></span> <span class='ocrx_word' id='word_1_792' title='bbox 3295 5185 3389 5239; x_wconf 85' lang='lat' dir='ltr'><strong>per</strong></span> <span class='ocrx_word' id='word_1_793' title='bbox 3421 5169 3501 5221; x_wconf 58' lang='grc' dir='ltr'>«ιι,</span> 
     </span>
    </p>
   </div>
   <div class='ocr_carea' id='block_1_112' title="bbox 1927 5255 3501 5335">
    <p class='ocr_par' dir='ltr' id='par_1_112' title="bbox 1927 5255 3501 5335">
     <span class='ocr_line' id='line_1_112' title="bbox 1927 5255 3501 5335; baseline -0.01 -13"><span class='ocrx_word' id='word_1_794' title='bbox 1927 5281 2081 5322; x_wconf 90' lang='lat' dir='ltr'><strong>versa</strong></span> <span class='ocrx_word' id='word_1_795' title='bbox 2112 5267 2227 5321; x_wconf 82' lang='lat' dir='ltr'><strong>loca</strong></span> <span class='ocrx_word' id='word_1_796' title='bbox 2255 5265 2485 5334; x_wconf 88' lang='lat' dir='ltr'><strong>judices,</strong></span> <span class='ocrx_word' id='word_1_797' title='bbox 2520 5267 2721 5335; x_wconf 89' lang='lat' dir='ltr'><strong>quibus</strong></span> <span class='ocrx_word' id='word_1_798' title='bbox 2771 5274 2898 5318; x_wconf 86' lang='lat' dir='ltr'><strong>ante</strong></span> <span class='ocrx_word' id='word_1_799' title='bbox 2945 5267 3273 5331; x_wconf 73' lang='lat' dir='ltr'><strong>praeceperat</strong></span> <span class='ocrx_word' id='word_1_800' title='bbox 3323 5255 3501 5308; x_wconf 87' lang='lat' dir='ltr'><strong>aditus</strong></span> 
     </span>
    </p>
   </div>
   <div class='ocr_carea' id='block_1_113' title="bbox 1929 5347 3496 5432">
    <p class='ocr_par' dir='ltr' id='par_1_113' title="bbox 1929 5347 3496 5432">
     <span class='ocr_line' id='line_1_113' title="bbox 1929 5347 3496 5432; baseline -0.01 -18"><span class='ocrx_word' id='word_1_801' title='bbox 1929 5358 2223 5424; x_wconf 89' lang='lat' dir='ltr'><strong>custodire,</strong></span> <span class='ocrx_word' id='word_1_802' title='bbox 2271 5367 2328 5432; x_wconf 84' lang='lat' dir='ltr'><strong>ut</strong></span> <span class='ocrx_word' id='word_1_803' title='bbox 2379 5358 2608 5413; x_wconf 89' lang='lat' dir='ltr'><strong>liberum</strong></span> <span class='ocrx_word' id='word_1_804' title='bbox 2660 5356 2775 5425; x_wconf 88' lang='lat' dir='ltr'><strong>jam</strong></span> <span class='ocrx_word' id='word_1_805' title='bbox 2821 5351 3125 5421; x_wconf 64' lang='lat' dir='ltr'><strong>praeberent</strong></span> <span class='ocrx_word' id='word_1_806' title='bbox 3186 5347 3496 5400; x_wconf 89' lang='lat' dir='ltr'><strong>transitum.</strong></span> 
     </span>
    </p>
   </div>
   <div class='ocr_carea' id='block_1_114' title="bbox 1930 5498 3500 5604">
    <p class='ocr_par' dir='ltr' id='par_1_114' title="bbox 1930 5498 3500 5604">
     <span class='ocr_line' id='line_1_114' title="bbox 1930 5498 3500 5604; baseline -0.008 -16"><span class='ocrx_word' id='word_1_807' title='bbox 1930 5535 2201 5590; x_wconf 78' lang='grc' dir='ltr'>ϐαιοῦντο.</span> <span class='ocrx_word' id='word_1_808' title='bbox 2224 5535 2365 5596; x_wconf 81' lang='lat' dir='ltr'><strong>Mox,</strong></span> <span class='ocrx_word' id='word_1_809' title='bbox 2393 5541 2512 5604; x_wconf 84' lang='lat' dir='ltr'><strong>post</strong></span> <span class='ocrx_word' id='word_1_810' title='bbox 2540 5529 2867 5604; x_wconf 66' lang='grc' dir='ltr'>ἐπιτρέψαι,</span> <span class='ocrx_word' id='word_1_811' title='bbox 2887 5525 3014 5581; x_wconf 79' lang='lat' dir='ltr'><strong>editi</strong></span> <span class='ocrx_word' id='word_1_812' title='bbox 3043 5498 3246 5577; x_wconf 82' lang='lat' dir='ltr'><strong>habent</strong></span> <span class='ocrx_word' id='word_1_813' title='bbox 3273 5539 3359 5604; x_wconf 70' lang='grc' dir='ltr'><strong>με,</strong></span> <span class='ocrx_word' id='word_1_814' title='bbox 3383 5535 3500 5588; x_wconf 71' lang='lat' dir='ltr'><strong>qua:</strong></span> 
     </span>
    </p>
   </div>
   <div class='ocr_carea' id='block_1_115' title="bbox 1931 5593 3505 5687">
    <p class='ocr_par' dir='ltr' id='par_1_115' title="bbox 1931 5593 3505 5687">
     <span class='ocr_line' id='line_1_115' title="bbox 1931 5593 3505 5687; baseline -0.009 -29"><span class='ocrx_word' id='word_1_815' title='bbox 1931 5621 2035 5687; x_wconf 48' lang='lat' dir='ltr'><strong>vos</strong></span> <span class='ocrx_word' id='word_1_816' title='bbox 2079 5593 2406 5676; x_wconf 63' lang='lat' dir='ltr'><strong>importuua&#39;</strong></span> <span class='ocrx_word' id='word_1_817' title='bbox 2433 5605 2486 5657; x_wconf 94' lang='lat' dir='ltr'><strong>in</strong></span> <span class='ocrx_word' id='word_1_818' title='bbox 2540 5593 2697 5670; x_wconf 53' lang='lat' dir='ltr'><strong>Ite-gf</strong></span> <span class='ocrx_word' id='word_1_819' title='bbox 2749 5593 2921 5652; x_wconf 78' lang='lat' dir='ltr'><strong>deleta</strong></span> <span class='ocrx_word' id='word_1_820' title='bbox 2991 5605 3104 5662; x_wconf 89' lang='lat' dir='ltr'><strong>est,</strong></span> <span class='ocrx_word' id='word_1_821' title='bbox 3155 5611 3184 5648; x_wconf 93' lang='lat' dir='ltr'><strong>a</strong></span> <span class='ocrx_word' id='word_1_822' title='bbox 3232 5593 3505 5661; x_wconf 80' lang='lat' dir='ltr'><strong>nobisque</strong></span> 
     </span>
    </p>
   </div>
   <div class='ocr_carea' id='block_1_116' title="bbox 1930 5691 2841 5814">
    <p class='ocr_par' dir='ltr' id='par_1_116' title="bbox 1930 5691 2841 5814">
     <span class='ocr_line' id='line_1_116' title="bbox 1930 5691 2154 5731; baseline -0.009 0"><span class='ocrx_word' id='word_1_823' title='bbox 1930 5691 2154 5731; x_wconf 78' lang='lat' dir='ltr'><strong>omissa.</strong></span> 
     </span>
     <span class='ocr_line' id='line_1_117' title="bbox 2002 5739 2841 5814; baseline -0.015 -14"><span class='ocrx_word' id='word_1_824' title='bbox 2002 5745 2117 5814; x_wconf 69' lang='lat'><strong>(92)</strong></span> <span class='ocrx_word' id='word_1_825' title='bbox 2145 5743 2343 5814; x_wconf 79' lang='lat' dir='ltr'><strong>Regius</strong></span> <span class='ocrx_word' id='word_1_826' title='bbox 2368 5741 2558 5814; x_wconf 79' lang='lat' dir='ltr'><strong>codex,</strong></span> <span class='ocrx_word' id='word_1_827' title='bbox 2594 5739 2841 5814; x_wconf 73' lang='grc' dir='ltr'>κόμιτας.</span> 
     </span>
    </p>
   </div>
   <div class='ocr_carea' id='block_1_117' title="bbox 2003 5809 2921 5885">
    <p class='ocr_par' dir='ltr' id='par_1_117' title="bbox 2003 5809 2921 5885">
     <span class='ocr_line' id='line_1_118' title="bbox 2003 5809 2921 5885; baseline -0.017 -12"><span class='ocrx_word' id='word_1_828' title='bbox 2003 5809 2113 5885; x_wconf 77' lang='lat'><strong>(93)</strong></span> <span class='ocrx_word' id='word_1_829' title='bbox 2137 5809 2336 5884; x_wconf 69' lang='lat' dir='ltr'><strong>Regius</strong></span> <span class='ocrx_word' id='word_1_830' title='bbox 2364 5811 2554 5875; x_wconf 78' lang='lat' dir='ltr'><strong>codex,</strong></span> <span class='ocrx_word' id='word_1_831' title='bbox 2584 5809 2921 5882; x_wconf 75' lang='grc' dir='ltr'>Φλορέντιον.</span> 
     </span>
    </p>
   </div>
  </div>
