3980 6502
253 449 344 504 72!

1193 439 1516 498 HISTORIA
1554 439 1968 496 ARIANORUM
2006 440 2096 495 AD
2132 436 2523 495 MONACHOS.

3367 432 3473 488 722

249 559 516 631 ταθυμίως
536 555 844 613 ἀποδαίνειν
864 556 942 628 τῷ
969 557 1098 611 ποτέ
1130 576 1229 628 μου
1247 558 1456 628 ἀδελφῷ
1475 557 1765 613 Κώνσταντ
1779 576 1805 623 ι,

1922 558 2185 626 quondam
2216 571 2333 610 meo
2355 554 2631 612 Constanti
2670 568 2736 608 ex
2770 553 3034 609 sententia
3063 553 3341 619 cederent,
3375 570 3470 608 ne-

248 651 362 704 οὐδέ
387 650 485 719 τὴν
515 650 613 719 σὴν
649 648 858 701 σύνεσιν
892 649 1107 701 ἐλαθεν’
1138 650 1196 700 ἐν
1361 665 1417 700 τε
1459 646 1605 722 λύπῃ
1635 648 1808 701 διετέ-

249 742 344 812 θην
376 739 561 811 μαθὼν
586 740 770 793 τοῦτον
798 740 1102 810 ἀνῃρῆσθαι
1144 740 1292 809 παρά
1324 757 1481 792 τινων
1515 741 1809 794 ἀνοσιωτά-

247 845 366 892 των,
426 827 777 898 στοχάζεσθαι
831 827 988 879 πάλιν
1046 826 1269 880 δύναται
1327 829 1360 899 ἡ
1410 828 1475 900 σὴ
1526 824 1837 900 φρόνησις.’

259 921 407 973 Ἐπεὶ
452 917 547 973 οὖν
585 920 726 982 τινές
779 921 913 971 εἰσιν
952 920 1000 971 οἱ
1041 920 1098 971 ἐν
1130 918 1207 989 τῷ
1240 920 1465 992 παρόντι
1506 920 1701 990 καιρῷ,
1730 920 1808 988 τῷ

247 1013 413 1076 οὕτως
450 1010 1055 1081 πενθικῷ,πειρώμενοί
1111 1028 1169 1063 σε
1217 1012 1489 1081 ἐκφοϐεῖν,
1519 1011 1607 1064 διά
1650 1012 1808 1064 τοῦτο

247 1103 415 1157 ταῦτα
462 1103 600 1174 πρὸς
630 1103 728 1174 τὴν
782 1104 881 1174 σὴν
914 1104 1243 1174 στερρότητα
1301 1105 1609 1176 δοθῆναιτά
1629 1105 1807 1175 γράμ-

244 1214 309 1249 τα
362 1195 695 1261 ἐδικαίωσα,
747 1195 1180 1266 προτρεπόμενός
1247 1212 1305 1247 σε
1362 1196 1484 1257 ἵνα,
1538 1195 1613 1258 ὡς
1668 1196 1804 1267 πρέ-

246 1306 332 1341 πει
390 1289 705 1351 ἐπίσκοπον,
752 1290 876 1350 τοὺς
920 1288 1079 1351 λαοὺς
1120 1287 1189 1339 τὰ
1226 1288 1545 1359 ὀφειλόμενα
1584 1291 1649 1360 τῇ
1688 1289 1807 1359 θείᾳ

247 1380 507 1451 θρησκείᾳ
536 1381 811 1453 διδάσκῃς,
856 1380 946 1432 καὶ
983 1381 1098 1450 μετ’
1136 1380 1310 1432 αὐτῶν
1345 1380 1583 1450 συνήθως
1619 1381 1803 1450 εὐχαῖς

247 1471 528 1542 σχολάζῃς,
572 1470 647 1539 (5)
697 1472 791 1523 καὶ
840 1470 912 1540 μὴ
966 1470 1209 1539 ματαίοις
1243 1469 1475 1541 θρύλοις,
1510 1470 1704 1533 οἵτινες
1739 1470 1804 1524 ἂν

245 1559 500 1625 γένοιντο,
556 1557 869 1629 πιστεύσῃς.
925 1558 1084 1628 Ἡμῖν
1131 1560 1238 1629 γάρ
1277 1557 1439 1611 τοῦτο
1466 1560 1523 1611 ἐν
1555 1560 1620 1629 τῇ
1658 1558 1801 1630 ψυχῇ

246 1651 507 1719 πέπηγεν,
528 1649 667 1703 ὥστε
708 1667 765 1702 σε
793 1649 1097 1713 ἀκολούθως
1126 1653 1194 1720 τῇ
1221 1650 1463 1722 ἡμετέρᾳ
1488 1652 1802 1722 προαιρέσει

244 1741 527 1805 διαπαντὸς
575 1745 632 1795 ἐν
686 1741 764 1812 τῷ
806 1744 955 1812 τόπῳ
1000 1759 1091 1795 σου
1148 1742 1323 1795 θέλειν
1369 1743 1664 1797 ἐπίσκοπον
1724 1740 1801 1795 εἶ-

244 1848 325 1883 ναι
358 1831 458 1901 (6).

1917 667 2022 720 que
2059 649 2356 719 prudentia:
2380 657 2487 702 tua:
2508 646 2676 700 latere
2701 642 2956 700 arbitror.
2984 646 3153 713 Quem
3185 646 3275 699 ubi
3303 660 3332 698 a
3360 646 3474 713 qni-

1915 742 2139 796 busdam
2206 736 2639 795 sceleratissimis
2725 738 2992 791 sublatum
3074 739 3467 807 cognovissem,

1916 840 2117 901 quanto
2164 845 2398 885 moerere
2446 828 2671 882 aﬂ'ectus
2716 827 2843 891 sim,
2890 836 2977 881 tua
3031 828 3156 881 item
3186 826 3467 896 prudentia

1913 922 2183 976 :estitnare
2220 922 2385 980 valet.
2415 909 2682 976 Caeterum
2720 920 2846 988 quia
2880 919 3121 973 nonnulli
3152 932 3276 974 sunt
3301 921 3390 990 qui
3417 928 3468 975 te

1916 1025 2022 1066 tum
2052 1013 2298 1066 luctuoso
2338 1013 2599 1081 temporis
2630 1013 2861 1067 decursu
2900 1022 3104 1065 terrere
3154 1022 3463 1074 conantur;

1915 1106 2035 1158 ideo
2071 1105 2233 1159 hasce
2269 1104 2474 1159 litteras
2525 1106 2590 1158 ad
2632 1112 2778 1157 tuam
2835 1104 3193 1157 constantiam
3251 1103 3466 1156 mittere

1911 1211 2120 1265 mquum
2169 1196 2515 1249 existimavi:
2552 1196 2841 1264 hortorque
2884 1203 2939 1249 te
2986 1203 3065 1258 ut,
3117 1193 3467 1263 quemadmo-

1911 1285 2038 1338 dum
2074 1283 2382 1354 episcopum
2417 1286 2592 1351 decet,
2627 1299 2747 1353 quae
2782 1284 2848 1338 ad
2883 1283 3118 1337 divinam
3149 1283 3462 1353 religionem

1910 1376 2185 1445 pertinent
2220 1375 2445 1444 populos
2497 1377 2712 1441 doceas,
2765 1391 2831 1430 ac
2881 1390 3005 1430 cum
3054 1376 3161 1430 illis
3200 1377 3267 1429 de
3316 1388 3465 1429 more

1910 1466 2159 1534 precibus
2180 1479 2339 1520 vaces
2359 1504 2376 1529 ,
2410 1480 2583 1533 neque
2611 1466 2766 1518 vanis
2801 1464 3126 1531 rumoribus,
3156 1464 3467 1533 quicunque

1913 1558 2125 1611 tandem
2160 1557 2237 1611 illi
2276 1559 2402 1623 sint,
2435 1557 2592 1611 ﬁdem
2615 1556 2892 1611 adhibeas.
2935 1554 3046 1609 Hoc
3073 1556 3216 1608 enim
3249 1555 3465 1609 ﬁrmum

1909 1650 1963 1704 in
2002 1649 2182 1703 animo
2211 1650 2545 1718 propositmn
2575 1649 2860 1711 habemus,
2908 1656 2986 1712 ut,
3018 1646 3174 1713 juxta
3208 1646 3461 1716 placitum

1907 1751 1964 1796 et
2011 1742 2342 1797 voluntatem
2397 1751 2661 1805 nostram,
2709 1741 2761 1795 in
2822 1740 2927 1794 tuis
2976 1754 3189 1809 semper
3245 1740 3462 1795 sedibus

1906 1833 2187 1903 cpiscOpus
2216 1834 2312 1888 sis.

321 1924 383 1975 'H
417 1923 537 1976 Θεία
560 1924 780 1995 πρόνοια
807 1924 1017 1989 πολλοῖς
1043 1925 1185 1979 ἔτεσί
1223 1943 1282 1979 σε
1313 1925 1616 1998 διατηροίη,
1641 1924 1799 1994 γονεῦ

1978 1926 2167 1979 Divina
2225 1934 2275 1979 te
2323 1923 2660 1993 providentia
2725 1923 2907 1977 multis
2955 1922 3113 1975 annis
3157 1931 3459 1985 conservet,

244 2015 691 2086 προσφιλέστατε.

308 2104 397 2158 25.
435 2105 652 2157 Τούτων
685 2105 825 2160 οὕτω
859 2106 1227 2177 πραχθέντων,
1273 2107 1415 2161 οὕτω
1444 2125 1503 2160 τε
1545 2106 1804 2173 συντάξαι

249 2196 440 2265 μένων,
475 2197 568 2249 καὶ
597 2198 693 2267 τῆς
720 2197 838 2251 ὁδοῦ
868 2198 1049 2252 λοιπὸν
1075 2200 1396 2264 ἐπιϐάντων,
1440 2200 1490 2252 οί
1530 2199 1627 2269 μὲν
1662 2200 1803 2269 φίλοι

246 2289 391 2357 φίλον
443 2289 677 2361 ὁρῶντες
752 2290 997 2362 ἔχαιρον·
1078 2292 1185 2344 τῶν
1240 2292 1295 2346 δὲ
1349 2292 1521 2346 ἄλλων
1595 2295 1641 2345 oi
1706 2292 1804 2363 μὲν

247 2380 612 2434 ἐδυσωποῦντο
640 2380 926 2451 βλέποντες
958 2382 1118 2437 αὐτόν
1141 2401 1154 2414 ·
1190 2385 1236 2436 οἱ
1267 2384 1323 2436 δὲ
1360 2384 1451 2436 καὶ
1497 2385 1804 2456 παρρησίαν

246 2474 338 2526 οὐκ
363 2473 595 2544 ἔχοντες,
620 2474 978 2545 ἐκρύπτοντο·
1002 2477 1049 2527 οἱ
1074 2475 1129 2527 δὲ
1163 2476 1257 2528 καὶ
1291 2477 1682 2546 μετεγίνωσκον
1720 2477 1803 2545 ἐφ’

244 2559 321 2626 οἷς
351 2563 595 2634 ἔγραψαν
626 2564 767 2616 κατὰ
800 2563 892 2616 τοῦ
929 2565 1244 2618 ἐπισκόπου.
1280 2566 1484 2631 Πάντες
1514 2564 1606 2619 οὖν
1639 2567 1714 2637 (7)
1755 2567 1805 2621 οί

246 2654 350 2707 ἀπὸ
425 2654 788 2725 Παλαιστίνης
849 2658 1172 2721 ἐπίσκοποι,
1233 2659 1399 2729 χωρὶς
1455 2659 1546 2712 δύο
1609 2677 1711 2712 που
1768 2659 1801 2729 ἢ

246 2746 409 2817 τριῶν
436 2746 534 2816 (8),
571 2747 666 2798 καὶ
706 2748 881 2799 αὐτῶν
924 2749 1175 2803 ὑπόπτων
1218 2751 1609 2820 τυγχανόντων,
1664 2749 1805 2803 οὕτω

243 2839 330 2890 τὸν
402 2838 714 2890 Ἀθανάσιον
763 2837 1104 2905 ὑπεδέξαντο,
1163 2842 1256 2894 καὶ
1301 2842 1397 2912 τὴν
1450 2841 1586 2911 πρὸς
1647 2841 1806 2895 αὑτὸν

243 2931 555 2998 ἠσπάσαντο
577 2930 879 2992 κοινωνίαν,
897 2930 971 2995 ὡς
1000 2933 1093 2984 καὶ
1113 2933 1318 3004 γράψαι
1349 2934 1441 2985 καὶ
1471 2933 1805 3003 ἀπολογήσα-

245 3022 385 3083 σθαι,
422 3022 503 3074 ὅτι
536 3020 571 3074 ἀ
610 3021 871 3093 πρότερον
909 3022 1171 3094 ἔγραψαν,
1206 3024 1264 3076 οὐ
1300 3024 1439 3077 κατὰ
1468 3024 1802 3095 προαίρεσιν,

243 3113 376 3166 ἀλλὰ
428 3113 737 3183 βιαζόμενοι
794 3116 1142 3185 πεποιήκασι.
1207 3115 1342 3185 Περὶ
1404 3115 1510 3187 γὰρ
1584 3115 1692 3168 τῶν
1748 3117 1805 3168 ἐν

243 3203 499 3272 Αίγύπτῳ
533 3204 627 3255 καὶ
659 3206 776 3265 ταῖς
813 3202 1037 3267 Λιϐύαις
1092 3205 1423 3269 ἐπισκόπων,
1464 3206 1557 3259 καὶ
1600 3205 1707 3259 τῶν
1748 3207 1805 3258 ἐν

245 3296 430 3357 αὐταῖς
459 3294 553 3347 καὶ
585 3294 691 3371 τῶν
717 3296 775 3348 ἐν
808 3294 1177 3366 ’Λλεξανδρείᾳ
1210 3295 1373 3360 λαῶν,
1410 3298 1659 3369 περιττόν
1692 3298 1804 3350 ἐστι

244 3389 333 3440 καὶ
357 3388 538 3456 λέγειν
562 3404 574 3417 ·
609 3387 824 3440 πάντων
863 3388 1276 3457 συντρεχόντων,
1312 3388 1406 3441 καὶ
1448 3389 1807 3460 ἀνεκλάλητον

244 3479 471 3548 ἐχόντων
507 3478 603 3548 τὴν
640 3477 842 3548 χαράν⁹
876 3480 972 3547 οὐχ
1011 3480 1092 3531 ὃτι
1124 3478 1281 3548 μόνον
1305 3480 1432 3541 τοὺς
1470 3479 1627 3543 ἰδίους
1678 3482 1805 3551 παρ’

244 3568 430 3621 ἐλπίδα
463 3568 669 3631 ζῶντας
700 3567 1097 3637 ἀπελάμϐανον,
1131 3568 1245 3621 ἀλλ’
1275 3570 1354 3621 ὅτι
1390 3570 1483 3621 καὶ
1518 3569 1626 3622 τῶν
1659 3571 1807 3640 αἰρε-

242 3660 407 3712 τικῶν
458 3659 534 3721 ὼς
567 3658 839 3729 τυράννων
872 3660 964 3712 καὶ
992 3658 1300 3713 λυττώντων
1331 3660 1505 3713 κυνῶν
1531 3660 1808 3730 ἀπηλλάτ-

243 3768 410 3803 τοντο.
439 3749 665 3819 Μεγάλη
696 3748 823 3816 γοῦν
852 3747 917 3821 ἦν
938 3750 1261 3822 εὐφροσύνη,
1294 3751 1402 3804 τῶν
1430 3751 1572 3805 λαῶν
1601 3754 1657 3805 ἐν
1688 3756 1808 3816 ταῖς

246 3842 496 3906 συνάξεσι
531 3842 939 3914 παροξυνόντων
975 3843 1232 3915 ἀλλήλους
1278 3846 1359 3908 εἰς
1390 3845 1608 3915 ἀρετήν.
1638 3844 1807 3898 Πόσαι

241 3933 345 3987 τῶν
374 3935 624 4003 ἀγάμων,
670 3934 931 4004 πρότερον
983 3930 1138 3988 οὖσαι
1200 3934 1336 4006 πρὸς
1368 3937 1543 4006 γάμον
1580 3937 1805 4000 ἕτοιμοι,

242 4020 464 4091 ἔμειναν
507 4021 762 4092 παρθένοι
800 4021 875 4091 τῷ
908 4023 1160 4092 Χριστῷῑ
1198 4023 1352 4076 πόσοι
1392 4024 1643 4095 νεώτεροι
1691 4025 1810 4095 βλέ-

242 4129 435 4175 ποντες
461 4112 697 4182 ἐτέρους,
731 4112 820 4165 τὸν
855 4113 1061 4183 μονήρη
1112 4113 1223 4182 βίον
1266 4114 1557 4183 ἠγάπησαν
1587 4115 1598 4166 l
1652 4116 1807 4167 πόσοι

242 4204 478 4273 πατέρες
538 4204 873 4275 προέτρεπον
930 4206 1128 4258 τέκναί
1199 4206 1351 4259 πόσοι
1400 4206 1456 4258 δὲ
1521 4206 1613 4258 καὶ
1658 4206 1809 4276 παρά

240 4296 447 4349 τέκνων
477 4296 803 4367 ἠξιώθησαν,
841 4297 915 4368 μὴ
958 4295 1339 4367 ἐμποδίζεσθαι
1371 4296 1469 4365 τῆς
1503 4297 1558 4348 ἐν
1590 4294 1808 4366 Χριστῷ

241 4388 563 4459 ἁσκήσεωςί
601 4387 764 4440 πόσαι
784 4390 1037 4455 γυναῖκες
1070 4387 1291 4440 ἔπεισαν
1317 4386 1534 4457 ἄνδρας,
1568 4387 1727 4440 πόσαι
1752 4387 1808 4440 δὲ

241 4480 394 4551 παρά
417 4479 628 4549 ἀνδρῶν
660 4478 987 4548 ἐπείσθησαν
1010 4479 1287 4549 σχολάζειν
1316 4482 1378 4550 τῇ
1409 4482 1699 4551 προσευχῇ,
1733 4480 1807 4543 ὡς

1903 2019 2065 2074 Pater
2098 2018 2461 2072 dilectissime.

1973 2112 2064 2165 25.
2112 2110 2205 2164 His
2249 2111 2323 2163 ita
2367 2109 2555 2180 gestis,
2588 2117 2869 2177 postquam
2893 2106 3015 2159 vale
3044 2105 3268 2160 dixisset
3296 2104 3461 2157 Atha-

1905 2204 2107 2266 nasius,
2169 2216 2394 2270 seseque
2443 2201 2539 2254 viae
2579 2200 2959 2261 commisisset,
3012 2196 3170 2252 amici
3226 2196 3458 2250 amicum

1903 2298 2166 2360 videntes,
2199 2296 2340 2349 lzeti:
2378 2310 2442 2349 ex
2478 2294 2595 2348 aliis
2646 2308 2774 2348 vero
2815 2293 3032 2362 quidam
3062 2294 3129 2346 ad
3174 2291 3293 2360 ejus
3330 2306 3463 2345 con-

1903 2398 2146 2457 spectum
2187 2389 2389 2455 pudore
2436 2385 2613 2439 allecti
2670 2394 2796 2439 sunt
2837 2403 2852 2440 :
2902 2385 3142 2439 nonnulli
3188 2400 3368 2439 coram
3402 2399 3461 2438 se

1906 2479 2095 2532 sistere
2137 2493 2241 2531 non
2287 2476 2422 2537 ausi,
2484 2490 2604 2530 sese
2658 2476 2965 2529 abdebant:
3015 2474 3105 2528 alii
3142 2475 3458 2545 poenitentia

1906 2568 2073 2632 ducti,
2100 2568 2296 2636 scripta
2322 2569 2576 2623 adversus
2603 2568 2907 2636 episcopum
2942 2582 3035 2621 sua
3084 2566 3460 2635 repudiabant.

1904 2661 2105 2717 Omnes
2136 2653 2315 2728 itaque
2348 2657 2649 2713 Palmstinze
2689 2658 2948 2727 episcopi,
3000 2658 3205 2711 duobus
3236 2657 3318 2710 vel
3360 2657 3459 2710 tri-

1906 2753 2006 2807 bus
2065 2752 2337 2820 exceptis.
2403 2751 2577 2818 iisque
2637 2750 2903 2819 suspectis
2967 2749 3127 2804 viris.
3171 2748 3241 2800 ita
3286 2747 3461 2801 Atha-

1904 2842 2113 2897 nasium
2145 2856 2450 2910 suscepere,
2487 2842 2557 2894 ita
2598 2839 2712 2906 ejus
2740 2843 3178 2895 communionem
3227 2839 3458 2908 amplexi

1904 2943 2067 2998 sunt,
2106 2942 2163 2987 ut
2197 2932 2359 2987 etiam
2393 2932 2588 2985 litteris
2630 2946 2750 2984 sese
2796 2941 3140 2994 excusarent,
3187 2938 3461 2985 testaren-

1906 3035 2097 3093 turque
2126 3038 2182 3080 se
2209 3039 2273 3078 ea
2312 3038 2430 3092 quae
2467 3034 2589 3077 ante
2619 3023 2969 3091 scripserant,
3003 3040 3105 3075 non
3150 3032 3296 3076 motu
3336 3038 3462 3091 pro-

1905 3116 2041 3183 prio,
2075 3115 2165 3170 sed
2191 3116 2240 3167 vi
2271 3114 2489 3169 adactos
2540 3114 2849 3182 scripsisse.
2890 3113 3023 3167 Nam
3063 3113 3206 3181 quod
3251 3123 3461 3181 spectat

1907 3206 2123 3277 Egypti
2154 3215 2207 3259 et
2233 3205 2522 3275 Libyarum
2550 3204 2854 3273 episcopos,
2886 3218 3091 3257 necnon
3141 3218 3325 3255 earum
3371 3216 3460 3255 re-

1907 3301 2122 3370 gionum
2187 3295 2633 3365 Alexandrizeque
2699 3295 2942 3363 populos,
3015 3308 3270 3347 enarrare
3324 3292 3461 3347 forte

1907 3404 2362 3460 supervacaneum
2390 3388 2552 3442 fuerit
2580 3405 2593 3441 :
2622 3387 2981 3441 accnrrebant
3016 3386 3209 3453 quippe
3245 3399 3459 3448 omnes,

1905 3490 2169 3547 erantque
2220 3476 2476 3531 ineli‘abili
2531 3476 2726 3545 gaudio
2793 3476 3037 3545 perfusi:
3095 3490 3199 3528 non
3252 3484 3457 3527 tantum

1905 3569 2044 3636 quod
2084 3582 2212 3621 suos
2261 3578 2457 3635 prwter
2496 3581 2644 3635 spem
2692 3567 2990 3620 incolumes
3013 3565 3338 3633 reciperent,
3357 3563 3459 3617 sed

1906 3659 2065 3712 etiam
2093 3656 2230 3726 quod
2261 3658 2328 3710 ab
2355 3656 2622 3711 haereticis
2643 3655 2799 3725 quasi
2835 3671 2866 3709 a
2908 3655 3148 3727 tyrannis
3179 3664 3231 3710 et
3260 3654 3462 3707 rabidis

1906 3749 2128 3803 canibus
2153 3749 2509 3817 eriperentur.
2539 3745 2732 3816 Ingens
2767 3747 2948 3815 itaque
2992 3745 3093 3800 l'uit
3134 3744 3316 3797 lmtitia
3357 3759 3458 3812 po-

1907 3839 2154 3909 pulorum
2204 3852 2321 3893 sese
2362 3839 2590 3892 invicem
2646 3839 2699 3892 in
2748 3838 3039 3909 synaxibus
3087 3838 3153 3889 ad
3210 3837 3457 3889 virtutem

1907 3930 2327 3987 cohortantium.
2351 3930 2493 3997 Quot
2531 3931 2791 3998 innuptae,
2831 3929 2896 3982 ad
2946 3928 3249 3983 nubendum
3282 3936 3459 3981 tamen

1907 4032 2129 4092 paratae,
2186 4021 2425 4088 virgines
2477 4019 2696 4074 Christo
2752 4020 2945 4072 dicatae
2996 4014 3456 4087 permanserunt!

1907 4121 2036 4180 quot
2072 4109 2439 4164 adolescentes
2470 4109 2696 4162 aliorum
2719 4106 2963 4175 exemplo
2990 4105 3266 4165 concitati,
3298 4104 3460 4157 vitam

1907 4198 2265 4252 monasticam
2299 4197 2531 4264 amplexi
2564 4197 2726 4251 snntl
2767 4204 2899 4261 quot
2950 4203 3129 4261 patres
3169 4193 3307 4245 lilios
3334 4205 3462 4244 suos

1907 4290 2266 4344 hortabantur
2297 4287 2309 4340 l
2338 4297 2471 4355 quot
2501 4294 2679 4355 patres
2706 4303 2733 4338 a
2766 4285 2889 4338 ﬁliis
2928 4285 3097 4352 rogati
3127 4294 3269 4349 sunt,
3297 4293 3353 4337 ut
3396 4298 3462 4337 ne

1908 4399 2057 4438 suam
2106 4385 2157 4435 in
2213 4382 2431 4436 Christo
2484 4380 2930 4435 exercitationem
2997 4376 3458 4445 interpellarent!

1908 4482 2040 4543 quot
2102 4488 2297 4526 uxores
2344 4471 2475 4524 viris
2523 4471 2659 4530 suis,
2711 4478 2841 4537 quot
2888 4467 2989 4521 viri
3049 4467 3310 4520 uxoribus
3347 4466 3462 4520 suis

241 4566 395 4622 εἶπεν
427 4572 456 4621 ὁ
491 4569 807 4632 Ἀπόστολος
831 4568 843 4621 !
878 4570 1037 4622 πόσαι
1059 4570 1242 4641 χῆραι,
1270 4569 1424 4623 πόσοι
1451 4570 1506 4623 δὲ
1530 4572 1621 4625 καὶ
1644 4571 1805 4642 ὀρφα-

1912 4573 2313 4635 persuaserunt,
2340 4563 2641 4617 utorationi
2688 4560 3076 4619 incumberent,
3102 4558 3459 4627 quemadmo-

240 4661 343 4721 vo‘t,
376 4658 439 4711 τὸ
480 4659 745 4729 πρότερον
773 4660 1064 4722 πεινῶντες
1085 4659 1178 4711 καὶ
1207 4658 1402 4728 γυμνοὶ
1430 4660 1802 4731 τυγχάνοντες,

240 4753 306 4804 ἐκ
346 4750 549 4821 πολλῆς
602 4750 702 4819 τῆς
740 4751 846 4803 τῶν
896 4751 1036 4804 λαῶν
1082 4750 1422 4821 προθυμίας,
1454 4751 1576 4804 οὔτε
1623 4751 1804 4804 λοιπὸν

241 4844 493 4907 ἐπείνων,
542 4841 676 4895 ἁλλά
729 4843 822 4895 καὶ
883 4841 1214 4912 ἐνδεδυμένοι
1272 4841 1635 4913 προήρχοντοί
1695 4842 1805 4894 Καὶ

238 4936 378 4997 ὅλως
427 4934 663 5004 τοσαύτη
719 4929 785 5005 ἦν
831 4934 1029 5002 ἅμιλλα
1052 4935 1178 5005 περὶ
1209 4934 1426 5005 ἀρετὴν,
1465 4934 1537 4998 ὡς
1569 4934 1803 5003 ἑκάστην

238 5026 440 5089 οἰκίαν,
478 5026 573 5078 καὶ⁷
599 5022 744 5078 οἷκον
774 5028 999 5078 ἕκαστον
1024 5025 1095 5095 (9)
1120 5024 1357 5095 νομίζειν
1398 5024 1689 5095 ἐκκλησίαν
1727 5020 1803 5077 εί-

238 5135 349 5180 ναι,
379 5117 467 5170 διὰ
492 5117 592 5187 τὴν
617 5116 723 5168 τῶν
746 5116 1089 5170 ἐνοικούντων
1132 5114 1442 5185 φιλοκαλίαν
1472 5132 1531 5169 τε
1574 5115 1667 5168 καὶ
1706 5113 1801 5186 τὴν

315 5231 359 5262 ’⁸
383 5229 402 5283 Ι
432 5230 562 5286 Cor.
589 5245 684 5291 vn,
710 5230 760 5284 5.

315 5376 391 5446 (5)
415 5374 547 5429 Haec
568 5373 734 5446 verba
760 5373 1023 5446 usqtte_ad
1058 5375 1190 5445 ἡμῖν
1214 5386 1440 5446 sequens
1473 5386 1586 5446 non
1628 5373 1803 5446 estpri-

243 5440 464 5500 muntur
498 5446 550 5497 in
599 5443 752 5509 Apol.
799 5444 866 5494 ad
914 5440 1112 5500 Constl,
1161 5458 1307 5495 nutu.
1349 5440 1437 5509 23.
1476 5440 1612 5495 Ibid.
1647 5442 1797 5507 editi,

241 5517 403 5581 male,
428 5508 653 5576 mnarg.
681 5512 835 5581 Reg.,
889 5510 1120 5581 θρύλοις.
1179 5512 1301 5564 Ιὺίοι.
1349 5508 1501 5578 R~g.,
1547 5509 1601 5561 εί
1641 5528 1802 5574 τινες.

241 5580 404 5650 Editi,
437 5586 639 5645 οἵτινες
660 5623 673 5642 ,
708 5580 831 5650 qua-7
857 5580 1078 5646 genuina
1116 5582 1321 5634 videtur
1344 5580 1522 5650 lectio.

315 5649 398 5724 (6)7
431 5655 488 5707 In
521 5653 677 5724 Appi.
707 5653 772 5724 ad
800 5649 1182 5724 Constantium,
1210 5665 1355 5704 num.
1389 5649 1481 5724 25,
1512 5650 1802 5724 postillud,

244 5717 545 5779 ἐπίσκοπον
569 5718 726 5782 εἶναι,
755 5720 1084 5791 Ιεείιιιῃκαὶ
1106 5721 1236 5791 ἄλλῃ
1259 5717 1422 5789 χειρί,
1453 5730 1508 5791 ut
1539 5720 1804 5774 indicetur:

244 5812 282 5849 ει
302 5793 656 5865 quentiaalia
693 5789 850 5842 manu
877 5789 1081 5865 scripta
1106 5789 1302 5865 litis—seq
1320 5803 1419 5841 nec
1459 5790 1798 5865 imperatoris

246 5856 484 5923 nomine.
542 5860 662 5915 Mox
707 5868 824 5928 post
877 5858 1022 5925 illud,
1046 5856 1491 5926 προσφιλέστατε,
1524 5859 1651 5914 editi
1685 5861 1795 5919 ba-c

1908 4659 2033 4711 dum
2069 4658 2143 4709 ait
2171 4656 2457 4721 Apostolus
2494 4655 2574 4707 9'!
2633 4662 2765 4722 quot
2816 4652 3013 4714 viduae,
3046 4659 3175 4720 quot
3208 4646 3462 4716 orpbani,

1908 4749 2000 4818 qui
2055 4748 2205 4816 prius
2255 4748 2591 4810 esuriebaut,
2651 4746 2887 4814 nudique
2927 4752 3104 4810 erant,
3135 4757 3201 4797 ex
3250 4742 3462 4795 ardenti

1910 4840 2231 4911 populorum
2255 4840 2320 4893 ad
2345 4840 2599 4893 virtutem
2628 4838 2825 4900 studio,
2870 4852 2974 4890 non
3009 4836 3146 4889 ultra
3196 4836 3459 4898 esuriere,

1909 4935 2015 4987 imo
2037 4933 2200 4988 etiam
2232 4932 2401 4986 indttti
2434 4932 2680 4999 prodiere
2716 4930 2729 4982 l
2778 4928 2946 4983 Tanta
3002 4930 3216 4984 demum
3248 4928 3313 4982 de
3353 4927 3462 4980 vir-

1909 5032 2020 5078 tute
2067 5024 2342 5078 contentio
2388 5021 2509 5084 fuit,
2558 5032 2617 5074 ut
2658 5020 2898 5091 singulas
2940 5020 3194 5081 familias,
3221 5019 3463 5088 singulas

1906 5114 2114 5177 domos,
2145 5113 2215 5168 ob
2246 5113 2568 5183 probitatem
2606 5112 3050 5177 inhabitantium,
3077 5125 3369 5181 precesque
3394 5110 3465 5165 ad

1907 5370 2129 5435 habent,
2170 5369 2452 5424 καὶταῦτα
2484 5370 2583 5439 μὲν
2615 5371 2643 5421 ὁ
2677 5365 3070 5439 Κωνστάντιος,
3103 5374 3221 5429 qua:
3250 5373 3368 5412 cum
3400 5357 3456 5411 in

1908 5440 2039 5500 Reg.
2074 5443 2265 5502 desint,
2302 5458 2328 5490 a
2364 5436 2611 5494 contextu
2639 5436 3011 5504 expunximus.
3192 5497 3204 5507 _
3229 5497 3241 5507 _
3308 5495 3321 5507 ο

1978 5497 2053 5577 (7)
2082 5497 2418 5578 Βρεηγοῦν.
2472 5508 2599 5573 Qua:
2646 5497 2807 5578 mox_
2825 5497 3354 5578 seqttttntttr_vi_desis
3396 5510 3452 5551 tn

1908 5567 2059 5645 Αρόί.
2086 5567 2264 5634 contra
2283 5567 2534 5632 'Arianos.
2567 5590 2711 5627 num.
2741 5572 2829 5636 57,
2867 5567 2952 5626 ubi
2985 5568 3173 5627 SYnodi
3200 5567 3452 5623 Hieroso-

1908 5649 2178 5720 lytuitanze
2206 5647 2660 5720 epistola-legitur:

1980 5718 2051 5789 (8)
2084 5706 2310 5789 Aeacius
2364 5706 2581 5789 scilicet.
2617 5710 2963 5789 Caesariensis
3018 5706 3451 5789 et__l’atropltilus

1907 5778 2374 5853 cht'bopolitanus
2414 5780 2734 5853 excipiendi.
2778 5778 2902 5834 Viae
2922 5796 3043 5849 pag.
3077 5778 3198 5835 l33.

1971 5856 2044 5926 (9)
2075 5850 2269 5925 Regius
2297 5854 2489 5918 codex,
2513 5850 2760 5905 ἑκάστου.
