3980 6514
246 439 349 494 7‘25

1195 442 1524 498 HISTORIA
1563 445 1972 501 ARIANORUM
2015 450 2104 502 AD
2144 451 2528 510 MONACHOS.

3369 454 3473 512 726

250 552 465 625 ρονόμοι
493 551 597 622 τῆς
621 551 841 625 γνώμης
856 555 950 608 καὶ
969 555 1068 626 τῆς
1089 555 1341 621 ἀσεϐείας
1362 556 1468 611 τῶν
1492 575 1556 610 πε
1565 556 1619 627 pl.
1642 557 1812 609 Εὐσέ-

1926 560 2315 632 impietatisque
2351 565 2596 630 Eusebii,
2632 563 2890 624 Leontius
2945 576 3237 634 castratus,
3287 571 3378 639 qui
3409 585 3476 624 ne

245 643 379 706 ϐιον,
407 642 656 706 Λεόντιος
674 645 702 697 ό
717 644 1008 710 ἀπόκοπος,
1026 647 1084 700 ὃν
1112 647 1228 700 οὐδὲ
1245 646 1319 710 ὡς
1337 647 1522 700 λαῖκδν
1536 649 1808 701 κοινωνεῖν

246 735 433 807 ἐχρῆν,
454 735 588 788 διότι
617 736 804 790 ἑαυτὸν
841 739 1113 809 ἀπέκοψεν
1142 741 1278 811 ὑπὲρ
1299 739 1390 794 τοῦ
1427 740 1542 810 μετ’
1565 738 1812 803 ἐξουσίας

245 826 427 879 λοιπὸν
454 827 747 897 κοιμᾶσθαι
779 829 914 899 μετά
942 831 1227 884 Εὑστολίου
1247 832 1408 894 τινὸς,
1433 833 1688 900 γυναικὸς
1715 831 1812 903 μὲν

245 916 309 970 δι’
340 917 526 983 αὐτὸν,
557 918 854 992 λεγομένης
888 921 946 974 δὲ
983 921 1280 993 παρθένου·
1321 922 1590 994 Γεὼργιός
1625 941 1682 977 τε
1718 923 1812 976 καὶ

257 1009 531 1073 ’Δαάκιος,
569 1013 662 1064 καὶ
687 1011 977 1083 Θεόδωρος,
1032 1015 1125 1066 καὶ
1149 1013 1480 1086 Νάρκισσος,
1510 1017 1706 1079 οἵτινες
1723 1017 1815 1069 καὶ

245 1101 300 1152 ἐν
336 1103 402 1172 τῇ
432 1101 634 1172 συνόδῳ
649 1103 1049 1176 καθῃρέθησαν,
1076 1107 1325 1175 μεγάλως
1349 1108 1663 1178 ᾐσχύνοντο.
1683 1103 1816 1163 Εἶτα

246 1193 534 1264 βλέποντες
566 1196 664 1266 τὴν
699 1195 808 1265 (16)
856 1196 992 1266 πρὸς
1031 1195 1343 1251 Ἀθανάσιον
1375 1197 1482 1252 τῶν
1505 1199 1816 1252 ἐπισκόπων

246 1286 564 1355 συμφωνίαν
590 1303 649 1338 τε
676 1287 768 1339 καὶ
801 1287 1044 1358 εἰρήνην,
1061 1288 1275 1352 πλείους
1293 1289 1350 1341 δὲ
1376 1285 1516 1360 ἦσαν
1534 1296 1602 1352 υ’,
1627 1291 1733 1344 ἀπό
1755 1307 1815 1343 τε

245 1377 340 1447 τῆς
384 1378 632 1450 μεγάλης
672 1377 888 1450 Ῥώμης
944 1380 1038 1432 καὶ
1065 1380 1167 1451 τῆς
1204 1381 1431 1444 Ἰταλίας
1461 1384 1673 1453 πάσης,
1703 1387 1819 1437 Κα-

244 1473 469 1547 λαϐρίας
509 1492 569 1528 τε
604 1475 698 1528 καὶ
743 1474 1028 1539 Ἀπουλίας
1061 1475 1153 1528 καὶ
1187 1477 1535 1546 Καμπανίας,
1560 1477 1819 1548 Βρεττίας

245 1567 443 1620 τεοκαὶ
479 1565 763 1629 Σικελίας,
811 1565 1092 1636 Σαρδινίας
1137 1584 1196 1619 τε
1264 1566 1359 1620 καὶ
1398 1568 1672 1639 Κορσικῆς
1726 1573 1820 1624 καὶ

245 1655 423 1725 πάσης
454 1655 553 1726 τῆς
589 1654 848 1732 Ἀφρικῆς
865 1670 880 1686 ο
913 1654 1036 1718 τούς
1056 1672 1112 1708 τε
1135 1655 1241 1710 ἀπὸ
1267 1655 1525 1722 Γαλλιῶν,
1549 1658 1642 1732 καὶ
1663 1659 1820 1729 Βρετ-

243 1749 451 1812 τανίας,
488 1749 583 1801 καὶ
614 1727 883 1813 Σπανιῶν,
921 1748 1056 1819 μετά
1087 1750 1181 1802 τοῦ
1218 1750 1451 1820 μεγάλου
1494 1727 1589 1804 xui.
1627 1727 1817 1822 ὁμολοι-

243 1839 410 1911 γητοῦ
456 1840 635 1894 Ὀσίου
657 1857 671 1870 ·
706 1840 895 1895 ἔπειτα
929 1841 1056 1904 τοὺς
1087 1841 1195 1894 ἀπὸ
1220 1843 1327 1895 τῶν
1357 1843 1661 1897 Παννονίων
1680 1885 1695 1908 ,
1726 1845 1819 1896 κα)⁹

1912 653 2033 707 laici
2063 656 2280 724 quidem
2314 659 2530 712 nomine
2554 659 2620 713 ad
2653 663 3085 716 communionem
3113 661 3476 718 admittendus

1913 755 2054 808 erat,
2096 748 2236 814 quod
2286 763 2410 804 sese
2459 751 2576 819 ipse
2630 760 2948 816 castrasset,
2981 762 3040 807 ιιι
3076 753 3178 808 sibi
3223 753 3479 822 deinceps

1928 837 2081 904 cupia
2117 838 2253 892 foret
2278 840 2579 894 dormiendi
2615 857 2737 895 cum
2770 842 3001 912 quadam
3053 842 3317 908 Eustolio,
3345 845 3480 911 'qua:

1914 942 2036 980 cum
2075 930 2270 983 mulier
2309 932 2424 1001 ejus
2453 948 2615 1001 opera
2644 944 2810 999 esset,
2852 936 3002 1005 virgo
3046 949 3220 992 tamen
3249 935 3483 995 vocaba-

1916 1028 2039 1074 tur:
2071 1019 2332 1092 Georgius
2361 1026 2512 1091 item,
2540 1029 2788 1094 Aeacius,
2831 1027 3146 1083 Theodorus
3172 1039 3227 1085 et
3263 1028 3481 1084 Narcis-

1916 1128 2030 1173 sus,
2064 1115 2152 1180 qui
2181 1117 2409 1181 depositi
2446 1118 2499 1170 in
2535 1122 2744 1188 synodo
2802 1120 3018 1174 fuerant
3052 1163 3065 1188 ,
3097 1121 3322 1192 'ingenti
3353 1129 3480 1177 sunt

1916 1202 2126 1273 pudore
2166 1203 2376 1260 suffusi.
2429 1208 2633 1263 Deinde
2672 1226 2792 1264 cum
2829 1211 3320 1267 animadverterent
3357 1226 3480 1266 eum

1917 1295 2219 1350 Athanasio
2249 1302 2600 1354 concordiam
2629 1311 2677 1354 et
2713 1317 2896 1371 pacem
2937 1318 3158 1357 servare
3195 1303 3482 1373 episcopos

1919 1385 2205 1456 plusquam
2251 1389 2700 1460 quadringentos,
2749 1408 2815 1447 ex
2863 1393 3025 1463 285
3057 1409 3250 1463 magna
3289 1393 3478 1458 Roma,

1919 1492 1987 1531 ex
2041 1479 2294 1533 universa
2343 1480 2516 1546 Italia,
2569 1483 2839 1550 Calabria,
2886 1486 3097 1554 Apulia,
3150 1485 3480 1555 Campania,

1920 1569 2151 1636 Bruttia,
2182 1570 2390 1638 Sicilia,
2431 1573 2701 1639 Sardinia,
2727 1575 2971 1641 Corsica,
3001 1593 3063 1632 ex
3118 1587 3227 1631 tota
3269 1577 3473 1644 Africa,

1919 1677 1985 1716 ex
2019 1663 2231 1727 Galliis,
2267 1679 2332 1718 ex
2369 1665 2673 1728 Britannia,
2699 1682 2765 1719 ex
2808 1665 3098 1735 Hispaniis,
3145 1682 3263 1722 eum
3294 1683 3486 1736 magno

1919 1768 1973 1810 et
2008 1755 2320 1810 conl'essore
2340 1755 2500 1810 llosio
2525 1773 2538 1808 :
2573 1757 2851 1826 episcopos
2877 1758 3040 1812 etiam
3064 1758 3485 1828 Pannoniarum,

1921 1846 2126 1911 Norici,
2163 1847 2372 1913 Sisciae,
2413 1847 2709 1912 Dalmatiae,
2745 1848 3260 1914 Dardaniaa.Dacite,
3285 1849 3486 1920 Mysiae,

243 1907 533 2003 Νωρικοῦ,
577 1931 669 1984 καὶ
721 1930 975 1995 Σισκίας,
1023 1932 1330 2003 Δαλματίας
1373 1951 1432 1987 τε
1479 1936 1571 1988 καὶ
1611 1936 1815 2008 Δαρδα-

1926 1939 2272 2004 Macedoniae,
2327 1938 2646 2003 Thessaliae,
2691 1943 2964 2010 totiusque
3000 1942 3246 2006 Achaiae,
3291 1907 3486 2008 Creta,

243 2022 360 2085 νίας
390 2022 525 2092 (17),
557 2023 755 2085 Δακίας
786 2040 843 2075 τε
883 2024 977 2076 καὶ
1013 2025 1258 2087 Μυσίας,
1306 2026 1663 2091 Μακεδονίας,
1689 2027 1822 2080 Θεσ-

245 2113 467 2178 σαλίας,
510 2113 603 2166 κα)⁵
641 2115 820 2186 πάσης
860 2115 958 2185 τῆς
987 2114 1096 2186 (18)
1150 2119 1399 2188 Ἀχαΐας,
1440 2118 1533 2171 καὶ
1575 2119 1818 2190 Κρήτης,

244 2205 470 2278 Κύπρου
501 2223 560 2260 τε
610 2209 702 2262 καὶ
746 2210 984 2275 Λυκίας,
1040 2210 1136 2264 καὶ
1183 2210 1468 2273 πλείστους
1500 2210 1598 2280 τῆς
1629 2211 1822 2262 Παλαι-

244 2296 426 2366 στίνης
491 2314 552 2350 τε
592 2299 698 2350 ,καὶ
732 2299 1034 2370 Ἱσαυρίας,
1066 2300 1337 2369 Αἰγύπτου
1359 2342 1372 2366 ,
1414 2301 1508 2353 καὶ
1538 2300 1819 2371 Θηϐαΐδος,

245 2390 336 2444 καὶ
382 2391 565 2462 πάσης
605 2391 828 2464 Λιϐύης,
863 2393 957 2446 καὶ
1008 2392 1427 2456 Πενταπόλεως·
1478 2393 1650 2446 ταῦτα
1700 2392 1820 2461 βλέ-

245 2497 434 2546 ποντες
481 2483 711 2548 ἐκεῖνοι,
772 2484 950 2555 φθόνῳ
1016 2485 1107 2538 καὶ
1173 2484 1321 2554 φόϐῳ
1394 2484 1818 2555 συνεσχέθησαν·

245 2574 420 2644 φθόνῳ
453 2575 552 2646 μὲν
576 2575 664 2629 διὰ
703 2577 800 2648 τὴν
843 2577 1110 2632 τοσούτων
1166 2576 1446 2631 κοινωνίαν
1485 2577 1624 2643 (19),
1673 2576 1822 2648 φόϐῳ

242 2653 307 2718 δὲ’
332 2666 408 2736 μὴ
464 2666 514 2718 οἱ
562 2668 694 2736 παρ’
748 2666 922 2718 αὐτῶν
963 2665 1330 2736 ἀπατηθέντες
1375 2665 1711 2737 προπεθῶσι
1752 2670 1818 2738 τῇ

243 2757 350 2810 τῶν
376 2757 645 2810 τοσούτων
676 2757 966 2828 δμοψυχία,
998 2759 1092 2812 καὶ
1129 2757 1312 2810 λοιπὸν
1341 2759 1374 2828 ἡ
1409 2758 1616 2829 αἵρεσις
1643 2757 1821 2811 αὐτῶν

244 2849 836 2920 παριδειγματισθεῖσα
861 2848 1196 2920 θριαμϐευθῇ
1226 2850 1318 2902 καὶ
1347 2837 1660 2920 στηλιτευθῇ
1694 2867 1824 2902 παν-

245 2957 430 3009 ταχου.

310 3027 396 3081 29.
425 3027 648 3100 Πρῶτον
681 3028 779 3097 μὲν
799 3029 924 3093 τοὺς
943 3030 1070 3100 περὶ
1086 3016 1384 3101 Ούρσάκιον
1410 3030 1504 3082 καὶ
1526 3029 1813 3098 Οὐάλεντα,

191 3137 200 3146 ·
244 3119 316 3182 ὡς
342 3120 468 3182 τοὺς
488 3119 658 3183 κύνας
699 3120 1082 3190 μεταπείθουσι
1116 3121 1580 3191 μεταϐάλλεσθαι,
1613 3121 1707 3173 καὶ
1741 3121 1819 3182 εἰς

243 3213 330 3265 τὸν
362 3214 490 3266 ἴδιον
521 3215 712 3282 ἐμετον
743 3213 1093 3285 ἐπιστρέψαι,
1127 3215 1220 3267 καὶ
1250 3213 1326 3276 ὡς
1353 3214 1478 3276 τοὺς
1501 3212 1714 3284 χοίρους
1741 3213 1820 3273 είς
1847 3245 1890 3303 c

245 3306 330 3358 τὸν
341 3306 603 3377 πρότερον
624 3305 878 3377 βόρϐορον
899 3307 996 3376 τῆς
1013 3306 1263 3369 ἀσεϐείας
1290 3306 1450 3359 πάλιν
1483 3305 1819 3374 κυλισθῆναι,

247 3397 512 3468 πρόφασίν
548 3414 604 3449 τε
632 3397 730 3466 τῆς
755 3398 1036 3468 μετανοίας
1061 3397 1362 3450 πλάσασθαι
1385 3437 1399 3460 ,
1447 3397 1522 3459 ὡς
1549 3395 1636 3448 διὰ
1662 3393 1824 3464 φόϐον

246 3489 334 3542 τοῦ
360 3491 778 3543 θεοσεϐεστάτου
810 3489 1163 3552 Κώνσταν-ξος
1196 3485 1304 3542 εἷεν
1346 3488 1502 3542 τοῦτο
1533 3488 1827 3557 πεποιηκό-

247 3598 358 3645 τες’
391 3582 587 3644 καίτοι,
617 3584 665 3634 εί
707 3582 800 3634 καὶ
837 3581 997 3650 φόϐος
1018 3577 1084 3651 ῆν
1105 3621 1118 3644 ,
1154 3580 1266 3634 ἀλλ’
1304 3581 1404 3632 οὐκ
1435 3580 1599 3650 ἐχρῆν
1621 3619 1635 3642 ,
1671 3579 1825 3649 εἴπερ

247 3674 509 3746 ὲθάῥρουν
558 3669 641 3737 οἷς
693 3672 935 3746 ἔπραξαν
955 3714 968 3735 ,
1000 3673 1263 3744 προδότας
1292 3672 1493 3725 τούτων
1522 3670 1821 3739 γίγνεσθαι.

247 3767 371 3820 Ὀτε
405 3766 462 3818 δέ
493 3765 614 3818 οὐδὲ
648 3766 827 3834 φόϐος,
862 3765 976 3818 ἀλλ’
1018 3764 1333 3834 ἐψεύδοντο,
1381 3763 1496 3826 πῶς
1545 3763 1644 3814 οὐκ
1688 3759 1825 3824 ἄξιοι

247 3859 423 3930 πάσης
465 3857 861 3927 καταγνώσεως
903 3860 1073 3922 είσιν;
1133 3855 1270 3909 Ούτε
1333 3855 1440 3925 γὰρ
1499 3850 1823 3924 στρατιώτου

248 3954 530 4024 παρόντος,
557 3952 618 4004 ού
647 3950 950 4003 παλατινῶν
970 3991 984 4010 ,
1019 3949 1051 4018 ἢ
1095 3949 1356 4018 νοταρίων
1393 3945 1823 4006 ἀποσταλέντων,

245 4047 399 4096 ὁποῖα
433 4039 528 4096 νύν
554 4041 708 4094 αὐτοὶ
741 4041 1004 4104 ποιοῦσιν,
1035 4039 1147 4092 ἀλλ’
1174 4039 1293 4091 οὐδὲ
1339 4037 1598 4107 βασιλέως
1636 4035 1829 4106 παρόν·

244 4152 349 4197 τος,
381 4133 504 4186 οὐδὲ
533 4133 670 4194 ὅλως
701 4130 988 4201 κληθέντες
1024 4128 1174 4200 παρά
1215 4144 1357 4190 τινος
1393 4125 1664 4196 ἔγραψαν·
1712 4123 1824 4176 ἀλλ’

244 4226 394 4282 αὐτοὶ
429 4224 678 4286 θέλοντες
712 4222 938 4292 ἀνῆλθον
975 4223 1055 4285 εἰς
1110 4219 1207 4290 τὴν
1251 4217 1501 4290 Ῥώμην,
1549 4217 1642 4270 καὶ
1675 4217 1730 4269 ἐν
1759 4219 1824 4287 τῇ

244 4318 542 4389 ἐκκλησίᾳ,
571 4316 699 4368 ἔνθα
729 4315 888 4383 φόϐος
926 4315 1023 4384 μὲν
1060 4313 1256 4379 ἔξωθεν
1306 4311 1404 4364 οὐκ
1450 4305 1550 4380 ῆν,
1585 4309 1740 4380 μόνος
1771 4309 1827 4361 δὲ

245 4410 386 4463 ότοῦ
420 4408 554 4461 Θεοῦ
583 4406 742 4476 φόϐος
771 4406 916 4468 ἐστὶ,
961 4404 1056 4457 καὶ
1099 4402 1386 4473 ἐλευθέραν
1434 4402 1662 4462 ἕκαστος
1714 4398 1825 4469 ἕχει

247 4503 342 4574 τὴν
371 4500 718 4571 προαίρεσιν,
747 4499 812 4550 δι’
847 4497 1052 4549 ἑαυτῶν
1085 4495 1410 4566 μετενόησαν
1441 4494 1535 4546 καὶ
1561 4492 1824 4576 ἔγραψαν.

1921 2034 2082 2101 Cypri
2115 2042 2169 2086 et
2195 2030 2392 2100 Lycize,
2429 2031 2693 2100 plurimos
2720 2032 2849 2084 item
2892 2032 3212 2094 Palmstinae,
3248 2030 3486 2097 Isauriae,

1926 2122 2175 2194 Egypti,
2203 2121 2522 2186 Thebaidis,
2580 2122 2746 2176 totius
2778 2121 2980 2192 Libyae,
3021 2131 3079 2177 et
3113 2121 3484 2192 Pentapoleos.

1932 2213 2077 2277 Haec,
2105 2214 2350 2282 inquam,
2384 2228 2505 2266 cum
2554 2213 2802 2267 viderent
2848 2213 2948 2272 illi,
3009 2212 3208 2266 invidia
3244 2228 3310 2265 ac
3341 2221 3486 2265 metu

1924 2305 2157 2372 correpti
2212 2315 2341 2358 sunt
2380 2302 2646 2367 :invidia,
2703 2303 2847 2370 quod
2911 2312 3018 2355 tam
3063 2301 3216 2354 multi
3249 2301 3489 2368 tantique

1921 2396 2160 2467 episcopi
2197 2411 2318 2449 cum
2355 2394 2447 2448 illo
2477 2393 2943 2448 communicarent
2973 2409 2989 2458 ;
3037 2400 3206 2454 metu,
3242 2405 3311 2444 ne
3339 2390 3487 2458 quia

1922 2506 1981 2546 se
2028 2489 2243 2559 decepti
2298 2487 2536 2551 fuerant,
2587 2496 2751 2541 tanta:
2804 2495 3022 2553 tamque
3048 2485 3302 2540 concordi
3343 2486 3486 2539 mul-

1925 2581 2138 2636 titudini
2187 2593 2310 2635 sese
2357 2575 2722 2646 adiungerent
2758 2595 2773 2631 :
2830 2592 2962 2631 neve
2996 2577 3048 2630 in
3085 2588 3356 2648 posterum
3390 2593 3488 2633 sua

1924 2675 2149 2728 limresis
2185 2670 2447 2725 infamata
2490 2669 2643 2739 quasi
2701 2669 2756 2724 in
2799 2669 3127 2738 triumphum
3157 2670 3354 2738 ubique
3393 2671 3492 2726 duo

1921 2777 2157 2822 CCI‘CIUI‘.

1993 3028 2086 3084 29.
2126 3027 2310 3084 Primo
2333 3027 2550 3098 quidem
2578 3024 2806 3080 Ursacio
2837 3032 2891 3079 et
2916 3024 3124 3079 Valenti
3165 3023 3494 3093 persuadent

1921 3132 1979 3177 ut
2010 3131 2216 3177 mutata
2249 3119 2540 3184 sententia,
2574 3118 2730 3189 quasi
2788 3130 2950 3170 canes
2978 3117 3041 3168 ad
3079 3100 3352 3182 proprium
3392 3129 3492 3167 vo-

1924 3217 2116 3270 mitum
2143 3223 2488 3270 revertantur
2519 3214 2588 3278 ”,
2611 3221 2666 3266 et
2693 3220 2944 3278 tanquam
2983 3208 3130 3275 porci
3170 3207 3220 3260 iu
3265 3207 3495 3275 pristino

1923 3307 2222 3376 impietatis
2242 3306 2355 3359 luto
2373 3303 2703 3365 volutentur,
2731 3316 2792 3354 ac
2837 3300 3173 3362 simulantes,
3207 3297 3346 3350 hanc
3383 3311 3495 3365 ρων

1924 3397 2164 3451 nitentize
2188 3411 2296 3451 suae
2319 3409 2536 3449 causam
2564 3391 3046 3447 comminiscantnr
3065 3427 3079 3451 ,
3115 3389 3254 3457 quod
3285 3387 3493 3445 scilicet

1925 3486 2153 3557 piissimi
2192 3485 2502 3540 Constantis
2528 3482 2813 3536 formidine
2840 3480 2907 3534 ad
2945 3479 2996 3532 id
3042 3477 3304 3545 agendum
3345 3491 3492 3532 com-

1922 3579 2065 3648 pulsi
2097 3588 2299 3633 essent.
2333 3576 2523 3645 Atqui,
2559 3574 2664 3630 etsi
2691 3572 2995 3628 formidinis
3024 3586 3184 3626 causa
3203 3577 3353 3635 erat,
3381 3583 3491 3622 non

1925 3673 2105 3728 decuit
2128 3682 2296 3736 certe,
2329 3672 2374 3726 si
2416 3681 2592 3724 tamen
2625 3667 2794 3738 gestis
2823 3667 2936 3721 suis
2970 3662 3335 3726 conﬁdissent,
3374 3660 3489 3714 illo-

1926 3783 2043 3822 rum
2073 3766 2378 3834 proditores
2401 3778 2538 3818 csse.
2565 3765 2635 3815 At
2660 3757 3089 3829 quandoquidem
3116 3767 3288 3810 metus
3313 3752 3490 3806 nullus

1926 3859 2045 3922 fuit,
2076 3857 2188 3927 qui,
2231 3871 2436 3925 qumso,
2462 3869 2567 3908 non
2593 3851 2739 3906 omni
2784 3848 3128 3903 damnatione
3158 3845 3300 3915 digni
3330 3842 3492 3898 sunt?

1924 3947 2081 4002 Nullo
2109 3947 2306 4015 quippe
2337 3945 2509 3998 milite
2533 3950 2817 4012 prmseute,
2844 3938 3004 3993 nullis
3037 3936 3218 3990 missis
3245 3933 3494 4004 palatinis

1926 4037 2010 4093 vel
2042 4037 2288 4100 notariis,
2324 4044 2384 4089 ut
2413 4035 2523 4104 jam
2551 4032 2628 4086 illi
2662 4041 2861 4102 agunt,
2893 4044 2996 4082 non
3049 4041 3228 4082 coram
3260 4024 3496 4092 impera-

1928 4139 2067 4194 tore,
2099 4146 2127 4182 a
2159 4129 2415 4195 nulloque
2442 4126 2598 4178 acciti
2625 4125 2738 4176 haec
2762 4121 3058 4188 scripsere;
3088 4119 3179 4173 sed
3209 4117 3348 4170 ultro
3390 4113 3490 4182 ipsi

1929 4221 2155 4273 Romam
2201 4217 2429 4288 profecti
2480 4217 2530 4268 in
2581 4213 2809 4268 ecclesia
2839 4251 2853 4273 ,
2893 4211 2983 4263 ubi
3045 4208 3189 4262 nulla
3233 4216 3490 4260 extranea

1928 4310 2179 4372 ,lormido,
2237 4309 2333 4362 sed
2387 4307 2530 4361 solus
2575 4305 2668 4359 Dei
2729 4305 2888 4356 timor
2941 4308 3022 4353 est
3069 4297 3210 4351 :ubi
3269 4296 3491 4350 liberam

1929 4401 2161 4470 quisque
2187 4399 2348 4452 habet
2375 4396 2730 4458 voluntatem,
2769 4407 2863 4446 sua
2896 4400 3087 4460 sponte
3119 4387 3490 4458 paenitentiam

1931 4491 2005 4545 illi
2033 4498 2277 4560 egerunt,
2307 4489 2622 4556 scriptoque
2645 4485 3000 4540 tradiderunt.
3035 4480 3284 4534 Attamen
3307 4479 3492 4532 Ariani

247 4573 355 4645 καὶ
411 4593 561 4662 ὅμως
611 4588 876 4658 Ἀρειανοὶ
916 4586 1164 4656 δεύτερον
1215 4584 1530 4654 γενόμενοι,
1573 4573 1822 4650 τοιαύτην

1936 4584 2128 4637 iterum
2155 4580 2360 4646 elIeCti,
2391 4579 2683 4634 absurdum
2724 4574 2991 4646 ejusmodi
3028 4573 3306 4629 obtentum
3354 4587 3496 4628 com-

246 4683 407 4753 πάλιν
459 4681 678 4753 ἀπρεπῆ
736 4680 1003 4750 πρόφασιν
1065 4676 1480 4746 ἐπινοήσαντες,
1553 4674 1651 4726 οὐκ
1710 4675 1829 4744 ἐρυ-

247 4776 493 4848 θριῶσιν.

315 4868 406 4923 '50.
454 4869 684 4920 Ἔπειτα
717 4868 866 4936 κοινῇ
918 4863 1299 4935 προσελθόντες
1345 4859 1684 4932 παρεκάλουν
1736 4858 1828 4910 τὸν

247 4959 470 5032 βασιλέα
524 4957 917 5018 Κωνστάντιον,
977 4955 1222 5024 λέγοντες
1245 4971 1258 4983 ο
1319 4953 1428 5004 Καὶ
1496 4950 1556 5003 τὸ
1614 4947 1828 5020 πρῶτον

243 5051 542 5119 ἀξιοῦντες,
601 5050 701 5102 οὐκ
759 5047 1189 5116 ὲπιστεύθημενο
1237 5044 1495 5112 ἐλέγομεν
1541 5040 1648 5110 (20)
1698 5039 1824 5110 γὰρ,

244 5143 334 5196 ὅτε
367 5140 721 5213 μετεπέμπου
755 5138 845 5191 τὸν
885 5135 1196 5190 Ἀθανὰσιον
1215 5176 1230 5200 ,
1257 5135 1338 5187 ὅτι
1357 5172 1370 5194 ,
1403 5131 1589 5185 τοῦτον
1627 5147 1829 5202 προκα-

245 5235 527 5305 λούμενος,
561 5233 658 5304 τὴν
683 5230 956 5302 ἡμετέραν
980 5229 1186 5300 αἵρεσιν
1206 5225 1503 5287 ἐκϐάλλεις.
1526 5213 1696 5285 Οὗτος
1723 5220 1831 5292 γὰρ

246 5329 304 5395 ἐξ
325 5327 504 5400 ἀρχῆς
527 5325 649 5378 κατ’
677 5324 846 5394 αὐτῆς
878 5323 1066 5391 γέγονε
1086 5361 1100 5385 ,
1130 5319 1225 5372 καὶ
1264 5319 1324 5371 οὐ
1357 5317 1588 5370 παύεται
1626 5314 1830 5387 ταύτην

317 5463 363 5496 ³³
388 5461 432 5516 ll
465 5460 614 5516 Petr.
647 5474 708 5523 ll,
734 5457 825 5510 22.

321 5597 437 5663 HG)
472 5595 548 5648 Ita
577 5595 690 5659 Reg
739 5603 794 5648 et
826 5594 1010 5654 Basil.,
1036 5596 1136 5664 τήν
1169 5591 1404 5664 deestin
1441 5590 1620 5664 editis.

322 5658 435 5739 (17)
470 5667 562 5719 Sic
588 5658 730 5719 Edit.
770 5658 1104 5739 Barisiensq'
1128 5673 1181 5714 el.
1220 5664 1293 5739 ita
1335 5658 1826 5739 legeqdnttREtiil.

252 5730 468 5794 Cuium.
497 5748 551 5790 et
583 5752 750 5799 mss.,
781 5733 1104 5804 Σαρδανίας,
1131 5733 1422 5804 malemam
1452 5730 1695 5784 Sardinia
1719 5730 1827 5794 jam

253 5825 414 5876 supra
450 5816 752 5876 memorata
783 5801 883 5856 est.
921 5803 1188 5876 Dardania
1223 5816 1352 5854 vero
1393 5801 1520 5876 item
1545 5814 1832 5876 patentiora-

255 5868 339 5938 tur
363 5879 416 5934 in
445 5875 702 5946 Apologia
735 5884 918 5928 contra
950 5872 1197 5937 Arianos,
1231 5886 1378 5928 num.
1419 5871 1519 5926 iet
1544 5868 1634 5925 56.

1933 4674 2144 4729 minisci
2183 4689 2287 4728 non
2318 4673 2666 4727 erubescunt.

1935 4858 1966 4886 τ’
2002 4855 2094 4910 50.
2120 4853 2322 4908 Deinde
2352 4853 2729 4920 imperatorem
2765 4863 2872 4902 una
2911 4859 3100 4902 omnes
3147 4843 3494 4908 conveniunt,

1899 4957 1902 4961 ‘
1936 4949 2125 5017 hisque
2156 4947 2339 5000 verbis
2364 4953 2554 5014 rogant
2587 4959 2601 4996 :
2633 4943 2766 4997 Cum
2810 4941 3040 5010 primunt
3088 4949 3140 4991 te
3181 4937 3496 5006 deprecare-

1934 5055 2074 5103 mur,
2107 5038 2241 5092 ﬁdes
2277 5036 2433 5091 nobis
2465 5036 2645 5090 habita
2675 5049 2781 5088 non
2819 5042 2920 5088 est.
2944 5023 3494 5098 Aiebamushuidem,

1936 5131 2027 5186 ubi
2059 5128 2416 5184 Athanasium
2441 5126 2680 5182 accivisti
2702 5167 2716 5189 ,
2751 5134 2803 5180 te
2835 5133 3072 5180 nostram
3102 5121 3368 5192 expellere
3395 5119 3496 5173 ha:-

1935 5221 2096 5275 resim
2130 5237 2144 5273 :
2176 5219 2244 5274 ab
2272 5219 2426 5275 initio
2465 5219 2663 5290 quippe
2708 5218 2797 5273 ille
2853 5215 3193 5272 adversarius
3222 5210 3336 5278 ejus
3371 5209 3495 5269 fuit,

1935 5328 2096 5383 quam
2132 5329 2236 5367 non
2267 5323 2443 5368 cessat
2473 5313 2815 5367 anathemate
2847 5311 3223 5364 condemnare.
3257 5302 3498 5371 Namque

2005 5585 2117 5650 (18)
2141 5583 2215 5637 lta
2246 5580 2384 5652 Reg.
2415 5580 2658 5652 ln_edit_i_s
2681 5578 2782 5647 τῆς
2819 5577 2988 5652 deest.

2002 5642 2112 5742 (ιθ)
2142 5642 3269 5742 '9item335136993;Emam,5“
3288 5642 3386 5714 τὴν
3409 5659 3497 5698 το·

1934 5716 2140 5779 σούτων
2161 5716 2486 5791 ὀμοψυχίαν,
2510 5718 2741 5791 omissis
2758 5716 3108 5791 intermediis.

2002 5794 2117 5864 (20)
2153 5783 2226 5864 Ιιξι
2262 5783 2394 5864 Reg.
2429 5797 2484 5842 et
2509 5786 2670 5864 βοείη.
2705 5786 2842 5841 Editi
2869 5797 3070 5853 autem,
3094 5783 3348 5855 λέγομεν.
3376 5783 3494 5842 Mox

1932 5857 2063 5935 Reg.
2093 5857 2145 5918 et
2182 5857 2367 5925 Basil.,
2406 5857 2777 5930 μετέπεμπες.
