3980 6494
527 408 632 469 72⁵1

1083 415 1139 468 S.
1180 409 1544 467 Ατιι.ιΝΑειι
1584 409 1736 465 OPP.
1776 404 1958 461 PARS
1994 405 2037 458 ῐ.
2081 432 2148 442 -
2189 396 2553 463 HISTORICA
2591 405 2681 463 ΕΤ
2723 405 3136 465 DOGMATICA.

3666 408 3757 463 ἠδ

529 532 618 585 ille
642 530 821 584 omnia
858 531 1055 599 ubique
1101 533 1214 585 loca
1268 533 1379 587 suis
1436 531 1717 585 adversum
1762 542 1861 580 nos
1889 524 2082 578 litteris

2193 516 2334 586 οὗτος
2355 523 2785 594 ἀναθεματίζων.
2822 525 2993 588 Αὐτὸς
3033 526 3129 595 μὲν
3169 520 3264 579 οὖν
3303 523 3403 593 ἥδη
3442 523 3760 594 πεπλήρωκε

526 622 771 690 implevit
813 640 826 675 :
874 623 1192 692 plurimique
1244 638 1365 679 cum
1396 638 1462 678 eo
1499 620 1877 677 communione
1918 618 2088 687 juncti

529 724 674 767 sunt.
702 712 812 767 lmo
844 729 906 766 ex
944 714 1007 767 iis
1039 714 1128 783 qui
1166 725 1470 767 nostrarum
1502 726 1623 766 esse
1665 711 1895 779 partium
1935 717 2091 776 puta-

528 802 746 865 bantur,
792 803 881 855 alii
927 818 1045 857 sese
1091 804 1199 871 jam
1238 805 1310 858 illi
1367 804 1663 865 sociarnnt,
1716 802 1805 855 alii
1862 801 2087 868 idipsum

528 896 701 947 acturi
729 907 851 947 sunt
879 910 893 947 :
925 911 1132 963 nosque
1153 896 1250 949 soli
1280 896 1653 949 remansimus.
1680 892 2091 960 Pcriculnmqne

528 994 609 1040 est
640 1000 705 1039 ne
736 986 1082 1049 dignoscatnr
1115 987 1349 1048 haaresis,
1396 1002 1530 1039 neve
1568 1001 1666 1039 nos
1706 986 1961 1050 deinceps
2008 993 2091 1035 tu-

527 1092 630 1144 que
654 1077 906 1131 similiter
938 1080 1171 1131 lueretiei
1210 1080 1559 1147 appellemur.
1614 1078 1742 1130 Illud
1778 1077 1823 1129 si
1859 1077 2088 1139 accidat,

531 1177 664 1231 tute,
693 1185 895 1237 quaeso,
927 1172 1109 1223 videas
1138 1185 1202 1223 ne
1222 1186 1343 1225 cum
1367 1170 1672 1223 Maniehzeis
1698 1176 2085 1238 computemnr.

528 1264 642 1329 Age
675 1260 855 1327 itaque
876 1303 890 1326 ,
918 1264 1348 1331 pcrsecotionem
1374 1262 1548 1315 denuo
1570 1261 1764 1327 incipe,
1796 1262 2093 1329 ltzeresique

529 1354 873 1421 patrocinare
910 1372 923 1406 :
953 1371 1074 1406 nam
1122 1369 1173 1408 te
1214 1354 1301 1407 illa
1338 1370 1554 1422 quoque
1586 1354 1963 1420 imperatorem
1995 1353 2090 1405 ha-

526 1443 636 1497 bet.
667 1444 790 1499 llmc
816 1447 926 1515 ipsa
960 1457 1115 1500 erant
1140 1446 1359 1501 subdola
1388 1461 1574 1499 eorum
1616 1447 1803 1500 verba.
1837 1444 1927 1497 llle
1963 1459 2090 1498 vero

527 1550 651 1588 cum
714 1548 905 1591 contra
957 1537 1318 1606 Magnentium
1376 1552 1669 1606 properans
1718 1536 2089 1602 pertransiret,

526 1639 812 1696 conspecta
837 1631 1208 1697 episcoporum
1233 1646 1351 1681 enm
1373 1628 1666 1681 Athanasio
1691 1628 2089 1691 communione,

526 1720 679 1787 quasi
745 1721 868 1789 igne
926 1720 1317 1785 inﬂammatus,
1359 1721 1677 1773 sententiam
1719 1719 2089 1783 commutavit,

524 1812 1065 1880 juramentornmqne
1094 1814 1375 1865 immemor
1396 1852 1411 1870 .
1449 1826 1669 1865 suorum
1699 1826 1913 1879 quoque
1956 1811 2092 1864 scri-

2191 614 2258 666 τά
2285 614 2556 684 πανταχοῦ
2586 616 2809 685 γράφων
2835 614 2955 669 καθ’
2982 614 3135 685 ἡμῶν
3156 634 3169 646 ·
3207 616 3302 668 καὶ
3330 616 3376 667 οἱ
3401 615 3502 683 μὲν
3534 615 3761 673 πλεῖστοι

2189 707 2286 777 τὴν
2322 707 2438 776 μετ’
2469 707 2630 760 αὑτοῦ
2662 709 2941 761 κοινωνίαν
2961 708 3139 778 ἔχουσι
3162 725 3175 738 ·
3220 707 3330 759 τῶν
3362 706 3417 759 δὲ
3463 706 3557 759 καὶ
3590 708 3762 772 δοξάν-

2191 818 2295 852 των
2328 800 2444 870 μεθ’
2475 804 2506 870 ἡ
2518 802 2632 868 μῶν
2674 797 2812 853 εἶναι
2842 802 2891 852 oi
2928 801 3025 870 μὲν
3060 799 3466 870 προσετέθησαν
3506 799 3687 869 αὔτῷ,
3719 801 3761 853 oi

2189 890 2245 943 δὲ
2279 890 2559 961 μέλλουσιν
2580 908 2593 920 ·
2626 893 2784 961 ἡμεῖς
2812 890 2865 943 δὲ
2898 889 3189 959 ἐμείναμεν
3230 888 3400 958 μόνοι.
3446 888 3557 941 Καὶ
3613 888 3761 956 φόϐος

2194 984 2267 1053 μὴ
2302 984 2393 1035 καὶ
2430 985 2461 1053 ἡ
2496 983 2701 1053 αἵρεσις
2738 982 2987 1051 γνωσθῇ,
3032 983 3123 1034 καὶ
3164 980 3348 1033 λοιπὸν
3377 982 3537 1050 ἡμεῖς
3580 982 3673 1034 καὶ
3705 982 3760 1033 σὺ

2191 1093 2293 1145 χρη
2304 1074 2611 1145 ματίσωμεν
2640 1072 2898 1143 αἱρετικοί
2917 1090 2929 1103 ·
2960 1072 3062 1125 κᾶν
3102 1072 3262 1124 τοῦτο
3299 1073 3522 1143 γένηται
3542 1112 3556 1134 ,
3584 1073 3762 1126 σκόπει

2195 1165 2269 1237 μὴ
2319 1166 2457 1235 μετά
2490 1164 2804 1234 Μανιχαίων
2852 1163 3206 1234 λογισθώμεν.
3243 1163 3439 1235 Ἀρξαι
3490 1165 3652 1216 πάλιν
3680 1159 3761 1217 οὖν

2191 1258 2425 1320 διώκειν,
2484 1258 2577 1309 καὶ
2631 1257 2838 1327 πρόστα
2887 1255 2984 1323 τῆς
3051 1255 3340 1325 αἱρέσεως·
3394 1255 3491 1307 καὶ.
3539 1254 3649 1325 γὰρ
3679 1256 3762 1309 καὶ

2192 1346 2328 1417 αὕτη
2364 1346 2421 1399 σὲ
2454 1345 2673 1415 βασιλέα
2724 1345 2857 1414 ἔχει.
2888 1344 3118 1396 Τοιαῦτα
3179 1344 3277 1413 μὲν
3317 1340 3409 1396 οὖν
3452 1340 3522 1414 ἧν
3569 1344 3763 1397 τούτων

2190 1440 2257 1491 τὰ
2290 1440 2386 1507 τῆς
2419 1438 2743 1508 πανουργίας
2777 1440 3013 1509 ῥήματα.
3053 1439 3163 1490 Καὶ
3198 1436 3361 1497 αὐτὸς
3403 1434 3460 1487 δὲ
3501 1436 3764 1505 διερχόμε-

2191 1547 2278 1593 νος
2298 1570 2311 1591 ,
2346 1531 2433 1582 ὅτε
2463 1528 2594 1599 πρὸς
2626 1528 2957 1595 Μαγνέντιον
2991 1527 3214 1579 ἔσπευδε
3236 1567 3249 1589 ,
3281 1527 3375 1579 xa.i.
3427 1526 3640 1595 βλέπων
3672 1527 3763 1597 τὴν

2194 1618 2327 1690 πρὸς
2373 1618 2685 1670 Ἀθανάσιον
2714 1616 2822 1669 τῶν
2857 1618 3165 1669 ἐπισκόπων
3196 1616 3516 1678 κοινωνίαν,
3554 1615 3631 1678 ὡς
3667 1616 3762 1669 ὑπὸ

2194 1710 2363 1779 πυρὸς
2396 1708 2654 1777 άναφθεὶς
2688 1708 3040 1778 μετεϐάλλετο
3077 1707 3174 1777 τὴν
3214 1705 3474 1777 γνώμην,
3514 1706 3610 1761 καλ⁵
3650 1706 3763 1761 οὔτε

2192 1803 2297 1853 τῶν
2325 1802 2499 1871 ὅρκων
2520 1800 2920 1870 ἐμνημόνευσεν
2939 1839 2953 1861 ,
2986 1799 3121 1853 ἀλλὰ
3162 1800 3253 1852 καὶ
3282 1793 3356 1852 ὦν
3391 1799 3629 1870 ἔγραψεν
3675 1801 3764 1851 ἐπ-

529 1909 737 1968 ptornm
777 1903 970 1955 oblitus
1019 1915 1119 1963 est,
1178 1902 1340 1957 debiti
1400 1902 1523 1955 item
1586 1902 1738 1955 fratri
1790 1920 1887 1954 suo
1929 1903 2086 1957 ollicii

2194 1894 2434 1956 ελάθετο,
2452 1893 2665 1945 καὶτῶν
2695 1892 2829 1963 πρὸς
2856 1892 2943 1944 τὸν
2972 1892 3197 1959 ἀδελφὸν
3229 1892 3581 1962 καθηκόντων
3604 1889 3763 1959 ἀγνώ-

528 1993 772 2061 ingratus
807 1994 894 2047 ille
936 1995 1248 2047 recordatus
1308 2010 1411 2046 non
1462 2005 1564 2046 est.
1595 1992 1727 2047 Nam
1780 1994 1829 2046 in
1872 1995 1983 2047 suis
2022 1996 2087 2048 ad

527 2099 647 2138 cum
683 2084 874 2137 litteris
899 2125 913 2147 ,
944 2096 996 2139 et
1021 2102 1142 2139 eum
1198 2088 1553 2139 Athanasium
1592 2088 1899 2155 conspexit,
1938 2087 2091 2155 jura-

527 2182 707 2226 menlo
732 2172 1035 2235 afﬁrmavit,
1059 2191 1176 2228 sese
1209 2177 1339 2229 nihil
1365 2190 1629 2235 acturum,
1650 2192 1807 2244 quam
1827 2178 1967 2243 quod
1992 2194 2088 2243 po-

528 2264 652 2328 pulo
681 2277 735 2316 et
758 2266 1011 2335 episcopo
1041 2267 1093 2319 iu
1129 2269 1323 2336 optatis
1352 2278 1513 2323 esset.
1549 2270 1652 2321 Sed
1704 2269 1937 2321 studium
1960 2285 2089 2337 erga

528 2352 853 2420 impietatem
916 2358 1158 2409 omnium
1214 2358 1539 2411 oblivionem
1614 2358 1855 2412 adduxit.
1909 2359 2091 2427 Neque

530 2445 721 2495 mirum
752 2446 794 2498 si
869 2456 987 2515 post
1031 2457 1135 2500 tam
1187 2449 1380 2502 multas
1432 2451 1659 2518 scriptas
1710 2450 1948 2513 litteras,
1982 2460 2089 2504 tam

529 2535 692 2587 nmlta
737 2536 858 2588 data
906 2537 1213 2606 juramenta
1242 2579 1256 2602 ,
1300 2550 1533 2593 nmtatus
1579 2542 1649 2594 sit
1688 2541 2035 2595 Constantius
2074 2558 2087 2593 :

532 2641 655 2678 nam
687 2626 773 2680 ille
806 2627 931 2679 ohm
959 2628 1175 2697 [Egypti
1219 2641 1479 2701 tyrannus
1527 2632 1737 2685 Pharao
1782 2632 2092 2703 plerumque

530 2716 827 2782 pollicitus,
858 2728 1018 2786 atque
1046 2721 1225 2791 286.
1248 2722 1371 2775 hinc
1412 2737 1689 2791 ptenarum
1720 2725 2089 2778 remissionem

530 2820 869 2869 consecutus,
897 2814 1219 2864 sententiam
1249 2815 1509 2875 mutabat,
1537 2813 1705 2869 donec
1731 2817 1943 2870 tandem
1969 2830 2089 2870 cum

527 2896 628 2951 sibi
656 2901 889 2955 consciis
925 2902 1232 2956 hmninihus
1264 2904 1529 2959 interiret.

596 2988 684 3041 3|.
722 2989 893 3057 (Anno
928 2990 1075 3060 555.)
1124 2991 1231 3047 llos
1281 2994 1442 3063 igitur
1492 2998 1545 3049 in
1598 2997 1823 3067 singulis
1870 3001 2092 3055 urbibus

527 3079 592 3130 ad
619 3081 937 3133 sententiam
966 3086 1400 3138 commutandam
1434 3090 1679 3155 adigebat
1714 3109 1727 3143 :
1761 3107 1881 3144 cum
1914 3103 2089 3145 autem

2193 2001 2305 2053 μων
2332 1984 2538 2051 γέγονε.
2575 1982 2684 2034 Καὶ
2720 1980 2825 2051 γὰρ
2854 1980 2947 2033 καὶ
2995 1979 3140 2050 αὐτῷ
3181 1980 3439 2049 γράφων,
3479 1980 3574 2030 καὶ
3615 1977 3760 2029 Ἀθα-

2190 2076 2369 2129 νάσιον
2392 2070 2681 2145 ἑωρακὼς,
2709 2074 2900 2142 ὅρκους
2933 2072 3127 2124 δέδωκε
3166 2070 3239 2141 μὴ
3290 2069 3462 2133 ἄλλως
3504 2072 3764 2138 ποιήσειν,

2190 2170 2222 2239 ἢ
2256 2170 2328 2230 ὡς
2352 2168 2416 2220 ἂν
2446 2169 2473 2219 ὁ
2509 2166 2631 2228 λαὸς
2668 2165 2952 2234 βούληται,
2986 2166 3076 2216 καὶ
3106 2162 3182 2231 τῷ
3220 2163 3505 2232 ἐπισκόπῳ
3538 2160 3763 2213 καταθυ-

2195 2262 2331 2331 μίως
2362 2258 2635 2327 τυγχάνοι.
2681 2257 2816 2309 Ἀλλ’
2862 2260 2893 2327 ἡ
2942 2256 3076 2324 πρὸς
3122 2255 3223 2322 τὴν
3258 2253 3513 2306 ἀσέϐειαν
3568 2253 3759 2323 σπουδὴ

2192 2353 2407 2404 πάντων
2454 2350 2663 2419 ἁθρόως
2705 2346 2865 2400 αὑτὸν
2919 2345 3269 2400 ἐπιλαθέσθαι
3321 2336 3640 2415 πεποίηκεν.
3691 2342 3761 2397 Οὐ

2191 2443 2271 2495 δεῖ
2324 2442 2379 2494 δὲ
2429 2439 2724 2511 θαυμάζειν
2758 2440 2806 2492 εί
2856 2438 2991 2509 μετά
3039 2436 3277 2489 τοσαῦτα
3329 2437 3637 2506 γράμματα
3680 2438 3761 2490 καὶ

2191 2534 2471 2596 τοσούτους
2501 2536 2692 2605 ὅρκους
2721 2531 2982 2603 ἠλλοιώθη
3014 2532 3388 2595 Κωνστάντιος
3412 2570 3425 2588 .
3453 2533 3655 2598 ὃπουγε
3680 2534 3762 2583 καὶ

2190 2631 2219 2681 ό
2270 2630 2367 2699 τῆς
2422 2628 2693 2695 Αἰγύπτου
2747 2626 2865 2679 τότε
2909 2626 3167 2694 τύραννος
3222 2623 3455 2697 Φαραὼ,
3513 2624 3761 2685 πολλάκις

2192 2718 2673 2789 ἐπαγγελλόμενος,
2703 2717 2796 2770 καὶ
2828 2715 2914 2768 διὰ
2949 2714 3107 2767 τοῦτο
3125 2714 3420 2788 λαμϐάνων
3454 2712 3564 2765 τῶν
3609 2712 3762 2782 βασά-

2191 2826 2297 2862 νων
2327 2810 2505 2863 ἀνεσιν
2524 2849 2537 2871 ,
2585 2808 2890 2879 μετετίθετο
2911 2847 2925 2869 ,
2959 2807 3061 2869 ἕως
3111 2808 3188 2870 είς
3216 2806 3367 2868 τέλος
3397 2804 3645 2857 ἀπώλετο
3676 2805 3764 2857 σὺν

2193 2902 2373 2965 αὐτοῖς
2395 2905 2502 2963 τοῖς
2524 2902 2717 2970 ὀμονοή
2727 2917 2878 2951 σασιν
2902 2898 3065 2966 αύτῷ.

2262 2994 2349 3046 5i.
2386 2992 2617 3055 Τούτους
2650 2993 2746 3062 μὲν
2787 2988 2878 3044 οὖν
2908 2990 3045 3043 κατὰ
3076 2990 3227 3041 πόλιν
3275 2988 3491 3057 πρῶτον
3532 2988 3766 3053 ἐϐιάζετο

2198 3084 2606 3155 μετατίθεσθαι·
2639 3084 2927 3153 γενόμενος
2969 3082 3025 3134 δὲ
3059 3082 3115 3133 ὲν
3161 3084 3225 3150 τῇ
3266 3080 3541 3151 Ἀρελατῷ
3586 3082 3676 3142 καὶ
3704 3083 3764 3150 τῇ

527 3171 795 3225 Arelatem
823 3185 877 3227 et
907 3174 1264 3231 Mediolanum
1297 3180 1628 3245 advenisset,
1664 3182 1733 3235 ibi
1770 3198 1831 3236 et
1873 3186 2087 3238 hazreti-

2195 3176 2519 3244 Μεδιολάνῳ,
2582 3175 2764 3228 λοιπὸν
2808 3174 2882 3236 ὡς
2920 3173 2969 3224 οἱ
3027 3172 3293 3242 αἱρετικοὶ
3348 3171 3767 3224 συνεϐούλευσαν

527 3275 711 3314 corum
735 3263 959 3317 consilio
980 3275 1035 3318 et
1063 3266 1349 3321 eohortatn
1398 3269 1576 3322 omnia
1619 3271 1940 3339 agebantur,
1986 3274 2091 3326 imo

527 3354 705 3420 potius
748 3356 848 3423 ipsi
882 3372 966 3411 res
989 3361 1279 3427 gerebant,
1328 3372 1656 3432 acceptaque
1704 3373 1969 3433 potestate
2022 3367 2093 3419 ir-

529 3446 755 3499 ruebant
786 3450 837 3500 in
872 3464 1081 3504 omnes.
1119 3451 1253 3506 llinc
1292 3458 1473 3506 statim
1506 3455 1657 3524 jussa
1697 3471 1761 3508 ac
1797 3456 1987 3510 littera:
2026 3457 2092 3511 ad

530 3540 864 3604 prafectnm,
898 3542 1223 3596 ntcontinuo
1249 3544 1573 3598 frumentum
1600 3547 1899 3601 Athanasio
1924 3549 2092 3602 anfer-

529 3634 696 3691 retnr,
738 3629 1061 3698 daretnrque
1118 3632 1182 3684 iis
1226 3634 1313 3699 qui
1367 3634 1616 3687 Arianiee
1665 3637 1975 3689 sentirent:
2030 3655 2092 3691 ac

527 3720 721 3786 cuique
744 3721 939 3775 volenti
975 3722 1203 3778 facultas
1241 3735 1403 3789 esset,
1440 3728 1797 3781 contumelias
1826 3729 2090 3784 inferendi

528 3810 595 3862 iis
619 3812 709 3876 qui
743 3810 1025 3864 Athanasii
1057 3816 1409 3867 conventibus
1434 3818 1781 3871 interessent.
1818 3816 1953 3872 Hinc
1994 3822 2094 3873 mi-

530 3914 613 3952 nm
636 3915 850 3968 quoque
897 3901 1172 3969 judieibus
1226 3903 1525 3964 intentata}.
1553 3905 1655 3958 nisi
1714 3922 1834 3959 cmn
1876 3906 2093 3962 Arianis

530 3991 1015 4045 catnmunicarent.
1046 3991 1211 4046 Erant
1243 4003 1421 4046 autem
1459 3994 1571 4049 bare
1608 3996 1865 4058 praeludia
1913 4014 2090 4052 rerum

532 4098 561 4137 a
599 4082 831 4151 Syriano
857 4084 993 4136 duce
1031 4093 1219 4151 postca
1256 4094 1551 4153 gestarmn.
1585 4084 1641 4138 ln
1672 4088 1971 4143 exteriores
2000 4104 2094 4141 au-

533 4184 639 4227 tem
682 4184 863 4242 partes
905 4175 1094 4227 iterum
1122 4175 1273 4243 jussa
1302 4215 1317 4239 ,
1350 4178 1541 4229 notarii
1572 4178 1696 4231 item
1733 4194 1827 4245 per
1860 4180 2095 4249 singulas

531 4264 693 4319 urbes
720 4273 775 4318 et
807 4265 1029 4333 palatini
1070 4266 1245 4319 minas
1274 4264 1577 4320 deferentes
1622 4269 1687 4321 ad
1728 4270 2006 4339 episcopos
2042 4280 2095 4325 et

529 4358 595 4410 ad
620 4356 835 4424 jndiccs
864 4358 1148 4411 mittuntur
1168 4399 1181 4423 ,
1224 4370 1281 4411 ut
1302 4360 1516 4429 judices
1544 4364 1845 4425 concitent,
1881 4365 2093 4433 episco-

530 4447 692 4516 pique
722 4449 800 4501 vel
830 4450 1151 4503 Arianorum
1176 4452 1611 4505 communionem
1643 4453 1873 4521 amplexi
1905 4466 2090 4507 contra

2196 3269 2286 3323 καὶ
2313 3268 2589 3331 ὑπέθεντο,
2615 3266 2786 3330 οὕτως
2810 3265 2970 3328 αὐτὸς
2997 3265 3251 3335 ἔπραττε,
3289 3263 3489 3333 μᾶλλον
3520 3264 3577 3317 δὲ
3606 3263 3767 3326 οὕτως

2194 3359 2287 3410 καὶ
2318 3359 2467 3410 αὐτοὶ
2498 3356 2907 3426 διεπράττοντο,
2943 3355 3035 3407 καὶ
3072 3353 3351 3423 ἐνήλλοντο
3383 3354 3528 3406 κατὰ
3562 3355 3766 3407 πάντων

2193 3449 2404 3517 ἔχοντες
2429 3448 2525 3518 τὴν
2551 3447 2815 3513 ἐξουσίαν.
2852 3447 2960 3499 Καὶ
2989 3445 3147 3509 εὐθὺς
3175 3437 3275 3497 de;
3313 3445 3413 3515 μὲν
3440 3445 3647 3497 ἐντολαὶ
3681 3448 3765 3497 καὶ

2193 3541 2493 3611 γράμματα
2520 3540 2653 3608 πρὸς
2678 3538 2766 3591 τὸν
2786 3538 3038 3609 ἔπαρχον,
3066 3538 3151 3589 ἵνα
3172 3536 3311 3598 τέως
3336 3538 3365 3588 '5
3388 3540 3534 3599 σῖτος
3558 3538 3766 3605 ἀφαιΡε’

2194 3631 2259 3701 θῇ
2292 3632 2441 3701 παρὰ
2487 3630 2795 3683 Ἀθανασίου
2816 3671 2830 3693 ,
2860 3630 2952 3682 καὶ
2976 3629 3099 3700 δοθῇ
3132 3631 3242 3692 τοῖς
3288 3627 3355 3681 τά
3398 3628 3609 3699 Ἀρείου
3646 3645 3766 3698 φρο-

2193 3724 2378 3787 νοῦσι,
2422 3718 2514 3776 καλ.
2556 3724 2641 3776 ἵνα
2698 3721 2790 3793 ἐξῇ
2828 3721 3067 3793 ὑϐρίζειν
3109 3725 3221 3784 τοῖς
3268 3720 3612 3793 βουλομένοις
3646 3722 3764 3783 τοὺς

2197 3816 2312 3883 μετ’
2344 3812 2503 3865 αὑτοῦ
2544 3811 2955 3881 συναγομένους.
3002 3810 3221 3881 Ἀπειλη
3269 3828 3328 3862 τε
3364 3806 3432 3882 ἦν
3481 3814 3593 3873 τοῖς
3618 3811 3759 3863 δικα-

2197 3907 2378 3967 σταῖς,
2410 3904 2458 3955 ei
2501 3904 2574 3974 μὴ
2617 3904 2926 3970 συνάγοιντο
2975 3901 3111 3971 μετὰ
3148 3901 3255 3953 τῶν
3303 3902 3599 3971 Ἀρειανῶν
3635 3902 3760 3971 ἀί).

2193 3990 2299 4047 Ἦν
2325 3995 2379 4047 δὲ
2410 3993 2582 4047 ταῦτα
2635 3996 2894 4064 προοίμια
2936 3994 3044 4046 τῶν
3076 3994 3210 4062 μετὰ
3242 3993 3416 4046 ταῦτα
3470 3994 3762 4063 γενομένων

2193 4084 2281 4139 διὰ
2311 4086 2402 4138 τοῦ
2434 4086 2624 4149 δουκὺς
2654 4084 2935 4156 Συριανοῦ.
2972 4084 3065 4148 Εἰς
3090 4085 3147 4137 δὲ
3178 4083 3247 4137 τά
3274 4083 3379 4147 ἔξω
3429 4085 3569 4158 μέρη
3603 4102 3758 4156 προσ-

2192 4177 2445 4247 τάγματα
2492 4177 2670 4239 πάλιν,
2708 4177 2799 4229 καὶ
2837 4176 3071 4247 νοτάριοι
3124 4176 3265 4228 κατὰ
3296 4176 3451 4229 πόλιν
3480 4179 3571 4231 καὶ
3603 4176 3756 4230 itaita—

2194 4266 2325 4319 τινοὶ
2358 4267 2613 4337 φέροντες
2661 4265 2889 4328 ἀπειλὰς
2934 4265 3319 4319 ἀπεστέλλοντο
3363 4267 3502 4337 πρός
3550 4284 3607 4319 τε
3640 4267 3752 4328 τοὺς

2196 4358 2521 4420 ἐπισκόπους
2550 4359 2643 4410 καὶ
2667 4359 2791 4421 τοὺς
2836 4357 3121 4420 δικαστάς·
3171 4359 3254 4410 ἵνα
3288 4360 3336 4411 oi
3376 4360 3475 4429 μὲν
3522 4359 3752 4413 δικασταὶ

2196 4450 2517 4518 ἐπείγωσιν,
2551 4452 2598 4503 οἱ
2639 4450 2694 4501 δὲ
2743 4448 3088 4519 ἐπίσκοποιῆ
3137 4450 3224 4503 ἴνα
3276 4452 3416 4504 κατά
3457 4452 3751 4505 Ἀθανασίου

528 4540 881 4593 Athanasium
917 4542 1284 4606 subscribant,
1325 4553 1415 4595 ant
1447 4544 1619 4596 exsilii
1667 4561 1883 4613 pinnam
1929 4547 2089 4599 susti-

2196 4544 2463 4614 γράφωσι.
2500 4542 2780 4594 κοινωνίαν
2809 4540 3020 4611 ἔχοντες
3048 4542 3181 4612 πρὸς
3210 4544 3336 4606 τοὺς
3376 4544 3694 4617 ’Δρειανοὺφ
3722 4542 3751 4611 ἢ

532 4641 713 4694 neant,
761 4647 823 4684 ac
856 4633 944 4701 qui
984 4650 1103 4685 cum
1154 4634 1257 4687 illis
1309 4636 1634 4688 conveniunt
1699 4636 1899 4704 populi,
1948 4648 2095 4691 certo

529 4724 707 4778 sciant
738 4739 797 4778 se
817 4723 1051 4787 vincula,
1080 4724 1457 4785 contumelias,
1489 4728 1693 4793 plagas,
1726 4729 2097 4797 bonorumque

531 4815 862 4884 direptiones
892 4828 1232 4885 experturos.
1269 4816 1452 4886 Neque
1486 4820 1797 4871 tnandatnm
1830 4821 2093 4888 neglectui

532 4906 776 4961 habitum
805 4919 921 4974 est;
953 4910 1142 4978 legatis
1174 4909 1370 4980 quippe
1405 4911 1629 4965 conites
1661 4909 1768 4963 dati
1802 4921 1961 4977 sunt,
1996 4911 2095 4965 Ur-

534 5000 666 5053 sacii
694 4999 751 5053 et
776 4998 1016 5055 Valentis
1050 5001 1275 5067 clerici,
1326 5004 1417 5071 qui
1457 5003 1972 5066 concitareut'illos,
2008 5021 2093 5057 re-

536 5091 921 5160 missioresque
981 5092 1191 5161 judices
1254 5094 1320 5147 ad
1371 5095 1748 5161 imperatorem
1802 5094 2091 5149 deferrent.

536 5184 777 5253 Cumque
815 5185 1047 5252 reliquas
1077 5185 1329 5251 haereses,
1357 5194 1538 5252 utpote
1578 5186 1815 5241 minores
1847 5204 1971 5242 suas
2004 5204 2093 5243 so-

539 5290 712 5338 rores,
744 5276 1109 5329 concedcrent
1135 5275 1187 5328 in
1219 5276 1499 5329 Dominum
1539 5276 1934 5345 blasphemare,
1969 5280 2097 5334 solis

539 5368 860 5423 Christianis
908 5370 1170 5436 parabant
1201 5371 1455 5433 insidias,
1486 5373 1627 5440 quod
1653 5373 1866 5440 indigne
1894 5372 2097 5427 ferrent

539 5458 654 5521 pios
686 5459 750 5512 de
775 5458 988 5512 Christo
1026 5474 1302 5514 sermones
1356 5463 1560 5516 audire.
1608 5463 1748 5527 Quot
1782 5463 1945 5529 igitur
1979 5466 2096 5533 epi-

541 5548 710 5615 scopi,
744 5547 819 5601 uti
851 5550 1105 5617 scriptum
1140 5560 1223 5604 est
1248 5552 1289 5612 ¹,
1328 5552 1395 5607 ad
1443 5552 1607 5607 duces
1655 5560 1708 5606 et
1761 5566 1914 5621 reges
1951 5554 2096 5608 ducti

615 5686 628 5715 ¹
660 5685 819 5741 Marc.
847 5705 965 5753 xm,
989 5689 1040 5744 9.

2192 4634 2457 4704 τιμωρίαν
2484 4634 2635 4686 αὐτοὶ
2667 4634 2761 4703 μὲν
2792 4634 3129 4703 ὑπομένωσιν
3151 4633 3476 4706 ἐξοριστίας,
3501 4640 3548 4690 oi
3576 4638 3628 4689 δὲ
3646 4635 3751 4687 τού-

2192 4744 2302 4790 τοις
2332 4725 2710 4794 συνερχόμενοι
2742 4724 2858 4776 λαοὶ
2884 4724 3084 4793 δεσμὰ,
3120 4727 3213 4778 καί
3261 4726 3481 4796 ὕϐρεις,
3513 4730 3603 4780 καὶ
3631 4728 3751 4795 πλη·

2190 4819 2290 4886 Υάς
2322 4821 2439 4872 κατ’
2471 4817 2647 4871 αὐτῶν
2670 4858 2682 4877 ,
2718 4817 2808 4869 καὶ
2850 4818 3135 4888 ἀφαίρεσιν
3169 4818 3274 4870 τῶν
3312 4818 3458 4871 ἰδίων
3504 4819 3748 4889 ὑπαρχόν-

2190 4932 2297 4967 των
2318 4912 2532 4965 έσεσθαι
2564 4911 2901 4979 γινώσκοιεν.
2937 4912 3048 4963 Οὐκ
3070 4911 3321 4980 ἠμελεῖτο
3362 4913 3418 4965 δὲ
3453 4912 3512 4965 τὸ
3533 4913 3745 4983 πρόστα-

2191 5024 2333 5077 γμαο
2362 5007 2455 5059 καὶ
2479 5005 2587 5075 γὰρ
2610 5001 2751 5073 εἶχον
2778 5006 2824 5056 οἱ
2851 5002 3243 5067 ἀποσταλέντες
3267 5003 3383 5073 μεθ’
3410 5004 3608 5055 ἑαυτῶν
3629 5001 3742 5069 κλη-

2194 5098 2691 5169 ρικουςούρσακίου
2717 5097 2809 5149 καὶ
2826 5094 3137 5157 Οὐάλεντος,
3162 5095 3247 5147 ἵνα
3275 5096 3367 5149 καὶ
3402 5095 3739 5166 παροξύνωςι,

2190 5190 2285 5242 καὶ
2316 5188 2647 5261 ἀμελοῦντας
2688 5188 2812 5249 τοὺς
2848 5186 3101 5248 δικαστὰς
3142 5186 3513 5253 κατενέγκωσι
3558 5184 3629 5253 τῷ
3658 5181 3739 5251 βα-

2192 5281 2347 5334 σιλεῖ.
2400 5281 2506 5333 Καὶ
2547 5280 2647 5343 τὰς
2696 5278 2793 5349 μὲν
2823 5277 3057 5347 αἱρέσεις
3084 5276 3159 5339 ὡς
3187 5278 3514 5348 μικροτέρας
3554 5271 3732 5329 ἑαυτῶν

2191 5372 2422 5440 ἀδελφάς
2454 5370 2788 5440 συνεχώρουν
2823 5368 3155 5438 βλασφημεῖν
3185 5370 3263 5431 είς
3288 5368 3377 5420 τὸν
3402 5368 3626 5439 Κύριον,
3653 5363 3732 5433 μό-

2192 5480 2301 5525 νοις
2349 5462 2405 5515 δὲ
2438 5464 2548 5523 τοῖς
2594 5462 2934 5531 Χριστιανοῖς
2979 5458 3364 5521 ἐπεϐούλευον,
3410 5461 3471 5513 οὐ
3512 5460 3733 5528 φέροντες

2193 5556 2411 5612 ἀκούειν
2447 5558 2573 5626 περὶ
2609 5553 2841 5627 Χριστοῦ
2874 5554 3045 5622 λόγων
3077 5552 3335 5608 εὐσεϐῶν.
3355 5552 3516 5607 Πόσοι
3546 5561 3731 5615 τοιγαρ-

619 5821 728 5891 (ει)
768 5824 878 5878 Sic.
911 5824 1041 5895 Reg.
1072 5829 1190 5881 cod.
1223 5843 1376 5895 quem
1413 5830 1708 5897 sequimur.
1737 5828 1876 5884 Editi
1898 5844 2044 5895 vero,
2075 5829 2378 5897 αἱρετικῶν.
