3980 6502
238 420 344 479 ’129

1187 425 1519 481 HISTORIA
1557 425 1975 486 ARIANORUM
2017 428 2107 484 AD
2146 430 2544 490 MONACIIOS.

3385 441 3490 499 730

235 534 325 589 οὖν
346 535 655 601 ἐπίσκοποι,
684 536 826 591 κατά
871 551 934 591 το
979 539 1388 612 γεγραμμένον,
1417 539 1509 591 ἐπὶ
1535 539 1802 611 ἡγεμόνας

1907 552 2052 602 sunt,
2084 556 2111 595 a
2134 541 2510 614 judicibusque
2538 547 2650 601 haec
2679 550 2899 607 audiere
2929 571 2944 609 :
2988 554 3095 610 Ant
3138 557 3485 625 subscribite,

236 625 323 678 καὶ
356 624 612 694 βασιλέας
644 627 919 698 ῆχθησαν,
952 630 1045 682 κα).
1075 629 1223 701 παρά
1250 630 1520 682 δικαστῶν
1548 631 1819 701 ἥκουσαν

237 716 304 768 Ἣ
331 716 705 787 ὑπογράψατε,
739 718 770 789 ἢ
803 720 911 772 τῶν
938 720 1270 791 Ἐκκλησιῶν
1303 722 1658 791 ἀναχωρεῖτε·
1691 723 1822 776 καθ-

236 806 516 878 αιρεθῆναι
558 808 664 879 γὰρ
706 810 848 879 ὑμᾶς
890 809 1140 880 βασιλεὺς
1179 812 1507 881 προσέταξε;
1567 815 1721 867 πόσοι
1753 814 1823 866 δι-

234 898 551 969 εσείσθησαν
585 901 715 972 παρ’
747 902 923 955 αὐτῶν
952 903 1093 957 κατὰ
1119 904 1291 967 πόλιν,
1321 906 1406 958 ἴνα
1435 906 1508 977 μὴ
1537 906 1610 969 ὡς
1637 907 1821 975 φίλους

235 988 336 1042 τῶν
365 989 677 1044 ἐπισκόπων
696 994 888 1057 αύτούς
912 996 1369 1067 καταμέμψωνται
1390 998 1402 1048 l
1452 999 1563 1051 Καὶ
1593 998 1701 1068 γάρ
1724 1000 1818 1051 καὶ

235 1077 567 1143 πολιτευταῖς
590 1082 875 1151 ἐγράφετο.
899 1084 1009 1135 Καὶ
1038 1080 1106 1154 ἦν
1147 1085 1373 1155 ἀπειλὴ,
1404 1086 1573 1154 ζημία
1607 1088 1817 1158 χρημά-

233 1185 355 1233 των,
389 1172 437 1222 εί
481 1172 557 1242 μὴ
606 1173 902 1240 ἀναγκάζοι
934 1174 1160 1237 ἕκαστος
1194 1176 1289 1231 τὸν
1312 1177 1410 1245 τῆς
1446 1176 1581 1239 ἰδίας
1607 1177 1814 1240 πόλεως

233 1261 527 1314 ἐπίσκοπον
581 1262 947 1333 ὑπογράφεινσ
998 1267 1093 1319 καὶ
1152 1267 1287 1330 ὅλως
1342 1271 1448 1331 πᾶς
1496 1270 1679 1333 τόπος,
1720 1270 1814 1323 καὶ

135 1366 142 1373 ”
234 1354 379 1405 πᾶσα
405 1353 559 1415 πόλις
589 1355 940 1425 ἐπεπλήρωτο
966 1358 1131 1425 φόϐου
1159 1359 1255 1411 καὶ
1278 1360 1545 1431 ταραχῆς,
1573 1360 1682 1412 τῶν
1714 1361 1812 1429 μὲν

234 1445 542 1497 ἐπισκόπων
564 1442 887 1516 ἑλκομένων,
916 1448 1021 1500 τῶν
1043 1449 1097 1501 δὲ
1118 1450 1386 1503 δικαστῶν
1411 1452 1660 1523 ὁρώντων
1684 1453 1810 1515 τοὺς

233 1535 496 1606 ὀδυρμοὺς
524 1538 616 1590 καὶ
644 1541 974 1609 στεναγμοὺς
1003 1541 1112 1593 τῶν
1140 1540 1301 1594 λαῶν.

296 1627 383 1682 52.
412 1627 596 1681 Ταῦτα
634 1630 730 1700 μὲν
761 1631 907 1702 παρά
932 1632 1038 1684 τῶν
1067 1633 1476 1687 ἀποσταλέντων
1505 1633 1809 1687 παλατινῶν

233 1720 559 1790 ἐπράττετο·
621 1723 670 1774 οἱ
711 1721 1124 1793 δὲθαυμαστοὶ
1186 1724 1297 1795 (22)
1353 1724 1681 1797 Θαρροῦντες
1722 1721 1809 1789 αἷς

232 1810 410 1882 ἔχουσι
454 1813 843 1884 προστασίαις,
895 1816 1127 1885 σπουδὴν
1169 1816 1439 1870 τίθενται’
1484 1817 1578 1869 καὶ
1636 1816 1807 1880 οὔτως

227 1904 332 1958 τῶν
364 1905 679 1958 ἐπισκόπων
706 1908 831 1970 τοὺς
867 1907 962 1977 μὲν
986 1908 1121 1979 πρὸς
1149 1907 1370 1978 βασιλέα
1404 1908 1644 1970 καλοῦσι,
1680 1909 1806 1971 τοὺς

230 1995 281 2048 δὲ
299 1996 461 2049 πάλιν
479 1996 567 2050 διά
588 1999 927 2068 γραμμάτων
952 1999 1314 2069 μεθοδεύουσι,
1339 2000 1659 2064 πλάττοντες
1684 2002 1801 2054 κατ’

231 2086 403 2140 αὐτῶν
431 2089 731 2157 προφάσεις
754 2106 768 2119 ο
794 2090 861 2141 ἵν’
897 2091 945 2142 οί
987 2092 1084 2161 μὲν
1138 2092 1378 2162 παρόντα
1428 2091 1805 2146 Κωνστάντιον

232 2177 668 2248 καταπτήξωσιν,
716 2179 764 2230 0i
809 2178 893 2239 δὲ,
940 2180 1064 2241 τοὺς
1116 2180 1516 2244 ἀποσταλέντας
1564 2182 1657 2234 και)⁵
1709 2180 1807 2243 τὰς

230 2266 455 2329 ἀπειλὰς
484 2266 585 2336 τῆς
611 2268 675 2319 ἐκ
701 2268 1020 2338 προφάσεως
1045 2270 1405 2338 συκοφαντίας
1459 2268 1803 2340 φοϐηθέντες,

235 2359 567 2430 μεταθῶνται
613 2361 712 2431 τῆς
761 2361 967 2414 ἑαυτῶν
1022 2361 1187 2434 ὀρθῆς
1241 2362 1335 2415 καὶ
1385 2363 1643 2426 εὐσεϐοῦς
1679 2365 1809 2436 μνή-

237 2469 336 2522 μης
370 2451 507 2521 (25).
545 2452 700 2506 Οὕτω
726 2453 854 2521 γοῦν
883 2454 1142 2506 ἐϐιάσατο
1194 2454 1444 2523 βασιλεὺς
1468 2454 1529 2507 τὸ
1556 2454 1806 2508 τοσοῦτον

231 2543 330 2597 τῶν
355 2546 671 2597 ἐπισκόπων
705 2545 923 2615 πλῆθος,
955 2545 1022 2598 τὰ
1053 2546 1150 2616 μὲν
1181 2546 1437 2611 ἀπειλῶν,
1460 2547 1529 2599 τὰ
1557 2546 1611 2599 δὲ
1636 2550 1807 2615 ὲπαγ-

230 2635 567 2705 γελλόμενος,
601 2618 795 2689 είπεῗψ
846 2638 1039 2690 Ούκέτι
1073 2637 1434 2708 κοινωνοῦμεν
1486 2638 1805 2708 Ἀθανασίῳ.

232 2729 289 2780 Ol
322 2728 431 2797 γὰρ
481 2729 764 2800 ἐρχόμενοι
801 2729 936 2800 πρὸς
983 2728 1143 2781 αὐτὸν
1178 2729 1238 2780 ού
1280 2728 1541 2802 πρότερον
1586 2728 1809 2783 ἔϐλεπον

229 2819 383 2872 αὑτὸν
427 2818 561 2889 (24),
602 2818 714 2872 οὗθ’
756 2819 889 2882 ὅλως
915 2819 1095 2873 ἄνεσιν
1142 2819 1282 2889 ἔχειν
1307 2820 1427 2873 τινὰ
1452 2820 1526 2891 ,ἣ
1563 2821 1809 2891 προϊέναι

226 2910 320 2979 τῆς
338 2910 469 2972 ίδίας
485 2911 748 2981 οἰκήσεως
766 2911 1142 2981 ὲπετρέποντο,
1158 2912 1285 2982 πρὶν
1307 2910 1421 2981 ἂνῆ
1442 2912 1550 2982 (25)
1571 2912 1811 2983 ὑπογρά-

226 3002 396 3070 ψωσιν
417 3041 431 3065 ,
463 3003 495 3074 ἢ
535 3002 883 3065 ἁνανεύοντες
918 3002 1285 3074 ὲξορισθῶσιν.
1335 3004 1537 3056 Ἐποίει
1572 3004 1627 3057 δὲ
1656 3003 1813 3057 τοῦτο

226 3094 309 3147 διά
337 3094 398 3147 τὸ
440 3096 671 3166 συνορᾷν
705 3095 810 3147 ἀπὸ
843 3095 1058 3148 πάντων
1113 3094 1385 3166 μισεῖσθαι
1422 3095 1518 3166 τὴν
1565 3097 1809 3167 αἵρεσιν·

226 3184 301 3237 διὸ
335 3184 571 3255 μάλιστα
594 3186 687 3237 καὶ
714 3184 989 3254 ἠνάγκασε
1018 3186 1141 3249 τοὺς
1175 3178 1459 3248 τοσούτους
1475 3188 1586 3249 τοῖς
1609 3186 1811 3253 ὀλίγοις

229 3277 715 3349 ωναριθμηθῆναι.
769 3279 877 3329 Καὶ
924 3276 1259 3330 ἐσπούδασαν
1317 3276 1470 3346 ὄχλον
1527 3277 1802 3346 ὀνομάτων
1829 3264 1872 3318 C

227 3372 571 3438 συναγαγεῖν,
621 3370 756 3440 πρὸς
801 3369 990 3437 φθόνον
1038 3368 1135 3439 μὲν
1182 3367 1322 3421 κατά
1361 3368 1452 3420 τοῦ
1483 3371 1802 3436 ἐπισκόπου,

226 3463 523 3528 φαντασίας
547 3461 603 3513 δὲ
626 3463 783 3532 χάριν
814 3462 912 3532 τῆς
951 3460 1229 3532 Ἀρειανῆς
1254 3461 1526 3525 ἀσεϐείας,
1558 3456 1624 3532 ἧς
1646 3463 1806 3525 αὐτὸς

226 3554 547 3622 προΐσταται
579 3552 688 3622 (26)
715 3593 729 3616 ,
752 3554 1021 3623 οἰόμενος,
1059 3554 1140 3606 ὅτι
1162 3595 1176 3615 ,
1200 3553 1275 3615 ὡς
1304 3553 1428 3615 τοὺς
1464 3552 1800 3625 ἀνθρώπους,

225 3643 362 3696 οὕτω
391 3646 487 3697 καὶ
514 3644 613 3715 τὴν
654 3643 909 3715 ἀλήθειαν
943 3644 1306 3715 μεταστρέψαι
1350 3644 1669 3716 δυνήσεται·
1703 3647 1802 3698 οὐκ

225 3732 395 3797 εἰδὼς,
424 3733 547 3786 οὐδὲ
576 3734 858 3802 ἀναγνοὺς,
882 3735 960 3787 ὃτι
997 3735 1116 3786 οὐδὲ
1147 3733 1485 3785 Σαδδουκαῖοι
1516 3733 1610 3785 καὶ
1638 3734 1804 3804 Ἡρω-

222 3823 403 3887 διανοὶ,
434 3824 861 3897 προσλαϐόμενοι
893 3827 1017 3888 τοὺς
1048 3826 1389 3897 Φαρισαίους,
1431 3824 1655 3892 ἴσχυσαν
1687 3826 1802 3878 ἐπι-

224 3916 423 3987 κρύψαι
457 3917 557 3987 τὴν
595 3916 877 3987 ἀλήθειαν*
922 3917 1265 3987 μᾶλλονιγὰρ
1302 3918 1394 3969 καὶ
1443 3916 1612 3979 οὕτως
1661 3916 1799 3987 αὕτη

225 4005 319 4075 μὲν
352 4006 679 4078 καθημέραν
708 4007 932 4077 λαμπρὰ
952 4008 1242 4071 δείκνυται,
1269 4004 1413 4061 οὗτοι
1454 4008 1510 4059 δὲ
1546 4008 1636 4059 καὶ
1670 4009 1800 4078 κρά-

223 4097 427 4163 ξαντες,
475 4102 595 4152 Οὐκ
622 4101 839 4169 ἔχομεν
857 4099 1119 4163 ,ϐασιλέα
1166 4103 1217 4153 εὶ
1250 4100 1336 4169 μὴ
1376 4100 1672 4164 Καίσαρα,
1703 4100 1797 4151 καὶ

221 4189 437 4259 ἔχοντες
462 4189 561 4260 τὴν
574 4190 801 4243 Πιλάτου
823 4191 1021 4261 κρίσιν,
1054 4191 1202 4244 οὐδὲν
1229 4187 1391 4263 ἧττόν
1411 4191 1548 4242 εΓσιν
1578 4190 1792 4260 ἔρημοι,

220 4284 312 4335 καὶ
345 4282 529 4351 πάσης
553 4282 834 4353 αἰσχύνης,
869 4283 1047 4353 πάσης
1077 4282 1188 4353 (27)
1230 4281 1632 4353 προσδοκῶντες
1672 4280 1793 4331 ὅσον

219 4371 428 4424 οὐδέπω
461 4371 643 4441 μένειν
677 4373 769 4437 καὶ
803 4372 955 4424 αὐτοὶ
992 4372 1131 4424 κατὰ
1166 4372 1258 4423 τὸν
1308 4370 1540 4441 πέρδικα
1576 4368 1789 4439 γυμνοὶ,

218 4464 343 4515 ὅταν
370 4464 526 4516 ἴδωσι
559 4464 650 4516 καὶ
676 4464 765 4515 τὸν
791 4463 1098 4535 προστάτην
1125 4462 1331 4515 ἑαυτῶν
1358 4460 1787 4531 ἀποθνήσκοντα.

287 4553 375 4606 53.
414 4554 476 4605 Εἰ
510 4553 565 4606 δὲ
607 4553 698 4605 καὶ
730 4554 972 4625 ἀπρεπὲς
1004 4551 1064 4604 τὸ
1086 4552 1221 4614 ὅλως
1254 4552 1346 4604 ἐπὶ
1376 4551 1585 4613 τούτοις
1620 4550 1788 4621 φοῦη-

219 4640 408 4706 θέντας
439 4642 591 4705 τινας
628 4642 735 4693 τῶν
762 4642 1073 4694 ἐπισκόπων
1107 4641 1454 4711 μεταθέσθαι,
1496 4639 1630 4693 ἀλλά
1658 4638 1789 4709 μᾶλ-

214 4732 304 4786 λον
329 4733 761 4804 ἀπρεπέστερον,
795 4735 888 4786 καὶ
926 4735 987 4787 ού
1023 4733 1362 4805 θαρρούντων
1387 4728 1467 4795 οἷς
1500 4730 1789 4785 πεπιστεύ-

216 4840 344 4877 κασι
385 4825 518 4893 (28),
557 4827 619 4876 τὸ
663 4825 959 4894 βιάζεσθαι,
1008 4827 1101 4878 καὶ
1151 4824 1478 4894 ἀναγκάζειν
1522 4825 1648 4886 τοὺς
1711 4822 1785 4893 μὴ

216 4916 591 4987 βουλομένους.
622 4916 805 4981 Οὕτως
847 4920 875 4969 ὁ
915 4918 1019 4993 μὲν,
1043 4917 1285 4981 διάϐολος
1317 4917 1436 4970 ἐπεὶ
1466 4916 1630 4987 μηδὲν
1659 4914 1786 4983 ἀλη-

283 5030 305 5061 ’
334 5028 489 5084 Joan.
524 5045 637 5092 χιχ,
667 5029 758 5084 25.
836 5030 856 5062 ³
885 5029 1084 5087 Jerem.
1118 5046 1250 5093 xvii,
1279 5029 1365 5084 ll.

284 5164 398 5236 (22)
428 5165 518 5236 Sic
554 5164 685 5236 Reg.
711 5164 767 5219 In
797 5166 955 5220 editis
980 5180 1107 5236 vero
1140 5165 1438 5236 θαυμαστοί
1465 5165 1634 5220 deest.

283 5234 397 5304 (25)
426 5235 516 5290 Sic
546 5234 674 5289 editi
719 5247 775 5291 et
818 5252 946 5289 mss.
1006 5234 1109 5289 Sed
1160 5235 1401 5305 Nannius
1455 5236 1581 5305 legit
1633 5236 1775 5304 γνώ-

135 5356 144 5363 ,
213 5306 967 5376 pqc,vertitque,_senlentiq.
1005 5315 1058 5358 et
1096 5305 1165 5357 ita
1196 5304 1495 5376 legendum.

428 5375 560 5444 Reg.
588 5386 644 5429 et
662 5374 847 5440 Basil.,
881 5375 1104 5428 ἔϐλεπεν
1125 5374 1340 5437 αὐτούς.
1374 5373 1571 5428 Ibidem
1618 5375 1775 5446 Reg.,

206 5443 320 5499 οὐδ’
337 5440 513 5508 Ἑλως.

281 5512 395 5585 (25)
412 5513 558 5585 Beg.
588 5512 679 5567 ita.
714 5515 768 5567 In
800 5515 957 5568 editis
979 5516 1013 5585 ἦ
1038 5516 1208 5567 deest.

298 5582 390 5656 eo)
412 5582 571 5656 Begu
600 5586 938 5656 προΐσταται.
967 5582 1140 5656 Editi,
1164 5584 1472 5656 προϊστατο.

299 5652 390 5723 27)
422 5652 728 5723 Importuna
767 5670 864 5708 vox
907 5655 1086 5723 πάσης
1128 5652 1221 5723 hic
1269 5658 1512 5722 repetita,
1556 5655 1768 5709 videtur

207 5721 626 5794 supervacanea.
663 5722 823 5778 Forte
869 5724 972 5794 leg.
1015 5721 1153 5794 μετὰ
1186 5724 1384 5792 πάσης.
1420 5724 1617 5777 Alludit
1669 5741 1764 5777 an-

208 5802 313 5845 tem
351 5794 438 5847 bic
470 5792 797 5847 Athanasius
820 5794 884 5847 ad
921 5792 1189 5857 perdicem
1219 5794 1365 5845 illum
1398 5795 1461 5845 de
1488 5808 1592 5855 quo
1616 5796 1755 5859 apud

207 5859 526 5929 Ieremiaut,
579 5878 629 5917 c.
684 5879 812 5931 xvn,
872 5864 959 5929 ll,
1014 5860 1753 5933 ΙιωοψρευηιυιδεἙφώνησε

1922 640 2013 683 aut
2044 632 2111 684 ab
2134 631 2390 689 Ecclesiis
2426 638 2683 703 recedite,
2725 657 2846 697 nam
2894 644 3055 715 jussit
3097 649 3393 718 imperator
3431 662 3489 703 ut

1922 721 2246 778 abdicemini
2281 726 2293 777 l
2328 739 2457 794 quot
2481 727 2549 781 ab
2576 729 2680 784 illis
2700 747 2798 800 per
2827 735 3066 807 singulas
3107 741 3270 795 urbes
3298 753 3485 795 extur-

1921 815 2028 868 bati
2057 826 2200 879 sunt,
2245 833 2311 871 ne
2343 817 2417 872 illi
2461 830 2518 873 ut
2559 823 2935 895 episcoporqu
2970 831 3124 885 amici
3160 847 3487 887 accusaren-

1884 904 2040 959 'turl
2072 906 2203 961 Nam
2229 909 2358 977 ipsis
2409 912 2821 981 magistratibus
2874 920 3051 974 missae
3097 922 3288 977 litterae
3337 933 3485 987 sunt,

1918 998 2183 1066 minisque
2214 1001 2499 1064 adhibitis,
2550 1005 2714 1058 multa
2744 1009 3095 1075 pecuniarum
3136 1014 3356 1075 indicta,
3397 1017 3485 1067 ni~

1916 1090 1959 1144 si
1988 1089 2186 1158 singuli
2220 1105 2330 1143 sua:
2381 1094 2530 1147 urbis
2575 1098 2884 1166 episcopum
2933 1103 3211 1173 adigerent
3252 1110 3317 1159 ad
3357 1110 3483 1161 sub-

1914 1182 2277 1235 scribendum.
2322 1182 2509 1238 Omnis
2553 1186 2783 1255 denique
2828 1191 3013 1258 locus,
3055 1197 3233 1250 omnis
3290 1198 3482 1254 civitas

1916 1284 2120 1328 terrore
2147 1291 2209 1328 ac
2238 1276 2465 1329 tumultu
2499 1279 2832 1345 rapiebatur,
2860 1285 2985 1337 dum
3025 1290 3264 1358 episcopi
3300 1293 3481 1346 trahe-

1916 1367 2472 1436 rentur.judircsque
2516 1372 2892 1440 conspicerent
2945 1377 3146 1433 lnctuut
3197 1383 3483 1450 gemitum-

1911 1472 2014 1525 que
2046 1460 2384 1527 populorum.

1976 1635 2065 1690 52.
2096 1633 2220 1691 Ilaec
2250 1648 2407 1693 erant
2433 1641 2721 1697 missorum
2762 1640 3124 1697 Palatinorum
3169 1655 3337 1713 gesta.
3370 1649 3481 1701 Ad-

1910 1727 2139 1782 mirandi
2173 1741 2350 1785 autem
2381 1732 2454 1786 illi
2488 1734 2755 1798 homines,
2796 1736 2859 1790 iis
2893 1752 3011 1804 qua-
3048 1740 3189 1792 nacti
3226 1749 3351 1794 sunt
3388 1758 3484 1810 pa-

1910 1822 2153 1876 trociniis
2185 1823 2331 1887 freti,
2388 1825 2493 1879 hoc
2536 1835 2796 1880 curarunt
2842 1839 2900 1881 ut
2936 1844 3001 1882 ex
3037 1831 3305 1900 episcopis
3342 1833 3479 1885 alios

1838 1899 1877 1953 Β
1911 1913 1975 1966 ad
2002 1914 2378 1981 imperatorem
2405 1929 2768 1980 accerserent,
2799 1920 2934 1974 alios
2965 1921 3159 1975 litteris
3181 1924 3291 1979 suis
3313 1924 3480 1979 lictis-

1909 2019 2015 2073 que
2057 2006 2530 2062 criminationibus
2574 2010 3034 2066 circumvenirent
3068 2024 3162 2066 :nt
3219 2014 3290 2066 illi
3340 2031 3477 2084 pra:-

1908 2105 2112 2149 sentem
2144 2095 2519 2150 Constantium
2570 2099 3015 2166 reformidarent,
3057 2102 3112 2158 hi
3147 2104 3348 2173 legatos
3388 2105 3477 2157 in-

1908 2197 2246 2257 teutatasque
2280 2205 2346 2242 ex
2384 2191 2615 2245 conﬁcta
2671 2192 2941 2247 calumnia
2988 2194 3161 2251 minas
3217 2197 3474 2265 pertime-

1908 2287 2140 2343 scentes,
2172 2295 2200 2332 a
2233 2290 2381 2334 recta
2426 2281 2621 2351 piaque
2665 2298 2759 2337 sua
2788 2285 3053 2339 sententia
3078 2286 3469 2345 desciscerent.

1907 2370 1984 2425 Eo
2018 2383 2172 2441 parto
2195 2374 2377 2444 itaque
2405 2376 2700 2443 imperator
2729 2387 2933 2432 tantum
2964 2380 3339 2450 episcoporum
3373 2399 3472 2437 nu-

1910 2478 2140 2523 merum.
2166 2480 2284 2521 cum
2314 2468 2473 2525 minis
2498 2482 2605 2525 tum
2639 2472 2922 2537 promissis
2955 2472 3213 2539 compulit
3239 2482 3295 2525 ut
3329 2472 3476 2527 dice-

1910 2565 2069 2609 reut:
2110 2554 2224 2610 Non
2280 2558 2418 2613 ultra
2465 2576 2584 2614 cum
2643 2561 2935 2615 Athanasio
2987 2558 3471 2616 cmnmunicamus.

1909 2644 2033 2700 Illos
2066 2648 2207 2701 enim
2238 2652 2326 2718 qui
2358 2666 2416 2706 se
2441 2654 2678 2715 adibant,
2721 2668 2827 2706 non
2868 2664 2993 2707 ante
3019 2654 3084 2706 ad
3125 2665 3471 2723 conspectum

1912 2738 2232 2792 admittebat
2283 2756 2459 2804 suum,
2505 2758 2680 2813 neque
2724 2744 3006 2798 remissius
3059 2744 3360 2808 tractabat,
3392 2748 3475 2798 vel

1911 2829 2070 2883 domo
2098 2833 2277 2897 egredi
2335 2833 2569 2900 sinebat,
2599 2850 2757 2904 quam
2808 2837 2891 2889 vel
2925 2839 3321 2891 subscribereut
3344 2878 3357 2903 ,
3392 2839 3477 2891 vel

1912 2922 2215 2975 abnuentes
2264 2925 2596 2991 pellerentur
2622 2927 2673 2979 iu
2728 2928 2999 2981 exsilium.
3056 2929 3111 2981 Id
3143 2941 3320 2983 autem
3348 2945 3480 2995 age-

1913 3007 2027 3069 bat,
2059 3007 2199 3073 thod
2243 3008 2409 3076 probe
2450 3019 2630 3064 nosset
2672 3012 2899 3065 invisam
2943 3013 3191 3066 omnibus
3227 3015 3475 3067 lucresim

1912 3111 2031 3149 esse
2058 3112 2070 3147 :
2104 3112 2276 3165 eaque
2297 3099 2529 3153 maxime
2562 3101 2628 3154 de
2655 3115 2815 3155 causa
2849 3111 2954 3154 tam
2990 3102 3186 3157 multos
3214 3105 3261 3156 vi
3293 3105 3472 3173 adegit

1914 3198 1973 3241 ut
1999 3191 2181 3257 paucis
2206 3201 2713 3247 annumerarentur.
2756 3193 3004 3261 Curaque
3057 3194 3129 3247 illi
3180 3194 3312 3260 fuit,
3358 3196 3466 3249 vim

1907 3282 2310 3334 nomiuumuna
2364 3298 2578 3351 cogere,
2613 3299 2735 3337 cum
2802 3293 2860 3337 ut
2913 3285 3167 3337 invidiam
3213 3286 3469 3356 cpiscOpo

1907 3368 2182 3430 conﬂaret.
2216 3381 2324 3425 tum
2356 3384 2412 3425 ιιι
2434 3373 2646 3449 {trinum
2680 3373 2891 3438 hreresi,
2921 3375 3008 3428 cui
3043 3375 3130 3427 ille
3165 3377 3467 3443 patrocina-

1908 3471 2014 3525 tur,
2043 3463 2276 3532 aliquam
2322 3464 2541 3519 all‘erret
2576 3466 2850 3535 dignitatis
2888 3468 3155 3537 speciem;
3209 3481 3357 3522 ratus
3411 3485 3470 3525 se

1906 3553 2212 3611 veritatem.
2237 3554 2458 3621 perinde
2485 3566 2644 3624 atque
2669 3556 2932 3619 homines,
2956 3558 3265 3612 subvertere
3288 3574 3467 3628 posse.

1904 3644 2188 3711 lgnorabat
2219 3646 2465 3712 scilicet,
2502 3663 2675 3717 neque
2728 3648 2950 3714 legerat,
2999 3650 3317 3705 Sadductcos
3360 3652 3460 3705 lle-

1906 3736 2285 3801 rodianosquc,
2334 3739 2546 3791 etiamsi
2600 3737 2701 3791 sibi
2752 3738 3051 3794 Pliariswos
3122 3742 3463 3804 ascivissent,

1901 3827 2181 3880 veritatem
2210 3839 2388 3881 tamen
2417 3828 2694 3883 eminuere
2717 3832 3018 3899 nequivisse
3046 3850 3059 3885 :
3087 3831 3191 3884 imo
3214 3833 3340 3888 hinc
3377 3835 3462 3888 illa

1901 3915 2063 3984 287
2096 3918 2146 3969 in
2172 3918 2287 3969 dies
2321 3918 2522 3971 clarius
2550 3919 2747 3974 elucet.
2780 3920 2853 3972 Illi
2884 3936 3012 3974 vero
3047 3924 3146 3975 etsi
3181 3922 3413 3977 clament
3444 3942 3462 3977 :

1902 4005 2025 4056 Non
2064 4007 2310 4059 habemus
2354 4025 2521 4076 regem
2571 4011 2675 4063 nisi
2722 4008 2981 4064 Ca’sarem
3013 4012 3054 4077 ²,
3080 4028 3143 4067 ac
3170 4012 3325 4068 Pilati
3364 4015 3462 4068 dea

1898 4106 2102 4148 cretum
2150 4098 2511 4166 itnpetrarint,
2558 4102 2908 4155 nihilominus
2950 4105 3148 4159 deserti
3200 4117 3467 4166 sunt,ex-

1897 4196 2245 4257 spectantque
2268 4206 2326 4243 se
2348 4207 2468 4243 cum
2493 4194 2638 4245 omni
2661 4196 3007 4263 turpitudine,
3037 4197 3206 4249 instar
3227 4200 3467 4266 perdicis

1898 4278 2039 4332 illius
2067 4280 2111 4340 ³,
2159 4290 2364 4334 tantum
2428 4299 2533 4337 non
2583 4286 2809 4338 nudatos
2852 4286 2985 4353 fore,
3032 4288 3121 4341 ubi
3171 4300 3455 4357 patronmn

1894 4383 2051 4424 suum
2089 4382 2259 4425 morte
2281 4373 2546 4427 sublatum
2574 4375 2826 4429 viderint.

1961 4549 2048 4602 53.
2100 4548 2252 4615 Quod
2293 4549 2338 4603 si
2390 4550 2700 4604 indecorum
2740 4551 2961 4605 omnino
3007 4551 3192 4617 fuerit,
3240 4554 3457 4623 episco-

1896 4657 1990 4710 pos
2020 4643 2275 4710 quosdam
2307 4642 2498 4695 horum
2525 4642 2807 4697 formidine
2832 4647 3148 4699 sententiam
3175 4657 3409 4700 mutasse
3434 4663 3454 4711 ;

1894 4734 2059 4788 multo
2088 4749 2217 4789 sane
2252 4734 2617 4798 indecentius,
2666 4737 3049 4806 hominumque
3091 4752 3202 4792 sua:
3233 4748 3456 4791 senten—

1894 4826 1978 4879 tiae
2026 4825 2371 4880 dillidcntium
2420 4836 2522 4893 est,
2573 4828 2679 4881 vim
2728 4828 2961 4893 inferre,
3007 4844 3071 4884 ac
3110 4830 3308 4884 invitos
3359 4846 3454 4884 co-

1893 4932 2039 4987 gere.
2098 4919 2188 4974 Sic
2239 4919 2483 4976 diabolus
2528 4935 2649 4975 cum
2698 4922 2831 4977 nihil
2862 4923 2975 4978 veri
3005 4923 3233 4992 habeat,
3268 4924 3321 4979 in
3363 4940 3453 4980 se-

1881 5168 2089 5251 πέρδιξ,
2114 5170 2418 5251 συνῄγαγεν
2446 5167 2481 5223 ἃ
2512 5168 2618 5251 ούξ
2655 5167 2828 5251 ἔτεκε,
2879 5166 3313 5251 ποιῶνθπλούτον
3350 5168 3447 5251 αύ-

1878 5236 1971 5292 τοῦ
2005 5242 2064 5293 ού
2091 5236 2244 5311 με*ῑά
2268 5238 2519 5311 κρίσεως.
2562 5240 2651 5291 Ἐν
2683 5240 2869 5311 ἡμίσει
2902 5237 3122 5311 ἡμερῶν
3144 5236 3318 5311 αὐτού
3352 5239 3446 5303 ἐγ-

1890 5281 1970 5292 .--
2007 5281 2063 5293 ν-
2186 5281 2468 5292 ...,...--...
2506 5281 2519 5288 .
2580 5281 2699 5291 κ..
2769 5281 2868 5291 η-.
2907 5281 2918 5290 .
2983 5281 3005 5290 -
3049 5281 3116 5290 ν..
3152 5281 3310 5289 ---π
3352 5281 3403 5303 -,

1879 5281 2319 5378 καταλείίξιόυσινι
2342 5281 2523 5375 αὑτὸν,
2566 5310 2660 5362 καὶ
2703 5281 2789 5361 ἓῖτν
2827 5281 3068 5377 ἐσχάτων
3096 5306 3257 5358 αὑτοῦ
3295 5306 3447 5358 ἔσται

1879 5379 2085 5455 ἄφρων.
2115 5379 2372 5455 Clamauit
2408 5381 2611 5455 perdix,
2645 5381 3116 5455 coiigi-egqtvit_q_ure
3150 5392 3251 5455 non
3291 5392 3445 5455 pepe-

1879 5444 1971 5526 ri},
2001 5466 2193 5526 pararis
2229 5450 2326 5526 sibi
2384 5444 2595 5504 divitias
2641 5444 2831 5526 absque
2870 5446 3116 5526 judicia.
3151 5444 3215 5497 In
3260 5445 3437 5526 .medio

1878 5516 2079 5572 dierum
2113 5519 2224 5588 ejus
2255 5522 2485 5573 deserent
2507 5526 2728 5588 eum,re£_
2763 5516 2817 5568 in
2852 5516 3143 5588 novissimis
3188 5517 3314 5588 suis
3335 5516 3437 5588 erit

1874 5584 2145 5659 insipiens:
2171 5590 2505 5659 Deserendos
2539 5588 2614 5639 ait
2641 5586 2889 5659 Arianae,
2918 5584 3439 5659 iustar_pe_rdicis__il_-

1870 5654 1996 5729 lius,
2028 5669 2149 5729 post
2196 5660 2401 5712 obitum
2448 5654 2747 5711 Constantii
2799 5656 2881 5711 sui
2908 5655 3139 5725 patroni.
3169 5654 3303 5726 Reg.
3335 5654 3438 5723 ibi,

1868 5728 2029 5799 male,
2067 5729 2344 5799 πέρδικαν.

1936 5798 2046 5867 (28)
2075 5795 2233 5853 Forte
2264 5795 2611 5865 πεποιήκασι.
