  <div class='ocr_page' id='page_1' title='image "/cluster/home/n/w/nwhite01/storage/ocr_20150623/25/hvd.32044004972428/687.png"; bbox 0 0 3980 6502; ppageno 0'>
   <div class='ocr_carea' id='block_1_1' title="bbox 493 384 594 455">
    <p class='ocr_par' dir='ltr' id='par_1_1' title="bbox 493 384 594 455">
     <span class='ocr_line' id='line_1_1' title="bbox 493 384 594 455; baseline 0 -1"><span class='ocrx_word' id='word_1_1' title='bbox 493 384 594 455; x_wconf 74' lang='lat'><strong>73!</strong></span> 
     </span>
    </p>
   </div>
   <div class='ocr_carea' id='block_1_2' title="bbox 1097 372 3145 443">
    <p class='ocr_par' dir='ltr' id='par_1_2' title="bbox 1097 372 3145 443">
     <span class='ocr_line' id='line_1_2' title="bbox 1097 372 3145 443; baseline -0.006 0"><span class='ocrx_word' id='word_1_2' title='bbox 1097 384 1154 443; x_wconf 93' lang='lat' dir='ltr'><strong>S.</strong></span> <span class='ocrx_word' id='word_1_3' title='bbox 1202 382 1563 441; x_wconf 77' lang='lat' dir='ltr'><strong>ATHANASII</strong></span> <span class='ocrx_word' id='word_1_4' title='bbox 1601 380 1753 439; x_wconf 83' lang='lat' dir='ltr'><strong>OPP.</strong></span> <span class='ocrx_word' id='word_1_5' title='bbox 1787 376 1969 435; x_wconf 79' lang='lat' dir='ltr'><strong>PARS</strong></span> <span class='ocrx_word' id='word_1_6' title='bbox 2004 378 2049 433; x_wconf 89' lang='lat' dir='ltr'><strong>l.</strong></span> <span class='ocrx_word' id='word_1_7' title='bbox 2085 410 2149 421; x_wconf 90' lang='lat'>—</span> <span class='ocrx_word' id='word_1_8' title='bbox 2190 375 2557 435; x_wconf 77' lang='lat' dir='ltr'><strong>lllSTOBlCA</strong></span> <span class='ocrx_word' id='word_1_9' title='bbox 2594 375 2683 433; x_wconf 84' lang='lat' dir='ltr'>ET</span> <span class='ocrx_word' id='word_1_10' title='bbox 2723 372 3145 431; x_wconf 74' lang='lat' dir='ltr'><strong>DOGMATICA.</strong></span> 
     </span>
    </p>
   </div>
   <div class='ocr_carea' id='block_1_3' title="bbox 3647 374 3745 432">
    <p class='ocr_par' dir='ltr' id='par_1_3' title="bbox 3647 374 3745 432">
     <span class='ocr_line' id='line_1_3' title="bbox 3647 374 3745 432; baseline 0.02 -2"><span class='ocrx_word' id='word_1_11' title='bbox 3647 374 3745 432; x_wconf 66' lang='lat'><strong>739</strong></span> 
     </span>
    </p>
   </div>
   <div class='ocr_carea' id='block_1_4' title="bbox 497 491 2084 571">
    <p class='ocr_par' dir='ltr' id='par_1_4' title="bbox 497 495 2073 571">
     <span class='ocr_line' id='line_1_4' title="bbox 497 495 2073 571; baseline -0.008 -7"><span class='ocrx_word' id='word_1_12' title='bbox 497 509 613 564; x_wconf 86' lang='lat' dir='ltr'><strong>curi</strong></span> <span class='ocrx_word' id='word_1_13' title='bbox 643 516 698 561; x_wconf 88' lang='lat' dir='ltr'><strong>et</strong></span> <span class='ocrx_word' id='word_1_14' title='bbox 739 505 882 559; x_wconf 82' lang='lat' dir='ltr'><strong>ascia</strong></span> <span class='ocrx_word' id='word_1_15' title='bbox 925 504 1137 559; x_wconf 82' lang='lat' dir='ltr'><strong>irruens</strong></span> <span class='ocrx_word' id='word_1_16' title='bbox 1185 500 1477 571; x_wconf 81' lang='lat' dir='ltr'><strong>confringit</strong></span> <span class='ocrx_word' id='word_1_17' title='bbox 1520 507 1706 570; x_wconf 89' lang='lat' dir='ltr'><strong>portas</strong></span> <span class='ocrx_word' id='word_1_18' title='bbox 1745 511 1934 553; x_wconf 86' lang='lat' dir='ltr'><strong>eorum</strong></span> <span class='ocrx_word' id='word_1_19' title='bbox 1980 495 2073 566; x_wconf 86' lang='lat' dir='ltr'><strong>qui</strong></span> 
     </span>
    </p>
   </div>
   <div class='ocr_carea' id='block_1_5' title="bbox 2177 491 3765 571">
    <p class='ocr_par' dir='ltr' id='par_1_5' title="bbox 2177 491 3765 565">
     <span class='ocr_line' id='line_1_5' title="bbox 2177 491 3765 565; baseline -0.002 -17"><span class='ocrx_word' id='word_1_20' title='bbox 2177 495 2267 560; x_wconf 84' lang='grc' dir='ltr'><strong>θὲς</strong></span> <span class='ocrx_word' id='word_1_21' title='bbox 2293 495 2424 565; x_wconf 78' lang='grc' dir='ltr'>ἔχει,</span> <span class='ocrx_word' id='word_1_22' title='bbox 2453 497 2511 547; x_wconf 84' lang='grc' dir='ltr'><strong>ἐν</strong></span> <span class='ocrx_word' id='word_1_23' title='bbox 2547 494 2765 547; x_wconf 84' lang='grc' dir='ltr'><strong>πελέκει</strong></span> <span class='ocrx_word' id='word_1_24' title='bbox 2791 494 2883 547; x_wconf 78' lang='grc' dir='ltr'><strong>καὶ</strong></span> <span class='ocrx_word' id='word_1_25' title='bbox 2913 491 3252 563; x_wconf 80' lang='grc' dir='ltr'>λαξευτηρίῳ</span> <span class='ocrx_word' id='word_1_26' title='bbox 3282 491 3583 546; x_wconf 86' lang='grc' dir='ltr'>ἐπιϐαίνων</span> <span class='ocrx_word' id='word_1_27' title='bbox 3626 498 3765 545; x_wconf 65' lang='grc' dir='ltr'>κατ-⁷</span> 
     </span>
    </p>
   </div>
   <div class='ocr_carea' id='block_1_6' title="bbox 498 595 2076 669">
    <p class='ocr_par' dir='ltr' id='par_1_6' title="bbox 498 595 2076 669">
     <span class='ocr_line' id='line_1_6' title="bbox 498 595 2076 669; baseline -0.008 -14"><span class='ocrx_word' id='word_1_28' title='bbox 498 618 557 655; x_wconf 80' lang='lat' dir='ltr'><strong>se</strong></span> <span class='ocrx_word' id='word_1_29' title='bbox 609 597 929 669; x_wconf 59' lang='lat' dir='ltr'><strong>rccipiunt“.</strong></span> <span class='ocrx_word' id='word_1_30' title='bbox 989 595 1239 650; x_wconf 78' lang='lat' dir='ltr'><strong>Salvator</strong></span> <span class='ocrx_word' id='word_1_31' title='bbox 1284 602 1465 647; x_wconf 91' lang='lat' dir='ltr'><strong>autem</strong></span> <span class='ocrx_word' id='word_1_32' title='bbox 1511 607 1575 647; x_wconf 91' lang='lat' dir='ltr'><strong>ea</strong></span> <span class='ocrx_word' id='word_1_33' title='bbox 1624 600 1710 646; x_wconf 90' lang='lat' dir='ltr'><strong>est</strong></span> <span class='ocrx_word' id='word_1_34' title='bbox 1763 598 2076 644; x_wconf 84' lang='lat' dir='ltr'><strong>mansuetu-</strong></span> 
     </span>
    </p>
   </div>
   <div class='ocr_carea' id='block_1_7' title="bbox 499 682 2079 755">
    <p class='ocr_par' dir='ltr' id='par_1_7' title="bbox 499 682 2079 755">
     <span class='ocr_line' id='line_1_7' title="bbox 499 682 2079 755; baseline -0.006 -10"><span class='ocrx_word' id='word_1_35' title='bbox 499 693 648 755; x_wconf 75' lang='lat' dir='ltr'><strong>dine,</strong></span> <span class='ocrx_word' id='word_1_36' title='bbox 697 698 757 746; x_wconf 89' lang='lat' dir='ltr'><strong>ut</strong></span> <span class='ocrx_word' id='word_1_37' title='bbox 805 690 888 744; x_wconf 88' lang='lat' dir='ltr'><strong>his</strong></span> <span class='ocrx_word' id='word_1_38' title='bbox 929 688 1111 742; x_wconf 83' lang='lat' dir='ltr'><strong>verbis</strong></span> <span class='ocrx_word' id='word_1_39' title='bbox 1157 688 1347 741; x_wconf 91' lang='lat' dir='ltr'><strong>doceat</strong></span> <span class='ocrx_word' id='word_1_40' title='bbox 1395 684 1609 754; x_wconf 87' lang='lat' dir='ltr'><strong>quidem</strong></span> <span class='ocrx_word' id='word_1_41' title='bbox 1655 701 1668 737; x_wconf 88' lang='lat'><strong>:</strong></span> <span class='ocrx_word' id='word_1_42' title='bbox 1719 682 1779 738; x_wconf 90' lang='lat' dir='ltr'><strong>Si</strong></span> <span class='ocrx_word' id='word_1_43' title='bbox 1822 684 1937 752; x_wconf 78' lang='lat' dir='ltr'><strong>quis</strong></span> <span class='ocrx_word' id='word_1_44' title='bbox 1971 682 2079 735; x_wconf 80' lang='lat' dir='ltr'><strong>vult</strong></span> 
     </span>
    </p>
   </div>
   <div class='ocr_carea' id='block_1_8' title="bbox 499 773 2076 854">
    <p class='ocr_par' dir='ltr' id='par_1_8' title="bbox 499 773 2076 854">
     <span class='ocr_line' id='line_1_8' title="bbox 499 773 2076 854; baseline -0.006 -17"><span class='ocrx_word' id='word_1_45' title='bbox 499 792 615 854; x_wconf 77' lang='lat' dir='ltr'><strong>post</strong></span> <span class='ocrx_word' id='word_1_46' title='bbox 646 800 725 836; x_wconf 88' lang='lat' dir='ltr'><strong>me</strong></span> <span class='ocrx_word' id='word_1_47' title='bbox 758 782 927 836; x_wconf 79' lang='lat' dir='ltr'><strong>venire</strong></span> <span class='ocrx_word' id='word_1_48' title='bbox 951 782 993 847; x_wconf 80' lang='grc'>⁸,</span> <span class='ocrx_word' id='word_1_49' title='bbox 1027 789 1102 844; x_wconf 88' lang='lat' dir='ltr'><strong>et,</strong></span> <span class='ocrx_word' id='word_1_50' title='bbox 1137 779 1240 845; x_wconf 84' lang='lat' dir='ltr'><strong>Qui</strong></span> <span class='ocrx_word' id='word_1_51' title='bbox 1272 777 1376 831; x_wconf 82' lang='lat' dir='ltr'><strong>vult</strong></span> <span class='ocrx_word' id='word_1_52' title='bbox 1405 793 1547 829; x_wconf 83' lang='lat' dir='ltr'><strong>meus</strong></span> <span class='ocrx_word' id='word_1_53' title='bbox 1581 791 1689 829; x_wconf 78' lang='lat' dir='ltr'><strong>esse</strong></span> <span class='ocrx_word' id='word_1_54' title='bbox 1709 773 1995 843; x_wconf 72' lang='lat' dir='ltr'><strong>discipulus</strong></span> <span class='ocrx_word' id='word_1_55' title='bbox 2023 774 2076 840; x_wconf 81' lang='grc'><strong>⁶;</strong></span> 
     </span>
    </p>
   </div>
   <div class='ocr_carea' id='block_1_9' title="bbox 501 866 2082 944">
    <p class='ocr_par' dir='ltr' id='par_1_9' title="bbox 501 866 2082 944">
     <span class='ocr_line' id='line_1_9' title="bbox 501 866 2082 944; baseline -0.006 -14"><span class='ocrx_word' id='word_1_56' title='bbox 501 876 595 930; x_wconf 83' lang='lat' dir='ltr'><strong>sed</strong></span> <span class='ocrx_word' id='word_1_57' title='bbox 628 874 717 929; x_wconf 89' lang='lat' dir='ltr'><strong>ubi</strong></span> <span class='ocrx_word' id='word_1_58' title='bbox 750 873 1054 944; x_wconf 81' lang='lat' dir='ltr'><strong>quempiam</strong></span> <span class='ocrx_word' id='word_1_59' title='bbox 1084 871 1300 934; x_wconf 89' lang='lat' dir='ltr'><strong>adierit,</strong></span> <span class='ocrx_word' id='word_1_60' title='bbox 1350 868 1549 922; x_wconf 87' lang='lat' dir='ltr'><strong>mdlam</strong></span> <span class='ocrx_word' id='word_1_61' title='bbox 1592 866 1789 922; x_wconf 79' lang='lat' dir='ltr'><strong>inferat</strong></span> <span class='ocrx_word' id='word_1_62' title='bbox 1813 869 1944 930; x_wconf 89' lang='lat' dir='ltr'><strong>vim,</strong></span> <span class='ocrx_word' id='word_1_63' title='bbox 1986 866 2082 921; x_wconf 89' lang='lat' dir='ltr'><strong>sed</strong></span> 
     </span>
    </p>
   </div>
   <div class='ocr_carea' id='block_1_10' title="bbox 502 960 2083 1037">
    <p class='ocr_par' dir='ltr' id='par_1_10' title="bbox 502 960 2083 1037">
     <span class='ocr_line' id='line_1_10' title="bbox 502 960 2083 1037; baseline -0.006 -17"><span class='ocrx_word' id='word_1_64' title='bbox 502 968 681 1033; x_wconf 90' lang='lat' dir='ltr'><strong>potius</strong></span> <span class='ocrx_word' id='word_1_65' title='bbox 725 966 987 1037; x_wconf 86' lang='lat' dir='ltr'><strong>pulsando</strong></span> <span class='ocrx_word' id='word_1_66' title='bbox 1039 965 1153 1019; x_wconf 64' lang='lat' dir='ltr'><strong>haec</strong></span> <span class='ocrx_word' id='word_1_67' title='bbox 1201 965 1487 1031; x_wconf 87' lang='lat' dir='ltr'><strong>loquatur:</strong></span> <span class='ocrx_word' id='word_1_68' title='bbox 1523 960 1681 1028; x_wconf 80' lang='lat' dir='ltr'><strong>Aperi</strong></span> <span class='ocrx_word' id='word_1_69' title='bbox 1729 960 1895 1025; x_wconf 83' lang='lat' dir='ltr'><strong>mihi,</strong></span> <span class='ocrx_word' id='word_1_70' title='bbox 1932 975 2083 1013; x_wconf 83' lang='lat' dir='ltr'><strong>soror</strong></span> 
     </span>
    </p>
   </div>
   <div class='ocr_carea' id='block_1_11' title="bbox 502 1051 2080 1130">
    <p class='ocr_par' dir='ltr' id='par_1_11' title="bbox 502 1051 2080 1130">
     <span class='ocr_line' id='line_1_11' title="bbox 502 1051 2080 1130; baseline -0.008 -16"><span class='ocrx_word' id='word_1_71' title='bbox 502 1077 620 1114; x_wconf 84' lang='lat' dir='ltr'><strong>mea</strong></span> <span class='ocrx_word' id='word_1_72' title='bbox 667 1077 857 1130; x_wconf 79' lang='lat' dir='ltr'><strong>sponsa</strong></span> <span class='ocrx_word' id='word_1_73' title='bbox 885 1060 929 1113; x_wconf 86' lang='grc'><strong>⁷.</strong></span> <span class='ocrx_word' id='word_1_74' title='bbox 993 1056 1145 1112; x_wconf 83' lang='lat' dir='ltr'><strong>Tunc</strong></span> <span class='ocrx_word' id='word_1_75' title='bbox 1190 1055 1236 1110; x_wconf 89' lang='lat' dir='ltr'><strong>si</strong></span> <span class='ocrx_word' id='word_1_76' title='bbox 1290 1052 1574 1123; x_wconf 87' lang='lat' dir='ltr'><strong>aperiant,</strong></span> <span class='ocrx_word' id='word_1_77' title='bbox 1620 1052 1964 1122; x_wconf 88' lang='lat' dir='ltr'><strong>ingreditur:</strong></span> <span class='ocrx_word' id='word_1_78' title='bbox 1999 1051 2080 1104; x_wconf 89' lang='lat' dir='ltr'><strong>sin</strong></span> 
     </span>
    </p>
   </div>
   <div class='ocr_carea' id='block_1_12' title="bbox 506 1140 2082 1220">
    <p class='ocr_par' dir='ltr' id='par_1_12' title="bbox 506 1140 2082 1220">
     <span class='ocr_line' id='line_1_12' title="bbox 506 1140 2082 1220; baseline -0.006 -16"><span class='ocrx_word' id='word_1_79' title='bbox 506 1149 782 1220; x_wconf 81' lang='lat' dir='ltr'><strong>negligant</strong></span> <span class='ocrx_word' id='word_1_80' title='bbox 819 1149 1196 1216; x_wconf 83' lang='lat' dir='ltr'><strong>abnuantque,</strong></span> <span class='ocrx_word' id='word_1_81' title='bbox 1248 1144 1474 1200; x_wconf 85' lang='lat' dir='ltr'><strong>secedit.</strong></span> <span class='ocrx_word' id='word_1_82' title='bbox 1530 1142 1645 1196; x_wconf 86' lang='lat' dir='ltr'><strong>Non</strong></span> <span class='ocrx_word' id='word_1_83' title='bbox 1695 1143 1837 1195; x_wconf 90' lang='lat' dir='ltr'><strong>enim</strong></span> <span class='ocrx_word' id='word_1_84' title='bbox 1888 1140 2082 1209; x_wconf 79' lang='lat' dir='ltr'><strong>gladiis</strong></span> 
     </span>
    </p>
   </div>
   <div class='ocr_carea' id='block_1_13' title="bbox 507 1234 2081 1305">
    <p class='ocr_par' dir='ltr' id='par_1_13' title="bbox 507 1234 2081 1305">
     <span class='ocr_line' id='line_1_13' title="bbox 507 1234 2081 1305; baseline -0.004 -12"><span class='ocrx_word' id='word_1_85' title='bbox 507 1248 603 1293; x_wconf 89' lang='lat' dir='ltr'><strong>aut</strong></span> <span class='ocrx_word' id='word_1_86' title='bbox 640 1239 783 1305; x_wconf 84' lang='lat' dir='ltr'><strong>telis,</strong></span> <span class='ocrx_word' id='word_1_87' title='bbox 830 1257 936 1295; x_wconf 91' lang='lat' dir='ltr'><strong>non</strong></span> <span class='ocrx_word' id='word_1_88' title='bbox 988 1239 1218 1293; x_wconf 87' lang='lat' dir='ltr'><strong>militum</strong></span> <span class='ocrx_word' id='word_1_89' title='bbox 1272 1251 1454 1300; x_wconf 88' lang='lat' dir='ltr'><strong>manu,</strong></span> <span class='ocrx_word' id='word_1_90' title='bbox 1489 1235 1690 1289; x_wconf 89' lang='lat' dir='ltr'><strong>veritas</strong></span> <span class='ocrx_word' id='word_1_91' title='bbox 1739 1234 2081 1303; x_wconf 64' lang='lat' dir='ltr'><strong>praedicatur,</strong></span> 
     </span>
    </p>
   </div>
   <div class='ocr_carea' id='block_1_14' title="bbox 506 1326 2079 1396">
    <p class='ocr_par' dir='ltr' id='par_1_14' title="bbox 506 1326 2079 1396">
     <span class='ocr_line' id='line_1_14' title="bbox 506 1326 2079 1396; baseline -0.006 -9"><span class='ocrx_word' id='word_1_92' title='bbox 506 1334 601 1388; x_wconf 90' lang='lat' dir='ltr'><strong>sed</strong></span> <span class='ocrx_word' id='word_1_93' title='bbox 625 1335 874 1389; x_wconf 85' lang='lat' dir='ltr'><strong>suasione</strong></span> <span class='ocrx_word' id='word_1_94' title='bbox 901 1343 954 1387; x_wconf 90' lang='lat' dir='ltr'><strong>et</strong></span> <span class='ocrx_word' id='word_1_95' title='bbox 984 1332 1235 1387; x_wconf 87' lang='lat' dir='ltr'><strong>consilio.</strong></span> <span class='ocrx_word' id='word_1_96' title='bbox 1271 1329 1527 1396; x_wconf 79' lang='lat' dir='ltr'><strong>Quaenam</strong></span> <span class='ocrx_word' id='word_1_97' title='bbox 1558 1338 1735 1381; x_wconf 91' lang='lat' dir='ltr'><strong>autem</strong></span> <span class='ocrx_word' id='word_1_98' title='bbox 1782 1328 1851 1381; x_wconf 87' lang='lat' dir='ltr'><strong>ibi</strong></span> <span class='ocrx_word' id='word_1_99' title='bbox 1883 1326 2079 1387; x_wconf 85' lang='lat' dir='ltr'><strong>suasio,</strong></span> 
     </span>
    </p>
   </div>
   <div class='ocr_carea' id='block_1_15' title="bbox 506 1418 2080 1495">
    <p class='ocr_par' dir='ltr' id='par_1_15' title="bbox 506 1418 2080 1495">
     <span class='ocr_line' id='line_1_15' title="bbox 506 1418 2080 1495; baseline -0.006 -16"><span class='ocrx_word' id='word_1_100' title='bbox 506 1427 599 1480; x_wconf 86' lang='lat' dir='ltr'><strong>ubi</strong></span> <span class='ocrx_word' id='word_1_101' title='bbox 628 1426 976 1495; x_wconf 85' lang='lat' dir='ltr'><strong>imperatoris</strong></span> <span class='ocrx_word' id='word_1_102' title='bbox 1023 1423 1286 1479; x_wconf 76' lang='lat' dir='ltr'><strong>formido“!</strong></span> <span class='ocrx_word' id='word_1_103' title='bbox 1329 1421 1433 1474; x_wconf 85' lang='lat' dir='ltr'><strong>Aut</strong></span> <span class='ocrx_word' id='word_1_104' title='bbox 1472 1420 1739 1490; x_wconf 83' lang='lat' dir='ltr'><strong>quodnam</strong></span> <span class='ocrx_word' id='word_1_105' title='bbox 1774 1418 2080 1481; x_wconf 83' lang='lat' dir='ltr'><strong>consilium,</strong></span> 
     </span>
    </p>
   </div>
   <div class='ocr_carea' id='block_1_16' title="bbox 506 1509 2084 1586">
    <p class='ocr_par' dir='ltr' id='par_1_16' title="bbox 506 1509 2084 1586">
     <span class='ocr_line' id='line_1_16' title="bbox 506 1509 2084 1586; baseline -0.006 -15"><span class='ocrx_word' id='word_1_106' title='bbox 506 1518 597 1572; x_wconf 85' lang='lat' dir='ltr'><strong>ubi</strong></span> <span class='ocrx_word' id='word_1_107' title='bbox 618 1518 710 1586; x_wconf 87' lang='lat' dir='ltr'><strong>qui</strong></span> <span class='ocrx_word' id='word_1_108' title='bbox 736 1516 945 1582; x_wconf 88' lang='lat' dir='ltr'><strong>abnuit,</strong></span> <span class='ocrx_word' id='word_1_109' title='bbox 970 1516 1159 1570; x_wconf 83' lang='lat' dir='ltr'><strong>exsilio</strong></span> <span class='ocrx_word' id='word_1_110' title='bbox 1195 1515 1409 1567; x_wconf 85' lang='lat' dir='ltr'><strong>tandem</strong></span> <span class='ocrx_word' id='word_1_111' title='bbox 1444 1512 1527 1565; x_wconf 89' lang='lat' dir='ltr'><strong>vel</strong></span> <span class='ocrx_word' id='word_1_112' title='bbox 1560 1522 1734 1565; x_wconf 86' lang='lat' dir='ltr'><strong>morte</strong></span> <span class='ocrx_word' id='word_1_113' title='bbox 1790 1509 2084 1563; x_wconf 87' lang='lat' dir='ltr'><strong>multatur?</strong></span> 
     </span>
    </p>
   </div>
   <div class='ocr_carea' id='block_1_17' title="bbox 508 1604 2085 1674">
    <p class='ocr_par' dir='ltr' id='par_1_17' title="bbox 508 1604 2085 1674">
     <span class='ocr_line' id='line_1_17' title="bbox 508 1604 2085 1674; baseline -0.008 -9"><span class='ocrx_word' id='word_1_114' title='bbox 508 1610 679 1665; x_wconf 86' lang='lat' dir='ltr'><strong>David</strong></span> <span class='ocrx_word' id='word_1_115' title='bbox 704 1620 880 1674; x_wconf 85' lang='lat' dir='ltr'><strong>certe,</strong></span> <span class='ocrx_word' id='word_1_116' title='bbox 920 1625 1011 1663; x_wconf 80' lang='lat' dir='ltr'><strong>rex</strong></span> <span class='ocrx_word' id='word_1_117' title='bbox 1043 1608 1291 1674; x_wconf 80' lang='lat' dir='ltr'><strong>quamvis</strong></span> <span class='ocrx_word' id='word_1_118' title='bbox 1333 1615 1519 1668; x_wconf 87' lang='lat' dir='ltr'><strong>esset,</strong></span> <span class='ocrx_word' id='word_1_119' title='bbox 1565 1619 1684 1657; x_wconf 90' lang='lat' dir='ltr'><strong>cum</strong></span> <span class='ocrx_word' id='word_1_120' title='bbox 1731 1604 1940 1655; x_wconf 83' lang='lat' dir='ltr'><strong>hostem</strong></span> <span class='ocrx_word' id='word_1_121' title='bbox 1977 1616 2085 1669; x_wconf 67' lang='lat' dir='ltr'><strong>pra:</strong></span> 
     </span>
    </p>
   </div>
   <div class='ocr_carea' id='block_1_18' title="bbox 506 1693 2086 1769">
    <p class='ocr_par' dir='ltr' id='par_1_18' title="bbox 506 1693 2086 1769">
     <span class='ocr_line' id='line_1_18' title="bbox 506 1693 2086 1769; baseline -0.006 -13"><span class='ocrx_word' id='word_1_122' title='bbox 506 1704 761 1759; x_wconf 88' lang='lat' dir='ltr'><strong>manibus</strong></span> <span class='ocrx_word' id='word_1_123' title='bbox 814 1702 1058 1769; x_wconf 90' lang='lat' dir='ltr'><strong>haberet,</strong></span> <span class='ocrx_word' id='word_1_124' title='bbox 1120 1702 1316 1754; x_wconf 87' lang='lat' dir='ltr'><strong>milites</strong></span> <span class='ocrx_word' id='word_1_125' title='bbox 1367 1698 1482 1766; x_wconf 86' lang='lat' dir='ltr'><strong>ejus</strong></span> <span class='ocrx_word' id='word_1_126' title='bbox 1531 1696 1887 1751; x_wconf 84' lang='lat' dir='ltr'><strong>interficiendi</strong></span> <span class='ocrx_word' id='word_1_127' title='bbox 1938 1693 2086 1763; x_wconf 88' lang='lat' dir='ltr'><strong>cupi-</strong></span> 
     </span>
    </p>
   </div>
   <div class='ocr_carea' id='block_1_19' title="bbox 2179 581 3747 658">
    <p class='ocr_par' dir='ltr' id='par_1_19' title="bbox 2179 581 3747 658">
     <span class='ocr_line' id='line_1_19' title="bbox 2179 581 3747 658; baseline -0.002 -17"><span class='ocrx_word' id='word_1_128' title='bbox 2179 588 2363 642; x_wconf 87' lang='grc' dir='ltr'>εάσσει</span> <span class='ocrx_word' id='word_1_129' title='bbox 2399 586 2509 658; x_wconf 72' lang='grc'><strong>(29)</strong></span> <span class='ocrx_word' id='word_1_130' title='bbox 2559 587 2656 650; x_wconf 78' lang='grc' dir='ltr'>τὰς</span> <span class='ocrx_word' id='word_1_131' title='bbox 2699 585 2868 658; x_wconf 83' lang='grc' dir='ltr'>θύρας</span> <span class='ocrx_word' id='word_1_132' title='bbox 2897 585 3006 637; x_wconf 86' lang='grc' dir='ltr'>τῶν</span> <span class='ocrx_word' id='word_1_133' title='bbox 3039 581 3341 655; x_wconf 82' lang='grc' dir='ltr'><strong>δεχομένων</strong></span> <span class='ocrx_word' id='word_1_134' title='bbox 3379 585 3567 638; x_wconf 79' lang='grc' dir='ltr'>αὐτόν.</span> <span class='ocrx_word' id='word_1_135' title='bbox 3612 586 3667 638; x_wconf 85' lang='lat'><strong>&#39;0</strong></span> <span class='ocrx_word' id='word_1_136' title='bbox 3696 584 3747 638; x_wconf 79' lang='grc' dir='ltr'><strong>δὲ</strong></span> 
     </span>
    </p>
   </div>
   <div class='ocr_carea' id='block_1_20' title="bbox 2178 677 3748 751">
    <p class='ocr_par' dir='ltr' id='par_1_20' title="bbox 2178 677 3748 751">
     <span class='ocr_line' id='line_1_20' title="bbox 2178 677 3748 751; baseline -0.002 -18"><span class='ocrx_word' id='word_1_137' title='bbox 2178 680 2367 751; x_wconf 85' lang='grc' dir='ltr'>Σωτὴρ</span> <span class='ocrx_word' id='word_1_138' title='bbox 2399 679 2570 743; x_wconf 75' lang='grc' dir='ltr'>οὕτως</span> <span class='ocrx_word' id='word_1_139' title='bbox 2607 678 2723 731; x_wconf 81' lang='grc' dir='ltr'>ἐστὶ</span> <span class='ocrx_word' id='word_1_140' title='bbox 2757 679 2951 747; x_wconf 81' lang='grc' dir='ltr'>πρᾶος,</span> <span class='ocrx_word' id='word_1_141' title='bbox 2993 677 3068 740; x_wconf 88' lang='grc' dir='ltr'>ὡς</span> <span class='ocrx_word' id='word_1_142' title='bbox 3098 677 3367 731; x_wconf 77' lang='grc' dir='ltr'><strong>διδάσκειν</strong></span> <span class='ocrx_word' id='word_1_143' title='bbox 3397 678 3516 748; x_wconf 80' lang='grc' dir='ltr'>μὲν,</span> <span class='ocrx_word' id='word_1_144' title='bbox 3553 677 3629 731; x_wconf 76' lang='lat' dir='ltr'><em>EI</em></span> <span class='ocrx_word' id='word_1_145' title='bbox 3666 695 3748 743; x_wconf 83' lang='grc' dir='ltr'><strong>τις</strong></span> 
     </span>
    </p>
   </div>
   <div class='ocr_carea' id='block_1_21' title="bbox 2179 768 3748 839">
    <p class='ocr_par' dir='ltr' id='par_1_21' title="bbox 2179 768 3748 839">
     <span class='ocr_line' id='line_1_21' title="bbox 2179 768 3748 839; baseline -0.003 -13"><span class='ocrx_word' id='word_1_146' title='bbox 2179 771 2338 827; x_wconf 80' lang='grc' dir='ltr'>θέλει</span> <span class='ocrx_word' id='word_1_147' title='bbox 2368 771 2559 824; x_wconf 83' lang='grc' dir='ltr'><em>ὀπίσω</em></span> <span class='ocrx_word' id='word_1_148' title='bbox 2585 788 2703 839; x_wconf 82' lang='grc' dir='ltr'><strong>μου</strong></span> <span class='ocrx_word' id='word_1_149' title='bbox 2742 769 2959 824; x_wconf 78' lang='grc' dir='ltr'><strong>ἐλθεῖν·</strong></span> <span class='ocrx_word' id='word_1_150' title='bbox 2996 770 3109 835; x_wconf 70' lang='grc' dir='ltr'>καὶ,</span> <span class='ocrx_word' id='word_1_151' title='bbox 3148 769 3210 821; x_wconf 90' lang='lat'><strong>&#39;0</strong></span> <span class='ocrx_word' id='word_1_152' title='bbox 3236 768 3429 823; x_wconf 79' lang='grc' dir='ltr'>θέλων</span> <span class='ocrx_word' id='word_1_153' title='bbox 3459 769 3619 823; x_wconf 68' lang='grc' dir='ltr'>εἶναι</span> <span class='ocrx_word' id='word_1_154' title='bbox 3642 780 3748 837; x_wconf 80' lang='grc' dir='ltr'><strong>μου</strong></span> 
     </span>
    </p>
   </div>
   <div class='ocr_carea' id='block_1_22' title="bbox 2174 861 3745 935">
    <p class='ocr_par' dir='ltr' id='par_1_22' title="bbox 2174 861 3745 935">
     <span class='ocr_line' id='line_1_22' title="bbox 2174 861 3745 935; baseline -0.003 -16"><span class='ocrx_word' id='word_1_155' title='bbox 2174 864 2445 934; x_wconf 82' lang='grc' dir='ltr'>μαθητής</span> <span class='ocrx_word' id='word_1_156' title='bbox 2469 880 2482 892; x_wconf 89' lang='grc'><strong>·</strong></span> <span class='ocrx_word' id='word_1_157' title='bbox 2523 864 2811 935; x_wconf 78' lang='grc' dir='ltr'>ἐρχόμενον</span> <span class='ocrx_word' id='word_1_158' title='bbox 2839 862 2895 915; x_wconf 78' lang='grc' dir='ltr'>δὲ</span> <span class='ocrx_word' id='word_1_159' title='bbox 2925 862 3059 931; x_wconf 83' lang='grc' dir='ltr'>πρὸς</span> <span class='ocrx_word' id='word_1_160' title='bbox 3091 861 3322 914; x_wconf 72' lang='grc' dir='ltr'>ἕκαστον</span> <span class='ocrx_word' id='word_1_161' title='bbox 3353 861 3429 933; x_wconf 84' lang='grc' dir='ltr'>μὴ</span> <span class='ocrx_word' id='word_1_162' title='bbox 3450 861 3745 932; x_wconf 77' lang='grc' dir='ltr'>βιάζεσθαι,</span> 
     </span>
    </p>
   </div>
   <div class='ocr_carea' id='block_1_23' title="bbox 2179 954 3745 1028">
    <p class='ocr_par' dir='ltr' id='par_1_23' title="bbox 2179 954 3745 1028">
     <span class='ocr_line' id='line_1_23' title="bbox 2179 954 3745 1028; baseline -0.002 -17"><span class='ocrx_word' id='word_1_163' title='bbox 2179 957 2314 1012; x_wconf 78' lang='grc' dir='ltr'>ἀλλὰ</span> <span class='ocrx_word' id='word_1_164' title='bbox 2346 957 2542 1028; x_wconf 77' lang='grc' dir='ltr'>μᾶλλον</span> <span class='ocrx_word' id='word_1_165' title='bbox 2597 955 2809 1027; x_wconf 78' lang='grc' dir='ltr'>κρούειν</span> <span class='ocrx_word' id='word_1_166' title='bbox 2840 972 2899 1008; x_wconf 90' lang='grc' dir='ltr'><strong>τε</strong></span> <span class='ocrx_word' id='word_1_167' title='bbox 2943 956 3039 1009; x_wconf 72' lang='grc' dir='ltr'><strong>καὶ</strong></span> <span class='ocrx_word' id='word_1_168' title='bbox 3078 954 3278 1024; x_wconf 87' lang='grc' dir='ltr'>λέγειν·</span> <span class='ocrx_word' id='word_1_169' title='bbox 3326 955 3613 1019; x_wconf 76' lang='grc' dir='ltr'>Ἀνοιξόν</span> <span class='ocrx_word' id='word_1_170' title='bbox 3630 973 3745 1024; x_wconf 81' lang='grc' dir='ltr'>μοι,</span> 
     </span>
    </p>
   </div>
   <div class='ocr_carea' id='block_1_24' title="bbox 2180 1047 3753 1119">
    <p class='ocr_par' dir='ltr' id='par_1_24' title="bbox 2180 1047 3753 1119">
     <span class='ocr_line' id='line_1_24' title="bbox 2180 1047 3753 1119; baseline -0.003 -14"><span class='ocrx_word' id='word_1_171' title='bbox 2180 1048 2411 1118; x_wconf 63' lang='grc' dir='ltr'>ἀδελφή</span> <span class='ocrx_word' id='word_1_172' title='bbox 2450 1068 2569 1118; x_wconf 85' lang='grc' dir='ltr'><strong>μου</strong></span> <span class='ocrx_word' id='word_1_173' title='bbox 2601 1052 2800 1119; x_wconf 65' lang='grc' dir='ltr'>νύμφη</span> <span class='ocrx_word' id='word_1_174' title='bbox 2822 1066 2835 1079; x_wconf 78' lang='grc' dir='ltr'><strong>ο</strong></span> <span class='ocrx_word' id='word_1_175' title='bbox 2878 1049 2971 1101; x_wconf 73' lang='grc' dir='ltr'><strong>καὶ</strong></span> <span class='ocrx_word' id='word_1_176' title='bbox 3000 1049 3322 1117; x_wconf 84' lang='grc' dir='ltr'>ἀνοιγόντων</span> <span class='ocrx_word' id='word_1_177' title='bbox 3357 1048 3478 1118; x_wconf 79' lang='grc' dir='ltr'>μὲν,</span> <span class='ocrx_word' id='word_1_178' title='bbox 3522 1047 3753 1118; x_wconf 81' lang='grc' dir='ltr'>εἰσέρχε-</span> 
     </span>
    </p>
   </div>
   <div class='ocr_carea' id='block_1_25' title="bbox 2179 1140 3753 1212">
    <p class='ocr_par' dir='ltr' id='par_1_25' title="bbox 2179 1140 3753 1212">
     <span class='ocr_line' id='line_1_25' title="bbox 2179 1140 3753 1212; baseline -0.001 -18"><span class='ocrx_word' id='word_1_179' title='bbox 2179 1159 2289 1205; x_wconf 87' lang='grc' dir='ltr'>ται,</span> <span class='ocrx_word' id='word_1_180' title='bbox 2323 1141 2621 1195; x_wconf 81' lang='grc' dir='ltr'>ὀκνούντων</span> <span class='ocrx_word' id='word_1_181' title='bbox 2650 1142 2705 1194; x_wconf 81' lang='grc' dir='ltr'><strong>δὲ</strong></span> <span class='ocrx_word' id='word_1_182' title='bbox 2732 1142 2826 1196; x_wconf 72' lang='grc' dir='ltr'><strong>καὶ</strong></span> <span class='ocrx_word' id='word_1_183' title='bbox 2857 1142 2931 1212; x_wconf 83' lang='grc' dir='ltr'>μὴ</span> <span class='ocrx_word' id='word_1_184' title='bbox 2960 1140 3219 1194; x_wconf 86' lang='grc' dir='ltr'>θελόντων</span> <span class='ocrx_word' id='word_1_185' title='bbox 3261 1141 3509 1205; x_wconf 83' lang='grc' dir='ltr'>ἐκείνων,</span> <span class='ocrx_word' id='word_1_186' title='bbox 3541 1140 3753 1210; x_wconf 78' lang='grc' dir='ltr'>ἁναχω·</span> 
     </span>
    </p>
   </div>
   <div class='ocr_carea' id='block_1_26' title="bbox 2184 1229 3755 1301">
    <p class='ocr_par' dir='ltr' id='par_1_26' title="bbox 2184 1229 3755 1301">
     <span class='ocr_line' id='line_1_26' title="bbox 2184 1229 3755 1301; baseline 0 -19"><span class='ocrx_word' id='word_1_187' title='bbox 2184 1232 2283 1300; x_wconf 89' lang='grc' dir='ltr'>ρεῖ.</span> <span class='ocrx_word' id='word_1_188' title='bbox 2318 1231 2390 1282; x_wconf 77' lang='grc' dir='ltr'><strong>Οὐ</strong></span> <span class='ocrx_word' id='word_1_189' title='bbox 2428 1229 2535 1301; x_wconf 73' lang='grc' dir='ltr'><strong>γάρ</strong></span> <span class='ocrx_word' id='word_1_190' title='bbox 2563 1229 2787 1298; x_wconf 79' lang='grc' dir='ltr'>ξίφεσιν,</span> <span class='ocrx_word' id='word_1_191' title='bbox 2823 1232 2854 1301; x_wconf 83' lang='grc' dir='ltr'><strong>ἢ</strong></span> <span class='ocrx_word' id='word_1_192' title='bbox 2891 1230 3116 1300; x_wconf 83' lang='grc' dir='ltr'><strong>βέλεσιν,</strong></span> <span class='ocrx_word' id='word_1_193' title='bbox 3140 1231 3263 1283; x_wconf 71' lang='grc' dir='ltr'>οὐδὲ</span> <span class='ocrx_word' id='word_1_194' title='bbox 3292 1230 3381 1283; x_wconf 78' lang='grc' dir='ltr'>διὰ</span> <span class='ocrx_word' id='word_1_195' title='bbox 3415 1231 3755 1301; x_wconf 75' lang='grc' dir='ltr'>στρατιωτῶν</span> 
     </span>
    </p>
   </div>
   <div class='ocr_carea' id='block_1_27' title="bbox 2180 1323 3755 1394">
    <p class='ocr_par' dir='ltr' id='par_1_27' title="bbox 2180 1323 3755 1394">
     <span class='ocr_line' id='line_1_27' title="bbox 2180 1323 3755 1394; baseline 0.001 -19"><span class='ocrx_word' id='word_1_196' title='bbox 2180 1325 2213 1393; x_wconf 79' lang='grc' dir='ltr'>ὴ</span> <span class='ocrx_word' id='word_1_197' title='bbox 2244 1323 2468 1394; x_wconf 79' lang='grc' dir='ltr'>ἀλήθεια</span> <span class='ocrx_word' id='word_1_198' title='bbox 2512 1324 2955 1392; x_wconf 78' lang='grc' dir='ltr'><strong>καταγγέλλεται,</strong></span> <span class='ocrx_word' id='word_1_199' title='bbox 3005 1323 3137 1376; x_wconf 78' lang='grc' dir='ltr'>ἀλλὰ</span> <span class='ocrx_word' id='word_1_200' title='bbox 3183 1324 3361 1376; x_wconf 87' lang='grc' dir='ltr'>πειθοῖ</span> <span class='ocrx_word' id='word_1_201' title='bbox 3401 1324 3497 1376; x_wconf 67' lang='grc' dir='ltr'><strong>καὶ</strong></span> <span class='ocrx_word' id='word_1_202' title='bbox 3530 1323 3755 1394; x_wconf 80' lang='grc' dir='ltr'>συμϐου-</span> 
     </span>
    </p>
   </div>
   <div class='ocr_carea' id='block_1_28' title="bbox 2182 1412 3756 1486">
    <p class='ocr_par' dir='ltr' id='par_1_28' title="bbox 2182 1412 3756 1486">
     <span class='ocr_line' id='line_1_28' title="bbox 2182 1412 3756 1486; baseline 0.001 -18"><span class='ocrx_word' id='word_1_203' title='bbox 2182 1415 2291 1485; x_wconf 76' lang='grc' dir='ltr'>λία.</span> <span class='ocrx_word' id='word_1_204' title='bbox 2329 1416 2464 1467; x_wconf 88' lang='grc' dir='ltr'>Ποία</span> <span class='ocrx_word' id='word_1_205' title='bbox 2492 1412 2584 1469; x_wconf 80' lang='grc' dir='ltr'><strong>οὖν</strong></span> <span class='ocrx_word' id='word_1_206' title='bbox 2614 1415 2804 1479; x_wconf 86' lang='grc' dir='ltr'>πειθὼ,</span> <span class='ocrx_word' id='word_1_207' title='bbox 2842 1415 2969 1468; x_wconf 76' lang='grc' dir='ltr'>ἔνθα</span> <span class='ocrx_word' id='word_1_208' title='bbox 2997 1416 3264 1486; x_wconf 82' lang='grc' dir='ltr'>βασιλέως</span> <span class='ocrx_word' id='word_1_209' title='bbox 3299 1415 3497 1483; x_wconf 77' lang='grc' dir='ltr'>φόϐος;</span> <span class='ocrx_word' id='word_1_210' title='bbox 3536 1416 3606 1468; x_wconf 88' lang='grc' dir='ltr'><strong><em>Ἢ</em></strong></span> <span class='ocrx_word' id='word_1_211' title='bbox 3637 1418 3756 1469; x_wconf 84' lang='grc' dir='ltr'>ποία</span> 
     </span>
    </p>
   </div>
   <div class='ocr_carea' id='block_1_29' title="bbox 2186 1500 3755 1578">
    <p class='ocr_par' dir='ltr' id='par_1_29' title="bbox 2186 1500 3755 1578">
     <span class='ocr_line' id='line_1_29' title="bbox 2186 1500 3755 1578; baseline 0.001 -21"><span class='ocrx_word' id='word_1_212' title='bbox 2186 1506 2504 1576; x_wconf 88' lang='grc' dir='ltr'>συμϐουλία,</span> <span class='ocrx_word' id='word_1_213' title='bbox 2540 1506 2596 1558; x_wconf 86' lang='grc' dir='ltr'><strong>ἐν</strong></span> <span class='ocrx_word' id='word_1_214' title='bbox 2690 1509 2717 1559; x_wconf 85' lang='grc' dir='ltr'>ὁ</span> <span class='ocrx_word' id='word_1_215' title='bbox 2740 1507 3029 1574; x_wconf 72' lang='grc' dir='ltr'>ἀντιλέγων</span> <span class='ocrx_word' id='word_1_216' title='bbox 3057 1507 3117 1558; x_wconf 89' lang='grc' dir='ltr'><strong>τὸ</strong></span> <span class='ocrx_word' id='word_1_217' title='bbox 3150 1506 3302 1569; x_wconf 82' lang='grc' dir='ltr'>τέλος</span> <span class='ocrx_word' id='word_1_218' title='bbox 3335 1504 3623 1577; x_wconf 79' lang='grc' dir='ltr'>ἐξορισμὸν</span> <span class='ocrx_word' id='word_1_219' title='bbox 3651 1501 3755 1577; x_wconf 71' lang='grc' dir='ltr'>ἔχει</span> 
     </span>
    </p>
   </div>
   <div class='ocr_carea' id='block_1_30' title="bbox 2184 1596 3754 1667">
    <p class='ocr_par' dir='ltr' id='par_1_30' title="bbox 2184 1596 3754 1667">
     <span class='ocr_line' id='line_1_30' title="bbox 2184 1596 3754 1667; baseline 0.001 -17"><span class='ocrx_word' id='word_1_220' title='bbox 2184 1598 2277 1650; x_wconf 82' lang='grc' dir='ltr'><strong>καὶ</strong></span> <span class='ocrx_word' id='word_1_221' title='bbox 2306 1596 2563 1661; x_wconf 88' lang='grc' dir='ltr'>θάνατον;</span> <span class='ocrx_word' id='word_1_222' title='bbox 2607 1598 2716 1650; x_wconf 76' lang='grc' dir='ltr'>Καὶ</span> <span class='ocrx_word' id='word_1_223' title='bbox 2751 1599 2777 1649; x_wconf 83' lang='grc' dir='ltr'><strong>ό</strong></span> <span class='ocrx_word' id='word_1_224' title='bbox 2813 1598 2911 1667; x_wconf 85' lang='grc' dir='ltr'><strong>μὲν</strong></span> <span class='ocrx_word' id='word_1_225' title='bbox 2943 1597 3105 1650; x_wconf 74' lang='grc' dir='ltr'>Δαϐὶδ</span> <span class='ocrx_word' id='word_1_226' title='bbox 3159 1598 3338 1650; x_wconf 89' lang='grc' dir='ltr'>καίτοι</span> <span class='ocrx_word' id='word_1_227' title='bbox 3379 1597 3636 1667; x_wconf 78' lang='grc' dir='ltr'>βασιλεὺς</span> <span class='ocrx_word' id='word_1_228' title='bbox 3665 1598 3754 1663; x_wconf 80' lang='grc' dir='ltr'>ὢν,</span> 
     </span>
    </p>
   </div>
   <div class='ocr_carea' id='block_1_31' title="bbox 2184 1686 3757 1763">
    <p class='ocr_par' dir='ltr' id='par_1_31' title="bbox 2184 1686 3757 1763">
     <span class='ocr_line' id='line_1_31' title="bbox 2184 1686 3757 1763; baseline 0.001 -24"><span class='ocrx_word' id='word_1_229' title='bbox 2184 1688 2277 1740; x_wconf 69' lang='grc' dir='ltr'><strong>καὶ</strong></span> <span class='ocrx_word' id='word_1_230' title='bbox 2327 1687 2417 1739; x_wconf 88' lang='grc' dir='ltr'><strong>τὸν</strong></span> <span class='ocrx_word' id='word_1_231' title='bbox 2462 1687 2652 1759; x_wconf 77' lang='grc' dir='ltr'>ἐχθρὸν</span> <span class='ocrx_word' id='word_1_232' title='bbox 2696 1688 2799 1739; x_wconf 82' lang='grc' dir='ltr'><strong>ὑπὸ</strong></span> <span class='ocrx_word' id='word_1_233' title='bbox 2838 1690 3026 1758; x_wconf 83' lang='grc' dir='ltr'>χεῖρας</span> <span class='ocrx_word' id='word_1_234' title='bbox 3072 1686 3230 1763; x_wconf 76' lang='grc' dir='ltr'>ἔχων,</span> <span class='ocrx_word' id='word_1_235' title='bbox 3265 1687 3518 1751; x_wconf 85' lang='grc' dir='ltr'>θέλοντάς</span> <span class='ocrx_word' id='word_1_236' title='bbox 3556 1705 3614 1739; x_wconf 91' lang='grc' dir='ltr'><strong>τε</strong></span> <span class='ocrx_word' id='word_1_237' title='bbox 3642 1690 3757 1752; x_wconf 69' lang='grc' dir='ltr'>τοὺς</span> 
     </span>
    </p>
   </div>
   <div class='ocr_carea' id='block_1_32' title="bbox 508 1774 2084 1864">
    <p class='ocr_par' dir='ltr' id='par_1_32' title="bbox 508 1788 2084 1864">
     <span class='ocr_line' id='line_1_32' title="bbox 508 1788 2084 1864; baseline -0.005 -17"><span class='ocrx_word' id='word_1_238' title='bbox 508 1795 641 1861; x_wconf 90' lang='lat' dir='ltr'><strong>dos,</strong></span> <span class='ocrx_word' id='word_1_239' title='bbox 688 1810 1027 1864; x_wconf 89' lang='lat' dir='ltr'><strong>nequaquam</strong></span> <span class='ocrx_word' id='word_1_240' title='bbox 1080 1793 1317 1863; x_wconf 80' lang='lat' dir='ltr'><strong>potentia</strong></span> <span class='ocrx_word' id='word_1_241' title='bbox 1371 1807 1464 1846; x_wconf 91' lang='lat' dir='ltr'><strong>sua</strong></span> <span class='ocrx_word' id='word_1_242' title='bbox 1514 1790 1704 1854; x_wconf 84' lang='lat' dir='ltr'><strong>vetuit,</strong></span> <span class='ocrx_word' id='word_1_243' title='bbox 1762 1788 1893 1854; x_wconf 87' lang='lat' dir='ltr'><strong>sed,</strong></span> <span class='ocrx_word' id='word_1_244' title='bbox 1928 1798 1985 1840; x_wconf 82' lang='grc' dir='ltr'><strong>ιιι</strong></span> <span class='ocrx_word' id='word_1_245' title='bbox 2010 1788 2084 1840; x_wconf 87' lang='lat' dir='ltr'><strong>ait</strong></span> 
     </span>
    </p>
   </div>
   <div class='ocr_carea' id='block_1_33' title="bbox 2177 1774 3759 1864">
    <p class='ocr_par' dir='ltr' id='par_1_33' title="bbox 2188 1774 3759 1849">
     <span class='ocr_line' id='line_1_33' title="bbox 2188 1774 3759 1849; baseline 0.001 -22"><span class='ocrx_word' id='word_1_246' title='bbox 2188 1774 2521 1846; x_wconf 81' lang='grc' dir='ltr'>στρατιώτας</span> <span class='ocrx_word' id='word_1_247' title='bbox 2578 1778 2892 1829; x_wconf 86' lang='grc' dir='ltr'>ἀποκτεῖναι</span> <span class='ocrx_word' id='word_1_248' title='bbox 2937 1776 3027 1828; x_wconf 87' lang='grc' dir='ltr'><strong>τὸν</strong></span> <span class='ocrx_word' id='word_1_249' title='bbox 3058 1776 3272 1846; x_wconf 76' lang='grc' dir='ltr'>ἐχθρὸν,</span> <span class='ocrx_word' id='word_1_250' title='bbox 3324 1778 3384 1829; x_wconf 72' lang='grc' dir='ltr'>οὗ</span> <span class='ocrx_word' id='word_1_251' title='bbox 3432 1780 3499 1847; x_wconf 82' lang='grc' dir='ltr'>τῇ</span> <span class='ocrx_word' id='word_1_252' title='bbox 3550 1777 3759 1849; x_wconf 67' lang='grc' dir='ltr'>ἐξουσίᾳ.</span> 
     </span>
    </p>
   </div>
   <div class='ocr_carea' id='block_1_34' title="bbox 511 1854 2084 1955">
    <p class='ocr_par' dir='ltr' id='par_1_34' title="bbox 511 1882 2081 1955">
     <span class='ocr_line' id='line_1_34' title="bbox 511 1882 2081 1955; baseline -0.004 -15"><span class='ocrx_word' id='word_1_253' title='bbox 511 1886 793 1955; x_wconf 89' lang='lat' dir='ltr'><strong>Scriptura</strong></span> <span class='ocrx_word' id='word_1_254' title='bbox 826 1887 868 1953; x_wconf 82' lang='grc'>⁸,</span> <span class='ocrx_word' id='word_1_255' title='bbox 918 1886 1050 1939; x_wconf 90' lang='lat' dir='ltr'><strong>viris</strong></span> <span class='ocrx_word' id='word_1_256' title='bbox 1094 1886 1205 1939; x_wconf 89' lang='lat' dir='ltr'><strong>suis</strong></span> <span class='ocrx_word' id='word_1_257' title='bbox 1244 1885 1409 1937; x_wconf 89' lang='lat' dir='ltr'><strong>David</strong></span> <span class='ocrx_word' id='word_1_258' title='bbox 1447 1883 1611 1936; x_wconf 88' lang='lat' dir='ltr'><strong>verbo</strong></span> <span class='ocrx_word' id='word_1_259' title='bbox 1651 1882 1954 1951; x_wconf 82' lang='lat' dir='ltr'><strong>persuasit,</strong></span> <span class='ocrx_word' id='word_1_260' title='bbox 1988 1897 2081 1934; x_wconf 92' lang='lat' dir='ltr'><strong>nc-</strong></span> 
     </span>
    </p>
   </div>
   <div class='ocr_carea' id='block_1_35' title="bbox 2177 1854 3759 1955">
    <p class='ocr_par' dir='ltr' id='par_1_35' title="bbox 2187 1865 3759 1937">
     <span class='ocr_line' id='line_1_35' title="bbox 2187 1865 3759 1937; baseline 0.003 -20"><span class='ocrx_word' id='word_1_261' title='bbox 2187 1865 2515 1930; x_wconf 83' lang='grc' dir='ltr'>κεκώλυκεν,</span> <span class='ocrx_word' id='word_1_262' title='bbox 2558 1865 2692 1931; x_wconf 86' lang='grc' dir='ltr'>ἀλλ’,</span> <span class='ocrx_word' id='word_1_263' title='bbox 2731 1865 2805 1927; x_wconf 80' lang='grc' dir='ltr'>ὡς</span> <span class='ocrx_word' id='word_1_264' title='bbox 2839 1867 2873 1936; x_wconf 81' lang='grc' dir='ltr'><strong>ἡ</strong></span> <span class='ocrx_word' id='word_1_265' title='bbox 2924 1867 3115 1937; x_wconf 75' lang='grc' dir='ltr'>Γραφή</span> <span class='ocrx_word' id='word_1_266' title='bbox 3152 1883 3339 1937; x_wconf 74' lang='grc' dir='ltr'>φησιν,</span> <span class='ocrx_word' id='word_1_267' title='bbox 3370 1866 3559 1920; x_wconf 76' lang='grc' dir='ltr'>ἔπεισε</span> <span class='ocrx_word' id='word_1_268' title='bbox 3605 1867 3759 1921; x_wconf 72' lang='grc' dir='ltr'>Δαϐὶδ</span> 
     </span>
    </p>
   </div>
   <div class='ocr_carea' id='block_1_36' title="bbox 510 1972 2085 2047">
    <p class='ocr_par' dir='ltr' id='par_1_36' title="bbox 510 1972 2085 2047">
     <span class='ocr_line' id='line_1_36' title="bbox 510 1972 2085 2047; baseline -0.004 -16"><span class='ocrx_word' id='word_1_269' title='bbox 510 1993 615 2047; x_wconf 90' lang='lat' dir='ltr'><strong>que</strong></span> <span class='ocrx_word' id='word_1_270' title='bbox 649 1977 828 2033; x_wconf 81' lang='lat' dir='ltr'><strong>Saulis</strong></span> <span class='ocrx_word' id='word_1_271' title='bbox 870 1977 1226 2032; x_wconf 86' lang='lat' dir='ltr'><strong>obtruncandi</strong></span> <span class='ocrx_word' id='word_1_272' title='bbox 1273 1975 1580 2028; x_wconf 82' lang='lat' dir='ltr'><strong>facultatem</strong></span> <span class='ocrx_word' id='word_1_273' title='bbox 1613 1974 1778 2027; x_wconf 87' lang='lat' dir='ltr'><strong>dedit.</strong></span> <span class='ocrx_word' id='word_1_274' title='bbox 1832 1972 1927 2026; x_wconf 84' lang='lat' dir='ltr'><strong>Hic</strong></span> <span class='ocrx_word' id='word_1_275' title='bbox 1959 1987 2085 2027; x_wconf 87' lang='lat' dir='ltr'><strong>vero</strong></span> 
     </span>
    </p>
   </div>
   <div class='ocr_carea' id='block_1_37' title="bbox 512 2064 2086 2137">
    <p class='ocr_par' dir='ltr' id='par_1_37' title="bbox 512 2064 2086 2137">
     <span class='ocr_line' id='line_1_37' title="bbox 512 2064 2086 2137; baseline -0.003 -16"><span class='ocrx_word' id='word_1_276' title='bbox 512 2069 660 2123; x_wconf 87' lang='lat' dir='ltr'><strong>nulla</strong></span> <span class='ocrx_word' id='word_1_277' title='bbox 688 2069 897 2122; x_wconf 87' lang='lat' dir='ltr'><strong>ratione</strong></span> <span class='ocrx_word' id='word_1_278' title='bbox 935 2068 1191 2137; x_wconf 83' lang='lat' dir='ltr'><strong>praeditus</strong></span> <span class='ocrx_word' id='word_1_279' title='bbox 1213 2104 1228 2129; x_wconf 94' lang='lat'><strong>,</strong></span> <span class='ocrx_word' id='word_1_280' title='bbox 1268 2074 1641 2134; x_wconf 87' lang='lat' dir='ltr'><strong>potestateque</strong></span> <span class='ocrx_word' id='word_1_281' title='bbox 1672 2080 1802 2119; x_wconf 90' lang='lat' dir='ltr'><strong>usus</strong></span> <span class='ocrx_word' id='word_1_282' title='bbox 1838 2064 2086 2118; x_wconf 87' lang='lat' dir='ltr'><strong>onmibus</strong></span> 
     </span>
    </p>
   </div>
   <div class='ocr_carea' id='block_1_38' title="bbox 510 2155 2088 2225">
    <p class='ocr_par' dir='ltr' id='par_1_38' title="bbox 510 2155 2088 2225">
     <span class='ocr_line' id='line_1_38' title="bbox 510 2155 2088 2225; baseline -0.003 -14"><span class='ocrx_word' id='word_1_283' title='bbox 510 2161 618 2215; x_wconf 85' lang='lat' dir='ltr'><strong>vim</strong></span> <span class='ocrx_word' id='word_1_284' title='bbox 653 2159 816 2215; x_wconf 86' lang='lat' dir='ltr'><strong>infert</strong></span> <span class='ocrx_word' id='word_1_285' title='bbox 848 2177 861 2213; x_wconf 91' lang='lat'>:</span> <span class='ocrx_word' id='word_1_286' title='bbox 898 2169 955 2212; x_wconf 91' lang='lat' dir='ltr'><strong>ut</strong></span> <span class='ocrx_word' id='word_1_287' title='bbox 982 2157 1113 2211; x_wconf 91' lang='lat' dir='ltr'><strong>nulli</strong></span> <span class='ocrx_word' id='word_1_288' title='bbox 1146 2173 1250 2210; x_wconf 91' lang='lat' dir='ltr'><strong>non</strong></span> <span class='ocrx_word' id='word_1_289' title='bbox 1281 2157 1456 2225; x_wconf 88' lang='lat' dir='ltr'><strong>palam</strong></span> <span class='ocrx_word' id='word_1_290' title='bbox 1489 2160 1578 2219; x_wconf 87' lang='lat' dir='ltr'><strong>sit,</strong></span> <span class='ocrx_word' id='word_1_291' title='bbox 1617 2155 1826 2207; x_wconf 89' lang='lat' dir='ltr'><strong>illorum</strong></span> <span class='ocrx_word' id='word_1_292' title='bbox 1861 2156 2088 2223; x_wconf 89' lang='lat' dir='ltr'><strong>pruden-</strong></span> 
     </span>
    </p>
   </div>
   <div class='ocr_carea' id='block_1_39' title="bbox 512 2248 2082 2317">
    <p class='ocr_par' dir='ltr' id='par_1_39' title="bbox 512 2248 2082 2317">
     <span class='ocr_line' id='line_1_39' title="bbox 512 2248 2082 2317; baseline -0.005 -9"><span class='ocrx_word' id='word_1_293' title='bbox 512 2254 642 2308; x_wconf 90' lang='lat' dir='ltr'><strong>tiam</strong></span> <span class='ocrx_word' id='word_1_294' title='bbox 667 2292 683 2317; x_wconf 95' lang='lat'><strong>,</strong></span> <span class='ocrx_word' id='word_1_295' title='bbox 720 2267 827 2307; x_wconf 93' lang='lat' dir='ltr'><strong>non</strong></span> <span class='ocrx_word' id='word_1_296' title='bbox 861 2251 1159 2306; x_wconf 89' lang='lat' dir='ltr'><strong>secundum</strong></span> <span class='ocrx_word' id='word_1_297' title='bbox 1198 2250 1410 2312; x_wconf 90' lang='lat' dir='ltr'><strong>Deum,</strong></span> <span class='ocrx_word' id='word_1_298' title='bbox 1466 2248 1558 2302; x_wconf 91' lang='lat' dir='ltr'><strong>sed</strong></span> <span class='ocrx_word' id='word_1_299' title='bbox 1612 2248 1901 2301; x_wconf 89' lang='lat' dir='ltr'><strong>humanam</strong></span> <span class='ocrx_word' id='word_1_300' title='bbox 1945 2261 2082 2309; x_wconf 90' lang='lat' dir='ltr'><strong>esse,</strong></span> 
     </span>
    </p>
   </div>
   <div class='ocr_carea' id='block_1_40' title="bbox 510 2340 2084 2415">
    <p class='ocr_par' dir='ltr' id='par_1_40' title="bbox 510 2340 2084 2415">
     <span class='ocr_line' id='line_1_40' title="bbox 510 2340 2084 2415; baseline -0.003 -18"><span class='ocrx_word' id='word_1_301' title='bbox 510 2344 731 2415; x_wconf 74' lang='lat' dir='ltr'><strong>Ariique</strong></span> <span class='ocrx_word' id='word_1_302' title='bbox 778 2351 1079 2397; x_wconf 86' lang='lat' dir='ltr'><strong>sectatores</strong></span> <span class='ocrx_word' id='word_1_303' title='bbox 1128 2356 1319 2409; x_wconf 86' lang='lat' dir='ltr'><strong>reapse</strong></span> <span class='ocrx_word' id='word_1_304' title='bbox 1372 2354 1477 2393; x_wconf 89' lang='lat' dir='ltr'><strong>non</strong></span> <span class='ocrx_word' id='word_1_305' title='bbox 1519 2341 1721 2394; x_wconf 87' lang='lat' dir='ltr'><strong>habere</strong></span> <span class='ocrx_word' id='word_1_306' title='bbox 1763 2356 1939 2408; x_wconf 81' lang='lat' dir='ltr'><strong>regem</strong></span> <span class='ocrx_word' id='word_1_307' title='bbox 1982 2340 2084 2393; x_wconf 90' lang='lat' dir='ltr'><strong>nisi</strong></span> 
     </span>
    </p>
   </div>
   <div class='ocr_carea' id='block_1_41' title="bbox 510 2432 2086 2501">
    <p class='ocr_par' dir='ltr' id='par_1_41' title="bbox 510 2432 2086 2501">
     <span class='ocr_line' id='line_1_41' title="bbox 510 2432 2086 2501; baseline -0.005 -9"><span class='ocrx_word' id='word_1_308' title='bbox 510 2435 802 2492; x_wconf 60' lang='lat' dir='ltr'><strong>Casarem.</strong></span> <span class='ocrx_word' id='word_1_309' title='bbox 850 2432 978 2501; x_wconf 83' lang='lat' dir='ltr'><strong>Ejus</strong></span> <span class='ocrx_word' id='word_1_310' title='bbox 1030 2434 1172 2488; x_wconf 89' lang='lat' dir='ltr'><strong>enim</strong></span> <span class='ocrx_word' id='word_1_311' title='bbox 1220 2433 1543 2486; x_wconf 86' lang='lat' dir='ltr'><strong>auctoritate</strong></span> <span class='ocrx_word' id='word_1_312' title='bbox 1589 2432 1711 2485; x_wconf 86' lang='lat' dir='ltr'><strong>freti</strong></span> <span class='ocrx_word' id='word_1_313' title='bbox 1747 2432 1945 2485; x_wconf 88' lang='lat' dir='ltr'><strong>Christi</strong></span> <span class='ocrx_word' id='word_1_314' title='bbox 1990 2432 2086 2485; x_wconf 87' lang='lat' dir='ltr'><strong>ad-</strong></span> 
     </span>
    </p>
   </div>
   <div class='ocr_carea' id='block_1_42' title="bbox 511 2523 2087 2594">
    <p class='ocr_par' dir='ltr' id='par_1_42' title="bbox 511 2523 2087 2594">
     <span class='ocr_line' id='line_1_42' title="bbox 511 2523 2087 2594; baseline -0.001 -17"><span class='ocrx_word' id='word_1_315' title='bbox 511 2526 897 2594; x_wconf 38' lang='lat' dir='ltr'><strong>versarii‘qnte</strong></span> <span class='ocrx_word' id='word_1_316' title='bbox 950 2525 1163 2594; x_wconf 88' lang='lat' dir='ltr'><strong>placent</strong></span> <span class='ocrx_word' id='word_1_317' title='bbox 1219 2524 1402 2578; x_wconf 89' lang='lat' dir='ltr'><strong>omnia</strong></span> <span class='ocrx_word' id='word_1_318' title='bbox 1455 2524 1718 2576; x_wconf 79' lang='lat' dir='ltr'><strong>arbitratu</strong></span> <span class='ocrx_word' id='word_1_319' title='bbox 1774 2538 1869 2577; x_wconf 90' lang='lat' dir='ltr'><strong>suo</strong></span> <span class='ocrx_word' id='word_1_320' title='bbox 1922 2523 2087 2591; x_wconf 83' lang='lat' dir='ltr'><strong>perfi-</strong></span> 
     </span>
    </p>
   </div>
   <div class='ocr_carea' id='block_1_43' title="bbox 514 2615 2087 2684">
    <p class='ocr_par' dir='ltr' id='par_1_43' title="bbox 514 2615 2087 2684">
     <span class='ocr_line' id='line_1_43' title="bbox 514 2615 2087 2684; baseline -0.002 -12"><span class='ocrx_word' id='word_1_321' title='bbox 514 2620 687 2673; x_wconf 90' lang='lat' dir='ltr'><strong>ciunt.</strong></span> <span class='ocrx_word' id='word_1_322' title='bbox 746 2617 918 2672; x_wconf 90' lang='lat' dir='ltr'><strong>Porro</strong></span> <span class='ocrx_word' id='word_1_323' title='bbox 948 2632 1068 2670; x_wconf 88' lang='lat' dir='ltr'><strong>cum</strong></span> <span class='ocrx_word' id='word_1_324' title='bbox 1101 2631 1219 2671; x_wconf 88' lang='lat' dir='ltr'><strong>sese</strong></span> <span class='ocrx_word' id='word_1_325' title='bbox 1260 2624 1454 2684; x_wconf 88' lang='lat' dir='ltr'><strong>putant</strong></span> <span class='ocrx_word' id='word_1_326' title='bbox 1498 2615 1742 2684; x_wconf 86' lang='lat' dir='ltr'><strong>plurimis</strong></span> <span class='ocrx_word' id='word_1_327' title='bbox 1769 2615 1886 2684; x_wconf 90' lang='lat' dir='ltr'><strong>ejus</strong></span> <span class='ocrx_word' id='word_1_328' title='bbox 1924 2629 2087 2683; x_wconf 88' lang='lat' dir='ltr'><strong>opera</strong></span> 
     </span>
    </p>
   </div>
   <div class='ocr_carea' id='block_1_44' title="bbox 516 2706 2085 2776">
    <p class='ocr_par' dir='ltr' id='par_1_44' title="bbox 516 2706 2085 2776">
     <span class='ocr_line' id='line_1_44' title="bbox 516 2706 2085 2776; baseline -0.003 -11"><span class='ocrx_word' id='word_1_329' title='bbox 516 2710 742 2766; x_wconf 89' lang='lat' dir='ltr'><strong>insidias</strong></span> <span class='ocrx_word' id='word_1_330' title='bbox 782 2723 974 2776; x_wconf 87' lang='lat' dir='ltr'><strong>parare</strong></span> <span class='ocrx_word' id='word_1_331' title='bbox 1002 2747 1018 2772; x_wconf 93' lang='lat'><strong>,</strong></span> <span class='ocrx_word' id='word_1_332' title='bbox 1048 2723 1152 2761; x_wconf 91' lang='lat' dir='ltr'><strong>non</strong></span> <span class='ocrx_word' id='word_1_333' title='bbox 1187 2710 1473 2761; x_wconf 89' lang='lat' dir='ltr'><strong>advertunt</strong></span> <span class='ocrx_word' id='word_1_334' title='bbox 1496 2721 1628 2760; x_wconf 86' lang='lat' dir='ltr'><strong>sane</strong></span> <span class='ocrx_word' id='word_1_335' title='bbox 1660 2722 1719 2760; x_wconf 86' lang='lat' dir='ltr'><strong>se</strong></span> <span class='ocrx_word' id='word_1_336' title='bbox 1751 2707 1944 2760; x_wconf 91' lang='lat' dir='ltr'><strong>multos</strong></span> <span class='ocrx_word' id='word_1_337' title='bbox 1971 2706 2085 2760; x_wconf 85' lang='lat' dir='ltr'><strong>elIi-</strong></span> 
     </span>
    </p>
   </div>
   <div class='ocr_carea' id='block_1_45' title="bbox 516 2797 2088 2867">
    <p class='ocr_par' dir='ltr' id='par_1_45' title="bbox 516 2797 2088 2867">
     <span class='ocr_line' id='line_1_45' title="bbox 516 2797 2088 2867; baseline -0.004 -11"><span class='ocrx_word' id='word_1_338' title='bbox 516 2816 641 2857; x_wconf 87' lang='lat' dir='ltr'><strong>cere</strong></span> <span class='ocrx_word' id='word_1_339' title='bbox 683 2800 1047 2855; x_wconf 85' lang='lat' dir='ltr'><strong>confessores.</strong></span> <span class='ocrx_word' id='word_1_340' title='bbox 1081 2798 1123 2852; x_wconf 86' lang='lat' dir='ltr'><strong>E</strong></span> <span class='ocrx_word' id='word_1_341' title='bbox 1159 2814 1387 2867; x_wconf 85' lang='lat' dir='ltr'><strong>quorum</strong></span> <span class='ocrx_word' id='word_1_342' title='bbox 1421 2811 1647 2851; x_wconf 86' lang='lat' dir='ltr'><strong>numero</strong></span> <span class='ocrx_word' id='word_1_343' title='bbox 1705 2807 1829 2850; x_wconf 87' lang='lat' dir='ltr'><strong>sunt</strong></span> <span class='ocrx_word' id='word_1_344' title='bbox 1874 2798 1970 2851; x_wconf 86' lang='lat' dir='ltr'><strong>viri</strong></span> <span class='ocrx_word' id='word_1_345' title='bbox 1999 2797 2088 2866; x_wconf 89' lang='lat' dir='ltr'><strong>qui</strong></span> 
     </span>
    </p>
   </div>
   <div class='ocr_carea' id='block_1_46' title="bbox 511 2888 2088 2964">
    <p class='ocr_par' dir='ltr' id='par_1_46' title="bbox 511 2888 2088 2964">
     <span class='ocr_line' id='line_1_46' title="bbox 511 2888 2088 2964; baseline -0.003 -17"><span class='ocrx_word' id='word_1_346' title='bbox 511 2896 625 2964; x_wconf 89' lang='lat' dir='ltr'><strong>jam</strong></span> <span class='ocrx_word' id='word_1_347' title='bbox 652 2892 855 2949; x_wconf 91' lang='lat' dir='ltr'><strong>claram</strong></span> <span class='ocrx_word' id='word_1_348' title='bbox 892 2891 1112 2946; x_wconf 89' lang='lat' dir='ltr'><strong>edidere</strong></span> <span class='ocrx_word' id='word_1_349' title='bbox 1145 2889 1540 2943; x_wconf 89' lang='lat' dir='ltr'><strong>confessionem</strong></span> <span class='ocrx_word' id='word_1_350' title='bbox 1565 2927 1583 2954; x_wconf 93' lang='lat'><strong>,</strong></span> <span class='ocrx_word' id='word_1_351' title='bbox 1618 2888 1826 2956; x_wconf 87' lang='lat' dir='ltr'><strong>ipsique</strong></span> <span class='ocrx_word' id='word_1_352' title='bbox 1857 2888 2088 2956; x_wconf 70' lang='lat' dir='ltr'><strong>religiosi</strong></span> 
     </span>
    </p>
   </div>
   <div class='ocr_carea' id='block_1_47' title="bbox 525 2980 2090 3054">
    <p class='ocr_par' dir='ltr' id='par_1_47' title="bbox 525 2980 2090 3054">
     <span class='ocr_line' id='line_1_47' title="bbox 525 2980 2090 3054; baseline -0.003 -15"><span class='ocrx_word' id='word_1_353' title='bbox 525 3000 592 3040; x_wconf 87' lang='lat' dir='ltr'><strong>ac</strong></span> <span class='ocrx_word' id='word_1_354' title='bbox 641 2985 797 3054; x_wconf 91' lang='lat' dir='ltr'><strong>probi</strong></span> <span class='ocrx_word' id='word_1_355' title='bbox 825 2984 1084 3053; x_wconf 87' lang='lat' dir='ltr'><strong>episcopi,</strong></span> <span class='ocrx_word' id='word_1_356' title='bbox 1114 2982 1369 3036; x_wconf 87' lang='lat' dir='ltr'><strong>Paulinus</strong></span> <span class='ocrx_word' id='word_1_357' title='bbox 1394 2982 1740 3036; x_wconf 84' lang='lat' dir='ltr'><strong>Trevirorum</strong></span> <span class='ocrx_word' id='word_1_358' title='bbox 1764 2980 1947 3035; x_wconf 63' lang='lat' dir='ltr'><strong>Galliae</strong></span> <span class='ocrx_word' id='word_1_359' title='bbox 1979 2996 2090 3035; x_wconf 90' lang='lat' dir='ltr'><strong>me-</strong></span> 
     </span>
    </p>
   </div>
   <div class='ocr_carea' id='block_1_48' title="bbox 515 3073 2090 3147">
    <p class='ocr_par' dir='ltr' id='par_1_48' title="bbox 515 3073 2090 3147">
     <span class='ocr_line' id='line_1_48' title="bbox 515 3073 2090 3147; baseline -0.003 -15"><span class='ocrx_word' id='word_1_360' title='bbox 515 3077 742 3147; x_wconf 90' lang='lat' dir='ltr'><strong>tropolis</strong></span> <span class='ocrx_word' id='word_1_361' title='bbox 799 3077 1123 3146; x_wconf 80' lang='lat' dir='ltr'><strong>episcopus,</strong></span> <span class='ocrx_word' id='word_1_362' title='bbox 1178 3074 1399 3129; x_wconf 90' lang='lat' dir='ltr'><strong>Lucifer</strong></span> <span class='ocrx_word' id='word_1_363' title='bbox 1462 3073 1777 3143; x_wconf 89' lang='lat' dir='ltr'><strong>metropolis</strong></span> <span class='ocrx_word' id='word_1_364' title='bbox 1827 3074 2090 3128; x_wconf 72' lang='lat' dir='ltr'><strong>Sardinia:</strong></span> 
     </span>
    </p>
   </div>
   <div class='ocr_carea' id='block_1_49' title="bbox 514 3164 2081 3239">
    <p class='ocr_par' dir='ltr' id='par_1_49' title="bbox 514 3164 2081 3239">
     <span class='ocr_line' id='line_1_49' title="bbox 514 3164 2081 3239; baseline -0.004 -14"><span class='ocrx_word' id='word_1_365' title='bbox 514 3170 831 3239; x_wconf 87' lang='lat' dir='ltr'><strong>episcopus,</strong></span> <span class='ocrx_word' id='word_1_366' title='bbox 910 3166 1172 3222; x_wconf 86' lang='lat' dir='ltr'><strong>Eusebius</strong></span> <span class='ocrx_word' id='word_1_367' title='bbox 1232 3165 1600 3221; x_wconf 76' lang='lat' dir='ltr'><strong>Vercellorum</strong></span> <span class='ocrx_word' id='word_1_368' title='bbox 1674 3164 1839 3217; x_wconf 85' lang='lat' dir='ltr'><strong>Italiae</strong></span> <span class='ocrx_word' id='word_1_369' title='bbox 1911 3165 2081 3227; x_wconf 89' lang='lat' dir='ltr'><strong>urbis.</strong></span> 
     </span>
    </p>
   </div>
   <div class='ocr_carea' id='block_1_50' title="bbox 2181 1958 3756 2028">
    <p class='ocr_par' dir='ltr' id='par_1_50' title="bbox 2181 1958 3756 2028">
     <span class='ocr_line' id='line_1_50' title="bbox 2181 1958 3756 2028; baseline 0.001 -18"><span class='ocrx_word' id='word_1_370' title='bbox 2181 1961 2304 2022; x_wconf 78' lang='grc' dir='ltr'>τοὺς</span> <span class='ocrx_word' id='word_1_371' title='bbox 2334 1958 2529 2028; x_wconf 82' lang='grc' dir='ltr'>ἄνδρας</span> <span class='ocrx_word' id='word_1_372' title='bbox 2562 1960 2726 2012; x_wconf 81' lang='grc' dir='ltr'>αὐτοῦ</span> <span class='ocrx_word' id='word_1_373' title='bbox 2757 1961 2813 2013; x_wconf 82' lang='grc' dir='ltr'><strong>ἐν</strong></span> <span class='ocrx_word' id='word_1_374' title='bbox 2838 1958 3036 2027; x_wconf 83' lang='grc' dir='ltr'>λόγοις,</span> <span class='ocrx_word' id='word_1_375' title='bbox 3076 1960 3170 2012; x_wconf 73' lang='grc' dir='ltr'><strong>καὶ</strong></span> <span class='ocrx_word' id='word_1_376' title='bbox 3202 1961 3299 2013; x_wconf 78' lang='grc' dir='ltr'><strong>οὐκ</strong></span> <span class='ocrx_word' id='word_1_377' title='bbox 3330 1961 3530 2013; x_wconf 77' lang='grc' dir='ltr'>ἔδωκεν</span> <span class='ocrx_word' id='word_1_378' title='bbox 3562 1962 3756 2025; x_wconf 71' lang='grc' dir='ltr'>αὐτοῖς,</span> 
     </span>
    </p>
   </div>
   <div class='ocr_carea' id='block_1_51' title="bbox 2182 2049 3756 2113">
    <p class='ocr_par' dir='ltr' id='par_1_51' title="bbox 2182 2049 3756 2113">
     <span class='ocr_line' id='line_1_51' title="bbox 2182 2049 3756 2113; baseline -0.001 -10"><span class='ocrx_word' id='word_1_379' title='bbox 2182 2052 2521 2113; x_wconf 81' lang='grc' dir='ltr'>ἀναστάντας</span> <span class='ocrx_word' id='word_1_380' title='bbox 2552 2051 2860 2104; x_wconf 81' lang='grc' dir='ltr'>θανατῶσαι</span> <span class='ocrx_word' id='word_1_381' title='bbox 2898 2052 2988 2104; x_wconf 89' lang='grc' dir='ltr'><strong>τὸν</strong></span> <span class='ocrx_word' id='word_1_382' title='bbox 3022 2049 3213 2104; x_wconf 81' lang='grc' dir='ltr'>Σαούλ.</span> <span class='ocrx_word' id='word_1_383' title='bbox 3250 2050 3423 2113; x_wconf 72' lang='grc' dir='ltr'>Αὐτὸς</span> <span class='ocrx_word' id='word_1_384' title='bbox 3456 2051 3515 2103; x_wconf 85' lang='grc' dir='ltr'><strong>δέ</strong></span> <span class='ocrx_word' id='word_1_385' title='bbox 3556 2050 3647 2104; x_wconf 85' lang='grc' dir='ltr'><strong>τὸν</strong></span> <span class='ocrx_word' id='word_1_386' title='bbox 3676 2050 3756 2102; x_wconf 83' lang='grc' dir='ltr'>λό-</span> 
     </span>
    </p>
   </div>
   <div class='ocr_carea' id='block_1_52' title="bbox 2182 2141 3757 2214">
    <p class='ocr_par' dir='ltr' id='par_1_52' title="bbox 2182 2141 3757 2214">
     <span class='ocr_line' id='line_1_52' title="bbox 2182 2141 3757 2214; baseline -0.001 -20"><span class='ocrx_word' id='word_1_387' title='bbox 2182 2160 2277 2210; x_wconf 90' lang='grc' dir='ltr'><strong>γον</strong></span> <span class='ocrx_word' id='word_1_388' title='bbox 2304 2143 2402 2195; x_wconf 74' lang='grc' dir='ltr'><strong>οὑκ</strong></span> <span class='ocrx_word' id='word_1_389' title='bbox 2440 2142 2596 2211; x_wconf 78' lang='grc' dir='ltr'>ἔχων,</span> <span class='ocrx_word' id='word_1_390' title='bbox 2650 2144 2763 2214; x_wconf 85' lang='grc' dir='ltr'>μετ’</span> <span class='ocrx_word' id='word_1_391' title='bbox 2800 2142 3043 2207; x_wconf 78' lang='grc' dir='ltr'>ἐξουσίας</span> <span class='ocrx_word' id='word_1_392' title='bbox 3099 2143 3306 2205; x_wconf 79' lang='grc' dir='ltr'>πάντας</span> <span class='ocrx_word' id='word_1_393' title='bbox 3350 2141 3631 2211; x_wconf 79' lang='grc' dir='ltr'>βιάζεται·</span> <span class='ocrx_word' id='word_1_394' title='bbox 3680 2143 3757 2194; x_wconf 82' lang='grc' dir='ltr'>ἵνα</span> 
     </span>
    </p>
   </div>
   <div class='ocr_carea' id='block_1_53' title="bbox 2182 2233 3760 2305">
    <p class='ocr_par' dir='ltr' id='par_1_53' title="bbox 2182 2233 3760 2305">
     <span class='ocr_line' id='line_1_53' title="bbox 2182 2233 3760 2305; baseline -0.001 -19"><span class='ocrx_word' id='word_1_395' title='bbox 2182 2234 2366 2305; x_wconf 83' lang='grc' dir='ltr'>δειχθῇ</span> <span class='ocrx_word' id='word_1_396' title='bbox 2414 2237 2596 2296; x_wconf 81' lang='grc' dir='ltr'>πᾶσιν,</span> <span class='ocrx_word' id='word_1_397' title='bbox 2628 2236 2707 2288; x_wconf 80' lang='grc' dir='ltr'><strong>ὅτι</strong></span> <span class='ocrx_word' id='word_1_398' title='bbox 2742 2236 2773 2304; x_wconf 81' lang='grc' dir='ltr'>ἡ</span> <span class='ocrx_word' id='word_1_399' title='bbox 2809 2236 3069 2305; x_wconf 79' lang='grc' dir='ltr'>φρόνησις</span> <span class='ocrx_word' id='word_1_400' title='bbox 3104 2234 3280 2287; x_wconf 75' lang='grc' dir='ltr'>αὐτῶν</span> <span class='ocrx_word' id='word_1_401' title='bbox 3317 2234 3419 2286; x_wconf 80' lang='grc' dir='ltr'><strong>οὐκ</strong></span> <span class='ocrx_word' id='word_1_402' title='bbox 3477 2233 3593 2285; x_wconf 80' lang='grc' dir='ltr'>ἔστι</span> <span class='ocrx_word' id='word_1_403' title='bbox 3628 2233 3760 2286; x_wconf 71' lang='grc' dir='ltr'>κατὰ</span> 
     </span>
    </p>
   </div>
   <div class='ocr_carea' id='block_1_54' title="bbox 2184 2323 3759 2398">
    <p class='ocr_par' dir='ltr' id='par_1_54' title="bbox 2184 2323 3759 2398">
     <span class='ocr_line' id='line_1_54' title="bbox 2184 2323 3759 2398; baseline -0.001 -19"><span class='ocrx_word' id='word_1_404' title='bbox 2184 2327 2337 2389; x_wconf 83' lang='grc' dir='ltr'>Θεὸν,</span> <span class='ocrx_word' id='word_1_405' title='bbox 2361 2326 2473 2379; x_wconf 86' lang='grc' dir='ltr'>ἀλλ’</span> <span class='ocrx_word' id='word_1_406' title='bbox 2504 2326 2839 2398; x_wconf 76' lang='grc' dir='ltr'>ἀνθρωπίνη,</span> <span class='ocrx_word' id='word_1_407' title='bbox 2871 2328 2965 2379; x_wconf 69' lang='grc' dir='ltr'><strong>καὶ</strong></span> <span class='ocrx_word' id='word_1_408' title='bbox 2992 2328 3071 2379; x_wconf 83' lang='grc' dir='ltr'><strong>ὅτι</strong></span> <span class='ocrx_word' id='word_1_409' title='bbox 3097 2328 3144 2379; x_wconf 78' lang='grc' dir='ltr'>οἱ</span> <span class='ocrx_word' id='word_1_410' title='bbox 3167 2327 3235 2379; x_wconf 74' lang='grc' dir='ltr'>τὰ</span> <span class='ocrx_word' id='word_1_411' title='bbox 3270 2325 3482 2397; x_wconf 82' lang='grc' dir='ltr'>Ἀρείου</span> <span class='ocrx_word' id='word_1_412' title='bbox 3509 2323 3759 2397; x_wconf 77' lang='grc' dir='ltr'>φρονοῦν-</span> 
     </span>
    </p>
   </div>
   <div class='ocr_carea' id='block_1_55' title="bbox 2182 2417 3757 2489">
    <p class='ocr_par' dir='ltr' id='par_1_55' title="bbox 2182 2417 3757 2489">
     <span class='ocr_line' id='line_1_55' title="bbox 2182 2417 3757 2489; baseline 0 -19"><span class='ocrx_word' id='word_1_413' title='bbox 2182 2436 2273 2481; x_wconf 86' lang='grc' dir='ltr'>τες</span> <span class='ocrx_word' id='word_1_414' title='bbox 2298 2420 2397 2473; x_wconf 79' lang='grc' dir='ltr'><strong>οὑκ</strong></span> <span class='ocrx_word' id='word_1_415' title='bbox 2422 2418 2631 2488; x_wconf 83' lang='grc' dir='ltr'>ἔχουσιν</span> <span class='ocrx_word' id='word_1_416' title='bbox 2658 2418 2872 2489; x_wconf 81' lang='grc' dir='ltr'>ἀληθῶς</span> <span class='ocrx_word' id='word_1_417' title='bbox 2899 2418 3141 2487; x_wconf 82' lang='grc' dir='ltr'>βασιλέα,</span> <span class='ocrx_word' id='word_1_418' title='bbox 3181 2420 3228 2471; x_wconf 82' lang='grc' dir='ltr'>εἰ</span> <span class='ocrx_word' id='word_1_419' title='bbox 3253 2419 3328 2489; x_wconf 85' lang='grc' dir='ltr'>μὴ</span> <span class='ocrx_word' id='word_1_420' title='bbox 3366 2418 3627 2489; x_wconf 82' lang='grc' dir='ltr'>Καίσαρα</span> <span class='ocrx_word' id='word_1_421' title='bbox 3652 2435 3664 2448; x_wconf 80' lang='grc'><em>’</em></span> <span class='ocrx_word' id='word_1_422' title='bbox 3697 2417 3757 2470; x_wconf 88' lang='grc' dir='ltr'><strong>δι’</strong></span> 
     </span>
    </p>
   </div>
   <div class='ocr_carea' id='block_1_56' title="bbox 2186 2507 3758 2581">
    <p class='ocr_par' dir='ltr' id='par_1_56' title="bbox 2186 2507 3758 2581">
     <span class='ocr_line' id='line_1_56' title="bbox 2186 2507 3758 2581; baseline -0.002 -19"><span class='ocrx_word' id='word_1_423' title='bbox 2186 2510 2349 2563; x_wconf 78' lang='grc' dir='ltr'>αὑτοῦ</span> <span class='ocrx_word' id='word_1_424' title='bbox 2398 2510 2506 2581; x_wconf 81' lang='grc' dir='ltr'><strong>γὰρ</strong></span> <span class='ocrx_word' id='word_1_425' title='bbox 2557 2510 2734 2563; x_wconf 76' lang='grc' dir='ltr'>πάντα</span> <span class='ocrx_word' id='word_1_426' title='bbox 2783 2511 2877 2580; x_wconf 82' lang='grc' dir='ltr'>μὲν</span> <span class='ocrx_word' id='word_1_427' title='bbox 2921 2511 3127 2581; x_wconf 81' lang='grc' dir='ltr'>ὅσαπερ</span> <span class='ocrx_word' id='word_1_428' title='bbox 3163 2509 3271 2580; x_wconf 76' lang='lat'><strong>(50)</strong></span> <span class='ocrx_word' id='word_1_429' title='bbox 3334 2507 3621 2578; x_wconf 79' lang='grc' dir='ltr'>βούλονται</span> <span class='ocrx_word' id='word_1_430' title='bbox 3673 2509 3758 2560; x_wconf 80' lang='grc' dir='ltr'>καὶ</span> 
     </span>
    </p>
   </div>
   <div class='ocr_carea' id='block_1_57' title="bbox 2186 2598 3757 2672">
    <p class='ocr_par' dir='ltr' id='par_1_57' title="bbox 2186 2598 3757 2672">
     <span class='ocr_line' id='line_1_57' title="bbox 2186 2598 3757 2672; baseline -0.001 -19"><span class='ocrx_word' id='word_1_431' title='bbox 2186 2602 2515 2672; x_wconf 85' lang='grc' dir='ltr'>πράττουσιν</span> <span class='ocrx_word' id='word_1_432' title='bbox 2561 2602 2611 2653; x_wconf 89' lang='grc' dir='ltr'>οἱ</span> <span class='ocrx_word' id='word_1_433' title='bbox 2661 2600 3051 2671; x_wconf 82' lang='grc' dir='ltr'>Χριστομάχοι.</span> <span class='ocrx_word' id='word_1_434' title='bbox 3082 2600 3342 2667; x_wconf 81' lang='grc' dir='ltr'>Δόξαντες</span> <span class='ocrx_word' id='word_1_435' title='bbox 3384 2601 3443 2653; x_wconf 84' lang='grc' dir='ltr'><strong>δέ</strong></span> <span class='ocrx_word' id='word_1_436' title='bbox 3488 2600 3558 2653; x_wconf 82' lang='grc' dir='ltr'><strong>δι’</strong></span> <span class='ocrx_word' id='word_1_437' title='bbox 3605 2598 3757 2652; x_wconf 72' lang='grc' dir='ltr'>αὐτοῦ</span> 
     </span>
    </p>
   </div>
   <div class='ocr_carea' id='block_1_58' title="bbox 2186 2693 3759 2763">
    <p class='ocr_par' dir='ltr' id='par_1_58' title="bbox 2186 2693 3759 2763">
     <span class='ocr_line' id='line_1_58' title="bbox 2186 2693 3759 2763; baseline -0.001 -17"><span class='ocrx_word' id='word_1_438' title='bbox 2186 2694 2400 2758; x_wconf 81' lang='grc' dir='ltr'>πολλοῖς</span> <span class='ocrx_word' id='word_1_439' title='bbox 2442 2693 2829 2757; x_wconf 84' lang='grc' dir='ltr'>ἐπιϐουλεύειν,</span> <span class='ocrx_word' id='word_1_440' title='bbox 2872 2694 3147 2762; x_wconf 71' lang='grc' dir='ltr'>ἠγνόησαν</span> <span class='ocrx_word' id='word_1_441' title='bbox 3181 2693 3409 2757; x_wconf 78' lang='grc' dir='ltr'>πολλοὺς</span> <span class='ocrx_word' id='word_1_442' title='bbox 3441 2695 3759 2763; x_wconf 76' lang='grc' dir='ltr'>ποιήσαντες</span> 
     </span>
    </p>
   </div>
   <div class='ocr_carea' id='block_1_59' title="bbox 2185 2777 3760 2857">
    <p class='ocr_par' dir='ltr' id='par_1_59' title="bbox 2185 2777 3760 2857">
     <span class='ocr_line' id='line_1_59' title="bbox 2185 2777 3760 2857; baseline -0.003 -18"><span class='ocrx_word' id='word_1_443' title='bbox 2185 2785 2525 2857; x_wconf 84' lang='grc' dir='ltr'>όμολογητὰς</span> <span class='ocrx_word' id='word_1_444' title='bbox 2570 2784 2842 2853; x_wconf 89' lang='grc' dir='ltr'>γενέσθαι,</span> <span class='ocrx_word' id='word_1_445' title='bbox 2903 2783 2962 2847; x_wconf 81' lang='grc' dir='ltr'><strong>ἐξ</strong></span> <span class='ocrx_word' id='word_1_446' title='bbox 3005 2777 3080 2836; x_wconf 80' lang='grc' dir='ltr'>ὧν</span> <span class='ocrx_word' id='word_1_447' title='bbox 3122 2786 3259 2836; x_wconf 86' lang='grc' dir='ltr'>εἰσιν</span> <span class='ocrx_word' id='word_1_448' title='bbox 3296 2785 3345 2836; x_wconf 89' lang='grc' dir='ltr'>οἱ</span> <span class='ocrx_word' id='word_1_449' title='bbox 3396 2782 3493 2836; x_wconf 80' lang='grc' dir='ltr'>νῦν</span> <span class='ocrx_word' id='word_1_450' title='bbox 3546 2784 3760 2853; x_wconf 76' lang='grc' dir='ltr'>λαμπρᾷ</span> 
     </span>
    </p>
   </div>
   <div class='ocr_carea' id='block_1_60' title="bbox 2187 2872 3762 2948">
    <p class='ocr_par' dir='ltr' id='par_1_60' title="bbox 2187 2872 3762 2948">
     <span class='ocr_line' id='line_1_60' title="bbox 2187 2872 3762 2948; baseline -0.004 -20"><span class='ocrx_word' id='word_1_451' title='bbox 2187 2876 2520 2948; x_wconf 85' lang='grc' dir='ltr'>χρησάμενοι</span> <span class='ocrx_word' id='word_1_452' title='bbox 2569 2879 2634 2945; x_wconf 82' lang='grc' dir='ltr'>τῇ</span> <span class='ocrx_word' id='word_1_453' title='bbox 2669 2873 2949 2945; x_wconf 71' lang='grc' dir='ltr'>ὁμολογίᾳ,</span> <span class='ocrx_word' id='word_1_454' title='bbox 2989 2873 3180 2944; x_wconf 85' lang='grc' dir='ltr'>ἄνδρες</span> <span class='ocrx_word' id='word_1_455' title='bbox 3221 2872 3494 2937; x_wconf 78' lang='grc' dir='ltr'>εὐλαϐεῖς,</span> <span class='ocrx_word' id='word_1_456' title='bbox 3528 2874 3621 2927; x_wconf 75' lang='grc' dir='ltr'><strong>καὶ</strong></span> <span class='ocrx_word' id='word_1_457' title='bbox 3651 2873 3762 2925; x_wconf 84' lang='grc' dir='ltr'>ἐπί-</span> 
     </span>
    </p>
   </div>
   <div class='ocr_carea' id='block_1_61' title="bbox 2189 2964 3765 3037">
    <p class='ocr_par' dir='ltr' id='par_1_61' title="bbox 2189 2964 3765 3037">
     <span class='ocr_line' id='line_1_61' title="bbox 2189 2964 3765 3037; baseline -0.001 -19"><span class='ocrx_word' id='word_1_458' title='bbox 2189 2983 2379 3019; x_wconf 85' lang='grc' dir='ltr'>σκοποι</span> <span class='ocrx_word' id='word_1_459' title='bbox 2414 2965 2627 3034; x_wconf 70' lang='grc' dir='ltr'>ἁγαθοὶ,</span> <span class='ocrx_word' id='word_1_460' title='bbox 2660 2966 2921 3029; x_wconf 88' lang='grc' dir='ltr'>Παυλῖνος</span> <span class='ocrx_word' id='word_1_461' title='bbox 2954 2967 2981 3018; x_wconf 87' lang='grc' dir='ltr'>ὁ</span> <span class='ocrx_word' id='word_1_462' title='bbox 3004 2964 3110 3017; x_wconf 82' lang='grc' dir='ltr'><strong>ἀπὸ</strong></span> <span class='ocrx_word' id='word_1_463' title='bbox 3132 2964 3414 3036; x_wconf 85' lang='grc' dir='ltr'>Τριϐέρων</span> <span class='ocrx_word' id='word_1_464' title='bbox 3442 2966 3544 3036; x_wconf 78' lang='grc' dir='ltr'><strong>τῆς</strong></span> <span class='ocrx_word' id='word_1_465' title='bbox 3572 2982 3765 3037; x_wconf 81' lang='grc' dir='ltr'>μητροο</span> 
     </span>
    </p>
   </div>
   <div class='ocr_carea' id='block_1_62' title="bbox 2188 3054 3765 3125">
    <p class='ocr_par' dir='ltr' id='par_1_62' title="bbox 2188 3054 3765 3125">
     <span class='ocr_line' id='line_1_62' title="bbox 2188 3054 3765 3125; baseline -0.001 -16"><span class='ocrx_word' id='word_1_466' title='bbox 2188 3056 2396 3119; x_wconf 84' lang='grc' dir='ltr'>πόλεως</span> <span class='ocrx_word' id='word_1_467' title='bbox 2424 3057 2531 3108; x_wconf 83' lang='grc' dir='ltr'><strong>τῶν</strong></span> <span class='ocrx_word' id='word_1_468' title='bbox 2562 3057 2601 3108; x_wconf 93' lang='grc' dir='ltr'><strong>Γ</strong></span> <span class='ocrx_word' id='word_1_469' title='bbox 2606 3056 2798 3109; x_wconf 82' lang='grc' dir='ltr'>αλλιῶν</span> <span class='ocrx_word' id='word_1_470' title='bbox 2840 3057 3154 3119; x_wconf 78' lang='grc' dir='ltr'>ἐπίσκοπος,</span> <span class='ocrx_word' id='word_1_471' title='bbox 3182 3056 3277 3107; x_wconf 76' lang='grc' dir='ltr'>καὶ</span> <span class='ocrx_word' id='word_1_472' title='bbox 3296 3055 3575 3125; x_wconf 73' lang='grc' dir='ltr'>Λουκίφερ</span> <span class='ocrx_word' id='word_1_473' title='bbox 3606 3058 3633 3108; x_wconf 81' lang='grc' dir='ltr'>ὁ</span> <span class='ocrx_word' id='word_1_474' title='bbox 3662 3054 3765 3108; x_wconf 81' lang='grc' dir='ltr'><strong>ἀπὸ</strong></span> 
     </span>
    </p>
   </div>
   <div class='ocr_carea' id='block_1_63' title="bbox 2194 3144 3760 3217">
    <p class='ocr_par' dir='ltr' id='par_1_63' title="bbox 2194 3144 3760 3217">
     <span class='ocr_line' id='line_1_63' title="bbox 2194 3144 3760 3217; baseline -0.001 -20"><span class='ocrx_word' id='word_1_475' title='bbox 2194 3146 2577 3217; x_wconf 82' lang='grc' dir='ltr'>μητροπόλεως</span> <span class='ocrx_word' id='word_1_476' title='bbox 2618 3149 2716 3217; x_wconf 77' lang='grc' dir='ltr'>τῆς</span> <span class='ocrx_word' id='word_1_477' title='bbox 2746 3146 3024 3217; x_wconf 88' lang='grc' dir='ltr'>Σαρδινίας</span> <span class='ocrx_word' id='word_1_478' title='bbox 3050 3145 3368 3207; x_wconf 80' lang='grc' dir='ltr'>ἐπίσκοπος,</span> <span class='ocrx_word' id='word_1_479' title='bbox 3408 3144 3668 3207; x_wconf 80' lang='grc' dir='ltr'>Εὐσέϐιός</span> <span class='ocrx_word' id='word_1_480' title='bbox 3706 3161 3760 3197; x_wconf 89' lang='grc' dir='ltr'><strong>τε</strong></span> 
     </span>
    </p>
   </div>
   <div class='ocr_carea' id='block_1_64' title="bbox 515 3214 2084 3334">
    <p class='ocr_par' dir='ltr' id='par_1_64' title="bbox 515 3214 2083 3334">
     <span class='ocr_line' id='line_1_64' title="bbox 515 3214 2081 3239; baseline -0.005 -4"><span class='ocrx_word' id='word_1_481' title='bbox 515 3214 831 3239; x_wconf 67' lang='grc' dir='ltr'><strong>νγ--ννιρυ-ι.</strong></span> <span class='ocrx_word' id='word_1_482' title='bbox 910 3214 1170 3222; x_wconf 60' lang='lat'><strong>—---—~-—-</strong></span> <span class='ocrx_word' id='word_1_483' title='bbox 1252 3214 1600 3221; x_wconf 55' lang='grc' dir='ltr'><strong>τν--ν-«σ--ητ-</strong></span> <span class='ocrx_word' id='word_1_484' title='bbox 1918 3214 2081 3227; x_wconf 43' lang='grc' dir='ltr'><strong>νη.-.</strong></span> 
     </span>
     <span class='ocr_line' id='line_1_65' title="bbox 515 3257 2083 3334; baseline -0.004 -17"><span class='ocrx_word' id='word_1_485' title='bbox 515 3262 799 3334; x_wconf 86' lang='lat' dir='ltr'><strong>Dionysius</strong></span> <span class='ocrx_word' id='word_1_486' title='bbox 824 3259 1142 3323; x_wconf 83' lang='lat' dir='ltr'><strong>Mediolani;</strong></span> <span class='ocrx_word' id='word_1_487' title='bbox 1185 3268 1268 3313; x_wconf 89' lang='lat' dir='ltr'><strong>est</strong></span> <span class='ocrx_word' id='word_1_488' title='bbox 1311 3269 1489 3312; x_wconf 90' lang='lat' dir='ltr'><strong>autem</strong></span> <span class='ocrx_word' id='word_1_489' title='bbox 1524 3272 1581 3313; x_wconf 90' lang='lat' dir='ltr'><strong>et</strong></span> <span class='ocrx_word' id='word_1_490' title='bbox 1625 3258 1739 3327; x_wconf 89' lang='lat' dir='ltr'><strong>ipsa</strong></span> <span class='ocrx_word' id='word_1_491' title='bbox 1772 3257 2083 3326; x_wconf 79' lang='lat' dir='ltr'><strong>metropolis</strong></span> 
     </span>
    </p>
   </div>
   <div class='ocr_carea' id='block_1_65' title="bbox 2177 3214 3760 3334">
    <p class='ocr_par' dir='ltr' id='par_1_65' title="bbox 2186 3214 3760 3308">
     <span class='ocr_line' id='line_1_66' title="bbox 2186 3214 3760 3308; baseline -0.001 -19"><span class='ocrx_word' id='word_1_492' title='bbox 2186 3214 2214 3289; x_wconf 86' lang='grc' dir='ltr'><strong>ό</strong></span> <span class='ocrx_word' id='word_1_493' title='bbox 2382 3214 2689 3308; x_wconf 84' lang='grc' dir='ltr'>Βερκέλλων</span> <span class='ocrx_word' id='word_1_494' title='bbox 2717 3214 2837 3307; x_wconf 24' lang='grc'><strong>(51)*</strong></span> <span class='ocrx_word' id='word_1_495' title='bbox 2852 3238 2948 3308; x_wconf 83' lang='grc' dir='ltr'>τῆς</span> <span class='ocrx_word' id='word_1_496' title='bbox 2994 3236 3234 3301; x_wconf 80' lang='grc' dir='ltr'>Ἰταλίας,</span> <span class='ocrx_word' id='word_1_497' title='bbox 3290 3238 3386 3290; x_wconf 73' lang='grc' dir='ltr'><strong>καὶ</strong></span> <span class='ocrx_word' id='word_1_498' title='bbox 3430 3236 3702 3298; x_wconf 76' lang='grc' dir='ltr'>Διονύσιος</span> <span class='ocrx_word' id='word_1_499' title='bbox 3734 3237 3760 3288; x_wconf 84' lang='grc' dir='ltr'><strong><em>ὁ</em></strong></span> 
     </span>
    </p>
   </div>
   <div class='ocr_carea' id='block_1_66' title="bbox 515 3347 2086 3418">
    <p class='ocr_par' dir='ltr' id='par_1_66' title="bbox 515 3347 2086 3418">
     <span class='ocr_line' id='line_1_67' title="bbox 515 3347 2086 3418; baseline -0.002 -15"><span class='ocrx_word' id='word_1_500' title='bbox 515 3349 703 3404; x_wconf 64' lang='lat' dir='ltr'><strong>italiae.</strong></span> <span class='ocrx_word' id='word_1_501' title='bbox 755 3349 957 3403; x_wconf 82' lang='lat' dir='ltr'><strong>Accitis</strong></span> <span class='ocrx_word' id='word_1_502' title='bbox 1006 3348 1148 3403; x_wconf 88' lang='lat' dir='ltr'><strong>enim</strong></span> <span class='ocrx_word' id='word_1_503' title='bbox 1198 3347 1307 3403; x_wconf 91' lang='lat' dir='ltr'><strong>illis</strong></span> <span class='ocrx_word' id='word_1_504' title='bbox 1342 3350 1596 3418; x_wconf 70' lang='lat' dir='ltr'><strong>praecepit</strong></span> <span class='ocrx_word' id='word_1_505' title='bbox 1642 3349 1980 3415; x_wconf 86' lang='lat' dir='ltr'><strong>imperator,</strong></span> <span class='ocrx_word' id='word_1_506' title='bbox 2028 3356 2086 3401; x_wconf 88' lang='lat' dir='ltr'><strong>ut</strong></span> 
     </span>
    </p>
   </div>
   <div class='ocr_carea' id='block_1_67' title="bbox 516 3432 2082 3504">
    <p class='ocr_par' dir='ltr' id='par_1_67' title="bbox 516 3432 2082 3504">
     <span class='ocr_line' id='line_1_68' title="bbox 516 3432 2082 3504; baseline -0.004 -8"><span class='ocrx_word' id='word_1_507' title='bbox 516 3454 704 3497; x_wconf 89' lang='lat' dir='ltr'><strong>contra</strong></span> <span class='ocrx_word' id='word_1_508' title='bbox 734 3441 1089 3495; x_wconf 85' lang='lat' dir='ltr'><strong>Athanasium</strong></span> <span class='ocrx_word' id='word_1_509' title='bbox 1136 3432 1587 3504; x_wconf 68' lang='lat' dir='ltr'><strong>subscriberenl&#39;,</strong></span> <span class='ocrx_word' id='word_1_510' title='bbox 1633 3455 1695 3494; x_wconf 87' lang='lat' dir='ltr'><strong>ac</strong></span> <span class='ocrx_word' id='word_1_511' title='bbox 1737 3454 1859 3494; x_wconf 92' lang='lat' dir='ltr'><strong>cum</strong></span> <span class='ocrx_word' id='word_1_512' title='bbox 1910 3438 2082 3492; x_wconf 66' lang='lat' dir='ltr'><strong>haere—</strong></span> 
     </span>
    </p>
   </div>
   <div class='ocr_carea' id='block_1_68' title="bbox 518 3529 2085 3600">
    <p class='ocr_par' dir='ltr' id='par_1_68' title="bbox 518 3529 2085 3600">
     <span class='ocr_line' id='line_1_69' title="bbox 518 3529 2085 3600; baseline -0.003 -12"><span class='ocrx_word' id='word_1_513' title='bbox 518 3534 645 3588; x_wconf 91' lang='lat' dir='ltr'><strong>ticis</strong></span> <span class='ocrx_word' id='word_1_514' title='bbox 674 3533 1160 3587; x_wconf 87' lang='lat' dir='ltr'><strong>communicarent.</strong></span> <span class='ocrx_word' id='word_1_515' title='bbox 1202 3529 1408 3597; x_wconf 86' lang='lat' dir='ltr'><strong>Quibus</strong></span> <span class='ocrx_word' id='word_1_516' title='bbox 1438 3531 1513 3585; x_wconf 91' lang='lat' dir='ltr'><strong>rei</strong></span> <span class='ocrx_word' id='word_1_517' title='bbox 1553 3530 1837 3585; x_wconf 89' lang='lat' dir='ltr'><strong>insolentia</strong></span> <span class='ocrx_word' id='word_1_518' title='bbox 1866 3538 2085 3600; x_wconf 87' lang='lat' dir='ltr'><strong>stupen-</strong></span> 
     </span>
    </p>
   </div>
   <div class='ocr_carea' id='block_1_69' title="bbox 518 3622 2083 3689">
    <p class='ocr_par' dir='ltr' id='par_1_69' title="bbox 518 3622 2083 3689">
     <span class='ocr_line' id='line_1_70' title="bbox 518 3622 2083 3689; baseline -0.001 -10"><span class='ocrx_word' id='word_1_519' title='bbox 518 3626 662 3681; x_wconf 87' lang='lat' dir='ltr'><strong>tibus</strong></span> <span class='ocrx_word' id='word_1_520' title='bbox 695 3639 757 3680; x_wconf 89' lang='lat' dir='ltr'><strong>ac</strong></span> <span class='ocrx_word' id='word_1_521' title='bbox 797 3622 1132 3689; x_wconf 89' lang='lat' dir='ltr'><strong>dicentibus,</strong></span> <span class='ocrx_word' id='word_1_522' title='bbox 1192 3622 1245 3676; x_wconf 93' lang='lat' dir='ltr'><strong>id</strong></span> <span class='ocrx_word' id='word_1_523' title='bbox 1295 3623 1655 3678; x_wconf 86' lang='lat' dir='ltr'><strong>ecclesiastici</strong></span> <span class='ocrx_word' id='word_1_524' title='bbox 1688 3638 1794 3676; x_wconf 93' lang='lat' dir='ltr'><strong>non</strong></span> <span class='ocrx_word' id='word_1_525' title='bbox 1839 3638 1959 3677; x_wconf 88' lang='lat' dir='ltr'><strong>esse</strong></span> <span class='ocrx_word' id='word_1_526' title='bbox 1990 3638 2083 3677; x_wconf 87' lang='lat' dir='ltr'><strong>ca-</strong></span> 
     </span>
    </p>
   </div>
   <div class='ocr_carea' id='block_1_70' title="bbox 519 3712 2084 3783">
    <p class='ocr_par' dir='ltr' id='par_1_70' title="bbox 519 3712 2084 3783">
     <span class='ocr_line' id='line_1_71' title="bbox 519 3712 2084 3783; baseline -0.005 -10"><span class='ocrx_word' id='word_1_527' title='bbox 519 3716 722 3783; x_wconf 84' lang='lat' dir='ltr'><strong>nonis;</strong></span> <span class='ocrx_word' id='word_1_528' title='bbox 784 3715 963 3771; x_wconf 89' lang='lat' dir='ltr'><strong>statim</strong></span> <span class='ocrx_word' id='word_1_529' title='bbox 1028 3712 1160 3778; x_wconf 88' lang='lat' dir='ltr'><strong>ille,</strong></span> <span class='ocrx_word' id='word_1_530' title='bbox 1225 3713 1295 3765; x_wconf 87' lang='lat' dir='ltr'><strong>At</strong></span> <span class='ocrx_word' id='word_1_531' title='bbox 1342 3714 1483 3782; x_wconf 89' lang='lat' dir='ltr'><strong>quod</strong></span> <span class='ocrx_word' id='word_1_532' title='bbox 1540 3728 1640 3780; x_wconf 81' lang='lat' dir='ltr'><strong>ego</strong></span> <span class='ocrx_word' id='word_1_533' title='bbox 1688 3712 1831 3776; x_wconf 89' lang='lat' dir='ltr'><strong>volo,</strong></span> <span class='ocrx_word' id='word_1_534' title='bbox 1884 3713 1937 3766; x_wconf 84' lang='lat' dir='ltr'><strong>id</strong></span> <span class='ocrx_word' id='word_1_535' title='bbox 1987 3727 2084 3782; x_wconf 94' lang='lat' dir='ltr'><strong>pro</strong></span> 
     </span>
    </p>
   </div>
   <div class='ocr_carea' id='block_1_71' title="bbox 520 3804 2083 3876">
    <p class='ocr_par' dir='ltr' id='par_1_71' title="bbox 520 3804 2083 3876">
     <span class='ocr_line' id='line_1_72' title="bbox 520 3804 2083 3876; baseline -0.004 -12"><span class='ocrx_word' id='word_1_536' title='bbox 520 3823 768 3873; x_wconf 88' lang='lat' dir='ltr'><strong>canone,</strong></span> <span class='ocrx_word' id='word_1_537' title='bbox 832 3807 1046 3876; x_wconf 90' lang='lat' dir='ltr'><strong>inquit,</strong></span> <span class='ocrx_word' id='word_1_538' title='bbox 1114 3806 1376 3860; x_wconf 90' lang='lat' dir='ltr'><strong>habeatur</strong></span> <span class='ocrx_word' id='word_1_539' title='bbox 1422 3819 1437 3857; x_wconf 90' lang='lat'><strong>:</strong></span> <span class='ocrx_word' id='word_1_540' title='bbox 1485 3820 1573 3859; x_wconf 89' lang='lat' dir='ltr'><strong>me</strong></span> <span class='ocrx_word' id='word_1_541' title='bbox 1624 3805 1819 3873; x_wconf 88' lang='lat' dir='ltr'><strong>quippe</strong></span> <span class='ocrx_word' id='word_1_542' title='bbox 1868 3804 1940 3858; x_wconf 91' lang='lat' dir='ltr'><strong>ita</strong></span> <span class='ocrx_word' id='word_1_543' title='bbox 2000 3805 2083 3858; x_wconf 90' lang='lat' dir='ltr'><strong>lo-</strong></span> 
     </span>
    </p>
   </div>
   <div class='ocr_carea' id='block_1_72' title="bbox 520 3894 2085 3970">
    <p class='ocr_par' dir='ltr' id='par_1_72' title="bbox 520 3894 2085 3970">
     <span class='ocr_line' id='line_1_73' title="bbox 520 3894 2085 3970; baseline -0.001 -20"><span class='ocrx_word' id='word_1_544' title='bbox 520 3908 771 3970; x_wconf 83' lang='lat' dir='ltr'><strong>quentem</strong></span> <span class='ocrx_word' id='word_1_545' title='bbox 802 3898 923 3968; x_wconf 90' lang='lat' dir='ltr'><strong>Syri</strong></span> <span class='ocrx_word' id='word_1_546' title='bbox 954 3897 1197 3967; x_wconf 87' lang='lat' dir='ltr'><strong>episcopi</strong></span> <span class='ocrx_word' id='word_1_547' title='bbox 1233 3894 1486 3949; x_wconf 83' lang='lat' dir='ltr'><strong>tolerant.</strong></span> <span class='ocrx_word' id='word_1_548' title='bbox 1535 3896 1642 3948; x_wconf 87' lang='lat' dir='ltr'><strong>Aut</strong></span> <span class='ocrx_word' id='word_1_549' title='bbox 1691 3896 1850 3965; x_wconf 77' lang='lat' dir='ltr'><strong>igitur</strong></span> <span class='ocrx_word' id='word_1_550' title='bbox 1879 3896 2085 3951; x_wconf 83' lang='lat' dir='ltr'><strong>obtem-</strong></span> 
     </span>
    </p>
   </div>
   <div class='ocr_carea' id='block_1_73' title="bbox 520 3986 1861 4062">
    <p class='ocr_par' dir='ltr' id='par_1_73' title="bbox 520 3986 1861 4062">
     <span class='ocr_line' id='line_1_74' title="bbox 520 3986 1861 4062; baseline -0.007 -14"><span class='ocrx_word' id='word_1_551' title='bbox 520 4001 728 4062; x_wconf 74' lang='lat' dir='ltr'><strong>perate,</strong></span> <span class='ocrx_word' id='word_1_552' title='bbox 756 3998 851 4045; x_wconf 86' lang='lat' dir='ltr'><strong>aut</strong></span> <span class='ocrx_word' id='word_1_553' title='bbox 876 4003 973 4044; x_wconf 89' lang='lat' dir='ltr'><strong>vos</strong></span> <span class='ocrx_word' id='word_1_554' title='bbox 1004 4002 1218 4058; x_wconf 89' lang='lat' dir='ltr'><strong>quoque</strong></span> <span class='ocrx_word' id='word_1_555' title='bbox 1245 3996 1489 4041; x_wconf 82' lang='lat' dir='ltr'><strong>extorres</strong></span> <span class='ocrx_word' id='word_1_556' title='bbox 1516 3986 1683 4039; x_wconf 89' lang='lat' dir='ltr'><strong>futuri</strong></span> <span class='ocrx_word' id='word_1_557' title='bbox 1711 3986 1861 4040; x_wconf 90' lang='lat' dir='ltr'><strong>estis.</strong></span> 
     </span>
    </p>
   </div>
   <div class='ocr_carea' id='block_1_74' title="bbox 580 4255 2085 4325">
    <p class='ocr_par' dir='ltr' id='par_1_74' title="bbox 580 4255 2085 4325">
     <span class='ocr_line' id='line_1_75' title="bbox 580 4255 2085 4325; baseline -0.003 -10"><span class='ocrx_word' id='word_1_558' title='bbox 580 4260 682 4315; x_wconf 61' lang='lat' dir='ltr'><strong>si.</strong></span> <span class='ocrx_word' id='word_1_559' title='bbox 729 4258 826 4313; x_wconf 89' lang='lat' dir='ltr'><strong>llis</strong></span> <span class='ocrx_word' id='word_1_560' title='bbox 856 4257 1057 4312; x_wconf 90' lang='lat' dir='ltr'><strong>auditis</strong></span> <span class='ocrx_word' id='word_1_561' title='bbox 1082 4255 1317 4325; x_wconf 88' lang='lat' dir='ltr'><strong>episcopi</strong></span> <span class='ocrx_word' id='word_1_562' title='bbox 1360 4270 1581 4323; x_wconf 89' lang='lat' dir='ltr'><strong>remque</strong></span> <span class='ocrx_word' id='word_1_563' title='bbox 1613 4270 1955 4325; x_wconf 88' lang='lat' dir='ltr'><strong>summopere</strong></span> <span class='ocrx_word' id='word_1_564' title='bbox 1984 4257 2085 4310; x_wconf 81' lang='lat' dir='ltr'><strong>mi-</strong></span> 
     </span>
    </p>
   </div>
   <div class='ocr_carea' id='block_1_75' title="bbox 520 4345 2087 4419">
    <p class='ocr_par' dir='ltr' id='par_1_75' title="bbox 520 4345 2087 4419">
     <span class='ocr_line' id='line_1_76' title="bbox 520 4345 2087 4419; baseline -0.004 -12"><span class='ocrx_word' id='word_1_565' title='bbox 520 4354 665 4419; x_wconf 85' lang='lat' dir='ltr'><strong>rati,</strong></span> <span class='ocrx_word' id='word_1_566' title='bbox 715 4350 964 4405; x_wconf 88' lang='lat' dir='ltr'><strong>manibus</strong></span> <span class='ocrx_word' id='word_1_567' title='bbox 1016 4348 1082 4401; x_wconf 91' lang='lat' dir='ltr'><strong>ad</strong></span> <span class='ocrx_word' id='word_1_568' title='bbox 1140 4348 1305 4402; x_wconf 90' lang='lat' dir='ltr'><strong>Deum</strong></span> <span class='ocrx_word' id='word_1_569' title='bbox 1363 4347 1573 4409; x_wconf 82' lang='lat' dir='ltr'><strong>tensis,</strong></span> <span class='ocrx_word' id='word_1_570' title='bbox 1633 4345 1957 4414; x_wconf 89' lang='lat' dir='ltr'><strong>compellare</strong></span> <span class='ocrx_word' id='word_1_571' title='bbox 2004 4346 2087 4400; x_wconf 85' lang='lat' dir='ltr'><strong>vi-</strong></span> 
     </span>
    </p>
   </div>
   <div class='ocr_carea' id='block_1_76' title="bbox 519 4436 2085 4509">
    <p class='ocr_par' dir='ltr' id='par_1_76' title="bbox 519 4436 2085 4509">
     <span class='ocr_line' id='line_1_77' title="bbox 519 4436 2085 4509; baseline -0.006 -9"><span class='ocrx_word' id='word_1_572' title='bbox 519 4459 639 4500; x_wconf 84' lang='lat' dir='ltr'><strong>rum</strong></span> <span class='ocrx_word' id='word_1_573' title='bbox 696 4443 999 4509; x_wconf 88' lang='lat' dir='ltr'><strong>docereque</strong></span> <span class='ocrx_word' id='word_1_574' title='bbox 1048 4453 1155 4493; x_wconf 89' lang='lat' dir='ltr'><strong>non</strong></span> <span class='ocrx_word' id='word_1_575' title='bbox 1217 4453 1372 4491; x_wconf 80' lang='lat' dir='ltr'><strong>suum</strong></span> <span class='ocrx_word' id='word_1_576' title='bbox 1430 4452 1552 4491; x_wconf 73' lang='lat' dir='ltr'><strong>esse</strong></span> <span class='ocrx_word' id='word_1_577' title='bbox 1608 4436 1928 4506; x_wconf 88' lang='lat' dir='ltr'><strong>imperium,</strong></span> <span class='ocrx_word' id='word_1_578' title='bbox 1991 4437 2085 4491; x_wconf 90' lang='lat' dir='ltr'><strong>sed</strong></span> 
     </span>
    </p>
   </div>
   <div class='ocr_carea' id='block_1_77' title="bbox 2185 3328 3758 3400">
    <p class='ocr_par' dir='ltr' id='par_1_77' title="bbox 2185 3328 3758 3400">
     <span class='ocr_line' id='line_1_78' title="bbox 2185 3328 3758 3400; baseline -0.001 -19"><span class='ocrx_word' id='word_1_579' title='bbox 2185 3330 2291 3381; x_wconf 87' lang='grc' dir='ltr'><strong>ἀπὸ</strong></span> <span class='ocrx_word' id='word_1_580' title='bbox 2324 3329 2685 3389; x_wconf 73' lang='grc' dir='ltr'>Μεδιολάνωνο</span> <span class='ocrx_word' id='word_1_581' title='bbox 2732 3330 2845 3383; x_wconf 76' lang='grc' dir='ltr'>ἔστι</span> <span class='ocrx_word' id='word_1_582' title='bbox 2880 3330 2937 3382; x_wconf 86' lang='grc' dir='ltr'><strong>δέ</strong></span> <span class='ocrx_word' id='word_1_583' title='bbox 2973 3329 3065 3382; x_wconf 81' lang='grc' dir='ltr'><strong>καὶ</strong></span> <span class='ocrx_word' id='word_1_584' title='bbox 3115 3329 3254 3400; x_wconf 75' lang='grc' dir='ltr'>αὕτη</span> <span class='ocrx_word' id='word_1_585' title='bbox 3303 3328 3636 3399; x_wconf 81' lang='grc' dir='ltr'>μητρόπολις</span> <span class='ocrx_word' id='word_1_586' title='bbox 3665 3328 3758 3397; x_wconf 77' lang='grc' dir='ltr'>τῆς</span> 
     </span>
    </p>
   </div>
   <div class='ocr_carea' id='block_1_78' title="bbox 2197 3418 3757 3491">
    <p class='ocr_par' dir='ltr' id='par_1_78' title="bbox 2197 3418 3757 3491">
     <span class='ocr_line' id='line_1_79' title="bbox 2197 3418 3757 3491; baseline -0.001 -20"><span class='ocrx_word' id='word_1_587' title='bbox 2197 3418 2442 3491; x_wconf 80' lang='grc' dir='ltr'>Ἰταλίας.</span> <span class='ocrx_word' id='word_1_588' title='bbox 2491 3419 2721 3482; x_wconf 84' lang='grc' dir='ltr'>Τούτους</span> <span class='ocrx_word' id='word_1_589' title='bbox 2773 3420 2877 3491; x_wconf 82' lang='grc' dir='ltr'>γὰρ</span> <span class='ocrx_word' id='word_1_590' title='bbox 2926 3420 3174 3490; x_wconf 81' lang='grc' dir='ltr'>βασιλεὺς</span> <span class='ocrx_word' id='word_1_591' title='bbox 3223 3419 3467 3481; x_wconf 83' lang='grc' dir='ltr'>καλέσας</span> <span class='ocrx_word' id='word_1_592' title='bbox 3517 3418 3757 3472; x_wconf 88' lang='grc' dir='ltr'>ἐκέλευσε</span> 
     </span>
    </p>
   </div>
   <div class='ocr_carea' id='block_1_79' title="bbox 2184 3511 3757 3585">
    <p class='ocr_par' dir='ltr' id='par_1_79' title="bbox 2184 3511 3757 3585">
     <span class='ocr_line' id='line_1_80' title="bbox 2184 3511 3757 3585; baseline -0.001 -20"><span class='ocrx_word' id='word_1_593' title='bbox 2184 3511 2323 3565; x_wconf 82' lang='grc' dir='ltr'>κατὰ</span> <span class='ocrx_word' id='word_1_594' title='bbox 2356 3511 2673 3565; x_wconf 83' lang='grc' dir='ltr'>Ἀθανασίου</span> <span class='ocrx_word' id='word_1_595' title='bbox 2709 3514 2805 3583; x_wconf 79' lang='grc' dir='ltr'>μὲν</span> <span class='ocrx_word' id='word_1_596' title='bbox 2837 3514 3195 3585; x_wconf 80' lang='grc' dir='ltr'>ὑπογράφειν,</span> <span class='ocrx_word' id='word_1_597' title='bbox 3240 3514 3355 3575; x_wconf 86' lang='grc' dir='ltr'>τοῖς</span> <span class='ocrx_word' id='word_1_598' title='bbox 3379 3512 3437 3565; x_wconf 80' lang='grc' dir='ltr'>δὲ</span> <span class='ocrx_word' id='word_1_599' title='bbox 3473 3512 3757 3581; x_wconf 75' lang='grc' dir='ltr'>αἱρετικοῖς</span> 
     </span>
    </p>
   </div>
   <div class='ocr_carea' id='block_1_80' title="bbox 2184 3600 3757 3676">
    <p class='ocr_par' dir='ltr' id='par_1_80' title="bbox 2184 3600 3757 3676">
     <span class='ocr_line' id='line_1_81' title="bbox 2184 3600 3757 3676; baseline -0.001 -19"><span class='ocrx_word' id='word_1_600' title='bbox 2184 3607 2480 3658; x_wconf 88' lang='grc' dir='ltr'>κοινωνεῖν.</span> <span class='ocrx_word' id='word_1_601' title='bbox 2514 3600 2647 3657; x_wconf 77' lang='grc' dir='ltr'>Εἶτα</span> <span class='ocrx_word' id='word_1_602' title='bbox 2679 3605 2899 3657; x_wconf 83' lang='grc' dir='ltr'>ἐκείνων</span> <span class='ocrx_word' id='word_1_603' title='bbox 2926 3605 3311 3676; x_wconf 79' lang='grc' dir='ltr'>θαυμαζόντων</span> <span class='ocrx_word' id='word_1_604' title='bbox 3344 3605 3409 3657; x_wconf 88' lang='grc' dir='ltr'><strong>τὸ</strong></span> <span class='ocrx_word' id='word_1_605' title='bbox 3434 3606 3618 3659; x_wconf 85' lang='grc' dir='ltr'>καινὸν</span> <span class='ocrx_word' id='word_1_606' title='bbox 3648 3607 3757 3657; x_wconf 85' lang='grc' dir='ltr'>ἐπι-</span> 
     </span>
    </p>
   </div>
   <div class='ocr_carea' id='block_1_81' title="bbox 2183 3693 3755 3769">
    <p class='ocr_par' dir='ltr' id='par_1_81' title="bbox 2183 3693 3755 3769">
     <span class='ocr_line' id='line_1_82' title="bbox 2183 3693 3755 3769; baseline -0.001 -19"><span class='ocrx_word' id='word_1_607' title='bbox 2183 3697 2342 3768; x_wconf 85' lang='grc' dir='ltr'>τήδευ</span> <span class='ocrx_word' id='word_1_608' title='bbox 2351 3715 2426 3767; x_wconf 91' lang='grc' dir='ltr'><strong>μα</strong></span> <span class='ocrx_word' id='word_1_609' title='bbox 2449 3696 2625 3761; x_wconf 80' lang='grc' dir='ltr'>τοῦτο,</span> <span class='ocrx_word' id='word_1_610' title='bbox 2651 3698 2743 3751; x_wconf 72' lang='grc' dir='ltr'><strong>καὶ</strong></span> <span class='ocrx_word' id='word_1_611' title='bbox 2770 3697 3033 3765; x_wconf 88' lang='grc' dir='ltr'>λεγόντων</span> <span class='ocrx_word' id='word_1_612' title='bbox 3071 3699 3145 3769; x_wconf 83' lang='grc' dir='ltr'>μὴ</span> <span class='ocrx_word' id='word_1_613' title='bbox 3189 3693 3327 3750; x_wconf 80' lang='grc' dir='ltr'>εἶναι</span> <span class='ocrx_word' id='word_1_614' title='bbox 3356 3695 3547 3749; x_wconf 78' lang='grc' dir='ltr'>τοῦτον</span> <span class='ocrx_word' id='word_1_615' title='bbox 3571 3696 3755 3767; x_wconf 81' lang='grc' dir='ltr'>ἐκκλη-</span> 
     </span>
    </p>
   </div>
   <div class='ocr_carea' id='block_1_82' title="bbox 2186 3787 3754 3860">
    <p class='ocr_par' dir='ltr' id='par_1_82' title="bbox 2186 3787 3754 3860">
     <span class='ocr_line' id='line_1_83' title="bbox 2186 3787 3754 3860; baseline -0.001 -18"><span class='ocrx_word' id='word_1_616' title='bbox 2186 3791 2460 3844; x_wconf 86' lang='grc' dir='ltr'>σιαστικὸν</span> <span class='ocrx_word' id='word_1_617' title='bbox 2479 3790 2698 3853; x_wconf 84' lang='grc' dir='ltr'>κανόνα,</span> <span class='ocrx_word' id='word_1_618' title='bbox 2733 3790 2891 3853; x_wconf 78' lang='grc' dir='ltr'>εὐθὺς</span> <span class='ocrx_word' id='word_1_619' title='bbox 2913 3792 3138 3852; x_wconf 85' lang='grc' dir='ltr'>ἐκεῖνος,</span> <span class='ocrx_word' id='word_1_620' title='bbox 3174 3789 3312 3841; x_wconf 83' lang='grc' dir='ltr'>Ἀλλ’</span> <span class='ocrx_word' id='word_1_621' title='bbox 3335 3790 3477 3860; x_wconf 82' lang='grc' dir='ltr'>ὅπερ</span> <span class='ocrx_word' id='word_1_622' title='bbox 3505 3789 3615 3857; x_wconf 88' lang='grc' dir='ltr'><strong>ἐγὼ</strong></span> <span class='ocrx_word' id='word_1_623' title='bbox 3644 3787 3754 3857; x_wconf 75' lang='grc' dir='ltr'><strong>βού-</strong></span> 
     </span>
    </p>
   </div>
   <div class='ocr_carea' id='block_1_83' title="bbox 2185 3880 3749 3954">
    <p class='ocr_par' dir='ltr' id='par_1_83' title="bbox 2185 3880 3749 3954">
     <span class='ocr_line' id='line_1_84' title="bbox 2185 3880 3749 3954; baseline 0.001 -21"><span class='ocrx_word' id='word_1_624' title='bbox 2185 3882 2366 3951; x_wconf 89' lang='grc' dir='ltr'>λομαι,</span> <span class='ocrx_word' id='word_1_625' title='bbox 2398 3881 2552 3933; x_wconf 79' lang='grc' dir='ltr'>τοῦτο</span> <span class='ocrx_word' id='word_1_626' title='bbox 2586 3881 2784 3948; x_wconf 83' lang='grc' dir='ltr'>κανὼν,</span> <span class='ocrx_word' id='word_1_627' title='bbox 2802 3881 2973 3949; x_wconf 79' lang='grc' dir='ltr'>ἔλεγε,</span> <span class='ocrx_word' id='word_1_628' title='bbox 3006 3880 3327 3952; x_wconf 78' lang='grc' dir='ltr'>νομιζέσθω·</span> <span class='ocrx_word' id='word_1_629' title='bbox 3356 3881 3503 3934; x_wconf 70' lang='grc' dir='ltr'>οὕτω</span> <span class='ocrx_word' id='word_1_630' title='bbox 3524 3883 3629 3954; x_wconf 87' lang='grc' dir='ltr'><strong>γάρ</strong></span> <span class='ocrx_word' id='word_1_631' title='bbox 3661 3900 3749 3951; x_wconf 84' lang='grc' dir='ltr'><strong>μου</strong></span> 
     </span>
    </p>
   </div>
   <div class='ocr_carea' id='block_1_84' title="bbox 2185 3973 3749 4045">
    <p class='ocr_par' dir='ltr' id='par_1_84' title="bbox 2185 3973 3749 4045">
     <span class='ocr_line' id='line_1_85' title="bbox 2185 3973 3749 4045; baseline 0.001 -20"><span class='ocrx_word' id='word_1_632' title='bbox 2185 3973 2431 4040; x_wconf 86' lang='grc' dir='ltr'>λέγοντος</span> <span class='ocrx_word' id='word_1_633' title='bbox 2481 3974 2758 4043; x_wconf 86' lang='grc' dir='ltr'>ἀνέχονται</span> <span class='ocrx_word' id='word_1_634' title='bbox 2799 3976 2845 4027; x_wconf 88' lang='grc' dir='ltr'>οἱ</span> <span class='ocrx_word' id='word_1_635' title='bbox 2872 3974 2970 4043; x_wconf 78' lang='grc' dir='ltr'>τῆς</span> <span class='ocrx_word' id='word_1_636' title='bbox 3002 3974 3200 4045; x_wconf 84' lang='grc' dir='ltr'>Συρίας</span> <span class='ocrx_word' id='word_1_637' title='bbox 3230 3974 3519 4045; x_wconf 86' lang='grc' dir='ltr'>λεγόμενοι</span> <span class='ocrx_word' id='word_1_638' title='bbox 3544 3976 3749 4028; x_wconf 86' lang='grc' dir='ltr'>ἐπίσκο-</span> 
     </span>
    </p>
   </div>
   <div class='ocr_carea' id='block_1_85' title="bbox 2186 4066 3747 4139">
    <p class='ocr_par' dir='ltr' id='par_1_85' title="bbox 2186 4066 3747 4139">
     <span class='ocr_line' id='line_1_86' title="bbox 2186 4066 3747 4139; baseline 0.001 -22"><span class='ocrx_word' id='word_1_639' title='bbox 2186 4083 2295 4117; x_wconf 87' lang='grc' dir='ltr'>ποι.</span> <span class='ocrx_word' id='word_1_640' title='bbox 2319 4067 2386 4119; x_wconf 84' lang='grc' dir='ltr'>Ἣ</span> <span class='ocrx_word' id='word_1_641' title='bbox 2410 4067 2586 4118; x_wconf 80' lang='grc' dir='ltr'>τοίνυν</span> <span class='ocrx_word' id='word_1_642' title='bbox 2623 4066 2898 4137; x_wconf 86' lang='grc' dir='ltr'>πείσθητε,</span> <span class='ocrx_word' id='word_1_643' title='bbox 2922 4066 2955 4136; x_wconf 80' lang='grc' dir='ltr'>ἢ</span> <span class='ocrx_word' id='word_1_644' title='bbox 2989 4066 3082 4119; x_wconf 74' lang='grc' dir='ltr'>καὶ</span> <span class='ocrx_word' id='word_1_645' title='bbox 3114 4067 3273 4137; x_wconf 83' lang='grc' dir='ltr'>ὑμεῖς</span> <span class='ocrx_word' id='word_1_646' title='bbox 3291 4068 3573 4139; x_wconf 81' lang='grc' dir='ltr'>ὑπερόριοι</span> <span class='ocrx_word' id='word_1_647' title='bbox 3600 4066 3747 4136; x_wconf 86' lang='grc' dir='ltr'>γενή-</span> 
     </span>
    </p>
   </div>
   <div class='ocr_carea' id='block_1_86' title="bbox 2190 4157 2369 4211">
    <p class='ocr_par' dir='ltr' id='par_1_86' title="bbox 2190 4157 2369 4211">
     <span class='ocr_line' id='line_1_87' title="bbox 2190 4157 2369 4211; baseline 0.011 -2"><span class='ocrx_word' id='word_1_648' title='bbox 2190 4157 2369 4211; x_wconf 89' lang='grc' dir='ltr'>σεσθε.</span> 
     </span>
    </p>
   </div>
   <div class='ocr_carea' id='block_1_87' title="bbox 2254 4248 3743 4319">
    <p class='ocr_par' dir='ltr' id='par_1_87' title="bbox 2254 4248 3743 4319">
     <span class='ocr_line' id='line_1_88' title="bbox 2254 4248 3743 4319; baseline -0.003 -16"><span class='ocrx_word' id='word_1_649' title='bbox 2254 4248 2342 4303; x_wconf 73' lang='grc'><strong>54.</strong></span> <span class='ocrx_word' id='word_1_650' title='bbox 2385 4248 2568 4302; x_wconf 80' lang='grc' dir='ltr'>Ταῦτα</span> <span class='ocrx_word' id='word_1_651' title='bbox 2593 4248 2922 4312; x_wconf 84' lang='grc' dir='ltr'>ἀκούσαντες</span> <span class='ocrx_word' id='word_1_652' title='bbox 2952 4251 3000 4302; x_wconf 80' lang='grc' dir='ltr'>οἱ</span> <span class='ocrx_word' id='word_1_653' title='bbox 3030 4249 3342 4315; x_wconf 82' lang='grc' dir='ltr'>ἐπίσκοποι,</span> <span class='ocrx_word' id='word_1_654' title='bbox 3368 4252 3510 4304; x_wconf 86' lang='grc' dir='ltr'>πάνυ</span> <span class='ocrx_word' id='word_1_655' title='bbox 3540 4268 3599 4319; x_wconf 85' lang='grc' dir='ltr'><strong>γε</strong></span> <span class='ocrx_word' id='word_1_656' title='bbox 3630 4250 3743 4301; x_wconf 79' lang='grc' dir='ltr'>θαυ-</span> 
     </span>
    </p>
   </div>
   <div class='ocr_carea' id='block_1_88' title="bbox 2190 4341 3737 4413">
    <p class='ocr_par' dir='ltr' id='par_1_88' title="bbox 2190 4341 3737 4413">
     <span class='ocr_line' id='line_1_89' title="bbox 2190 4341 3737 4413; baseline -0.001 -19"><span class='ocrx_word' id='word_1_657' title='bbox 2190 4342 2477 4412; x_wconf 87' lang='grc' dir='ltr'>μάσαντες,</span> <span class='ocrx_word' id='word_1_658' title='bbox 2494 4341 2704 4405; x_wconf 75' lang='grc' dir='ltr'>καὶτὰς</span> <span class='ocrx_word' id='word_1_659' title='bbox 2728 4345 2912 4413; x_wconf 83' lang='grc' dir='ltr'>χεῖρας</span> <span class='ocrx_word' id='word_1_660' title='bbox 2928 4342 3306 4406; x_wconf 85' lang='grc' dir='ltr'>ἀνατείναντες</span> <span class='ocrx_word' id='word_1_661' title='bbox 3340 4344 3478 4413; x_wconf 85' lang='grc' dir='ltr'>πρὸς</span> <span class='ocrx_word' id='word_1_662' title='bbox 3504 4343 3591 4396; x_wconf 87' lang='grc' dir='ltr'><strong>τὸν</strong></span> <span class='ocrx_word' id='word_1_663' title='bbox 3606 4342 3737 4403; x_wconf 87' lang='grc' dir='ltr'>Θεὸν,</span> 
     </span>
    </p>
   </div>
   <div class='ocr_carea' id='block_1_89' title="bbox 2187 4433 3744 4505">
    <p class='ocr_par' dir='ltr' id='par_1_89' title="bbox 2187 4433 3744 4505">
     <span class='ocr_line' id='line_1_90' title="bbox 2187 4433 3744 4505; baseline -0.001 -19"><span class='ocrx_word' id='word_1_664' title='bbox 2187 4434 2353 4504; x_wconf 84' lang='grc' dir='ltr'>πολλῇ</span> <span class='ocrx_word' id='word_1_665' title='bbox 2377 4437 2444 4504; x_wconf 79' lang='grc' dir='ltr'>τῇ</span> <span class='ocrx_word' id='word_1_666' title='bbox 2466 4434 2582 4486; x_wconf 82' lang='grc' dir='ltr'>κατ’</span> <span class='ocrx_word' id='word_1_667' title='bbox 2610 4434 2774 4504; x_wconf 78' lang='grc' dir='ltr'>αὐτοῦ</span> <span class='ocrx_word' id='word_1_668' title='bbox 2822 4433 3103 4504; x_wconf 71' lang='grc' dir='ltr'>παρρησίᾳ</span> <span class='ocrx_word' id='word_1_669' title='bbox 3140 4434 3279 4503; x_wconf 87' lang='grc' dir='ltr'><strong>μετὰ</strong></span> <span class='ocrx_word' id='word_1_670' title='bbox 3303 4434 3479 4502; x_wconf 89' lang='grc' dir='ltr'>λόγων</span> <span class='ocrx_word' id='word_1_671' title='bbox 3501 4435 3744 4505; x_wconf 73' lang='grc' dir='ltr'>ἐχρήσανσ</span> 
     </span>
    </p>
   </div>
   <div class='ocr_carea' id='block_1_90' title="bbox 520 4520 2084 4609">
    <p class='ocr_par' dir='ltr' id='par_1_90' title="bbox 520 4528 2083 4604">
     <span class='ocr_line' id='line_1_91' title="bbox 520 4528 2083 4604; baseline -0.006 -14"><span class='ocrx_word' id='word_1_672' title='bbox 520 4536 613 4590; x_wconf 88' lang='lat' dir='ltr'><strong>Dei</strong></span> <span class='ocrx_word' id='word_1_673' title='bbox 667 4532 759 4604; x_wconf 87' lang='lat' dir='ltr'><strong>qui</strong></span> <span class='ocrx_word' id='word_1_674' title='bbox 803 4531 1166 4586; x_wconf 88' lang='lat' dir='ltr'><strong>tradidisset:</strong></span> <span class='ocrx_word' id='word_1_675' title='bbox 1217 4542 1408 4596; x_wconf 83' lang='lat' dir='ltr'><strong>rcgare</strong></span> <span class='ocrx_word' id='word_1_676' title='bbox 1458 4542 1516 4582; x_wconf 83' lang='lat' dir='ltr'><strong>ut</strong></span> <span class='ocrx_word' id='word_1_677' title='bbox 1561 4544 1683 4582; x_wconf 91' lang='lat' dir='ltr'><strong>enm</strong></span> <span class='ocrx_word' id='word_1_678' title='bbox 1735 4528 1966 4592; x_wconf 89' lang='lat' dir='ltr'><strong>timeret,</strong></span> <span class='ocrx_word' id='word_1_679' title='bbox 2018 4543 2083 4581; x_wconf 90' lang='lat' dir='ltr'><strong>ne</strong></span> 
     </span>
    </p>
   </div>
   <div class='ocr_carea' id='block_1_91' title="bbox 2177 4520 3741 4609">
    <p class='ocr_par' dir='ltr' id='par_1_91' title="bbox 2184 4520 3741 4596">
     <span class='ocr_line' id='line_1_92' title="bbox 2184 4520 3741 4596; baseline -0.004 -16"><span class='ocrx_word' id='word_1_680' title='bbox 2184 4545 2267 4592; x_wconf 91' lang='grc' dir='ltr'><strong>το,</strong></span> <span class='ocrx_word' id='word_1_681' title='bbox 2293 4526 2631 4589; x_wconf 82' lang='grc' dir='ltr'>διδάσκοντες</span> <span class='ocrx_word' id='word_1_682' title='bbox 2663 4525 2737 4596; x_wconf 81' lang='grc' dir='ltr'><strong>μὴ</strong></span> <span class='ocrx_word' id='word_1_683' title='bbox 2779 4520 2914 4577; x_wconf 83' lang='grc' dir='ltr'>εἶναι</span> <span class='ocrx_word' id='word_1_684' title='bbox 2954 4525 3052 4595; x_wconf 84' lang='grc' dir='ltr'><strong>τὴν</strong></span> <span class='ocrx_word' id='word_1_685' title='bbox 3088 4524 3367 4593; x_wconf 86' lang='grc' dir='ltr'>βασιλείαν</span> <span class='ocrx_word' id='word_1_686' title='bbox 3416 4524 3598 4587; x_wconf 77' lang='grc' dir='ltr'>αὐτοῦ,</span> <span class='ocrx_word' id='word_1_687' title='bbox 3625 4521 3741 4576; x_wconf 77' lang='grc' dir='ltr'><strong>ἀλλὰ</strong></span> 
     </span>
    </p>
   </div>
   <div class='ocr_carea' id='block_1_92' title="bbox 518 4620 2079 4697">
    <p class='ocr_par' dir='ltr' id='par_1_92' title="bbox 518 4620 2079 4697">
     <span class='ocr_line' id='line_1_93' title="bbox 518 4620 2079 4697; baseline -0.004 -17"><span class='ocrx_word' id='word_1_688' title='bbox 518 4629 813 4697; x_wconf 83' lang='lat' dir='ltr'><strong>derepente</strong></span> <span class='ocrx_word' id='word_1_689' title='bbox 868 4624 1051 4678; x_wconf 89' lang='lat' dir='ltr'><strong>datum</strong></span> <span class='ocrx_word' id='word_1_690' title='bbox 1096 4622 1356 4676; x_wconf 89' lang='lat' dir='ltr'><strong>adimeret</strong></span> <span class='ocrx_word' id='word_1_691' title='bbox 1407 4639 1422 4675; x_wconf 90' lang='lat'><strong>:</strong></span> <span class='ocrx_word' id='word_1_692' title='bbox 1474 4622 1815 4675; x_wconf 92' lang='lat' dir='ltr'><strong>interminari</strong></span> <span class='ocrx_word' id='word_1_693' title='bbox 1893 4620 2079 4688; x_wconf 88' lang='lat' dir='ltr'><strong>judicii</strong></span> 
     </span>
    </p>
   </div>
   <div class='ocr_carea' id='block_1_93' title="bbox 519 4709 2080 4780">
    <p class='ocr_par' dir='ltr' id='par_1_93' title="bbox 519 4709 2080 4780">
     <span class='ocr_line' id='line_1_94' title="bbox 519 4709 2080 4780; baseline -0.004 -11"><span class='ocrx_word' id='word_1_694' title='bbox 519 4717 694 4780; x_wconf 88' lang='lat' dir='ltr'><strong>diem,</strong></span> <span class='ocrx_word' id='word_1_695' title='bbox 755 4713 1087 4780; x_wconf 83' lang='lat' dir='ltr'><strong>suadereque</strong></span> <span class='ocrx_word' id='word_1_696' title='bbox 1151 4726 1218 4765; x_wconf 89' lang='lat' dir='ltr'><strong>ne</strong></span> <span class='ocrx_word' id='word_1_697' title='bbox 1286 4709 1681 4765; x_wconf 88' lang='lat' dir='ltr'><strong>ecclesiasticas</strong></span> <span class='ocrx_word' id='word_1_698' title='bbox 1723 4724 1812 4763; x_wconf 89' lang='lat' dir='ltr'><strong>res</strong></span> <span class='ocrx_word' id='word_1_699' title='bbox 1852 4725 2080 4778; x_wconf 86' lang='lat' dir='ltr'><strong>pessun-</strong></span> 
     </span>
    </p>
   </div>
   <div class='ocr_carea' id='block_1_94' title="bbox 521 4798 2079 4870">
    <p class='ocr_par' dir='ltr' id='par_1_94' title="bbox 521 4798 2079 4870">
     <span class='ocr_line' id='line_1_95' title="bbox 521 4798 2079 4870; baseline -0.004 -11"><span class='ocrx_word' id='word_1_700' title='bbox 521 4808 701 4869; x_wconf 88' lang='lat' dir='ltr'><strong>daret,</strong></span> <span class='ocrx_word' id='word_1_701' title='bbox 747 4818 850 4858; x_wconf 88' lang='lat' dir='ltr'><strong>neu</strong></span> <span class='ocrx_word' id='word_1_702' title='bbox 897 4801 1199 4856; x_wconf 79' lang='lat' dir='ltr'><strong>Romanum</strong></span> <span class='ocrx_word' id='word_1_703' title='bbox 1240 4800 1525 4870; x_wconf 91' lang='lat' dir='ltr'><strong>imperium</strong></span> <span class='ocrx_word' id='word_1_704' title='bbox 1579 4814 1701 4853; x_wconf 92' lang='lat' dir='ltr'><strong>cum</strong></span> <span class='ocrx_word' id='word_1_705' title='bbox 1749 4798 2079 4854; x_wconf 88' lang='lat' dir='ltr'><strong>ecclesiasti-</strong></span> 
     </span>
    </p>
   </div>
   <div class='ocr_carea' id='block_1_95' title="bbox 522 4888 2079 4955">
    <p class='ocr_par' dir='ltr' id='par_1_95' title="bbox 522 4888 2079 4955">
     <span class='ocr_line' id='line_1_96' title="bbox 522 4888 2079 4955; baseline -0.004 -6"><span class='ocrx_word' id='word_1_706' title='bbox 522 4895 603 4950; x_wconf 89' lang='lat' dir='ltr'><strong>cis</strong></span> <span class='ocrx_word' id='word_1_707' title='bbox 652 4894 866 4948; x_wconf 88' lang='lat' dir='ltr'><strong>statutis</strong></span> <span class='ocrx_word' id='word_1_708' title='bbox 913 4892 1323 4955; x_wconf 86' lang='lat' dir='ltr'><strong>commisceret,</strong></span> <span class='ocrx_word' id='word_1_709' title='bbox 1391 4890 1474 4943; x_wconf 88' lang='lat' dir='ltr'><strong>vel</strong></span> <span class='ocrx_word' id='word_1_710' title='bbox 1525 4888 1783 4941; x_wconf 88' lang='lat' dir='ltr'><strong>Arianam</strong></span> <span class='ocrx_word' id='word_1_711' title='bbox 1833 4889 2079 4942; x_wconf 67' lang='lat' dir='ltr'><strong>haeresim</strong></span> 
     </span>
    </p>
   </div>
   <div class='ocr_carea' id='block_1_96' title="bbox 524 4978 2085 5047">
    <p class='ocr_par' dir='ltr' id='par_1_96' title="bbox 524 4978 2085 5047">
     <span class='ocr_line' id='line_1_97' title="bbox 524 4978 2085 5047; baseline -0.006 -5"><span class='ocrx_word' id='word_1_712' title='bbox 524 4985 889 5043; x_wconf 85' lang='lat' dir='ltr'><strong>introduceret</strong></span> <span class='ocrx_word' id='word_1_713' title='bbox 935 4983 989 5036; x_wconf 88' lang='lat' dir='ltr'><strong>in</strong></span> <span class='ocrx_word' id='word_1_714' title='bbox 1022 4983 1312 5037; x_wconf 86' lang='lat' dir='ltr'><strong>Ecclesiam</strong></span> <span class='ocrx_word' id='word_1_715' title='bbox 1366 4982 1479 5035; x_wconf 91' lang='lat' dir='ltr'><strong>Dei.</strong></span> <span class='ocrx_word' id='word_1_716' title='bbox 1540 4980 1735 5035; x_wconf 83' lang='lat' dir='ltr'><strong>Verum</strong></span> <span class='ocrx_word' id='word_1_717' title='bbox 1782 4978 1868 5033; x_wconf 80' lang='lat' dir='ltr'><strong>ille</strong></span> <span class='ocrx_word' id='word_1_718' title='bbox 1913 4994 2085 5047; x_wconf 87' lang='lat' dir='ltr'><strong>neque</strong></span> 
     </span>
    </p>
   </div>
   <div class='ocr_carea' id='block_1_97' title="bbox 522 5068 2086 5141">
    <p class='ocr_par' dir='ltr' id='par_1_97' title="bbox 522 5068 2086 5141">
     <span class='ocr_line' id='line_1_98' title="bbox 522 5068 2086 5141; baseline -0.004 -10"><span class='ocrx_word' id='word_1_719' title='bbox 522 5076 759 5139; x_wconf 79' lang='lat' dir='ltr'><strong>audivit,</strong></span> <span class='ocrx_word' id='word_1_720' title='bbox 809 5089 907 5128; x_wconf 89' lang='lat' dir='ltr'><strong>nec</strong></span> <span class='ocrx_word' id='word_1_721' title='bbox 960 5089 1052 5127; x_wconf 88' lang='lat' dir='ltr'><strong>eos</strong></span> <span class='ocrx_word' id='word_1_722' title='bbox 1097 5073 1245 5141; x_wconf 84' lang='lat' dir='ltr'><strong>plura</strong></span> <span class='ocrx_word' id='word_1_723' title='bbox 1290 5068 1469 5126; x_wconf 86' lang='lat' dir='ltr'><strong>dicere</strong></span> <span class='ocrx_word' id='word_1_724' title='bbox 1514 5070 1796 5139; x_wconf 86' lang='lat' dir='ltr'><strong>permisit;</strong></span> <span class='ocrx_word' id='word_1_725' title='bbox 1853 5070 1981 5138; x_wconf 91' lang='lat' dir='ltr'><strong>quin</strong></span> <span class='ocrx_word' id='word_1_726' title='bbox 2030 5080 2086 5124; x_wconf 86' lang='lat' dir='ltr'><strong>et</strong></span> 
     </span>
    </p>
   </div>
   <div class='ocr_carea' id='block_1_98' title="bbox 525 5162 2085 5234">
    <p class='ocr_par' dir='ltr' id='par_1_98' title="bbox 525 5162 2085 5234">
     <span class='ocr_line' id='line_1_99' title="bbox 525 5162 2085 5234; baseline -0.005 -10"><span class='ocrx_word' id='word_1_727' title='bbox 525 5169 707 5224; x_wconf 80' lang='lat' dir='ltr'><strong>acrius</strong></span> <span class='ocrx_word' id='word_1_728' title='bbox 763 5166 1007 5222; x_wconf 88' lang='lat' dir='ltr'><strong>districto</strong></span> <span class='ocrx_word' id='word_1_729' title='bbox 1057 5164 1344 5220; x_wconf 82' lang='lat' dir='ltr'><strong>adversum</strong></span> <span class='ocrx_word' id='word_1_730' title='bbox 1391 5165 1511 5219; x_wconf 89' lang='lat' dir='ltr'><strong>illos</strong></span> <span class='ocrx_word' id='word_1_731' title='bbox 1563 5162 1742 5234; x_wconf 84' lang='lat' dir='ltr'><strong>gladio</strong></span> <span class='ocrx_word' id='word_1_732' title='bbox 1790 5164 2085 5217; x_wconf 80' lang='lat' dir='ltr'><strong>commina-</strong></span> 
     </span>
    </p>
   </div>
   <div class='ocr_carea' id='block_1_99' title="bbox 629 5404 1728 5471">
    <p class='ocr_par' dir='ltr' id='par_1_99' title="bbox 629 5404 1728 5471">
     <span class='ocr_line' id='line_1_100' title="bbox 629 5404 1728 5471; baseline -0.008 -6"><span class='ocrx_word' id='word_1_733' title='bbox 629 5420 649 5444; x_wconf 78' lang='grc'><strong><em>⁵</em></strong></span> <span class='ocrx_word' id='word_1_734' title='bbox 678 5409 825 5466; x_wconf 83' lang='lat' dir='ltr'><strong>Psal.</strong></span> <span class='ocrx_word' id='word_1_735' title='bbox 866 5423 1049 5471; x_wconf 71' lang='lat' dir='ltr'><strong>LXXIV,</strong></span> <span class='ocrx_word' id='word_1_736' title='bbox 1090 5407 1142 5461; x_wconf 83' lang='lat'><strong>6.</strong></span> <span class='ocrx_word' id='word_1_737' title='bbox 1216 5405 1237 5436; x_wconf 82' lang='lat'><strong>&#39;</strong></span> <span class='ocrx_word' id='word_1_738' title='bbox 1278 5404 1467 5459; x_wconf 84' lang='lat' dir='ltr'><strong>Matth.</strong></span> <span class='ocrx_word' id='word_1_739' title='bbox 1500 5421 1610 5469; x_wconf 75' lang='lat' dir='ltr'><strong>xvi,</strong></span> <span class='ocrx_word' id='word_1_740' title='bbox 1640 5404 1728 5457; x_wconf 63' lang='grc' dir='ltr'><strong>Ἡ.</strong></span> 
     </span>
    </p>
   </div>
   <div class='ocr_carea' id='block_1_100' title="bbox 598 5607 2091 5681">
    <p class='ocr_par' dir='ltr' id='par_1_100' title="bbox 598 5607 2091 5681">
     <span class='ocr_line' id='line_1_101' title="bbox 598 5607 2091 5681; baseline -0.001 -17"><span class='ocrx_word' id='word_1_741' title='bbox 598 5610 712 5681; x_wconf 74' lang='grc'><strong>(29)</strong></span> <span class='ocrx_word' id='word_1_742' title='bbox 739 5612 896 5680; x_wconf 80' lang='lat' dir='ltr'><strong>Reg.,</strong></span> <span class='ocrx_word' id='word_1_743' title='bbox 928 5610 1214 5664; x_wconf 86' lang='grc' dir='ltr'>κατεάσσει</span> <span class='ocrx_word' id='word_1_744' title='bbox 1248 5628 1261 5663; x_wconf 92' lang='lat'>:</span> <span class='ocrx_word' id='word_1_745' title='bbox 1299 5610 1449 5672; x_wconf 76' lang='lat' dir='ltr'><strong>editi,</strong></span> <span class='ocrx_word' id='word_1_746' title='bbox 1492 5625 1768 5681; x_wconf 84' lang='grc' dir='ltr'>κατεασει.</span> <span class='ocrx_word' id='word_1_747' title='bbox 1820 5607 1948 5673; x_wconf 59' lang='lat' dir='ltr'><strong>Quae</strong></span> <span class='ocrx_word' id='word_1_748' title='bbox 1989 5623 2091 5662; x_wconf 83' lang='lat' dir='ltr'><strong>vox</strong></span> 
     </span>
    </p>
   </div>
   <div class='ocr_carea' id='block_1_101' title="bbox 532 5680 2091 5747">
    <p class='ocr_par' dir='ltr' id='par_1_101' title="bbox 532 5680 2091 5747">
     <span class='ocr_line' id='line_1_102' title="bbox 532 5680 2091 5747; baseline 0 -17"><span class='ocrx_word' id='word_1_749' title='bbox 532 5680 670 5745; x_wconf 88' lang='lat' dir='ltr'><strong>apud</strong></span> <span class='ocrx_word' id='word_1_750' title='bbox 697 5682 1047 5733; x_wconf 79' lang='lat' dir='ltr'><strong>Athanasium</strong></span> <span class='ocrx_word' id='word_1_751' title='bbox 1086 5683 1185 5734; x_wconf 88' lang='lat' dir='ltr'><strong>sub</strong></span> <span class='ocrx_word' id='word_1_752' title='bbox 1229 5684 1326 5734; x_wconf 85' lang='lat' dir='ltr'><strong>hac</strong></span> <span class='ocrx_word' id='word_1_753' title='bbox 1371 5682 1543 5733; x_wconf 85' lang='lat' dir='ltr'><strong>forma</strong></span> <span class='ocrx_word' id='word_1_754' title='bbox 1573 5680 1859 5747; x_wconf 83' lang='lat' dir='ltr'><strong>aliquando</strong></span> <span class='ocrx_word' id='word_1_755' title='bbox 1902 5693 2091 5731; x_wconf 87' lang='lat' dir='ltr'><strong>occur-</strong></span> 
     </span>
    </p>
   </div>
   <div class='ocr_carea' id='block_1_102' title="bbox 534 5746 2090 5819">
    <p class='ocr_par' dir='ltr' id='par_1_102' title="bbox 534 5746 2090 5819">
     <span class='ocr_line' id='line_1_103' title="bbox 534 5746 2090 5819; baseline -0.001 -18"><span class='ocrx_word' id='word_1_756' title='bbox 534 5749 626 5801; x_wconf 81' lang='lat' dir='ltr'><strong>rit.</strong></span> <span class='ocrx_word' id='word_1_757' title='bbox 648 5747 864 5819; x_wconf 57' lang='lat' dir='ltr'><strong>psalmo</strong></span> <span class='ocrx_word' id='word_1_758' title='bbox 897 5764 1076 5819; x_wconf 51' lang='lat' dir='ltr'><strong>Lxstv,</strong></span> <span class='ocrx_word' id='word_1_759' title='bbox 1106 5748 1159 5815; x_wconf 88' lang='lat'><strong>6,</strong></span> <span class='ocrx_word' id='word_1_760' title='bbox 1189 5752 1403 5819; x_wconf 80' lang='lat' dir='ltr'><strong>legitur,</strong></span> <span class='ocrx_word' id='word_1_761' title='bbox 1437 5751 1493 5802; x_wconf 87' lang='grc' dir='ltr'><strong>ἐν</strong></span> <span class='ocrx_word' id='word_1_762' title='bbox 1531 5746 1750 5803; x_wconf 83' lang='grc' dir='ltr'>πελέκει</span> <span class='ocrx_word' id='word_1_763' title='bbox 1778 5749 1869 5801; x_wconf 66' lang='grc' dir='ltr'><strong>καὶ</strong></span> <span class='ocrx_word' id='word_1_764' title='bbox 1900 5746 2090 5814; x_wconf 78' lang='grc' dir='ltr'>λαξευ-</span> 
     </span>
    </p>
   </div>
   <div class='ocr_carea' id='block_1_103' title="bbox 529 5816 1088 5887">
    <p class='ocr_par' dir='ltr' id='par_1_103' title="bbox 529 5816 1088 5887">
     <span class='ocr_line' id='line_1_104' title="bbox 529 5816 1088 5887; baseline 0.011 -20"><span class='ocrx_word' id='word_1_765' title='bbox 529 5816 703 5886; x_wconf 78' lang='grc' dir='ltr'>τηρίῳ</span> <span class='ocrx_word' id='word_1_766' title='bbox 734 5816 1088 5887; x_wconf 79' lang='grc' dir='ltr'>κατέῤῥαξαν.</span> 
     </span>
    </p>
   </div>
   <div class='ocr_carea' id='block_1_104' title="bbox 2185 4614 3737 4686">
    <p class='ocr_par' dir='ltr' id='par_1_104' title="bbox 2185 4614 3737 4686">
     <span class='ocr_line' id='line_1_105' title="bbox 2185 4614 3737 4686; baseline 0.001 -17"><span class='ocrx_word' id='word_1_767' title='bbox 2185 4615 2279 4669; x_wconf 80' lang='grc' dir='ltr'>τοῦ</span> <span class='ocrx_word' id='word_1_768' title='bbox 2309 4616 2599 4678; x_wconf 87' lang='grc' dir='ltr'>δεδωκότος</span> <span class='ocrx_word' id='word_1_769' title='bbox 2651 4615 2806 4678; x_wconf 79' lang='grc' dir='ltr'>Θεοῦ,</span> <span class='ocrx_word' id='word_1_770' title='bbox 2834 4615 2891 4667; x_wconf 84' lang='grc' dir='ltr'>ὃν</span> <span class='ocrx_word' id='word_1_771' title='bbox 2939 4614 3032 4667; x_wconf 75' lang='grc' dir='ltr'><strong>καὶ</strong></span> <span class='ocrx_word' id='word_1_772' title='bbox 3060 4615 3344 4684; x_wconf 79' lang='grc' dir='ltr'>φοϐεῖσθαι</span> <span class='ocrx_word' id='word_1_773' title='bbox 3373 4617 3533 4669; x_wconf 83' lang='grc' dir='ltr'>αὑτὸν</span> <span class='ocrx_word' id='word_1_774' title='bbox 3556 4615 3737 4686; x_wconf 76' lang='grc' dir='ltr'>ἠξίουν.</span> 
     </span>
    </p>
   </div>
   <div class='ocr_carea' id='block_1_105' title="bbox 2191 4707 3739 4782">
    <p class='ocr_par' dir='ltr' id='par_1_105' title="bbox 2191 4707 3739 4782">
     <span class='ocr_line' id='line_1_106' title="bbox 2191 4707 3739 4782; baseline -0.003 -21"><span class='ocrx_word' id='word_1_775' title='bbox 2191 4711 2263 4782; x_wconf 79' lang='grc' dir='ltr'><strong>μὴ</strong></span> <span class='ocrx_word' id='word_1_776' title='bbox 2293 4709 2549 4779; x_wconf 76' lang='grc' dir='ltr'>ἐξαίφνης</span> <span class='ocrx_word' id='word_1_777' title='bbox 2575 4709 2738 4780; x_wconf 77' lang='grc' dir='ltr'>αὐτὴν</span> <span class='ocrx_word' id='word_1_778' title='bbox 2758 4709 3039 4778; x_wconf 73' lang='grc' dir='ltr'><strong>ἀφέληται⁵</strong></span> <span class='ocrx_word' id='word_1_779' title='bbox 3060 4710 3318 4779; x_wconf 77' lang='grc' dir='ltr'>ἠπείλουν</span> <span class='ocrx_word' id='word_1_780' title='bbox 3345 4727 3406 4762; x_wconf 91' lang='grc' dir='ltr'><strong>τε</strong></span> <span class='ocrx_word' id='word_1_781' title='bbox 3427 4710 3523 4781; x_wconf 82' lang='grc' dir='ltr'><strong>τὴν</strong></span> <span class='ocrx_word' id='word_1_782' title='bbox 3552 4707 3739 4778; x_wconf 79' lang='grc' dir='ltr'>ἡμέραν</span> 
     </span>
    </p>
   </div>
   <div class='ocr_carea' id='block_1_106' title="bbox 2189 4798 3737 4873">
    <p class='ocr_par' dir='ltr' id='par_1_106' title="bbox 2189 4798 3737 4873">
     <span class='ocr_line' id='line_1_107' title="bbox 2189 4798 3737 4873; baseline -0.001 -22"><span class='ocrx_word' id='word_1_783' title='bbox 2189 4800 2284 4870; x_wconf 81' lang='grc' dir='ltr'><strong>τῆς</strong></span> <span class='ocrx_word' id='word_1_784' title='bbox 2312 4799 2565 4871; x_wconf 82' lang='grc' dir='ltr'>κρίσεως,</span> <span class='ocrx_word' id='word_1_785' title='bbox 2600 4802 2692 4853; x_wconf 71' lang='grc' dir='ltr'><strong>καὶ</strong></span> <span class='ocrx_word' id='word_1_786' title='bbox 2731 4798 3113 4853; x_wconf 79' lang='grc' dir='ltr'>συνεϐούλευον</span> <span class='ocrx_word' id='word_1_787' title='bbox 3158 4802 3306 4871; x_wconf 80' lang='grc' dir='ltr'>αὐτῷ</span> <span class='ocrx_word' id='word_1_788' title='bbox 3341 4802 3416 4873; x_wconf 83' lang='grc' dir='ltr'>μὴ</span> <span class='ocrx_word' id='word_1_789' title='bbox 3438 4801 3737 4871; x_wconf 75' lang='grc' dir='ltr'>διαφθείρειν</span> 
     </span>
    </p>
   </div>
   <div class='ocr_carea' id='block_1_107' title="bbox 2189 4892 3819 4965">
    <p class='ocr_par' dir='ltr' id='par_1_107' title="bbox 2189 4892 3819 4965">
     <span class='ocr_line' id='line_1_108' title="bbox 2189 4892 3819 4965; baseline -0.003 -20"><span class='ocrx_word' id='word_1_790' title='bbox 2189 4892 2257 4945; x_wconf 82' lang='grc' dir='ltr'><strong>τὰ</strong></span> <span class='ocrx_word' id='word_1_791' title='bbox 2300 4892 2742 4962; x_wconf 79' lang='grc' dir='ltr'>ὲκκλησιαστικὰ,</span> <span class='ocrx_word' id='word_1_792' title='bbox 2781 4893 2913 4963; x_wconf 83' lang='grc' dir='ltr'>μηδὲ</span> <span class='ocrx_word' id='word_1_793' title='bbox 2946 4894 3376 4965; x_wconf 77' lang='grc' dir='ltr'>ἐγκαταμίσγειν</span> <span class='ocrx_word' id='word_1_794' title='bbox 3392 4895 3489 4965; x_wconf 81' lang='grc' dir='ltr'>τὴν</span> <span class='ocrx_word' id='word_1_795' title='bbox 3527 4896 3734 4963; x_wconf 83' lang='grc' dir='ltr'>Ῥωμαῖ-</span> <span class='ocrx_word' id='word_1_796' title='bbox 3808 4930 3819 4941; x_wconf 92' lang='grc'><strong><em>,</em></strong></span> 
     </span>
    </p>
   </div>
   <div class='ocr_carea' id='block_1_108' title="bbox 2190 4984 3731 5059">
    <p class='ocr_par' dir='ltr' id='par_1_108' title="bbox 2190 4984 3731 5059">
     <span class='ocr_line' id='line_1_109' title="bbox 2190 4984 3731 5059; baseline -0.001 -22"><span class='ocrx_word' id='word_1_797' title='bbox 2190 4984 2293 5055; x_wconf 83' lang='grc' dir='ltr'><strong>κὴν</strong></span> <span class='ocrx_word' id='word_1_798' title='bbox 2315 4985 2485 5055; x_wconf 83' lang='grc' dir='ltr'>ἀρχὴν</span> <span class='ocrx_word' id='word_1_799' title='bbox 2523 4986 2587 5055; x_wconf 83' lang='grc' dir='ltr'>τῇ</span> <span class='ocrx_word' id='word_1_800' title='bbox 2614 4986 2711 5055; x_wconf 85' lang='grc' dir='ltr'><strong>τῆς</strong></span> <span class='ocrx_word' id='word_1_801' title='bbox 2745 4985 3064 5057; x_wconf 83' lang='grc' dir='ltr'>Ἐκκλησίας</span> <span class='ocrx_word' id='word_1_802' title='bbox 3096 4987 3349 5059; x_wconf 79' lang='grc' dir='ltr'>διαταγῇ,</span> <span class='ocrx_word' id='word_1_803' title='bbox 3387 4988 3519 5058; x_wconf 80' lang='grc' dir='ltr'>μηδὲ</span> <span class='ocrx_word' id='word_1_804' title='bbox 3543 4986 3630 5057; x_wconf 76' lang='grc' dir='ltr'><strong>τὴν</strong></span> <span class='ocrx_word' id='word_1_805' title='bbox 3659 4986 3731 5036; x_wconf 83' lang='lat' dir='ltr'><strong>‘A-</strong></span> 
     </span>
    </p>
   </div>
   <div class='ocr_carea' id='block_1_109' title="bbox 2194 5074 3728 5150">
    <p class='ocr_par' dir='ltr' id='par_1_109' title="bbox 2194 5074 3728 5150">
     <span class='ocr_line' id='line_1_110' title="bbox 2194 5074 3728 5150; baseline 0.001 -25"><span class='ocrx_word' id='word_1_806' title='bbox 2194 5074 2409 5145; x_wconf 79' lang='grc' dir='ltr'>ρειανὴν</span> <span class='ocrx_word' id='word_1_807' title='bbox 2442 5074 2647 5145; x_wconf 82' lang='grc' dir='ltr'>αἵρεσιν</span> <span class='ocrx_word' id='word_1_808' title='bbox 2674 5077 2909 5143; x_wconf 87' lang='grc' dir='ltr'>εἰσάγειν</span> <span class='ocrx_word' id='word_1_809' title='bbox 2934 5079 3011 5141; x_wconf 87' lang='grc' dir='ltr'>εἰς</span> <span class='ocrx_word' id='word_1_810' title='bbox 3030 5077 3470 5150; x_wconf 83' lang='grc' dir='ltr'>τὴνἘκκλησίαν</span> <span class='ocrx_word' id='word_1_811' title='bbox 3493 5079 3580 5132; x_wconf 75' lang='grc' dir='ltr'>τοῦ</span> <span class='ocrx_word' id='word_1_812' title='bbox 3596 5076 3728 5131; x_wconf 71' lang='grc' dir='ltr'>Θεοῦ.</span> 
     </span>
    </p>
   </div>
   <div class='ocr_carea' id='block_1_110' title="bbox 2203 5166 3727 5237">
    <p class='ocr_par' dir='ltr' id='par_1_110' title="bbox 2203 5166 3727 5237">
     <span class='ocr_line' id='line_1_111' title="bbox 2203 5166 3727 5237; baseline 0.001 -19"><span class='ocrx_word' id='word_1_813' title='bbox 2203 5166 2339 5219; x_wconf 86' lang='grc' dir='ltr'>Ἀλλ’</span> <span class='ocrx_word' id='word_1_814' title='bbox 2373 5166 2498 5219; x_wconf 72' lang='grc' dir='ltr'>οὔτε</span> <span class='ocrx_word' id='word_1_815' title='bbox 2532 5168 2728 5237; x_wconf 72' lang='grc' dir='ltr'>ἦκουεν</span> <span class='ocrx_word' id='word_1_816' title='bbox 2777 5170 3001 5233; x_wconf 83' lang='grc' dir='ltr'>ἐκεῖνος,</span> <span class='ocrx_word' id='word_1_817' title='bbox 3034 5169 3156 5224; x_wconf 77' lang='grc' dir='ltr'>οὔτε</span> <span class='ocrx_word' id='word_1_818' title='bbox 3180 5172 3433 5225; x_wconf 88' lang='grc' dir='ltr'>τι·πλέον</span> <span class='ocrx_word' id='word_1_819' title='bbox 3465 5172 3643 5232; x_wconf 76' lang='grc' dir='ltr'>αὐτοὺς</span> <span class='ocrx_word' id='word_1_820' title='bbox 3665 5168 3727 5219; x_wconf 80' lang='grc' dir='ltr'><strong>λέ-</strong></span> 
     </span>
    </p>
   </div>
   <div class='ocr_carea' id='block_1_111' title="bbox 1832 5403 3363 5481">
    <p class='ocr_par' dir='ltr' id='par_1_111' title="bbox 1832 5403 3363 5481">
     <span class='ocr_line' id='line_1_112' title="bbox 1832 5403 3363 5481; baseline 0.006 -23"><span class='ocrx_word' id='word_1_821' title='bbox 1832 5404 1853 5435; x_wconf 85' lang='grc'>⁶</span> <span class='ocrx_word' id='word_1_822' title='bbox 1886 5404 2014 5459; x_wconf 90' lang='lat' dir='ltr'><strong>Luc.</strong></span> <span class='ocrx_word' id='word_1_823' title='bbox 2046 5420 2161 5468; x_wconf 80' lang='grc' dir='ltr'>νιιι,</span> <span class='ocrx_word' id='word_1_824' title='bbox 2201 5403 2291 5458; x_wconf 74' lang='lat'><strong>20.</strong></span> <span class='ocrx_word' id='word_1_825' title='bbox 2366 5405 2386 5436; x_wconf 91' lang='lat'><strong>&quot;</strong></span> <span class='ocrx_word' id='word_1_826' title='bbox 2420 5405 2577 5465; x_wconf 85' lang='lat' dir='ltr'><strong>Cant.</strong></span> <span class='ocrx_word' id='word_1_827' title='bbox 2610 5424 2661 5475; x_wconf 77' lang='grc' dir='ltr'><strong>ν,</strong></span> <span class='ocrx_word' id='word_1_828' title='bbox 2703 5408 2759 5462; x_wconf 75' lang='grc' dir='ltr'><strong>Ξ.</strong></span> <span class='ocrx_word' id='word_1_829' title='bbox 2833 5409 2855 5440; x_wconf 85' lang='grc'>⁸</span> <span class='ocrx_word' id='word_1_830' title='bbox 2894 5410 2909 5463; x_wconf 95' lang='lat' dir='ltr'><strong>l</strong></span> <span class='ocrx_word' id='word_1_831' title='bbox 2943 5409 3078 5481; x_wconf 81' lang='lat' dir='ltr'><strong>Reg.</strong></span> <span class='ocrx_word' id='word_1_832' title='bbox 3117 5426 3267 5479; x_wconf 76' lang='lat' dir='ltr'><strong>xxvi,</strong></span> <span class='ocrx_word' id='word_1_833' title='bbox 3311 5414 3363 5469; x_wconf 85' lang='lat'><strong>9.</strong></span> 
     </span>
    </p>
   </div>
   <div class='ocr_carea' id='block_1_112' title="bbox 2273 5608 3163 5681">
    <p class='ocr_par' dir='ltr' id='par_1_112' title="bbox 2273 5608 3163 5681">
     <span class='ocr_line' id='line_1_113' title="bbox 2273 5608 3163 5681; baseline 0.003 -18"><span class='ocrx_word' id='word_1_834' title='bbox 2273 5610 2383 5680; x_wconf 78' lang='grc' dir='ltr'><strong>(5οὶ</strong></span> <span class='ocrx_word' id='word_1_835' title='bbox 2413 5608 2502 5665; x_wconf 89' lang='lat' dir='ltr'><strong>Sic</strong></span> <span class='ocrx_word' id='word_1_836' title='bbox 2537 5611 2670 5681; x_wconf 77' lang='lat' dir='ltr'><strong>Reg.</strong></span> <span class='ocrx_word' id='word_1_837' title='bbox 2702 5610 2841 5665; x_wconf 87' lang='lat' dir='ltr'><strong>Editi</strong></span> <span class='ocrx_word' id='word_1_838' title='bbox 2872 5628 3017 5673; x_wconf 83' lang='lat' dir='ltr'><strong>vero,</strong></span> <span class='ocrx_word' id='word_1_839' title='bbox 3042 5615 3163 5666; x_wconf 82' lang='grc' dir='ltr'>ὅσα.</span> 
     </span>
    </p>
   </div>
   <div class='ocr_carea' id='block_1_113' title="bbox 2271 5679 3712 5755">
    <p class='ocr_par' dir='ltr' id='par_1_113' title="bbox 2271 5679 3712 5755">
     <span class='ocr_line' id='line_1_114' title="bbox 2271 5679 3712 5755; baseline 0.002 -22"><span class='ocrx_word' id='word_1_840' title='bbox 2271 5681 2400 5755; x_wconf 43' lang='grc'><strong>(51)-</strong></span> <span class='ocrx_word' id='word_1_841' title='bbox 2419 5682 2508 5755; x_wconf 70' lang='lat' dir='ltr'><strong>_S_ic</strong></span> <span class='ocrx_word' id='word_1_842' title='bbox 2534 5679 2667 5755; x_wconf 50' lang='lat' dir='ltr'><strong>Reg.</strong></span> <span class='ocrx_word' id='word_1_843' title='bbox 2704 5682 2894 5755; x_wconf 80' lang='lat' dir='ltr'><strong>co_dex.</strong></span> <span class='ocrx_word' id='word_1_844' title='bbox 2926 5683 3067 5755; x_wconf 60' lang='lat' dir='ltr'><strong>Edit.</strong></span> <span class='ocrx_word' id='word_1_845' title='bbox 3096 5701 3225 5742; x_wconf 73' lang='lat' dir='ltr'><strong>vero</strong></span> <span class='ocrx_word' id='word_1_846' title='bbox 3244 5688 3475 5753; x_wconf 72' lang='lat' dir='ltr'><strong>Comm,</strong></span> <span class='ocrx_word' id='word_1_847' title='bbox 3501 5679 3712 5755; x_wconf 75' lang='grc' dir='ltr'>Μαρκέλ·</span> 
     </span>
    </p>
   </div>
   <div class='ocr_carea' id='block_1_114' title="bbox 2198 5752 3096 5824">
    <p class='ocr_par' dir='ltr' id='par_1_114' title="bbox 2198 5752 3096 5824">
     <span class='ocr_line' id='line_1_115' title="bbox 2198 5752 3096 5824; baseline 0.003 -20"><span class='ocrx_word' id='word_1_848' title='bbox 2198 5769 2323 5806; x_wconf 73' lang='grc' dir='ltr'>λων.</span> <span class='ocrx_word' id='word_1_849' title='bbox 2364 5752 2503 5808; x_wconf 84' lang='lat' dir='ltr'><strong>Edit.</strong></span> <span class='ocrx_word' id='word_1_850' title='bbox 2534 5753 2727 5820; x_wconf 80' lang='lat' dir='ltr'><strong>Paris.,</strong></span> <span class='ocrx_word' id='word_1_851' title='bbox 2759 5752 3096 5824; x_wconf 83' lang='grc' dir='ltr'>Βαρκέλλων.</span> 
     </span>
    </p>
   </div>
  </div>
