3980 6514
236 395 336 451 755

1187 386 1509 444 1118⁸1⁷08ιεὶ
1548 384 1954 439 ARIANORUM
1994 385 2087 437 AD
2126 384 2519 439 MONACIIOS.

3362 388 3462 444 758

238 527 346 580 τευ
380 508 702 579 ἐπέτρεπεν,
730 505 865 559 ἀλλὰ
890 506 983 558 καὶ
1020 505 1216 576 μᾶλλον
1246 502 1482 575 ἠπείλει,
1510 502 1604 555 καὶ
1653 501 1801 572 ξίφος

1915 507 2082 566 initur,
2112 503 2219 555 imo
2250 517 2313 555 ex
2353 502 2418 555 iis
2459 498 2745 553 nonnullos
2792 498 2857 552 ad
2907 497 3225 569 supplicium
3269 500 3460 556 abduci

236 601 460 673 ἐγύμνου
488 603 608 653 κατ’
643 599 839 663 αὐτῶν,
872 599 968 653 καὶ
1010 598 1319 666 ἀπάγεσθαι
1347 596 1565 671 δέτινας
1596 595 1653 662 ἐξ
1699 597 1799 649 αύ-

1924 606 2131 648 usserat
2161 612 2174 649 :
2211 596 2303 649 sed
2354 607 2562 662 postea,
2602 594 2677 646 uti
2712 593 2921 646 Pharao
2945 630 2963 657 ,
2993 594 3313 647 sententiam
3347 611 3464 650 mu-

232 694 331 747 τῶν
355 691 625 745 ἐκέλευσε·
653 690 747 742 καὶ
778 688 959 751 πάλιν,
979 688 1052 752 ώς
1078 689 1105 739 ὁ
1129 685 1346 758 Φαραὼ,
1386 686 1798 757 μετεγίνωσκεν.

244 781 644 846 Ἐκτινάξαντες
662 778 839 831 τοίνυν
860 779 909 830 οί
943 777 1085 845 ἆγιοι
1104 777 1193 829 τὸν
1216 774 1513 845 κονιορτὸν,
1543 775 1636 827 καὶ
1662 774 1799 844 πρὸς

234 872 315 925 τὸν
345 871 477 923 Θεὸν
505 868 924 937 ἀναϐλέψαντες,
963 866 1085 919 οὕτε
1119 866 1344 935 ἀπειλὴν
1380 864 1638 934 βασιλέως
1672 866 1800 937 ἐφοέ

236 962 492 1034 ϐήθησαν,
514 959 636 1013 οὔτε
656 936 838 1027 ξίφους
860 976 926 1026 γυ
935 976 1063 1029 μνου
1072 958 1230 1028 μένου
1250 957 1358 1026 ('59.)
1382 936 1801 1027 προδεδώκασιν,

235 1052 361 1105 ἀλλά
389 1051 484 1104 καὶ
525 1051 615 1103 τὸν
662 1049 963 1119 ἐξορισμὸν,
995 1048 1067 1110 ώς
1112 1047 1475 1116 λειτούργημα
1508 1046 1800 1107 διακονίας,

235 1146 513 1215 ἐσχήκασι·
545 1143 876 1213 διερχόμενοι
902 1141 1008 1211 γὰρ
1040 1138 1179 1192 κατά
1216 1138 1379 1191 τόπον
1407 1138 1499 1189 καὶ
1538 1137 1676 1189 κατὰ
1710 1136 1802 1187 πό-

236 1238 311 1290 λιν
344 1237 476 1306 (55),
508 1236 709 1304 καίπερ
730 1235 790 1287 ἐν
824 1233 1039 1302 δεσμοῖς
1054 1231 1223 1294 ὄντες,
1242 1229 1669 1299 εὐηγγελίζοντο,
1704 1228 1802 1297 τὴν

244 1331 337 1401 μὲν
358 1328 556 1399 εὐσεϐῆ
575 1328 755 1380 πίστιν
786 1325 1162 1397 κηρύττοντες,
1194 1324 1293 1394 τὴν
1325 1324 1381 1375 δέ
1413 1322 1693 1392 Ἀρειανὴν
1721 1323 1803 1374 αἴ-

239 1439 377 1493 ρεσιν
398 1417 907 1490 ἀναθεματίξοντες,
936 1418 1029 1470 καὶ
1055 1416 1151 1487 τὴν
1189 1417 1469 1487 μετάνοιαν
1500 1414 1801 1485 Οὐρσακίου

236 1512 323 1564 καὶ
346 1510 645 1573 Οὐάλεντος
674 1508 1097 1579 στηλιτεύοντες.
1129 1507 1403 1575 Ἐγίγνετο
1424 1507 1479 1558 δέ
1500 1505 1653 1558 τοῦτο
1669 1506 1804 1576 πρὸς

236 1601 470 1655 ἐναντίου
507 1600 620 1671 (5.4)
642 1601 753 1662 τοῖς
788 1597 1238 1650 ἐπιϐουλεύουσιν·
1270 1598 1379 1666 ὅσῳ
1417 1596 1525 1671 γάρ
1562 1596 1695 1647 πολὺ
1744 1596 1805 1648 τὸ

235 1693 505 1763 διάστημα
531 1692 631 1761 τῆς
657 1689 1230 1761 ἐξοριστίας,τοσούτῳ
1265 1689 1444 1759 μεῖζον
1478 1666 1538 1740 τὸ
1568 1690 1686 1739 κατ’
1709 1688 1804 1739 αύ-

234 1786 335 1839 τῶν
367 1789 523 1855 μῖσος
552 1783 771 1854 ηὔξανε,
791 1784 884 1835 καὶ
907 1771 974 1853 κῆ
986 1800 1165 1853 ρυγμα
1185 1778 1252 1852 ἦν
1269 1782 1407 1834 κατὰ
1430 1783 1525 1851 τῆς
1553 1782 1804 1843 ἀσεϐείας

1902 686 2052 740 tavit.
2086 686 2325 742 Excussa
2355 686 2539 752 itaque
2563 686 2782 754 pulvere
2812 685 2986 738 sancti
3020 683 3131 747 illi,
3160 686 3464 755 erectisque

1901 779 1965 830 ad
2008 779 2171 831 Deum
2207 779 2415 843 oculis,
2468 793 2639 847 neque
2690 778 2867 831 minas
2912 778 3257 846 imperatoris
3300 776 3467 849 288

1903 868 2338 934 reformidarunt,
2385 886 2557 939 neque
2610 870 2783 924 stricti
2815 870 2975 940 gladii
3012 880 3153 925 metu
3179 872 3463 925 veritatem

1901 963 2188 1031 prodidere
2220 1006 2235 1029 ,
2292 964 2384 1016 sed
2414 964 2660 1017 exsilium
2711 977 2810 1032 pro
2852 962 3137 1016 ministerii
3183 964 3263 1015 sui
3294 961 3466 1017 olIicio

1903 1055 2224 1109 habuerunt.
2278 1055 2413 1108 Dum
2467 1055 2609 1107 enim
2665 1069 2761 1123 per
2810 1052 2930 1106 loca
2981 1067 3182 1121 perque
3222 1054 3470 1108 civitates

1906 1147 2235 1210 transirent,
2290 1148 2393 1201 etsi
2454 1146 2682 1201 vinculis
2741 1147 3061 1211 constricti,
3119 1146 3471 1201 nihilominus

1902 1239 2347 1308 evangelizabant
2370 1279 2383 1303 ,
2424 1254 2488 1293 ac
2514 1240 2654 1307 piam
2688 1239 2842 1294 (idem
2872 1241 3229 1308 praedicantes
3254 1281 3268 1307 ,
3315 1242 3471 1296 Aria—

1905 1346 2026 1383 nam
2064 1331 2309 1384 hatresim
2344 1331 2685 1385 anathemate
2713 1333 3060 1396 damnabant,
3099 1336 3474 1390 traducebant-

1904 1438 2006 1489 qne
2038 1422 2243 1478 Ursacii
2273 1433 2436 1492 atque
2468 1422 2703 1476 Valentis
2731 1424 3122 1490 pmnitentiam.
3155 1425 3303 1491 Quod
3336 1441 3471 1479 con-

1906 1522 1987 1565 tra
2039 1528 2203 1582 quam
2257 1516 2356 1567 rati
2412 1523 2568 1567 erant
2616 1515 2781 1567 cessit
2829 1515 3236 1571 insidiatoribus
3285 1536 3297 1570 :
3348 1534 3471 1571 nam

1906 1613 2109 1671 quanto
2165 1605 2405 1672 longiore
2450 1606 2737 1659 intervallo
2789 1607 3023 1660 distabat
3074 1610 3246 1663 exsilii
3303 1611 3476 1675 locus,

1908 1705 2058 1748 tanto
2092 1698 2264 1766 majus
2316 1698 2367 1750 itt
2420 1697 2540 1750 illos
2582 1698 2761 1751 odium
2801 1699 3194 1753 concitabatttr.
3250 1700 3475 1755 Sancto-

1910 1802 2134 1855 rumque
2184 1790 2418 1841 virorum
2463 1790 2844 1855 commigratio
2883 1805 3011 1843 vera
3042 1790 3139 1844 fuit
3174 1792 3484 1860 praedicatio

234 1877 407 1930 αὐτῶν
439 1876 693 1947 ήτούτων
724 1876 1021 1945 ἀποδημία.
1052 1876 1148 1935 Τίς
1189 1874 1317 1944 γὰρ,
1354 1875 1561 1943 βλέπων
1590 1876 1808 1936 τούτους

1915 1882 2167 1933 adversus
2199 1879 2410 1932 illorum
2447 1880 2794 1947 impietatem.
2850 1881 2981 1946 Quis
3015 1882 3157 1934 enim
3183 1882 3307 1935 dum
3359 1897 3478 1951 per-

234 1968 630 2039 διερχομένους,
686 1969 785 2019 οὐκ
816 1968 1009 2029 αὐτοὺς
1053 1965 1150 2036 μὲν
1170 1966 1245 2027 ὼς
1271 1965 1606 2036 ὁμολογητάς
1638 1967 1805 2036 ὑπερ-

238 2059 575 2130 εθαύμαξεν.
602 2060 838 2121 ἐκείνους
858 2059 912 2111 δέ
944 2060 1041 2110 οὐκ
1061 2059 1430 2127 ἀπεστρέφετο
1459 2058 1550 2110 καὶ
1570 2058 1808 2110 ἐϐδελύτ-

235 2170 371 2215 τετο,
396 2152 580 2204 ούκέτι
607 2151 764 2221 μόνον
796 2150 871 2213 ὠς
908 2151 1140 2213 ἀσεϐεῖς,
1177 2149 1311 2202 ἀλλὰ
1341 2150 1433 2202 καὶ
1470 2151 1543 2213 ὡς
1581 2151 1807 2221 δημίους

237 2242 324 2295 καὶ
356 2242 433 2304 ώς
456 2240 739 2309 φονευτάς,
790 2241 882 2293 καὶ
920 2239 1097 2293 πάντα
1145 2238 1341 2309 μᾶλλον
1379 2238 1410 2308 ἢ
1453 2240 1808 2309 Χριστιανοὺς

234 2333 515 2405 ὀνομάζων
532 2350 546 2397 ;

304 2427 391 2481 55.
425 2425 643 2477 Βέλτιον
674 2424 769 2494 μὲν
786 2418 878 2476 οὖν
906 2420 974 2493 ἦν
1008 2438 1146 2475 κατα
1193 2422 1289 2494 τὴν
1316 2422 1489 2493 ἀρχὴν
1517 2422 1808 2475 Κωνστάν-

237 2535 346 2569 τιον
377 2515 623 2587 μηδόλως
658 2517 755 2583 τῆς
780 2514 1042 2584 αἱρέσεως
1066 2513 1266 2583 ταύτης
1302 2514 1575 2581 γενέσθαι,
1605 2514 1807 2582 ἢγενό-

241 2624 417 2678 μενον,
467 2605 543 2676 μὴ
586 2605 836 2658 τοσοῦτον
875 2605 1113 2658 ἐνδοῦναι
1158 2609 1270 2669 τοῖς
1308 2605 1579 2667 ἀσεϐέσιν,
1632 2606 1664 2676 ἢ
1721 2608 1807 2658 ἐν-

236 2699 388 2754 δόντα
433 2698 595 2767 μέχρι
634 2696 833 2749 τούτων
862 2697 1053 2766 στῆναι
1087 2698 1201 2766 μετ’
1228 2696 1425 2759 αὐτῶν,
1463 2698 1549 2749 ἵνα
1576 2696 1677 2748 κᾶν
1706 2697 1809 2758 ἕως

237 2790 435 2844 τούτων
462 2790 630 2859 ἐχωσι
663 2788 770 2841 τῶν
808 2788 1181 2858 τολμηθέντων
1214 2788 1327 2857 (55)
1354 2788 1534 2856 κοινὴν
1559 2787 1655 2857 τὴν
1688 2788 1808 2857 κρί-

238 2898 338 2934 σιν.
389 2881 478 2942 Ὠς
523 2879 579 2931 δέ
626 2878 789 2939 ἔοικε,
838 2878 979 2931 κατά
1022 2880 1145 2941 τοὺς
1187 2880 1422 2948 ἄφρονας
1455 2878 1671 2947 δεσμοῖς
1712 2879 1809 2948 τῆς

233 2974 488 3036 ἀσεϐείας
517 2973 741 3034 ἑαυτοὺς
757 2971 1188 3041 περιπείροντες,
1211 2969 1428 3039 μείζονα
1458 2970 1577 3021 καθ’
1606 2968 1809 3023 ἑαυτῶν

233 3069 329 3139 τὴν
356 3066 565 3137 κρίσιν,
592 3063 953 3117 ἐπισπῶνται.
991 3062 1098 3115 Καὶ
1140 3062 1248 3133 γάρ
1272 3062 1393 3114 ούδέ
1437 3062 1685 3132 Λιϐερίου
1716 3062 1808 3115 τοῦ

235 3156 537 3209 ἐπισκόπου
582 3152 801 3223 Ῥώμης
833 3152 972 3205 κατά
1016 3151 1111 3221 τὴν
1144 3151 1312 3222 ἀρχὴν
1354 3151 1655 3219 ἐφείσαντο,
1677 3150 1809 3204 ἀλλὰ

235 3248 326 3301 καὶ
367 3246 534 3317 μέχρι
555 3244 662 3297 τῶν
690 3243 805 3296 ἐκεῖ
826 3242 924 3313 τὴν
962 3242 1153 3313 μανίαν
1180 3240 1468 3307 ἐξέτειναν·
1497 3242 1590 3296 καὶ
1610 3241 1706 3311 οὐχ
1730 3242 1810 3294 ὅτι

235 3337 595 3399 ἀποπολικὸς
630 3338 745 3388 ἐστι
766 3334 951 3406 θρόνος
976 3332 1298 3404 ᾐδέσθησαν,
1325 3333 1435 3386 οὗθ’
1463 3334 1543 3386 ὅτι
1573 3332 1683 3401 (56)
1709 3350 1811 3404 μη-

233 3430 485 3502 τρόπολις
514 3431 547 3499 ἡ
582 3426 765 3498 Ῥώμη
794 3426 1207 3497 τῆςῬωμανίας
1225 3426 1390 3487 ἐστὶν,
1416 3424 1810 3496 εὐλαϐήθησαν,

235 3520 342 3572 οὗθ’
368 3520 451 3572 ὅτι
480 3518 749 3589 πρότερον
796 3516 1184 3579 ἀποστολικοὺς
1225 3517 1419 3579 αὐτοὺς
1449 3516 1642 3587 ἄνδρας
1679 3518 1815 3587 γρά-

237 3629 423 3681 φοντες
455 3612 768 3682 εἰρήκασιν,
804 3610 1232 3679 ἐμνημόνευσαν.
1279 3607 1437 3659 Ἀλλά
1468 3609 1643 3661 πάντα
1679 3607 1813 3678 ὁμοῦ

239 3704 527 3777 φύραντες,
553 3702 769 3757 πάντων
801 3700 1011 3772 ἀθρόως
1036 3700 1379 3763 ἐπελάθοντο,
1406 3701 1500 3753 καὶ
1534 3700 1698 3770 μόνης
1719 3701 1815 3770 τῆς

242 3792 376 3862 ὑπὲρ
400 3792 504 3861 τῆς
528 3790 785 3853 ἀσεϐείας
806 3790 1039 3860 σπουδῆς
1077 3790 1416 3860 ἐφρόντισαν.
1451 3790 1665 3860 Ἐπειδὴ
1708 3790 1815 3861 γὰρ

239 3885 547 3955 ἑωράκασιν
571 3882 733 3936 αὑτὸν
754 3881 1152 3952 όρθοδοξοῦντα,
1180 3882 1273 3934 καὶ
1303 3880 1561 3952 μισοῦντα
1592 3882 1687 3951 μὲν
1720 3881 1815 3952 τὴν

250 3976 534 4050 Ἀρειανὴν
578 3974 810 4045 αἵρεσιν,
865 3973 1230 4036 σπουδάζοντα
1262 3972 1317 4024 δὲ
1364 3973 1572 4036 πάντας
1612 3973 1817 4027 πείθειν

238 4064 678 4138 ἀποστρέφεσθαι
702 4063 794 4118 καὶ
841 4065 1137 4135 ἀναχωρεῖν
1160 4062 1253 4116 ἀπ’
1282 4063 1470 4133 αὐτῆς,
1509 4063 1819 4130 ἐλογίσαντο

239 4163 285 4213 οξ
325 4158 630 4219 δυσσεϐεῖς,
664 4159 744 4210 ὅτι
783 4156 954 4209 Είτὸν
987 4156 1235 4227 Λιϐέριον
1258 4157 1566 4226 πείσαιμεν,
1602 4156 1818 4209 πάντων

237 4252 448 4322 ταχέως
480 4249 850 4320 κρατήσομεν·
878 4248 972 4299 καὶ
1000 4245 1343 4299 διαϐάλλουσι
1371 4244 1597 4314 βασιλεῖ.
1620 4245 1817 4296 Κάκεῖ-

238 4362 325 4408 νος
359 4343 597 4413 ταχέως,
632 4340 1005 4411 προσδοκήσας
1021 4338 1107 4391 διὰ
1138 4336 1389 4408 Λιϐερίου
1420 4337 1625 4399 πάντας
1642 4335 1818 4388 ἐλκειν

238 4436 373 4507 πρὸς
409 4434 623 4498 ἐαυτὸν,
668 4432 887 4502 γράφει,
926 4431 1019 4482 καὶ
1039 4430 1245 4500 πέμπει
1272 4428 1537 4482 σπάδοντα
1564 4428 1818 4482 Εὑσέϐιόν

236 4546 359 4581 τινα
388 4524 727 4595 καλούμενον
781 4521 917 4593 μετὰ
973 4521 1315 4593 γραμμάτων
1346 4522 1437 4573 καὶ
1466 4520 1703 4589 δωρεῶν,
1732 4520 1817 4572 ἵνα

233 4623 350 4683 τοῖς
388 4618 489 4689 μὲν
520 4615 713 4687 δώροις
744 4612 1067 4685 κολακεύσῃ,
1097 4614 1213 4674 τοῖς
1235 4612 1289 4664 δέ
1316 4611 1635 4683 γράμμασιν
1660 4612 1815 4663 ἀπει-

461 4706 735 4761 Ἀπελθὼν
784 4707 961 4760 τοίνυν
993 4707 1020 4757 ό
1056 4704 1271 4757 σπάδων
1321 4706 1401 4766 είς
1438 4703 1533 4774 τὴν
1577 4702 1814 4774 Ῥώμην,

234 4803 457 4875 πρῶτον
514 4800 811 4873 παρεκάλει
860 4798 951 4849 τὸν
1003 4797 1252 4868 Λιϐέριον
1302 4795 1442 4849 κατά
1496 4794 1814 4847 ἈΟανασίου

236 4897 337 4965 μὲν
369 4891 708 4963 ὑπογράψαι,
724 4893 837 4952 τοῖς
858 4889 915 4942 δὲ
935 4889 1233 4959 Ἀρειανοῖς
1265 4887 1608 4956 κοινωνῆσαι,
1624 4885 1815 4955 λέγων’

232 4985 412 5039 Τοῦτο
449 4984 702 5054 βασιλεὺς
734 4982 1001 5053 βούλεται,
1057 4981 1149 5034 καὶ
1203 4980 1412 5035 κελεύει
1466 4998 1523 5033 σε
1555 4980 1815 5049 ,ποιῆσαι-

232 5073 374 5140 εἶτα,
428 5075 737 5137 ἐπιδεικνὺς
786 5074 853 5127 τὰ
889 5073 1057 5143 δῶρα,
1116 5072 1430 5143 παρεκάλει·
1486 5072 1577 5124 καὶ
1622 5068 1819 5141 χειρῶν

230 5169 463 5239 ἥπτετο,
493 5166 689 5221 λέγων·
721 5165 977 5235 Πείσθητι
1008 5162 1235 5234 βασιλεῖ,
1271 5163 1363 5217 καὶ
1394 5162 1565 5217 ταῦτα
1580 5162 1744 5227 δέξαι.

301 5342 395 5397 56.
455 5342 512 5395 '0
554 5341 611 5394 δὲ
656 5341 949 5405 ἐπίσκοπος
976 5341 1117 5411 λόγῳ
1166 5339 1364 5393 πείθων
1400 5338 1663 5391 ἐδίδασκε
1696 5336 1818 5399 Πῶς

227 5429 343 5487 οἷόν
373 5451 435 5485 τε
472 5433 633 5485 τοῦτο
667 5433 917 5500 γενέσθαι
954 5433 1096 5485 κατὰ
1126 5430 1473 5495 Ἀθανασίου;
1511 5429 1568 5480 ὃν
1598 5428 1704 5499 γὰρ
1755 5429 1816 5479 οὐ

231 5526 399 5598 μόνον
438 5525 538 5595 μία
574 5524 707 5595 (57),
733 5524 868 5577 ἀλλά
901 5526 994 5577 καὶ
1009 5525 1233 5595 δευτέρα
1257 5522 1469 5584 σύνοδος
1486 5519 1819 5590 πανταχόθεν

305 5636 419 5706 (52)
456 5637 553 5690 Sic
576 5635 709 5705 Reg.
734 5646 789 5689 et
826 5637 955 5690 edit.
991 5635 1223 5699 Comm,
1260 5645 1422 5691 recte.
1462 5633 1601 5688 Edit.
1645 5633 1818 5686 Paris.

223 5716 287 5761 ct
313 5706 532 5768 001011..
560 5708 1001 5776 γυμνουμένους,
1044 5708 1203 5776 male.

306 5778 420 5845 (55)
452 5776 532 5830 lta
558 5773 691 5844 Reg.
728 5773 890 5836 Editi,
918 5777 1009 5829 καὶ
1032 5775 1206 5845 πόλιν.
1236 5775 1440 5845 omisso
1469 5773 1631 5826 κατά.

304 5842 418 5916 (54)
452 5848 549 5903 Sic
576 5842 776 5914 Regius
802 5855 855 5901 et
887 5846 1138 5902 Basilien.
1160 5844 1326 5909 Editi,
1362 5844 1497 5911 πρὸς
1524 5842 1807 5903 ὲναντίοκ.

1908 1982 2161 2043 agrantes
2199 1982 2483 2037 cerneret,
2521 1989 2624 2025 non
2677 1974 2971 2026 admiratus
3014 1973 3132 2025 illos
3175 1981 3231 2025 ut
3260 1974 3475 2027 confes-

1907 2080 2079 2131 sores,
2123 2065 2352 2118 Arianos
2404 2080 2508 2118 non
2562 2074 2769 2117 tantum
2811 2074 2869 2117 ut
2922 2066 3134 2132 impios,
3180 2064 3273 2118 sed
3311 2065 3475 2117 etiam

1908 2165 1965 2209 ut
1999 2157 2286 2212 carnifices
2334 2166 2387 2211 et
2422 2158 2717 2211 homicidas
2756 2173 2860 2210 non
2902 2168 3181 2211 aversatus
3229 2172 3477 2211 exsecra-

1911 2260 2102 2317 tusque
2124 2258 2227 2313 est,
2266 2257 2322 2302 et
2352 2263 2455 2302 non
2492 2248 2682 2317 quovis
2722 2249 2899 2316 potius
2951 2264 3110 2317 quant
3138 2248 3477 2304 Christiano-

1910 2358 2027 2396 rum
2065 2342 2278 2396 nomine
2312 2342 2634 2411 appellavit?

1978 2433 2067 2488 55.
2109 2433 2290 2487 Satius
2354 2444 2503 2488 certe
2546 2445 2691 2488 esset
2733 2432 3106 2488 Constantium
3149 2447 3177 2485 a
3215 2431 3477 2500 principio

1909 2524 2067 2594 hujus
2110 2526 2333 2579 hatresis
2375 2534 2693 2579 sectatorem
2735 2542 2840 2578 non
2884 2525 3091 2577 fuisse:
3132 2535 3223 2576 aut
3252 2526 3295 2577 si
3344 2524 3476 2576 fuis-

1908 2626 2029 2681 set,
2066 2632 2172 2671 non
2205 2626 2414 2671 tantum
2448 2616 2627 2687 impiis
2665 2617 3000 2671 concessisse
3033 2615 3344 2667 facultatis:
3384 2622 3477 2665 aut

1910 2708 1953 2761 si
1989 2722 2349 2763 concessurus
2377 2718 2493 2762 erat
2521 2746 2536 2771 ,
2586 2708 2672 2761 hic
2719 2708 2902 2760 saltem
2932 2720 3034 2760 una
3064 2721 3183 2759 cum
3215 2705 3319 2758 illis
3349 2704 3478 2758 sub-

1910 2800 2133 2861 stitisse,
2172 2808 2231 2853 ut
2276 2799 2575 2854 facinorum
2610 2801 2873 2852 duntaxat
2922 2800 3176 2852 hactenus
3204 2808 3473 2864 gestorum

1910 2904 2194 2943 commune
2231 2890 2474 2942 subirent
2520 2888 2803 2955 judicium.
2860 2886 2988 2948 Sed,
3039 2887 3113 2939 uti
3160 2887 3333 2953 palam
3372 2896 3484 2951 est,

1909 2978 2034 3032 dum
2089 2992 2247 3042 sese,
2294 2980 2593 3032 amentium
2650 2979 2851 3041 instar,
2908 2977 3198 3043 impietatis
3252 2975 3479 3029 vinculis

1910 3070 2307 3139 constringunt,
2370 3069 2591 3138 gravius
2641 3069 2695 3121 in
2748 3083 2805 3121 se
2857 3067 3116 3137 judicium
3170 3068 3473 3120 attrahunt.

1913 3160 2046 3215 Nam
2074 3175 2247 3230 neque
2272 3159 2488 3213 Liberio
2522 3159 2764 3213 Romano
2793 3158 3041 3227 episcopo
3073 3158 3137 3210 ab
3174 3158 3288 3224 ipso
3323 3157 3476 3217 initio

1914 3267 2234 3322 pepercere,
2284 3251 2377 3306 sed
2431 3264 2598 3318 usque
2650 3250 2717 3301 ad
2768 3250 2882 3314 ejus
2933 3249 3078 3301 urbis
3125 3247 3268 3302 cives
3318 3262 3473 3301 suum

1912 3350 2279 3411 propagarunt
2321 3339 2560 3393 furorem
2582 3380 2598 3401 ,
2637 3338 2767 3391 nihil
2800 3338 3015 3391 reveriti
3042 3377 3055 3400 ,
3090 3338 3229 3405 quod
3263 3346 3477 3406 aposto-

1913 3432 2047 3486 licus
2077 3434 2303 3486 thronus
2334 3432 2423 3484 ille
2453 3430 2556 3495 sit,
2611 3430 2740 3484 nihil
2778 3431 2919 3495 quod
2952 3429 3116 3482 Roma
3163 3429 3234 3481 sit
3282 3437 3483 3482 metro-

1914 3523 2050 3593 polis
2078 3521 2355 3575 Romania:
2389 3538 2401 3573 :
2453 3536 2555 3575 nec
2585 3518 2853 3574 recordati
2879 3530 3003 3573 sunt
3028 3562 3042 3585 ,
3084 3534 3143 3573 se
3173 3528 3329 3572 antea
3365 3518 3481 3572 illo.

1914 3615 2236 3684 apostolicos
2279 3614 2425 3667 viros
2468 3613 2520 3665 in
2568 3612 2763 3667 litteris
2806 3612 2919 3667 suis
2970 3625 3326 3680 nuncupasse.
3378 3610 3483 3665 Sed

1915 3707 2095 3760 omnia
2144 3706 2305 3761 simul
2367 3705 2813 3769 commiscentes,
2864 3704 3101 3757 omnium
3142 3719 3245 3756 una
3288 3701 3483 3757 oblivi-

1916 3810 2161 3863 scuntur,
2192 3814 2290 3851 nec
2317 3797 2591 3866 quidpiam
2630 3797 2736 3850 illis
2766 3798 2865 3851 nisi
2897 3796 3146 3862 impietas
3176 3796 3325 3850 cordi
3363 3798 3481 3851 fuit.

1917 3893 2051 3948 Cum
2098 3892 2239 3945 enim
2302 3892 2448 3944 illum
2492 3899 2781 3945 cernerent
2829 3904 2973 3943 same
3022 3888 3141 3942 ﬁdei
3199 3889 3483 3955 culrorein,

1917 3986 2239 4053 Arianzeque
2266 3984 2487 4037 hreresis
2518 3984 2907 4045 adversarium,
2948 3994 3329 4050 auctoremque
3368 3997 3487 4035 om-

1920 4076 2079 4129 nibus
2108 4090 2229 4128 esse
2265 4082 2322 4127 ut
2351 4090 2471 4126 eam
2502 4082 2882 4127 aversarentur
2903 4113 2918 4137 ,
2948 4073 3015 4126 ab
3045 4088 3214 4141 eaque
3246 4074 3486 4127 declina-

1920 4175 2073 4229 rent,
2107 4164 2352 4218 arbitrati
2385 4173 2511 4217 sunt
2541 4164 2689 4231 impii
2724 4164 2987 4227 homines,
3025 4179 3103 4226 se.
3141 4164 3183 4217 si
3213 4163 3485 4217 Liberium

1921 4257 2179 4311 seducere
2210 4256 2452 4323 possint,
2500 4270 2689 4309 omnes
2718 4255 2861 4307 illico
2892 4262 3242 4321 superaturos
3269 4272 3282 4306 :
3321 4269 3488 4320 quare

1922 4348 2070 4402 illum
2095 4347 2232 4415 apud
2271 4346 2648 4412 imperatorem
2681 4344 3102 4398 calumniantur.
3134 4342 3225 4397 Ille
3263 4360 3489 4412 sperans

1922 4450 1984 4489 se
2013 4435 2211 4489 Liberii
2252 4450 2414 4503 opera
2451 4434 2846 4502 quamprimum
2887 4449 3072 4487 omnes
3102 4435 3200 4487 sibi
3235 4436 3486 4489 concilia~

1852 4548 1895 4601 ι)
1926 4538 2141 4590 turum,
2168 4542 2289 4581 cum
2316 4528 2507 4580 litteris
2551 4527 2842 4593 spadonem
2884 4527 3170 4593 quemdam
3200 4525 3485 4581 Eusebium

1927 4619 2141 4672 nomine
2174 4619 2359 4679 mittit,
2394 4618 2532 4670 dona
2578 4616 2860 4681 ferentem,
2930 4625 2988 4667 ut
3028 4616 3360 4669 blandiretur
3393 4618 3489 4669 do-

1927 4708 2047 4771 nis,
2096 4708 2288 4761 litteris
2344 4722 2471 4760 vero
2534 4708 2849 4759 minaretur.
2917 4705 3199 4759 Profectus
3262 4707 3485 4760 Romam

1925 4801 2110 4868 spado,
2142 4798 2406 4867 principio
2435 4807 2621 4851 auctor
2646 4808 2764 4852 erat
2784 4798 2997 4851 Liberio
3028 4806 3083 4849 ut
3113 4806 3299 4851 contra
3319 4798 3490 4851 Atha-

1927 4888 2135 4940 nasiunt
2169 4886 2573 4950 subscriberet,
2616 4902 2735 4939 cum
2766 4886 3085 4953 Arianisque
3127 4886 3489 4941 communica-

1927 4986 2049 5031 ret:
2083 4977 2244 5040 illud,
2294 4977 2475 5041 aiens,
2524 4977 2814 5045 imperator
2859 4984 3114 5045 exoptat,
3172 4978 3273 5032 hoc
3327 4988 3380 5032 te
3412 4978 3491 5031 fa-

1925 5083 2050 5122 cere
2086 5068 2258 5136 jubet.
2318 5066 2455 5119 llinc
2486 5066 2720 5122 ostensis
2774 5069 3087 5121 muneribus
3131 5067 3485 5123 hortabatur:

1926 5172 2223 5225 titanusque
2272 5156 2469 5210 Liberii
2520 5168 2865 5213 contrectans
2915 5158 3130 5213 aiebat:
3171 5158 3486 5226 Imperatori

1923 5250 2254 5318 obtempera,
2294 5259 2348 5303 et
2386 5249 2499 5304 haec
2528 5252 2733 5319 accipe.

1996 5341 2086 5396 56.
2125 5342 2420 5411 Episcopus
2449 5352 2638 5396 contra
2668 5343 2934 5404 monebat,
2973 5342 3160 5407 hisque
3188 5338 3364 5392 verbis
3391 5339 3489 5391 do-

1926 5431 2081 5487 cebat
2115 5422 2399 5486 hominem
2441 5454 2453 5488 :
2495 5434 2593 5498 Qui
2621 5475 2637 5498 ,
2687 5448 2866 5500 quaeso
2889 5469 2903 5493 ,
2938 5433 3216 5501 adversus
3249 5429 3489 5481 Athana-

1927 5524 2065 5577 sium
2123 5525 2175 5579 id
2217 5526 2450 5595 agatur?
2488 5525 2621 5577 Nam
2667 5539 2823 5592 quem
2853 5537 2957 5575 non
3002 5536 3105 5574 una
3140 5520 3309 5574 solum
3335 5558 3351 5584 ,
3393 5521 3492 5574 sed

2004 5640 2115 5709 (55)
2148 5640 2224 5694 Ita
2251 5640 2383 5707 Reg.
2416 5639 2469 5692 In
2504 5638 2660 5709 editis
2708 5633 3219 5709 7€JVVTOinTj6éVTOJV
3246 5633 3422 5689 deest.

2000 5706 2113 5774 (56)
2142 5711 2275 5781 Reg.
2312 5706 2396 5763 hic
2424 5720 2476 5781 et
2500 5707 2663 5781 infra,
2686 5706 2789 5781 οὐδ’
2825 5708 2926 5759 ὅτι.

1997 5781 2109 5849 (57)
2135 5777 2328 5851 Regius
2349 5780 2541 5841 codex,
2572 5777 2605 5846 ἡ
2643 5777 2761 5846 μία.
