3980 6502
525 387 629 446 755

1089 386 1148 442 S.
1189 383 1558 440 ATllANASll
1595 382 1746 439 OPP.
1782 381 1965 439 PARS
2003 379 2045 435 Ι.
2086 411 2157 421 ——
2191 377 2563 436 HISTORICA
2600 377 2688 433 ET
2725 376 3144 435 DOGMATICA.

3648 381 3747 439 736

524 518 583 564 et
617 510 783 566 altera
827 508 1063 580 synodus
1102 523 1167 563 ex
1223 517 1335 562 toto
1381 508 1512 563 orbe
1553 518 1737 562 coacta
1784 522 1976 577 purum
2009 506 2061 558 in

2194 504 2517 572 συναχθεῖσα
2568 501 2748 566 καλῶς
2806 501 3119 570 ἐκαθάρισε,
3154 502 3246 555 καὶ
3296 502 3330 572 ἡ
3379 502 3668 571 Ῥωμαίων
3704 505 3756 557 δὲ

529 603 857 671 noxiumque
886 601 1011 668 iure
1042 600 1360 661 declaravit,
1395 615 1553 668 quem
1579 599 1821 651 Romana
1854 598 2091 667 synodus

527 707 650 749 cum
695 709 825 764 pace
847 693 1070 756 dimisit,
1114 707 1221 763 quo
1267 704 1423 763 pacto
1461 692 1718 746 damnare
1761 688 2092 759 possumus?

527 786 659 853 Quis
686 803 783 842 nos
814 789 1138 858 probaturus
1163 796 1264 852 est,
1297 786 1342 863 si
1368 798 1529 855 quem
1561 790 1879 853 prmsentem
1912 796 2093 833 amau-

529 888 613 932 ter
655 879 967 947 excepimus
993 919 1008 943 ,
1052 880 1120 933 ad
1165 877 1703 942 communionemque
1752 872 2086 937 admisimus,

527 970 805 1025 absentem
838 972 1194 1026 aversemur?
1239 970 1352 1023 Non
1385 967 1740 1023 ecclesiastici
1770 966 1993 1021 canonis
2023 964 2089 1016 il-

526 1061 617 1117 lud
649 1073 766 1126 est,
813 1080 910 1119 nec
957 1065 1113 1118 talem
1146 1077 1382 1131 unquam
1425 1076 1453 1114 a
1486 1059 1737 1114 Patribus
1784 1060 2090 1127 acrepimns

526 1155 868 1209 traditionem
904 1174 917 1209 :
958 1171 1092 1224 quas
1117 1154 1369 1207 videlicet
1404 1152 1718 1206 traditiones
1747 1151 1845 1217 ipsi
1876 1166 1903 1203 a
1933 1151 2087 1203 beato

526 1251 582 1296 et
611 1260 805 1313 magno
839 1245 1075 1313 apostolo
1105 1244 1263 1297 Petro
1297 1256 1573 1311 accepere.
1613 1241 1717 1294 Sed
1770 1241 1812 1294 si
1861 1242 2091 1308 impera-

529 1342 612 1386 tor
653 1335 1081 1389 ecclesiasticam
1114 1344 1270 1389 curat
1296 1348 1484 1401 pacem
1516 1351 1531 1399 ;
1574 1335 1617 1386 si
1650 1332 1799 1401 jubet
1840 1333 2085 1402 abrogari

524 1441 643 1496 qua:
689 1429 829 1497 apud
863 1443 961 1483 nos
998 1444 1095 1496 pro
1130 1428 1427 1481 Athanasio
1476 1428 1679 1496 scripta
1728 1435 1890 1490 sunt;
1929 1426 2088 1479 abro-

525 1527 715 1585 gentur
750 1519 877 1573 item
917 1535 1247 1587 quaecunque
1278 1520 1346 1572 ab
1400 1519 1505 1573 illis
1551 1520 1809 1570 adversus
1842 1530 1962 1569 eum
1994 1534 2087 1584 ge-

525 1620 607 1661 SIa
663 1608 907 1672 fuerint;
941 1611 1265 1679 abrogentur
1310 1626 1429 1678 qua:
1475 1609 1735 1661 adversus
1781 1607 1913 1661 alios
1966 1616 2092 1659 sunt

524 1709 686 1751 acta:
723 1714 787 1751 ac
836 1702 1049 1753 deruunt
1091 1700 1458 1753 ecclesiastica
1499 1699 1733 1768 synodus
1764 1698 1947 1767 procul
1986 1699 2087 1751 Ρο-

525 1788 656 1843 latio
702 1799 949 1859 COgatur,
994 1791 1081 1844 ubi
1134 1805 1233 1844 nec
1280 1791 1576 1859 imperator
1614 1801 1943 1858 compareat,
1993 1806 2088 1845 nec

2209 597 2501 667 Ἐκκλησία
2543 597 2657 666 μετ’
2684 598 2905 667 είρήνης
2935 595 3193 657 ἀπέλυσε,
3228 594 3346 657 πῶς
3376 595 3657 665 δυνάμεθα
3678 614 3761 649 κα-

2194 691 2479 759 τακρῖναι;
2530 689 2599 739 Ἢ
2655 688 2737 749 τίς
2772 688 2918 757 ἡμᾶς
2966 686 3301 751 ἀποδέξεται,
3334 688 3383 739 εί
3419 687 3478 739 ὃν
3525 686 3761 756 παρόντα

2194 780 2580 849 ἠγαπήσαμεν,
2629 779 2723 831 καὶ
2776 777 2991 848 εἴχομεν
3022 780 3087 848 τῇ
3119 778 3391 848 κοινωνίᾳ,
3443 776 3633 831 τοῦτον
3675 779 3759 829 ἐὰν

2194 870 2633 941 ἀωπραφῶμεν
2652 870 2858 923 ἀπόντα
2877 886 2890 932 ;
2914 870 3026 921 Οὐκ
3054 869 3196 922 ἔστιν
3211 863 3362 931 οὗτος
3387 868 3759 938 ἐκκλησιαστι-

2196 962 2289 1025 κὸς
2315 960 2513 1025 κανὼν,
2541 961 2661 1014 οὔτε
2693 960 2947 1032 τοιαύτην
2971 960 3186 1013 πώποτε
3208 961 3507 1031 παράδοσιν
3540 960 3761 1029 ἔσχομεν

2196 1053 2345 1125 παρὰ
2375 1053 2483 1107 τῶν
2512 1053 2787 1123 Πατέρων,
2830 1053 2939 1106 τῶν
2972 1054 3064 1106 καὶ
3111 1053 3292 1105 αὐτῶν
3347 1053 3762 1123 παραλαϐόντων

2195 1146 2346 1218 παρά
2369 1146 2461 1198 τοῦ
2490 1146 2759 1217 μακαρίου
2794 1146 2888 1199 καὶ
2920 1146 3153 1216 μεγάλου
3196 1146 3496 1198 ἀποστόλου
3540 1146 3759 1215 Πέτρου.

2208 1239 2343 1290 Ἀλλ’
2366 1239 2523 1310 εἴπερ
2538 1239 2643 1309 ἄρα
2669 1239 2819 1307 μέλει
2852 1237 2929 1307 τῷ
2952 1238 3158 1308 βασιλεί
3187 1256 3249 1290 πε
3260 1240 3314 1309 ρὶ
3342 1239 3443 1309 τῆς
3473 1238 3761 1306 ἐκκλησια-

2197 1329 2384 1398 πικῆς
2407 1331 2643 1399 εἰρήνης,
2677 1330 2724 1381 εί
2751 1329 2960 1381 κελεύει
2984 1328 3207 1399 λυθῆναι
3246 1329 3315 1381 τὰ
3338 1330 3469 1399 παρ’
3491 1331 3623 1398 ἡμῖν
3648 1330 3765 1399 περὶ

2208 1420 2521 1473 Ἀθανασίου
2553 1422 2850 1491 γραφένταο
2894 1420 3098 1473 λυέσθω
3133 1420 3227 1473 καὶ
3272 1420 3340 1473 τὰ
3383 1420 3515 1490 παρ’
3552 1420 3764 1472 ἐκείνων

2195 1516 2313 1565 κατ’
2345 1511 2508 1565 αὑτοῦ
2526 1513 2810 1582 γενόμενα,
2846 1511 3051 1564 λυέσθω
3070 1512 3125 1563 δὲ
3157 1513 3250 1563 καὶ
3275 1510 3343 1564 τὰ
3360 1510 3506 1564 κατά
3535 1511 3760 1562 πάντων·

2195 1606 2288 1659 καὶ
2318 1604 2556 1673 γενέσθω
2602 1605 2785 1657 λοιπὸν
2836 1604 3259 1674 ὲκκλησιαστικὴ
3306 1602 3529 1664 σύνοδος
3561 1601 3765 1671 μακρὰν

2194 1696 2287 1749 τοῦ
2316 1695 2593 1759 παλατίου,
2639 1697 2699 1747 ὲν
2812 1695 3060 1765 βασιλεὺς
3094 1695 3157 1747 οὐ
3191 1695 3478 1766 πάρεστιν,
3508 1695 3569 1746 οὐ
3602 1694 3766 1764 κόμης

2196 1788 2574 1858 παραγίνεται,
2603 1788 2663 1839 οὐ
2680 1788 2940 1857 δικαστὴς
2971 1786 3204 1851 ἀπειλεῖ,
3240 1787 3376 1839 ἀλλά
3413 1786 3578 1856 μόνον
3604 1787 3631 1837 6
3679 1785 3765 1837 τοῦ

526 1897 709 1936 comes
746 1885 1002 1946 accedat,
1036 1898 1133 1938 nec
1156 1883 1321 1953 judex
1350 1883 1711 1936 committetur
1734 1922 1748 1945 ,
1777 1883 1870 1937 sed
1902 1883 1993 1935 Dei
2028 1884 2089 1935 ti-

2193 1880 2329 1933 Θεοῦ
2356 1879 2516 1949 φόϐος
2542 1881 2701 1950 ἀρκεῖ
2747 1880 2842 1932 καὶ⁵
2872 1881 2904 1948 ή
2931 1879 3037 1930 τ’ὦν
3067 1878 3381 1930 ἀποστόλων
3410 1876 3673 1939 διάταξις·
3706 1877 3764 1927 ἶν’

525 1989 644 2027 tuor
672 1973 904 2027 suﬂiciat
935 1990 1054 2027 cum
1106 1974 1394 2042 apostolica
1443 1974 1875 2029 constitutione:
1919 1983 1978 2027 ut
2025 1990 2091 2029 eo

524 2064 685 2118 modo
741 2080 862 2119 cum
932 2065 1122 2134 primis
1185 2065 1553 2119 ecclesiastica
1620 2078 1866 2119 servetur
1933 2066 2089 2129 fides,

527 2165 689 2224 prout
719 2172 748 2209 a
779 2156 1026 2211 Patribus
1077 2157 1131 2210 in
1180 2156 1395 2211 Nicmna
1445 2157 1647 2227 synodo
1678 2158 1843 2227 289
1874 2156 2089 2211 definita

521 2257 624 2301 est.
644 2247 1065 2317 EjicianturArii
1084 2256 1396 2311 sectatores,
1413 2251 1857 2317 anathemateqne
1874 2250 2091 2302 damnc—

525 2348 615 2391 tur
642 2353 827 2392 eorum
870 2338 1109 2392 hzeresis.
1157 2340 1234 2391 Ac
1278 2338 1490 2393 demmu
1531 2338 1732 2407 judicio
1786 2338 1993 2392 reddito
2028 2339 2093 2390 de

521 2430 843 2485 criminibus
879 2432 932 2484 in
967 2430 1322 2483 Athanasium
1346 2469 1361 2493 ,
1404 2430 1485 2482 vel
1518 2430 1568 2483 in
1600 2429 1760 2481 alium
1790 2429 2091 2496 quempiam

523 2514 755 2569 allatis:
802 2516 869 2571 de
934 2519 1249 2571 criminibus
1323 2517 1449 2569 item
1516 2519 1713 2585 quibus
1772 2530 2094 2571 accusantur

523 2604 598 2659 illi
624 2623 639 2669 ;
670 2618 796 2661 tunc
819 2609 1034 2662 domum
1069 2610 1145 2661 rei
1170 2608 1534 2676 expelluntur,
1568 2610 1770 2661 innoxii
1801 2625 1920 2661 cum
1959 2608 2087 2661 fidu-

524 2702 609 2755 cia
640 2712 695 2755 et
745 2701 1037 2755 securitate
1068 2700 1289 2769 degant.
1342 2702 1526 2767 Neque
1568 2700 1712 2753 enim
1753 2698 1832 2751 fas
1871 2706 1956 2751 est
2000 2712 2093 2752 eos

524 2794 732 2864 synodo
779 2793 1145 2857 adnumerari,
1200 2793 1294 2862 qui
1352 2793 1452 2848 fide
1502 2793 1651 2861 impii
1707 2801 1874 2845 sunt:
1917 2805 2091 2858 neque

524 2884 779 2938 convenit
827 2884 952 2938 fidei
1016 2884 1352 2953 inquisitioni
1421 2884 1644 2938 alterius
1682 2881 1944 2951 cujusque
1994 2897 2091 2935 ue-

524 2978 652 3046 gntii
685 2977 1083 3047 inquisitionem
1120 2976 1406 3031 anteferri.
1455 2976 1695 3031 Primum
1742 2976 1940 3045 quippe
1972 2990 2090 3043 om-

524 3069 609 3123 nis
640 3070 705 3122 de
746 3069 848 3123 fide
880 3070 1143 3123 dissensio
1182 3068 1539 3123 abscindenda
1561 3107 1577 3133 ,
1628 3084 1693 3122 ac
1738 3078 1848 3121 tum
1877 3069 2090 3122 demum

2192 1972 2363 2036 οὕτως
2394 1971 2862 2043 προηγουμένωςὴ
2891 1972 2988 2042 μὲν
3002 1971 3425 2042 ὲκκλησιαστικὴ
3461 1971 3645 2033 πίστις
3674 1969 3764 2021 σώ-

2192 2065 2373 2137 ζηται,
2400 2064 2581 2127 καθὼς
2604 2066 2652 2117 οί
2682 2064 2922 2135 Πατέρες
2948 2063 3151 2133 ὥρισαν
3185 2065 3241 2115 ἐν
3267 2068 3332 2133 τῇ
3364 2063 3511 2116 κατὰ
3543 2064 3762 2115 Νίκαιαν

2194 2155 2411 2224 συνόδῳο
2431 2156 2479 2206 οἱ
2508 2154 2565 2205 δὲ
2580 2154 2647 2206 τὰ
2676 2152 2885 2224 Ἀρείου
2904 2152 3223 2223 φρονοῦντες
3248 2152 3617 2205 ἐκϐάλλων-ται
3641 2152 3755 2221 (38),

2192 2247 2287 2300 καὶ
2321 2248 2353 2315 ἡ
2379 2247 2588 2313 αἵρεσις
2620 2245 2796 2297 αὐτῶν
2831 2243 3258 2314 ἀναθεματισθῇ·
3298 2244 3395 2296 καὶ
3416 2244 3542 2295 τότε
3569 2243 3759 2301 λοιπὸν,

2193 2338 2424 2408 κρίσεως
2467 2335 2767 2405 γενομένης
2798 2336 2926 2405 περὶ
2965 2330 3037 2387 ὧν
3084 2334 3421 2397 Ἀθανάσιος,
3462 2335 3558 2387 καὶ
3593 2333 3645 2385 εί
3688 2350 3765 2396 τις

2192 2430 2377 2500 ἕτερος
2404 2428 2733 2496 ἐγκαλεῖται,
2774 2427 2868 2479 καὶ
2896 2427 3024 2496 περὶ
3046 2418 3120 2478 ὧν
3147 2426 3529 2494 ἐγκελεύονται
3560 2426 3652 2478 καί
3679 2425 3766 2476 αὑ-

2191 2521 2292 2583 τοὶ,
2310 2520 2359 2571 οἱ
2391 2520 2488 2588 μὲν
2526 2516 2811 2571 ὑπεύθυνοι
2828 2516 3210 2579 ὲκϐάλλωνται,
3241 2519 3288 2569 οἱ
3314 2517 3372 2570 δὲ
3394 2516 3628 2587 καθαροὶ
3643 2517 3765 2586 παῤ-

2196 2609 2387 2681 ρησίαν
2434 2609 2647 2679 ἔχωσιν.
2686 2608 2758 2661 Ού
2798 2608 2906 2679 γὰρ
2958 2603 3067 2659 οἷόν
3104 2625 3162 2660 τε
3197 2608 3398 2677 συνόδῳ
3435 2608 3759 2679 συναριθμη-

2194 2702 2350 2772 θῆναι
2384 2702 2508 2765 τοὺς
2535 2701 2661 2770 περὶ
2688 2700 2867 2753 πίστιν
2894 2699 3241 2762 ἀσεϐοῦντας·
3260 2700 3385 2752 οὐδὲ
3418 2702 3621 2771 πρέπει
3643 2718 3762 2769 προ-

2193 2792 2473 2865 κρίνεσθαι
2501 2792 2820 2862 πράγματος
2848 2791 3093 2855 ἐξέτασιν
3120 2791 3221 2859 τῆς
3260 2793 3390 2861 περὶ
3424 2792 3657 2854 πίστεως
3685 2791 3760 2856 ἐξ·

2193 2888 2449 2949 ετάσεως.
2492 2886 2611 2957 Χρὴ
2639 2886 2745 2956 γὰρ
2769 2885 2982 2954 πρῶτον
3019 2887 3197 2938 πᾶσαν
3233 2887 3362 2957 περὶ
3385 2886 3487 2957 τῆς
3541 2887 3757 2949 πίστεως

2192 2977 2487 3045 διαφωνίαν
2513 2975 2892 3038 ὲκκόπτεσθαι,
2928 2977 3021 3029 καὶ
3052 2978 3171 3029 τότε
3202 2977 3302 3047 τὴν
3336 2978 3463 3048 περὶ
3492 2977 3598 3029 τῶν
3627 2995 3754 3047 πρα-

2192 3070 2419 3139 γμάτων
2458 3069 2685 3139 ἔρευναν
2715 3067 3004 3121 ποιεῖσθαι.
3046 3070 3154 3121 Καὶ
3179 3069 3289 3140 γὰρ
3317 3072 3347 3122 6
3381 3071 3586 3139 Κύριος
3617 3070 3755 3139 ἡμῶν

523 3159 590 3213 de
640 3160 760 3213 aliis
800 3172 1071 3228 quaeratur
1108 3160 1358 3231 negotiis.
1411 3160 1544 3212 Nam
1596 3160 1856 3214 Dominus
1904 3170 2089 3214 noster

2207 3160 2413 3231 Ἰησοῦς
2443 3163 2471 3213 6
2500 3161 2609 3231 (59)
2650 3159 2881 3231 Χριστὸς
2913 3160 2972 3211 ού
3005 3160 3268 3231 πρότερον
3309 3160 3607 3231 ἐθεράπευε
3642 3162 3755 3222 τοὺς

521 3245 678 3303 Jesus
722 3250 971 3303 Christus
1020 3266 1126 3303 ιιυιι
1178 3260 1304 3304 ante
1361 3251 1572 3304 curavit
1616 3260 1884 3319 aegrotos,
1929 3266 2090 3320 quam

520 3342 869 3395 ostenderent
898 3342 1373 3411 declararentque,
1406 3358 1564 3411 quam
1589 3358 1718 3412 erga
1747 3358 1806 3397 se
1833 3343 2094 3397 haberent

524 3432 703 3486 fidem.
753 3431 880 3487 Huic
914 3450 943 3485 a
974 3432 1224 3488 Patribus
1256 3434 1543 3489 didicimus
1573 3450 1589 3500 ;
1635 3437 1747 3489 haec
1780 3436 2091 3504 imperatori

524 3524 772 3576 renuntia
802 3541 817 3589 ;
870 3526 985 3579 hate
1022 3537 1075 3580 et
1123 3526 1197 3579 illi
1230 3536 1284 3580 et
1318 3526 1569 3581 Ecclesiae
1601 3528 1936 3581 :cdilicationi
1965 3541 2095 3581 cou-

522 3615 747 3668 dneuut.
775 3614 852 3669 Ne
878 3618 1168 3671 audiantur
1199 3618 1458 3673 Ursacius
1487 3628 1542 3673 et
1579 3619 1773 3672 Valens
1807 3636 1822 3673 :
1853 3620 1943 3689 qui
1968 3634 2091 3672 cum

524 3706 589 3758 de
620 3708 779 3760 rebus
818 3723 847 3759 a
884 3723 942 3761 se
971 3719 1097 3763 ante
1126 3710 1290 3779 gestis
1320 3712 1696 3779 pmuitentiam
1724 3712 1955 3781 egerint,
1979 3709 2091 3779 jam

524 3796 745 3850 minime
774 3798 876 3852 fide
910 3800 1053 3867 digiti
1087 3811 1231 3854 sunt.

594 3888 678 3942 57.
720 3888 844 3944 Haec
888 3893 1171 3960 episcopus
1200 3892 1559 3948 Liberius.At
1611 3894 1893 3948 eunuchus
1949 3893 2091 3947 indi-

525 3992 741 4049 gnatus,
770 3996 874 4035 non
910 3992 1019 4037 tam
1060 3985 1204 4052 quod
1244 3985 1589 4040 subscribere
1614 3996 1894 4051 retineret,
1928 4002 2088 4056 quam

524 4073 669 4140 quod
700 4074 846 4127 illum
883 4075 1072 4129 haeresi
1125 4076 1497 4131 adversarium
1540 4079 1915 4146 comperisset,
1956 4080 2093 4133 obli-

524 4173 721 4235 tusque
749 4182 808 4221 se
831 4182 1013 4221 coram
1048 4169 1304 4237 episcopo
1335 4179 1481 4223 stare
1501 4210 1516 4233 ,
1551 4171 1751 4224 acriter
1776 4172 2092 4225 intermina-

525 4266 755 4312 tuscum
804 4258 961 4313 donis
991 4260 1143 4323 abit,
1180 4260 1553 4331 uefariamque
1605 4277 1717 4315 rem
1748 4263 2088 4331 aggreditur,

522 4363 645 4417 qua:
675 4364 703 4401 a
740 4348 1066 4405 Christianis
1106 4352 1325 4421 quidem
1378 4354 1704 4418 abhorreat,
1763 4357 2090 4425 maiorisque

522 4441 595 4494 sit
638 4441 877 4496 audacia:
923 4458 1085 4511 quant
1135 4458 1255 4511 quae
1306 4446 1601 4513 spadonem
1639 4450 1848 4503 deceat.
1906 4450 2087 4507 Saulis

2197 3250 2524 3320 πάσχοντας,
2554 3252 2682 3321 πρὶν
2716 3249 2779 3302 ἂν
2802 3249 3012 3313 δείξωσι
3057 3250 3148 3303 καὶ
3180 3249 3431 3316 εἴπωσιν,
3466 3252 3648 3305 ὁποίαν
3679 3251 3756 3304 πί-

2198 3358 2311 3394 στιν
2346 3337 2491 3412 εἶχον
2517 3345 2597 3406 είς
2628 3342 2809 3394 αὐτόν.
2841 3343 3023 3395 Ταῦτα
3062 3342 3210 3415 παρά
3234 3344 3343 3396 τῶν
3366 3346 3619 3416 Πατέρων
3641 3346 3756 3416 ἐμά-

2196 3433 2378 3503 θομεν·
2415 3434 2587 3487 ταῦτα
2622 3435 2943 3504 ἐπάγγειλον
2982 3434 3059 3502 τῷ
3095 3434 3322 3504 βασιλεῖ·
3346 3438 3522 3490 ταῦτα
3544 3438 3646 3509 γὰρ
3672 3440 3753 3491 καὶ

2194 3525 2344 3596 αὐτῷ
2392 3527 2678 3597 συμφέρει,
2726 3528 2820 3581 καὶ
2842 3528 2939 3597 τὴν
2998 3528 3323 3599 Ἐκκλησίαν
3350 3531 3633 3601 οἰκοδομεῖ.
3672 3531 3751 3600 Μὴ

2193 3618 2436 3670 ἀκουέτω
2468 3619 2579 3687 (40)
2610 3619 2666 3670 δὲ
2688 3620 2989 3690 Οὑρσάκιος
3019 3622 3112 3672 καὶ
3145 3621 3381 3690 Οὐάλης·
3414 3625 3508 3675 καὶ
3536 3625 3636 3695 γὰρ
3670 3626 3751 3677 καὶ

2195 3711 2253 3762 ἐν
2275 3713 2386 3772 τοῖς
2408 3711 2692 3781 προτέροις
2721 3712 3068 3782 μετενόησαν,
3095 3713 3209 3775 καὶ,
3242 3713 3339 3765 νῦν
3372 3715 3633 3784 λέγοντες,
3663 3718 3748 3769 οὐκ

2194 3801 2301 3853 εἰσὶ
2328 3802 2528 3854 πιστοί.

2263 3894 2351 3947 ⁸57.
2397 3894 2454 3946 Ὀ
2489 3896 2584 3964 μὲν
2614 3890 2706 3947 οὖν
2748 3894 3042 3957 ἐπίσκοπος
3070 3894 3320 3965 Λιδέριος
3349 3897 3602 3951 τοιαῦτα·
3642 3902 3667 3952 6
3693 3900 3742 3952 δὲ

2194 3985 2466 4055 εὐνοῦχος,
2508 3984 2792 4056 λυπηθεὶς,
2827 3988 2888 4039 οὐ
2922 3986 3173 4039 τοσοῦτον
3204 3989 3287 4040 ὅτι
3323 3991 3397 4061 μὴ
3435 3994 3742 4063 ὑπέγραψεν,

2192 4076 2304 4129 ἀλλ’
2328 4077 2408 4129 ὃτι
2436 4078 2532 4147 τῆς
2556 4078 2817 4149 αἱρέσεως
2846 4078 3038 4149 ἐχθρὸν
3066 4078 3227 4132 αὑτὸν
3274 4075 3435 4153 εὗρεν
3459 4124 3472 4146 ,
3520 4084 3745 4138 ἐπιλαθό-

2196 4170 2355 4240 μενός
2378 4188 2459 4233 τε,
2506 4171 2586 4223 ὅτι
2628 4172 2763 4240 πρὸς
2786 4170 3080 4224 ἐπίσκοπον
3112 4168 3198 4243 ἦν,
3252 4176 3505 4243 μεγάλως
3550 4178 3746 4247 ἀπειλη-

2194 4276 2291 4323 σας
2332 4260 2588 4331 ἐξήρχετο
2637 4262 2775 4331 μετὰ
2816 4262 2921 4314 τῶν
2954 4261 3140 4333 δώρων
3166 4280 3179 4294 ”
3219 4266 3450 4333 πράττει
3484 4267 3539 4319 δέ
3573 4285 3621 4319 τι
3655 4284 3746 4319 πα-

2197 4352 2458 4421 ράνομον,
2491 4352 2829 4423 Χριστιανῶν
2874 4352 2973 4422 μὲν
3018 4353 3327 4425 ἀλλότριον,
3369 4358 3665 4411 σπαδόντων
3690 4358 3746 4409 δὲ

2192 4443 2604 4513 τολμηρότερον.
2636 4443 2745 4514 Τὴν
2783 4445 2890 4515 γὰρ
2930 4445 3241 4515 παράϐασιν
3267 4447 3361 4499 τοῦ
3390 4449 3559 4501 Σαοὺλ
3597 4464 3747 4519 μιμηο

526 4533 720 4604 ῖιιίρρε
750 4534 1248 4602 praevaricationem
1286 4535 1531 4591 imitatus
1561 4578 1576 4603 ,
1608 4538 1988 4607 profectusque
2022 4543 2086 4596 ad

2194 4531 2452 4601 σάμενος,
2482 4530 2728 4584 ἀπελθὼν
2762 4534 2840 4595 είς
2868 4533 2927 4585 τὸ
2957 4534 3257 4605 μαρτύριον
3284 4537 3488 4609 Πέτρου
3524 4540 3610 4591 τοῦ
3628 4540 3746 4591 ἀπο-

521 4621 837 4690 Martyrium
872 4620 1018 4675 Petri
1050 4624 1299 4691 apostoli,
1330 4624 1402 4678 ibi
1427 4624 1565 4678 dona
1590 4625 1679 4679 illa
1704 4631 1972 4696 apposuit.
2016 4631 2092 4685 [te

522 4722 821 4780 comperta,
853 4711 1103 4767 Liberius
1126 4714 1383 4767 adversus
1414 4715 1515 4769 loci
1548 4716 1825 4771 custodem
1856 4721 2093 4788 graviter

524 4803 853 4865 succensuit,
882 4805 1023 4871 quod
1056 4819 1161 4858 non
1189 4806 1557 4873 prohibuisset
1589 4808 1862 4862 hominem
1898 4827 1913 4863 :
1949 4811 2093 4880 ipsa-

524 4906 631 4960 que
665 4893 803 4946 dona
836 4904 894 4946 nt
925 4895 1170 4949 illicitum
1198 4897 1529 4951 sacrificium
1564 4899 1762 4967 abjecit
1798 4919 1812 4955 :
1849 4916 1970 4969 qua:
2004 4917 2091 4957 res

524 4978 818 5036 castratum
862 4985 927 5037 ad
959 4987 1091 5039 iram
1125 4989 1297 5057 magis
1342 4991 1654 5045 concitavit.
1698 4992 2085 5063 Imperatorem

526 5071 690 5142 igitur
719 5072 808 5126 ille
846 5074 928 5127 his
969 5090 1274 5134 commovet
1312 5080 1470 5135 dictis
1508 5100 1521 5136 :
1552 5081 1666 5137 Non
1701 5084 1754 5139 id
1790 5083 1903 5154 jam
1938 5088 2093 5142 nobis

527 5164 879 5219 sollicitudini
907 5175 1011 5229 est,
1049 5178 1106 5221 ut
1139 5167 1389 5225 Liberius
1435 5175 1741 5230 subscribat
1774 5190 1789 5230 :
1817 5178 1911 5233 sed
1961 5178 2091 5233 illud

527 5256 699 5327 magis
732 5272 831 5312 nos
874 5260 1042 5328 angit,
1078 5261 1219 5328 quod
1248 5273 1436 5315 contra
1483 5265 1729 5320 hzeresim
1770 5269 1839 5321 ita
1872 5271 2088 5336 sentiat,

525 5355 588 5402 ut
614 5349 928 5405 nominatim
959 5352 1189 5407 Arianos
1224 5353 1382 5407 feriat
1412 5356 1778 5415 anathemate.
1801 5359 1883 5413 Ad
1914 5359 2088 5429 ipsum

601 5578 713 5650 (38)
746 5580 837 5637 Sic
876 5584 1035 5639 Basil.
1072 5595 1125 5640 el
1172 5587 1323 5641 editi.
1358 5587 1510 5657 Reg,
1559 5588 1926 5643 ὲκϐάλλονται.
1964 5590 2092 5655 Qua:

528 5662 826 5730 sequuntur
854 5667 1029 5708 autem
1048 5665 1168 5730 post
1206 5659 1346 5712 hanc
1369 5674 1577 5730 vocem,
1598 5660 1856 5730 usquead
1886 5659 2083 5712 ἐκϐάλ-

532 5727 723 5789 λωνται
759 5736 1006 5789 sequens,
1052 5729 1273 5779 deerant
1318 5730 1370 5781 in
1405 5729 1534 5781 edit.
1568 5727 1658 5779 sed
1706 5727 1971 5782 habentur
2027 5731 2079 5783 in

532 5786 666 5855 Reg.
705 5799 757 5844 et
788 5786 951 5847 Basil.
979 5786 1030 5846 in
1062 5796 1251 5861 quibus
1283 5812 1386 5851 vox
1429 5796 1805 5865 ἐγκελεύονται
1830 5800 2081 5855 mendose

2191 4624 2397 4688 στόλου,
2430 4624 2498 4676 τά
2530 4626 2677 4697 δῶρα
2706 4626 2853 4695 αύτῷ
2880 4625 3163 4697 ἀνέθηκεν.
3214 4629 3375 4683 Ἀλλά
3414 4632 3594 4701 μαθὼν
3615 4635 3639 4685 6
3659 4634 3747 4685 Λι-

2188 4717 2388 4788 6έριος,
2440 4718 2577 4788 πρὸς
2613 4718 2710 4788 μὲν
2753 4719 2843 4771 τὸν
2886 4721 3157 4789 τηροῦντα
3190 4723 3283 4775 τὸν
3331 4724 3512 4789 τόπον,
3554 4726 3636 4778 καὶ
3674 4725 3747 4795 μὴ

2188 4806 2527 4871 κωλύσαντα,
2563 4808 2809 4878 μεγάλως
2836 4812 3215 4883 ἠγανάκτησεν
3243 4831 3257 4845 ⁸
3296 4816 3439 4870 αὐτὰ
3461 4817 3516 4870 δὲ
3539 4818 3607 4879 ὡς
3628 4815 3748 4870 aeu.

2186 4916 2278 4952 τον
2314 4900 2502 4953 θυσίαν
2546 4902 2812 4973 ἀπέρριψε
2831 4943 2845 4966 ,
2890 4905 2983 4957 καὶ
3013 4905 3172 4959 τοῦτο
3219 4908 3422 4976 μᾷλλον
3452 4912 3529 4972 είς
3554 4908 3705 4979 ὀργὴν
3731 4947 3748 4967 ,

2189 4992 2354 5045 ἐκίνει
2378 4994 2468 5045 τὸν
2502 4992 2735 5047 θλαδίαν.
2765 4995 3063 5065 Παροξύνει
3093 4998 3272 5051 τοίνυν
3296 4999 3540 5069 βασιλέα,
3568 5000 3748 5068 λέγων’

2188 5083 2385 5136 Οὐκέτι
2420 5086 2547 5155 περὶ
2580 5085 2673 5138 τοῦ
2701 5087 2907 5159 γράψαι
2933 5088 3184 5160 Λιδέριόν
3200 5094 3349 5145 ἐστιν
3382 5096 3512 5165 ἡμῖν
3541 5094 3569 5163 ή
3598 5108 3748 5161 φρον-

2186 5177 2288 5239 τὶς,
2325 5177 2439 5230 ἀλλ’
2468 5180 2549 5231 ὅτι
2578 5179 2718 5233 κατὰ
2750 5181 2849 5249 τῆς
2878 5181 3141 5252 αἱρέσεως
3166 5182 3312 5236 οὕτω
3342 5189 3544 5257 φρονεῖ,
3586 5186 3650 5245 ὡς
3688 5182 3750 5245 ἐξ

2185 5270 2448 5341 ὀνόματος
2493 5273 2617 5335 τοὺς
2660 5273 2967 5344 Ἀρειανοὺς
3007 5273 3449 5344 ἀναθεματίζειν.
3489 5278 3575 5337 Εἰς
3597 5271 3751 5325 τοῦτο

2185 5362 2245 5416 δὲ
2277 5366 2416 5417 κινεῖ
2445 5365 2537 5417 καὶ
2574 5366 2698 5429 τοὺς
2726 5366 2941 5437 ἐτέρους
2964 5367 3263 5431 σπάδοντας
3291 5370 3404 5440 (41)
3430 5387 3444 5400 ·
3478 5366 3639 5422 πολλοὶ
3665 5363 3749 5426 δὲ,

2200 5592 2411 5665 videtur
2440 5598 2611 5663 posita
2643 5610 2738 5663 pro
2768 5596 3121 5665 ἐγκαλοῦντα.

2267 5662 2382 5733 (59)
2410 5662 2481 5716 Ita
2517 5662 2651 5733 lleg.
2685 5666 2738 5717 In
2767 5662 2927 5722 editis
2960 5669 3225 5725 articulus
3250 5670 3423 5726 deest.

2259 5731 2371 5799 (40)
2399 5733 2558 5788 Forte
2587 5731 2884 5789 ἆκουέσθω.

2262 5802 2374 5868 (ll)
2415 5803 2622 5869 Quanta
2670 5808 2809 5869 apud
2849 5806 3225 5865 Constantium
3276 5809 3439 5867 fuerit
3484 5801 3753 5863 eunucho-
