3980 6510
334 367 428 425 7H

1281 367 1603 427 HISTORIA
1643 370 2055 431 ARIANORUM
2087 372 2178 427 AD
2216 371 2611 428 MONACHOS.

3450 370 3557 427 πε

329 488 389 553 ἐξ
409 484 526 546 ἐνὸς
546 483 711 537 τόπου
741 480 850 535 τῶν
878 482 1087 536 ἀσεϐῶν
1112 483 1435 554 ὲγνωρίζετο
1462 488 1522 538 τὸ
1556 484 1722 555 μύσος
1753 484 1875 555 (52)·

1989 486 2254 553 ell‘ecere,
2291 496 2349 540 ut
2406 485 2582 556 impia:
2630 499 2741 540 sum
2771 484 2995 541 haeresis
3040 482 3367 553 malitizeque
3410 481 3554 541 fama

328 578 422 629 νῦν
485 574 581 638 δὲ,
639 574 1027 644 διαστήσαντες
1081 575 1312 639 αὐτοὺς,
1378 578 1739 646 πεποιήκασιν
1808 580 1888 639 είς

329 672 503 725 πάντα
539 670 699 722 τόπον
734 668 1045 739 διαδραμεῖν
1074 667 1280 722 ἑαυτῶν
1320 669 1413 722 κα)⁵
1441 670 1748 740 γνωσθῆναι
1791 670 1888 740 τὴν

328 759 494 830 ἀσεϐῆ
523 760 732 829 αἵρεσιν
762 759 856 811 καὶ
885 758 1166 828 πονηρίαν,

392 851 480 902 Η.
528 844 628 902 Οἷα
656 848 761 919 γάρ
804 849 895 900 καὶ
941 847 1111 900 ταῦτα
1150 850 1481 919 πράττοντες
1509 848 1760 922 ἔδρασαν,
1804 850 1888 912 τίς

326 940 559 1001 ἀκούσας
589 940 686 1009 οὐχ
724 938 986 1008 ἡγήσεται
1018 939 1191 991 πάντα
1225 939 1421 1008 μᾶλλον
1453 941 1646 1002 αὐτοὺς
1677 941 1709 1010 ἢ
1752 942 1889 1009 Χριέ

326 1032 572 1092 στιανοὺς
621 1027 794 1094 sive“;
838 1028 1088 1099 Λιϐερίου
1132 1030 1238 1099 γὰρ
1293 1031 1709 1095 ἀποστείλαντος
1753 1033 1889 1101 πρὸς

327 1120 542 1189 βασιλέα
585 1119 881 1189 Εὐτρόπιον
916 1117 1027 1187 (55)
1073 1117 1461 1189 πρεσϐύτερον,
1508 1119 1603 1172 καὶ
1644 1120 1887 1174 διάκονον

336 1209 557 1277 ’Πάριον
594 1208 730 1277 μετὰ
762 1208 1122 1278 γραμμάτων,
1155 1208 1242 1260 ὅτε
1275 1210 1367 1261 κα).
1395 1210 1446 1261 oi
1476 1211 1602 1281 περὶ
1625 1210 1889 1278 Λουκίφε-

327 1317 413 1369 ρον
447 1298 556 1367 (54)
583 1297 911 1368 ὡμολόγουν,
936 1297 1026 1351 τὸν
1054 1298 1152 1368 μὲν
1182 1298 1548 1370 πρεσϐύτερον
1591 1300 1751 1364 εὐθὺς
1803 1300 1891 1365 ἐξ·

322 1390 543 1460 ώρισαν,
561 1389 649 1442 τὸν
676 1389 731 1441 δὲ
757 1389 997 1443 διάκονον
1025 1389 1247 1460 Ἰλάριον
1269 1388 1671 1460 γυμνώσαντες,
1704 1394 1798 1445 καὶ
1819 1392 1887 1445 τὰ

321 1482 463 1535 νῶτα
497 1481 874 1550 μαστίξαντες,
908 1480 1192 1551 ἐξώρισαν,
1223 1481 1653 1549 ἐπιφωνοῦντες·
1694 1484 1791 1537 Διὰ
1828 1484 1880 1536 τί

324 1572 395 1642 μὴ
430 1572 691 1641 ἁντέστης
720 1570 975 1641 Λιϐερίῳ,
1010 1572 1142 1625 ἀλλὰ
1171 1573 1263 1624 καὶ
1296 1573 1423 1642 παρ’
1457 1573 1617 1625 αὑτοῦ
1658 1573 1884 1643 κεκόμι-

319 1678 416 1723 κας
444 1660 779 1731 γράμματα;
808 1659 1020 1711 ἐποίουν
1036 1659 1091 1711 δὲ
1123 1657 1278 1712 τοῦτο
1307 1661 1608 1730 Ούρσάκιος
1632 1663 1724 1715 καὶ
1752 1663 1889 1717 Ούά-

318 1750 433 1819 λης,
468 1750 562 1803 καὶ
593 1753 640 1801 oi
676 1750 770 1801 σὺν
806 1749 984 1811 αὐτοῖς
1025 1749 1336 1813 σπάδοντες.
1378 1752 1486 1804 Καὶ
1518 1753 1545 1804 ό
1582 1752 1677 1822 μὲν
1704 1752 1884 1806 διάκο-

318 1857 403 1902 νος
438 1838 827 1909 μαστιζόμενος
869 1838 1083 1908 ηὐλόγει
1116 1840 1205 1891 τὸν
1232 1838 1454 1910 Κύριον,
1492 1843 1750 1910 μνησθεὶς
1777 1846 1879 1897 αὐ-

316 1930 405 1982 τοῦ
431 1929 678 1997 λέγοντος
698 1945 712 1958 ο
746 1929 853 1982 Τὸν
879 1928 1067 1981 νῶτόν
1082 1948 1200 1997 μου
1229 1930 1420 1983 ἔδωκα
1458 1934 1547 1995 εὶς
1568 1932 1876 2005 μάστιγας.

317 2021 377 2072 Οί
408 2019 464 2071 δὲ
502 2020 597 2071 καὶ
632 2018 981 2088 μαστίζοντες
1014 2018 1209 2085 ἐγέλων
1241 2020 1334 2072 κα).
1369 2020 1655 2090 ἐχλεύαζον
1688 2024 1876 2088 αὑτὸν,

312 2111 411 2162 οὐκ
443 2109 825 2179 ἐρυθριῶντες,
857 2111 937 2162 ὅτι
971 2111 1200 2179 Λευῖτην
1234 2109 1479 2180 ὕϐριζον·
1516 2113 1792 2184 πρέποντα
1822 2115 1880 2167 δὲ

314 2200 521 2262 ἑαυτοῖς
552 2199 642 2251 καὶ
675 2195 818 2252 οὗτοι
844 2199 1107 2267 γελῶντες
1139 2201 1394 2270 ἐφρόνουν
1414 2240 1428 2265 ,
1459 2203 1707 2267 κάκεῖνος
1734 2205 1881 2258 εύλο-

314 2288 420 2355 γῶν
461 2289 719 2358 ὑπέμενε.
772 2290 845 2341 Τὸ
901 2291 997 2359 μὲν
1046 2290 1154 2360 γὰρ
1200 2289 1494 2345 τύπτεσθαι
1541 2295 1879 2363 Χριστιανῶν

314 2378 439 2431 ἴδιόν
477 2380 614 2441 ἐστι,
649 2379 710 2432 τὸ
746 2380 802 2432 δὲ
834 2380 1110 2449 μαστίζειν
1139 2383 1494 2453 Χριστιανοὺς
1523 2385 1754 2438 Πιλάτου
1788 2388 1881 2440 κα)⁸

313 2469 532 2537 Κσῖάφα
565 2469 625 2521 τὸ
661 2470 936 2541 τόλμημα.
982 2471 1138 2523 Οὖτω
1185 2473 1283 2543 μὲν
1320 2470 1412 2527 οὖν
1458 2476 1551 2528 καὶ
1594 2476 1692 2548 τὴν
1749 2478 1881 2532 Ῥω-

314 2561 485 2629 μαίων
523 2560 851 2631 Ἐκκλησίαν
879 2561 972 2615 καὶ
1012 2563 1153 2616 κατὰ
1177 2563 1273 2634 τὴν
1313 2565 1484 2636 ἀρχὴν
1517 2568 1879 2640 ἐπεχείρησαν

310 2651 613 2721 διαφθεῖραι
641 2652 775 2722 (55),
802 2652 1126 2723 θελήσαντες
1152 2656 1513 2726 ἐγκαταμίξαι
1543 2660 1635 2712 καὶ
1659 2660 1717 2711 ὲν
1742 2661 1878 2731 αὐτῇ

310 2744 405 2813 τὴν
457 2742 745 2795 ἀσέϐειαν·
780 2744 809 2795 ὁ
853 2742 912 2796 δὲ
959 2744 1243 2814 Λιϐέριος,
1279 2746 1605 2817 ὲξορισθεὶς,
1656 2748 1879 2820 ὕστερον

313 2834 447 2905 μετά
475 2833 625 2903 διετῆ
650 2834 837 2905 χρόνον
852 2832 1090 2898 ὤκλασε,
1119 2837 1212 2889 καὶ
1238 2837 1493 2907 φοϐηθεὶς
1514 2839 1605 2892 τὸν
1632 2840 1881 2894 ἀπειλού-

311 2941 467 2994 μενον
500 2924 761 2986 θάνατον,
796 2923 1129 2995 ὑπέγραψεν.
1172 2926 1329 2981 Ἀλλὰ
1363 2928 1458 2982 καὶ
1488 2929 1645 2983 τοῢτο
1675 2930 1879 2984 δείκνυ-

309 3033 390 3068 σιν
422 3016 645 3069 ἐκείνων
679 3017 775 3086 μὲν
806 3008 903 3087 τὴν
946 3017 1065 3087 βίαν
1086 3057 1100 3081 ,
1129 3018 1379 3090 Λιϐερίου
1418 3020 1473 3075 δὲ
1508 3021 1571 3074 τὸ
1598 3022 1736 3075 κατὰ
1778 3023 1878 3093 τῆς

306 3109 569 3178 αἱρέσεως
612 3110 800 3178 μῖσος,
841 3109 955 3197 καὶ*
976 3108 1072 3180 τὴν
1115 3110 1252 3187 ὑπὲρ
1314 3110 1623 3164 Ἀθανασίου
1674 3113 1872 3183 ψῆφον,
1903 3142 1944 3197 C

305 3199 389 3250 ὅτε
424 3198 523 3269 τὴν
554 3198 873 3268 προαίρεσιν
905 3193 1047 3267 εῖχεν
1080 3198 1387 3269 ἐλευθέραν.
1430 3200 1509 3252 Τὰ
1538 3201 1645 3271 γὰρ
1681 3204 1745 3253 ὲκ
1779 3202 1875 3271 βας

308 3289 478 3341 σάνων
516 3289 668 3360 παρὰ
689 3288 786 3359 τὴν
820 3288 876 3354 ἐξ
909 3290 1081 3360 ἀρχῆς
1106 3288 1330 3360 γνώμην
1358 3290 1672 3361 γιγνόμενα,
1705 3290 1874 3345 ταῦτα

303 3378 363 3429 ού
407 3377 518 3429 τῶν
566 3378 938 3448 φοϐηθέντων,
980 3378 1115 3431 ἀλλὰ
1164 3378 1272 3432 τῶν
1323 3379 1714 3448 βασανιζόντων
1756 3381 1874 3432 ἐστὶ

303 3466 639 3537 βουλήματα.
666 3468 851 3521 Πάντα
892 3469 1071 3539 μέντοι
1100 3472 1271 3522 ποιεῖν
1303 3470 1442 3541 ὑπὲρ
1477 3472 1574 3542 τῆς
1611 3470 1874 3541 αἱρέσεως

301 3560 687 3629 ἐπεχείρησαν⁸
718 3559 839 3611 καθ’
860 3560 1095 3631 ἑκάστην
1121 3560 1178 3614 δὲ
1213 3560 1554 3631 Ἐκκλησίαν,
1580 3560 1873 3632 τηροῦντες

298 3651 366 3720 ἢν
390 3652 592 3721 ἔμαθον
625 3652 831 3715 πίστιν,
860 3654 983 3715 τοὺς
1011 3654 1108 3722 μὲν
1134 3653 1483 3717 διδασκάλους
1512 3653 1868 3726 προσδοκῶσι,

293 3738 394 3812 τὴν
449 3742 505 3795 δὲ
547 3743 930 3813 Χριστομάχον
984 3745 1190 3816 αἵρεσιν
1242 3744 1536 3798 κατέλαϐον
1593 3745 1724 3816 (56),
1777 3746 1869 3802 καὶ

296 3832 517 3896 πάντες,
550 3832 627 3895 ὡς
650 3832 797 3900 ὅφιν,
826 3834 1200 3906 ἐκτρέπονται.

366 4008 454 4062 42.
497 4009 738 4062 Τοιαῦτα
770 4008 826 4061 δὲ
857 4008 950 4061 καὶ
973 4009 1210 4063 τοσαῦτα
1241 4010 1564 4080 ποιήσαντες
1594 4010 1641 4061 οἱ
1680 4008 1867 4061 δυσσε-

284 4100 426 4164 ϐεῖς,
451 4101 603 4153 οὐδὲν
625 4099 873 4169 ἐνόμιζον
900 4102 1275 4170 πεποιηκέναι,
1301 4100 1406 4164 ἕως
1428 4102 1457 4153 ὁ
1485 4102 1655 4171 μέγας
1683 4101 1866 4163 Ὄσιος

280 4191 585 4263 ἀπείρατος
612 4187 679 4260 ἦν
706 4190 879 4243 αὐτῶν
906 4192 1003 4261 τῆς
1036 4191 1314 4262 πονηρίας,
1341 4191 1452 4245 Καὶ
1473 4190 1581 4261 γὰρ
1608 4192 1700 4243 καὶ
1726 4192 1864 4245 κατὰ

277 4281 379 4334 τοῦ
410 4281 734 4351 τηλικούτου
762 4281 1011 4351 γέροντος
1045 4282 1276 4334 ἐκτεῖναι
1310 4281 1408 4352 τὴν
1436 4282 1630 4352 μανίαν
1655 4282 1863 4334 ἑαυτῶν

274 4374 616 4442 ὲσκέψαντο·
663 4374 759 4427 καὶ
795 4372 903 4426 οὗθ’
938 4374 1019 4426 ὃτι
1050 4376 1229 4444 πατήρ
1267 4377 1379 4426 ἐστι
1416 4374 1522 4427 τῶν
1551 4374 1863 4428 ἐπισκόπων

1989 590 2202 631 omnem
2253 577 2305 630 in
2348 574 2522 631 locum
2558 574 2900 645 pervaderet,
2942 589 3007 630 ac
3024 562 3238 643 ubique
3266 582 3551 644 perspecta

1986 678 2149 724 esset.

2057 852 2145 906 41.
2176 849 2300 906 Haec
2322 851 2447 905 item
2477 848 2688 903 illorum
2717 846 2953 903 facinora
2981 848 3103 917 quis
3126 849 3169 903 si
3211 848 3417 912 audiat,
3443 862 3548 901 non

1990 944 2284 997 arbitretur
2331 943 2451 997 illos
2501 943 2717 1011 quidvis
2757 940 2936 1009 potius
2995 955 3158 1009 quam
3209 939 3553 993 Christianus

1988 1049 2107 1087 esse
2131 1034 2154 1087 ?
2181 1034 2316 1089 Cum
2345 1035 2592 1089 Liberius
2618 1034 2932 1102 Eutropium
2965 1033 3366 1102 presbyterum,
3389 1033 3552 1086 etHi-

1991 1124 2181 1177 larium
2210 1124 2491 1179 diaconum
2517 1140 2641 1180 cum
2677 1125 2874 1179 litteris
2907 1124 3231 1179 misissetad
3262 1124 3552 1192 imperato-

1992 1228 2127 1278 rem,
2186 1228 2290 1282 quo
2342 1223 2580 1283 tempore
2638 1216 2762 1270 item
2809 1214 3159 1269 Lucifercum
3214 1214 3375 1267 sociis
3415 1229 3551 1268 con-

1991 1302 2278 1369 fitebatur;
2314 1305 2684 1373 presbyterum
2720 1305 2902 1371 statim
2941 1306 3014 1359 illi
3042 1305 3094 1359 in
3126 1305 3373 1359 exsilium
3407 1304 3553 1358 able-

1988 1403 2182 1465 garunt
2210 1413 2224 1450 :
2262 1395 2545 1450 diaconum
2579 1410 2707 1450 vero
2746 1396 3031 1461 Hilarium,
3059 1408 3340 1466 postquam
3361 1398 3553 1450 nudas-

1986 1495 2125 1552 sent,
2180 1494 2343 1556 atque
2391 1485 2549 1539 dorso
2590 1484 2769 1557 ﬂagris
2812 1487 3179 1552 crecidissent,
3215 1488 3270 1541 in
3296 1486 3549 1542 exsilium

1988 1577 2112 1630 item
2141 1576 2425 1630 miserunt.
2456 1574 2590 1628 Dum
2621 1575 2947 1644 ﬂagellarent
2984 1585 3162 1630 autem
3197 1577 3311 1631 haec
3341 1577 3551 1633 vocife-

1990 1666 2249 1719 rabantur
2283 1683 2296 1717 :
2337 1665 2517 1731 Quare
2553 1663 2769 1718 Liberio
2816 1680 2922 1718 non
2972 1654 3253 1728 obstitisti,
3294 1666 3387 1720 sed
3424 1666 3553 1733 ejus

1990 1755 2228 1809 detulisti
2261 1753 2509 1808 litteras?
2544 1753 2677 1807 Illud
2710 1753 2966 1808 facinoris
2998 1752 3264 1808 admisere
3290 1752 3554 1809 Ursacius

1916 1817 1955 1870 Β
1985 1853 2038 1896 et
2067 1842 2262 1897 Valens
2278 1857 2398 1897 cum
2424 1840 2772 1910 spadonibus.
2799 1841 3069 1895 Diaconus
3094 1856 3255 1911 porro
3274 1841 3400 1895 dum
3427 1856 3552 1895 ver-

1985 1935 2267 1987 beraretur
2298 1932 2651 1988 benedicebat
2689 1933 2935 1997 Domino,
2962 1947 3167 1987 memor
3191 1932 3335 1986 illius
3366 1932 3553 1987 dicen-

1984 2022 2052 2076 tis
2083 2042 2093 2075 :
2135 2023 2360 2076 Donum
2387 2038 2554 2077 meum
2593 2024 2715 2076 dedi
2750 2026 2818 2077 ad
2847 2023 3148 2093 ﬂagella".
3172 2023 3251 2077 Illi
3277 2037 3405 2079 vero
3427 2038 3551 2078 ver-

1982 2114 2273 2179 berantes,
2322 2114 2623 2169 irridebant
2687 2113 3093 2183 illudebautque
3147 2115 3311 2171 viro:
3370 2130 3548 2185 neque

1980 2202 2243 2255 erubuere
2264 2202 2404 2270 quod
2430 2201 2645 2255 levitam
2675 2200 2950 2256 adicerent
2975 2202 3355 2258 contumeliis:
3387 2204 3546 2258 dum-

1981 2307 2084 2360 que
2107 2294 2400 2347 cachinnos
2421 2292 2830 2360 profunderent,
2861 2307 2972 2345 rem
2998 2293 3099 2347 sibi
3123 2303 3545 2349 consentaneam

1982 2384 2213 2454 agebant
2248 2404 2259 2438 :
2295 2383 2488 2450 illeque
2521 2382 2889 2437 benedicendo
2910 2383 3323 2451 perseverabat.
3349 2382 3539 2439 Verbe-

1984 2474 2090 2527 rari
2116 2487 2331 2541 nempe,
2354 2472 2808 2535 Christianorum,
2839 2472 3178 2527 Christianos
3204 2464 3384 2527 autem
3424 2488 3541 2528 ver-

1983 2564 2199 2629 berare,
2233 2563 2385 2617 Pilati
2429 2575 2484 2618 et
2529 2563 2746 2631 Caipha:
2792 2563 2999 2616 facinus
3046 2575 3149 2618 est.
3180 2563 3271 2618 Sic
3307 2564 3487 2633 itaque
3515 2578 3543 2617 a

1980 2657 2245 2728 principio
2285 2656 2454 2726 ipsam
2511 2656 2808 2710 Romanam
2864 2654 3163 2709 Ecclesiam
3212 2654 3543 2710 labefactare

1983 2749 2159 2803 conati
2183 2757 2331 2814 sunt,
2370 2755 2621 2816 optantes
2645 2762 2796 2802 suam
2835 2747 2911 2801 illi
2953 2746 3253 2801 admiscere
3297 2747 3544 2816 impieta-

1982 2848 2109 2892 tem.
2147 2839 2317 2893 Porro
2350 2838 2603 2893 Liberius
2629 2839 2869 2893 extorris
2899 2838 3095 2901 factus,
3123 2848 3242 2908 post
3269 2840 3544 2895 biennium

1981 2930 2214 2999 denique
2236 2929 2437 2983 fractus
2448 2938 2552 2989 est.
2578 2929 2844 2997 minisque
2867 2929 3058 2984 mortis
3076 2930 3396 2998 perterritus
3415 2932 3545 2987 sub-

1979 3019 2195 3088 scripsit
2234 3017 2403 3089 (Auno
2427 3018 2577 3089 557).
2609 3018 2805 3072 Verum
2839 3032 2902 3071 ea
2934 3018 3048 3085 ipsa
3078 3031 3136 3072 re
3162 3019 3544 3087 comprobatur

1978 3122 2099 3161 cum
2130 3108 2380 3162 violentia
2406 3123 2611 3173 eorum,
2644 3115 2753 3160 tum
2782 3106 2981 3161 Liberii
3024 3107 3076 3160 in
3110 3108 3355 3162 haeresim
3395 3109 3541 3164 illam

1978 3198 2182 3261 odium,
2208 3196 2431 3266 ejusque
2466 3210 2565 3265 pro
2603 3195 2901 3250 Athanasio
2931 3195 3273 3267 suﬁ‘ragium,
3299 3198 3540 3266 quandiu

1978 3287 2183 3342 scilicet
2210 3288 2377 3342 libere
2411 3286 2748 3357 arbitrioque
2766 3302 2866 3342 suo
2884 3301 3042 3358 agere
3068 3288 3236 3343 licuit.
3256 3289 3391 3343 Nam
3421 3307 3542 3360 qua:

1977 3387 2369 3433 tormentorum
2393 3378 2443 3432 vi
2470 3386 2664 3447 praeter
2688 3378 2923 3447 priorem
2951 3378 3277 3435 sententiam
3306 3379 3538 3434 eliciun-

1975 3476 2084 3534 tur,
2137 3483 2198 3522 ea
2250 3484 2355 3522 non
2392 3468 2885 3532 reformidantium,
2927 3470 3018 3523 sed
3070 3469 3382 3524 vexantium
3414 3479 3540 3525 sunt

1974 3559 2191 3630 placita.
2220 3557 2358 3613 Nihil
2383 3559 2565 3627 itaque
2585 3558 2809 3613 haeresis
2837 3574 2947 3613 suae
2973 3560 3144 3629 gratia
3162 3574 3269 3614 non
3297 3561 3537 3630 aggressi

1974 3658 2121 3705 sunt.
2160 3649 2349 3717 Populi
2381 3663 2508 3703 vero
2530 3663 2626 3718 per
2649 3650 2891 3716 singulas
2911 3650 3186 3706 Ecclesias
3213 3665 3373 3720 quam
3406 3652 3540 3706 didi-

1972 3754 2098 3795 cere
2128 3738 2287 3794 tldem
2328 3740 2646 3804 retinentes,
2689 3739 2976 3810 magistros
3009 3749 3322 3811 exspectant
3367 3756 3493 3797 suos
3520 3787 3533 3805 ,

1969 3846 2034 3886 ac
2069 3831 2290 3887 Christo
2314 3831 2684 3886 adversariam
2717 3832 2986 3898 haeresim,
3020 3846 3183 3902 quam
3232 3834 3404 3888 coacti
3443 3850 3528 3889 re-

1969 3938 2183 3992 cepere,
2209 3938 2399 3978 omnes
2440 3923 2604 3978 veluti
2640 3932 2942 3991 serpentem
2976 3934 3317 3979 aversantur.

2038 4013 2128 4067 42.
2164 4012 2293 4067 Post
2333 4013 2458 4068 talia
2503 4022 2718 4082 tamque
2758 4013 2923 4067 multa
2968 4015 3207 4069 facinora
3231 4055 3245 4078 ,
3286 4008 3418 4070 nihil
3468 4030 3525 4071 se

1966 4104 2262 4173 perfecisse
2292 4105 2392 4158 rati
2422 4104 2590 4173 impii,
2616 4106 2853 4175 quandiu
2872 4121 3099 4175 magnus
3120 4106 3319 4160 Hosius
3346 4121 3529 4161 eorum

1967 4192 2360 4263 malignitatem
2404 4204 2659 4262 expertus
2696 4209 2803 4249 non
2840 4204 3023 4259 esset;
3070 4197 3135 4249 ad
3171 4205 3277 4249 tam
3305 4210 3532 4251 venera-

1966 4282 2129 4337 bilem
2163 4297 2345 4337 senem
2379 4283 2615 4337 furorem
2653 4298 2806 4338 suum
2837 4299 3137 4355 propagare
3167 4287 3528 4344 studuerunt:

1966 4387 2071 4425 non
2110 4382 2317 4440 patrem
2364 4373 2764 4442 episcoporum,
2804 4390 2909 4428 non
2954 4375 3318 4431 confessorem
3351 4378 3528 4432 virum

271 4463 655 4534 ᾐσχύνθησαν,
692 4461 804 4514 οὗθ’
827 4464 908 4515 ὅτι
939 4463 1157 4531 γέγονεν
1182 4464 1518 4535 όμολογητὴς
1550 4464 1863 4536 ηὐλαϐήθη-

1979 4463 2186 4517 reveriti
2231 4472 2395 4528 sunt,
2441 4480 2546 4518 non
2579 4467 2923 4534 episcopatus
2955 4473 3164 4535 tempus
3193 4468 3245 4520 in
3273 4482 3378 4536 quo
3414 4469 3532 4537 plus

271 4572 406 4618 σαν,
458 4553 580 4607 οὔτε
623 4554 714 4606 τὸν
750 4555 939 4624 χρόνον
986 4555 1082 4625 τῆς
1123 4555 1459 4625 ἐπισκοπῆς,
1487 4556 1566 4608 ὃτι
1595 4555 1855 4626 ἐξήκοντα

1979 4555 2241 4624 sexaginta
2282 4569 2451 4611 annos
2478 4566 2756 4626 exegerat,
2789 4558 3093 4612 erubuere:
3128 4558 3221 4612 sed
3249 4560 3525 4626 posthabi-

266 4649 372 4719 ἐτη
420 4647 516 4700 καὶ
543 4647 727 4699 πλεῖον
752 4646 863 4716 ἔχει
894 4648 951 4700 ὲν
980 4647 1138 4717 αὐτῇ,
1163 4646 1461 4716 ᾐδέσθησαν
1478 4664 1490 4676 ·
1519 4647 1655 4700 ἀλλὰ
1681 4648 1855 4700 πάντα

1979 4645 2034 4699 .is
2070 4646 2447 4715 despectisque
2468 4648 2683 4702 caeteris
2698 4648 2968 4713 omnibus,
2998 4650 3112 4704 sola
3133 4650 3354 4706 haeresis
3375 4653 3528 4707 cordi

261 4738 628 4806 ὲξουθένουν,
675 4737 769 4789 καὶ¹
809 4737 945 4807 πρὸς
986 4737 1152 4808 μόνην
1193 4738 1289 4809 τὴν
1332 4738 1540 4809 αἵρεσιν
1592 4737 1849 4789 ἔϐλεπον⁸

1979 4733 2105 4788 "uit:
2164 4736 2409 4791 homines
2451 4751 2583 4792 sane
2628 4738 2719 4807 qui
2755 4754 2859 4793 nec
2896 4740 3062 4793 Deum
3096 4741 3310 4806 timent,
3351 4757 3528 4809 neque

257 4832 561 4901 ἄνθρωποι
598 4828 815 4897 ἀληθῶς
864 4831 1001 4899 μήτε
1032 4828 1121 4881 τὸν
1156 4828 1286 4882 Θεὸν
1331 4830 1684 4901 φοϐούμενοι,
1720 4830 1855 4900 μήτε

1979 4827 2237 4880 iominem
2276 4836 2610 4882 reverentur.
2640 4827 3014 4883 Constantium
3036 4829 3202 4899 igitur
3239 4831 3526 4894 adeuntes.

253 4922 567 4993 ἄνθρωπον
618 4920 1019 4990 ἐντρεπόμενοι.
1068 4921 1459 4992 Προσελθόντες
1497 4922 1670 4975 τοίνυν
1702 4922 1856 4974 Κων-

1982 4920 2049 4973 ιίε
2098 4921 2436 4975 sermonibus
2484 4921 2828 4992 alloquuntur
2863 4940 2878 4977 :
2938 4921 3084 4977 Nihil
3126 4938 3232 4978 non
3274 4925 3523 4996 egimus:

252 5011 535 5080 σταντίῳ,
562 5009 826 5073 τοιούτοις
862 5010 1022 5065 πάλιν
1059 5012 1357 5082 ἐχρήσαντο
1391 5013 1626 5082 ῥήμασι·
1667 5011 1852 5064 Πάντα

1979 5009 2327 5065 Romanorum
2350 5011 2659 5080 episcopum
2690 5012 2743 5067 iu
2766 5013 3014 5068 exsilium
3057 5013 3449 5085 ablegavimus,
3473 5024 3528 5068 et

251 5107 361 5177 μὲν
399 5105 813 5174 πεποιήκαμεν,
837 5104 930 5155 καὶ
949 5102 1284 5173 ὲξωρίσαμεν
1307 5102 1396 5156 τὸν
1434 5105 1718 5173 Ῥωμαίων
1740 5102 1851 5173 (57)

1979 5109 2087 5152 tute
2128 5099 2276 5153 illum
2318 5101 2615 5169 permultos
2643 5102 2779 5157 alios
2821 5104 3153 5173 episcopos:
3194 5105 3371 5158 omnia
3406 5104 3522 5157 loca

246 5198 599 5249 ἐπίσκοπον·
635 5193 972 5263 ὲξωρίσαμεν
1009 5194 1067 5246 δὲ
1111 5194 1205 5248 καὶ
1232 5194 1337 5262 πρὸ
1367 5194 1528 5247 αὑτοῦ
1564 5193 1851 5255 πλείστους

1979 5189 2246 5243 'ormidine
2308 5191 2656 5260 replevimus.
2705 5192 2811 5248 Sed
2862 5195 2993 5248 nihil
3029 5195 3183 5247 nobis
3227 5203 3371 5246 tanta
3429 5201 3519 5245 tua

242 5288 421 5349 ὅσους
458 5282 830 5343 ὲπισκόπους’
869 5282 1042 5335 πάντα
1081 5299 1139 5335 τε
1164 5283 1324 5335 τόπον
1364 5282 1527 5351 φόϐου
1562 5281 1854 5351 πεπληρώ-

1979 5290 2107 5347 gesta
2151 5279 2447 5349 juvabunt,
2503 5284 2766 5339 nihildum
2819 5301 2849 5339 a
2904 5285 3056 5340 nobis
3101 5293 3244 5338 recte
3282 5282 3521 5349 factum,
3582 5274 3585 5275 ⁷

338 5400 388 5432 ⁸³
425 5400 538 5453 lsa.
567 5411 624 5460 ι,
659 5393 716 5449 6.

313 5493 448 5570 (ξξὲ)
479 5492 565 5570 _l_ta
604 5490 738 5570 Reg.
762 5500 817 5545 et
837 5488 1001 5570 basil.
1031 5491 1170 5570 Elliti
1199 5496 1552 5570 v_ero,_pico;.

462 5560 803 5644 Elllrol’jltm
818 5560 987 5644 "hunc
1004 5603 1019 5627 ,
1062 5560 1297 5644 Hilarius
1344 5560 1709 5644 Pancratium.
1736 5576 1833 5630 ap-

232 5626 437 5707 pelta};
462 5630 783 5707 Eragment.
815 5626 868 5692 5,
908 5626 1137 5707 num_._6,
1169 5641 1452 5700 postrema:
1489 5632 1743 5687 editionis

308 5702 445 5775 (54)
476 5690 631 5770 Υῐιῖς
651 5711 815 5770 supra
833 5690 1104 5774 ῥίπτῃ-δῖ).

2016 5490 2129 5562 (55)
2153 5489 2355 5562 ﬁegius
2374 5486 2990 5562 coiiex._8v.acp0apstvat,
3023 5483 3181 5537 male.

2017 5557 2131 5629 (56)
2163 5557 2343 5629 Forte,
2374 5557 2689 5629 κατέϐαλον.

2004 5620 2255 5701 -(57}__Sic
2293 5628 2637 5701 R_eg.__prima_
2682 5638 2879 5690 manu,
2924 5620 3161 5678 secunda
3202 5636 3328 5678 vero
3377 5626 3515 5685 idem

1946 5690 2067 5752 cuin
2094 5690 2250 5761 édit.,
2280 5690 2396 5748 τῶν
2431 5690 2736 5761 Ῥωμαίων.
