3980 6498
455 351 561 405 ’ῖιὸ

1044 344 1101 400 S.
1137 343 1507 399 ATHANASII
1546 342 1698 398 OPP.
1732 344 1908 397 PARS
1948 341 1988 398 1.
2030 372 2095 381 -—-
2136 341 2502 398 HISTORICA
2542 341 2631 395 ET
2672 339 3087 395 DOGMATICA.

3573 341 3673 394 7H

448 464 682 535 quandiu
713 463 904 517 Hosius
942 462 1137 517 illresus
1173 462 1514 516 remanserit.
1542 460 1675 515 Nam
1709 461 1835 514 dum
1860 460 1999 529 apud

2109 477 2307 528 καμεν·
2357 460 2468 511 ἀλλ’
2502 462 2578 521 είς
2609 457 2759 511 οὐδὲν
2795 460 2923 527 ἡμῖν
2974 461 3091 512 ἐστι
3135 458 3201 510 τὰ
3234 457 3542 529 τηλικαῦτά
3584 475 3674 513 σου

448 569 577 610 suos
610 554 723 624 ipse
750 553 918 623 degit,
950 566 1140 609 omnes
1172 553 1224 606 in
1254 553 1370 607 suis
1408 551 1661 606 Ecclesiis
1686 560 2003 614 remanent;

448 653 627 712 potest
656 644 852 713 quippe
876 644 962 699 ille
1001 643 1160 697 verbo
1208 641 1418 709 ﬁdeque
1451 656 1545 695 sua
1580 656 1769 695 omnes
1818 641 2008 694 adver-

448 748 566 786 sum
612 748 709 787 nos
741 734 1017 787 inducere.
1070 730 1170 785 llic
1219 740 1273 785 et
1326 730 1546 799 synodis
1568 743 1800 797 praeesse
1830 728 2004 788 solet,

447 824 670 892 ejusque
702 822 903 878 litteris
930 823 1125 891 ubique
1147 837 1334 875 onmes
1363 824 1757 888 obtemperant.
1791 819 1888 874 llic
1910 818 2006 872 Ni-

446 926 653 966 eaenam
693 914 851 967 tidem
886 914 1073 979 edidit,
1102 913 1441 979 Arianosque
1478 919 1537 965 ut
1564 910 1850 965 btereticos
1886 910 2005 962 ubi-

445 1016 551 1070 que
592 1003 851 1057 traduxit.
887 1001 944 1055 Si
971 1002 1132 1072 igitur
1160 1001 1482 1055 remanserit
1512 999 1623 1065 ille,
1643 998 2005 1059 inutilenobis

448 1090 612 1145 fuerit
645 1092 874 1147 aliorum
913 1091 1159 1147 exsilium
1190 1107 1205 1145 :
1248 1105 1368 1144 mox
1414 1090 1561 1144 enim
1591 1088 1660 1144 de
1685 1088 1863 1142 medio
1899 1087 2001 1140 tol-

448 1180 601 1234 lenda
629 1194 809 1235 nostra
840 1181 1060 1235 lueresis
1088 1190 1189 1235 est.
1219 1180 1283 1234 Et
1316 1180 1458 1234 hunc
1490 1194 1619 1247 ergo
1644 1176 1892 1248 persequi
1920 1182 2004 1229 in-

447 1272 655 1340 cipias:
691 1287 789 1326 nec
824 1273 997 1325 virum
1032 1270 1279 1339 quamvis
1307 1274 1655 1340 grandaevum
1705 1271 2003 1333 miserare,

446 1361 619 1415 nescit
659 1362 857 1429 quippe
909 1368 1093 1415 nostra
1133 1360 1357 1415 haeresis
1399 1361 1478 1416 vel
1526 1374 1713 1415 senum
1755 1358 2004 1414 canitiem

444 1460 640 1501 venera
649 1464 714 1501 l'l.

512 1626 673 1695 292
710 1627 795 1681 .43.
838 1626 931 1682 llis
968 1627 1169 1683 auditis
1210 1628 1527 1697 imperator,
1560 1626 1695 1680 nihil
1724 1633 2007 1678 cunctatus

448 1732 567 1769 runt
601 1718 777 1772 virum
824 1718 1080 1786 senisque
1112 1718 1436 1789 gravitatem
1470 1716 1637 1784 probe
1672 1722 1874 1778 nosset,
1917 1713 2005 1766 lit-

2109 550 2263 619 ἔργα,
2281 549 2399 602 οὐδὲ
2419 548 2773 618 κατώρθωται
2801 547 2977 601 ὁτιοῦν
3005 550 3157 618 ἡμῖν,
3184 548 3295 611 ἕως
3315 550 3501 611 "Ocno;
3518 566 3585 601 πε
3594 563 3675 620 ριο

2108 641 2351 694 λείπεται
2374 640 2505 709 (58).
2541 640 2778 692 Ἐκείνου
2814 638 2920 709 γὰρ
2944 638 3095 701 ὄντος
3121 640 3177 692 ὲν
3210 641 3323 701 τοῖς
3363 640 3536 701 ίδίοις,
3584 639 3676 692 καὶ

2109 732 2305 795 πάντες
2335 733 2392 784 ἐν
2425 731 2542 791 ταῖς
2572 730 2723 792 ἰδίαις
2746 730 3087 799 Ἐκκλησίαις
3121 732 3259 784 είσίν
3278 748 3291 760 ·
3327 730 3510 792 ἱκανός
3532 732 3673 784 ἐστιν

2107 824 2165 875 ὲν
2188 821 2329 890 λόγῳ
2364 820 2459 872 κα)⁵
2486 818 2662 871 πίστει
2710 818 2915 871 πείθειν
2947 820 3154 882 πάντας
3192 818 3316 872 καθ’
3353 818 3464 888 (59)
3498 818 3671 888 ἡμῶν.

2106 905 2273 971 Οὗτος
2300 908 2393 960 καὶ
2425 906 2655 959 συνόδων
2681 905 3018 976 καθηγεῖται,
3048 907 3139 957 καὶ
3166 907 3396 973 γράφων
3420 906 3673 959 ἀκούεται

2108 1001 2379 1071 πανταχοῦ
2402 1018 2413 1031 ’
2461 993 2613 1062 οὗτος
2645 999 2736 1051 καὶ
2769 998 2867 1067 τὴν
2896 998 2952 1049 ὲν
2984 998 3189 1069 Νικαίᾳ
3224 998 3406 1050 πίστιν
3439 997 3670 1061 ἐξέθετο,

2107 1093 2199 1146 καὶ
2230 1093 2356 1153 τοὺς
2394 1090 2700 1161 Ἀρειανοὺς
2729 1088 2989 1158 ἐκήρυξεν
3020 1088 3327 1158 αίρετικοὺς
3359 1082 3500 1139 εἶναι
3534 1104 3667 1142 πανι

2105 1180 2289 1252 ταχοῦ.
2326 1182 2423 1232 “Av
2455 1179 2633 1232 τοίνυν
2663 1174 2816 1240 οὗτος
2854 1178 3031 1248 μείνῃ,
3072 1177 3325 1247 περιττὸς
3353 1178 3381 1227 ό
3412 1176 3523 1229 τῶν
3562 1176 3673 1229 ἑτέ-

2106 1287 2213 1342 ρων
2239 1268 2521 1340 ὲξορισμδς
2549 1270 2799 1337 γέγονεν·
2843 1270 2875 1338 ἡ
2916 1267 3024 1337 γὰρ
3065 1270 3277 1338 αἵρεσις
3321 1267 3478 1337 ἡμῶν
3512 1269 3671 1319 ἐκπο-

2102 1358 2207 1413 δὼν
2241 1360 2504 1427 γίγνεται.
2546 1357 2738 1429 Ἀρξαι
2760 1356 2935 1409 τοίνυν
2969 1357 3065 1410 καὶ
3098 1357 3287 1411 τοῦτον
3317 1357 3553 1419 διώκειν,
3581 1358 3671 1410 καὶ

2107 1449 2181 1520 μὴ
2220 1448 2401 1520 φείσῃ,
2428 1448 2533 1501 κᾶν
2573 1449 2793 1518 ἀρχαῖος
2927 1449 3017 1500 κα).
3052 1447 3157 1518 γὰρ
3192 1450 3225 1518 ὴ
3270 1448 3483 1518 αἵρεσις
3520 1448 3670 1518 ἡμῶν

2102 1544 2202 1596 οὐκ
2229 1538 2366 1595 οἶδεν
2393 1541 2514 1595 οὐδὲ
2539 1542 2806 1613 γερόντων
2835 1543 2998 1611 τιμᾷν
3026 1541 3238 1593 πολιάν.

2138 1694 2141 1699 γ
2171 1631 2259 1686 45.
2301 1629 2485 1683 Ταῦτα
2522 1629 2769 1694 ἀκούων,
2806 1629 2904 1681 οὐκ
2944 1629 3210 1699 ἐμέλλησε
3243 1627 3521 1697 βασιλεὺς,
3556 1625 3665 1680 ἀλλ’

2102 1719 2257 1783 είδὼς
2294 1720 2384 1772 τὸν
2433 1719 2739 1791 ἄνθρωπον,
2774 1719 2867 1771 καὶ
2913 1706 2975 1770 τὸ
3021 1718 3201 1770 ἱκανὸν
3250 1716 3347 1769 τοῦ
3396 1719 3664 1785 γέροντος,

445 1806 574 1861 teris
609 1806 684 1860 illi
726 1807 837 1862 suis
876 1809 1127 1877 pra’cepit
1155 1818 1210 1861 ut
1244 1822 1303 1861 se
1341 1808 1674 1870 conveniret,
1715 1822 1825 1875 quo
1866 1816 1999 1862 tem-

2104 1811 2300 1881 γράφει
2364 1813 2456 1864 καὶ
2522 1811 2730 1864 κελεύει
2790 1808 2977 1862 τοῦτον
3039 1807 3212 1861 ἐλθεῖν
3279 1808 3416 1876 πρὸς
3483 1806 3664 1870 αὐτὸν,

448 1910 576 1963 pore
612 1894 725 1966 (60)
774 1896 1050 1951 Liberium
1109 1904 1417 1965 pertentare
1476 1896 1797 1964 incipiebat.
1837 1897 2002 1949 Acce-

442 1985 653 2038 tlcntem
681 1985 827 2040 illum
864 1987 1107 2057 rogabat,
1135 1987 1416 2056 solitisque
1447 1988 1643 2048 verbis,
1669 1988 1869 2055 quibus
1902 1988 2003 2040 sci-

440 2073 567 2129 licet
613 2076 747 2137 alios
794 2076 1045 2145 decipere
1096 2086 1489 2143 consueverat,
1541 2076 1888 2138 hortabatur,
1945 2084 2004 2127 ut

439 2167 722 2219 adversum
762 2181 857 2220 nos
883 2166 1169 2231 scriberet,
1210 2175 1417 2223 etcum
1445 2166 1662 2220 Arianis
1697 2165 2003 2220 communi-

439 2269 612 2317 caret.
642 2260 841 2326 Senex,
871 2260 962 2328 qui
992 2260 1066 2314 rei
1094 2258 1318 2327 hujusce
1345 2258 1426 2313 vel
1456 2259 1697 2313 auditum
1722 2272 1865 2326 aegre
1897 2256 2004 2311 fer-

440 2359 545 2414 ret,
580 2350 889 2420 indignatus
914 2352 1056 2419 quod
1102 2349 1405 2419 hujnsmodi
1445 2349 1721 2419 quidpiam
1753 2347 1833 2400 vel
1873 2361 2001 2414 pro-

440 2437 582 2492 ferre
632 2454 794 2493 ausus
833 2438 1059 2503 fuisset;
1095 2440 1473 2507 imperatorem
1506 2436 1689 2492 verbis
1727 2437 1838 2491 suis
1876 2450 2001 2504 per-

440 2529 649 2583 culsum
691 2530 756 2584 de
794 2532 1060 2585 sententia
1095 2528 1337 2591 deduxit,
1374 2538 1538 2596 atque
1572 2528 1646 2581 ita
1682 2527 1735 2580 in
1770 2526 1999 2595 patriam

438 2628 493 2671 et
535 2619 586 2671 in
627 2618 924 2672 Ecclesium
963 2632 1113 2672 suam
1149 2616 1482 2685 remigravit.
1515 2615 1642 2679 Sed,
1668 2629 1791 2668 cum
1832 2615 2002 2669 hatre-

443 2708 531 2761 tici
563 2709 703 2763 haud
731 2709 848 2761 sine
865 2707 1100 2776 querelis
1123 2717 1175 2760 et
1195 2705 1448 2760 lamentis
1471 2707 1643 2760 denuo
1660 2704 1998 2775 instigareut,

440 2799 795 2852 hortarentur
842 2798 1097 2860 eunuchi,
1136 2811 1200 2851 ac
1238 2796 1409 2865 magis
1439 2796 1717 2865 magisque
1764 2797 2001 2850 concita-

442 2897 582 2948 rent,
612 2886 818 2940 litteras
835 2885 1049 2940 demum
1075 2884 1366 2954 imperator
1390 2884 1571 2947 mittit,
1592 2884 1999 2938 interminatur-
2022 2910 2023 2913 η

440 2993 542 3045 que
571 2996 584 3031 :
630 2977 753 3029 hinc
779 2974 971 3029 Hosius
992 2973 1601 3038 allicitureontumeliis,
1626 2988 1798 3042 neque
1823 2984 1998 3028 tamen

440 3066 755 3120 insidiarum
794 3075 935 3119 metu
965 3068 1031 3119 de
1067 3064 1331 3118 sententia
1360 3063 1681 3118 dimovetur.
1714 3064 1841 3128 Sed,
1875 3080 1999 3119 cum

2104 1902 2263 1971 ἡνίκα
2303 1902 2414 1971 (60)
2445 1902 2536 1954 καὶ
2568 1901 2815 1971 Λιϐἐριον
2846 1900 2984 1953 κατὰ
3008 1900 3105 1970 τὴν
3137 1898 3311 1969 ἀρχὴν
3356 1898 3662 1968 ἐπείραζεν.

2117 1993 2365 2046 Ἐλθόντα
2387 1993 2450 2062 δὴ
2469 1989 2561 2045 οὖν
2587 1993 2748 2044 αὑτὸν
2786 1992 2958 2060 ἠξίου,
2990 1991 3084 2044 καὶ
3110 1989 3416 2060 προέτρεπε
3449 1989 3517 2040 τὰ
3551 2002 3671 2039 συν-

2104 2083 2210 2153 ήθη
2248 2083 2446 2151 λέγων,
2475 2079 2554 2146 οἷς
2589 2083 2652 2151 δὴ
2681 2083 2919 2146 καὶτοὺς
2950 2082 3140 2144 ἄλλους
3164 2081 3378 2150 άπατᾷν
3402 2077 3666 2149 ενόμιζεν,

2105 2173 2189 2225 ινα
2227 2172 2348 2227 καθ’
2376 2173 2532 2244 ἡμῶν
2567 2172 2667 2242 μὲν
2691 2172 2895 2243 γράψῃ,
2932 2173 3069 2241 πρὸς
3104 2172 3160 2224 δὲ
3188 2172 3315 2233 τοὺς
3360 2170 3669 2239 Ἀρειανοὺς

2102 2262 2201 2333 ἔχῃ
2222 2262 2317 2333 τὴν
2344 2262 2644 2315 κοινωνίαν.
2678 2262 2736 2313 ὐ
2756 2262 2810 2313 δὲ
2833 2263 3029 2331 γέρων,
3060 2261 3151 2312 καὶ
3175 2261 3272 2330 τὴν
3299 2260 3467 2328 ἀκοὴν
3495 2258 3667 2329 ἀηδῶς

2103 2352 2348 2419 ἐνέγκας,
2395 2350 2488 2402 καὶ
2532 2348 2823 2418 λυπηθεὶς,
2853 2349 2932 2400 ὅτι
2970 2348 3073 2399 κᾶν
3117 2346 3251 2408 ὅλως
3281 2342 3582 2411 ἐφθέγξατό
3616 2360 3669 2395 τι

2101 2440 2357 2504 τοιοῦτον,
2386 2439 2711 2509 ἐπιπλήξας,
2754 2440 2847 2492 καὶ
2879 2440 3071 2501 πείσας
3107 2437 3298 2495 αὑτὸν,
3325 2434 3665 2505 ἀνεχώρησεν

2100 2532 2181 2593 είς
2211 2530 2307 2600 τὴν
2338 2530 2574 2600 πατρίδα
2605 2530 2699 2583 καὶ
2728 2529 2825 2600 τὴν
2867 2527 3191 2597 Ἐκκλησίαν
3234 2524 3453 2578 ἑαυτοῦ.
3516 2523 3668 2576 Ἀλλὰ

2100 2623 2205 2676 τῶν
2239 2622 2530 2691 αἰρετικῶν
2564 2621 2999 2692 ἀποδυρομένων,
3033 2620 3127 2674 καὶ
3159 2617 3321 2671 πάλιν
3351 2616 3666 2688 παροξυνόν-

2100 2728 2238 2776 των,
2270 2706 2382 2782 εἶχε
2412 2712 2469 2765 δὲ
2502 2712 2595 2765 καὶ
2633 2712 2759 2775 τοὺς
2797 2711 3081 2780 εὐνούχους
3122 2710 3665 2780 ὑπομιμνήσκοντας,

2102 2805 2195 2858 καὶ
2236 2805 2433 2876 μᾶλλον
2467 2802 2897 2878 παροξύνοντας,
2941 2801 3140 2872 γράφει
3184 2798 3371 2852 λοιπὸν
3419 2796 3663 2867 βασιλεὺς

2105 2894 2242 2963 μετὰ
2286 2895 2540 2966 ἀπειλῆς·
2585 2894 2676 2947 καὶ
2706 2891 2977 2963 ὑϐρίζεται
3017 2892 3113 2962 μὲν
3148 2893 3176 2945 ό
3214 2892 3439 2952 Ὄσιος,
3474 2889 3535 2941 ού
3581 2905 3663 2939 κι-

2101 2990 2269 3040 νεῖται
2300 2987 2357 3040 δὲ
2381 2987 2467 3040 διὰ
2497 2988 2585 3039 τὸν
2615 2985 2776 3054 φόϐον
2798 2986 2896 3055 τῆς
2923 2983 3217 3052 ἐπιϐουλῆς
3238 2999 3252 3012 °
3279 2982 3396 3034 ἀλλ’
3428 2978 3663 3049 ἑστηκὼς

2102 3077 2178 3148 τῷ
2229 3079 2559 3149 φρονήματι,
2618 3077 2712 3130 κα).
2759 3076 2851 3129 ἐπὶ
2896 3076 2995 3147 τὴν
3048 3076 3257 3146 πέτραν
3310 3074 3662 3142 οἰκοδομήσας
3724 3106 3727 3107 ν

436 3164 703 3225 perstaret
738 3156 940 3229 'ﬁrmus
989 3154 1040 3208 in
1082 3154 1359 3223 proposito
1404 3169 1500 3208 suo
1530 3172 1543 3207 :
1577 3169 1699 3207 cum
1734 3154 1853 3208 ﬁdei
1888 3170 1998 3208 suae

2104 3167 2291 3221 ἑαυτοῦ
2314 3168 2410 3237 τὴν
2437 3167 2535 3235 τῆς
2564 3167 2795 3228 πίστεως
2824 3165 3019 3226 οίκίαν,
3060 3162 3499 3234 ἐπαρρησιάζετο
3532 3158 3663 3211 κατὰ

437 3246 649 3300 domum
686 3259 845 3313 supra
892 3252 1099 3313 petram
1146 3244 1504 3306 :edilicasset,
1547 3245 1824 3313 nihiloque
1868 3244 1997 3298 vali-

432 3337 613 3395 diores
630 3350 787 3409 quam
806 3334 994 3401 stillas,
1025 3342 1412 3409 ventorumque
1433 3333 1610 3403 ﬂatus,
1646 3336 1995 3407 epistularum

438 3429 613 3482 minas
642 3438 942 3497 reputaret,
970 3444 1090 3482 cum
1116 3429 1310 3483 fiducia
1349 3430 1608 3483 adversus
1641 3430 1892 3484 haeresim
1918 3430 1997 3485 lo-

436 3530 591 3572 cutus
622 3528 723 3572 est.
758 3504 1038 3587 Plerisque
1082 3519 1245 3587 igitur
1270 3533 1300 3571 a
1332 3517 1651 3574 Constantio
1683 3520 1866 3575 missis
1896 3522 2001 3587 epi-

436 3608 611 3675 stolis,
641 3609 729 3662 ubi
770 3608 927 3662 modo
973 3609 1147 3661 virum
1181 3608 1503 3663 adulabatur
1548 3610 1703 3678 quasi
1745 3619 1997 3678 patrem,

439 3704 595 3754 modo
616 3701 937 3766 minabatur,
965 3699 1283 3768 exsulesque
1323 3700 1657 3766 nominabat,
1682 3701 1793 3755 haec
1812 3701 1994 3756 aiens:

439 3789 589 3844 Tune
610 3790 758 3847 solus
786 3792 1082 3844 etiamnum
1125 3790 1318 3844 bwresi
1359 3790 1586 3843 infestus
1611 3792 1998 3858 permanehis?

438 3880 775 3945 Obsequere,
815 3894 877 3933 ac
904 3880 1082 3933 scribe
1117 3890 1304 3932 contra
1337 3879 1694 3933 Athanasium
1726 3898 1740 3935 :
1768 3882 1997 3948 quicun-

437 3984 543 4037 que
568 3970 712 4023 enim
737 3970 994 4023 adversus
1022 3969 1171 4022 illum
1198 3970 1503 4037 scripserit,
1533 3970 1620 4023 hic
1649 3970 1809 4038 plane
1835 3971 1991 4024 Aria-

439 4058 557 4112 nice
584 4057 861 4111 nobiscum
893 4061 1119 4123 sentiet;
1168 4057 1304 4110 nihil
1342 4056 1710 4111 reformidavit
1762 4058 1995 4126 Hosius,

437 4148 551 4213 sed,
587 4148 799 4203 tametsi
840 4147 1178 4203 contumeliis
1223 4148 1543 4212 lacessitus,
1601 4148 1717 4203 haec
1754 4150 1993 4217 scripsit.

436 4238 671 4307 Ejusque
704 4252 802 4292 nos
828 4236 1111 4305 epistolam
1131 4236 1378 4306 legimus,
1402 4237 1542 4292 etad
1570 4239 1772 4294 calcem
1794 4255 1858 4293 ea
1881 4240 1996 4309 ipsa

436 4329 699 4399 descripta
730 4338 831 4383 est.

462 4414 657 4471 Hosius
697 4414 1011 4471 Constantio
1041 4417 1346 4486 imperatori
1374 4417 1430 4469 in
1458 4416 1682 4469 Domino
1716 4417 1963 4471 salutem.

2097 3256 2192 3324 τῆς
2218 3254 2500 3324 αἱρέσεως,
2535 3253 2753 3321 ῥανίδας
2784 3253 2879 3305 καὶ
2914 3253 3078 3313 πνοὰς
3112 3252 3328 3320 ἀνέμων
3368 3248 3661 3318 ἡγούμενος

2096 3347 2191 3415 τὰς
2218 3348 2279 3404 ὲκ
2310 3345 2419 3404 τῶν
2449 3345 2786 3420 γραμμάτων
2809 3341 3052 3408 ἀπειλάς.
3080 3339 3348 3407 Πολλάκις
3379 3338 3509 3411 γοῦν
3539 3336 3662 3412 γρά-
3724 3412 3729 3415 μ

2096 3441 2293 3509 ψαντος
2325 3435 2702 3491 Κωνσταντίου
2723 3474 2738 3499 ,
2770 3434 2865 3487 καὶ
2900 3433 2971 3485 τὰ
3019 3431 3115 3502 μὲν
3163 3427 3552 3488 κολακεύοντος
3591 3425 3659 3486 ὼς

2098 3530 2343 3599 πατέρα,
2384 3528 2452 3581 τὰ
2494 3526 2551 3579 δὲ
2593 3523 2961 3585 ἀπειλοῦντος,
3008 3521 3101 3573 καὶ
3135 3520 3259 3580 τοὺς
3297 3514 3660 3586 ὲξορισθέντας

2097 3619 2466 3691 ὀνομάζοντος,
2500 3617 2594 3670 καὶ
2621 3615 2897 3682 λέγοντος·
2931 3612 3051 3663 Ἔτι
3082 3608 3145 3661 σὺ
3189 3608 3350 3677 μόνος
3386 3605 3660 3691 τυγχάνεις

2095 3713 2125 3763 ό
2153 3689 2294 3763 κατὰ
2334 3709 2432 3777 τῆς
2472 3706 2771 3777 αἱρέσεως
2816 3698 3095 3769 Πείσθητι,
3140 3698 3233 3750 κα)⁹
3272 3694 3484 3767 γράψον
3528 3689 3659 3744 κατὰ

2109 3798 2421 3851 Ἀθανασίου
2441 3814 2454 3826 ’
2488 3796 2516 3846 ό
2557 3794 2663 3864 γὰρ
2696 3792 2814 3846 κατ’
2846 3790 3054 3843 ἐκείνου
3080 3787 3311 3858 γράφων
3347 3787 3562 3845 πάντως
3594 3780 3655 3833 τά

2110 3886 2398 3958 Ἀρειανῶν
2428 3885 2544 3955 μεθ’
2582 3882 2737 3952 ἡμῶν
2776 3880 3053 3951 φρονήσει·
3094 3878 3154 3929 οὐ
3193 3873 3656 3946 κατορῤωδήσαςό

2099 3977 2298 4037 Ὄσιος,
2338 3974 2476 4027 ἀλλὰ
2503 3972 2595 4025 καὶ
2630 3971 2855 4039 πάσχων
2889 3968 3094 4038 ὕϐρεις,
3121 3965 3329 4036 ἔγραψε
3370 3965 3467 4016 καὶ
3507 3961 3653 4023 αὐτὸς

2095 4062 2338 4126 τοιαῦτα,
2369 4062 2464 4115 καὶ
2491 4059 2588 4132 τὴν
2612 4058 2899 4129 ἐπιστολὴν
2938 4058 3274 4127 ἀνέγνωμεν,
3306 4057 3401 4109 καὶ
3436 4055 3575 4107 ἔστιν
3601 4056 3651 4104 ἐν

2095 4154 2172 4225 τῷ
2190 4154 2330 4207 τέλει
2355 4150 2716 4223 γεγραμμένη
2751 4150 2883 4221 (6|)-

2100 4412 2295 4475 Ὅσιος
2316 4411 2708 4474 Κωνστα-ντίφ
2719 4407 3047 4473 ,ϐασιλεῒέν
3064 4406 3260 4474 Κυρίῳ
3280 4405 3512 4474 χαίρειν
3528 4402 3644 4472 (62).

501 4505 589 4559 44.
620 4507 730 4576 Ego
752 4506 864 4573 jam
904 4506 1109 4575 pridem
1140 4506 1422 4561 confessus
1442 4520 1584 4570 sum,
1607 4521 1728 4559 eum
1765 4507 1865 4559 sub
1894 4521 1995 4559 avo

2166 4502 2254 4556 44.
2308 4501 2448 4569 Ἐγὼ
2473 4502 2569 4571 μὲν
2589 4500 2913 4573 ὡμολόγησα
2939 4500 3111 4555 καὶτὸ
3133 4498 3371 4570 πρῶτον,
3410 4499 3498 4551 ὅτε
3540 4497 3648 4549 διω-

437 4606 526 4650 ιυο
561 4596 886 4650 Maximiano
924 4596 1234 4665 persecutio
1281 4604 1641 4665 grassaretur.
1687 4594 1838 4661 Quod
1868 4597 1911 4648 si
1942 4605 1994 4649 tu

2104 4594 2235 4664 γμδς
2253 4594 2476 4661 γέγονεν
2507 4593 2598 4644 ἐπὶ
2626 4591 2704 4661 τῷ
2744 4592 2952 4661 πάππῳ
2981 4608 3072 4643 σου
3100 4588 3451 4659 Μαξιμιανῷ.
3478 4588 3540 4641 Εί
3568 4586 3645 4640 καὶ

433 4701 646 4754 quoque
674 4701 757 4740 me
784 4701 1136 4756 persequare,
1162 4687 1458 4741 etiamnum
1478 4686 1544 4740 ad
1568 4686 1783 4755 quidvis
1818 4687 1994 4754 potius

2104 4681 2160 4734 σύ
2200 4698 2266 4751 με
2300 4679 2542 4743 διώκεις,
2573 4679 2790 4750 ἕτοιμος
2830 4682 2923 4732 καὶ
2969 4678 3061 4732 νῦν
3102 4681 3209 4731 πᾶν
3239 4677 3421 4731 ὁτιοῦν
3460 4677 3646 4747 ὑπομέ-

436 4776 771 4829 tolerandum
810 4789 1034 4845 paratus
1074 4793 1214 4839 sum,
1247 4775 1389 4845 quod
1416 4785 1476 4830 ut
1518 4776 1799 4831 innoxium
1825 4773 1997 4829 ellua-

2104 4788 2224 4835 νειν,
2273 4771 2305 4841 ἢ
2339 4770 2594 4824 ἐκκενοῦν
2631 4770 2808 4824 ἀθῶον
2848 4764 3021 4839 αἷμα,
3077 4770 3172 4821 κα)⁵
3215 4768 3519 4838 προδιδόναι
3561 4766 3649 4834 τὴν

432 4864 554 4917 dam
589 4865 926 4936 sanguinem,
974 4868 1368 4936 veritatemque
1409 4868 1636 4934 prodam
1669 4883 1683 4918 :
1726 4873 1883 4933 teque
1928 4878 1994 4917 eo

2104 4861 2347 4933 manu
2368 4878 2381 4889 ο
2421 4861 2478 4913 σὲ
2511 4860 2569 4913 δὲ
2614 4860 2715 4913 οὐκ
2759 4860 3091 4929 ἀποδέχομαι
3122 4859 3348 4911 τοιαῦτα
3384 4859 3653 4929 γράφοντα

432 4951 591 5005 modo
608 4952 928 5008 scribentem
948 4970 1009 5009 ac
1024 4956 1463 5011 interminantem
1490 4953 1710 5007 minime
1734 4952 1989 5023 approbo.

2104 4953 2188 5005 Ital
2207 4950 2548 5005 ἀπειλοῦντα.
2576 4950 2789 5005 Παῦσαι
2818 4950 2911 5004 τοῦ
2938 4951 3158 5003 τοιαῦτα
3182 4951 3432 5020 γράφειν,
3460 4947 3549 5000 καὶ
3578 4940 3652 5015 μὴ

431 5040 629 5097 Desine
665 5042 843 5113 itaque
885 5045 1007 5098 talia
1046 5048 1308 5110 scribere,
1351 5060 1415 5100 ac
1444 5060 1564 5099 cum
1609 5043 1739 5097 Ario
1770 5057 1837 5095 ne
1867 5057 1991 5095 sen-

2104 5043 2277 5114 ppévat
2301 5041 2369 5094 τὰ
2406 5041 2636 5113 Ἀρείου,
2662 5042 2798 5113 μηδὲ
2824 5042 2989 5094 ἄκουε
3009 5041 3116 5093 τῶν
3145 5039 3493 5103 ἀνατολικῶν,
3521 5034 3653 5108 μηδὲ

432 5132 555 5199 tias,
584 5146 680 5187 nec
723 5132 1027 5189 Orientales
1050 5136 1254 5199 audias,
1288 5149 1390 5189 neu
1425 5133 1653 5189 Ursacio
1694 5143 1749 5187 et
1779 5132 1989 5187 Valenti

2104 5133 2310 5185 πίστευε
2343 5134 2454 5195 τοῖς
2486 5133 2611 5202 περὶ
2641 5134 2944 5203 Οὐρσάκιον
2976 5134 3066 5185 καὶ
3100 5133 3390 5185 Οὐάλεντα.
3444 5132 3507 5183 Ἀ
3542 5126 3653 5198 γὰρ

432 5221 631 5276 babeas
662 5223 840 5277 ﬁdem.
872 5221 1003 5275 Nam
1038 5238 1155 5291 quae
1186 5221 1436 5276 ellntiunt
1477 5222 1574 5284 illi,
1614 5237 1717 5275 non
1751 5220 1991 5274 Athana-

2104 5223 2285 5273 ἐκεῖνοι
2318 5220 2581 5289 λέγουσιν,
2611 5222 2671 5273 οὐ
2702 5221 2768 5274 δι’
2814 5222 3124 5274 Ἀθανάσιον
3151 5220 3492 5288 φθέγγονται,
3515 5215 3653 5270 ἀλλὰ

433 5310 498 5364 sii
524 5327 706 5377 causa,
734 5312 825 5367 sed
854 5313 1075 5367 haeresis
1105 5326 1217 5365 suae
1241 5312 1411 5380 gratia
1448 5311 1765 5379 loquuntur.
1817 5310 1988 5364 Crede

2104 5309 2173 5361 Ξιὰ
2220 5310 2317 5380 τὴν
2370 5310 2501 5362 ἰδίαν
2545 5311 2774 5380 αἵρεσιν.
2827 5309 3052 5364 Πίστευέ
3106 5327 3216 5380 μοι,
3274 5308 3659 5369 Κωνστάντιε,

2184 5483 2291 5553 (6t)
2317 5483 2464 5539 llanc
2486 5486 2768 5552 epistolam
2802 5487 2867 5541 ad
2893 5488 3090 5542 calcem
3122 5486 3476 5555 conscriptam
3497 5524 3509 5547 ,
3540 5484 3663 5540 huc

2097 5562 2485 5606 transiuerunt
2504 5569 2879 5609 atnaltuenses.

2163 5620 2275 5691 (ὅθιὶ
2310 5622 2518 5677 Titulus
2536 5624 2775 5691 epistolae
2801 5641 2905 5679 non
2949 5626 3174 5680 habetur
3202 5625 3255 5678 in
3294 5624 3422 5692 Reg.

646 5488 717 5560 Ita
754 5489 885 5560 Reg.
916 5501 969 5545 et
1000 5490 1160 5546 Basil.
1190 5491 1352 5556 Editi,
1388 5488 1788 5560 περιλείπηται.

505 5558 616 5627 (59)
649 5558 738 5627 _Sic
768 5558 896 5627 lleg.
925 5560 1086 5623 Editi,
1114 5561 1318 5623 πάντας
1343 5558 1467 5625 τάς,
1499 5558 1772 5613 mandes".

470 5624 624 5743 auge;
647 5624 883 5681 Nannius
907 5630 1044 5682 forte
1078 5629 1235 5683 aliter
1258 5628 1418 5695 'legit,
1456 5642 1577 5682 nam
1602 5629 1781 5690 vertit,
1808 5639 1986 5692 quem-

436 5706 464 5742 α
508 5707 521 5740 ι
561 5707 588 5743 ο
630 5708 735 5745 um.
