3980 6510
483 524 590 583 7ιῖ

1082 531 1142 586 S.
1182 529 1554 586 ATHANASII
1592 529 1745 586 OPP.
1782 528 1962 584 PARS
2001 529 2042 582 1.
2080 555 2152 568 -—
2190 519 2552 579 HISTORICA
2581 517 2668 571 ET
2711 514 3124 571 DOGSIATICJ.

3609 503 3696 560 748

483 652 612 693 ecce
645 654 820 694 meam
849 643 1171 696 sententiam
1201 660 1217 697 :
1260 643 1476 697 Arianis
1502 643 1722 697 minime
1759 640 2040 708 adjnngor.

2144 637 2244 704 τῆς
2261 636 2362 704 γῆς
2396 634 2625 698 ἔξεστιν,
2650 630 2771 682 οὔτε
2805 630 2870 681 σὺ
2903 627 2999 680 τοῦ
3027 626 3226 694 θυμιᾷν
3259 620 3509 686 ἐξουσίαν
3550 619 3694 689 ἔχεις,

487 730 597 781 imo
639 743 755 782 eam
803 729 1050 785 heresim
1094 731 1231 787 ferio
1273 736 1617 788 anathemate
1655 752 1668 788 :
1716 748 1814 787 nec
1858 742 2045 786 contra

488 819 835 874 Athanasium
853 822 1110 888 scribam,
1134 837 1293 891 quem
1317 838 1415 878 nos
1432 833 1486 878 et
1512 823 1752 878 Romana
1779 822 2043 887 Ecclesia,

486 909 595 960 imo
640 918 750 964 tota
796 912 1034 980 synodus
1081 913 1343 966 insontem
1397 913 1706 966 declaravit.
1754 911 1887 966 Nam
1935 922 2048 966 tute

490 999 604 1050 haec
628 1013 754 1052 cm
785 1011 1064 1069 perspecta
1096 1003 1344 1065 haberes,
1383 1002 1950 1065 hominem'accivisti,
1983 1016 2048 1055 ac

490 1091 806 1145 concessisti
847 1102 904 1145 ut
944 1105 1066 1145 cum
1105 1090 1313 1143 honore
1338 1091 1389 1143 in
1417 1092 1642 1158 patriam
1670 1090 1757 1144 ille
1779 1101 1832 1144 et
1864 1091 1917 1144 in
1949 1091 2050 1144 Ec-

485 1181 704 1256 clesiam
744 1198 896 1236 suam
945 1184 1287 1250 rcmigraret.
1331 1182 1584 1248 Quaenam
1631 1184 1838 1236 exstitit
1888 1193 2050 1237 tanta:

486 1273 798 1326 mutationis
819 1273 1022 1325 causa?
1051 1272 1210 1325 Iidem
1238 1273 1380 1326 enim
1416 1273 1512 1339 ipsi
1543 1281 1668 1325 sunt
1697 1271 1812 1338 ejus
1845 1271 2046 1327 inimici

483 1360 576 1428 qui
603 1361 715 1426 jam
763 1372 888 1416 ante
925 1363 1072 1415 fuere
1109 1380 1124 1415 :
1164 1371 1220 1415 et
1260 1378 1379 1429 qua:
1415 1360 1526 1428 jam
1570 1372 1858 1416 susurrant
1900 1365 2048 1429 (non

483 1451 628 1505 uim
679 1467 742 1505 ea
787 1467 970 1507 coram
1017 1453 1110 1507 illo
1152 1452 1489 1522 proferunt),
1521 1454 1634 1506 haec
1689 1453 1839 1518 prius
1886 1454 2048 1506 etiam

482 1554 647 1610 quam
667 1542 1022 1596 Athanasium
1045 1544 1253 1598 aecires
1278 1542 1708 1609 obloquebantur
1736 1561 1750 1595 :
1786 1543 1898 1596 haec
1925 1558 2048 1596 cum

484 1630 551 1683 ad
585 1630 847 1699 synodum
885 1631 1232 1686 advenissent
1268 1630 1756 1686 obmurmurabant
1788 1649 1803 1684 :
1834 1646 2049 1700 meque.

485 1719 565 1773 uti
588 1733 750 1787 supra
779 1719 913 1785 dixi,
940 1721 1288 1787 probationes
1318 1720 1643 1787 postulante,
1672 1718 1919 1788 proferre
1951 1719 2050 1788 ipsi

483 1805 807 1874 nequivere:
839 1821 986 1870 nam,
1015 1807 1058 1861 si
1089 1807 1425 1873 habuissent,
1458 1824 1562 1862 non
1599 1809 1669 1861 ita
1699 1809 1927 1876 turpiter
1955 1823 2054 1862 au-

486 1894 770 1965 fugissent.
807 1895 940 1961 Quis
969 1906 1020 1950 te
1044 1897 1275 1963 induxit,
1307 1907 1366 1951 ut
1386 1908 1508 1966 post
1536 1908 1743 1951 tantum
1773 1899 2051 1966 temporis,

2148 724 2385 795 βασιλεῦ.
2421 723 2604 776 Ταῦτα
2635 722 2733 791 μὲν
2757 716 2849 772 οὖν
2888 718 3000 786 (67)
3034 716 3330 785 κηδόμενος
3352 714 3450 783 τῆς
3480 711 3579 779 σῆς
3609 727 3698 762 σω-

2145 815 2338 885 τηρίας
2367 813 2563 883 γράςω
2583 829 2598 842 ⁸
2645 811 2774 880 περὶ
2798 811 2854 862 δὲ
2886 803 2961 862 ὧν
2991 805 3328 868 scientias,
3362 802 3566 870 ταύτης
3599 798 3700 869 εἰμὶ

2143 907 2244 972 τῆς
2272 901 2523 970 γνώμης·
2573 898 2714 967 Ἐγὼ
2751 897 2872 950 οὔτε
2900 898 3194 966 ’Δρειανοίς
3225 891 3696 959 συγκατατίθεμαι,

2145 993 2280 1046 ἀλλὰ
2319 992 2412 1044 καὶ
2440 991 2537 1059 τὴν
2557 991 2766 1058 αἰρεσιν
2788 988 2964 1040 αὐτῶν
2980 982 3357 1052 ἀναθεματίζω
3376 998 3391 1011 ⁸
3419 982 3540 1034 οὗτε
3577 980 3698 1033 κατά

2159 1081 2477 1135 Ἀθανασίου
2500 1080 2716 1150 γράφω,
2755 1079 2812 1130 ὃν
2836 1079 2994 1147 ἡμεῖς
3015 1092 3072 1128 τε
3099 1075 3192 1126 καὶ
3226 1076 3260 1142 ἡ
3286 1072 3574 1141 Ῥωμαίων
3601 1071 3700 1122 Ἔχε

2147 1171 2365 1234 κλησία,
2419 1171 2512 1222 καὶ
2560 1172 2712 1222 πάσα
2763 1170 2797 1237 ἡ
2851 1166 3064 1228 σύνοδος
3107 1163 3426 1233 ἐκαθάρισε.
3467 1161 3578 1214 Καὶ
3608 1160 3698 1228 7&9
3737 1183 3740 1186 ι

2148 1263 2316 1316 ταῦτα
2355 1263 2448 1314 καὶ¹
2494 1263 2561 1314 σὺ
2608 1259 2846 1329 συνορῶν
2891 1257 3224 1327 μετεπέμψω
3269 1256 3362 1308 τὸν
3405 1254 3696 1323 ἄνθρωπον,

2147 1353 2243 1407 καὶ
2274 1351 2655 1422 συνεχώρησας
2681 1349 2829 1418 αὐτῷ
2854 1347 2990 1417 μετὰ
3014 1346 3177 1415 τιμῆς
3219 1348 3300 1408 εἰς
3345 1346 3442 1414 τὴν
3482 1343 3699 1412 πατρίδα

2149 1445 2242 1497 καὶ
2262 1444 2361 1513 τὴν
2384 1441 2709 1509 Ἐκκλησίαν
2729 1437 3042 1492 ἐπανελθεῖν
3057 1437 3189 1504 (68).
3207 1437 3301 1498 Τίς
3321 1436 3500 1486 τοίνυν
3521 1435 3697 1501 γέγονε

2149 1534 2422 1602 πρόφασις
2452 1533 2550 1601 τῆς
2570 1529 2837 1598 τοσαύτης
2892 1525 3191 1597 μεταϐολῆς
3215 1541 3233 1587 ;
3289 1525 3354 1576 Οἱ
3409 1525 3566 1577 αὐτοὶ
3609 1524 3699 1591 γὰρ

2150 1620 2332 1689 exemi
2367 1621 2417 1670 οἰ
2451 1617 2830 1688 καὶπρότερον
2859 1614 3010 1676 ὄντες
3051 1613 3146 1666 καὶ
3183 1612 3279 1664 νῦν
3322 1613 3464 1664 εἰσιν
3512 1610 3697 1663 αὐτοῦ·

2150 1713 2242 1764 καὶ
2276 1711 2312 1764 ἀ
2341 1710 2435 1762 νῦν
2482 1709 2851 1779 ψιθυρίζουσιν
2898 1705 2992 1779 (οὐ
3059 1706 3171 1775 γάρ
3230 1705 3496 1774 παρέντος
3552 1700 3700 1755 αὐτοῦ

2151 1800 2552 1869 φθέγγονται),
2584 1799 2777 1860 ταῦτα,
2813 1797 2906 1850 καὶ
2944 1797 3070 1865 πρὶν
3115 1794 3446 1864 μεταπέμψῃ
3497 1792 3703 1864 (69)·ιδν

2166 1888 2497 1952 Ἀθανάσιον,
2528 1887 2853 1941 κατελάλουν
2872 1903 2884 1918 ·
2908 1885 3076 1938 ταῦτα
3099 1883 3191 1936 καὶ
3222 1884 3464 1945 ἐλθόντες
3494 1885 3575 1945 είς
3617 1882 3702 1951 τὴν

483 1985 782 2039 litterarum
807 1987 958 2055 juxta
981 2000 1044 2039 ac
1077 1988 1361 2041 verborum
1392 1997 1602 2042 tuorum
1631 1988 2045 2043 obliviscerere!

2149 1978 2365 2031 σύνώον
2405 1978 2743 2048 διεθρὺλλουν
2763 1995 2778 2007 ’
2823 1977 2917 2029 καὶ
2954 1976 3338 2046 ἀπαιτούμενοι
3377 1976 3508 2044 παρ’
3559 1972 3703 2043 ἐμοῦ,

483 2073 689 2130 Cohibe
718 2084 793 2141 te,
815 2091 1018 2144 quaeso,
1043 2087 1097 2132 et
1128 2092 1194 2132 ne
1225 2077 1484 2145 improbis
1507 2077 1815 2132 hominibus
1840 2092 2043 2133 morem

483 2178 660 2230 geras,
688 2173 746 2218 ut
771 2180 843 2220 ne
865 2167 1032 2219 mutui
1053 2167 1321 2221 commodi
1341 2181 1501 2222 causa
1533 2175 1584 2220 te
1613 2168 1726 2236 ipse
1748 2181 1897 2221 reum
1923 2182 2047 2221 con-

483 2255 697 2310 stituas.
735 2255 890 2322 Quod
919 2257 1064 2310 enim
1085 2257 1196 2324 jam
1228 2259 1334 2312 illis
1363 2258 1628 2329 indulges,
1659 2257 1726 2312 de
1755 2259 1858 2312 hoc
1882 2259 1937 2312 in
1961 2259 2047 2314 die

476 2343 666 2410 judicii
699 2347 849 2400 solus
885 2348 1146 2400 rationem
1187 2363 1248 2402 es
1287 2348 1617 2403 redditurus.
1661 2348 2045 2403 Adversarium

483 2433 560 2486 illi
588 2449 746 2490 suum
769 2437 1029 2506 auspiciis
1060 2437 1166 2492 tuis
1194 2437 1389 2492 ledere
1431 2449 1642 2508 optant,
1678 2449 1836 2507 teque
1863 2439 2045 2494 volunt

482 2538 604 2578 esse
634 2525 854 2580 malitia:
897 2542 1010 2588 suae
1040 2528 1376 2593 ministrum,
1406 2539 1465 2582 ut
1497 2539 1586 2583 tua
1632 2543 1734 2599 ope
1754 2543 2047 2584 exsecran-

483 2615 606 2666 dam
653 2615 904 2670 haeresim
953 2616 1005 2669 in
1055 2615 1297 2670 Ecclesia
1352 2617 1730 2671 disseminent.
1785 2615 1900 2670 Non
1963 2627 2049 2671 est

484 2705 785 2770 prudentis,
809 2705 882 2762 ob
913 2706 1142 2761 aliorum
1173 2706 1454 2761 libidinem
1478 2708 1672 2762 sesein
1701 2706 2044 2762 manifestum

483 2795 756 2860 conjicere
813 2798 1135 2866 periculum.
1175 2797 1388 2863 Desine,
1439 2813 1626 2868 quaeso
1676 2809 1748 2859 te.
1799 2809 1855 2852 et
1911 2799 2043 2852 mihi

485 2886 817 2954 obtempera,
844 2886 1152 2943 Constanti.
1193 2889 1316 2945 llaec
1347 2891 1494 2946 enim
1531 2901 1587 2945 et
1614 2905 1698 2944 me
1721 2891 1872 2946 decet
1908 2891 2045 2945 scri-

485 2983 630 3040 hcre,
663 2987 719 3031 et
752 2988 804 3031 te
832 2992 938 3032 non
973 2979 1321 3047 vilipendere.

2152 2068 2294 2121 καθά
2321 2072 2599 2139 προεῖπον,
2649 2068 2748 2129 τὰς
2786 2065 3086 2132 ἀποδείξεις
3137 2067 3236 2121 οὐκ
3287 2065 3514 2134 ἴσχυσαν
3548 2081 3708 2132 παρα-

2148 2161 2328 2229 σχεῖνο
2359 2162 2409 2211 εἰ
2444 2159 2553 2229 γὰρ
2587 2155 2750 2229 εἶχον,
2775 2162 2876 2213 οὐκ
2920 2161 2984 2214 ἀν
3012 2160 3211 2228 ἔφυγον
3248 2157 3420 2219 οὕτως
3455 2155 3702 2225 αἰσχρῶς.

2146 2250 2242 2311 Τίς
2273 2245 2365 2301 οὖν
2397 2250 2580 2302 ἐπεισὲ
2601 2267 2659 2301 σε
2692 2249 2829 2319 μετά
2864 2249 3114 2302 τοσοῦτον
3146 2247 3331 2317 χμτινον
3366 2245 3706 2299 ἐπιλαθέσθαι

2146 2339 2253 2391 τῶν
2305 2339 2499 2392 σαυτοῦ
2546 2339 2885 2410 γραμμάτων
2940 2338 3031 2392 καὶ
3086 2338 3381 2408 ρημάτων;
3439 2334 3705 2403 Ἐπίτιες,

2147 2438 2242 2489 καὶ
2278 2436 2353 2506 μὴ
2380 2435 2563 2488 πείθου
2591 2437 2776 2497 κακοῖς
2803 2432 3126 2504 ἀνθρώποις,
3159 2433 3246 2484 ἵνα
3279 2432 3355 2501 μὴ
3389 2430 3478 2483 διὰ
3501 2430 3562 2481 τὸ
3584 2428 3705 2496 1:96;

2148 2525 2408 2595 ἀλλήλους
2456 2523 2695 2593 καθῆκον
2733 2523 2924 2577 σαυτὸν
2973 2520 3270 2574 ὑπεύθυνον
3302 2519 3559 2588 ποιήσῃς.
3588 2512 3703 2567 Ὧδε

2147 2616 2255 2686 γὰρ
2281 2615 2489 2677 τούτοις
2508 2613 2892 2684 καθηκετεύεις
2925 2612 3056 2682 (70),
3084 2612 3142 2663 ὲν
3167 2610 3223 2662 δὲ
3255 2613 3320 2679 τῇ
3354 2609 3534 2678 κρίσει
3560 2607 3705 2676 μόνος

2151 2707 2361 2776 μέλλεις
2408 2704 2807 2772 ἀπολογεῖσθαι.
2847 2697 3005 2756 Οὗτοι
3036 2703 3126 2755 τὸν
3148 2701 3277 2753 ἴδιον
3290 2699 3482 2769 ἐχθρὸν
3505 2697 3592 2749 διὰ
3621 2694 3702 2748 σοῦ

2147 2797 2387 2850 θέλουσιν
2411 2797 2634 2862 ἀδικεῖν,
2670 2797 2763 2848 καὶ
2793 2792 3067 2864 βούλονταί
3097 2810 3155 2846 σε
3192 2793 3442 2845 διάκονον
3469 2789 3572 2857 τῆς
3595 2788 3707 2839 ἑαυ-

2147 2889 2252 2941 τῶν
2279 2888 2538 2958 πονηρίας
2561 2885 2832 2956 γενέσθαι,
2867 2887 2952 2938 ἵνα
2973 2884 3061 2937 διὰ
3093 2882 3187 2936 σοῦ
3216 2883 3310 2936 καὶ
3335 2883 3438 2952 τὴν
3468 2878 3707 2950 μυσαράν

2146 2981 2354 3049 αἵρεσιν
2389 2983 2468 3042 εἰς
2507 2979 2604 3049 τὴν
2651 2979 2974 3048 Ἐκκλησίαν
3008 2974 3422 3045 ἑπισπείρωσιν.
3462 2975 3576 3027 Οὐκ
3603 2971 3710 3023 ἔστι

480 3068 539 3121 6i.
588 3070 849 3139 φρόνιμον
874 3070 941 3122 δι’
967 3071 1141 3125 ἄλλων
1188 3073 1380 3144 ἡδονὴν
1419 3073 1611 3126 ἑαυτὸν
1654 3076 1732 3137 εἰς
1775 3073 2047 3142 προῦπτον
2080 3071 2321 3124 κίνδυνον
2364 3071 2670 3141 anesum.
2718 3069 2953 3132 Παῦσαι,
2990 3065 3310 3139 παρακαλῶ,
3335 3067 3432 3118 καὶ
3465 3064 3708 3134 πείσθητί

486 3176 595 3228 μοι,
619 3160 981 3216 Κωνστάντιε.
1010 3161 1194 3215 Ταῦτα
1214 3163 1321 3235 γὰρ
1337 3165 1534 3234 πρέπει
1551 3165 1642 3217 καὶ
1667 3165 1768 3234 ἐμὲ
1792 3163 2141 3234 γράςειν,καὶ
2174 3163 2232 3214 σὲ
2260 3160 2460 3213 τούτων
2489 3161 2564 3231 μὴ
2583 3162 2960 3230 καταφρονεῖν.

549 3255 639 3309 45.
683 3254 808 3312 Hac
840 3257 928 3311 illa
972 3257 1075 3312 fuit
1115 3259 1460 3315 Abrahamici
1503 3260 1652 3314 senis
1700 3273 1826 3314 vere
1868 3258 2037 3321 Hosii,

2212 3255 2300 3309 45.
2353 3254 2536 3308 Ταῦτα
2571 3255 2669 3325 μὲν
2701 3256 2731 3306 6
2786 3253 3130 3324 Ἀδραμιαῖος
3175 3253 3373 3322 γέρων,
3430 3253 3460 3304 6
3506 3250 3710 3320 ἀληθῶς

481 3346 533 3399 id
561 3355 665 3408 est,
695 3348 891 3410 sancti,
923 3349 1190 3404 sententia
1219 3367 1233 3404 :
1263 3351 1345 3404 ha:
1375 3350 1519 3405 illius
1550 3351 1764 3406 litterae.
1799 3349 1893 3405 Ille
1923 3365 2049 3404 vero

483 3446 584 3487 nee
632 3435 945 3491 insidiarum
982 3436 1140 3490 linem
1179 3437 1327 3500 fecit,
1363 3454 1539 3508 neque
1564 3440 1728 3494 desiit
1759 3438 2044 3493 obtentum

484 3524 744 3580 adversus
788 3526 937 3579 illum
982 3529 1329 3597 perquirere;
1389 3529 1484 3584 sed
1522 3531 1758 3598 perstitit
1809 3529 2048 3598 graviter

480 3611 901 3681 interminando,
926 3625 987 3671 ut
1004 3632 1126 3672 eum
1153 3629 1242 3672 aut
1275 3619 1324 3672 vi
1352 3634 1382 3672 a
1417 3619 1687 3674 sententia
1722 3619 2035 3680 deduceret,

479 3712 574 3756 aut
597 3719 702 3758 non
724 3705 1105 3776 obsequentem
1126 3709 1348 3778 pelleret
1375 3709 1429 3762 in
1452 3709 1722 3763 exsilium.
1750 3709 1828 3764 Ac
1853 3723 2044 3779 quem-

409 3818 416 3822 ν
479 3791 765 3847 admodum
814 3794 1120 3866 Babyloniei
1160 3798 1326 3854 duces
1366 3808 1420 3852 et
1453 3807 1705 3868 satrapae,
1737 3813 1858 3853 cum
1887 3799 2044 3853 incu-

479 3883 638 3935 saudi
696 3881 932 3938 Danielis
982 3887 1322 3941 occasionem
1372 3896 1672 3955 captarent,
1721 3887 1933 3942 nonnisi
1988 3888 2041 3942 in

479 3973 600 4042 lege
635 3971 732 4026 Dei
763 3973 844 4027 sui
872 3974 1016 4028 illam
1055 3975 1341 4038 invenere;
1382 3977 1546 4047 294
1579 3978 1651 4029 ita
1679 3985 1734 4031 et
1769 3991 1909 4030 nunc
1942 3976 2043 4029 im-

479 4063 700 4134 pietatis
732 4073 967 4134 satrapte
999 4067 1198 4120 nullam
1250 4067 1412 4120 aliam
1460 4078 1752 4138 potuerunt
1780 4069 2040 4123 adversus

480 4143 774 4210 senem'vel
804 4155 1162 4210 comminisci.
1202 4155 1344 4210 Nulli
1367 4157 1565 4226 quippe
1596 4167 1752 4214 notus
1780 4173 1887 4213 non
1920 4167 2040 4212 erat

478 4243 568 4298 ille
594 4259 722 4299 vere
752 4243 970 4310 Hosius,
997 4244 1050 4299 id
1070 4254 1176 4308 est,
1199 4253 1440 4310 sanctus,
1463 4245 1616 4314 cujus
1637 4245 1906 4315 inculpata
1931 4246 2039 4300 vita

479 4345 619 4399 erat,
662 4323 764 4392 nisi
810 4351 878 4391 eo
908 4335 1144 4404 nomine,
1175 4338 1320 4405 quod
1347 4336 1595 4391 haresim
1629 4337 1755 4392 odio
1793 4337 2062 4392 haberet.’

478 4423 631 4478 Hunc
668 4425 851 4494 itaque
877 4425 1308 4491 calumniantur,
1351 4440 1457 4480 non
1497 4426 1720 4495 perinde
1748 4436 1912 4497 atque
1947 4426 2037 4481 ille

476 4514 639 4570 Dario
659 4514 866 4570 delatus
901 4514 1022 4582 fuit,
1053 4515 1253 4571 invitus
1272 4515 1469 4586 quippe
1491 4515 1683 4572 Darius
1705 4517 2038 4572 criminatio-

2152 3346 2336 3408 Ὀσιος
2357 3347 2622 3416 ἐφρόνησέ
2653 3363 2713 3398 τε
2741 3348 2835 3400 καὶ
2873 3345 3137 3416 ἔγραψεν,
3168 3345 3197 3395 6
3221 3343 3277 3396 δὲ
3317 3341 3444 3395 οὔτε
3475 3341 3569 3394 τοῦ
3597 3343 3708 3392 ἐπι-

2146 3435 2420 3488 ϐουλεύειν
2449 3436 2713 3506 ἀνεχώρει
2763 3438 2895 3506 (7|).
2927 3437 3049 3489 οὔτε
3093 3435 3364 3506 πρόῳασιν
3406 3436 3527 3487 κατ’
3553 3430 3706 3486 αὐτοῦ

2145 3525 2323 3595 ζητῶν
2353 3527 2624 3580 πέπαυται
2642 3544 2655 3557 ·
2682 3527 2817 3581 άλλά
2845 3527 2941 3580 καὶ
2975 3526 3210 3580 ἀπειλῶν
3239 3526 3477 3594 ἐπέμενε
3507 3522 3705 3584 δεινῶς,

2143 3617 2229 3669 ἶνα
2253 3619 2285 3685 ἢ
2321 3617 2638 3687 βιαζόμενος
2670 3619 2974 3691 μεταγάγῃ,
3008 3621 3042 3687 ἢ
3079 3620 3154 3688 μὴ
3191 3616 3512 3686 πειθόμενον
3545 3612 3706 3682 ἐξορί·

2144 3723 2233 3779 σῃ.
2262 3708 2538 3778 Πρόφασιν
2566 3709 2664 3778 μὲν
2693 3705 2805 3771 οὖν,
2830 3711 3016 3780 ῶσπερ
3046 3710 3096 3761 οἱ
3123 3709 3371 3760 τακτικοὶ
3399 3707 3492 3760 καὶ
3517 3703 3706 3774 σατρά-

2144 3812 2242 3848 παι
2269 3798 2369 3865 τῆς
2403 3796 2736 3859 Βαϐυλῶνος,
2799 3795 3104 3867 ζητοῦντες,
3123 3795 3238 3870 ,οὐχ
3275 3794 3529 3865 εὕρισκον
3572 3791 3704 3844 κατά

2140 3886 2235 3946 τοῦ
2265 3886 2463 3957 Δανιὴλ
2495 3889 2543 3939 εἰ
2572 3889 2648 3958 μὴ
2667 3888 2725 3940 ὲν
2756 3887 2939 3956 νόμοις
2960 3885 3094 3938 Θεοῦ
3134 3885 3298 3938 αὑτοῦ
3321 3903 3334 3915 ε
3371 3884 3514 3938 οὕτω
3539 3887 3628 3937 καὶ
3657 3883 3704 3935 οἱ

2143 3977 2238 4030 νῦν
2273 3977 2550 4048 σατράπαι
2574 3978 2672 4048 τῆς
2698 3977 2952 4039 ἀσεϐείας
2969 3975 3090 4030 οὐδὲ
3114 3975 3422 4030 πλάσασθαι
3448 3976 3586 4028 κατά
3614 3973 3705 4026 τοῦ

2142 4068 2396 4139 γέροντος
2423 4067 2589 4139 ἄλλην
2613 4068 2975 4138 ἠδυνήθησαν.
3015 4067 3158 4119 Ilia:
3189 4067 3299 4137 γὰρ
3330 4062 3601 4136 γνώριμος
3639 4061 3704 4135 ἦν

2141 4162 2171 4213 6
2194 4159 2409 4230 άληθῶς
2436 4160 2642 4222 Ὅσιος,
2669 4160 2763 4211 καὶ
2803 4161 2832 4211 6
2857 4157 3047 4210 τούτου
3081 4155 3194 4226 βίος
3232 4157 3610 4228 ἀνεπίληπτος,
3654 4157 3701 4207 si

2143 4251 2218 4320 μὴ
2247 4250 2307 4302 τὺ
2330 4250 2472 4304 κατά
2497 4251 2594 4319 τῆς
2633 4249 2898 4321 αἱρέσεως
2941 4250 3112 4318 μῖσος.
3148 4246 3501 4301 Διαὸάλλουσι
3535 4246 3704 4298 τοίνυν

2141 4340 2235 4392 καὶ
2275 4339 2456 4399 αὐτὸν.
2488 4340 2668 4392 οὐκέτι
2719 4339 2795 4400 ὡς
2821 4340 3028 4390 ἐκεῖνον
3077 4337 3285 4409 Δαρείῳ
3339 4338 3555 4407 (ἀηδῶς
3599 4335 3702 4404 γὰρ

2138 4431 2368 4500 ἤκουσεν
2395 4431 2424 4481 6
2450 4432 2673 4500 Δαρεῖος
2692 4428 2831 4482 κατά
2873 4429 2966 4482 τοῦ
2993 4429 3234 4499 Δανιὴλ),
3286 4429 3402 4481 ἀλλ’
3431 4429 3508 4492 ὼς
3549 4424 3702 4490 Ἰεζά-

2139 4519 2235 4573 ϐελ
2263 4520 2402 4573 κατά
2436 4519 2530 4573 τοῦ
2578 4519 2875 4585 Ναϐουθαὶ,
2906 4521 2998 4573 καὶ
3026 4519 3102 4582 ὡς
3149 4523 3198 4572 oi
3237 4521 3476 4574 Ἰουδαῖοι
3508 4519 3580 4588 τῷ
3617 4519 3701 4570 Ἠ-

475 4618 599 4659 nem
628 4605 682 4659 in
705 4604 979 4660 Danielem
1003 4605 1208 4660 audivit
1227 4606 1290 4671 ";
1319 4605 1435 4670 sed,
1462 4605 1606 4661 sicut
1629 4604 1845 4661 Jezabcl
1862 4606 2040 4661 Nabo-

2144 4609 2309 4681 ρὼδῃ,
2335 4609 2586 4678 λέγοντες
2608 4627 2622 4639 °
2649 4611 2722 4664 Οὐ
2755 4611 2918 4680 μόνον
2932 4611 3028 4679 οὐχ
3058 4610 3366 4679 ὑπογράφει
3395 4611 3534 4664 κατά
3563 4608 3700 4662 Ἀθα-

476 4692 629 4746 thum
664 4694 733 4758 ¹⁶,
765 4707 829 4748 ac
856 4704 916 4750 ιιι
937 4691 1105 4749 Judaei
1135 4695 1273 4762 apud
1305 4694 1573 4750 Herodem
1603 4695 1668 4760 ⁸⁷,
1701 4696 1788 4751 his
1822 4695 2039 4751 verbis:

475 4784 593 4840 Non
628 4789 786 4843 modo
808 4803 912 4842 non
941 4787 1230 4841 subscribit
1263 4787 1350 4840 ille
1378 4788 1637 4843 adversus
1657 4787 2038 4852 Athanasium,

477 4876 573 4930 sed
608 4890 704 4930 nos
733 4876 896 4932 etiam
936 4875 1052 4945 ejus
1081 4876 1255 4945 gratia
1285 4877 1506 4930 damnat
1534 4895 1548 4930 :
1575 4878 1758 4946 itaque
1790 4875 2040 4930 bairesim

479 4973 781 5029 aversatur,
822 4975 881 5020 ut
925 4976 1150 5020 caeteros
1200 4966 1394 5020 litteris
1434 4967 1700 5030 hortetur,
1751 4980 1937 5021 necem
1984 4974 2043 5020 ιιι

478 5057 658 5126 potius
695 5057 944 5120 subeant,
985 5072 1145 5125 quam
1179 5057 1423 5112 veritatis
1455 5060 1756 5126 proditores
1786 5057 2036 5112 evadant.

475 5147 636 5214 Nam,
677 5147 752 5202 ait
781 5145 892 5210 ille,
921 5146 1164 5200 veritatis
1194 5163 1358 5201 causa
1390 5147 1619 5201 dilectus
1656 5157 1841 5203 noster
1865 5148 2038 5202 Atha-

478 5241 664 5296 nasius
692 5237 1120 5309 persecutionem
1164 5239 1420 5298 sustinet.
1456 5237 1768 5305 insidiaeque
1809 5237 2041 5290 tendun-

479 5341 565 5385 tur
597 5331 836 5400 Liberio
883 5329 1129 5385 Romano
1167 5330 1437 5397 episcopo,
1474 5329 1703 5396 aliisque
1747 5327 2037 5381 universis.

553 5509 594 5542 “
627 5509 763 5564 Dan.
803 5525 882 5588 vt,
905 5509 993 5584 id.
1035 5509 1176 5565 “‘lll
1201 5508 1331 5580 Reg.
1363 5525 1479 5576 xxi,
1509 5509 1561 5561 7.
1601 5509 1643 5540 "
1673 5506 1805 5562 Luc.
1840 5523 1998 5572 mn,
2027 5508 2113 5563 10.

684 5659 741 5729 [η
782 5659 943 5729 Κείς..
974 5657 1067 5714 οὖν
1099 5660 1270 5715 deest.

546 5725 655 5797 (68)
683 5727 839 5797 Reg.,
866 5725 1144 5793 ἀπελθεῖν,
1172 5730 1348 5797 minus
1371 5737 1537 5783 recte.

544 5793 656 5862 t69)
685 5793 916 5866 lta‘Reg.
936 5799 1076 5852 Editi
1097 5812 1243 5876 vero,
1271 5796 1480 5868 πέμψῃ.
1504 5798 1622 5854 Mos
1646 5799 1802 5868 Reg.,
1824 5797 2034 5870 διεθρὺ-

474 5859 621 5926 λουν,
651 5865 716 5919 de
747 5881 894 5922 more
926 5882 1050 5921 cum
1075 5879 1235 5921 unico
1263 5864 1312 5919 λ.

2139 4701 2346 4764 νασίου,
2380 4701 2514 4755 ἀλλά
2535 4703 2630 4755 καὶ
2657 4704 2805 4773 ἡμᾶς
2827 4703 2896 4754 δι’
2921 4701 3082 4754 αὑτὸν
3109 4703 3458 4773 κατακρίνει·
3498 4703 3584 4755 καὶ
3607 4700 3698 4768 τὴν

2140 4792 2350 4861 αἰρεσιν
2379 4792 2520 4845 οὕτω
2569 4797 2736 4863 μισεῖ,
2765 4793 2841 4854 ὡς
2872 4792 2964 4846 καὶ
3005 4791 3186 4855 ἄλλοις
3216 4794 3449 4864 γράφειν
3487 4792 3697 4845 θάνατον
3741 4837 3756 4846 .

2144 4883 2340 4954 μᾶλλον
2361 4885 2672 4955 ὑπομένειν,
2703 4886 2737 4954 ἢ
2765 4885 3027 4955 προδότας
3041 4883 3286 4951 γίνεσθαι
3314 4884 3414 4954 τῆς
3434 4881 3691 4952 ἀληθείαςο

2142 4975 2220 5026 Δι’
2253 4974 2422 5046 αὐτὴν
2450 4976 2559 5046 γὰρ
2581 4977 2676 5029 καὶ
2705 4979 2733 5030 6
2757 4976 3037 5046 ἀγαπητὸς
3065 4978 3097 5045 ἠ
3107 4975 3225 5046 μῶν
3257 4974 3565 5035 Ἀθανάσιος
3578 4969 3692 5024 διώ-

2141 5083 2319 5129 κεται,
2360 5068 2453 5120 καὶ
2491 5065 2743 5138 Δισέριος
2777 5069 2806 5118 6
2848 5066 3133 5137 Ῥωμαίων
3173 5066 3490 5127 ἐπίσκοπος.
3525 5059 3683 5115 καὶοὶ

2138 5157 2285 5210 ἄλλοι
2309 5158 2507 5220 πάντες
2538 5158 2991 5212 ἐπιϐουλεύονται.
3046 5157 3232 5210 Ταῦτα
3259 5156 3496 5218 ἀκούσας
3539 5157 3564 5206 6
3592 5151 3684 5220 τῆς

2099 5248 2390 5312 “ἀσε6είας
2445 5251 2770 5322 προστάτης,
2821 5250 2914 5302 καὶ
2966 5249 3065 5319 τῆς
3125 5247 3392 5318 αἱρέσεως
3451 5243 3679 5316 βασιλεὺς

2140 5340 2532 5404 Κωνστάντιος,
2578 5341 2673 5394 καὶ
2715 5341 2795 5393 ὃτι
2842 5339 3074 5409 μάλιστα
3100 5337 3196 5390 καὶ
3215 5337 3396 5408 ἕτεροί
3423 5338 3524 5389 εισι
3556 5330 3676 5386 κατό

2217 5658 2330 5729 (70)
2364 5659 2452 5729 Sic
2505 5659 2655 5729 editi.
2705 5655 3299 5729 Βρμηκαθικετεύε-ις.
3357 5656 3499 5729 Alias
3549 5652 3667 5729 idem

2147 5718 2674 5849 Βρᾲὺίκαθηκεύειν.
2701 5728 2756 5782 In
2782 5718 2939 5784 aditis
2973 5741 3102 5780 vero
3141 5718 3504 5779 καθικετεύειν
3534 5718 3668 5785 vulgo

2142 5815 2248 5853 SCI'I
2295 5808 2415 5849 llttl'.

2217 5865 2419 5936 (7|)lta
2447 5865 2579 5937 Reg.
2613 5867 2774 5933 Editi,
2809 5865 3090 5933 ἐνεχείρει.
