3980 6492
236 453 327 508 ’15

1207 448 1533 504 HISTORIA
1574 451 1985 513 ARIANORUM
2028 458 2119 511 AD
2156 459 2547 515 MONACHOS.

3354 470 3461 523 754

232 573 324 651 τῷν
354 570 405 621 δὲ
439 568 786 638 γραμμάτων
826 584 1032 619 τουτων
1074 579 1283 633 γινεται
1325 568 1575 633 διάκονος
1627 572 1777 642 Ἡρά.

1898 576 2194 629 litterarum
2253 577 2567 631 tabellarius
2604 579 2701 632 fuit
2744 581 3018 637 lleraclius
3051 583 3269 650 quidam
3298 584 3467 651 digni-

232 644 387 722 κλειός
434 676 522 722 τις
582 658 661 728 τῷ
710 656 975 726 ἀξιώματι
1034 656 1231 727 κόμης,
1293 658 1601 729 προοδεύων
1648 663 1792 726 τινὸς

231 749 485 823 Γεωργίου
552 748 645 802 τοῦ
692 748 1151 817 ἀποστελλομένου
1195 749 1345 819 παρά
1397 750 1489 803 τοῦ
1531 750 1792 819 βασιλέως

228 843 563 896 κατασκόπου
600 856 616 870 ·
669 839 730 893 οὐ
789 840 897 909 γὰρ
971 837 1036 891 ἂν
1103 839 1187 908 εἴη
1242 839 1351 909 (86)
1416 841 1712 905 ἐπίσκοπος
1761 844 1790 895 6

230 935 342 1003 παρ’
397 932 615 985 ἐκείνου
660 930 1043 1000 πεμπόμενος,
1126 930 1199 1001 μὴ
1249 931 1457 997 γένοιτο
1507 933 1518 984 !
1571 933 1645 997 ὡς
1696 936 1789 986 καὶ

227 1024 350 1077 αὑτά
395 1024 466 1077 τὰ
518 1022 808 1093 γενόμενα,
861 1022 956 1074 καὶ
1001 1019 1069 1073 τά
1129 1020 1385 1091 προοίμια
1433 1022 1531 1092 τῆς
1580 1023 1785 1076 εἰσόδου

226 1114 493 1167 δείκνυσιν.

288 1202 468 1258 49-50.
503 1202 585 1255 Τὰ
617 1202 713 1272 μὲν
737 1196 827 1254 οὖν
857 1201 1158 1271 γράμματα
1180 1200 1453 1273 προῦθηκε
1482 1202 1589 1272 (87)
1618 1204 1679 1275 δη
1690 1222 1785 1274 μο-

227 1291 323 1365 σία,
374 1294 471 1346 καὶ
515 1291 713 1362 πολλὴν
744 1292 1001 1360 αἰσχύνην
1024 1291 1292 1344 ἐδείκνυον
1331 1293 1422 1345 τοῦ
1451 1294 1772 1363 γράφοντος·

238 1381 440 1451 Ἐπειδὴ
467 1380 598 1450 γάρ,
634 1380 709 1442 ὡς
735 1379 966 1451 ἔγραψεν
990 1381 1017 1432 6
1044 1381 1214 1450 μέγας
1254 1381 1458 1444 Ὅσιος,
1496 1384 1593 1451 οὐχ
1638 1383 1784 1453 εὕρι-

225 1488 309 1523 σκε
352 1468 582 1538 πιθανὴν
615 1469 884 1540 πρόφασιν
934 1467 1030 1538 τῆς
1062 1469 1257 1521 ἑαυτοῦ
1315 1474 1633 1544 μεταϐολῆς,
1681 1477 1780 1527 ἐπ-

223 1562 394 1631 ενόησε
429 1558 610 1628 πολλῷ
646 1560 738 1611 καὶ
775 1558 970 1628 μᾶλλον
1009 1560 1423 1631 ἀπρεπεστέραν
1447 1551 1620 1635 ἑαυτῷ
1641 1583 1653 1594 ·
1689 1566 1781 1619 καὶ

222 1655 321 1713 τοῖς
352 1649 526 1720 τούτῳ
586 1648 1078 1719 συμϐουλεύσασιν·
1120 1649 1286 1720 ἔφησε
1340 1653 1478 1723 γάρ·
1503 1654 1611 1724 Τὴν
1648 1656 1781 1725 πρὸς

221 1743 301 1793 τὸν
346 1742 576 1810 ἀδελφὺν
628 1741 943 1810 αἰδούμενος
984 1739 1187 1808 φιλίαν,
1227 1742 1317 1793 τὸν
1359 1743 1461 1812 τῆς
1509 1744 1655 1808 Θείας
1688 1748 1780 1799 καὶ

218 1832 463 1894 εὐσεϐοῦς
494 1833 739 1903 μνήμης,
767 1833 857 1884 ἐπὶ
888 1833 1076 1902 καιρὸν
1115 1833 1261 1903 αὑτῷ
1291 1835 1387 1903 τὴν
1413 1836 1487 1897 ὡς
1510 1836 1653 1905 ὑμᾶς
1685 1854 1777 1904 γε-

217 1923 388 1975 νέσθαι
410 1923 644 1994 πάροδον
664 1924 988 1992 ἠνεσχόμην.
1020 1923 1189 1976 Τοῦτο
1212 1925 1267 1976 δὲ
1298 1926 1391 1977 καὶ
1406 1925 1502 1996 τὴν
1536 1928 1774 1995 ὲπαγγευ
1809 1913 1851 1971 Β

216 2012 326 2065 λίαν
346 2013 707 2081 ψευσάμενον,
744 2012 838 2064 καὶ
869 2012 1003 2082 πρὸς
1055 2015 1143 2066 τὸν
1176 2014 1400 2082 ἀδελφὸν
1440 2015 1577 2085 μετά
1615 2016 1776 2070 θάνα-

214 2117 299 2152 τον
351 2100 643 2171 ἀγνώμονα
694 2101 983 2154 δείκνυσιν.
1026 2098 1158 2155 Εἶτα
1211 2102 1361 2166 Θείας
1394 2105 1489 2156 καὶ
1519 2106 1773 2171 εὐσεϐοῦς

214 2190 362 2243 αὑτὸν
391 2193 634 2261 μνήμης,
689 2192 971 2262 ὡςπεροῦν
1002 2193 1094 2244 καὶ
1121 2193 1286 2255 ἔστιν,
1320 2194 1469 2258 ἄξιον
1497 2196 1770 2268 ὀνομάζει,

212 2275 267 2333 οὗ
311 2281 405 2350 τὴν
446 2279 667 2349 ἐντολὴν
702 2282 794 2333 καὶ
829 2281 922 2352 τὴν
966 2282 1167 2350 φιλίαν,
1216 2284 1291 2345 ὡς
1327 2285 1490 2348 αὐτὸς
1546 2286 1771 2356 ἔγραψε,

213 2372 401 2435 καίτοι,
430 2372 480 2423 εί
512 2371 605 2423 καὶ
637 2370 724 2423 διὰ
749 2372 839 2423 τὸν
873 2372 1177 2442 μακαρίτην
1203 2372 1530 2428 Κώνσταντα
1564 2392 1773 2446 συγχω-

214 2464 375 2532 ρήσας
418 2459 512 2532 ἦν,
552 2461 748 2531 ὤφειλε
795 2463 868 2533 μὴ
909 2463 1204 2533 ἀκαθήκων
1248 2466 1374 2537 περὶ
1425 2467 1516 2519 τὸν
1550 2468 1774 2537 ἀδελφὸν

211 2552 477 2620 γενέσθαι,
511 2553 601 2617 ἶν’,
646 2553 835 2622 ὥσπερ
871 2553 969 2621 τῆς
1020 2553 1315 2622 βασιλείας,
1356 2555 1499 2609 οὕτω
1542 2559 1632 2610 καὶ
1678 2559 1775 2628 τῆς

208 2641 423 2715 γνώμης
475 2643 641 2696 αὐτοῦ
686 2643 1014 2715 κληρονόμος
1052 2644 1295 2715 γένηται.
1360 2647 1519 2701 Ἀλλὰ
1556 2648 1645 2701 τὸν
1678 2650 1774 2719 μὲν

208 2733 543 2803 Βρετανίωνα
570 2733 833 2799 καθεῖλεν,
866 2734 1126 2804 ἐθελήσας
1156 2735 1216 2788 τὺ
1253 2736 1458 2790 δίκαιον
1501 2740 1772 2804 ἀπαιτεῖν,

205 2824 371 2892 λέγων
391 2842 406 2856 ·
448 2826 569 2879 Τίνι
612 2826 747 2895 μετά
788 2827 1014 2880 θάνατον
1069 2827 1309 2895 ἀδελφῶν
1356 2830 1389 2899 ἡ
1441 2831 1773 2903 κληρονομία

204 2917 439 2983 γίνεταις
473 2916 565 2970 διὰ
593 2918 649 2971 δὲ
683 2917 778 2988 τὴν
810 2918 1057 2989 μυσαράν
1083 2920 1296 2991 αἵρεσιν
1327 2920 1435 2973 τῶν
1462 2924 1774 2994 Χριστομά-

204 3021 308 3072 χων
334 3003 458 3057 οὔτε
495 3005 558 3057 τὸ
590 3006 794 3059 δίκαιον
827 3002 985 3069 οἶδεν,
1012 3008 1146 3061 ἀλλὰ
1174 3011 1267 3062 καὶ
1296 3011 1430 3081 πρὸς
1456 3013 1582 3074 τοὺς
1620 3010 1774 3063 ἀδελ-

205 3097 332 3162 φοὺς
359 3096 659 3167 ἀκαθήκων
685 3097 926 3165 γίνεται·
964 3098 1029 3150 δι’
1058 3100 1123 3170 ἣν
1150 3100 1365 3171 αἵρεσιν
1394 3101 1503 3172 (88)
1535 3101 1654 3154 οὐδὲ
1678 3101 1772 3155 τοῦ

203 3189 405 3258 πατρὸς
434 3188 731 3260 ὁλόκληρον
759 3190 855 3261 τὴν
883 3189 1106 3261 γνώμην
1143 3192 1429 3260 φυλάττειν
1460 3193 1769 3263 ἐνενόησεν·
1804 3258 1840 3273 Α

202 3279 329 3332 ἀλλά
359 3280 441 3343 είς
471 3280 571 3350 μὲν
601 3279 661 3331 τὸ
694 3279 924 3348 ἀρέσκον
956 3282 1066 3343 τοῖς
1099 3281 1344 3348 ἀσεϐέσι,
1379 3282 1538 3335 τοῦτο
1586 3287 1772 3354 τηρεῖν

200 3368 571 3438 ὑποκρίνεται·
600 3369 679 3429 εἰς
693 3368 748 3419 δὲ
762 3369 823 3420 τὸ
855 3367 1057 3421 λυποῦν
1085 3370 1349 3434 ἐκείνους,
1381 3372 1481 3424 οὐκ
1503 3364 1640 3425 οἶδέν
1655 3374 1772 3426 οὐδὲ

199 3457 255 3508 τὸ
278 3457 415 3527 πρὸς
441 3455 538 3508 τὸν
573 3455 786 3525 πατέρα
824 3455 988 3518 σέϐας
1024 3458 1273 3526 φυλάξαι.
1324 3461 1633 3514 Ἀπέστειλε
1676 3464 1773 3533 μὲν

197 3546 302 3617 γάρ
344 3548 559 3609 ἐκεῖνος
608 3547 700 3599 τὸν
743 3546 1037 3599 ἐπίσκοπον
1086 3548 1151 3600 ὲκ
1201 3548 1451 3620 διαϐολῆς·
1503 3552 1610 3604 τῶν
1644 3556 1773 3624 περὶ

198 3638 456 3691 Είισέϐιον
500 3640 582 3700 είς
617 3636 717 3699 τὰς
768 3638 997 3701 Γαλλίας
1037 3639 1129 3691 ἐπὶ⁸
1164 3641 1352 3710 καιρὸν
1401 3642 1487 3695 διὰ
1527 3644 1626 3712 τὴν
1664 3645 1773 3697 τῶν

196 3728 659 3782 ἐπιϐουλευόντων
702 3728 961 3799 ὠμότητα
1027 3729 1206 3800 (τοῦτο
1255 3730 1364 3802 γὰρ
1396 3734 1424 3785 6
1466 3734 1772 3804 μακαρίτης

197 3819 611 3882 Κωνιτταντῖνος
653 3820 682 3871 6
718 3819 905 3871 τούτου
955 3820 1179 3889 ἀδελφὸς
1237 3822 1374 3892 μετὰ
1423 3823 1650 3878 Θάνατον
1679 3825 1772 3878 τοῦ

195 3911 397 3981 πατρὸς
423 3910 718 3981 ἐδήλωσεν,
754 3910 829 3973 ὡς
857 3912 920 3963 ὲκ
950 3911 1057 3963 τῶν
1087 3913 1432 3983 γραμμάτων
1467 3915 1577 3985 (89)
1607 3916 1769 3970 αὑτοῦ

190 4001 530 4071 δείκνυται)·
587 4002 688 4053 οὐκ
755 4001 979 4073 ἐπείσθη
1028 4002 1083 4055 δὲ
1143 4007 1256 4066 τοῖς
1329 4005 1458 4075 περὶ
1514 4006 1772 4059 Εὐσέϐιον

191 4093 532 4157 ἀποστεῖλαι,
578 4093 640 4145 ὃν
683 4091 871 4161 ήοελον
933 4095 1227 4147 ἐπίσκοπον
1278 4097 1448 4160 αὐτοὶ,
1498 4098 1632 4151 ἀλλὰ
1681 4100 1773 4150 καὶ

190 4183 442 4247 Θέλοντας
474 4182 743 4249 ἐκώλυσε,
791 4186 885 4237 καὶ
918 4186 1369 4258 ἐπιχειρήσαντας
1399 4190 1599 4260 ἐπέσχε
1636 4190 1773 4261 μετά

186 4275 364 4349 δεινῆς
393 4275 656 4344 ἀπειλῆς.

252 4370 338 4423 51.
382 4369 517 4432 Πῶς
558 4366 676 4433 οὖν,
723 4369 770 4421 εί
813 4369 883 4424 τὰ
929 4368 1021 4422 τοῦ
1070 4370 1262 4423 ἑαυτοῦ
1304 4373 1647 4443 γεννήτορος,
1698 4374 1764 4438 ὡς

184 4462 409 4531 γράφει,
448 4461 745 4531 φυλάττειν
774 4460 983 4531 ἤθελεν,
1016 4461 1302 4515 ἀπέστειλε
1335 4462 1395 4515 τὸ
1424 4463 1521 4533 μὲν
1558 4465 1771 4535 πρῶτον

184 4552 511 4625 Γρηγόριον,
563 4553 661 4605 καὶ
701 4551 793 4605 νῦν
823 4552 879 4604 δὲ
912 4552 1001 4605 τὸν
1040 4553 1405 4623 ταμειοφάγον
1449 4553 1718 4625 Γεώργιον
1753 4572 1766 4619 ;
1804 4578 1844 4631 ι)

182 4646 211 4715 ἢ
252 4645 364 4716 (90)
412 4644 510 4697 διὰ
542 4644 597 4697 τί
642 4644 769 4706 τοὺς
816 4643 1149 4713 Ἀρειανοὺς,
1195 4644 1287 4708 οὓς
1326 4646 1531 4708 ἐκεῖνος
1558 4647 1773 4717 Πορφυ-

184 4739 404 4803 ριανοίις
436 4737 722 4806 ὠνόμασε,
751 4734 973 4797 τούτους
997 4730 1151 4798 οὗτος
1186 4737 1265 4798 είς
1289 4735 1388 4807 τὴν
1447 4736 1771 4807 Ἐκκλησίαν

180 4829 505 4896 εἰσαγαγεῖν
565 4826 878 4891 σπουδάζει.
934 4827 1027 4879 καὶ
1082 4826 1285 4881 τούτων
1353 4830 1770 4899 προϊστάμενος,

176 4918 369 4982 ἄλλους
404 4916 690 4989 ὲξορίζει;
728 4917 788 4970 Ei
838 4918 895 4970 δὲ
928 4919 1022 4971 καὶ
1076 4917 1317 4990 ἑώρακεν
1361 4922 1575 4989 Ἀρειον
1605 4923 1633 4973 ό
1667 4938 1773 4974 πα-

175 5008 277 5080 τὴρ
333 5009 540 5075 αὐτοῦ,
601 5008 717 5061 ἀλλ’
765 5010 1099 5080 ἐπιορκήσας
1149 5012 1365 5083 Ἀρειος
1421 5014 1516 5066 καὶ
1562 5015 1769 5085 ραγεὶς,

172 5100 327 5155 ἔλυσε
362 5100 469 5173 τὴν
510 5099 610 5153 τοῦ
645 5103 847 5172 πατρὸς
876 5104 1281 5175 φιλανθρωπίαν
1315 5119 1329 5135 ·
1382 5105 1475 5157 καὶ
1534 5106 1643 5174 γὰρ
1676 5105 1768 5157 καὶ

171 5192 357 5254 αὐτὸς,
414 5188 636 5261 μαθὼν,
675 5188 752 5251 ὡς
792 5191 1068 5261 αίρετικοῦ
1118 5191 1230 5258 (91)
1276 5191 1521 5258 κατέγνω
1561 5190 1763 5243 λοιπόν.

173 5284 294 5347 Πῶς
325 5284 387 5337 δὲ
418 5282 548 5346 καὶ,
587 5282 1055 5354 προφασιζόμενος
1100 5282 1401 5353 φροντίζειν
1437 5281 1531 5335 τοῦ
1576 5281 1770 5351 ἐκκλη-

266 5463 363 5532 86)
398 5463 482 5517 Ita
516 5461 686 5532 Beg.,
718 5460 857 5532 Editi
887 5476 1033 5532 vero,
1064 5462 1129 5515 ἂν
1158 5460 1237 5532 ἔτι
1270 5461 1375 5531 εἴη.

261 5529 356 5594 87)
396 5534 481 5585 Ita
512 5531 651 5597 Reg.
681 5544 727 5602 et
761 5529 922 5602 Basil.
956 5531 1119 5593 Etliti,
1146 5531 1329 5602 ἔθηκε.

239 5598 359 5668 (88)
398 5602 480 5654 Ita
522 5602 658 5673 iteg.
696 5598 751 5673 l_n
774 5600 957 5673 editis,
990 5602 1200 5673 αἵρεσιν
1231 5598 1419 5655 ἰιρθει.
1473 5600 1592 5655 Mox
1625 5601 1781 5671 Reg.,

163 5672 464 5741 ἐνενόησεν
489 5686 505 5733 ;
526 5669 683 5741 editi,
715 5669 958 5739 ἐνόησεν.

171 5810 210 5862 Α
237 5738 356 5820 (.89)
396 5741 514 5794 Eas
552 5738 765 5793 litteras
797 5738 917 5793 vide
947 5742 1047 5793 sub
1083 5738 1241 5794 ﬁnem
1290 5739 1558 5810 Apologia:
1592 5752 1775 5794 contra

216 5827 428 5862 rmnos.

216 5827 428 5863 γιηηοσ.

242 5879 359 5949 (90)
399 5880 483 5932 Ita
520 5876 661 5946 Reg.
696 5886 748 5932 et
775 5878 905 5933 edit.
934 5876 1143 5932 Comm.
1181 5878 1233 5933 In
1279 5879 1405 5934 edit.
1443 5894 1569 5936 vero
1602 5879 1772 5933 Paris.

1899 680 2004 722 tate
2056 684 2256 736 comes,
2312 672 2401 739 qui
2444 688 2745 740 pnecursor
2781 676 2875 727 fuit.
2907 676 3184 743 cujusdam
3219 676 3461 747 Georgii,

1895 776 2052 826 quem
2086 760 2373 829 imperator
2400 774 2779 834 catascopum,
2823 766 2999 821 idest
3039 767 3459 835 exploratorem,

1892 850 2156 917 mittebat,
2195 852 2336 907 haud
2366 855 2508 909 enim
2548 857 2833 926 episc0pus
2861 859 2906 912 is
2956 857 3115 911 fuerit
3144 859 3235 927 qui
3277 859 3343 912 ab
3371 859 3461 914 illo

1892 940 2142 1002 mittitur.
2175 942 2355 998 absit!
2394 954 2528 999 utet
2582 962 2667 1001 res
2712 960 2898 1015 gestae,
2940 957 2993 1003 et
3040 950 3152 1018 ipsa
3184 951 3461 1020 ingressus

1889 1031 2005 1099 ejus
2039 1033 2289 1100 prmludia
2326 1037 2693 1105 comprobant.

1964 1205 2161 1260 49—50.
2191 1207 2422 1261 Litteras
2444 1208 2624 1277 itaque
2646 1212 3023 1279 promulgavu,
3047 1228 3165 1281 quae
3188 1214 3459 1284 ingentem

1886 1297 2172 1351 scribentis
2193 1297 2573 1365 turpitudinem
2602 1302 2933 1367 prmferrent.
2956 1303 3087 1357 Cum
3120 1286 3282 1371 enim,
3303 1314 3460 1374 prout

1887 1403 2113 1457 magnus
2132 1388 2420 1457 scripserat
2444 1389 2635 1444 Hosius
2657 1431 2671 1455 ,
2697 1392 2808 1446 veri
2833 1392 3065 1448 similem
3105 1394 3305 1448 nullam
3338 1412 3462 1449 mu-

1886 1477 2105 1533 tationis
2139 1492 2249 1532 sua:
2281 1492 2496 1533 causam
2530 1479 2767 1546 reperire
2794 1482 3173 1551 posset,longe
3206 1485 3462 1539 indecen-

1884 1568 2075 1622 tiorem
2117 1568 2218 1620 sibi
2255 1576 2309 1621 et
2345 1566 2798 1638 consiliariisZsuis
2834 1572 3295 1629 comminiscitur:
3325 1576 3460 1629 Fra-

1880 1659 1977 1712 tris
2012 1659 2139 1719 mei,
2175 1659 2588 1723 aiebat,divin:e
2621 1675 2684 1715 ac
2716 1664 2815 1729 pia:
2850 1663 3142 1727 memorize,
3165 1665 3456 1718 amicitiam

1881 1748 2168 1811 reveritus,
2202 1749 2552 1803 Athanasium
2584 1751 2650 1803 ad
2681 1751 2949 1819 quoddam
2987 1752 3217 1821 spatium
3253 1762 3462 1821 tempo-

1882 1836 1955 1889 ris
1986 1850 2082 1889 vos
2117 1835 2280 1905 296
2308 1837 2456 1889 adire
2494 1838 2736 1906 permisi.
2770 1838 2903 1891 Illud
2945 1847 3123 1893 autem
3167 1854 3284 1893 eum
3315 1850 3370 1893 et
3408 1842 3459 1895 in

1882 1925 2159 1993 promissis
2187 1925 2449 1991 fallacem,
2482 1934 2537 1980 et
2575 1939 2700 1992 erga
2734 1927 2958 1979 fratrem
3001 1941 3157 1980 suum
3190 1935 3309 1993 post
3339 1928 3460 1981 obi-

1883 2024 1991 2068 tum
2026 2015 2140 2083 ejus
2171 2016 2433 2085 ingratum
2464 2016 2798 2085 comprobat.
2833 2016 3054 2079 Deinde,
3086 2017 3278 2070 divinae
3304 2016 3452 2069 illum

1880 2121 1943 2159 ac
1988 2107 2087 2175 piae
2140 2106 2411 2161 memoriae
2435 2108 2516 2176 (ut
2547 2121 2728 2161 revera
2774 2121 2832 2159 se
2867 2105 3075 2175 habet),
3109 2106 3328 2175 dignum
3357 2120 3453 2171 ap-

1882 2201 2062 2267 pellat,
2091 2199 2243 2267 cujus
2272 2200 2578 2254 mandatum
2604 2197 2965 2252 etamicitiam
2990 2197 3137 2266 (licet
3166 2196 3451 2249 Athanasii

1880 2294 2129 2356 reditum,
2172 2292 2223 2344 in
2272 2292 2500 2359 gratiam
2550 2299 2755 2344 tantum
2783 2291 2950 2345 beatze
2993 2287 3268 2341 memoria:
3313 2286 3455 2341 Con-

1882 2382 2075 2437 stantis
2100 2381 2451 2451 permisisset)
2481 2394 2725 2435 servasse
2763 2380 3017 2448 oportuit,
3044 2394 3142 2434 nec
3168 2395 3286 2435 sese
3315 2380 3453 2432 inof-

1884 2473 2119 2527 ticiosum
2156 2488 2281 2542 erga
2328 2472 2546 2525 fratrem
2585 2472 2914 2536 exhibuisse,
2941 2481 2999 2525 ut
3039 2472 3179 2524 sicut
3217 2471 3451 2539 imperii,

1882 2566 1958 2619 sic
1979 2575 2032 2619 et
2060 2565 2340 2620 sententiae
2380 2563 2526 2617 illius
2568 2564 2740 2616 haeres
2777 2563 2933 2617 foret.
2968 2562 3073 2617 Sed
3106 2563 3193 2618 ille
3222 2577 3340 2617 cum
3363 2563 3454 2632 jus

1880 2671 2033 2708 suum
2071 2665 2318 2725 repetere
2346 2654 2528 2718 vellet,
2563 2652 2942 2707 Velranionem
2980 2653 3205 2722 imperio
3239 2652 3456 2706 abdica-

1883 2747 1978 2810 vit,
2012 2745 2127 2799 haec
2159 2747 2351 2798 aiens:
2388 2744 2466 2797 Ad
2512 2757 2801 2811 quemnam
2839 2751 2957 2812 post
2999 2741 3223 2796 fratrum
3249 2742 3452 2796 obitum

1881 2836 2113 2903 pertinet
2145 2836 2428 2889 haareditas
2460 2835 2815 2903 ?quanquam
2856 2834 3227 2889 abominandae
3252 2832 3454 2887 Christi

1885 2926 2114 2980 hostium
2168 2926 2434 2979 hazreseos
2494 2938 2683 2990 causa,
2712 2938 2811 2978 nec
2857 2925 3141 2992 quidjuris
3175 2923 3452 2987 sitnovit;

1882 3018 1988 3069 imo
2016 3031 2144 3071 vero
2175 3031 2296 3071 sese
2330 3031 2456 3084 erga
2493 3014 2692 3069 fratres
2738 3030 2864 3069 suos
2908 3015 3177 3083 ingratum
3225 3013 3450 3081 praebet.

1880 3106 2042 3176 (Iujus
2071 3107 2197 3161 item
2244 3108 2510 3161 hmreseos
2533 3106 2729 3174 gratia,
2761 3120 2828 3159 ne
2868 3104 3036 3172 patris
3065 3103 3281 3172 quidem
3331 3118 3454 3157 sen-

1882 3196 2100 3249 tentiam
2132 3197 2393 3263 integram
2420 3210 2641 3249 servare
2681 3195 2731 3248 in
2785 3194 3020 3247 animum
3063 3192 3271 3247 induxit
3306 3210 3319 3246 :
3356 3191 3452 3245 sed

1876 3296 2132 3355 quantum
2176 3287 2442 3342 haereticis
2474 3286 2620 3349 libet,
2667 3300 2786 3340 sese
2826 3300 3045 3340 servare
3076 3282 3330 3347 simulat;
3366 3283 3449 3369 sin

1879 3378 2157 3445 displiceat
2196 3377 2320 3440 illis,
2353 3376 2586 3430 debitam
2624 3375 2763 3446 patri
2801 3391 2898 3430 suo
2940 3372 3296 3429 reverentiam
3333 3387 3451 3425 ser-

1877 3483 2002 3522 vare
2050 3469 2236 3522 nescit.
2266 3468 2359 3522 llle
2403 3467 2666 3537 siquidem
2702 3465 2917 3521 Eusebii
2949 3475 3004 3518 et
3048 3465 3317 3520 sociorum
3360 3479 3451 3516 ca-

1878 3558 2077 3611 lumnia
2124 3559 2394 3622 inductus,
2440 3559 2750 3626 episcopum
2797 3554 3104 3608 amandavit
3144 3552 3194 3607 in
3223 3551 3450 3616 Gallias,

1875 3650 1939 3703 ad
1970 3660 2176 3719 tempus
2209 3649 2437 3713 scilicet,
2463 3662 2527 3702 ac
2552 3656 2612 3701 ut
2650 3647 3025 3701 insidiatorum
3058 3644 3446 3697 immanitatem

1875 3741 2136 3795 devitaret
2158 3739 2233 3811 (id
2259 3741 2401 3795 enim
2436 3749 2555 3809 post
2576 3741 2746 3809 patris
2769 3738 2973 3792 obitum
2999 3735 3293 3791 declaravit
3323 3734 3451 3789 bca-

1877 3842 1943 3887 tae
1985 3832 2069 3885 vir
2112 3832 2386 3886 memoriae
2430 3830 2816 3884 Constantinus
2864 3827 3022 3893 hujus
3076 3826 3263 3891 frater,
3292 3833 3350 3879 ut
3398 3827 3451 3878 in

1876 3925 1990 3992 ejus
2042 3922 2270 3991 epistola
2315 3936 2540 3976 cernere
2586 3920 2690 3991 est)
2721 3938 2734 3974 :
2765 3929 2822 3973 at
2867 3932 3205 3985 nequaquam
3260 3916 3452 3970 iisdem

1880 4013 2194 4067 Eusebianis
2223 4027 2427 4066 morem
2450 4013 2637 4081 gessit,
2673 4024 2844 4078 neque
2872 4009 3015 4062 misit
3039 4022 3198 4076 quem
3229 4006 3305 4059 illi
3336 4004 3454 4074 cpi-

1876 4120 2094 4173 scoputn
2143 4118 2208 4157 eo
2260 4102 2476 4155 mittere
2524 4102 2884 4168 peroptabant
2916 4118 2931 4165 ;
2966 4100 3072 4151 imo
3111 4097 3159 4149 id
3213 4096 3458 4149 volentos

1877 4194 2135 4258 coercuit,
2164 4202 2326 4260 atque
2358 4205 2469 4246 rem
2515 4204 2832 4259 aggressos,
2866 4188 3121 4258 gravibus
3156 4186 3315 4239 minis
3360 4186 3455 4238 de-

1880 4284 2091 4337 terruit.

1946 4374 2034 4429 Si.
2075 4372 2184 4426 Cur
2233 4372 2414 4440 itaque
2453 4371 2498 4425 si
2544 4370 2712 4439 patris
2749 4367 2854 4431 sui,
2888 4366 2965 4419 uti
3009 4364 3219 4429 scribit,
3254 4361 3453 4431 placita

1876 4481 2095 4519 servare
2124 4464 2311 4528 voluit,
2342 4464 2515 4533 primo
2555 4459 2895 4529 Gregorium,
2920 4456 3033 4525 jam
3061 4470 3189 4509 vero
3219 4455 3461 4521 depecu-

1877 4555 2098 4609 latorem
2154 4552 2441 4625 Georgium
2474 4548 2681 4605 ‘misit?
2738 4557 2832 4601 aut
2876 4561 2973 4601 cur
3020 4544 3271 4607 Arianos,
3319 4556 3465 4611 quos

1881 4645 2284 4715 Porphyrianos
2317 4643 2404 4697 ille
2450 4639 2910 4711 nuncupavit,hic
2957 4636 3136 4691 studet
3185 4632 3237 4685 in
3270 4632 3455 4686 Eccle-

1876 4737 2012 4789 siam
2058 4735 2419 4799 introducere,
2460 4748 2523 4787 ac
2578 4733 2705 4786 dum
2749 4728 3115 4799 patrocinatur
3147 4723 3272 4787 illis,
3324 4722 3459 4776 alios

1876 4829 2025 4897 pellit
2055 4829 2106 4881 in
2149 4827 2400 4880 exsilium
2435 4823 2615 4877 ?Nam
2660 4820 2871 4876 etiamsi
2912 4818 3100 4874 Arium
3144 4824 3299 4884 pater
3340 4815 3457 4881 ejus

1875 4920 1940 4971 ad
1974 4928 2326 4986 conspectum
2374 4914 2653 4968 admiserit
2693 4926 2869 4977 suum,
2912 4918 2965 4962 at
2999 4907 3086 4962 ubi
3118 4912 3239 4974 post
3277 4904 3457 4974 perju-

1877 5011 2012 5063 rium
2049 5009 2211 5062 Arius
2241 5007 2519 5073 disruptus
2552 5010 2655 5067 est,
2706 5001 2876 5071 patris
2904 5000 3019 5070 ejus
3060 4997 3242 5052 amisit
3289 4998 3453 5050 bene-

1879 5101 2169 5155 volentiam
2208 5117 2220 5152 :
2274 5098 2472 5152 etenim
2516 5112 2572 5152 re
2614 5103 2888 5162 comperta
2939 5091 3028 5145 ille
3060 5089 3247 5143 Arium
3303 5087 3453 5139 dein-

1875 5207 1997 5260 ceps
2022 5203 2079 5245 ut
2108 5190 2416 5244 hmreticum
2458 5187 2779 5258 reprobavit.
2812 5186 3009 5253 Quare,
3039 5183 3161 5236 dum
3194 5193 3252 5231 se
3282 5177 3451 5230 simu-

1882 5283 1957 5336 lat
2015 5280 2444 5337 ecclesiasticum
2488 5292 2681 5335 curare
2734 5288 3016 5340 cauonem,
3049 5267 3229 5323 omnia
3262 5272 3451 5319 contra

1884 5462 1918 5531 ἦ
1946 5461 2117 5516 deest.
2152 5459 2211 5514 In
2245 5460 2472 5531 epistola
2497 5457 2833 5531 Constantini
2871 5454 2934 5506 ad
2963 5454 3242 5531 episcopo-8
3266 5454 3319 5531 e‘l
3348 5459 3447 5531 po-

1888 5518 2039 5596 pulos
2062 5547 2181 5600 qua:
2232 5518 2460 5600 habetur
2488 5529 2640 5600 apud
2671 5527 2908 5600 chra_t.,
2947 5518 3007 5590 p.
3033 5522 3123 5584 52,
3147 5518 3309 5589 ‘jubet
3348 5518 3449 5600 im:

1888 5594 2107 5662 iterato}
2148 5610 2204 5653 ut
2256 5598 2441 5649 Ariani
2487 5594 2838 5665 Porphyriani
2888 5594 3450 5665 vocet_t_tu_r,.nomtne

1886 5654 2177 5750 Porphyrii
2210 5665 2550 5736 philosolthi,
2596 5654 2926 5718 'Ch'ristiana:
2972 5658 3216 5731 religioni
3266 5654 3447 5711 infen-

1881 5754 2104 5793 Stsstmt.

1952 5808 2062 5879 (9|)
2098 5809 2254 5878 Reg,
2284 5806 2357 5869 ὡς
2391 5800 2715 5876 αἱρετικούς.
