3980 6496
569 429 676 482 755

1132 429 1190 482 S.
1233 426 1605 481 ATHANASII
1645 427 1795 483 OPP.
1834 427 2015 482 PARS
2052 428 2091 482 Ι.
2134 460 2199 469 —
2244 427 2611 483 HISTORICA
2654 426 2739 480 ET
2780 427 3197 483 DOGUATICA.

3709 426 3800 479 756

568 558 826 599 canonem
863 558 1021 612 agere
1049 544 1265 597 molitus
1295 545 1409 611 est}
1452 544 1582 609 Quis
1606 558 1779 596 canon
1814 545 2055 611 praecipit
2081 554 2128 597 ut

2242 543 2523 595 σιαστικοῦ
2571 543 2810 605 κανόνος.
2854 545 3033 597 πάντα
3090 546 3245 615 παρὰ
3309 543 3499 597 τοῦτον
3556 544 3802 611 ἐπενόησε

567 636 819 704 θλροΙαιίο
847 637 1089 688 ιηὶιιιιιιιι-
1133 636 1448 703 episcopus?
1510 636 1641 700 Quis
1668 650 1838 688 canon
1860 635 2012 702 jubet
2041 636 2137 687 mi-

568 723 686 774 lites
712 721 969 775 invadere
1018 722 1277 775 ecclesias
1305 723 1327 774 ?
1353 722 1484 787 Quis
1525 723 1745 774 tradidit
1775 724 2001 776 comites
2051 724 2135 775 in-

564 816 1041 885 consideratosque
1070 817 1335 885 spadones
1363 817 1748 871 ecclesiasticis
1788 832 2018 885 praeesse
2052 833 2137 870 re-

564 907 684 969 bus,
711 918 803 959 aut
833 907 934 959 edi:
957 918 1009 960 to
1029 907 1234 972 judicia
1266 922 1448 961 eorum
1480 908 1569 975 qui
1602 907 1835 975 episcOpi
1882 918 2140 959 vocantur

561 997 949 1066 promulgare?
976 996 1131 1049 Nullo
1161 998 1440 1051 mendacio
1488 1012 1591 1051 non
1640 999 1806 1049 utitur
1835 998 1923 1049 ille
1965 998 2139 1065 impize

563 1086 788 1141 haeresis
828 1103 989 1141 causa
1023 1106 1035 1141 :
1074 1103 1196 1140 nam
1239 1096 1293 1141 et
1337 1097 1445 1139 tum
1484 1096 1677 1155 pneter
1718 1088 1887 1153 patris
1919 1098 2137 1139 senten-

565 1178 693 1231 tiam
741 1177 1067 1244 Philagrium
1111 1179 1352 1232 secundo
1399 1179 1543 1230 misit
1591 1178 1904 1246 prmfectum
1939 1188 1991 1230 et
2027 1178 2136 1245 jam

565 1267 680 1320 haec
730 1267 966 1320 facinora
1014 1277 1163 1334 gesta
1208 1278 1352 1319 sunt.
1402 1265 1585 1333 Neque
1611 1280 1733 1319 vera
1765 1277 1889 1319 sunt
1927 1282 2046 1334 quae
2075 1268 2139 1321 de

563 1352 731 1408 fratre
774 1355 1049 1423 loquitur:
1079 1356 1343 1424 siquidem
1392 1366 1512 1421 post
1549 1355 1730 1409 fratris
1770 1356 1999 1419 obitum,
2035 1372 2137 1411 non

565 1459 593 1499 s
614 1445 731 1498 'mel
754 1487 768 1510 ,
808 1460 981 1512 neque
1014 1448 1271 1508 secundo,
1304 1446 1397 1497 sed
1431 1457 1511 1497 ter
1544 1445 1749 1498 litteras
1779 1446 1919 1499 misit
1940 1445 2005 1499 ad
2034 1446 2142 1515 epi-

560 1550 798 1603 scopum,
829 1535 1091 1603 fidemque
1121 1535 1265 1589 dedit
1286 1550 1343 1589 se
1373 1550 1643 1603 nunquam
1679 1535 1996 1588 sententiam
2023 1552 2140 1588 mu-

564 1634 797 1679 taturum
835 1645 848 1679 :
887 1625 1153 1694 iussitque
1197 1634 1254 1677 ut
1301 1624 1593 1679 confideret
1648 1639 1707 1679 se
1766 1641 1795 1678 a
1847 1626 1990 1677 nullo
2035 1640 2137 1678 un-

562 1733 726 1785 quam
782 1718 1213 1771 conturbandum
1261 1716 1418 1781 fore;
1452 1716 1544 1770 sed
1593 1731 1715 1769 cum
1773 1731 1960 1784 magna
1996 1726 2141 1769 trau-

560 1808 828 1875 quillitate
863 1808 914 1861 iu
956 1806 1196 1861 Ecclesia
1232 1821 1544 1858 mansurum
1574 1824 1586 1858 :
1620 1806 1904 1874 missisque
1927 1808 2138 1859 Asterio

2241 635 2497 701 πράττειν
2526 650 2540 697 ;
2574 634 2729 695 Ποῖος
2760 635 2867 703 γάρ
2892 634 3069 686 κανὼν
3101 636 3213 703 (91³.)
3242 634 3354 687 ἀπὸ
3379 634 3647 687 παλατίου
3678 633 3806 702 πέμ-

2239 722 2433 773 πεσθαι
2455 722 2547 773 τὸν
2570 723 2906 783 ἐπίσκοπονς
2948 724 3020 774 Ἦ
3056 728 3208 787 ποῖος
3258 724 3440 776 κανὼν
3476 720 3805 792 στρατιώτας

2240 811 2536 863 ἐπιϐαίνειν
2586 812 2943 883 ἑκκλησίαις;
2990 813 3060 864 Ἦ
3102 814 3188 876 τίς
3237 812 3594 883 παραδέδωκε
3645 809 3807 877 κόμηο

2239 919 2337 963 τας
2372 903 2481 969 (95)
2516 903 2610 955 καὶ
2646 905 2770 963 τοὺς
2819 904 3135 970 ἀλογίστους
3168 904 3477 965 σπάδοντας
3520 902 3804 969 κατάρχειν

2238 992 2344 1044 τῶν
2376 992 2860 1063 ἐκκλησιαστικῶν,
2892 995 2988 1047 καὶ
3013 995 3341 1065 διατάγματι
3373 995 3471 1063 τὴν
3504 994 3686 1063 κρίσιν
3706 990 3804 1041 τῶν

2240 1082 2545 1151 λεγομένων
2586 1084 2895 1135 ἐπισκόπων
2944 1084 3283 1153 δηλοῦσθαι;
3325 1084 3512 1136 Πάντα
3558 1080 3803 1149 ψεύδεται

2238 1172 2327 1226 διά
2351 1174 2446 1243 τὴν
2476 1174 2685 1227 ἀνόσιον
2717 1175 2829 1244 (94)
2859 1175 3068 1245 αἰρεσιν
3088 1192 3104 1206 ·
3140 1177 3238 1229 καὶ
3267 1175 3377 1245 γάρ
3399 1174 3554 1243 παρὰ
3586 1170 3803 1241 γνώμην

2240 1263 2333 1315 τοῦ
2365 1264 2565 1333 πατρὸς
2590 1266 2683 1316 καὶ
2707 1265 2828 1316 τότε
2855 1264 3139 1334 Φιλάγριον
3179 1266 3244 1316 τὸ
3277 1264 3529 1331 δεύτερον
3566 1262 3801 1329 ἐπεμψεν

2241 1353 2498 1423 ἔπαρχον,
2538 1356 2630 1405 καὶ
2659 1354 2728 1407 τά
2769 1354 2864 1406 νῦν
2891 1355 3154 1424 γενόμενα
3190 1355 3403 1422 γέγονε.
3446 1354 3557 1406 Καὶ
3595 1352 3682 1403 διὰ
3718 1352 3801 1402 τὸν

2242 1443 2470 1509 ἀδελφὺν
2501 1444 2557 1496 δὲ
2601 1445 2699 1495 οὐκ
2748 1444 3001 1513 ἀληθεύει
3028 1462 3041 1474 ·
3077 1446 3172 1497 καὶ
3226 1445 3336 1514 γάρ
3378 1445 3475 1497 καὶ
3525 1441 3664 1511 μετὰ
3716 1442 3800 1492 τὸν

2241 1536 2450 1589 ἐκείνου
2474 1537 2699 1589 θάνατον
2733 1539 2829 1606 οὐχ
2858 1537 3022 1601 ἅπαξ,
3066 1538 3189 1590 οὐδὲ
3224 1538 3496 1607 δεύτερον,
3535 1534 3673 1588 ἀλλὰ
3714 1534 3801 1585 καὶ

2240 1626 2418 1693 τρίτον
2446 1625 2648 1695 ἔγραψε
2674 1626 2751 1696 τῷ
2779 1627 3056 1695 ἐπισκόπῳ
3080 1645 3093 1657 ’
3124 1628 3218 1679 καὶ
3249 1627 3411 1680 πάλιν
3436 1624 3795 1695 ἐπηγγείλατο

2242 1717 2315 1785 μὴ
2361 1716 2825 1786 μεταϐάλλεσθαι·
2861 1716 2995 1768 άλλὰ
3041 1718 3133 1771 καὶ
3194 1718 3417 1788 θαρρεῖν
3471 1712 3797 1785 παρεκελεύυ

2242 1824 2390 1869 σατο,
2426 1808 2566 1860 ὥστε
2610 1808 2720 1878 (95)
2757 1810 2902 1879 παρὰ
2952 1809 3176 1878 μηδενὸς
3219 1810 3378 1862 αὐτὸν
3415 1804 3796 1878 ταράττεσθαι,

560 1898 756 1951 comite
795 1907 850 1951 et
887 1896 1124 1950 Palladio
1167 1896 1397 1958 notario,
1430 1894 1591 1962 juSsit
1623 1894 1956 1949 Felicissimo
2006 1906 2128 1949 tunc

2234 1901 2367 1953 ἀλλὰ
2392 1904 2485 1954 καὶ
2521 1904 2702 1973 μένειν
2735 1904 2794 1955 ἐν
2818 1906 2885 1973 τῇ
2931 1903 3224 1972 Ἐκκλησία
3275 1899 3415 1970 μετά
3454 1898 3637 1964 πάσης
3672 1896 3798 1963 άμε-

560 1986 816 2053 temporis
841 1985 982 2049 duci,
1012 1994 1065 2038 et
1104 1983 1353 2039 Nestorio
1407 1984 1657 2052 prmfecto
1685 2003 1700 2047 ;
1760 1995 1817 2059 ut
1863 1985 1975 2039 sive
2006 1985 2131 2039 Ριιί-

560 2077 732 2145 lippus
775 2076 1091 2144 praefectus,
1134 2075 1248 2129 sive
1293 2076 1430 2127 alius
1473 2076 1737 2144 quispiam
1785 2090 1948 2131 ausus
1988 2087 2130 2130 esset

558 2166 853 2221 Athanasio
876 2160 1141 2229 insidiari,
1172 2174 1420 2221 arcerent
1455 2166 1579 2235 ipsi.

626 2439 716 2496 52.
736 2440 1074 2510 Quapropter
1104 2456 1224 2495 cum
1255 2442 1474 2496 advenit
1506 2443 2132 2513 Diogenes,insidiasque

559 2531 1063 2600 paravitSyrianus,
1094 2540 1221 2585 tunc
1246 2534 1353 2597 ille,
1380 2549 1476 2586 nos
1506 2534 1633 2586 item
1664 2543 1825 2603 atque
1843 2535 2019 2603 populi
2046 2536 2133 2589 lit-

563 2629 705 2672 teras
732 2620 1137 2688 postulabamus
1167 2621 1527 2689 ituperatoris,
1562 2625 1683 2686 rati,
1715 2625 1969 2692 quoniam
2000 2626 2133 2679 scri-

562 2720 709 2777 ptum
740 2719 841 2772 est,
902 2708 1125 2762 Nullum
1148 2713 1475 2763 mendacium
1492 2713 1629 2779 apud
1668 2730 1833 2781 regem
1853 2731 1941 2767 ore
1958 2715 2133 2783 profe-

563 2805 715 2849 ratur
730 2798 880 2863 ",sic
907 2813 1078 2866 neque
1102 2799 1478 2866 imperatorem
1497 2800 1584 2865 qui
1606 2800 1762 2854 fidem
1782 2803 2127 2865 dederit,eam

562 2886 882 2940 violaturum
912 2896 1275 2955 unquam,aut
1294 2890 1611 2942 sententiam
1644 2900 1969 2943 mutaturum
1991 2907 2131 2951 esse,

558 2976 1049 3046 Cur297itaque,
1067 2978 1109 3031 si
1136 2978 1317 3032 fratris
1336 2988 1535 3032 tantum
1559 2982 1726 3047 gratia
1758 2996 1851 3034 nos
1882 2983 2135 3051 remigra-

560 3082 616 3120 re
649 3068 935 3131 concessit,
980 3077 1099 3135 post
1136 3068 1249 3135 ejus
1281 3069 1482 3122 obitum
1520 3069 1728 3123 litteras
1759 3070 1944 3123 misit?
1982 3070 2132 3137 Quod

558 3158 601 3210 si
638 3157 775 3211 illius
824 3159 1094 3213 memoria:
1129 3161 1298 3213 aratia
1338 3176 1399 3213 ea
1434 3162 1743 3229 scripserit;
1792 3176 1891 3214 cur
1915 3165 2125 3216 tandem

558 3256 743 3313 postea
786 3261 907 3301 sese
940 3247 1093 3305 fratri
1125 3249 1389 3318 ingratum
1420 3249 1691 3318 praestitit,
1725 3250 1810 3301 ubi
1848 3249 2117 3303 hominem

558 3345 876 3404 persecutus
922 3348 1037 3401 est,
1085 3353 1148 3391 ac
1195 3339 1320 3392 dum
1368 3340 1420 3392 in
1467 3339 1659 3391 litteris
1710 3338 1822 3391 suis
1861 3339 2123 3406 judicium

557 3426 796 3479 obtendit
827 3427 1233 3494 episcoporum,
1274 3428 1497 3481 arbitrio
1540 3428 1627 3480 ille
1657 3443 1753 3480 suo
1790 3442 1899 3480 rem
1949 3430 2127 3496 gerit?

558 3511 684 3565 licet
713 3514 933 3567 minime
976 3513 1166 3578 lateat,
1211 3516 1304 3568 sed
1338 3516 1389 3568 in
1432 3516 1676 3583 proximo
1724 3515 1834 3567 sint
1882 3515 2122 3569 vafritiei

559 3602 699 3656 illius
749 3605 1098 3672 argumenta?
1144 3605 1199 3657 Si
1264 3620 1495 3673 namque
1548 3604 1675 3657 illud
1743 3605 2121 3673 episcoporum

558 3694 834 3749 decretum
869 3704 985 3758 est,
1031 3696 1157 3764 quid
1192 3696 1319 3749 illud
1364 3698 1555 3750 attinet
1595 3698 1660 3749 ad
1710 3696 2125 3766 imperatorem?

557 3786 641 3837 sin
676 3785 1033 3853 imperatoria:
1076 3786 1233 3838 mina!
1278 3796 1424 3851 sunt,
1466 3787 1593 3854 quid
1635 3802 1770 3857 opus
1814 3788 2123 3841 hominibus

559 3875 886 3941 nuncupatis
950 3876 1258 3942 episcopis?
1310 3876 1659 3942 Quaudouam
1712 3893 1739 3929 a
1788 3878 1985 3932 szcculo
2036 3893 2121 3931 res

560 3964 863 4031 bujusmudi
879 3964 1057 4017 audita
1082 3977 1157 4018 ρει
1178 3966 1203 4019 ἲ
1223 3967 1559 4034 quandouam
1578 3968 1826 4022 Ecclesia!
1848 3969 2119 4022 decretqu

559 4054 626 4107 ab
654 4055 976 4122 imperatore
1001 4056 1203 4122 acrepit
1232 4057 1629 4121 auctoritatem,
1666 4070 1755 4110 aut
1787 4074 1881 4125 pro
1906 4059 2122 4114 decreta

559 4142 689 4197 illud
738 4142 978 4197 habitum
1024 4146 1143 4198 est?
1183 4144 1361 4198 Multa:
1408 4146 1636 4199 antehac
1680 4149 1869 4216 synodi
1921 4158 2123 4202 coactae

558 4246 725 4290 sunt:
768 4235 931 4289 multa
971 4235 1220 4304 prodiere
1260 4233 1513 4289 Ecclesiae
1554 4236 1805 4298 decreta;
1843 4238 1935 4291 sed
1986 4254 2121 4289 uuu-

560 4341 718 4395 quam
770 4326 956 4380 Patres
1006 4341 1089 4382 res
1141 4326 1445 4395 huiusmodi
1500 4326 1810 4395 imperatori
1863 4342 2116 4393 suasere,

560 4430 831 4484 nunquam
880 4415 1173 4484 imperator
1216 4415 1577 4469 ecclesiastica
1642 4418 1852 4470 curiose
1900 4416 2117 4485 perqui-

2233 1992 2452 2061 ριμνίας
2483 2010 2495 2023 ·
2533 1993 2624 2045 καὶ
2654 1992 2870 2055 ἐντολάς
2898 1993 2954 2045 δὲ
2999 1993 3067 2045 δι’
3111 1991 3387 2061 Ἀστερίου
3423 1988 3665 2056 κόμητος
3693 1982 3792 2053 (96)

2231 2083 2325 2133 καὶ
2377 2082 2671 2135 Παλλαδίου
2716 2083 2961 2154 νσταρίου
3018 2082 3228 2151 ἔπεμψε
3286 2076 3668 2149 Φηλικισσίμῳ
3722 2073 3794 2141 τῷ

2229 2174 2349 2225 τότε
2377 2174 2550 2236 δουκὶ,
2600 2175 2693 2227 καὶ
2742 2173 3016 2245 Νεστορίῳ
3047 2173 3123 2242 τῷ
3148 2173 3391 2241 ἐπάρχῳ,
3446 2170 3537 2221 ἴνα
3573 2169 3679 2219 εἴτε
3706 2164 3792 2216 Φίοο

2229 2263 2425 2327 λιππος
2458 2268 2485 2319 ὁ
2513 2265 2765 2335 ἔπαρχος,
2798 2264 2909 2317 εἴτε
2936 2281 3020 2326 τις
3053 2264 3208 2326 ἄλλος
3238 2258 3614 2314 ἐπιϐουλεύειν
3648 2255 3792 2308 Ἀθαο

2227 2356 2399 2425 νασίῳ
2425 2356 2703 2426 τολμήσοι,
2734 2354 2919 2408 τοῦτον
2952 2356 3148 2407 ἐκεῖνοι
3174 2352 3479 2406 κωλύωσιν.

2299 2448 2387 2501 52.
2417 2448 2513 2499 Διὰ
2534 2447 2690 2500 τοῦτο
2719 2448 2824 2515 γὰρ
2854 2447 2947 2499 καὶ⁵
2972 2447 3061 2500 ὅτε
3089 2445 3343 2514 Διογένης
3379 2438 3536 2511 ἦλθε,
3567 2438 3662 2491 καὶ
3701 2436 3790 2487 Συ-

2232 2538 2413 2610 ριανδς
2458 2539 2792 2609 ἐνήδρευσεν,
2845 2539 3005 2600 αὐτός
3046 2555 3105 2589 τε
3161 2536 3274 2606 (97)
3312 2536 3405 2587 καὶ
3430 2534 3613 2602 ἡμεῖς,
3658 2528 3789 2581 καὶὸ

2229 2628 2354 2691 λαὸς
2388 2628 2702 2701 άπῃτοῦμεν
2726 2628 3023 2697 γράμματα
3043 2625 3135 2678 τοῦ
3158 2623 3440 2694 βασιλέως,
3466 2619 3785 2688 νομίζοντες.

2228 2718 2329 2781 ὅτι,
2358 2718 2545 2788 ὥσπερ
2575 2718 2914 2787 γέγραπται,
2945 2716 3146 2782 Μηδὲν
3174 2713 3398 2783 ψεῦδος
3429 2710 3551 2764 ἀπὸ
3580 2708 3787 2774 στόμα-

2231 2824 2333 2872 τος
2362 2806 2627 2874 λεγέσθω
2647 2806 2911 2870 βασιλεῖ,
2939 2806 3080 2859 οὕτω
3106 2806 3199 2859 καὶ
3234 2803 3505 2873 βασιλεὺς,
3543 2802 3789 2865 ἐπαγγει-

2231 2897 2480 2966 λάμενος,
2512 2896 2633 2949 οὔτε
2661 2897 2938 2966 ψεύσεται,
2971 2896 3094 2952 οῦτε
3142 2895 3633 2966 μεταϐληθήσεται.
3676 2890 3788 2950 Πῶς

2231 2986 2344 3053 οὖν,
2379 2992 2427 3041 εἰ
2460 2989 2546 3042 διὰ
2596 2990 2688 3042 τὸν
2726 2989 2949 3058 ἀδελφὸν
3003 2988 3400 3058 συνεχώρησεν,
3457 2984 3661 3055 ἔγραψε
3703 2981 3789 3033 καὶ

2235 3079 2371 3150 μετὰ
2400 3080 2626 3133 θάνατον
2652 3079 2813 3132 αὑτοῦ
2838 3097 2851 3143 ;
2884 3081 2945 3132 Εἰ
2976 3079 3032 3133 δὲ
3068 3079 3163 3132 καὶ
3183 3080 3303 3131 τότε
3343 3077 3431 3130 διὰ
3456 3078 3557 3145 τὴν
3592 3074 3786 3128 ἐκείνου

2153 3207 2193 3263 C
2234 3169 2335 3243 μνῄ
2347 3186 2450 3239 μην
2484 3170 2709 3239 ἔγραψε,
2742 3170 2829 3222 διὰ
2854 3170 2905 3221 τί
2937 3168 3073 3238 μετὰ
3104 3167 3276 3221 ταῦτα
3310 3166 3371 3219 τὸ
3400 3165 3520 3219 ὅλον
3553 3161 3790 3262 ἠγνωρό-

2228 3275 2386 3326 νησεν
2433 3260 2612 3321 αὑτὸν,
2666 3259 2874 3312 διώκων
2929 3260 3020 3311 τὸν
3078 3258 3385 3329 ἄνθρωπον,
3426 3256 3525 3308 καὶ
3576 3252 3791 3306 τοιαῦτα

2226 3348 2470 3417 γράφων,
2510 3352 2567 3400 ἐν
2596 3343 2677 3411 οἷς
2707 3349 3097 3419 προφασίζεται
3128 3350 3224 3418 μὲν
3244 3349 3429 3419 κρίσιν
3463 3348 3788 3408 ἐπισκόπων,

2228 3442 2453 3511 πράττει
2503 3442 2560 3494 δὲ
2610 3442 2770 3504 αύτδς
2826 3442 2901 3505 ὼς
2955 3442 3021 3494 ἂν
3064 3442 3213 3512 αὐτῷ
3248 3444 3403 3512 δοκῇ,
3433 3444 3496 3495 ού
3523 3441 3789 3493 λανθάνων

2226 3534 2393 3600 ὅμως,
2426 3532 2559 3587 ἀλλά
2594 3534 2685 3585 καὶ
2710 3533 2873 3600 ἐγγὺς
2906 3533 3043 3602 ἔχων
3076 3533 3166 3585 τὸν
3194 3533 3414 3602 ἔλεγχον
3445 3535 3545 3603 τῆς
3572 3545 3791 3598 πανουρ-

2225 3622 2350 3688 γίας
2386 3640 2397 3683 ς
2438 3622 2497 3673 ΕΞ
2530 3621 2637 3691 γάρ
2673 3622 2984 3674 ἐπισκόπων
3014 3624 3127 3674 ἐστὶ
3161 3623 3362 3693 κρίσις,
3398 3624 3451 3675 τί
3478 3622 3651 3675 κοινὸν
3677 3622 3786 3689 ἔχει

2226 3712 2361 3781 πρὸς
2390 3711 2592 3781 ταύτην
2625 3712 2878 3781 βασιλεύς
2904 3730 2918 3777 ;
2952 3713 3000 3764 εί
3022 3712 3076 3764 δὲ
3105 3712 3369 3781 βασιλέως
3400 3713 3550 3764 ἐστὶν
3578 3710 3784 3771 ἀπειλὴ,

2223 3801 2307 3863 τίς
2335 3801 2568 3854 ἐνταῦθα
2592 3803 2749 3872 χρεία
2784 3802 2891 3853 τῶν
2924 3800 3228 3869 λεγομένων
3262 3800 3576 3852 ἐπισκόπων
3610 3798 3782 3863 ςΠὸτε

2223 3890 2331 3959 γὰρ
2364 3892 2428 3943 ὲκ
2463 3890 2558 3943 τοῦ
2611 3891 2804 3953 αίῶνος
2851 3889 3095 3959 ἠκούσθη
3118 3889 3340 3942 τοιαῦτα
3377 3907 3391 3955 ;
3443 3890 3571 3942 πότε
3616 3888 3788 3957 κρίσις

2236 3978 2561 4047 Ἐκκλησίας
2608 3978 2759 4048 παρὰ
2810 3976 3067 4047 βασιλέως
3117 3976 3226 4046 (98)
3272 3977 3397 4045 ἔσχε
3441 3978 3501 4029 τὸ
3543 3976 3721 4046 κῦρος,
3754 3975 3789 4043 ἢ

2222 4067 2357 4131 ὅλως
2387 4066 2630 4137 ἐγνώσθη
2663 4067 2723 4120 τὸ
2754 4069 2924 4137 κρῖμα
2962 4082 2975 4131 ;
3014 4064 3210 4118 Πολλαὶ
3242 4065 3449 4117 σύνοδοι
3485 4065 3587 4134 πρὸ
3604 4065 3787 4116 τούτου

2220 4157 2474 4223 γεγόνασι
2508 4170 2521 4184 ⁶
2551 4155 2718 4208 πολλὰ
2749 4156 2991 4226 κρίματα
3022 4152 3121 4222 τῆς
3166 4152 3495 4222 Ἐκκλησίας
3522 4152 3742 4220 γέγονεν
3770 4166 3783 4177 ·

2220 4247 2334 4299 ἀλλ’
2362 4244 2482 4297 οὔτε
2516 4248 2563 4298 oi
2596 4246 2833 4316 Πατέρες
2862 4244 2971 4314 (99)
3001 4242 3220 4295 ἔπεισάν
3255 4259 3385 4295 ποτε
3438 4244 3563 4312 περὶ
3589 4239 3790 4292 τούτων

2223 4336 2466 4405 βασιλέα,
2495 4336 2614 4387 οὔτε
2642 4335 2891 4404 βασιλεὺς
2937 4332 3009 4385 τά
3048 4333 3149 4401 τῆς
3186 4330 3511 4401 Ἐκκλησίας
3550 4346 3791 4399 περιειρ-

2221 4426 2448 4492 γάσατο.
2485 4424 2693 4489 Παῦλος
2720 4423 3014 4486 ἀπόστολος
3054 4418 3166 4492 εἶχε
3212 4422 3396 4491 φίλους
3422 4423 3547 4484 τοὺς
3577 4420 3673 4489 τῆς
3694 4417 3791 4471 τοῦ

559 4504 703 4558 sivit.
734 4504 811 4559 Ex
855 4505 1087 4561 (Itesaris
1142 4506 1454 4560 domesticis
1504 4506 1722 4574 quidam
1771 4506 1939 4560 Paulo
1990 4521 2116 4573 apo-

2234 4514 2501 4584 Καίσαρος
2551 4514 2625 4585 (1)
2680 4514 2874 4576 οἰκίας,
2927 4514 3023 4566 καὶ
3073 4514 3297 4584 γράφων
3350 4512 3618 4581 ἠσπάζετο
3662 4512 3793 4571 τοὺς

557 4594 694 4647 stolo
732 4594 892 4648 amici
945 4594 1128 4661 fuere,
1181 4609 1408 4663 quorum
1472 4595 1685 4648 nomine
1751 4593 2117 4663 Philippenses

559 4683 964 4755 illequpistola
980 4701 1072 4740 sua
1090 4685 1343 4768 salutavit
1371 4684 1451 4749 ²⁸;
1491 4685 1581 4739 sed
1618 4698 1959 4752 nequaquam
2001 4686 2119 4738 illos

552 4770 876 4839 iudiciorum
924 4784 1204 4829 consortes
1234 4775 1471 4828 admisit.
1518 4772 1635 4827 Jam
1672 4788 1796 4826 vero
1838 4782 2119 4842 spectacu-

558 4862 665 4915 lum
712 4880 932 4932 novum,
973 4866 1116 4934 quod
1151 4867 1362 4921 Arianae.
1412 4866 1632 4920 haeresis
1687 4865 1959 4919 inventum
1992 4878 2115 4921 est:

612 4956 673 5039 νὴ
705 4958 1099 5025 Eccli.vu,15,
1133 4960 1218 5014 ιιι.
1320 4961 1367 4993 ἰ
1406 4960 1633 5029 ιιιιίιῑνρ.
1661 4973 1733 5023 ιν,
1779 4958 1869 5011 ‘12-

628 5070 740 5142 (92)
772 5069 848 5143 Ita
879 5069 1013 5143 Reg.
1044 5080 1098 5125 et
1138 5071 1303 5143 Basil.
1347 5072 1483 5125 Editi
1517 5088 1645 5126 vero
1688 5072 1796 5143 γὰρ
1840 5073 1961 5143 κᾶν,
1998 5087 2120 5140 per-

557 5138 765 5209 peram.
796 5138 983 5212 Paulo’
1013 5150 1135 5208 post
1178 5141 1324 5206 editi,
1358 5143 1427 5193 ’Ἠ
1464 5144 1612 5204 ποῖος
1649 5138 2118 5212 γὰρ”κανών,ἐοιι

558 5208 665 5278 γάρ
692 5208 1075 5278 expuuximus,
1106 5212 1247 5275 quod
1266 5212 1408 5264 desit
1437 5213 1487 5263 in
1521 5212 1650 5278 lteg.

652 5280 740 5349 9‘5)
763 5277 951 5349 Reg.,_
971 5278 1237 5349 κόμιτας,
1264 5280 1329 5333 de
1356 5295 1522 5335 more.
1547 5280 1663 5333 Mox
1684 5280 1817 5349 Reg.
1848 5290 1901 5335 et
1926 5279 2111 5343 Basil.,

559 5348 879 5409 σπάδοντας.
915 5347 1078 5410 Editi,
1107 5347 1454 5413 σπεύδοντας,
1489 5350 1647 5404 male.

650 5416 738 5488 9.!)
763 5414 839 5488 Ita
870 5416 1170 5488 RegrEditi
1202 5434 1350 5479 vero,
1381 5419 1623 5488 ἀνόητον.

651 5486 743 5552 95)
758 5485 935 5558 :ﬂsze
963 5487 1221 5558 pﬁetliti,
1249 5489 1341 5558 sed
1380 5489 1453 5558 μή
1482 5485 1624 5557 quod
1654 5487 1790 5542 desit
1819 5488 1869 5540 iu
1903 5487 2013 5558 Reg
2060 5498 2115 5541 et

559 5552 919 5619 superemitat,
955 5552 1213 5607 ouiissuu'.
1248 5556 1368 5609 fuit.

630 5620 741 5691 (96)
768 5620 923 5689 Reg,
956 5622 1177 5691 κόμιτος
1236 5626 1365 5678 Ibid.
1410 5640 1507 5677 vox
1532 5664 1545 5682 .
1586 5625 1835 5691 νοταρίου
1881 5627 2031 5678 deest
2063 5627 2112 5678 iu

561 5689 740 5805 editits,
769 5691 861 5742 sed
896 5689 1085 5759 legitur
1117 5709 1170 5746 tn
1217 5694 1343 5763 lteg.
1392 5697 1506 5748 Mox
1535 5696 1672 5750 idem
1719 5689 1935 5763 Regius,
1974 5696 2116 5747 Φιλι-

561 5771 687 5805 κισσ
714 5773 818 5805 ας.

561 5771 818 5823 κισσιμι·,

2226 4604 2621 4675 Φιλιππησίους
2677 4605 2783 4658 ἀπὸ
2845 4604 3085 4657 τούτων’
3122 4604 3234 4657 ἀλλ’
3268 4604 3369 4656 οὐκ
3418 4606 3497 4664 εἰς
3548 4601 3789 4672 κρίματα

2226 4692 2449 4756 τούτους
2530 4694 2818 4757 κοινωνοὺς
2871 4693 3279 4764 παρελάμϐανε.
3332 4693 3448 4746 Νῦν
3502 4693 3556 4745 δὲ
3610 4691 3795 4758 θέαμα

2227 4782 2432 4846 καινὸν,
2465 4784 2556 4836 καὶ
2588 4783 2745 4836 τοῦτο
2771 4783 2867 4853 τῆς
2913 4783 3197 4854 Ἀρειανῆς
3230 4782 3498 4852 αἱρέσεώς
3536 4784 3679 4833 ἐστιν
3701 4779 3793 4831 εῦ-

2224 4886 2374 4938 ρημα
2400 4888 2412 4902 ·
2460 4871 2719 4939 συνῆλθον
2765 4872 2872 4942 γὰρ
2914 4872 3179 4940 αἱρετικοὶ
3210 4872 3305 4924 καὶ
3341 4869 3582 4939 βασιλεὺς
3635 4869 3792 4919 Κων-

2299 5070 2411 5139 (97)
2434 5068 2604 5133 Αὐτός
2628 5086 2709 5130 τε.
2750 5071 2984 5139 quinam
3009 5069 3097 5121 hic
3133 5068 3199 5120 ab
3246 5066 3543 5139 Athanasio
3581 5080 3793 5139 mento-

2228 5135 2402 5203 retur,
2420 5140 2560 5192 haud
2583 5141 2741 5192 lat-ile
2761 5135 2843 5192 est
2869 5137 3173 5202 conjectare
3214 5153 3229 5191 :
3268 5138 3371 5189 nisi
3413 5139 3579 5196 forte,
3624 5135 3793 5193 αὑτός

2226 5226 2303 5267 τε.
2338 5210 2585 5280 tuendum
2622 5210 2690 5259 sit
2726 5223 2820 5280 pro
2856 5207 2997 5280 τότε,
3020 5207 3287 5280 quod_vox_
3321 5206 3409 5257 ὅτε
3446 5204 3792 5280 paulo.supe-

2227 5281 2339 5330 rius
2394 5277 2564 5341 posita
2604 5273 2829 5329 suadere
2876 5276 3104 5329 videtur.
3154 5273 3323 5328 Paulo
3362 5283 3482 5341 post
3526 5273 3624 5323 τοῦ
3670 5282 3794 5323 ante

2223 5344 2482 5418 βασιλέῳς
2519 5345 2667 5418 deest
2697 5344 2908 5418 itrlteg.

2292 5414 2495 5485 (98)ﬂ|t_a
2519 5412 2647 5485 Reg.
2672 5414 2790 5466 cod.
2813 5408 2969 5482 quem
2992 5413 3141 5482 sequi
3168 5414 3339 5466 visqu
3365 5419 3467 5464 est.
3490 5408 3659 5471 Editi,
3697 5424 3796 5458 πα-

2226 5482 2414 5556 ράτφῦ
2440 5482 2735 5556 Ρ,ασελέωςί

2295 5553 2404 5625 (99)
2436 5546 2526 5605 Sic
2552 5552 2681 5625 Reg.
2716 5552 2851 5605 Editi
2881 5565 3029 5617 vero,
3064 5546 3618 5621 πρεσϐύτεροι,οιι]ιιε
3638 5560 3793 5598 meu-

2224 5626 2274 5680 di
2306 5622 2523 5677 causam
2550 5622 2669 5674 vide
2696 5636 2877 5689 supra.

2292 5694 2366 5759 (l)
2400 5691 2559 5755 Editi,
2605 5692 2727 5756 τοῦς
2754 5686 2851 5744 τῆς·
2885 5687 2979 5743 τοῦ
3018 5690 3313 5762 Καισαρος.
3356 5687 3491 5748 Ἰόύς
3529 5686 3695 5742 deest
3742 5686 3791 5739 in

2224 5763 2351 5831 Reg.
