3980 6548
243 519 339 575 ΊΞΓΙ

1185 512 1514 569 HISTORIA
1556 512 1967 568 ARIANORUM
2004 515 2095 568 AD
2134 513 2521 569 MONACIIOS.

3370 514 3473 569 758

245 637 493 697 στάντιος,
520 634 610 688 ἵνα
644 635 911 699 κάκεῖνος,
939 634 1036 705 τὴν
1064 634 1378 689 ἐπισκόπων
1420 633 1561 701 ἔχων
1594 632 1787 702 πρόφα·

1913 634 2143 687 hteretici
2174 649 2293 687 cum
2331 636 2652 700 imperatore
2680 631 2995 685 Constantio
3019 646 3119 683 una
3147 642 3471 693 convenere,

245 742 339 787 σιν,
365 728 435 795 τῇ
460 725 682 796 ἐξουσίᾳ
708 725 824 778 καθ’
862 718 935 776 ὧν
967 724 1033 776 ἂν
1063 723 1234 777 ἐθέλοι
1280 723 1375 791 (2),
1424 724 1663 794 πράττῃ,
1714 724 1807 775 καὶ

242 816 435 869 διώκων
467 816 543 887 μὴ
571 816 782 884 λέγοιτο
814 814 1045 885 διώκτης
1070 831 1083 844 ’
1116 814 1215 889 κα)ἶ
1233 806 1377 866 οὗτοι
1419 813 1500 876 δὲ,
1534 813 1627 884 τὴν
1656 813 1808 883 βασι-

242 906 365 969 λέως
390 905 605 975 ἔχοντες
634 905 967 969 δυναστείαν,
1004 904 1425 957 ἐπιϐουλεύωσιν
1458 898 1542 967 οἷς
1572 904 1638 957 ἂν
1690 904 1807 956 ἐθέ-

242 993 361 1044 λωσι
397 1010 411 1024 ο
472 992 777 1045 θέλουσιδέ
810 995 922 1055 τοῖς
986 992 1060 1063 μὴ
1116 992 1422 1055 ἀσεϐοῦσιν,
1489 993 1566 1055 ὡς
1628 993 1801 1046 αὐτοί.

242 1082 398 1134 Τοῦτο
439 1083 495 1135 δέ
528 1083 606 1145 ὡς
649 1083 741 1135 ἐπὶ
786 1083 988 1153 σκηνῆς
1032 1084 1096 1137 ἄν
1133 1100 1214 1145 τις
1242 1082 1339 1135 ἴδοι
1374 1083 1803 1154 κωμῳδούμενον

247 1174 363 1242 παρ’
395 1173 577 1235 αὐτοῖς
606 1190 620 1205 ’
657 1176 750 1226 καὶ
796 1174 919 1236 τοὺς
960 1174 1055 1242 μὲν
1104 1173 1424 1244 λεγομένους
1471 1175 1803 1239 ἐπισκόπους

246 1263 715 1333 ὑποκρινομένους,
776 1264 866 1316 τὸν
923 1264 977 1316 δέ
1033 1263 1406 1317 Κωνστάντιον
1457 1264 1526 1317 τὰ
1578 1266 1802 1319 ἐκείνων

244 1351 576 1421 ἐνεργοῦντα,
633 1353 727 1405 καὶ
770 1353 929 1405 πάλιν
983 1354 1445 1424 ἐπαγγελλόμενον
1472 1354 1680 1419 τοῦτον,
1726 1356 1802 1419 ὡς

253 1440 484 1509 Ἡρώδης
517 1443 619 1511 τῆς
676 1443 998 1513 Ἡρωδιάδος
1032 1461 1044 1474 ·
1082 1444 1301 1508 τούτους
1331 1445 1386 1497 δὲ
1420 1445 1582 1498 πάλιν
1607 1448 1798 1516 ὀρχου-

245 1531 425 1599 μένους
461 1533 561 1594 ea;
588 1532 839 1596 διαϐολὰς
880 1536 969 1587 ἐπί
1002 1535 1273 1606 ἐξορισμῷ
1311 1537 1405 1589 καὶ
1431 1536 1644 1608 θανάτῳ
1691 1538 1798 1591 τῶν

239 1623 311 1684 εἰς
337 1621 425 1675 τὸν
463 1621 671 1693 Κύριον
705 1624 1089 1678 εὐσεϐούντων.

224 1830 229 1833 »
302 1795 384 1849 55.
422 1797 559 1850 Τίνα
585 1794 679 1851 οὖν
719 1798 818 1852 οὐκ
849 1798 1085 1869 ἔϐλαψαν
1115 1799 1518 1863 διαϐάλλοντεςς
1550 1801 1708 1855 τίνων
1733 1803 1794 1855 ού

236 1886 508 1953 γεγόνασιν
539 1888 813 1943 ἐπίϐουλοι
845 1892 894 1942 οί
918 1890 1316 1961 Χριστομάχοι;
1350 1892 1469 1944 τίνα
1502 1894 1792 1945 Κωνστάν-

1910 735 1967 776 ιιι
1998 723 2086 778 ille
2115 724 2485 793 episcoporum
2505 723 2749 786 obtentu,
2786 736 2918 791 quos
2941 721 3153 776 libuerit
3177 719 3471 784 adoriatur,

1908 827 1970 864 ac
1988 811 2107 865 licet
2124 822 2493 882 persequatur,
2509 820 2821 881 persecutor
2839 821 3012 865 tamen
3028 812 3245 864 minime
3258 810 3464 873 audiat;

1908 902 2141 957 hzcretici
2185 918 2312 957 vero
2356 902 2693 971 imperatoris
2742 901 3062 955 auctoritate
3110 901 3251 962 freti,
3274 898 3471 967 quibus

1907 993 2174 1047 voluerint
2205 993 2428 1048 insidias
2469 994 2691 1046 tendant
2718 1011 2730 1046 :
2769 993 2996 1047 tendunt
3026 1001 3204 1044 autem
3237 990 3340 1044 illis
3376 990 3467 1057 qui

1907 1099 2011 1139 non
2041 1099 2219 1138 secum
2251 1085 2412 1152 impie
2435 1085 2695 1138 sentiunt.
2727 1084 2898 1160 Porro
2926 1082 3065 1135 hanc
3093 1081 3160 1133 ab
3188 1079 3289 1132 illis
3313 1078 3466 1146 quasi

1904 1176 1956 1230 in
2002 1190 2158 1230 scena
2205 1176 2519 1230 commdiam
2567 1175 2649 1243 agi
2698 1175 2880 1228 videre
2913 1183 3037 1228 est:
3075 1173 3165 1225 ubi
3213 1171 3300 1240 qui
3351 1168 3467 1237 epi-

1902 1266 2048 1333 scopi
2086 1265 2303 1319 nomine
2340 1274 2622 1329 vocantur,
2658 1264 2979 1317 histrionum
3028 1271 3204 1331 partes
3231 1265 3465 1329 gerunt:

1901 1355 2420 1409 Constantiusvero
2468 1368 2650 1407 eorum
2702 1369 2789 1409 res
2832 1355 2974 1425 agit,
3022 1353 3111 1421 qui
3156 1351 3309 1420 quasi
3357 1348 3465 1403 He-

1905 1448 2057 1498 rodes
2097 1444 2385 1499 Herodiadi
2445 1446 2708 1511 promissa
2758 1444 2876 1499 dat'
2939 1444 3045 1498 Hos
3081 1458 3293 1497 rursum
3339 1456 3463 1495 cer-

1903 1548 2030 1587 nere
2062 1543 2145 1587 est
2186 1534 2470 1589 calumniis
2511 1533 2623 1586 suis
2657 1534 2807 1602 quasi
2854 1533 3175 1594 saltitantes,
3207 1532 3375 1597 idque
3396 1528 3463 1582 ad

1898 1623 2144 1678 exsilium
2199 1632 2255 1678 et
2305 1623 2505 1676 caedem
2562 1622 2803 1677 virorum
2851 1622 2943 1692 qui
2994 1622 3079 1691 pie
3127 1622 3193 1675 de
3238 1617 3464 1672 Domino

1895 1713 2151 1768 sentiunt.

1969 1801 2056 1855 55.
2098 1799 2391 1867 Quemnam
2435 1802 2598 1871 igitur
2633 1816 2737 1853 non
2773 1799 3060 1854 calumniis
3091 1797 3278 1851 laesere
3310 1794 3464 1849 suis?

1897 1894 2111 1947 cuinam
2144 1893 2217 1947 illi
2258 1902 2653 1961 oppugnatores
2682 1890 2911 1951 Christi.
2957 1890 3182 1943 insidias
3231 1904 3336 1941 non
3369 1901 3465 1954 pa-

235 1996 337 2041 τιος
351 1980 446 2033 οὐκ
470 1980 698 2053 ἐξώρισε
716 1984 1099 2053 κατενεχθέντα
1120 1986 1246 2055 παρ’
1264 1984 1469 2048 αύτῶν;
1490 1986 1616 2036 πότε
1636 2003 1787 2038 κατα-

1901 1984 2125 2036 rarunt?
2170 1997 2327 2050 quem
2379 1982 2727 2035 Constantius
2778 1980 2846 2032 ab
2898 1979 3003 2032 illis
3058 1974 3292 2032 delatum
3353 1991 3460 2030 non

236 2068 433 2139 θυμίως
458 2071 643 2124 αὐτῶν
668 2074 765 2125 οὐκ
799 2075 1034 2144 ῆκουσε;
1067 2073 1159 2126 καὶ
1201 2074 1261 2125 τὸ
1315 2075 1634 2144 παράδοξον,
1677 2076 1797 2128 τίνα

234 2157 441 2212 πώποτε
474 2161 703 2229 λέγοντα
737 2163 855 2215 κατ’
886 2163 1103 2215 ἐκείνων
1127 2162 1362 2227 ἐδέξατο,
1388 2165 1480 2217 καὶ
1502 2166 1561 2218 ού
1599 2167 1796 2237 μᾶλλον

232 2247 473 2314 λέγοντας
513 2250 753 2313 ἐκείνιυς
784 2245 869 2303 οἷα
904 2251 1003 2304 κᾶν
1034 2253 1258 2305 εἴπωσιν
1305 2254 1629 2320 ἀπεδέξατο;
1667 2255 1797 2308 ποία

244 2336 530 2407 Ἐκκλησία
562 2338 656 2391 νῦν
686 2340 778 2392 τὸν
808 2340 1040 2410 Χριστὸν
1076 2342 1193 2411 μετ’
1226 2340 1534 2412 ἐλευθερίας
1554 2361 1794 2415 προσκυ-

229 2431 332 2491 νεῖ;
378 2427 440 2481 ἄν
460 2445 519 2480 τε
541 2427 650 2498 γὰρ
674 2428 899 2498 εὐσεϐὴς
927 2425 982 2500 ᾗ,
1016 2430 1337 2482 κινδυνεύει·
1372 2433 1435 2485 ἄν
1462 2449 1521 2483 τε
1557 2434 1631 2503 (5)
1662 2434 1794 2485 ὑπο-

229 2503 488 2587 κρίνηταί,
524 2516 788 2585 φοϐεῖται.
824 2518 1007 2571 Πάντα
1028 2520 1367 2590 ὑποκρίσεως
1394 2522 1487 2573 καὶ
1521 2522 1792 2587 ἀσεϐείας,

227 2605 341 2658 ὅσον
382 2609 459 2669 είς
486 2607 650 2660 αὑτὸν
675 2602 796 2678 ἦκε,
828 2609 1205 2680 πεπλήρωκεν.
1234 2611 1295 2662 Ei
1324 2610 1430 2682 γάρ
1460 2612 1551 2664 καί
1588 2612 1687 2665 πού
1711 2613 1794 2677 τίς

227 2696 361 2747 ἐστιν
405 2696 637 2767 εὐσεϐὴς
682 2698 775 2750 καὶ
814 2699 1151 2769 φιλόχριστος
1200 2699 1349 2771 (εἰσὶ
1409 2701 1465 2753 δὲ
1520 2704 1791 2773 πανταχοῦ

225 2784 401 2839 πολλοὶ
427 2787 683 2850 τοιοῦτοι,
706 2788 779 2851 ὡς
810 2791 858 2841 οἱ
892 2790 1162 2861 προφῆται
1189 2793 1282 2844 καὶ
1309 2792 1492 2855 Ἠλίας
1512 2794 1539 2845 ὁ
1565 2794 1789 2865 μέγας),

223 2878 572 2946 κρύπτονται,
620 2880 684 2932 ἀν
735 2898 835 2933 που
872 2881 946 2951 (4)
989 2882 1081 2933 καὶ
1113 2883 1287 2944 αὐτοὶ,
1332 2884 1407 2945 ὡς
1438 2885 1527 2936 τὸν
1559 2884 1788 2949 Ἀϐδιοῦ,

220 2969 401 3021 πιστὸν
433 2969 723 3040 ἄνθρωπον
748 2971 966 3042 εὕρωσι,
990 2973 1081 3025 καὶ
1108 2974 1140 3042 ἢ
1176 2974 1255 3035 είς
1289 2974 1547 3045 σπήλαιον
1580 2977 1790 3041 καὶτὰς

220 3059 351 3122 ὀπὰς
384 3060 488 3130 τῆς
518 3061 625 3131 γῆς
653 3061 1032 3133 ἀπέλθωσιν,ἢ
1065 3064 1150 3119 ἐπ’
1180 3064 1435 3134 ἐρημίαις
1460 3066 1533 3136 (5)
1568 3083 1788 3138 περιερ-

1899 2072 2163 2141 ablegavit
2191 2073 2242 2125 in
2269 2071 2554 2126 exsilium?
2597 2070 2937 2138 quandonam
2969 2084 3075 2122 non
3110 2067 3462 2120 libentissime

1900 2159 2003 2213 illis
2048 2174 2233 2213 aurem
2280 2159 2549 2228 praebuit?
2596 2170 2649 2213 et
2682 2160 2821 2229 quod
2870 2172 3093 2228 prorsus
3139 2156 3459 2225 stupendum

1896 2259 1999 2314 est,
2030 2265 2188 2319 quem
2229 2265 2467 2319 unquam
2514 2249 2603 2319 qui
2650 2250 2931 2303 haereticos
2976 2248 3209 2302 deferret
3250 2243 3462 2298 auscul-

1899 2341 2056 2407 tavit,
2103 2355 2277 2394 annon
2326 2341 2499 2411 potius
2541 2339 2819 2409 loquentes
2869 2338 3010 2403 illos,
3041 2335 3300 2407 quidquid
3337 2345 3459 2389 tan-

1895 2432 2015 2484 dem
2063 2430 2348 2497 afferrent,
2378 2432 2603 2485 libenter
2636 2431 2886 2485 admisit?
2925 2443 3168 2499 qntenam
3215 2425 3459 2482 Ecclesia

1894 2531 1975 2577 est
2012 2537 2131 2591 quae
2168 2522 2277 2589 jam
2317 2522 2484 2577 libere
2527 2522 2799 2576 Christum
2841 2520 3065 2576 adoret?
3112 2533 3235 2572 nam
3276 2518 3323 2571 si
3369 2516 3459 2585 pia

1895 2614 2110 2682 quidem
2145 2615 2248 2677 sit,
2293 2613 2345 2666 in
2385 2613 2625 2683 periculo
2654 2621 2941 2667 versatur:
2975 2611 3058 2664 sin
3091 2608 3331 2672 simulet,
3374 2621 3462 2661 rea

1896 2705 2167 2759 formidat.
2199 2703 2393 2759 Omnia
2448 2703 2792 2758 simulatione
2835 2701 3242 2770 impietateque,
3282 2698 3459 2767 quoad

1893 2798 2120 2851 facultas
2158 2797 2313 2861 tulit,
2357 2795 2601 2866 replevit.
2650 2793 2705 2848 Si
2752 2794 2873 2863 quis
2911 2793 3085 2848 ubivis
3135 2792 3256 2862 pius
3300 2792 3462 2844 homo

1891 2888 2198 2956 Christique
2241 2900 2430 2940 amans
2464 2887 2764 2954 reperiatur
2812 2884 3049 2953 (exstant
3096 2898 3226 2937 sane
3262 2882 3461 2948 ubique

1894 2978 2027 3032 tales
2068 2977 2351 3047 permulti,
2381 2976 2521 3029 sicut
2570 2975 2870 3044 prophetae,
2909 2988 3241 3042 magnusque
3261 2971 3455 3041 Elias),

1891 3070 2171 3138 ejusmodi,
2193 3071 2430 3139 inquam,
2452 3068 2696 3123 homines
2712 3066 3050 3126 delitescunt,
3076 3060 3246 3115 sicubi
3280 3069 3458 3112 tamen

219 3152 430 3221 χὸμενοι
483 3153 826 3224 διατρίψωσι.
872 3154 1106 3209 Τοιαῦτα
1159 3155 1267 3226 γὰρ
1319 3157 1688 3211 διαϐάλλουσιν
1742 3161 1787 3212 oi

1898 3162 1993 3230 ipsi
2030 3161 2189 3216 fidum
2230 3161 2521 3225 hominem,
2553 3157 2717 3211 veluti
2761 3157 2987 3209 Ahdiam
3012 3153 3081 3217 “,
3127 3151 3407 3205 inveniant
3439 3166 3454 3202 ι

217 3243 462 3315 ἄφρονες,
494 3240 583 3299 οἷα
621 3248 712 3299 καὶ
747 3250 777 3317 ἡ
826 3244 1059 3311 Ἰεζάϐελ
1081 3249 1354 3302 ἐπλάσατο
1388 3250 1529 3303 κατὰ
1556 3252 1649 3304 τοῦ
1674 3253 1786 3304 Να-

217 3334 421 3400 ϐουθαὶ,
456 3337 552 3390 καὶ
583 3338 633 3390 οἱ
674 3338 913 3391 Ἰουδαῖοι
944 3339 1085 3393 κατά
1104 3340 1195 3393 τοῦ
1230 3342 1481 3413 Σωτῆρος
1502 3359 1516 3373 ο
1554 3343 1645 3395 καὶ
1677 3343 1785 3396 λοι-

218 3426 313 3477 πὸν
344 3429 576 3493 ἐκεῖνος,
614 3429 922 3500 προστάτης
949 3431 1047 3500 τῆς
1086 3431 1347 3502 αἱρέσεως
1373 3431 1469 3495 ὢν,
1502 3434 1598 3503 τήν
1627 3450 1684 3487 τε
1707 3433 1783 3505 (6)

215 3516 465 3588 ἀλήθειαν
514 3520 881 3590 μεταστρέψαι
912 3520 1097 3585 θέλων,
1137 3522 1213 3585 ὡς
1245 3525 1273 3576 ὁ
1318 3523 1522 3593 ’Λχαάϐ
1562 3524 1651 3579 τὸν
1679 3526 1783 3595 ἀμ-

214 3608 420 3661 πελῶνα
442 3612 525 3672 εἰς
548 3610 726 3691 κῆπον
744 3611 1020 3681 λαχανίας,
1043 3613 1078 3666 ἃ
1106 3614 1344 3669 θέλουσιν
1371 3619 1587 3679 ἐκεῖνοι,
1620 3620 1785 3688 πράτ-

212 3712 307 3762 τει,
342 3700 466 3752 ἐπεὶ
498 3699 597 3753 καὶ
628 3700 789 3763 αὐτὸς
824 3701 898 3772 (7)
923 3702 1064 3773 ἅπερ
1086 3702 1272 3773 ῆθελεν
1293 3706 1491 3775 ἤκουσε
1524 3709 1652 3778 παρ’
1683 3708 1781 3760 αύ-

209 3804 333 3845 των.

272 4050 359 4103 54.
394 4050 577 4113 Οὖτω,
612 4047 755 4102 καθὰ
776 4052 1062 4121 προεῖπον,
1103 4054 1227 4116 τοὺς
1258 4052 1540 4125 ἀληθινοὺς
1563 4056 1780 4108 ἐπισκό-

206 4159 354 4205 πους,
384 4142 511 4193 ἐπεὶ
539 4142 616 4211 μὴ
654 4140 905 4208 ἠσέϐουν,
951 4142 1025 4206 ὼς
1055 4143 1243 4214 ῆθελεν
1271 4145 1450 4208 αὐτὸς,
1486 4146 1741 4215 ἐξώρισεν
1760 4164 1772 4175 ⁸

202 4231 369 4295 οὕτως
405 4232 503 4284 καὶ
559 4230 701 4284 κατὰ
747 4231 1061 4285 Ἀθανασίου
1109 4233 1202 4285 νῦν
1249 4235 1563 4287 ἀπέστειλεν
1617 4236 1778 4306 Ἠρά-

200 4322 373 4376 κλειον
398 4323 493 4374 τὸν
526 4323 743 4391 κόμητα
783 4322 882 4391 (8),
916 4324 1008 4375 καὶ
1043 4322 1109 4376 τά
1140 4325 1239 4394 μὲν
1275 4324 1617 4396 διατάγματα
1646 4344 1777 4398 προ-

202 4412 359 4483 έθηκε
388 4410 652 4482 δημοσίᾳ,
688 4411 905 4475 ἐντολὰς
955 4412 1011 4466 δὲ
1041 4412 1307 4482 βασιλέως
1344 4416 1692 4486 ἀπήγγειλεν,
1727 4420 1774 4470 εί

1893 3251 1972 3304 vel
2012 3252 2055 3305 si
2091 3252 2247 3305 liceat
2282 3251 2334 3304 in
2370 3264 2628 3304 cavernas
2671 3256 2725 3301 et
2764 3248 2816 3299 in
2859 3232 3133 3297 foramina
3173 3250 3332 3295 terra:
3363 3252 3456 3293 se-

1891 3341 2112 3408 cedere,
2160 3350 2252 3394 aut
2294 3342 2508 3395 demum
2560 3338 2612 3392 in
2663 3336 2887 3391 desertis
2940 3335 3072 3388 locis
3138 3333 3457 3386 aberrantes

1890 3433 2234 3489 commorari.
2265 3432 2370 3486 Eas
2399 3432 2542 3487 enim
2594 3429 2894 3485 calumnias
2934 3426 3181 3479 deferunt
3211 3432 3456 3477 amentes

1891 3524 1987 3588 illi,
2017 3524 2203 3592 quales
2230 3522 2443 3579 Jezabel
2474 3523 2733 3576 adversus
2763 3518 3065 3570 Nahothum
3094 3516 3164 3578 ’⁷,
3201 3522 3255 3568 et
3285 3511 3454 3567 Jndrci

1889 3614 1940 3667 in
1971 3612 2303 3667 Salvatorem
2350 3612 2700 3668 confinxere:
2735 3623 2798 3663 ac
2824 3608 3049 3675 denique
3080 3614 3337 3675 patronus
3368 3600 3455 3655 ille

1892 3704 2132 3766 haeresis,
2157 3719 2277 3757 cum
2309 3705 2594 3757 veritatem
2628 3703 2914 3753 immutare
2942 3696 3093 3759 velit,
3124 3694 3263 3748 haud
3293 3706 3451 3747 secus

1887 3810 2046 3863 quam
2086 3794 2273 3848 Achab
2303 3794 2512 3847 vineam
2557 3790 2827 3846 convertit
2860 3790 2911 3843 in
2964 3788 3182 3842 hortum
3222 3783 3451 3845 olerum,

1886 3883 2062 3937 omnia
2093 3896 2190 3951 pro
2217 3896 2404 3936 eorum
2436 3880 2658 3935 libidine
2683 3879 2815 3949 agit,
2846 3876 2972 3947 quia
2999 3888 3189 3943 nempe
3216 3871 3307 3926 ille
3332 3885 3452 3939 quae

1884 3974 2089 4043 optavit
2118 3973 2185 4028 ab
2221 3972 2325 4028 illis
2350 3971 2573 4040 audivit.

1954 4065 2045 4119 54.
2088 4063 2198 4129 Sic,
2226 4066 2301 4123 uti
2352 4079 2515 4134 supra
2564 4063 2713 4127 dixi,
2758 4074 2917 4115 veros
2960 4058 3264 4128 episcopos,
3310 4052 3453 4123 quod

1886 4153 2085 4207 nollent
2120 4152 2280 4219 impia
2314 4152 2575 4220 profiteri,
2607 4151 2867 4204 arbitratu
2896 4163 3014 4212 suo,
3046 4144 3300 4213 relegavit
3329 4160 3344 4195 :
3378 4145 3450 4195 ita

1883 4244 2141 4296 adversus
2169 4241 2341 4309 ipsum
2369 4240 2745 4301 Athanasium,
2779 4236 3081 4290 Heraclium
3110 4234 3256 4287 misit
3280 4232 3451 4286 comi-

1886 4343 2012 4395 tem,
2040 4331 2129 4400 qui
2171 4330 2422 4383 mandata
2451 4318 2664 4399 publice
2694 4328 2861 4397 298
2886 4326 3186 4396 proposuit,
3212 4339 3273 4378 ac
3294 4325 3446 4391 jussu

1885 4422 2227 4492 imperatoris
2257 4420 2613 4484 denuntiavit,
2646 4420 2688 4474 si
2724 4435 2829 4473 non
2862 4419 3056 4472 litteris
3101 4418 3446 4484 obtempera-

200 4502 269 4573 μὴ
299 4502 581 4555 πεισθεῖεν
618 4505 731 4564 τοῖς
762 4503 1100 4573 γράμμασιν,
1125 4504 1411 4575 ἀφαίρεσιν
1454 4507 1551 4559 τοῦ
1587 4509 1771 4579 ἄρτου,

1894 4525 2017 4579 'ent,
2049 4512 2395 4568 auferendum
2443 4526 2657 4581 panem,
2697 4510 3053 4566 subvertenda
3085 4507 3245 4570 idola,
3279 4505 3448 4575 pluri-

197 4594 427 4647 καὶτῶν
480 4592 719 4647 εἰδώλων
764 4593 980 4648 ἔσεσθαι
1018 4597 1416 4668 καταστροφὴν,
1464 4599 1673 4674 πολλῶν
1713 4618 1772 4653 τε

195 4684 552 4746 πολιτευτῶν,
596 4684 690 4736 καὶ
729 4685 834 4739 τῶν
862 4686 967 4738 ἀπὸ
1005 4685 1098 4739 τοῦ
1130 4687 1302 4758 δήμου
1338 4690 1552 4752 πάντως
1582 4690 1656 4760 (9)
1686 4692 1772 4743 αἰ-

194 4775 515 4846 χμαλωσίαν
561 4774 904 4845 γενήσεσθαι.
958 4772 1090 4828 Εἶτα
1135 4776 1307 4830 ταῦτα
1369 4779 1624 4843 ἀπειλῶν,
1674 4781 1774 4833 οὐκ

192 4866 431 4938 ᾐσχύνθη
470 4864 713 4935 δημοσίᾳ
747 4865 955 4937 μεγάλῃ
992 4869 1058 4937 τῇ
1093 4870 1242 4937 φωνῇ
1276 4868 1453 4936 λέγειν
1477 4886 1490 4899 °
1534 4871 1636 4922 Τὸν
1671 4870 1768 4939 μέν

203 4959 521 5011 Ἀθανάσιον
550 4958 893 5026 παραιτεῖται
923 4956 1172 5026 βασιλεύς
1192 4974 1205 4988 ο
1236 4961 1348 5021 τοῖς
1379 4959 1434 5011 δὲ
1480 4960 1770 5030 Ἀρειανοῖς

188 5048 281 5114 τάς
304 5047 650 5118 Ἐκκλησίας
674 5047 1044 5118 παραδοθῆναι
1076 5049 1345 5101 ἐκέλευσε.
1366 5050 1587 5103 Πάντων
1607 5068 1662 5103 τε
1678 5053 1771 5105 ἐπὶ

186 5140 357 5211 τούτῳ
388 5138 808 5209 θαυμαζόντων,
849 5140 942 5192 καὶ
974 5139 1109 5210 πρὸς
1135 5139 1392 5210 ἀλλήλους
1420 5141 1678 5195 νευόντων
1710 5160 1787 5195 τε

251 5254 296 5285 ³⁸
334 5252 398 5307 lll
427 5256 578 5327 Reg.
618 5266 774 5315 xvm,
811 5252 899 5307 l0.
974 5253 1018 5285 ³⁷
1058 5250 1121 5306 ill
1151 5252 1280 5322 Reg.
1313 5268 1425 5320 ut,
1452 5254 1503 5306 7.

254 5347 330 5417 (2)
359 5348 529 5416 Reg.,
559 5344 743 5417 ἐθέλῃ.
770 5345 906 5417 Infra
938 5345 1099 5417 idem,
1126 5344 1371 5414 λέγηται.

255 5413 335 5484 (3)
369 5413 616 5484 lta'Reg.
654 5413 790 5469 Editi
828 5429 978 5478 vero,
1014 5413 1109 5467 ἐάν
1133 5431 1212 5467 τε.

252 5484 335 5553 (4)
366 5488 444 5540 lta
486 5486 695 5548 Regius
724 5484 927 5554 codex,
958 5485 1086 5554 editi
1126 5498 1275 5547 vero,
1309 5484 1437 5554 ἄχρι
1470 5501 1593 5547 που,
1616 5485 1774 5542 male.

184 5554 301 5608 Mox
322 5557 459 5625 Reg.
492 5564 555 5609 et
589 5553 1037 5625 Βοεὶιηᾎϐδιού,
1062 5570 1181 5608 cum
1217 5553 1443 5625 accentu
1477 5554 1527 5625 in
1566 5566 1774 5622 postre-

180 5640 286 5678 ma.
321 5621 499 5689 Editi,
531 5622 765 5677 Ἀϐδίου.
796 5623 997 5691 Estque
1028 5638 1236 5691 nomen
1266 5623 1393 5675 illud
1432 5621 1588 5689 vulgo
1626 5625 1775 5679 inde-

179 5694 439 5751 clinabile
480 5694 631 5764 apud
654 5689 1009 5748 Athanasium
1032 5731 1046 5757 ,
1082 5707 1148 5747 ex
1193 5689 1418 5747 Hebraeo
1455 5705 1770 5761 expressum

362 5832 443 5887 lta
480 5831 621 5899 Reg.
658 5830 797 5885 Editi
826 5845 976 5895 vero,
1008 5834 1094 5885 ἐπ’
1123 5831 1375 5903 ἐρημίας.

273 5904 328 5971 6)
358 5903 529 5971 Reg.,
560 5900 868 5971 προστάτης
897 5902 993 5971 τῆς
1026 5902 1285 5971 αἱρέσεως
1315 5901 1375 5953 ὣε.

273 5900 328 5972 6)
358 5903 529 5973 Reg.,
560 5900 868 5972 προστάτης
897 5902 993 5974 τῆς
1026 5900 1285 5973 αἱρέσεως
1315 5901 1406 5963 ὢν,
1441 5900 1537 5969 τήν
1557 5916 1613 5951 τε
1644 5917 1655 5952 :
1691 5901 1764 5954 si-

1881 4602 2087 4672 misque
2125 4602 2544 4670 magistratibus,
2583 4599 3039 4671 pupularibusque
3072 4594 3442 4665 captivitatem

1878 4694 2033 4762 plane
2076 4694 2492 4762 exspectandam
2542 4692 2678 4747 fore.
2735 4692 2935 4745 Deinde
2983 4689 3067 4744 his
3113 4684 3444 4741 denuntiatis

1880 4784 2070 4848 minis,
2119 4799 2224 4838 non
2282 4782 2470 4854 puduit
2516 4782 2788 4837 hominem
2837 4782 2952 4835 haec
3003 4778 3177 4848 palam
3224 4777 3441 4844 altaque

1879 4888 2009 4928 voce
2057 4874 2355 4941 proferre:
2394 4873 2746 4929 Athanasium
2801 4871 3094 4940 imperator
3158 4868 3440 4936 repudiat,

1875 4964 2248 5034 Ecclesiasque
2266 4966 2479 5019 Arianis
2511 4964 2647 5018 tradi
2681 4962 2863 5033 jussit.
2893 4961 3030 5016 Hinc
3058 4959 3244 5015 mirari
3281 4973 3445 5027 super

1875 5056 1975 5110 hac
2006 5072 2062 5112 re
2092 5072 2297 5123 omnes,
2331 5066 2492 5110 nutus
2524 5054 2750 5109 invicem
2778 5054 2927 5118 dare,
2958 5067 3023 5108 ac
3050 5052 3229 5107 dicere
3256 5066 3270 5103 :
3304 5047 3439 5101 Num

1879 5146 2224 5203 Constantius
2262 5148 2438 5204 factus
2480 5154 2562 5202 est
2609 5143 2935 5200 haereticus?
2974 5143 3063 5200 ille
3101 5152 3315 5205 autem,
3350 5139 3440 5193 ubi

1881 5348 2080 5403 militer
2106 5350 2271 5405 Basil.
2305 5351 2529 5405 mutatis
2567 5358 2746 5403 tamen
2778 5345 3018 5409 vocibus,
3054 5344 3151 5412 τῆς
3173 5339 3436 5412 αἱρέσεως

1878 5420 2207 5503 προστάτης,
2248 5421 2348 5503 την
2383 5438 2463 5474 τε.
2505 5490 2517 5503 ⁸
2542 5419 2681 5473 Editi
2718 5418 2896 5503 minus
2923 5421 3086 5476 recte,
3108 5409 3433 5481 ’προστάτης

1873 5492 1972 5561 τῆς
1999 5491 2055 5543 αί
2095 5490 2263 5553 έσεως
2293 5490 2690 5548 Κωνστάντιος,
2713 5490 2811 5537 τ’ν
2842 5498 2918 5534 τε.

1949 5560 2026 5626 (7)
2058 5507 2132 5612 ria
2167 5556 2296 5626 Reg.
2334 5560 2469 5613 Editi
2492 5571 2641 5626 vero,
2673 5503 2848 5626 ἐπέλιηό
2871 5548 3050 5626 αὐτός.

1968 5616 2022 5698 8)
2051 5630 2204 5697 Reg.,
2234 5616 2453 5699 κόμιτα.
2485 5625 2603 5679 Mox
2622 5616 2753 5699 _e_d_iti
2776 5616 3427 5699 Cognnel.,_6§‘ardt_yua.rt;

1876 5687 2200 5759 aliiomné's,
2227 5687 2589 5765 διατάγματα.
2622 5692 2819 5745 Ibidem
2853 5688 2985 5758 Reg.
3025 5697 3081 5743 et
3108 5689 3295 5753 Basil.,
3343 5687 3431 5741 ἐν·

1874 5767 2056 5829 τολάς.
2089 5766 2250 5831 Editi,
2272 5766 2531 5825 ἐντολαῖς.

1944 5837 2021 5908 (9)
2062 5836 2150 5890 Sic
2176 5830 2309 5904 Reg.
2351 5834 2491 5888 Editi
2510 5846 2656 5895 vero,
2678 5830 2903 5895 πάντας.
