3980 6492
590 441 693 496 759

1147 447 1203 504 S.
1245 447 1619 506 ATHANASII
1657 451 1807 506 OPP.
1847 454 2042 509 PARS.
2085 455 2126 510 1.
2165 488 2232 498 -—
2272 457 2638 514 HISTORICA
2679 455 2766 511 ET
2804 455 3219 512 DOCMATICA.

3701 459 3787 516 760

585 559 1007 615 erubescendum
1040 573 1178 627 erat,
1227 577 1505 622 senatores
1551 579 1758 638 contra,
1787 574 2137 628 ethnicorum-

2255 578 2346 629 καὶ
2374 578 2670 644 λεγόντων·
2727 577 2790 630 El
2844 577 3215 637 Κωνστάντιος
3259 575 3541 646 αἱρετικδς
3597 576 3787 644 γέγονες

583 661 690 716 que
744 651 1092 720 magistratus
1127 654 1390 710 idolorum
1438 659 1662 714 aedituus
1706 663 1931 732 urgebat
1975 673 2032 717 ut
2079 665 2147 719 iis

583 738 1024 807 subscriberent,
1061 744 1549 816 proﬁterenturque
1594 763 1651 803 se
1698 750 1844 804 illum
1907 753 2149 822 recipere

583 826 915 896 episcopum.
963 847 1122 900 quem
1157 837 1390 890 mitteret
1427 838 1738 906 imperator.
1771 839 1826 894 In
1862 842 1964 897 hoc
1997 853 2146 899 certe

584 917 793 983 agendo
836 917 1183 980 Constantius
1229 941 1463 982 canones
1504 929 1900 986 ecclesiasticos
1937 936 2150 1004 egregie

581 1012 893 1067 vindicabat
941 1032 954 1067 :
1020 1031 1249 1086 namque
1306 1031 1402 1086 pro
1467 1018 1720 1076 Ecclesia:
1766 1021 1994 1086 litteris,
2043 1024 2143 1080 fori

583 1103 817 1169 litteras,
853 1119 953 1175 pro
988 1107 1302 1174 populorum
1334 1109 1574 1178 scriptis,
1605 1112 1922 1167 aedituorum
1947 1115 2146 1184 scripta

586 1197 938 1260 reposcebat;
971 1211 1168 1266 gnarus
1194 1198 1400 1254 scilicet
1428 1215 1486 1254 se
1518 1216 1622 1255 non
1650 1204 1963 1272 episcopum
1991 1204 2148 1260 Chri-

583 1284 795 1350 stianis,
824 1288 917 1341 sed
955 1287 1019 1342 iis
1051 1289 1142 1358 qui
1175 1290 1298 1344 talia
1334 1292 1636 1347 scriberent
1666 1293 1992 1364 litigatorem
2027 1298 2149 1352 mit-

585 1379 720 1427 tere.
782 1434 790 1442 ,

659 1461 750 1520 55.
793 1465 1003 1523 Ethnici
1045 1470 1225 1540 itaque
1272 1471 1362 1539 qui
1405 1471 1494 1525 tali
1549 1474 1950 1545 subscriptione
2003 1478 2144 1532 redi-

585 1549 803 1604 mebant
850 1554 1008 1610 idolis
1055 1559 1169 1612 suis
1220 1559 1644 1626 immunitatem,
1689 1573 1744 1618 et
1795 1565 2034 1619 nonnuli
2079 1582 2142 1620 ex

583 1638 850 1705 agricolis,
881 1656 945 1696 ac
981 1646 1023 1697 si
1069 1646 1136 1698 de
1174 1645 1312 1700 duce
1351 1659 1443 1702 aut
1486 1651 1553 1703 de
1581 1651 1686 1705 alio
1716 1653 1943 1720 quodam
1977 1656 2145 1710 misso

576 1725 758 1794 judice
781 1740 1051 1798 ageretur,
1089 1733 1213 1789 licet
1256 1735 1435 1800 inviti,
1463 1739 1578 1804 ejus
1624 1749 1801 1797 tamen
1835 1744 2007 1798 minas
2055 1760 2145 1799 ve-

580 1816 692 1885 riti,
738 1819 1148 1890 subscripsere:
1188 1840 1307 1878 nam
1359 1827 1560 1882 ethnici
1601 1845 1721 1884 cum
1775 1843 1976 1899 essent,
2010 1816 2148 1902 quid.

2252 666 2368 719 δέον
2401 667 2675 737 ἐρυθριᾷν,
2714 669 2742 719 δ
2770 666 2825 719 δὲ
2862 665 3055 736 μᾶλλον
3097 665 3370 733 ⁴ἠνάγκαζε
3408 665 3687 734 βουλευτὰς
3713 668 3789 720 καὶ

2249 756 2492 827 δημότας
2518 756 2762 818 ἐθνικοῦς
2780 757 3075 824 νεωκόρους
3095 755 3202 807 τῶν
3229 755 3462 809 εἰδώλων
3491 756 3583 809 ἐπὶ
3616 757 3788 820 τούτοις

2252 846 2589 916 ὑπογράφειν
2617 845 2710 897 καὶ
2738 845 3034 914 ὁμολογεῖν,
3081 843 3325 912 δέχεσθαι
3347 845 3405 897 ὃν
3432 846 3498 898 ἂν
3531 847 3787 917 ἀποστείλῃ

2252 937 2506 1006 βασιλεὺς
2548 937 2862 988 ἐπίσκοπον.
2893 936 3040 988 Πάνυ
3094 952 3156 1002 γε
3208 935 3439 998 κανόνας
3497 936 3788 1006 Ἐκκλησίας

2251 1027 2510 1090 ἐκδικῶν,
2546 1027 2716 1080 ἐποίει
2762 1025 2919 1079 τοῦτο
2960 1025 3211 1093 γενέσθαι
3249 1027 3627 1089 Κωνστάντιος
3649 1043 3660 1057 ·
3691 1029 3787 1079 ἀντί

2249 1118 2359 1189 γὰρ
2399 1118 2724 1185 Ἐκκλησίας
2772 1117 2869 1187 τὴν
2925 1115 3147 1186 ἀγορὰν,
3191 1117 3316 1168 ἀντὶ
3372 1117 3481 1168 τῶν
3521 1116 3659 1169 λαῶν
3686 1119 3788 1179 τοὺς

2252 1209 2549 1280 νεωκόρους
2594 1208 2792 1278 ἀπῄτει
2835 1206 3162 1277 γραμματαυ
3209 1207 3513 1272 ἐγίγνωσκε
3561 1205 3663 1275 γὰρ
3705 1207 3786 1258 οὐκ

2249 1301 2548 1354 ἐπίσκοπον
2586 1299 2745 1351 αὐτὸν
2787 1298 3145 1367 Χριστιανοῖς,
3204 1296 3339 1348 ἀλλά
3391 1313 3513 1349 τινα
3557 1296 3787 1364 ιριλοπρά-

2250 1407 2424 1459 γμονα
2449 1390 2686 1458 πέμπειν
2708 1388 2888 1450 αὐτοῖς
2902 1389 3010 1450 τοῖς
3037 1387 3356 1456 γράφουσιν.

2320 1479 2406 1533 55.
2441 1479 2695 1548 Ἕλληνες
2738 1478 2835 1547 μὲν
2878 1472 2993 1539 οὖν,
3023 1476 3208 1546 ὥσπερ
3248 1474 3548 1544 ὠνούμενοι
3579 1477 3643 1543 τῇ
3677 1475 3787 1527 ὐπο-

2248 1573 2432 1640 γραιρῇ
2464 1571 2560 1638 τὴν
2610 1569 2718 1620 τῶν
2762 1566 2992 1620 εἰδώλων
3020 1564 3228 1619 ἑαυτῶν
3261 1563 3511 1625 ἀσυλίαν,
3543 1565 3636 1617 καί
3669 1580 3790 1626 τινες

2246 1659 2352 1710 τῶν
2383 1657 2650 1728 ἐργασιῶν
2666 1656 2785 1725 (9⁸),
2820 1655 3042 1716 ἄκοντες
3069 1652 3447 1722 μὲν,ἕγραψαν
3475 1651 3533 1702 δέ
3557 1652 3708 1720 ὅμως.
3728 1650 3790 1712 ὡς

2245 1747 2373 1818 περὶ
2405 1745 2757 1815 ἡγεμόνοςκῆ
2793 1743 2950 1797 ἄλλου
2995 1741 3134 1804 τινὸς
3171 1739 3637 1808 ἀποστελλομένου
3665 1738 3791 1790 δικα-

2248 1832 2393 1891 στοῦ.
2422 1832 2508 1885 διὰ
2536 1831 2634 1894 τὰς
2656 1833 2783 1900 παρ’
2809 1831 3012 1883 ἐκείνου
3031 1829 3326 1900 λεγομένας
3354 1827 3586 1889 ἀπειλάς
3606 1845 3618 1856 ·
3643 1827 3791 1897 τίγάρ

582 1908 756 1960 acturi
785 1920 957 1977 erant,
997 1928 1157 1981 quam
1197 1916 1337 1983 quod
1388 1917 1693 1984 imperatori
1728 1923 2001 1990 placeret?
2034 1925 2136 1978 Po-

2243 1922 2463 1989 ἔμελλον
2482 1921 2739 1989 ’Έλληνες
2763 1918 2914 1982 ὄντες
2937 1922 3124 1979 ποιεῖν,
3150 1919 3184 1989 ἢ
3207 1917 3352 1970 τοῦθ’
3373 1918 3514 1988 ὅπερ
3537 1917 3678 1969 δοκεί
3700 1916 3788 1985 (10)
3807 1966 3818 1977 _

577 1993 720 2062 pulis
759 2005 937 2050 autem
968 1997 1024 2052 in
1072 2017 1261 2071 magna
1295 2003 1520 2079 ecclesia
1555 2011 1912 2079 congregatis,
1945 2025 2135 2079 quarta

577 2085 775 2152 quippe
852 2088 1072 2144 Sabbati
1124 2103 1274 2157 erat,
1325 2076 1584 2162 postridie
1634 2076 1913 2156 lleraclius
1961 2076 2143 2160 comes

576 2189 759 2230 secum
789 2183 1076 2249 assumpsit
1108 2181 1527 2252 Cataphronium
1559 2185 1778 2259 ΔΞπωί
1804 2193 2138 2260 prmfectnm,

577 2263 893 2320 Faustinum
949 2269 1330 2338 Catholicum,
1378 2274 1771 2348 Bithynumque
1831 2283 2138 2338 hmreticum

575 2353 885 2420 hominem,
933 2371 997 2412 ac
1041 2359 1113 2412 illi
1164 2377 1266 2415 una
1308 2361 1600 2420 forensium
1652 2368 1894 2438 iuniores
1943 2388 2141 2442 eosque

577 2443 839 2500 idolorum
869 2448 1104 2504 cultores
1152 2454 1438 2516 mncitant,
1481 2457 1688 2512 aientes
1721 2474 1840 2514 eam
1874 2476 1996 2516 esse
2042 2465 2142 2517 im-

575 2536 842 2601 peratoris
866 2535 1185 2606 iussionem,
1217 2552 1273 2595 ut
1303 2544 1353 2598 in
1397 2546 1685 2602 ecclesiam
1717 2550 2010 2620 irruerent,
2042 2570 2138 2623 po-

574 2622 836 2692 pulosque
869 2625 1188 2694 lapidarent.
1228 2632 1360 2686 Cum
1394 2634 1574 2703 itaque
1598 2636 1708 2703 jam
1737 2653 1767 2692 e
1797 2641 1991 2709 populo
2021 2622 2140 2710 plu-

577 2711 701 2766 rimi
755 2724 878 2782 post
927 2718 1296 2776 dimissionem
1355 2726 1555 2794 egressi
1599 2739 1816 2796 essent,
1851 2746 2137 2787 remanen-

577 2805 720 2861 tihns
774 2811 962 2877 paucis
1026 2815 1394 2873 mulieribus:
1448 2829 1573 2876 tunc
1626 2823 1702 2877 uti
1770 2839 2138 2894 praeceperant

575 2905 724 2963 gesta
774 2914 862 2954 res
914 2912 1019 2956 est.
1074 2904 1308 2977 Eratque
1359 2911 1666 2968 miserabile
1720 2920 2133 2984 spectaculum:

575 3002 699 3042 nam
729 3003 851 3044 cum
896 3008 1098 3063 panem,
1129 2998 1279 3054 ﬁnita
1310 3005 1574 3071 oratione,
1599 3007 1819 3077 jatnjam
1850 3013 2132 3082 sedissent,

575 3079 864 3150 derepente
889 3084 1116 3152 juvenes
1148 3089 1259 3156 illi,
1305 3106 1426 3147 cum
1473 3095 1760 3164 lapidibus,
1787 3109 1842 3154 el
1884 3079 2132 3167 fustibus,

575 3170 701 3224 nudi
741 3171 1029 3239 irruentes,
1063 3177 1194 3234 alias
1225 3180 1486 3252 lapidare,
1518 3202 1671 3242 sacra
1708 3205 1834 3246 vero
1870 3193 2130 3263 virginum
2161 3224 2202 3278 ο

575 3275 801 3330 corpora
840 3265 1010 3336 plagis
1045 3269 1192 3338 itnpii
1238 3275 1540 3342 concidere,
1587 3279 1948 3350 detractisque
1993 3283 2135 3336 vela-

577 3350 814 3408 minibus
852 3369 1038 3411 earum
1079 3359 1254 3429 capita
1289 3365 1512 3429 nudare,
1543 3381 1607 3422 ex
1651 3369 1984 3440 adversoque
2026 3382 2133 3424 tra—

574 3439 768 3494 hentes
827 3443 944 3500 illas
999 3447 1223 3514 pedibus
1296 3452 1524 3522 improbi
1585 3439 2133 3525 percutereaGravia

572 3537 724 3583 certe
753 3529 839 3583 illa
879 3543 931 3586 et
962 3534 1248 3592 admodum
1289 3543 1489 3596 atrocia
1525 3565 1536 3598 :
1569 3547 1661 3598 sed
1697 3563 1818 3616 quae
1848 3563 2132 3618 consecuta

571 3628 698 3672 sunt
742 3623 1015 3690 graviora,
1043 3641 1107 3681 ac
1151 3631 1297 3684 omni
1327 3635 1650 3690 contumelia
1686 3638 2130 3695 intulerabiliora.

570 3704 701 3760 Cum
739 3711 882 3764 enim
917 3711 1180 3783 virginum
1231 3720 1571 3787 modestiam,
1621 3726 1937 3798 auriumque
1988 3733 2136 3799 puri-

572 3807 738 3852 tatem
786 3812 1120 3870 perspectam
1170 3805 1462 3874 haberent,
1511 3816 1664 3881 gnari
1715 3817 1967 3875 libentius
2017 3823 2134 3876 illas

571 3885 796 3953 lapides,
835 3890 1166 3962 gladiosque,
1197 3911 1357 3964 quam
1390 3900 1623 3956 obscena
1655 3907 1818 3961 verba
1868 3910 2131 3978 perferre,

570 3977 698 4032 dum
740 3978 1104 4050 irrumperent
1133 3985 1259 4041 talia
1293 3991 1660 4059 proferebant,
1696 3977 1986 4067 Arianique
2021 4003 2134 4058 haec

574 4067 1012 4127 adolescentibus
1047 4077 1427 4144 suggerebant,
1458 4083 1654 4153 quippe
1687 4085 1778 4152 qui
1814 4087 1938 4141 talia
1969 4090 2130 4157 dicta,

567 4157 940 4229 ejusmodique
973 4160 1211 4220 facinora
1246 4181 1526 4227 cernentes
1565 4175 1858 4232 cachinnos
1895 4178 2133 4236 effunde-

568 4257 706 4304 rent.
739 4246 920 4304 Sacra:
969 4265 1129 4320 porro
1161 4254 1418 4324 virgines,
1469 4262 1694 4334 aliaeque
1734 4267 1971 4324 honestae
2019 4286 2132 4325 Ina-

573 4346 762 4406 trome,
811 4341 880 4395 ab
919 4342 1108 4398 iisdem
1153 4348 1357 4412 verbis,
1397 4353 1554 4420 quasi
1599 4371 1627 4406 a
1676 4359 1941 4412 morsibus
1985 4361 2132 4430 aspi-

567 4429 692 4482 dum
728 4431 1086 4502 refugiebant.
1113 4438 1183 4492 At
1223 4438 1422 4496 Christi
1459 4443 1665 4510 hostes,
1692 4461 1846 4516 opem
1890 4429 2132 4506 ferebant

2241 2011 2319 2081 τῷ
2354 2011 2592 2080 βασιλεῖς
2628 2010 2748 2062 Τῶν
2801 2010 2856 2062 δὲ
2893 2009 3036 2062 λαῶν
3074 2011 3130 2060 ἐν
3176 2011 3243 2078 τῇ
3297 2007 3512 2078 μεγάλῃ
3556 2007 3789 2075 ἐκκλησίᾳ

2244 2101 2600 2154 συνελθόντων
2648 2101 2895 2170 (τετάρτη
2937 2097 3041 2170 γὰρ
3088 2094 3156 2170 ἦν
3195 2097 3522 2164 Σαδεάτου),
3556 2095 3790 2165 λαμὸάέει

2245 2190 2364 2262 μεθ’
2411 2190 2604 2244 ἐαυτοῦ
2661 2193 2724 2259 τῇ
2769 2190 2891 2258 ἐξῆς
2933 2189 3042 2257 (Η)
3081 2187 3401 2258 Ἡράκλειος
3437 2187 3466 2237 δ
3503 2187 3676 2255 κόμης
3719 2185 3790 2237 τὸν

2240 2281 2476 2350 ἔπαρχον
2503 2279 2603 2348 τῆς
2644 2278 2913 2347 Αἰγύπτου
2954 2277 3350 2346 Καταφρόνιον,
3392 2274 3489 2328 καὶ
3529 2275 3793 2326 Φαυστῖνον

2240 2371 2332 2423 τὸν
2361 2370 2681 2431 Καθολικὺν,
2730 2369 2821 2422 τόν
2852 2386 2913 2421 τε
2947 2367 3170 2420 Βιθυνὸν
3211 2366 3486 2435 αἱρετικὸν
3531 2365 3675 2428 ὅντα,
3716 2366 3792 2417 καὶ

2242 2460 2602 2532 παροξύνουσι
2630 2460 2736 2513 τῶν
2760 2458 3028 2530 ἀγοραίων
3064 2457 3190 2520 τοὺς
3223 2456 3524 2528 νεωτέρους
3551 2457 3639 2508 καὶ
3665 2455 3792 2507 σεϐο-

2243 2553 2436 2622 μένους
2467 2551 2678 2615 είδωλα,
2709 2551 2908 2620 ταύτην
2938 2549 3152 2618 ἐντολὴν
3181 2544 3321 2600 εἶναι
3348 2547 3610 2617 βασιλέως
3640 2547 3794 2613 λέγον-

2238 2659 2350 2704 τες,
2371 2642 2456 2694 ἵνα
2480 2641 2776 2693 ἐπέλθωσιν
2797 2640 2964 2708 ἐκκλη
2974 2639 3078 2710 σία,
3096 2640 3190 2693 καὶ
3204 2638 3465 2692 λιθάσωσι
3485 2639 3612 2700 τοὺς
3631 2637 3789 2698 λαούς.

2243 2731 2380 2802 Ἤδη
2413 2732 2508 2803 μὲν
2543 2727 2634 2784 οὖν
2667 2727 2804 2801 ἦσαν
2849 2733 2896 2783 οἱ
2935 2729 3170 2783 πλεῖστοι
3199 2729 3294 2782 τοῦ
3329 2730 3482 2791 λαοῦ,
3511 2729 3791 2814 γενομένῃς

2237 2821 2572 2886 ἀπολύσεως,
2609 2821 2931 2886 ἐξελθόντες,
2971 2818 3243 2887 γυναικῶν
3280 2819 3336 2870 δὲ
3365 2819 3564 2886 ὀλίγων
3588 2820 3792 2888 ἀπομει-

2236 2911 2414 2964 νασῶν
2441 2911 2574 2974 (12),
2613 2912 2831 2978 γέγονεν
2872 2909 2946 2971 ὡς
2991 2908 3344 2978 προσέταξαν.
3385 2909 3496 2961 Καὶ
3535 2907 3705 2978 θέαμα
3728 2906 3794 2960 οἱ·

2237 3000 2400 3070 κτρδν
2429 2995 2496 3070 ἦν
2520 3016 2534 3029 ο
2569 2998 2690 3068 ἄρτι
2717 2997 2824 3068 γᾴρ
2856 2993 2994 3068 ἦσαν
3027 2997 3134 3050 ἀπὸ
3165 2997 3262 3066 τῆς
3290 2997 3457 3066 εὐχῆς
3483 2997 3658 3065 ὀλίγαι
3678 2998 3791 3049 καθ-

2236 3090 2511 3159 εζόμεναι,
2547 3088 2640 3140 καὶ
2671 3087 2868 3158 γυμνοὶ
2901 3085 3036 3157 μετά
3080 3085 3242 3139 λίθων
3287 3087 3451 3150 εὐθὺς
3498 3089 3592 3140 καὶ
3641 3086 3792 3153 ξύλων

2235 3179 2464 3250 ἐπῆλθον
2505 3180 2553 3232 οί
2598 3178 2880 3247 νεώτεροι·
2926 3179 3017 3230 καὶ
3048 3179 3148 3239 τὰς
3186 3179 3282 3247 μὲν
3321 3176 3589 3240 ὲλίθαζον,
3637 3178 3701 3230 τὰ
3745 3177 3791 3230 δὲ

2236 3271 2343 3322 τῶν
2386 3270 2666 3341 παρθένων
2700 3269 2828 3338 am
2865 3268 3090 3339 σώματα
3123 3269 3456 3323 κατέκοπτον
3497 3270 3723 3339 πληγαῖς
3749 3270 3789 3320 0!

2235 3359 2402 3422 ἀθεοι,
2425 3355 2604 3412 εἷλκόν
2640 3376 2697 3411 τε
2745 3358 2812 3412 τὰ
2863 3360 3244 3429 σκεπάσματα,
3297 3359 3393 3410 καὶ
3437 3358 3540 3421 τὰς
3569 3358 3790 3426 κεφαλὰς

2235 3450 2412 3504 αὐτῶν
2441 3451 2728 3520 ἐγύμνουν,
2752 3449 2844 3502 καὶ
2872 3448 3235 3510 ἀνθελκούσας
3263 3447 3548 3512 ἐλάκτιςον
3580 3452 3682 3510 τοῖς
3707 3464 3790 3500 πο-

2237 3540 2319 3592 σὶν
2350 3542 2398 3592 οί
2426 3540 2663 3592 δείλαιοι.
2709 3538 2866 3590 Δεινὰ
2898 3555 2992 3608 μεν
3021 3530 3112 3592 οὖν
3154 3537 3331 3590 ταῦτα
3381 3539 3478 3590 καὶ
3534 3538 3649 3590 λίαν
3688 3538 3790 3589 ἐστὶ

2232 3632 2400 3685 δεινά·
2447 3631 2580 3684 ἀλλὰ
2631 3631 2698 3683 τά
2748 3631 2884 3700 μετὰ
2927 3629 3098 3683 ταῦτα
3144 3629 3441 3699 δεινότερα,
3495 3630 3586 3681 καὶ
3630 3629 3788 3695 πάσης

2235 3722 2444 3792 ὕϐρεως
2468 3724 2838 3794 ἀφορητότερα
2863 3723 3102 3791 γέγονεν.
3131 3721 3346 3784 Είδότες
3376 3721 3486 3792 γὰρ
3515 3722 3574 3773 τὸ
3615 3719 3789 3790 σεμνὸν

2231 3813 2338 3884 τῶν
2365 3815 2664 3884 παρθένων,
2701 3816 2794 3867 καὶ
2831 3813 2889 3865 τὺ
2927 3814 3022 3884 τῆς
3065 3812 3237 3881 ἀκοῆς
3269 3813 3563 3881 ἄχραντον,
3602 3812 3689 3863 καὶ
3716 3812 3790 3863 ὅτι

2239 3879 2652 3978 μᾶλλον-λίθους
2684 3906 2776 3956 καὶ
2814 3904 2939 3973 ξίφη
3036 3902 3104 3955 τὰ
3131 3879 3232 3972 τῆς
3265 3879 3790 3973 αίσχρορρῃμοσύνης

2233 3998 2342 4067 (15)
2372 3997 2556 4068 φέρειν
2585 3995 2836 4050 δύνανται
2875 3995 3114 4065 ῥήματα,
3153 3993 3364 4055 τούτοις
3408 3993 3643 4064 ἐχρῶντο
3685 3990 3791 4042 κατ’

2232 4086 2410 4139 αὐτῶν
2447 4085 2830 4155 ἐπερχόμενοι⁸
2877 4083 3147 4153 Ἀρειανολ⁷
3175 4083 3232 4135 δὲ
3264 4081 3439 4134 ταῦτα
3471 4085 3582 4146 τοῖς
3610 4079 3790 4133 νεωτέ-

2239 4191 2349 4244 ροις
2393 4172 2722 4226 ὑπέϐαλλον·
2760 4171 2853 4224 καὶ
2898 4171 3002 4242 γὰρ
3039 4171 3242 4238 ἐγέλων
3273 4170 3481 4223 τούτων
3507 4170 3792 4239 λεγομένων

2233 4265 2327 4316 καὶ
2353 4263 2711 4334 γιγνομένων.
2734 4263 2842 4316 Καὶ⁵
2871 4263 2928 4314 αἱ
2964 4262 3059 4332 μὲν
3081 4261 3234 4330 ἆγιαι
3257 4261 3515 4333 παρθένοι
3538 4263 3628 4315 καὶ
3651 4260 3793 4313 ἄλλαι

2235 4354 2430 4424 σεμναὶ
2477 4356 2732 4423 γυναῖκες
2777 4353 2851 4415 ὡς
2906 4351 3148 4406 ἀσπίδων
3187 4353 3443 4423 δήγματα
3491 4353 3560 4405 τὰ
3587 4350 3796 4404 τοιαῦτα

2235 4445 2522 4516 φθέγματα
2560 4445 2814 4514 ἔφευγον·
2863 4446 2913 4499 οἱ
2961 4443 3017 4497 δὲ
3054 4443 3429 4515 Χριστομάχοι
3488 4445 3792 4513 συνήργουν,

571 4521 1033 4590 adolescentibus,
1083 4527 1189 4584 imo
1221 4531 1359 4586 forte
1388 4547 1450 4588 ea
1495 4535 1607 4604 ipsa
1658 4551 1778 4592 cum
1825 4539 1929 4620 illis
1970 4545 2131 4598 verba

2240 4538 2375 4608 τάχα
2408 4537 2465 4590 δὲ
2510 4538 2603 4590 καὶ
2631 4535 3054 4606 συνεφθέγγοντο
3085 4538 3200 4599 τοῖς
3237 4535 3556 4606 νεωτέροιςο
3586 4532 3796 4602 καὶγὰρ

571 4611 957 4680 proferebant:
994 4615 1226 4674 obscena
1277 4622 1473 4693 quippe
1517 4625 1660 4681 dicta
1710 4611 1964 4700 voluptati
2003 4633 2132 4702 ipsis

567 4711 741 4758 erant.

635 4791 727 4849 £6.
770 4793 907 4852 Hinc
936 4811 1042 4868 quo
1086 4816 1309 4871 prorsus
1363 4807 1669 4864 mandatum
1711 4825 2132 4883 exsequerentur

568 4879 694 4948 (hoc
713 4897 943 4956 namque
977 4889 1082 4946 illis
1097 4895 1245 4948 cordi
1276 4907 1414 4954 erat.
1447 4897 1548 4953 hoc
1565 4899 1688 4954 item
1707 4879 1906 4970 comes,
1931 4904 2120 4963 Catho-

568 4967 814 5040 licusque
855 4980 1286 5054 praecipiebant),
1320 4987 1607 5060 subsellia,
1663 4967 1935 5058 thronum,
1988 5013 2132 5052 men-

567 5073 711 5128 sam,
741 5077 864 5117 nam
892 5065 1065 5134 lignea
1097 5082 1235 5135 eral,
1267 5076 1380 5130 vela
1421 5079 1666 5136 ecclesia:
1699 5097 1761 5137 ac
1791 5096 1984 5139 cmtera
2011 5102 2130 5157 qua:

567 5161 793 5221 potuere
823 5156 1029 5226 direpta
1056 5171 1109 5215 et
1146 5175 1439 5234 asportata,
1469 5180 1593 5225 ante
1622 5176 1816 5227 ostium
1853 5176 1902 5227 in
1939 5156 2129 5247 magna

569 5244 740 5312 platea
783 5250 1214 5319 comhusserunt,
1247 5258 1476 5327 thusque
1509 5261 1808 5328 iniecerunt
1837 5266 1888 5320 in
1931 5244 2127 5335 ignem.

570 5332 712 5390 lleu!
751 5337 874 5407 quis
920 5341 1035 5398 hanc
1063 5346 1288 5404 audiens
1334 5347 1601 5419 lacrymas
1631 5368 1735 5406 non
1777 5332 1992 5422 fuderit,
2023 5359 2130 5413 imo

567 5435 725 5481 aures
767 5444 873 5485 nou
925 5435 1220 5505 obturarit,
1267 5455 1335 5496 ne
1367 5443 1530 5498 alium
1587 5459 1896 5504 narrantem
1953 5451 2123 5519 ferat,

637 5593 734 5716 (93
758 5597 938 5665 Forte,
970 5605 1236 5691 ἐργατῷν,
1265 5613 1346 5667 vel
1372 5614 1674 5686 ἐργαστῶν.
1705 5616 1862 5673 Εοιτ.

641 5663 686 5727 (¹
741 5667 853 5723 illa
894 5671 1025 5727 Reg.
1063 5677 1201 5727 Etim
1249 5697 1391 5727 vero-
1437 5701 1717 5727 rmnmram
1786 5688 1818 5727 ἦ

782 5667 870 5757 Έξέ.
894 5667 1025 5744 τιθεῖ
1049 5667 1201 5732 ἐιιίιί
1225 5667 1415 5748 ’νενοΐ
1437 5667 1832 5757 ὑέέιὶέιέιηῖἤ
1850 5667 1956 5742 eos
1989 5688 2125 5743 Θεοῦ

567 5727 701 5799 ὅπερ
724 5733 885 5792 δοκεῖ.

645 5801 754 5871 (tl)
783 5805 873 5860 Sic
919 5807 1117 5881 Regius
1157 5823 1210 5869 ct
1253 5817 1582 5877 Basilicnsis.
1617 5824 1776 5890 Editi.
1816 5827 1991 5892 male,
2032 5829 2129 5898 τῆς

2236 4630 2423 4700 ἥδοντο
2453 4630 2567 4692 τοῖς
2600 4629 2728 4699 παρ’
2764 4627 2984 4680 ἐκείνων
3027 4625 3445 4696 ἐκϐαλλομένοις
3484 4625 3616 4695 μετά
3648 4622 3796 4677 ἀσελ-

2235 4720 2668 4789 γείαςρήμασιν.
2965 4805 2989 4811 Δ
3056 4806 3068 4811 Α
3176 4805 3234 4811 --
3340 4805 3353 4811 Δ
3481 4805 3507 4811 Δ
3668 4806 3680 4811 Δ
3755 4800 3777 4811 -

2307 4809 2394 4864 56.
2423 4805 2572 4873 Εἶτα,
2607 4808 2680 4870 ὠς
2705 4807 2767 4860 τὸ
2792 4805 2910 4860 ὅλον
2932 4805 3031 4876 τῆς
3053 4805 3276 4873 ἐντολῆς
3297 4805 3625 4877 πληροῦντες
3660 4806 3680 4872 (
3693 4805 3797 4856 τοῦθ

2236 4917 2297 4954 το
2321 4900 2428 4970 γὰρ
2449 4895 2515 4969 ἦν
2545 4898 2606 4952 τὸ
2640 4897 3088 4967 σπουδαζόμενον,
3133 4895 3294 4949 τοῦτο
3329 4897 3424 4950 καὶ
3464 4898 3629 4967 κόμης
3652 4895 3741 4946 καὶ
3771 4893 3793 4944 ἑ

2238 4989 2534 5052 Καθολικδς
2567 4986 2981 5060 παρήγγελλον),
3004 4987 3357 5056 ἁρπάσαντες
3388 4987 3456 5039 τὰ
3485 4983 3792 5055 συμψέλλια.

2237 5081 2331 5134 καὶ
2362 5080 2449 5132 τὸν
2480 5078 2685 5150 θρόνον,
2720 5079 2811 5131 καὶ
2839 5077 2936 5148 τὴν
2959 5075 3242 5146 τράπεζαν
3299 5077 3506 5145 (ξυλίνη
3542 5077 3644 5145 γὰρ
3684 5070 3791 5143 ἦν),

2235 5173 2331 5227 καὶ
2353 5171 2418 5224 τὰ
2454 5170 2592 5241 βῆλα
2626 5171 2724 5240 τῆς
2764 5167 3082 5238 ἐκκλησίας,
3111 5167 3182 5220 τά
3209 5184 3270 5219 τε
3299 5167 3453 5230 ἀλλα,
3487 5169 3580 5219 ὅσα
3605 5165 3787 5236 ἠδυνή-

2237 5263 2427 5333 θησαν,
2462 5261 2860 5330 ὲξενέγκαντες,
2893 5260 3131 5313 ἔκαυσαν
3163 5259 3472 5331 ἔμπροσθεν
3506 5259 3592 5311 τοῦ
3625 5254 3792 5310 πυλῶ-

2235 5375 2323 5420 νος
2354 5359 2410 5410 ἐν
2435 5360 2499 5428 τῇ
2527 5355 2754 5426 πλατείᾳ
2783 5357 2850 5424 τῇ
2885 5353 3118 5424 μεγάλῃ,
3161 5353 3256 5405 καὶ
3284 5352 3499 5406 λίϐανον
3523 5347 3789 5403 ἐπέϐαλον.

2237 5450 2338 5502 '0!
2381 5449 2464 5512 τίς
2491 5449 2724 5513 ἀκούσας
2747 5448 2808 5503 οὐ
2851 5444 3165 5515 δακρύσειε,
3205 5445 3347 5514 τάχα
3386 5445 3478 5498 καὶ
3514 5445 3604 5513 τὴν
3637 5434 3791 5502 ἀκοὴν

2230 5622 2413 5760 ὲξῗῗὲ)
2436 5690 2506 5743 lta
2537 5689 2664 5759 Reg.
2692 5688 2827 5742 Euliti
2855 5702 3003 5747 vero,
3031 5689 3462 5760 ἀπομεινουσῶν.

2304 5694 2392 5753 (1‘2
2436 5692 2506 5743 Ita
2537 5692 2664 5759 Reg.
2692 5692 2827 5742 Euliti
2855 5702 3003 5747 vero,
3032 5692 3462 5760 ἁπομεινουσιῖιν.

2304 5692 2416 5826 (ίῦζ
2455 5761 2613 5843 μεθ’,
2643 5756 3172 5843 αῑσχρορημοσύνης.
3212 5760 3348 5814 Editi
3375 5799 3389 5821 ,
3439 5755 3782 5828 αίσχορρηιον

2237 5829 2417 5900 σύνης.
2455 5829 3249 5898 Basilicus,'aiequpocnivq;
