3980 6512
611 329 718 383 765

1184 326 1242 382 S.
1282 326 1657 383 ATHANASII
1694 325 1843 383 OPP.
1884 323 2064 380 PARS
2098 323 2141 382 ι.
2181 356 2249 366 -
2288 323 2657 380 HISTORICA
2697 323 2783 379 ET
2823 321 3239 378 DOGMATICA.
3700 319 3781 374 764

606 447 1032 501 indurabantur:
1059 458 1207 513 spem
1242 444 1440 514 quippe
1479 458 1633 499 suam
1680 443 1734 497 in
1760 442 1968 497 inﬁmis
1998 441 2163 515 sitam

2269 440 2416 493 κάτω
2453 459 2553 493 που
2605 438 2861 511 κειμένας
2904 441 2961 492 ἐν
2989 438 3067 508 τῷ
3117 436 3325 507 βασιλεῖ
3356 435 3453 490 καὶ
3501 435 3563 491 ἐν
3599 438 3687 500 τοῖς
3720 439 3786 491 εὑ-

606 539 899 601 habebant,
953 538 1007 590 in
1056 537 1383 604 imperatore
1448 536 1656 590 scilicet
1703 542 1758 589 et
1804 535 1858 589 in
1904 533 2167 587 eunuchis

605 626 741 692 ejus.
774 625 1033 682 Ethnicos
1064 625 1247 695 igitur,
1278 626 1385 678 imo
1410 624 1589 692 potius
1625 622 1966 677 ethnicorum
2015 629 2170 690 petu-

606 716 963 781 lantissimos,
1010 730 1178 783 supra
1209 716 1350 768 dicta
1400 714 1639 767 facinora
1684 720 1995 781 perpetrare
2035 713 2172 765 sine-

604 806 758 861 bant.
788 805 990 858 Aderat
1017 805 1213 874 quippe
1242 804 1347 857 illis
1390 803 1440 855 in
1470 802 1554 855 his
1586 800 1811 869 agendis
1838 799 2029 853 histrio
2050 799 2170 866 qui-

605 894 730 946 dam
769 895 1117 961 quiethuicos
1136 892 1462 956 concitabat,
1499 890 1812 955 Faustinus,
1843 888 1934 956 qui
1966 887 2170 941 Catho-

607 987 742 1039 licus
807 987 1117 1047 dicebatur,
1176 983 1415 1036 moribus
1481 990 1659 1033 tamen
1708 976 2170 1033 circumforancus

606 1086 662 1131 et
688 1076 866 1129 animo
898 1074 1175 1142 petulanti.
1211 1073 1401 1128 Ariani
1424 1086 1554 1125 vero
1585 1085 1681 1138 per
1706 1070 1883 1137 seipsi
1906 1066 2167 1134 ejusmodi

607 1180 697 1219 res
731 1166 966 1233 aggressi
1001 1175 1147 1229 sunt,
1195 1174 1252 1218 ut
1298 1165 1439 1219 sicut
1486 1179 1639 1218 suam
1674 1162 1922 1217 haeresim
1953 1176 2020 1215 ex
2053 1159 2171 1214 aliis

610 1256 909 1309 bzeresibus
951 1263 1352 1322 expresserant,
1405 1254 1484 1308 sic
1536 1263 1589 1307 et
1616 1252 1729 1321 jam
1774 1250 1980 1305 nefaria
2020 1258 2170 1318 gesta

609 1360 730 1399 cum
757 1346 1205 1414 petulantioribus
1245 1346 1567 1399 dividerent.
1618 1344 1823 1398 Caetera
1874 1342 2058 1410 igitur,
2092 1342 2169 1395 uti

608 1450 766 1504 supra
802 1435 937 1498 dixi,
975 1434 1191 1488 illorum
1227 1450 1390 1503 opera
1422 1442 1840 1503 perpetrarunt:
1890 1447 2008 1501 quae
2041 1446 2170 1486 vero

606 1526 707 1594 ipsi
736 1525 976 1578 facinora
1004 1540 1100 1593 per
1135 1539 1192 1579 se
1224 1525 1517 1590 admisere,
1549 1525 1646 1593 qui
1678 1539 1784 1576 non
1833 1537 2048 1577 omnem
2075 1537 2171 1576 ex-

607 1626 865 1683 superant
892 1616 1303 1683 malignitatem,
1334 1616 1425 1684 qui
1470 1630 1577 1669 non
1609 1613 1850 1682 cujusvis
1893 1614 2169 1669 carnificis

605 1706 870 1759 malitiam
901 1705 1124 1759 vincunt
1157 1704 1179 1757 i
1233 1704 1403 1770 Quam
1453 1719 1559 1758 non
1601 1704 1869 1774 diripuere
1900 1706 2115 1759 detnum
2145 1703 2169 1756 ?

605 1812 744 1865 quas
792 1796 935 1850 aedes
980 1795 1377 1864 pervestigandi
1412 1808 1573 1847 causa
1612 1808 1718 1848 non
1768 1793 2167 1848 devastarunt?
2202 1774 2243 1828 Β

607 1901 765 1952 quem
794 1886 1007 1939 hortum
1056 1899 1160 1938 non
1212 1883 1597 1936 conculcarunt
1626 1884 1648 1936 ?
1689 1889 1830 1950 quod
1859 1882 2165 1950 sepulcrum

608 1990 711 2027 non
744 1988 1023 2042 aperuere,
1048 1973 1457 2042 speeiequidem
1482 1972 1766 2028 Athanasii
1794 1970 2167 2041 perquirendi,

602 2078 728 2117 cum
758 2063 893 2115 nihil
916 2072 1091 2117 tamen
1124 2071 1379 2116 curarent
1406 2078 1568 2131 quam
1600 2063 1856 2131 diripere,
1889 2071 1944 2117 et
1982 2062 2169 2117 obvios

605 2151 880 2220 spoliare?
908 2166 1070 2221 quam
1097 2153 1389 2206 multorum
1429 2154 1620 2207 domus
1673 2153 1972 2222 obsignata:
1998 2152 2169 2207 sunt?

602 2259 767 2313 quam
811 2243 979 2297 multa
1021 2258 1138 2311 qua:
1185 2243 1237 2296 in
1283 2243 1636 2311 hospitalibus
1672 2252 1852 2307 erant,
1906 2242 2170 2298 ministris

606 2335 723 2389 suis
753 2334 1016 2387 militibus
1039 2332 1340 2387 dederunt?
1377 2334 1495 2400 quis
1530 2332 1741 2386 illorum
1773 2332 2167 2402 improbitatem

604 2436 860 2494 expertus
893 2439 999 2477 non
1028 2424 1149 2478 est?
1170 2424 1294 2492 quis
1330 2424 1435 2477 illis
1454 2424 1649 2477 obvius
1675 2438 1779 2476 non
1811 2438 1932 2477 sese
1960 2423 2012 2475 in
2048 2422 2167 2477 foro

602 2514 937 2568 occultavit?
964 2513 1083 2581 quis
1110 2529 1237 2576 non,
1270 2528 1457 2566 eorum
1493 2522 1639 2567 metu
1684 2512 1873 2566 relicta
1899 2513 2081 2578 domo,
2114 2512 2167 2565 iu

604 2605 819 2658 deserto
851 2604 1233 2673 pernoctavit?
1270 2604 1393 2671 quis
1414 2604 1539 2657 dum
1573 2618 1670 2657 sua
1702 2603 1769 2658 ab
1800 2602 1905 2656 illis
1951 2618 2169 2658 servare

603 2693 775 2763 300,
814 2694 1076 2755 studeret,
1129 2708 1237 2747 non
1288 2694 1518 2760 plurima
1569 2694 1792 2748 amisit?
1841 2694 1963 2762 quis
2000 2697 2168 2749 maris

609 2785 910 2854 imperitus.
943 2800 1047 2838 non
1085 2783 1273 2836 maluit
1298 2783 1429 2837 illud
1460 2783 1681 2854 ejusque
1727 2786 1963 2854 pericula
2002 2801 2169 2852 expe-

604 2878 724 2943 riri,
753 2892 915 2945 quam
948 2878 1044 2930 hos
1071 2875 1496 2930 interminantes
1526 2877 1792 2931 cernere?
1832 2876 1981 2931 Multi
2016 2894 2169 2932 natu-

602 2982 709 3036 que
738 2966 1010 3022 domicilia
1051 2976 1456 3035 permutarunt,
1485 2974 1540 3022 et
1570 2983 1601 3021 a
1633 2968 1751 3022 vico
1788 2969 1841 3021 in
1872 2971 2074 3036 vicum,
2100 2971 2166 3022 ab

603 3058 737 3113 urbe
791 3058 846 3112 in
902 3057 1157 3113 suburbia
1221 3057 1465 3113 translati
1540 3066 1685 3113 sunt.
1748 3058 1925 3124 Quam
1981 3060 2240 3151 multisc

600 3159 819 3220 quantae
853 3150 1032 3203 multat
1065 3158 1193 3204 sunt
1229 3152 1496 3218 irrogata,
1524 3159 1581 3204 et
1612 3166 1735 3204 cum
1772 3153 1908 3206 nihil
1967 3168 2165 3223 suppe-

603 3249 787 3309 teret,
833 3241 902 3294 ab
964 3241 1088 3295 aliis
1151 3242 1248 3308 ipsi
1306 3242 1707 3308 fenerabantur,
1772 3258 1839 3297 eo
1890 3244 2061 3299 solum
2110 3255 2167 3299 ut

601 3344 789 3385 eorum
825 3329 1050 3384 insidias
1079 3329 1421 3400 effugerent?

672 3505 763 3561 59.
791 3505 836 3561 0
859 3506 1072 3559 mnibus
1101 3506 1295 3575 quippe
1332 3507 1527 3561 terrori
1552 3505 1742 3561 erant:
1791 3506 2163 3575 imperatoris-

601 3608 707 3663 que
738 3608 935 3649 nomen
970 3595 1329 3661 proferentes,
1361 3596 1501 3663 apud
1527 3610 1712 3650 omnes
1766 3610 1887 3651 sese
1924 3596 2167 3651 vendita-

604 3684 752 3745 bant,
790 3682 1202 3738 intertninantes
1231 3684 1372 3738 illius
1407 3687 1540 3738 iram
1569 3705 1582 3740 :
1620 3686 1764 3739 nacti
1798 3686 2015 3740 malitia:
2053 3701 2168 3742 suae

604 3772 879 3827 ministros
926 3774 1116 3827 ducem
1149 3772 1552 3838 Sebastianum,
1596 3774 1956 3830 Manichteum
1995 3777 2167 3829 homi-

603 3877 750 3925 nem,
784 3864 1229 3931 petulantemque
1270 3864 1545 3930 juvenem,
1596 3864 1910 3933 prazfectum
1959 3866 2081 3921 item
2114 3877 2167 3921 et

601 3953 878 4016 comitem,
909 3953 1334 4022 histrionemque
1367 3954 1727 4008 Catholicam.
1775 3955 1970 4011 Multas
2019 3967 2167 4012 certe

602 4041 841 4111 virgines
871 4056 990 4110 qua:
1024 4041 1238 4095 illorum
1272 4043 1608 4111 impietatem
1633 4043 1985 4108 damnabant,
2026 4049 2165 4102 veri-

600 4141 874 4201 tatemque
899 4132 1315 4201 profitebantur,
1345 4148 1410 4186 ex
1446 4135 1651 4188 antibus
1681 4136 1795 4189 suis
1829 4134 2163 4203 deiecerunt,

600 4224 733 4277 alias
766 4239 885 4293 qua:
913 4222 1258 4278 ambulabant
1293 4223 1526 4279 aﬁ‘eeere
1557 4226 1924 4293 contumeliis,
1952 4242 2167 4282 earum-

598 4328 704 4382 que
750 4314 924 4383 capita
969 4329 999 4366 a
1038 4313 1345 4383 junioribus
1391 4316 1481 4384 qui
1526 4330 1710 4370 secum
1761 4325 1919 4369 erant
1968 4318 2160 4371 nudari

2269 531 2472 600 νούχοις
2522 531 2707 585 αὑτοῦ.
2755 530 2893 593 Τοὺς
2942 529 3041 598 μὲν
3085 524 3178 580 οὖν
3207 526 3498 597 Ἕλληνας,
3538 526 3706 596 μᾶλλον
3742 528 3789 581 δέ

2268 619 2373 670 τῶν
2420 619 2683 689 Ἑλλήνων
2718 619 2845 680 τοὺς
2876 616 3317 687 ἐκϐλητοτὲρους,
3349 615 3420 668 τὰ
3468 615 3789 687 προειρημένα

2269 711 2438 762 ποιεῖν
2465 710 2793 779 ἐπέτρεποψ
2831 705 2975 778 εἶχον
3014 706 3123 777 γάρ
3165 708 3253 760 τὸν
3286 706 3689 778 ὑποκρινόμενον
3717 709 3791 760 cti-

2268 798 2378 857 τοῖς
2427 794 2493 847 τὰ
2537 795 2786 859 τοιαῦτα,
2827 795 2921 847 καὶ
2978 792 3351 865 παροξύνοντα
3393 795 3522 857 τοὺς
3557 792 3789 863 Ἕλληνας,

2268 884 2577 945 Φαυστῖνον,
2615 883 2705 935 τὸν
2750 882 3071 937 Καθολικὸν
3093 882 3190 949 μὲν
3229 881 3545 951 λεγόμενον,
3588 882 3791 950 ἀγοραῖον

2269 972 2323 1024 δὲ
2355 972 2444 1025 τὸν
2480 973 2717 1043 τρόπον,
2740 973 2831 1025 καὶ
2865 972 3069 1040 ἀσελγῆ
3116 972 3212 1043 τὴν
3244 972 3443 1043 ψυχήν.
3476 973 3630 1025 Αὐτοὶ
3664 972 3709 1025 δὲ
3741 971 3794 1024 τὰ

2270 1065 2429 1133 ὃμοια
2484 1062 2691 1125 τούτοις
2754 1062 3069 1128 ἀνεδέξαντο
3119 1064 3185 1117 δι’
3245 1063 3452 1117 ἐαυτῶν
3508 1066 3692 1116 ποιεῖν·
3724 1064 3793 1125 ἶν’,

2270 1154 2459 1225 ὥσπερ
2499 1155 2597 1225 τὴν
2633 1155 2840 1226 αἵρεσιν
2887 1156 2993 1209 ἀπὸ
3040 1155 3149 1209 τῶν
3185 1155 3359 1209 ἄλλων
3412 1154 3662 1227 αἱρέσεων
3715 1155 3797 1207 ἀπ-

2270 1244 2537 1314 εμάξαντο
2585 1245 2735 1315 (21),
2796 1244 2937 1299 οὑτω
2985 1246 3079 1300 καὶ
3104 1245 3199 1317 τὴν
3249 1245 3512 1315 πονηρίαν
3548 1244 3671 1316 μετὰ
3713 1244 3797 1297 τῶν

2270 1335 2672 1405 ἀσελγεστέρων
2700 1335 2861 1405 ἔχωσι
2893 1336 3317 1407 μεμερισμένην.
3347 1336 3427 1387 Τὰ
3461 1337 3558 1406 μέν
3583 1332 3667 1388 οὖν
3692 1335 3800 1388 ἀλλα

2269 1424 2336 1476 δι’
2376 1424 2619 1489 ἐκείνων,
2650 1425 2792 1479 καθά
2824 1429 3101 1496 προεῖπον,
3129 1426 3427 1497 ἔπραττον·
3458 1425 3495 1479 ἀ
3540 1426 3595 1479 δὲ
3622 1426 3679 1478 δι’
3702 1428 3801 1479 ἐαυ-

2269 1514 2373 1566 τῶν
2403 1514 2799 1585 ἐπλημμέλουν,
2848 1516 2963 1579 πῶς
3000 1517 3062 1568 οὑ
3100 1518 3279 1568 πᾶσαν
3315 1515 3637 1586 ὑπερϐάλλει
3670 1533 3803 1585 πονη-

2274 1605 2411 1676 ρίαν,
2448 1605 2540 1657 καὶ
2586 1605 2784 1668 παντὸς
2834 1606 3025 1677 δημίου
3073 1606 3181 1676 (‘22)
3230 1609 3357 1677 νικᾷ
3412 1606 3641 1673 κακίανς
3673 1608 3803 1659 Ποῖον

2270 1696 2377 1766 γὰρ
2409 1691 2554 1748 οἷκον
2583 1698 2682 1749 οὑκ
2727 1696 3065 1767 ἐπόρθησαν;
3113 1698 3274 1750 ποίαν
3324 1698 3523 1760 οἰκίαν,
3574 1698 3804 1768 προφάσει

2270 1786 2361 1840 τοῦ
2406 1789 2649 1859 ἐρευνᾷν,
2692 1790 2751 1841 οὑ
2809 1789 3140 1860 διήρπασαν;
3183 1793 3335 1843 ποῖον
3387 1790 3563 1859 κῆπον
3605 1791 3659 1843 ού
3697 1807 3804 1843 κατ-

2271 1877 2582 1948 επάτησαν.
2620 1879 2711 1931 καὶ
2744 1880 2911 1947 τάφον
2944 1879 3042 1931 οὑκ
3072 1880 3391 1948 ἐπήνοιξαν;
3440 1880 3695 1950 πρόφασιν
3726 1881 3803 1949 μὶν

2268 1966 2345 2027 ὡς
2383 1967 2693 2021 Ἀθανάσιον
2729 1969 2838 2035 (2⁷5)
2879 1968 3261 2038 ἐπιζητοῦντες
3304 1969 3732 2040 προϐαλλόμενοι,
3758 1969 3805 2021 τὸ

2268 2055 2314 2108 δ’
2353 2055 2471 2108 ὅλον
2528 2052 2594 2127 ἦν
2654 2060 2836 2121 αὑτοῖς
2893 2060 3322 2129 σπουδαζόμενον
3370 2060 3684 2131 διαρπάζειν
3731 2063 3807 2114 καὶ

2272 2145 2547 2199 σκυλεύειν
2570 2149 2694 2211 τοὺς
2720 2148 3088 2214 ἀπαντῶντας.
3111 2150 3297 2205 Πόσων
3320 2152 3805 2222 ἐπεσφραγίσθησαν

2268 2229 2440 2300 (licet;
2498 2238 2675 2291 πόσων
2725 2238 2797 2291 τά
2845 2241 2901 2292 ἐν
2934 2241 3054 2302 ταῖς
3092 2236 3291 2303 ξενίαις
3344 2241 3669 2296 ἐκδεδώκασι
3718 2246 3807 2306 τοῖς

2271 2327 2629 2400 ὑπουργοῦσιν
2674 2330 2853 2394 αὑτοῖς
2900 2330 3289 2402 στρατιώταις;
3324 2332 3407 2394 τίς
3440 2332 3643 2386 τούτων
3680 2334 3812 2387 ἀπεί-

2272 2434 2432 2488 ρατος
2460 2419 2559 2489 τῆς
2602 2420 2801 2485 κακίας
2846 2421 3068 2491 γέγονε;
3102 2421 3204 2485 τίς,
3235 2422 3447 2486 τούτοις
3495 2424 3809 2495 ἀπαντήσας,

2269 2509 2368 2561 οὑκ
2410 2511 2614 2581 ἐκρύϐη
2655 2512 2794 2566 κατά
2840 2514 2938 2584 τὴν
2984 2513 3219 2586 ἀγοράν;
3253 2514 3337 2577 τίς
3363 2514 3451 2567 διὰ
3481 2514 3696 2577 τούτους
3739 2515 3811 2577 οὐ,

2270 2602 2598 2672 καταλείψας
2639 2604 2735 2677 τὴν
2764 2605 2961 2670 οἰκίαν,
2992 2606 3085 2658 ἐπὶ
3129 2606 3228 2676 τῆς
3277 2606 3515 2677 ἐρημίας
3562 2606 3703 2676 διῆγε
3730 2606 3813 2677 τὴν

2270 2700 2471 2763 νύκτα;
2504 2699 2608 2762 τίς,
2636 2698 2837 2751 τούτων
2870 2698 3026 2768 χάριν
3061 2696 3292 2767 φυλάξαι
3318 2696 3385 2748 τὰ
3422 2696 3531 2749 ἴδια
3576 2696 3812 2757 σπεύδων,

2268 2791 2367 2842 οὑκ
2400 2789 2644 2842 ἀπώλεσε
2684 2787 2751 2842 τά
2785 2788 3037 2852 πλεῖστα;
3083 2786 3166 2850 τίς
3210 2789 3436 2856 ἄπειρος
3472 2787 3733 2858 θαλάττης
3764 2787 3814 2839 ού

2273 2881 2468 2952 μᾶλλον
2522 2880 2691 2933 εἵλετο
2744 2879 2970 2949 ταύτην.
3014 2878 3107 2931 καὶ
3160 2877 3266 2930 τῶν
3316 2877 3523 2946 ταύτης
3585 2879 3820 2932 κινδύνων

2270 2975 2463 3041 πεῖραν
2491 2968 2750 3039 λαϐεῖν,ἢ
2779 2967 3002 3031 τούτους
3044 2968 3175 3038 όρᾷν
3222 2965 3617 3030 ἀπειλοῦνταςς
3650 2965 3819 3019 Πολλοὶ

2269 3061 2365 3114 καὶ
2388 3061 2566 3123 οἴκους
2598 3058 2859 3130 μετῆλθον
2890 3058 2983 3111 καὶ
3017 3058 3350 3127 μετέστησαν
3381 3057 3491 3111 ἀπὸ
3518 3057 3720 3128 λαύρας
3752 3058 3820 3119 είς

2268 3151 2473 3223 λαῦραν
2631 3191 2647 3215 ,
2689 3150 2782 3203 καὶ
2810 3149 2916 3202 ἀπὸ
2948 3148 3046 3216 τῆς
3078 3147 3283 3210 πόλεως
3317 3147 3397 3209 είς
3423 3136 3820 3217 τάπροάστεια.

2268 3244 2431 3296 Πόσοι
2470 3260 2527 3296 τε
2574 3243 2776 3313 ζημίας
2804 3240 2977 3303 πόσας
3007 3238 3337 3309 ὑπέστησαν,
3373 3240 3471 3293 καὶ
3522 3239 3596 3309 μὴ
3630 3238 3823 3308 ἔχοντες

2267 3333 2605 3386 ἐδανείσαντο
2652 3333 2784 3402 παρ’
2823 3331 3042 3408 ἐτέρων,
3086 3330 3172 3383 ἴνα
3207 3329 3367 3398 μόνον
3413 3329 3513 3393 τὰς
3558 3327 3824 3388 ἐπιὸουλάς

2266 3423 2468 3476 τούτων
2500 3422 2812 3491 ἐκφύγωσιν
2829 3438 2843 3486 ;

2340 3511 2427 3565 59.
2469 3513 2609 3564 Πᾶσι
2655 3510 2762 3582 γὰρ
2817 3510 3078 3581 φοϐεροὺς
3126 3509 3353 3572 ἑαυτοὺς
3410 3508 3698 3569 ἐδεὶκνυον,
3744 3505 3827 3559 καὶ

2268 3604 2404 3676 πρὸς
2449 3606 2655 3667 πάντας
2696 3602 3111 3673 ἠλαζονεύοντο,
3164 3602 3386 3671 βασιλέα
3434 3597 3602 3653 πᾶσιν
3645 3597 3827 3665 ὀνομά-

2267 3692 2479 3757 ζοντεςο
2533 3692 2629 3744 καὶ
2682 3690 3027 3753 ἀπειλοῦντες
3084 3691 3182 3759 μὲν
3241 3689 3331 3741 τὸν
3385 3689 3594 3742 ἐκείνου
3648 3687 3826 3755 φόὸον,

2266 3784 2479 3853 ἔχοντες
2527 3781 2582 3833 δὲ
2616 3782 2921 3851 ὑπουργοὺς
2972 3782 3051 3843 είς
3102 3779 3199 3849 τὴν
3234 3778 3500 3850 πονηρίαν
3539 3778 3631 3830 τὸν
3680 3776 3831 3829 δούκα

2267 3870 2643 3933 Σεδαστιανὸν,
2679 3871 2973 3940 Μανιχαῖον
3004 3869 3154 3934 ὄντα,
3182 3871 3277 3921 καὶ
3309 3869 3516 3939 ἀσελγῆ
3548 3868 3829 3937 νεώτερον.

2268 3963 2361 4016 καὶ
2386 3962 2476 4015 τὸν
2510 3961 2765 4030 ἔπαρχον,
2791 3962 2885 4014 καὶ
2923 3960 3013 4012 τδν
3054 3960 3269 4030 κόμητα
3299 3960 3436 4028 (‘25),
3473 3960 3571 4013 καὶ
3618 3960 3833 4028 ὑποκρι-

2266 4055 2365 4125 τὴν
2411 4052 2505 4106 τὸν
2549 4052 2868 4106 Καθολικόν.
2918 4048 3125 4113 Πολλὰς
3164 4049 3296 4117 γοῦν
3331 4049 3640 4118 παρθένους
3670 4063 3830 4099 κατα-

2267 4144 2497 4213 γνούσας
2531 4142 2709 4197 αὑτῶν
2736 4143 2835 4213 τῆς
2863 4140 3135 4203 ἀσεϐείας,
3167 4139 3261 4192 καὶ
3293 4138 3391 4209 τὴν
3430 4138 3692 4209 ἀλήθειαν
3723 4139 3832 4189 ἐπι-

2267 4234 2533 4302 γνούσας,
2582 4234 2923 4303 κατήνεγκαν
2970 4230 3078 4283 ἀπὸ
3127 4228 3238 4281 τῶν
3284 4228 3492 4287 οἰκιῶν.
3544 4229 3643 4282 καὶ
3685 4226 3838 4287 ἄλλας

2269 4323 2673 4395 περιπατούσας
2721 4319 2972 4391 ὕϐριζον,
3004 4319 3099 4372 καλ⁴
3148 4318 3367 4371 ἐποίουν
3412 4319 3517 4371 ὑπὸ
3563 4318 3673 4371 τῶν
3721 4312 3840 4386 παρ’

595 4404 896 4472 jusserunt,
949 4406 1376 4476 mulieribusque
1425 4409 1540 4463 suis
1604 4408 1913 4464 facultatem
1960 4410 2161 4466 dedere

2269 4419 2450 4481 αὑτοῖς
2491 4416 2769 4487 νεωτέρων
2820 4411 3158 4485 γυμνοῦσθαι
3196 4412 3295 4475 τὰς
3345 4411 3593 4481 κεφαλὰς
3635 4410 3838 4464 αὐτῶν·

597 4500 957 4553 contumelias
984 4500 1211 4555 arbitrio
1237 4516 1336 4555 suo
1376 4503 1550 4558 cuivis
1592 4504 1807 4560 illarutn
1870 4505 2160 4562 inferendi.

597 4584 849 4641 Honesta
895 4588 1417 4660 itaque’fidelesque
1473 4601 1735 4648 matronae
1793 4595 2159 4650 declinabant.

595 4675 702 4731 ιιιω
736 4686 912 4732 autem
944 4680 1100 4747 quasi
1132 4681 1353 4736 bacchae
1389 4697 1453 4736 ac
1501 4682 1683 4750 furize,
1723 4686 2162 4740 circumcursan-

597 4775 678 4820 tes
729 4767 1105 4823 detrimentum
1156 4772 1440 4840 putabant,
1492 4773 1536 4826 si
1580 4790 1741 4841 quam
1778 4790 1883 4829 non
1916 4774 2155 4830 offende-

595 4866 737 4921 rent,
786 4859 873 4911 eui
925 4858 1185 4913 inferrent
1236 4861 1492 4929 injuriam
1537 4881 1552 4917 :
1592 4879 1821 4932 eamque
1860 4866 2004 4919 diem
2037 4881 2159 4921 cum

597 4962 829 5004 maerore
872 4955 1122 5020 agebant,
1178 4955 1236 5008 in
1286 4972 1391 5024 qua
1436 4956 1637 5011 nullam
1683 4956 1878 5013 laedere
1910 4969 2155 5028 possent.

601 5037 818 5092 Demum
871 5041 944 5094 ita
992 5041 1200 5098 eﬂerati
1246 5046 1537 5115 acerbique
1566 5048 1619 5102 in
1657 5063 1848 5102 omnes
1886 5059 2063 5113 erant,
2102 5058 2159 5102 ut

597 5130 901 5196 carnifices,
937 5134 1237 5199 homicidae,
1262 5135 1475 5202 nefarii,
1507 5137 1833 5208 litigatores,
1872 5142 2158 5206 malitiosi,

594 5220 832 5288 nihilque
877 5237 980 5275 non
1018 5224 1196 5292 potius
1237 5241 1397 5295 quam
1439 5228 1737 5285 Christiani
1793 5232 1859 5286 ab
1900 5218 2158 5288 omnibus

593 5320 939 5366 vocarentur.

810 5564 963 5637 βοαὶ,
994 5567 1356 5637 ἀπεμάξοντο.

810 5630 1047 5713 [ιοῆθῇ
1072 5630 1210 5713 E-titi
1242 5656 1388 5713 vero,
1421 5643 1515 5713 καὶ
1547 5641 1638 5713 τού
1673 5642 1889 5713 δημίου.

678 5696 791 5765 (Ξῦ)
822 5702 932 5772 lteg
961 5742 974 5764 ,
998 5696 1317 5762 Ἆθανάσιον
1358 5696 1432 5772 ὥς
1463 5696 1772 5781 ζητοῦντες.

2272 4509 2365 4562 καὶ
2402 4506 2616 4576 γυναιξὶ
2646 4507 2703 4559 δὲ
2732 4508 2852 4568 ταῖς
2883 4504 3009 4574 παρ’
3053 4502 3233 4556 αὐτῶν
3265 4501 3563 4555 δεδώκασιν
3606 4499 3843 4565 ἐξουσίαν

2273 4599 2511 4670 ὑϐρίζειν
2550 4598 2617 4668 ἢν
2650 4597 2879 4651 θέλουσι.
2924 4595 3032 4648 Καὶ
3070 4596 3130 4646 αἱ
3167 4594 3267 4664 μὲν
3299 4596 3497 4663 σεμναὶ
3537 4594 3633 4646 καὶ
3668 4590 3845 4645 πισταὶ

2268 4692 2521 4755 γυναῖκες
2571 4687 2838 4752 ἐξέκλινον
2897 4685 2989 4739 καὶ
3047 4683 3411 4755 παρεχώρουν
3466 4684 3709 4747 ἐκείναις
3756 4682 3846 4750 τὴν

2267 4781 2414 4834 όδόνο
2446 4780 2502 4833 αἱ
2533 4779 2590 4832 δὲ
2623 4779 2811 4849 ὥσπερ
2855 4776 3113 4848 μαινάδες
3143 4778 3239 4831 καὶ
3271 4776 3519 4848 ἐριννύες
3556 4776 3671 4844 (26)
3702 4790 3848 4843 περι·

2266 4872 2571 4943 ερχόμεναι.
2611 4869 2895 4941 συμφορὰν
2939 4866 3171 4938 ἡγοῦντο
3215 4869 3277 4921 τὸ
3320 4869 3396 4941 μὴ
3426 4870 3714 4938 εὑρίσκειν
3744 4864 3847 4917 ἀδι-

2268 4965 2419 5039 κεῖν,
2450 4960 2544 5014 καὶ
2589 4959 2688 5030 τὴν
2736 4959 2945 5029 ἡμέραν
2977 4958 3194 5031 ἐκείνην
3247 4961 3385 5030 μετὰ
3413 4959 3593 5029 λύπης
3646 4956 3845 5024 διῆγον.

2269 5056 2325 5107 ἐν
2424 5053 2496 5123 μὴ
2527 5051 2788 5123 ἠδύναντο
2815 5054 3147 5106 κακοποιεῖν.
3180 5051 3291 5105 Καὶ
3325 5052 3465 5115 ὅλως
3508 5050 3687 5111 οὓτως
3716 5043 3847 5115 ἦσαν

2271 5146 2433 5197 πᾶσιν
2472 5144 2650 5213 ἄγριοι
2693 5142 2789 5194 καὶ
2840 5142 3045 5212 πικροὶ,
3075 5142 3219 5195 ὥστε
3249 5143 3504 5214 δημίους,
3549 5139 3846 5211 φονευτὶς,

2270 5235 2586 5305 ἀθεμίτους,
2622 5233 3083 5303 φιλοπράγμονας.
3114 5234 3489 5307 κακούργους,
3535 5235 3632 5289 καὶ
3680 5230 3850 5285 πάνυ

2272 5324 2467 5396 μᾶλλον
2487 5324 2680 5387 αὑτοὺς
2700 5323 2732 5392 ἢ
2754 5324 3111 5393 Χριστιανοὺς
3129 5323 3282 5394 παρά
3304 5310 3523 5377 πάντων
3541 5318 3849 5375 καλεῖσθαι.

2338 5570 2451 5646 (ἓξ)
2485 5574 2641 5646 Beg.,
2668 5576 2872 5646 λαύραν
2900 5588 3018 5627 cum
3047 5582 3232 5626 acuto.
3328 5614 3329 5617 η

2356 5643 2448 5708 ‘25)
2484 5643 2641 5712 Reg”
2665 5643 2880 5715 κόμὶτα.

2336 5646 2450 5783 ίὲϐ)
2487 5714 2649 5783 Reg.,
2680 5716 2839 5778 male,
2865 5710 3007 5783 ἐρινύ

2359 5712 2450 5786 26)
2487 5714 2649 5785 Reg.,
2680 5712 2839 5778 male,
2865 5712 3125 5783 ἐρινύαις.
