3980 6490
513 344 620 401 767

1079 343 1136 397 S.
1180 339 1544 396 ATUANASII
1586 338 1737 395 OPP.
1780 336 1957 391 PARS
1996 336 2034 390 Ι.
2076 366 2146 376 —
2189 334 2555 392 IIISTORICA
2596 336 2680 389 ΕΤ
2724 334 3139 390 DOGMATICA.

3647 334 3739 389 768

512 464 788 536 mosyndm
812 466 854 498 “
882 482 896 527 ;
926 474 978 520 el
1000 505 1014 530 ,
1069 464 1275 517 Esurivi
1301 506 1316 530 ,
1346 471 1394 517 et
1434 463 1650 516 dedistis
1679 461 1804 513 mihi
1853 460 2071 512 mandu-

2179 457 2435 511 ἐδώκατέ
2474 475 2575 526 μοι
2623 456 2852 525 φαγεῖν·
2895 455 3142 521 ἐδίψων,
3184 451 3281 505 καὶ
3305 448 3632 504 ἐποτίσατέ
3658 466 3740 519 με.

514 572 635 612 care
662 574 680 614 :
710 558 851 610 sitivi
875 596 889 619 ,
923 568 969 609 et
1008 556 1227 623 potastis
1259 572 1360 608 me.
1407 554 1677 618 Quantum
1714 553 1854 606 enim
1884 550 2078 618 fecistis

515 648 607 701 uni
638 662 702 700 ea:
734 646 818 700 his
848 646 1103 710 minimis,
1136 645 1265 698 mihi
1298 644 1496 709 fecistis
1528 644 1593 695 ³¹.
1632 642 1693 695 Hi
1726 649 1907 695 autem
1937 678 1954 705 ,
1995 648 2082 693 ut-

515 748 642 809 pote
676 740 767 806 qui
812 752 999 792 revera
1054 746 1241 790 contra
1282 735 1554 790 Christum
1586 734 1865 797 sentiant,
1904 732 1957 785 in
1998 732 2082 786 bis

515 845 733 899 quoque
761 830 878 899 ejus
904 828 1164 883 voluntati
1187 828 1448 882 obsistere
1478 828 1591 881 ausi
1624 836 1769 881 sunt.
1804 824 1936 879 Nam
1958 838 2079 878 cum

516 934 716 990 egenos
751 921 1153 989 conspicerent,
1180 927 1233 972 et
1276 918 1466 971 viduas
1507 918 1670 987 (quae,
1708 932 1832 971 cum
1862 915 1966 968 dux
1994 929 2079 968 ec-

517 1011 715 1066 clesias
750 1011 968 1065 Arianis
1019 1009 1374 1071 tradidisset,
1410 1008 1462 1061 in
1521 1008 1587 1061 iis
1619 1006 1826 1061 versari
1889 1004 2081 1073 nequi-

514 1101 666 1170 bant)
718 1102 969 1155 sedentes
1009 1101 1059 1153 in
1104 1098 1392 1167 assignatis
1429 1097 1528 1151 sibi
1584 1097 1715 1151 locis
1765 1111 1794 1148 a
1845 1094 2076 1157 clericis,

514 1191 711 1258 quibus
738 1190 1019 1241 viduarum
1056 1201 1182 1241 cura
1222 1187 1532 1240 concredita
1561 1184 1778 1239 fuerat:
1809 1198 1930 1238 cum
1964 1197 2079 1237 cer-

515 1287 704 1333 nerent
737 1279 934 1332 fratres
992 1286 1241 1345 prompto
1294 1277 1422 1345 ipsis
1463 1276 1641 1329 animo
1684 1275 2078 1342 eleemosynam

515 1382 765 1437 erogare,
802 1366 1084 1438 viduisque
1119 1366 1372 1419 alimenta
1413 1364 1689 1434 praebere;
1731 1377 1822 1416 eas
1854 1363 2079 1431 pedibus

512 1458 790 1526 pulsantes
826 1457 939 1525 (35)
968 1456 1413 1524 insequebantur,
1452 1455 1845 1524 largitoresque
1870 1452 2080 1507 defere-

512 1549 643 1600 bant
687 1546 751 1600 ad
783 1546 1280 1614 ducem.‘;llludque
1329 1561 1356 1597 a
1410 1544 1670 1613 Dynamio
1694 1543 1804 1612 (36)
1845 1542 2074 1611 quodam

514 1636 685 1690 milite
720 1638 1001 1703 agebatur,
1044 1645 1267 1701 eratque
1314 1631 1633 1687 Sebastiano
1662 1631 2028 1700 gratissimum
2058 1647 2073 1683 :

512 1729 652 1795 apud
692 1725 1015 1779 Manichzeos
1045 1725 1186 1778 enim
1222 1724 1363 1777 nulla
1393 1732 1471 1777 est
1503 1723 1926 1786 commiseratio,
1959 1736 2074 1775 res-

2183 550 2310 617 Ἐφ’
2344 549 2494 601 ὅσον
2525 549 2633 617 γὰρ
2660 546 2982 614 ἐποιήσατε
3000 545 3089 597 ἐνὶ
3121 543 3239 596 τῶν
3262 540 3495 611 μικρῶν
3512 542 3743 601 τούτων,

2181 640 2309 709 ἐμοὶ
2340 638 2679 707 ἐποιήσατε.
2710 633 2867 691 υῦτοι
2892 637 2969 699 δὲ,
3000 636 3074 697 ὡς
3101 634 3177 704 τῷ
3199 634 3313 686 ὄντι
3352 633 3496 685 κατὰ
3524 631 3745 702 Χριστοῦ

2183 729 2523 801 φρονοῦντες,
2554 730 2648 783 καὶ
2681 730 2736 781 ἐν
2758 727 2965 789 τούτοις
2992 724 3319 797 ἀντιπρᾶξαι
3345 724 3424 794 τῷ
3460 723 3745 793 βουλήματι

2182 819 2345 873 αὐτοῦ
2367 820 2748 891 τετολμήκασι.
2776 820 2915 881 Τοὺς
2945 817 3053 887 γὰρ
3086 816 3375 885 δεομένους
3408 815 3506 869 καὶ
3538 814 3639 876 τὰς
3655 815 3745 883 χή-

2186 927 2303 980 ρας,
2331 911 2514 981 ἐπειδὴ
2558 910 2656 973 τὰς
2688 907 2980 977 ἐκκλησίας
3023 906 3409 977 παραδέδωκεν
3444 904 3558 974 (55)
3586 906 3615 957 ὁ
3637 903 3746 968 δούξ

2180 1003 2291 1063 τοῖς
2331 1001 2643 1071 Ἀρειανοῖς,
2698 1000 2792 1052 καὶ
2842 1000 2901 1052 ἐν
2947 998 3136 1061 αὐταῖς
3169 996 3469 1067 διατρίϐειν
3512 996 3613 1048 οὐκ
3635 994 3746 1065 ἠδύ-

2181 1107 2357 1152 ναντο,
2399 1089 2766 1159 καθεζομένας
2795 1089 2852 1141 ἐν
2899 1085 2980 1150 οἷς
3009 1087 3215 1158 ὥρισαν
3258 1087 3449 1149 αὐταῖς
3474 1086 3658 1149 τόποις
3702 1087 3744 1138 oi

2183 1178 2599 1250 πεπιστευμένοι
2623 1179 2734 1248 (54)
2767 1179 2865 1242 τὰς
2898 1181 3069 1249 χήρας
3092 1177 3368 1248 κληρικοὶ,
3398 1176 3591 1246 ἐπειδὴ
3613 1176 3746 1228 ἔϐλε-

2181 1288 2280 1323 πον
2303 1272 2427 1334 τοὺς
2453 1271 2713 1339 ἀδελφοὺς
2743 1269 3035 1340 προθύμως
3052 1268 3389 1331 ἐπιδιδόντας
3421 1269 3635 1331 αὐταῖς,
3663 1269 3745 1319 καὶ

2179 1361 2475 1431 τρέφοντας
2526 1361 2625 1423 τὰς
2681 1360 2877 1430 χήρας,
2930 1359 3096 1422 αὐτάς
3150 1375 3210 1410 τε
3243 1356 3385 1410 κατὰ
3425 1358 3537 1409 τῶν
3586 1356 3745 1409 ποδῶν

2178 1451 2472 1516 τύπτοντες
2504 1451 2724 1505 ἐδίωκον
2752 1450 2888 1521 (35),
2909 1451 3002 1503 καὶ
3033 1451 3159 1511 τούς
3188 1449 3530 1518 παρέχοντας
3556 1447 3746 1499 διέϐαλ-

2178 1542 2266 1594 λον
2295 1541 2371 1612 τῷ
2397 1542 2569 1595 δουκί.
2600 1542 2711 1595 Καὶ
2748 1542 2906 1594 τοῦτο
2939 1540 3185 1609 ἐγίγνετο
3230 1538 3317 1591 διὰ
3342 1538 3617 1607 Δυναμίου
3646 1537 3743 1607 (36)

2177 1632 2319 1696 τινὸς
2340 1633 2688 1705 στρατιώτου·
2714 1632 2865 1701 φίλον
2896 1631 2953 1684 δέ
2980 1628 3047 1700 ἦν
3068 1631 3227 1683 τοῦτο
3257 1630 3366 1697 (37)
3387 1626 3739 1695 Σεϐαστιανῷ·

2179 1721 2327 1791 παρὰ
2384 1721 2703 1790 Μανιχαίοις
2752 1719 2864 1790 γὰρ
2910 1719 3054 1781 ἔλεος
3114 1718 3215 1769 οὐκ
3264 1716 3447 1779 ἐστιν,
3496 1714 3631 1767 ἀλλὰ
3661 1714 3746 1767 καὶ

511 1830 617 1883 que
663 1814 770 1868 illis
818 1814 1001 1867 odiosa
1054 1822 1134 1866 est
1182 1825 1469 1880 pauperem
1520 1811 1789 1865 miserari.
1838 1808 2071 1864 lnsoleus

2181 1811 2374 1882 ἐχθρόν
2401 1812 2517 1862 ἐστι
2546 1813 2675 1882 παρ’
2700 1812 2880 1872 αὐτοῖς
2910 1810 2970 1862 τὸ
2995 1809 3163 1861 ἐλεεῖν
3196 1808 3419 1876 πένητα.
3448 1803 3559 1858 Ἦν
3579 1806 3744 1858 τοίνυν

512 1905 697 1973 itaque
727 1903 1094 1957 accusationis
1139 1916 1306 1971 genus
1332 1910 1472 1966 erat,
1507 1915 1812 1969 novumque
1843 1900 2072 1955 tribunal

513 1995 581 2047 ab
612 1993 718 2046 illis
754 1991 865 2057 jam
908 1992 1137 2058 primum
1167 1992 1528 2059 excogitatum
1566 1999 1668 2045 est.
1706 1991 1781 2045 De
1815 1990 2076 2045 beneficio

510 2083 706 2150 quippe
753 2081 949 2136 collato
1004 2083 1056 2133 in
1097 2080 1186 2149 jus
1218 2080 1547 2134 vocabantur
1572 2080 1853 2134 homines:
1887 2088 1943 2133 et
1983 2080 2072 2148 qui

509 2170 908 2239 eleemosynam
934 2170 1147 2232 darent,
1173 2168 1552 2222 deferebantur
1584 2187 1599 2223 :
1628 2169 1718 2237 qui
1754 2168 2072 2223 beneficium

511 2261 816 2328 acciperet,
850 2259 1136 2329 vapulabat
1173 2275 1188 2312 :
1223 2259 1601 2328 malebantque
1638 2274 1925 2330 pauperem
1950 2273 2077 2314 esu-

510 2351 639 2413 rire,
675 2367 839 2419 quam
869 2364 1095 2417 erogare
1128 2349 1222 2418 qui
1244 2349 1422 2404 vellet.
1456 2351 1565 2405 lloc
1593 2352 1719 2404 item
1742 2351 1808 2403 ab
1842 2350 2077 2419 antiquis

510 2440 618 2495 illis
647 2437 850 2494 ludatis
881 2439 1184 2493 didicerant
1217 2440 1339 2493 novi
1378 2439 1463 2492 isti
1498 2438 1691 2492 Judazi.
1722 2438 1800 2491 llli
1846 2454 2077 2507 namque

390 2526 405 2543 ’
511 2545 633 2585 cum
659 2539 944 2585 cernerent
972 2545 1171 2584 catcum
1205 2545 1234 2583 a
1270 2531 1553 2585 nativitate
1577 2568 1593 2594 ,
1618 2532 1791 2585 visum
1839 2532 2076 2599 recepis-

510 2635 570 2675 se
594 2619 661 2684 ³⁸,
691 2634 925 2689 eumque
958 2621 1047 2687 qui
1067 2621 1273 2686 jamdiu
1305 2619 1636 2690 paralyticus
1659 2628 1795 2683 erat,
1824 2630 2073 2675 sanatum

511 2711 677 2765 fuisse
701 2711 768 2775 “,
823 2710 1208 2772 beneﬁciorum
1243 2722 1520 2765 auctorem
1557 2711 1841 2765 Dominum
1890 2713 2076 2766 crimi-

514 2801 779 2855 nabantur
809 2815 824 2853 :
860 2799 1122 2854 beneﬂcio
1154 2791 1375 2855 ati‘ectos
1400 2799 1731 2854 damnabant
1779 2807 1836 2853 ut
1867 2814 2074 2869 praeva-

511 2890 794 2945 ricatores.

582 2978 677 3033 62.
706 2979 963 3046 Quisnam
993 2981 1107 3035 haec
1136 2980 1363 3034 miratus
1386 2994 1491 3034 non
1525 2989 1607 3035 est
1633 2981 1656 3033 ?
1686 2980 1817 3046 Quis
1856 2995 1959 3035 non
1990 2991 2074 3037 est

510 3072 757 3127 barresim
789 3070 1015 3140 ejusque
1036 3070 1275 3125 vindices
1297 3070 1655 3125 exsecratus?
1683 3071 1814 3135 Quis
1842 3085 1946 3124 non
1983 3086 2074 3125 no-

2179 1902 2339 1973 καινὴ
2368 1901 2591 1973 μέμψις,
2628 1901 2722 1953 καὶ
2748 1900 3091 1969 δικαστήριον
3115 1898 3209 1951 νῦν
3228 1897 3443 1967 πρῶτον
3472 1896 3747 1965 ἐπιωηθέν

2180 1996 2312 2065 παρ’
2348 1993 2547 2047 αὐτῶν.
2582 1991 2703 2046 Ἐπὶ
2727 1990 3013 2060 εὐεργεσίᾳ
3041 2005 3126 2051 τις
3159 1988 3423 2057 ἐκρίνετο·
3469 1988 3564 2039 καὶ
3589 1988 3617 2039 ό
3658 1986 3746 2055 μὲν

2178 2083 2342 2137 ἐλεῶν
2390 2084 2763 2153 κατηγορεῖτο,
2816 2082 2845 2132 ὁ
2874 2079 2928 2132 δὲ
2976 2077 3427 2148 εὐεργετούμενος
3466 2076 3735 2129 ἐτύπτετο·

2179 2175 2271 2227 καὶ
2311 2175 2508 2244 μᾶλλον
2537 2173 2725 2243 ἤθελον
2758 2171 2947 2240 πεινᾷν
2972 2169 3060 2221 τὸν
3110 2168 3338 2237 πένητα,
3367 2168 3401 2237 ἢ
3450 2167 3544 2220 τὸν
3574 2167 3742 2237 βουλό-

2182 2283 2339 2337 μενον
2380 2265 2568 2329 ἐλεεῖν,
2592 2261 2868 2333 παρέχειν.
2908 2260 3018 2313 Καὶ
3046 2257 3205 2310 τοῦτο
3234 2257 3291 2309 δὲ
3316 2255 3469 2327 παρὰ
3494 2256 3604 2309 τῶν
3645 2273 3742 2309 πα-

2178 2359 2343 2413 λαιῶν
2376 2356 2532 2410 πάλιν
2574 2354 2837 2407 Ἰουδαίων
2883 2349 3104 2420 ἔμαθον,
3148 2350 3256 2403 νέοι
3299 2348 3454 2412 ὅντες
3514 2347 3739 2401 Ἰουδαῖοι

2178 2449 2273 2502 καὶ
2296 2447 2469 2502 αὐτοί·
2502 2444 2722 2514 καὶγὰρ
2754 2443 2993 2495 κάκεῖνοι
3013 2440 3302 2511 βλέποντες
3322 2440 3413 2493 τὸν
3446 2440 3513 2492 ἐκ
3531 2440 3743 2509 γενετῆς

2176 2537 2376 2605 τυφλὸν
2415 2536 2602 2588 λοιπὸν
2656 2533 2939 2603 βλέποντα,
2977 2531 3070 2583 καὶ
3104 2530 3196 2583 τὸν
3242 2528 3425 2599 πολλῷ
3456 2528 3535 2599 τῷ
3577 2529 3743 2600 χρόνῳ

2178 2626 2544 2699 παραλυτικὸν
2577 2624 2862 2695 γενόμενον
2885 2620 3034 2690 ὐγιῆ·
3070 2621 3163 2673 τὸν
3196 2621 3294 2691 μὲν
3321 2620 3742 2691 εὐεργετήσαντα

2177 2720 2381 2792 Κύριον
2407 2717 2656 2790 ᾐτιῶντο,
2689 2718 2815 2779 τοὺς
2846 2716 2903 2769 δέ
2934 2710 2992 2768 εὖ
3020 2712 3292 2776 παθόντας
3322 2711 3400 2774 ώς
3431 2710 3741 2781 παραϐάτας

2176 2812 2408 2883 ἔκρινον.

2247 2985 2338 3039 62.
2394 2985 2491 3048 Τίς
2547 2980 2638 3037 οῦν
2696 2984 2788 3036 ἐπὶ
2832 2982 3040 3045 τούτοις
3094 2982 3194 3034 οὐκ
3221 2978 3655 3050 ἐθαύμαζεςτίς
3684 2979 3741 3031 οὐ

2178 3078 2455 3147 κατηρᾶτο
2484 3074 2580 3144 τὴν
2611 3075 2838 3145 αἵρεσιν,
2883 3074 2977 3127 καί¹
3011 3073 3137 3136 τοὺς
3165 3067 3520 3133 ἐκδικοῦντας
3548 3070 3739 3139 abripi;

508 3163 588 3217 vit
620 3163 750 3219 feris
786 3135 1278 3232 ipsis—ederatiores
1301 3165 1534 3218 Arianos
1560 3165 1722 3218 esse?
1766 3163 1951 3234 Neque
1988 3175 2069 3218 ta—

2178 3166 2272 3230 Τίς
2294 3135 2393 3219 οὐκ
2441 3135 2755 3231 ἐγίνωσκεν,
2789 3135 2869 3217 ὅτι
2892 3165 2985 3217 καὶ
3024 3162 3227 3233 θηρίων
3264 3162 3595 3233 ἀγριώτεροι
3624 3135 3743 3227 τυγ-

505 3266 627 3309 meu
655 3255 869 3310 scelesti
903 3269 965 3310 ea
998 3255 1142 3310 nacti
1174 3262 1299 3309 sunt
1352 3270 1473 3324 quae
1517 3256 1569 3309 id
1618 3254 1825 3325 agendo
1854 3257 2070 3325 assequi

504 3347 898 3414 perOptabant,
955 3346 1062 3400 imo
1115 3359 1243 3399 vero
1302 3345 1355 3399 in
1418 3348 1635 3416 gravius
1694 3348 2071 3401 universorum

502 3433 687 3487 odium
721 3433 1084 3488 incurrerunt.
1126 3434 1436 3504 Sperabant
1481 3445 1628 3491 certe
1662 3436 1871 3490 insidiis
1905 3445 2070 3506 atque

505 3534 715 3579 terrore
738 3525 999 3592 quosdam
1037 3539 1102 3580 eo
1130 3525 1320 3579 adduci
1347 3540 1504 3595 posse
1525 3567 1541 3592 ,
1578 3534 1636 3579 ut
1671 3528 1918 3581 haeresim
1950 3543 2069 3582 am-

503 3612 1090 3684 plecterentur,atque
1142 3615 1498 3669 conventibus
1551 3615 1879 3670 interessent
1934 3618 2066 3672 suis.

505 3704 612 3759 Sed
646 3705 811 3759 cessit
838 3719 924 3759 res
962 3714 1151 3759 contra
1200 3720 1363 3774 quam
1402 3706 1500 3759 rati
1532 3715 1687 3760 erant
1718 3724 1731 3760 :
1770 3722 1892 3761 nam
1933 3721 2071 3775 quos

504 3793 579 3847 illi
614 3792 942 3863 allligebant,
971 3794 1006 3847 ii
1034 3809 1305 3849 aerumnas
1334 3794 1436 3849 sibi
1479 3793 1654 3849 illatas
1685 3796 1837 3863 quasi
1866 3806 2068 3867 marty-

505 3885 642 3939 rium
665 3884 1007 3953 perferebant
1036 3901 1049 3937 :
1084 3898 1256 3951 neque
1294 3885 1593 3952 prodebant
1624 3885 1705 3939 vel
1728 3887 2067 3955 abnegabant

503 3975 646 4043 piam
682 3973 735 4028 in
761 3972 1034 4028 Christum
1086 3974 1269 4029 ﬁdem.
1312 3974 1566 4029 Extranei
1603 3984 1782 4029 autem
1832 3977 1921 4044 qui
1951 3976 2068 4032 hmc

501 4065 934 4133 conspiciebant,
967 4065 1075 4119 imo
1096 4066 1297 4120 ethnici
1328 4067 1442 4119 lucc
1483 4068 1607 4120 dum
1642 4076 1950 4133 cernerent,
1974 4083 2068 4123 eos

501 4154 647 4209 velut
712 4154 1062 4209 antichristos
1119 4164 1172 4210 et
1231 4154 1510 4209 carnitices
1576 4156 2064 4223 exsecrabantur:

512 4252 595 4297 est
644 4243 841 4312 quippe
901 4258 1068 4309 genus
1122 4244 1416 4299 humanum
1476 4258 1773 4313 pauperum
1838 4260 2064 4313 amans,

499 4335 567 4391 ad
613 4336 1148 4405 misericordiamque
1193 4332 1461 4405 pronum.'
1496 4335 1563 4390 Hi
1590 4352 1722 4391 vero
1766 4338 1848 4393 vel
1882 4339 2067 4393 huma-

2176 3259 2425 3327 χάνουσιν
2450 3259 2499 3310 οἱ
2542 3257 2804 3328 Ἀρειανοί
2826 3275 2840 3321 ς
2873 3255 2992 3308 οὐδὲ
3017 3254 3125 3325 γὰρ
3149 3253 3269 3307 οὐδὲ
3298 3248 3375 3307 ὧν
3401 3254 3567 3307 ἕνεκα
3583 3252 3743 3306 ταῦτα

2175 3348 2391 3400 ἐποίουν
2406 3348 2711 3418 ἐκέρδαινον
2739 3349 2786 3399 oi
2820 3345 3024 3416 μιαροὶ,
3050 3345 3186 3399 ἀλλὰ
3200 3345 3302 3399 καῖ’
3317 3344 3522 3415 μᾶλλον
3549 3344 3609 3397 τὸ
3627 3343 3740 3396 καθ’

2176 3439 2380 3491 ἑαυτῶν
2436 3442 2588 3508 μῖσος
2643 3438 2791 3507 παρὰ
2856 3439 3017 3491 πᾶσιν
3065 3436 3320 3506 ηὔξανον.
3380 3436 3656 3505 Ἐνόμιζον
3688 3432 3742 3496 ἐξ

2173 3528 2461 3599 ἐπιϐουλῆς
2487 3529 2581 3581 καὶ
2608 3527 2771 3596 φόϐου
2801 3527 3079 3598 βιάζεσθαί
3111 3544 3262 3591 τινας
3291 3529 3372 3589 είς
3401 3526 3502 3596 τὴν
3522 3526 3736 3596 αἵρεσιν,

2172 3620 2314 3672 ὥστε
2338 3619 2433 3673 καὶ
2451 3618 2777 3686 συνάγεσθαι
2805 3617 2920 3686 μετ’
2945 3615 3145 3670 αὐτῶν,
3179 3615 3467 3668 Ἀπέϐαινε
3491 3615 3547 3667 δὲ
3568 3614 3740 3675 αὐτοῖς

2171 3710 2239 3764 τὰ
2264 3710 2500 3763 ἐναντία·
2532 3710 2581 3761 oi
2614 3709 2712 3779 μὲν
2733 3709 2842 3779 γὰρ
2862 3708 3158 3777 πάσχοντες
3188 3707 3263 3769 ὡς
3304 3704 3603 3775 μαρτύριον
3646 3703 3739 3755 ὑπ-

2177 3801 2371 3871 έφερον
2408 3800 2475 3853 τὰ
2509 3800 2637 3869 παρ’
2678 3799 2896 3851 ἐκείνων
2923 3798 3238 3867 γιγνόμενα.
3265 3796 3361 3849 καὶ
3385 3794 3510 3849 οὔτε
3546 3792 3740 3865 προεδί-

2170 3891 2311 3953 δουν,
2333 3888 2457 3942 οὐτε
2485 3888 2746 3960 ἠρνοῦντο
2771 3888 2868 3958 τὴν
2899 3889 2978 3949 εἰς
3012 3887 3243 3957 Χριστὸν
3286 3885 3589 3939 εὐσέϐειαν·
3619 3885 3666 3937 oi
3686 3884 3736 3935 δὲ

2171 3980 2499 4053 θεωροῦντες
2532 3979 2728 4047 ἔξωθεν
2761 3979 2974 4040 αὐτοὺς,
2996 3976 3179 4030 λοιπὸν
3194 3976 3248 4028 δέ
3281 3976 3377 4029 καὶ
3408 3977 3460 4029 οἱ
3488 3974 3737 4043 ’Έλληνες

2171 4070 2472 4141 βλέποντες,
2509 4070 2584 4132 ώς
2610 4068 3005 4139 ἀντιχρίστους,
3034 4066 3110 4129 ὼς
3152 4066 3383 4136 δημίους
3408 4064 3731 4136 κατηρῶντο·

2169 4163 2507 4233 φιλόπτωχον
2564 4162 2673 4231 γὰρ
2731 4160 2825 4212 καὶ
2881 4156 3164 4227 συμπαθὲς
3209 4156 3272 4207 τὸ
3306 4156 3417 4208 τῶν
3444 4153 3735 4226 ἀνθρώπων

2167 4252 2341 4318 γένος.
2367 4245 2525 4303 Οὗτοι
2541 4249 2597 4301 δὲ
2614 4248 2812 4300 καὶτὸν
2837 4246 2932 4301 ἀνθ
2942 4246 3135 4318 ρώπων
3148 4245 3410 4316 λογισμὸν
3434 4244 3730 4298 ἀπώλεσαν·

2168 4342 2260 4393 καὶ
2289 4340 2337 4391 οἳ
2365 4340 2662 4409 πάσχοντες
2688 4338 2753 4390 ἂν
2772 4336 3003 4408 ηὔξαντο
3028 4336 3154 4407 παρ’
3186 4337 3390 4407 ἐτέρων
3433 4331 3491 4388 εὖ
3529 4334 3728 4392 παθεῖν.

500 4439 629 4478 num
682 4426 1022 4479 ratiocinium
1072 4426 1369 4480 amiserant
1406 4444 1420 4479 :
1457 4441 1579 4479 nam
1634 4427 1769 4496 qui,
1816 4428 1859 4481 si
1920 4432 2060 4498 passi

2176 4431 2317 4482 πύτοὶ
2346 4430 2504 4483 τοῦτο
2530 4429 2720 4483 παθεῖν
2751 4430 2875 4492 τοὺς
2904 4428 3093 4490 ἄλλους
3123 4428 3226 4479 οὐκ
3251 4427 3574 4497 ἐπέτρεπον,
3596 4424 3707 4494 ἔχον

498 4520 719 4577 essent,
753 4523 1128 4583 peroptassent
1160 4517 1228 4568 ab
1261 4514 1382 4568 aliis
1416 4514 1738 4569 beneﬁcium
1772 4519 2021 4584 accipere
2047 4560 2062 4582 ,

502 4617 606 4656 non
645 4603 890 4659 sinebant
913 4604 1048 4659 alios
1070 4604 1301 4674 idipsum
1329 4606 1620 4673 consequi;
1648 4604 1888 4674 judicum
1919 4609 2065 4663 scili-

497 4701 623 4754 cet,
659 4694 1069 4763 praesertimque
1117 4692 1291 4748 ducis”
1319 4694 1660 4748 immanitate
1690 4703 2063 4766 potestateque

498 4780 647 4837 freti.

568 4870 658 4924 65.
703 4872 988 4929 Enimvero
1024 4889 1143 4945 qua:
1185 4875 1236 4929 in
1288 4878 1642 4947 presbyteros
1692 4878 2059 4946 diaconosque

496 4968 902 5027 perpetrarunt;
958 4978 1065 5032 quo
1119 4975 1276 5033 pacto
1327 4968 1444 5021 illos
1505 4968 1657 5023 ducis
1705 4967 2056 5037 iudicumque

496 5053 819 5105 auctoritate
872 5054 922 5106 in
960 5053 1137 5122 fugam
1168 5058 1431 5111 verterint
1456 5100 1471 5123 ,
1508 5058 1805 5126 amnesque
1848 5059 2058 5113 illorum

495 5137 746 5193 domibus
775 5140 1112 5197 deturbariut
1138 5183 1153 5207 ,
1185 5146 1414 5200 militum
1449 5149 1655 5203 scilicet
1680 5164 1841 5216 opera
1873 5189 1888 5214 ,
1916 5147 2058 5203 Gor-
2090 5184 2101 5189 -

495 5230 747 5299 goniique
774 5233 945 5299 ducis,
982 5235 1069 5303 qui
1110 5236 1279 5305 plagis
1317 5253 1410 5292 eos
1445 5240 1785 5304 lancinabat;
1820 5255 1926 5308 quo
1954 5255 2052 5308 pa-

492 5326 584 5371 cto
614 5320 823 5377 illorum
852 5324 987 5395 (rem
1032 5341 1162 5380 sane
1204 5329 1442 5381 οιιηιίυηι
1478 5329 1936 5399 crudelissimam)
1968 5346 2057 5385 eo-

2166 4537 2259 4582 τες
2312 4520 2409 4591 τὴν
2435 4520 2541 4573 τῶν
2579 4519 2866 4583 δικαστῶν,
2898 4519 2991 4571 καὶ
3044 4518 3279 4587 μάλιστα
3323 4519 3425 4590 τὴν
3452 4520 3601 4591 παρὰ
3647 4516 3729 4569 τοῦ

2167 4608 2356 4671 δουκὺς
2384 4608 2670 4679 ἐπιτριϐὴν
2693 4610 2787 4661 καὶ
2818 4607 3063 4689 ἐξουσίαν

2240 4875 2329 4930 63.
2366 4876 2432 4928 Ἃ
2453 4872 2558 4945 γὰρ
2575 4875 2796 4937 καὶτοῖς
2822 4873 3213 4946 πρεσϐυτέροις
3238 4875 3334 4928 καὶ
3359 4875 3619 4938 διακόνοις
3636 4891 3723 4926 πε-

2167 4968 2449 5038 ποιήκασι,
2499 4968 2592 5020 καὶ
2622 4967 2738 5030 πῶς
2771 4968 2966 5029 αὐτοὺς
3000 4967 3093 5019 ἐπὶ
3133 4966 3228 5019 τοῦ
3258 4967 3449 5032 δουκδς
3496 4970 3587 5021 καὶ
3628 4967 3722 5018 τῶν

2159 5057 2426 5111 δικαστῶν
2458 5058 2859 5127 ἐφυγάδευσαν,
2894 5058 3298 5129 καταφέροντες
3348 5061 3413 5113 ἐκ
3441 5061 3547 5113 τῶν
3574 5059 3714 5114 οίκωι

2159 5152 2284 5214 τοὺς
2313 5151 2544 5213 οἰκείους
2596 5148 2774 5203 αὐτῶν
2817 5149 2903 5203 διὰ
2946 5149 3054 5202 τῶν
3100 5150 3475 5220 στρατιωτῶν,
3516 5149 3718 5204 καὶτοῦ

2161 5239 2466 5311 στρατηγοῦ
2502 5239 2787 5309 Γοργονίου
2847 5240 2939 5291 καὶ
2990 5238 3229 5307 πληγαῖς
3277 5242 3716 5301 κατακόπτοντος,

2158 5330 2395 5392 καὶπῶς
2426 5330 2605 5383 αὐτῶν
2648 5329 2728 5401 (τό
2750 5347 2825 5399 ιγε
2875 5331 3090 5386 πάντων
3128 5331 3431 5406 ὠμότερον)
3489 5334 3580 5387 καὶ
3622 5330 3716 5383 τῶν

565 5434 609 5464 ³⁸
637 5433 768 5490 Luc.
800 5452 897 5503 xu,
923 5439 1011 5492 33.
1090 5441 1133 5471 ³¹
1160 5440 1347 5495 Matth.
1378 5458 1502 5507 xxv,
1529 5443 1620 5508 35,
1650 5443 1737 5497 40.
1817 5444 1860 5475 ⁸³
1890 5443 2044 5499 Joau.
2085 5462 2159 5508 rt,
2192 5446 2246 5501 9.
2324 5446 2371 5477 ³⁸
2407 5447 2593 5504 Matth.
2626 5464 2701 5513 ιιι,
2728 5448 2781 5501 7.

705 5547 1145 5624 SicﬁegLEditi,
1166 5556 1501 5624 παρέδωκεν.

566 5615 678 5748 2343)
705 5618 778 5670 lta
804 5615 936 5687 Reg:
957 5621 1116 5684 Editi,
1153 5615 1551 5694 πιστευόμενοι.

592 5684 681 5748 35)
710 5686 869 5741 Forte
892 5704 1069 5740 eorum
1092 5694 1244 5748 pedes
1272 5694 1551 5748 pulsantes.

592 5684 681 5751 35)
710 5686 869 5741 Forte
887 5684 1069 5740 Eorum
1092 5694 1244 5758 pedes
1271 5684 1553 5759 pulsantes.

2227 5558 2339 5628 (36)
2382 5560 2456 5635 De
2491 5561 2751 5635 Dynamio
2809 5562 2946 5616 infra
3000 5562 3053 5617 in
3097 5564 3499 5620 Conlestatione
3553 5559 3716 5635 popaii

2155 5629 2527 5684 Alexandrini.

2224 5697 2335 5768 (37)
2364 5698 2436 5751 Ita
2466 5699 2620 5769 Reg,
2648 5700 2870 5769 optime.
2897 5699 3061 5766 Editi,
3089 5702 3145 5754 δὲ
3178 5700 3273 5756 νῦν
3305 5703 3484 5757 τοῦτο.
