3980 6496
229 393 328 447 769

1193 405 1520 464 HISTORIA
1557 411 1971 472 ARIANORUM
2005 417 2098 473 AD
2137 419 2536 479 MONACHOS.

226 511 324 582 ἤδη
347 511 811 585 τετελευτηκοτων
828 517 951 581 τοὺς
967 517 1162 590 ἄρτους
1183 522 1291 591 (58)
1328 525 1445 595 μεθ’
1467 527 1595 597 ὅσης
1609 529 1782 602 ὕϐρεω

226 604 529 625 ,αι-,μμ
592 607 634 625 ί.
711 607 732 625 ..
923 611 992 625 η.
1039 611 1092 625 ..
1291 615 1300 625 .
1555 619 1566 625 -

1924 551 2149 604 rumque
2179 538 2270 606 qui
2319 538 2434 608 jam
2463 539 2715 595 obierant
2765 558 2954 612 panes,
2986 560 3303 623 quantaque
3345 569 3488 625 petu-

219 604 551 676 διήρπασαν,
583 607 682 660 οὐκ
710 607 854 662 ἔστιν
883 611 1002 663 ούδέ
1035 611 1177 683 λόγῳ
1198 615 1423 686 φράσαι,
1446 619 1684 691 νικώσης
1711 625 1808 694 τῆς

216 691 501 763 ὠμότητος
533 696 714 750 αὐτῶν
746 698 841 769 τὴν
865 699 928 752 ἐκ
962 699 1068 752 τῶν
1094 701 1264 770 λόγων
1296 705 1566 776 διήγησιν.
1600 711 1663 762 Τί
1700 711 1808 782 γὰρ

219 784 283 838 ἄν
315 802 397 850 τις
437 787 609 842 εἰπὼν
659 791 942 862 εἰρηκέναι
989 793 1224 861 δόξειεν;
1267 799 1336 850 Ἦ
1383 802 1536 853 ποίου
1585 803 1803 875 πρώτου

219 877 626 946 μνημονεύσας,
682 883 781 952 οὐχ
833 885 1079 957 εὑρίσκει
1126 891 1195 942 τὰ
1235 889 1462 963 δεύτερα
1502 895 1800 969 δεινότερα,

216 965 322 1020 τῶν
349 969 620 1042 δευτέρων
654 975 720 1028 τὰ
749 975 888 1045 μετὰ
920 976 1129 1042 mira;
1167 981 1351 1035 Πάντα
1385 984 1494 1056 γὰρ
1523 985 1702 1039 αὐτῶν
1737 990 1805 1042 τά

215 1057 621 1133 ἐπιχειρήματα
661 1067 756 1118 καὶ
787 1066 854 1120 τά
887 1068 1210 1141 ἀσεϐήματα
1245 1073 1405 1141 φόνου
1434 1077 1525 1128 καί
1548 1077 1803 1144 ἀσεϐείας

215 1150 590 1222 πεπλήρωται
624 1156 720 1209 καὶ
747 1157 920 1222 οὕτως
949 1161 1054 1212 εἰσὶ
1085 1163 1378 1233 πανοῦργοι
1417 1165 1513 1238 τὴν
1552 1168 1798 1241 γνώμην,

212 1244 306 1296 καὶ
334 1246 567 1300 ποικίλοι
595 1248 684 1300 τὸν
719 1249 938 1320 τρόπον,
969 1252 1044 1316 ὡς
1074 1255 1168 1307 καὶ
1209 1255 1515 1330 ἐπαγγελίᾳ
1561 1277 1797 1333 προστα-

214 1336 353 1399 σίας,
408 1341 502 1392 καὶ
544 1340 687 1394 δόσει
727 1345 1024 1414 χρημάτων
1078 1347 1375 1420 ἐπιχειρεῖν
1431 1353 1664 1424 ἀπατᾷν·
1708 1356 1794 1419 ἵν’,

208 1426 331 1477 ἐπεὶ
379 1426 455 1498 μὴ
520 1431 582 1494 ἐξ
623 1431 860 1500 εὐλόγων
901 1433 1082 1505 ἔχουσι
1150 1438 1248 1510 τήν
1295 1441 1571 1507 σύστασιν,
1603 1446 1704 1499 κᾶν
1733 1450 1798 1500 ἐκ

206 1515 414 1569 τούτων
467 1519 660 1586 δόξωσι
705 1525 1002 1591 φαντασίαν
1049 1529 1168 1581 τινὰ
1209 1533 1321 1596 τοῖς
1380 1535 1658 1606 ἀκεραίοις
1699 1540 1796 1608 ἐμ-

210 1611 403 1664 ποιεῖν.
1532 1621 1538 1630 ί

272 1788 364 1844 δι.
415 1791 511 1855 Τίς
555 1790 649 1847 οὖν
679 1794 758 1848 ἐτι
788 1794 1009 1861 τούτους
1063 1797 1166 1853 κᾶν
1215 1801 1458 1867 ἐθνικοὺς
1514 1806 1792 1862 καλέσειεν

204 1882 412 1946 ἁπλῶς,
464 1886 661 1956 μήτιγε
697 1889 1088 1959 Χριστιανούς;
1128 1895 1212 1958 τίς
1241 1896 1444 1951 τούτων
1469 1898 1558 1952 τὸν
1597 1902 1796 1972 τρόπον

202 1971 566 2043 ἀνθρώπινον,
602 1977 697 2030 καὶ
731 1980 808 2050 μὴ
844 1981 1040 2050 μᾶλλον
1087 1983 1272 2038 τοῦτον
1323 1986 1561 2060 θηριώδη
1593 1971 1794 2045 ύπολάέ

201 2062 308 2126 ϐοι,
325 2064 416 2120 διά
439 2083 500 2119 τε
524 2066 587 2120 τὸ
608 2068 758 2137 ὠμὸν
781 2072 875 2124 καὶ
906 2073 966 2126 τὸ
999 2073 1188 2146 ἄγριον
1225 2077 1323 2148 τῆς
1355 2079 1633 2150 πράξεως
1686 2077 1794 2136 καὶ

201 2156 309 2228 γὰρ
340 2157 438 2210 καὶ
465 2159 678 2229 δημίων
701 2163 808 2215 είσὶ
837 2166 1207 2238 πονηρότεροι,
1253 2170 1345 2222 καὶ
1373 2171 1480 2224 τῶν
1505 2172 1678 2226 ἄλλων
1703 2176 1790 2226 ai-

196 2247 408 2320 ρέσεων
458 2249 872 2325 τολμηρότερον
923 2255 1189 2328 Ἐλλήνων
1223 2259 1332 2331 γάρ
1360 2260 1494 2314 πολὺ
1526 2263 1786 2336 δεύτεροι,

203 2339 406 2409 μᾶλλον
437 2340 497 2394 δὲ
525 2342 620 2394 καί
651 2344 867 2415 μακρὰν
891 2346 1069 2400 αὐτῶν
1093 2349 1468 2419 τυγχάνουσιν.
1515 2351 1655 2420 Ἐγὼ
1681 2353 1788 2423 γὰρ

195 2433 410 2501 ἥκουσα
435 2431 546 2486 τῶν
573 2435 844 2507 πατέρων,
888 2440 982 2491 καὶ
1023 2440 1214 2494 πιστὸν
1257 2442 1496 2512 ἡγοῦμαι
1528 2443 1617 2496 τὸν
1651 2445 1792 2498 ἐκεί-

199 2538 303 2574 νων
334 2523 516 2592 λόγον,
545 2525 627 2577 ὅτι
651 2526 710 2578 τὸ
740 2528 974 2599 πρῶτον,
1023 2531 1111 2583 ὅτε
1139 2532 1325 2600 γέγονε
1361 2536 1454 2586 καὶ
1493 2535 1584 2587 ἐπὶ
1613 2534 1788 2600 Meﬁt-

198 2617 380 2686 μιανῷ
434 2617 514 2688 τῷ
554 2618 762 2690 πάππῳ
810 2623 1186 2676 Κωνσταντίου
1240 2624 1496 2696 διωγμὸς,
1530 2628 1789 2697 ’Έλληνες

196 2705 470 2777 ἔκρυπτον
492 2708 620 2771 τοὺς
653 2709 913 2778 ἀδελφοὺς
938 2711 1116 2782 ήμῶν,
1153 2713 1278 2776 τοὺς
1303 2713 1662 2784 Χριστιανοὺς
1687 2717 1784 2791 ξη-

192 2799 517 2869 τουμένους·
553 2801 649 2854 καὶ
681 2801 940 2866 πολλάκις
991 2803 1279 2859 ἀπώλεσαν
1313 2807 1465 2860 αὐτοὶ
1503 2810 1782 2880 χρήματα,

186 2890 588 2962 δεσμωτηρίων
630 2910 688 2945 τε
724 2895 1148 2966 ἐπειράσθησαν,
1188 2898 1275 2950 ἵνα
1300 2899 1459 2968 μόνον
1500 2901 1608 2954 τῶν
1649 2919 1783 2972 φευ-

191 2982 400 3048 γόντων
437 2983 514 3054 μὴ
566 2984 829 3052 γένωνται
859 2987 1131 3058 προδόται⁸
1163 2989 1239 3053 ώς
1263 2991 1372 3062 γὰρ
1397 2993 1627 3058 ἑαυτοὺς
1653 2995 1784 3064 ἐφύ-

189 3069 384 3124 λαττον
444 3073 574 3135 τοὺς
633 3074 1094 3145 προσφεύγοντας,
1144 3078 1238 3131 καί
1296 3079 1626 3137 κινδυνεύειν
1678 3085 1785 3156 πρὸ

189 3162 369 3217 αὐτῶν
401 3163 769 3219 ἐϐουλεύοντο.
809 3166 967 3220 Ἀλλὰ
1001 3169 1094 3222 νύν
1127 3171 1176 3222 οί
1209 3169 1510 3242 θαυμαστοὶ
1533 3170 1698 3241 οὗτοι,
1733 3179 1782 3230 οἱ

1919 626 2085 681 lautia
2114 667 2128 692 ,
2179 629 2548 699 diripuerint,
2599 648 2942 706 nequaquam
2985 641 3174 702 verbis
3221 649 3495 702 enuntiari

1917 728 2095 787 potest
2129 740 2141 774 :
2175 737 2360 777 eorum
2391 725 2591 795 quippe
2622 729 2916 798 crudelitas
2942 748 3161 790 onmem
3202 745 3493 796 enarraudi
3545 767 3548 770 η

1917 809 2228 866 facultatem
2269 829 2511 883 superat.
2545 815 2811 883 Quidnam
2847 824 2969 890 quis
2991 840 3088 892 pro
3113 826 3189 881 rei
3223 829 3500 898 gravitate

1913 899 2094 956 dicere
2141 905 2349 972 queat?
2395 905 2500 960 Aut
2537 908 2816 978 eujusnam
2868 916 3101 981 primum
3159 919 3490 977 mentionem

1914 993 2100 1058 faciat,
2121 1006 2178 1049 ut
2207 1011 2312 1050 non
2335 998 2574 1052 inveniat
2605 1004 2842 1056 secunda
2873 1004 3036 1075 302
3069 1008 3280 1076 primis,
3307 1023 3490 1080 poste-

1912 1083 2058 1138 riora
2098 1087 2350 1144 secundis
2381 1089 2699 1146 atrociora?
2729 1092 2926 1150 Omnia
2961 1099 3162 1169 quippe
3189 1115 3378 1156 eorum
3405 1104 3486 1158 fa-

1875 1175 2120 1251 ‘cinora,
2153 1185 2210 1231 et
2255 1179 2460 1235 neraria
2509 1193 2662 1250 gesta
2708 1187 2870 1242 credis
2905 1197 2960 1243 et
2987 1189 3285 1260 impietatis
3332 1193 3486 1264 plena

1908 1278 2053 1320 sunt.
2087 1265 2270 1337 anue
2302 1281 2429 1324 sum
2459 1271 2532 1324 illi
2567 1273 2782 1331 vafritie
2811 1281 3028 1346 mentis,
3049 1292 3104 1337 et
3135 1299 3346 1341 morum
3372 1288 3484 1342 cal-

1908 1353 2137 1419 liditate,
2173 1367 2231 1410 ut
2260 1361 2546 1427 patrocinii
2570 1364 2990 1436 pollicitatione,
3022 1374 3486 1446 pecuniarumque

1906 1446 2221 1516 crogatione
2248 1488 2262 1511 ,
2297 1449 2547 1520 decipere
2584 1463 2870 1525 satagant;
2927 1470 2988 1516 ut
3031 1468 3475 1537 quandoquidem

1903 1552 2010 1591 non
2042 1553 2106 1592 ex
2134 1554 2290 1608 aequo
2318 1552 2372 1594 et
2403 1542 2544 1599 bono
2571 1549 3098 1610 commendationem
3133 1557 3366 1625 habent,
3401 1565 3483 1617 vel

1900 1629 2029 1684 hinc
2049 1630 2242 1685 saltem
2273 1633 2699 1703 simplicioribus
2713 1641 3012 1699 obtendant
3033 1649 3266 1716 speciem
3294 1668 3488 1721 quan:-

1900 1719 2021 1774 dam
2053 1721 2354 1792 dignitatis.

1971 1813 2060 1869 64.
2093 1815 2225 1880 Quis
2260 1818 2442 1888 itaque
2473 1821 2594 1878 illos
2624 1827 2706 1880 vel
2746 1830 2998 1888 ethnicos
3034 1837 3173 1893 ultra
3205 1855 3481 1914 nuncupa-

1829 1923 1871 1982 Β
1903 1903 1992 1971 rit,
2026 1907 2220 1961 nedum
2251 1908 2642 1970 Christianos?
2679 1919 2814 1987 quis
2835 1921 3028 1978 horum
3053 1943 3257 1997 mores,
3287 1903 3482 1989 huma-

1899 2008 2016 2060 nos,
2053 2005 2107 2050 et
2139 2013 2243 2054 non
2273 2001 2450 2069 potius
2477 2003 2684 2062 ferinos
2735 2009 3052 2082 arbitretur,
3081 2033 3369 2090 conspecta
3397 2027 3478 2081 fa-

1897 2084 2142 2163 cinorum
2193 2092 2513 2150 crudelitate
2578 2096 3026 2173 ferocitateque?
3078 2084 3291 2166 Etenim
3344 2115 3476 2184 ipsis

1895 2177 2242 2234 carniﬁcibus
2275 2182 2625 2244 immaniores
2658 2230 2673 2254 ,
2720 2191 2948 2263 aliisque
2989 2196 3257 2257 haereticis
3306 2177 3474 2261 au-dao

1895 2270 2071 2324 ciores
2101 2282 2228 2326 sunt
2263 2292 2275 2329 :
2314 2275 2455 2342 imo,
2482 2279 2718 2337 ethnicis
2759 2283 2890 2354 ipsis
2943 2287 3111 2344 multo
3145 2291 3470 2358 deteriores.

1893 2361 1960 2414 ab
1993 2362 2227 2432 illisque,
2255 2375 2311 2420 ut
2334 2383 2461 2438 vere
2483 2368 2716 2436 dicatur,
2757 2373 3079 2443 longissime
3113 2382 3333 2438 distant.
3362 2387 3473 2440 Au-

1894 2451 2000 2504 divi
2045 2455 2190 2508 euitn
2238 2470 2267 2508 a
2304 2459 2550 2524 patribus
2598 2461 2914 2534 (veramque
2968 2483 3081 2521 rem
3123 2471 3379 2543 arbitror)
3416 2477 3467 2528 iu

1893 2542 2172 2611 superiore
2202 2544 2302 2598 sub
2334 2545 2664 2602 Maximiano
2705 2550 3003 2608 Constantii
3062 2572 3162 2610 avo
3208 2542 3465 2627 persecu-

1895 2632 2060 2701 tione,
2093 2635 2342 2692 ethnicos
2373 2640 2677 2695 occultasse
2714 2643 2909 2699 fratres
2945 2660 3162 2704 nosnros
3198 2651 3471 2707 Christia-

1892 2740 2028 2790 nos,
2080 2727 2206 2780 dum
2255 2729 2705 2798 inquirerentur:
2749 2749 2813 2789 ac
2869 2735 3186 2809 plerumque
3243 2745 3471 2812 pecunia

1891 2813 2148 2869 multatos
2177 2856 2191 2880 ,
2241 2820 2562 2888 carcerique
2607 2823 2946 2892 mancipatos
2995 2826 3179 2895 fuisse,
3211 2847 3277 2886 eo
3298 2833 3468 2887 solum

1890 2911 1950 2954 ut
1981 2918 2047 2958 ne
2077 2902 2426 2973 profugerunt
2452 2909 2762 2976 proditores
2785 2921 2990 2965 essent.
3027 2911 3290 2982 Profugos
3317 2919 3465 2971 enim

1886 2994 2074 3048 eadem
2108 3010 2211 3064 qua
2233 2997 2443 3065 seipsos
2475 2999 2579 3052 [ide
2605 3001 2920 3065 servabant,
2953 3019 3124 3073 neque
3149 3005 3468 3063 dubitabant

1887 3097 2008 3138 sese
2031 3083 2242 3140 illorum
2266 3102 2428 3142 causa
2465 3089 2725 3158 periculis
2752 3090 2968 3148 olferre.
2994 3095 3064 3148 At
3096 3111 3244 3150 nunc
3291 3098 3466 3152 admi-

1889 3176 2041 3230 randi
2081 3176 2158 3230 illi
2189 3181 2590 3237 novzelueresis
2642 3184 2956 3243 inventores
3018 3187 3160 3242 nulla
3209 3189 3314 3244 alia
3367 3206 3463 3254 re,

186 3254 286 3324 τῆς
322 3254 454 3318 νέας
485 3255 750 3326 αἱρέσεως
779 3259 1089 3330 ἐφευρεταὶ,
1120 3262 1184 3314 ἐκ
1233 3263 1464 3333 μηδενὸς
1504 3266 1691 3338 ἐτέρου
1746 3268 1780 3339 ἢ

1893 3282 2046 3336 quam
2105 3269 2322 3326 insidiis
2373 3272 2645 3337 celebres,
2679 3290 2842 3332 secus
2877 3278 3060 3333 omnia
3094 3289 3260 3348 agunt
3289 3297 3305 3348 ;
3343 3297 3465 3337 nam

183 3340 249 3393 ἐκ
270 3341 368 3394 τοῦ
391 3343 766 3398 ἐπιϐουλεύειν
790 3348 1296 3420 ἐπιγινωσκόμενοι,
1327 3353 1505 3409 πάντα
1523 3357 1782 3409 τάναντία

188 3433 550 3501 πράττουσιν.
604 3435 765 3488 Δύτοί
793 3454 851 3490 τε
885 3437 1013 3510 γὰρ,
1056 3440 1122 3492 δι’
1149 3441 1356 3496 ἑαυτῶν
1380 3443 1564 3517 δήμιοι
1593 3449 1779 3516 γιγνό-

183 3541 362 3593 μενοι,
410 3525 622 3590 πάντας
653 3525 875 3598 ζητοῦσι
925 3531 1298 3601 παραδιδόναιο
1344 3537 1439 3589 καὶ
1485 3539 1612 3602 τοὺς
1642 3539 1780 3610 κρύ-

184 3635 422 3682 πτοντας
450 3619 896 3674 ἐπιϐουλεύεσθαι
943 3623 1208 3690 ποιοῦσιν,
1254 3626 1368 3680 ἴσον
1395 3628 1587 3700 ἐχθρὸν
1613 3633 1780 3702 ήγού-

183 3725 338 3778 μενοι
358 3709 452 3761 τόν
494 3726 556 3761 τε
581 3709 892 3781 κρύπτοντα
925 3714 1019 3766 καὶ
1053 3713 1145 3767 τὸν
1179 3717 1574 3788 κρυπτόμενον·
1604 3720 1780 3786 οὕτως

184 3801 289 3854 eiul.
323 3802 610 3870 φονευταὶ,
634 3804 725 3855 καὶ
755 3803 854 3874 τὴν
902 3805 1070 3860 Ἰούδα
1100 3808 1362 3879 πονηρίαν
1397 3809 1678 3881 ἐζήλωσαν
1729 3813 1779 3868 οί

182 3891 510 3964 κακοῦργοι.

249 3987 343 4042 65.
366 3986 481 4041 Καὶ
511 3987 612 4040 οὐκ
641 3988 754 4042 ἐστι
775 3991 894 4044 κατ’
925 3993 1079 4057 ἀξίαν
1109 3987 1184 4049 ὧν
1215 3995 1636 4069 διαπράττονται
1675 4015 1777 4052 κα-

174 4077 291 4132 κῶν
321 4081 502 4132 εἰπεῖν
546 4079 580 4151 ἢ
611 4081 769 4134 τοῦτο
793 4083 984 4158 μόνον,
1027 4087 1108 4138 ὅτι
1142 4087 1421 4158 γράφοντά
1454 4105 1522 4158 με
1557 4090 1653 4142 καὶ
1686 4088 1778 4141 θέ-

176 4170 339 4223 λοντα
382 4171 708 4240 καταλέγειν
731 4173 830 4245 τῆς
863 4176 1124 4246 πονηρίας
1148 4177 1371 4230 ἐκείνων
1396 4177 1494 4241 τὰς
1526 4178 1776 4250 πράξεις,

177 4263 575 4336 ὑπεισέρχεται
604 4270 767 4330 νοεῖν,
801 4268 876 4339 μὴ
932 4264 1042 4341 ἆρα
1067 4269 1169 4338 τῆς
1209 4272 1266 4323 ἐν
1300 4273 1420 4333 ταῖς
1445 4271 1776 4342 Παροιμίαις

174 4357 408 4428 βδέλλης
451 4359 485 4427 ή
542 4359 778 4430 τετάρτη
811 4360 1058 4434 θυγάτηρ
1087 4362 1234 4414 ἐστὶν
1286 4364 1318 4432 ή
1367 4363 1579 4433 αἵρεσις
1610 4361 1772 4434 αὕτη,

171 4449 298 4518 ἥτις
327 4446 473 4519 μετὰ
502 4448 607 4511 τὰς
650 4450 921 4514 τοσαύτας
971 4452 1183 4516 ἀδικίας
1212 4454 1306 4505 καὶ
1330 4453 1457 4516 τοὺς
1489 4451 1776 4516 τοσούτους

172 4543 374 4612 φόνους
412 4537 703 4606 ούκεῖπεν,
748 4543 948 4614 ’Δρκεί.
980 4545 1102 4597 Ἔτι
1155 4543 1263 4614 γὰρ
1296 4543 1648 4598 νεανιεύεται*
1681 4543 1776 4597 καὶ

170 4605 300 4699 τοὺς
320 4634 423 4706 μὲν
457 4633 683 4704 μηδέπω
722 4605 1062 4702 γνωσθέντας
1101 4605 1243 4705 anteﬁ-
1279 4634 1628 4706 περιέρχεται
1675 4635 1774 4706 ζη-
1810 4605 1852 4660 D

169 4725 366 4786 τοῦσα,
426 4723 521 4788 οὒς
569 4725 628 4778 δέ
673 4725 904 4794 ἔφθασεν
949 4725 1228 4796 ἀδικῆσαι,
1281 4726 1442 4780 πάλιν
1491 4727 1770 4783 ἐπαδικεῖν

172 4816 493 4881 σπουδάζει.
567 4815 694 4889 Ἰδοὺ
740 4816 848 4887 γάρ
887 4816 1025 4886 μετὰ
1065 4817 1163 4887 τὴν
1203 4816 1523 4887 νυκτερινὴν
1559 4817 1766 4886 ἔφοδον.

165 4907 315 4978 μετὰ
330 4907 406 4960 τὰ
444 4905 506 4971 ἐξ
525 4907 695 4980 αὐτῆς
722 4907 988 4977 γενόμενα
1022 4907 1187 4970 κακὰ,
1226 4905 1362 4976 μετὰ
1384 4906 1474 4958 τὸν
1505 4905 1568 4958 δι’
1618 4907 1774 4978 Ἡρα-

167 4998 359 5051 κλείου
405 4998 700 5069 γενόμενον
751 4999 1014 5070 διωγμὸν,
1051 4997 1213 5051 πάλιν
1255 4998 1316 5050 οὐ
1358 5000 1620 5052 παύονται
1653 4997 1770 5050 δια-

161 5089 465 5155 ϐάλλοντες
522 5090 762 5160 βασιλεῖ·
832 5088 1094 5163 θαρροῦσι
1140 5089 1248 5161 γὰρ
1307 5089 1383 5154 ὡς
1446 5088 1785 5166 ἀσεϐοῦντες·

164 5181 490 5236 ἀκούονται·
519 5176 606 5237 ἵνα
640 5182 801 5236 πλέον
840 5199 890 5236 τι
919 5181 1014 5235 τοῦ
1056 5179 1346 5252 ἐξορισμού
1378 5181 1623 5252 γένηται,
1675 5181 1769 5233 καὶ

164 5270 228 5324 τὺ
274 5270 468 5324 λοιπον
497 5272 548 5326 ei.
601 5270 677 5341 μὴ
718 5267 1028 5340 πειθόμενοι
1069 5271 1188 5332 ταῖς
1241 5267 1519 5330 ἀσεϐείαις
1584 5267 1764 5320 αὐτῶν

160 5363 528 5434 ἀναιρῶνται.
549 5362 706 5417 Ούτω
724 5362 832 5434 γὰρ
864 5364 958 5417 καὶ
983 5361 1077 5416 νῦν
1110 5360 1642 5433 καταθρασυνόμενοι
1666 5360 1764 5414 Σε-

160 5451 396 5518 κοῦνδος
430 5453 532 5524 μὲν
559 5455 589 5506 ὁ
609 5453 982 5521 παγκάκιστος
1013 5448 1436 5518 Πενταπολίτης,
1486 5443 1764 5501 καὶὸτού-

284 5583 332 5616 ³⁸
365 5582 526 5638 Prov.
572 5599 706 5647 xxx,
747 5584 836 5638 l5.

234 5697 357 5768 (38)
387 5700 646 5769 Ἄρτους,
669 5696 928 5769 vertimus
951 5712 1131 5762 paues,
1163 5710 1268 5747 non
1305 5702 1473 5769 artus,
1499 5701 1556 5744 ut
1605 5689 1751 5769 Nan-

145 5761 296 5823 lnius
315 5761 405 5842 est
427 5761 840 5842 interpretatus.
861 5765 927 5818 Et
955 5779 1086 5822 vero
1123 5779 1230 5842 non
1270 5762 1437 5842 semel
1463 5775 1626 5842 panes
1651 5761 1751 5831 ἄρ-

164 5851 253 5891 τοι
282 5839 351 5893 ab
379 5838 601 5892 Arianis
654 5835 1047 5888 Arianorutnve
1073 5835 1333 5888 ministris
1382 5835 1519 5898 rapti
1550 5843 1754 5887 memo-

419 5928 700 5988 PATBOL.
749 5926 869 5987 Gn.
919 5924 1122 5985 XXV.

1888 3359 1988 3428 ipsi
2038 3358 2178 3415 ultro
2230 3362 2515 3418 carniﬁces
2573 3361 2749 3421 eﬂecti
2780 3409 2795 3432 ,
2824 3385 3013 3424 otnnes
3048 3373 3278 3440 prodere
3327 3389 3466 3442 qua:—

1888 3461 2012 3504 rttnt
2059 3469 2073 3504 ε
2126 3452 2631 3526 occultantibusque
2681 3457 2905 3515 insidias
2952 3473 3164 3530 parant,
3231 3465 3332 3518 rati
3367 3481 3461 3519 oc-

1885 3546 2178 3599 cultantem
2236 3547 2462 3616 perinde
2519 3557 2681 3619 atque
2731 3549 3064 3606 occultatum
3128 3553 3228 3608 sibi
3284 3555 3467 3608 inimi-

1882 3648 2005 3688 cum
2057 3649 2176 3689 esse
2209 3653 2222 3689 :
2258 3635 2330 3690 ita
2361 3639 2692 3706 sanguinarii
2747 3648 2801 3692 et
2848 3641 3133 3696 homicida:
3166 3652 3290 3697 sunt
3319 3684 3334 3709 ,
3389 3644 3461 3698 ita

1885 3723 1967 3778 vel
2002 3725 2173 3796 ipsam
2205 3724 2354 3782 Judre
2399 3727 2789 3799 malignitatem
2839 3734 3162 3786 aemulantur
3211 3733 3462 3789 scelerati

1883 3816 1978 3870 illi.
3340 3829 3353 3849 “

1949 3995 2040 4051 65.
2073 3997 2184 4054 Nec
2219 4014 2319 4071 pro
2347 4001 2421 4056 rei
2450 4003 2722 4069 gravitate
2739 4013 2973 4072 possunt
3001 4019 3188 4058 eorum
3217 4001 3460 4060 facinora

1883 4090 2118 4151 narrari,
2162 4089 2262 4142 nisi
2293 4091 2394 4144 hoc
2425 4091 2600 4145 solum
2636 4094 2817 4157 modo,
2847 4093 2990 4161 quod
3015 4094 3146 4147 mihi
3175 4095 3454 4155 scribenti.

1881 4190 2175 4245 eorumque
2207 4179 2412 4232 nefaria
2448 4193 2598 4248 gesta
2635 4193 2919 4237 recensere
2953 4183 3151 4236 volenti
3181 4221 3195 4245 ,
3230 4184 3280 4236 in
3306 4200 3457 4237 men-

1882 4274 1987 4319 tem
2005 4268 2185 4333 suhit.;
2212 4283 2356 4322 anne
2379 4271 2738 4342 sanguisuga,
2760 4275 2826 4324 de
2850 4287 2952 4339 qua
2984 4272 3036 4325 in
3068 4271 3460 4334 Proverbiis”.

1875 4367 2075 4425 quarta
2129 4357 2238 4411 [ilia
2287 4358 2359 4411 sit
2401 4359 2514 4413 ha'c
2568 4361 2790 4414 haeresis
2819 4401 2833 4424 ,
2863 4376 2985 4429 quae
3017 4370 3138 4428 post
3169 4369 3246 4414 tot
3283 4361 3461 4416 illatas

1881 4446 2130 4514 injurias,
2187 4458 2304 4514 post
2354 4457 2432 4502 tot
2487 4457 2731 4516 patratas
2759 4450 2975 4512 credes,
3007 4449 3250 4503 nondum
3303 4451 3458 4514 dixit,

1881 4535 2113 4593 Sufficit.
2149 4538 2461 4594 Etiamnum
2487 4541 2682 4612 quippe
2712 4535 2930 4608 ferocit,
2951 4542 3199 4596 homines
3223 4545 3461 4597 nondum

1884 4627 1984 4681 sibi
2039 4637 2200 4681 notos
2258 4629 2622 4700 perquirendo
2672 4630 3065 4685 circumcursat
3096 4651 3115 4688 ,ι
3146 4647 3280 4702 quos
3328 4647 3461 4686 vero

1877 4719 2201 4788 jampridmn
2235 4718 2444 4786 injuriis
2468 4718 2681 4785 aﬂ‘ecit,
2717 4721 2869 4774 novis
2898 4720 3012 4790 jam
3039 4721 3252 4792 injuriis
3279 4736 3466 4792 aggre-

1883 4808 2050 4860 ditur.
2081 4806 2173 4860 Na:
2209 4807 2282 4860 illi
2346 4816 2464 4878 post
2529 4819 2851 4864 nocturnam
2911 4809 3288 4877 invasionem,
3341 4822 3463 4880 post

1881 4897 2021 4951 mala
2051 4913 2170 4967 quae
2207 4899 2332 4955 inde
2355 4908 2650 4955 consecuta
2678 4894 2839 4966 sunt',
2872 4911 2996 4972 post
3026 4904 3459 4972 persecutionem

1879 4989 1947 5044 ab
1980 4989 2237 5046 Heraclio
2261 4977 2482 5056 tactam,
2516 5009 2621 5046 non
2649 5002 2869 5047 cessant
2895 4993 3036 5062 apud
3074 4993 3458 5065 imperatorem

1879 5081 2222 5137 calumniari.
2257 5081 2554 5138 Confidunt
2578 5084 2724 5139 enim
2754 5123 2770 5149 ,
2803 5099 2925 5138 cum
2967 5084 3148 5155 impiis
3184 5087 3298 5141 suis
3327 5101 3457 5140 con-

1876 5171 2016 5225 siliis
2042 5186 2256 5241 semper
2279 5187 2465 5226 aurem
2500 5172 2588 5229 ille
2618 5177 2858 5244 praebeat
2882 5216 2896 5238 ,
2927 5176 3148 5245 gravius
3176 5176 3454 5244 quidpiam

1874 5263 2067 5319 exsilio
2106 5263 2380 5329 futurum,
2418 5282 2480 5320 ac
2511 5265 2766 5337 deinceps
2800 5267 2890 5336 qui
2927 5268 3042 5322 suis
3083 5266 3452 5336 impietatibus

1874 5370 1981 5408 non
2010 5355 2477 5425 obtemperarint,
2522 5357 2927 5413 obtruncandos
2975 5365 3116 5410 esse.
3156 5356 3316 5410 Certe
3339 5354 3454 5423 jam

1875 5459 2102 5499 sunume
2133 5445 2233 5499 viri
2262 5449 2503 5502 audaciae
2541 5446 2823 5502 Secundus
2854 5443 3304 5515 Pentapolitanus
3334 5458 3456 5500 sce-

1851 5701 2048 5763 rantur
2093 5711 2104 5745 :
2150 5691 2319 5763 sic‘itt
2345 5691 2624 5763 [ipe/scio
2647 5689 2794 5763 fuga,
2836 5689 3056 5763 p.356.
3092 5689 3158 5746 Et
3192 5695 3244 5746 in
3273 5692 3451 5763 Epit.

1851 5760 2134 5831 encyclic.,
2155 5759 2312 5830 p.91.
2345 5757 2476 5815 Vide
2504 5759 2558 5812 in
2590 5756 2869 5811 Athanasii
2909 5756 3026 5813 Vila
3052 5774 3239 5815 supra.

3069 5918 3149 5982 25

3395 444 3496 502 770
3558 495 3568 500 _
