3980 6530
577 445 672 501 771

1134 444 1191 501 S.
1230 444 1598 502 ATIIANASII
1637 445 1788 505 OPP.
1830 445 2013 502 PARS
2052 445 2090 501 Ι.
2137 478 2201 487 -—-
2242 446 2616 503 IllSTOlthA
2659 445 2748 502 ET
2788 446 3213 510 DOGMATICA.

3704 453 3778 509 779

579 558 952 623 lcralissintus,
990 556 1217 627 ejusque
1244 559 1639 629 conjurationis
1685 559 1865 614 socius
1918 559 2115 631 Stepha

2221 613 2225 621 ,
2252 577 2342 614 του
2377 561 2696 634 συνωμότης
2724 561 3015 632 Στέφανος,
3039 564 3262 627 ειδότες,
3292 564 3534 627 ὅτιεκάν
3555 566 3786 624 ἀδικῶσιν

581 666 700 713 nus,
736 650 886 720 gnari
929 663 1007 714 se,
1032 652 1381 715 quantumvis
1408 650 1637 717 injurias
1683 648 1944 717 inferant,
1978 652 2149 705 luere-

581 745 681 796 sint
732 756 946 809 semper
988 757 1085 811 pro
1136 742 1449 797 defensione
1498 756 1597 796 sua
1650 742 1967 807 habituros;
2028 759 2150 798 cum

582 834 953 901 presbyterum
1011 850 1114 887 non
1146 834 1246 887 sibi
1280 835 1666 903 obsequentem
1720 833 1773 888 in
1826 834 1992 888 Barca
2032 851 2151 889 cer-

583 931 795 985 nercnt,
827 921 1139 976 Secundum
1172 923 1386 977 nomine
1413 963 1428 985 ,
1453 923 1705 991 gentiletn
1735 924 1950 993 quidem
1980 924 2152 979 haere-

584 1012 695 1077 tici,
733 1015 827 1070 sed
866 1028 970 1067 non
1008 1013 1249 1082 ejusdem
1289 1012 1410 1069 ﬁdei
1437 1055 1451 1079 ,
1492 1014 1827 1070 calcitrando
1852 1016 2025 1069 virum
2053 1030 2150 1069 oc-

581 1104 847 1159 ciderunt.
881 1104 967 1160 Ille
994 1120 1122 1159 vero
1151 1105 1276 1158 dum
1303 1116 1610 1169 necaretur,
1638 1116 1884 1161 sanctum
1912 1106 2150 1162 imitatus

580 1197 755 1250 aiebat
782 1214 796 1250 :
823 1195 991 1249 Nemo
1019 1210 1103 1248 me
1131 1197 1270 1265 apud
1309 1196 1524 1265 judices
1559 1197 1879 1265 ulciscatur,
1917 1200 2146 1253 ultorem

579 1285 752 1339 habeo
783 1284 1064 1338 Dominum
1092 1324 1108 1347 ,
1136 1285 1293 1353 cujus
1343 1299 1505 1340 causa
1562 1288 1677 1343 haec
1710 1290 1779 1343 ab
1808 1288 1913 1343 illis
1948 1289 2145 1359 patior.

573 1377 643 1431 At
672 1376 746 1431 illi
799 1391 974 1447 neque
1026 1377 1139 1430 haec
1174 1377 1444 1432 dicentem
1483 1380 1723 1435 miserati
1759 1391 1881 1436 sunt
1914 1421 1932 1446 ,
1970 1396 2145 1451 neque

575 1466 736 1523 ullam
761 1481 949 1521 eorum
974 1466 1185 1520 dierum
1216 1467 1579 1522 reverentiam
1604 1470 1930 1533 habuerunt.
1952 1470 2004 1525 in
2031 1471 2143 1541 ipsa

572 1559 769 1630 quippe
820 1558 1243 1628 Quadragesima
1290 1560 1565 1616 hominem
1603 1562 1937 1618 calcitrando
1968 1564 2145 1619 inter-

574 1656 839 1710 fecerunt.

636 1745 723 1801 66.
772 1745 817 1802 0
846 1761 1037 1802 novam
1073 1747 1321 1802 haeresim
1361 1761 1482 1816 quae
1536 1746 1812 1817 impietate
1861 1757 1917 1803 et
1972 1748 2140 1817 gestis

568 1838 681 1892 suis
720 1847 887 1894 totum
940 1838 1115 1892 induit
1171 1837 1492 1892 diabolum!
1548 1853 1671 1892 nam
1719 1853 1861 1893 nunc
1906 1841 2139 1909 primum

2259 650 2437 721 ἔχουσι
2474 652 2613 723 πρὸς
2645 652 2942 722 ἀπολογίαν
2985 655 3082 726 τὴν
3116 656 3350 727 αἵρεσιν·
3389 657 3579 729 ἐπειδὴ
3607 660 3670 731 μὴ
3698 676 3783 715 πει-

2259 742 2479 812 θόμενον
2509 743 2693 807 αὐτοῖς
2711 746 2767 797 ἐν
2793 744 2982 818 Βάρκῃ
3014 747 3381 818 πρεσϐύτερον
3409 750 3690 821 ἑωράκασι·
3721 752 3785 805 Σιο

2256 834 2475 899 κοῦνδος
2511 836 2568 889 δὲ
2613 837 2881 901 ἐκαλεῖτο,
2910 838 3199 910 ὁμώνυμος
3236 842 3356 911 μὲν,
3401 842 3501 913 οὐχ
3545 844 3785 914 όμόπιστσς

2253 925 2309 977 δὲ
2343 926 2420 997 τῷ
2450 927 2730 998 αίρετικῷ·
2762 928 3089 983 ἀπέκτειναν
3118 930 3488 1003 λακτίσμασιν
3518 934 3685 987 αὐτόν.
3710 936 3786 988 Καὶ

2253 1017 2281 1068 6
2308 1017 2406 1086 μὲν
2443 1017 2833 1090 ἀναιρούμενος
2884 1021 3137 1091 ἐμιμεῖτο
3161 1023 3255 1075 τὸν
3287 1024 3465 1091 ἅγιον,
3492 1024 3674 1094 λέγων·
3699 1028 3787 1097 Μη-

2251 1108 2361 1172 δείς
2397 1126 2463 1179 με
2494 1112 2645 1181 παρά
2658 1110 2939 1176 δικασταῖς
2970 1112 3271 1168 ἐκδικείτω·
3309 1114 3421 1186 ἔχω
3444 1116 3538 1169 τὸν
3563 1117 3788 1186 ἐκδικοῦν-

2251 1200 2320 1253 τά
2354 1217 2422 1270 με
2450 1201 2653 1273 Κύριον
2678 1202 2812 1272 (59),
2852 1203 2921 1256 δι’
2939 1205 2997 1258 ὃν
3029 1206 3123 1260 καὶ
3170 1206 3343 1261 ταῦτα
3367 1208 3565 1278 πάσχω
3584 1210 3696 1281 παρ’
3717 1210 3788 1263 αὑ·

2250 1292 2377 1346 τῶν.
2415 1294 2478 1346 Οἱ
2531 1293 2587 1347 δὲ
2633 1293 2756 1348 ούτε
2803 1295 3027 1364 λέγοντα
3066 1297 3279 1368 ἠλέουν,
3327 1299 3453 1353 οὔτε
3486 1300 3587 1364 τὰς
3617 1301 3790 1373 ἡμέρας

2250 1386 2637 1441 ἐδυσωποῦντο·
2675 1390 2732 1441 έν
2779 1390 2915 1462 αὐτῇ
2959 1390 3067 1462 γὰρ
3092 1394 3156 1463 τῇ
3191 1393 3612 1465 Τεσσαρακοστῇ
3645 1393 3790 1448 λακτί-

2249 1478 2431 1543 ζοντες
2465 1479 2790 1533 ἀπέκτειναν
2820 1481 2909 1534 τὸν
2943 1482 3247 1552 ἄνθρωπον.

2314 1741 2403 1796 66.
2440 1744 2501 1794 ’Ὠ
2521 1743 2712 1813 καινῆς
2745 1742 3026 1815 αἱρέσεως,
3053 1743 3170 1797 ὅλον
3206 1745 3578 1816 ἐνδυσαμένης
3602 1747 3685 1800 τὸν
3702 1747 3791 1803 διὰ-

2245 1832 2397 1887 ϐολσν
2428 1833 2485 1886 ἐν
2514 1834 2739 1905 ἀσεϐείᾳ
2771 1834 2863 1888 καὶ
2892 1835 3122 1905 πράξειε
3161 1837 3284 1907 ἄρτι
3334 1836 3444 1907 γὰρ
3481 1838 3689 1909 πρῶτον
3717 1842 3793 1894 ἐπ-

569 1927 695 1982 illud
750 1929 872 1982 mali
921 1929 1284 1999 excogitatum
1337 1940 1420 1985 est
1455 1947 1467 1982 :
1506 1930 1649 1998 quod
1683 1930 1848 2001 siqui
1900 1932 2120 1985 antehat

2241 1924 2434 1997 ενοήθη
2462 1926 2619 1980 τοῦτο
2650 1926 2711 1979 τὸ
2738 1926 2925 1979 κακόν.
2980 1928 3039 1979 El
3069 1927 3123 1979 δὲ
3159 1927 3250 1981 καί
3280 1944 3426 1991 τινες
3448 1928 3662 1983 ἐδόκουν
3688 1933 3792 1986 ποτέ

564 2032 685 2072 eam
742 2028 920 2073 mente
973 2020 1654 2089 concepisseviderentur,
1701 2029 1756 2073 at
1807 2020 2131 2074 sententiam

566 2109 637 2164 illi
686 2126 837 2165 suam
870 2112 1235 2166 occultabant.
1281 2112 1543 2168 Eusebius
1590 2122 1777 2186 autem
1827 2121 1882 2166 et
1926 2112 2087 2165 Arius
2114 2150 2130 2175 ,

562 2200 722 2256 veluti
754 2216 1032 2274 serpentes
1052 2219 1081 2257 e
1104 2205 1352 2271 cavernis
1380 2206 1607 2272 egressi,
1648 2206 1796 2260 virus
1834 2205 2134 2275 impietatis

563 2295 783 2365 hujusce
805 2311 1092 2351 evomuere
1125 2316 1138 2352 :
1166 2297 1327 2353 Arius
1355 2306 1538 2367 aperte
1579 2297 1988 2367 hlasphemandi
2025 2311 2132 2351 au-

559 2386 766 2442 daciam
820 2388 1055 2457 suscepit
1084 2429 1099 2452 ,
1132 2387 1393 2445 Eusebius
1453 2389 1677 2443 haeresis
1727 2389 2129 2459 patrocinium;

558 2480 649 2537 sed
685 2495 789 2534 non
819 2489 944 2537 ante
969 2479 1136 2535 valuit
1168 2480 1361 2536 haeresi
1406 2480 1739 2549 patrocinari
1768 2519 1783 2544 ,
1813 2494 1974 2548 quam
2004 2520 2020 2544 ,
2053 2479 2129 2534 ιιιί

560 2588 722 2641 supra
760 2572 893 2638 dixi,
939 2572 1321 2639 imperatorem
1360 2579 1644 2638 patronum
1676 2569 1793 2638 ejus
1821 2578 2012 2623 nactus
2036 2570 2125 2623 sit.

561 2664 749 2717 Patres
779 2663 959 2731 itaque
984 2659 1177 2730 {nostri
1233 2659 1623 2714 cecumenicam
1684 2660 1949 2730 synodum
1981 2658 2127 2714 cele-

558 2757 781 2809 brarunt
806 2792 821 2815 ,
851 2751 1010 2822 303
1046 2751 1330 2819 coactique
1379 2749 1499 2820 plus
1536 2750 1714 2806 minus
1755 2753 1982 2806 trecenti
2025 2768 2125 2806 nu-

556 2864 724 2915 mero,
771 2848 1030 2902 Arianam
1060 2847 1385 2901 damnarunt
1428 2845 1713 2909 haeresim,
1751 2846 2124 2900 declararunt-

552 2956 657 3010 que
706 2938 1043 3010 peregrinam
1075 2947 1129 2990 et
1157 2936 1386 2990 alienam
1419 2950 1538 2990 eam
1570 2951 1692 2991 esse
1749 2936 1816 2991 ab
1858 2937 2122 2991 ecclesia-

550 3034 684 3087 stica
728 3031 849 3086 ﬁde.
887 3027 1106 3084 Patroni
1144 3038 1323 3082 autem
1352 3026 1495 3081 illius
1524 3042 1645 3080 cum
1676 3041 1795 3081 sese
1826 3027 2116 3098 conspice-

551 3133 671 3178 rent
727 3122 784 3176 in
852 3136 1044 3190 magna
1102 3120 1435 3190 turpitudine
1498 3118 1748 3185 versari,
1804 3118 2119 3187 nullumque

2239 2018 2367 2087 περὶ
2399 2017 2571 2087 αὐτῆς
2602 2014 2931 2086 λογίζεσθαι,
2958 2017 3070 2070 ἀλλ’
3100 2018 3371 2088 ἔκρυπτον
3409 2020 3505 2073 καὶ
3541 2020 3793 2077 ἐλάνθανον

2234 2107 2407 2161 ταῦτα
2434 2108 2772 2179 φρονοῦντες.
2805 2108 3063 2172 Εὐσέϐιος
3093 2109 3149 2162 δὲ
3177 2111 3273 2163 καὶ
3299 2112 3538 2182 Ἄρειος,
3568 2114 3642 2176 ὡς
3669 2114 3793 2183 ὄφεις

2234 2198 2542 2262 ἐξελθόντες
2566 2199 2672 2252 ἀπὸ
2698 2199 2927 2269 φωλεοῦ,
2959 2200 3049 2253 τὸν
3090 2200 3169 2253 ίὸν
3196 2201 3294 2272 τῆς
3321 2201 3579 2266 ἀσεϐείας
3619 2205 3794 2276 ταύτης

2235 2289 2523 2361 ἐξήμεσαν·
2558 2291 2648 2344 καὶ
2686 2292 2713 2344 6
2744 2292 2839 2361 μὲν
2869 2293 3084 2362 ’Ἄρειος
3111 2291 3210 2363 τὴν
3243 2292 3337 2346 τοῦ
3375 2293 3708 2365 βλασφημεῖν
3744 2300 3794 2350 ἐκ

2234 2381 2467 2453 φανεροῦ
2499 2382 2703 2453 τόλμην
2732 2382 3029 2451 ἀνεδέξατο·
3065 2384 3093 2435 6
3120 2383 3176 2437 δὲ
3203 2384 3468 2449 Εὐσέϐιος
3495 2388 3596 2457 τὴν
3616 2387 3794 2459 ταύτης

2232 2471 2593 2541 προστασίανῑ
2626 2471 2741 2525 ἀλλ’
2778 2473 2838 2525 ού
2878 2472 3140 2544 πρότερον
3178 2473 3367 2544 ἴσχυσε
3390 2476 3693 2546 προστῆναι
3710 2479 3793 2547 τῆς

2230 2562 2581 2632 αἱρέσεως,εί
2609 2563 2702 2635 μὴ,
2740 2562 2883 2616 καθά
2928 2568 3205 2634 προεῖπον,
3245 2565 3473 2635 βασιλέα
3524 2564 3647 2640 εὗρε
3680 2588 3795 2642 προ-

2230 2653 2431 2723 στάτην
2453 2652 2674 2723 ταύτης.
2693 2654 2753 2706 Οί
2771 2654 2869 2723 μὲν
2887 2650 2979 2707 οὖν
2995 2655 3236 2727 Πατέρες
3254 2658 3412 2727 ἡμῶν
3433 2660 3796 2731 οἱκουμενικὴν

2229 2742 2445 2797 σύνοδον
2498 2746 2850 2815 πεποιήκασι,
2899 2746 2992 2798 καὶ
3045 2747 3347 2816 τριακόσιοι
3394 2749 3507 2819 (40)
3555 2754 3730 2805 πλεῖον
3766 2754 3793 2823 ἦ

2226 2834 2447 2890 ἔλαττον
2474 2836 2818 2901 συνελθόντες
2857 2836 3182 2908 κατέκριναν
3209 2839 3308 2909 τὴν
3345 2842 3633 2913 Ἀρειανὴν
3666 2847 3797 2917 αἴρε-

2227 2942 2332 2989 σιν,
2368 2927 2463 2980 καὶ
2524 2928 2867 2998 ἀπεφήναντο
2902 2928 3099 2992 πάντες
3152 2929 3443 3002 ἀλλοτρίαν
3500 2934 3672 3006 αὐτὴν
3715 2938 3795 2991 καὶ

2225 3016 2387 3088 ξένην
2437 3017 2536 3088 τῆς
2590 3018 3050 3091 ὲκκλησιαστικῆς
3107 3022 3345 3087 πίστεως
3401 3019 3567 3079 εἶναι.
3627 3030 3688 3081 Οἱ
3747 3030 3795 3083 δὲ

2223 3110 2525 3179 προστάται
2554 3111 2778 3181 ταύτης,
2824 3112 3059 3183 ὁρῶντες
3081 3114 3309 3179 ἑαυτοὺς
3334 3116 3525 3172 λοιπὸν
3563 3121 3794 3192 ἀσχημο⁴

548 3222 856 3285 suppetcret
920 3211 1215 3281 legitimum
1278 3219 1700 3280 argumentum,
1761 3208 1920 3263 aliam
1973 3209 2114 3263 viam

2221 3199 2464 3267 νοῦντας,
2500 3204 2595 3256 καὶ⁵
2620 3204 2783 3273 μηδὲν
2811 3204 3033 3275 εῠλογον
3074 3206 3317 3277 ἔχοντας,
3368 3210 3539 3281 ἀλλην
3573 3213 3687 3268 ὀξὺν
3714 3217 3797 3267 ἐπε

547 3306 926 3373 excogitarunt
945 3342 960 3367 ,
986 3318 1049 3357 ae
1073 3317 1167 3372 per
1195 3310 1483 3356 externam
1519 3299 1903 3354 auctoritatem
1945 3299 2116 3354 haere-

2221 3291 2467 3363 ενόησαν,
2499 3270 2703 3350 καὶ
2751 3296 2863 3366 (ﬂ)
2911 3270 3011 3367 τῆς
3051 3270 3251 3362 eadem
3278 3270 3545 3368 vé—Souaia'c;
3577 3305 3794 3360 ἐκδικεῖν

546 3400 646 3452 sim
678 3397 949 3451 vindicare
972 3395 1151 3450 conati
1196 3405 1343 3448 sunt.
1380 3391 1493 3459 Qua
1524 3391 1576 3445 in
1610 3404 1667 3446 re
1703 3392 1872 3460 magis
1914 3390 2114 3461 magis-

545 3504 649 3555 que
702 3485 971 3540 admirere
1017 3500 1202 3539 eorum
1250 3482 1508 3554 propositi
1566 3480 1905 3538 insolentiam
1955 3481 2113 3536 mali-

546 3577 806 3644 tiamque,
835 3584 889 3629 et
922 3584 1249 3645 quantopere
1277 3573 1353 3627 illi
1384 3572 1521 3626 alias
1568 3580 1822 3642 superent
1855 3573 2112 3627 haereses.

541 3667 784 3721 Aliarum
818 3667 1013 3736 quippe
1042 3666 1307 3720 haeresnm
1343 3677 1675 3730 commenta,
1700 3678 1995 3733 earumque
2024 3663 2111 3717 in-

542 3758 691 3811 sania
730 3758 782 3811 in
811 3757 1105 3811 calliditate
1131 3756 1419 3810 verborum
1449 3756 1553 3810 sita
1583 3764 1701 3821 est,
1734 3755 1799 3808 ad
1825 3754 2113 3823 simplicio-

543 3864 628 3902 res
653 3848 1017 3916 decipiendos.
1070 3847 1134 3901 Et
1177 3847 1356 3902 Graeci
1402 3848 1623 3917 quidem
1644 3885 1662 3912 ,
1692 3856 1745 3900 ut
1779 3845 1855 3900 ait
1879 3846 2112 3916 Aposto-

540 3937 622 3993 lus
644 3939 709 4003 ³⁸,
739 3937 1102 4003 sublimitate,
1131 3948 1185 3991 et
1206 3937 1430 3991 suadela
1460 3937 1768 3999 verborum,
1801 3936 2110 4005 sophisma-

542 4025 790 4094 tihusque
822 4024 1217 4078 verosimilibus
1241 4024 1471 4078 suadere
1509 4031 1702 4078 curant
1730 4043 1743 4080 :
1776 4022 1946 4080 Judaei
1980 4040 2108 4081 vero

535 4115 772 4171 dimissis
823 4114 1016 4169 divinis
1066 4114 1406 4184 Scripturis.
1453 4114 1649 4183 fabulis
1683 4124 1734 4169 et
1773 4114 2096 4186 genealogiis

534 4207 884 4261 interminum
931 4206 1261 4260 contendunt
1297 4204 1382 4260 ³⁷ι
1416 4202 1697 4259 Manichati
1758 4214 1813 4258 et
1860 4203 2105 4259 Valenti-

534 4299 702 4365 niani,
738 4297 937 4366 aliique
964 4312 1089 4351 cum
1131 4296 1236 4350 illis
1275 4295 1487 4348 divinas
1518 4293 1835 4364 Scripturas
1885 4295 2101 4350 adulte-

533 4398 755 4453 rantes,
808 4387 921 4443 suis
973 4386 1222 4442 confictis
1278 4385 1832 4440 sermocinationibus
1887 4376 2103 4441 fabulas

530 4490 751 4537 narrant
780 4498 795 4536 :
828 4480 1012 4534 Ariani
1051 4493 1179 4533 vero
1208 4476 1328 4532 aliis
1360 4476 1610 4532 omnibus
1647 4476 1949 4532 hzeresibus
1971 4486 2100 4534 sunt

527 4572 861 4635 aitdaciores,
913 4583 1116 4638 easque
1154 4569 1394 4623 minores
1443 4582 1572 4622 suas
1616 4581 1735 4622 esse
1766 4582 1983 4623 sorores
2006 4567 2101 4623 de-

525 4664 771 4727 clarant,
818 4660 1127 4730 majoreqne
1158 4675 1320 4729 quam
1376 4659 1479 4711 ilhc
1526 4669 1651 4713 sunt
1683 4658 1987 4726 impietate,
2017 4659 2095 4713 uti

524 4772 683 4825 supra
735 4756 933 4810 dictum
989 4762 1075 4808 est
1113 4770 1127 4807 :
1162 4754 1545 4820 omniumque,
1583 4752 1635 4804 in
1671 4750 1861 4821 primis
1916 4760 2095 4805 tamen

523 4844 851 4909 «Iudaeorum,
894 4844 1155 4899 malitiam
1187 4842 1526 4913 :cntulztntur.
1566 4842 1631 4896 Ut
1667 4842 1813 4895 enim
1849 4840 1924 4895 illi
1952 4840 2095 4893 Pau-

523 4939 630 4991 lum
679 4937 1009 5006 objectorum
1066 4936 1354 4991 criminum
1407 4950 1555 4989 reum
1615 4934 1936 4989 convincere
1986 4922 2111 4989 non

518 5028 780 5090 valentes,
810 5042 930 5080 eum
961 5028 1220 5082 continuo
1258 5026 1324 5079 ad
1353 5028 1637 5080 tribunum
1689 5034 1744 5080 et
1797 5025 1863 5080 ad
1897 5025 2089 5094 ιιι-πεῖ-

517 5121 638 5175 dem
670 5120 943 5174 adduxere
972 5136 991 5172 :
1021 5119 1099 5173 sic
1120 5125 1174 5171 et
1201 5117 1287 5172 isti
1322 5117 1472 5188 plura
1518 5132 1681 5189 quam
1732 5116 1807 5172 illi
1862 5117 2094 5186 excogi-

518 5222 715 5279 tantes,
748 5210 861 5266 sola
907 5208 1151 5280 judicum
1192 5218 1463 5277 potestate
1491 5218 1618 5264 sunt
1650 5209 1731 5263 usi
1764 5226 1778 5263 :
1808 5223 1874 5262 ac
1904 5208 2090 5262 statim

515 5315 677 5375 atque
698 5303 966 5373 quispiam
1007 5302 1405 5357 contradixerit
1428 5339 1444 5364 ,
1478 5301 1526 5357 is
1571 5308 1815 5358 raptatus
1846 5298 1913 5353 ad
1948 5315 2088 5369 prato

513 5397 682 5455 sidetn
717 5396 1022 5461 adducitur,
1067 5394 1149 5448 vel
1180 5394 1247 5448 ad
1278 5393 1499 5449 ducem.

581 5623 627 5655 ⁸⁸
657 5623 671 5675 Ι
703 5624 828 5678 Cor.
854 5638 913 5685 tt,
938 5621 991 5675 4.
1072 5620 1116 5650 ν
1145 5621 1157 5672 Ι
1190 5620 1329 5672 Tim.
1362 5635 1400 5682 t,
1431 5620 1484 5671 4.

607 5806 697 5873 59)
727 5804 818 5858 Sic
836 5803 993 5873 Reg.,
1021 5818 1089 5872 με
1112 5802 1264 5873 deest
1285 5803 1344 5873 in
1361 5802 1538 5873 editis.

606 5870 692 5947 ωδ
726 5872 886 5937 Editi,
919 5870 1270 5943 τριακοσίων,
1316 5870 1446 5940 Reg.
1484 5871 1580 5937 sic,
1610 5888 1658 5937 τ,
1687 5870 1746 5926 id
1775 5876 2064 5948 est,_spta-

2218 3384 2425 3457 ταύτην
2468 3388 2848 3460 ἐπεχείρησαν.
2910 3390 3025 3460 Ἐφ’
3051 3384 3096 3460 ᾧ
3136 3394 3340 3461 μᾶλλον
3398 3397 3464 3451 ἄν
3506 3415 3595 3462 τις
3629 3401 3793 3453 αὑτῶν

2220 3475 2519 3548 Θαυμάσειε
2544 3480 2604 3533 τὸ
2615 3482 2797 3535 καινὸν
2819 3483 2912 3535 καὶ
2937 3484 3172 3555 πονηρὸν
3200 3486 3563 3560 ἐπιτήδευμα,
3582 3493 3797 3555 καὶπῶς

2219 3567 2615 3640 ὑπερϐάλλουσι
2644 3571 2740 3635 τὰς
2766 3571 2931 3637 ἄλλας
2951 3574 3208 3645 αἱρέσεις.
3239 3576 3362 3630 Τῶν
3390 3579 3490 3649 μὲν
3505 3580 3616 3651 γάρ
3630 3582 3795 3635 ἄλλων

2216 3658 2478 3729 αἱρέσεων
2534 3661 2600 3714 τά
2660 3662 3014 3734 ἐφευρήματα
3060 3666 3120 3718 ἐν
3170 3665 3493 3740 πιθανότητι
3544 3674 3795 3742 ῥημάτων

2215 3749 2326 3820 ἔχει
2377 3751 2475 3822 τὴν
2515 3752 2709 3823 μανίαν
2760 3754 2897 3826 πρὸς
2942 3755 3163 3828 ἀπάτην,
3199 3757 3309 3812 τῶν
3347 3762 3645 3833 ἀκεραίων.
3693 3765 3794 3818 Καὶ

2217 3845 2476 3917 Ἕλληνες
2527 3850 2643 3918 μὲν,
2690 3849 2767 3913 ὡς
2796 3845 2947 3904 εἶπεν
2988 3853 3017 3905 6
3068 3854 3413 3921 Ἀπόστολος,
3459 3859 3520 3910 ἐν
3558 3860 3791 3931 ὑπεροχῇ

2213 3937 2306 3989 καὶ
2346 3939 2523 3992 πειθοῖ
2554 3940 2725 4008 λόγων
2756 3942 2847 3996 καὶ
2884 3944 3182 4016 σοφίσμασι
3210 3948 3463 4013 πιθανοῖς
3492 3952 3792 4022 ἐπιχειροῦ-

2215 4043 2320 4081 σιν
2350 4030 2588 4084 Ἰουδαῖοι
2613 4031 2685 4091 δέ.
2732 4034 2962 4103 ἀφέντες
2988 4036 3085 4102 τὰς
3117 4038 3265 4103 θείας
3298 4040 3543 4111 Γραφάς,
3594 4043 3788 4109 λοιπὸν,

2209 4119 2285 4184 ὡς
2313 4116 2464 4173 εἶπεν
2483 4122 2512 4174 6
2547 4122 2885 4190 ’Λπόστολος,
2913 4128 2982 4180 ἐν
3007 4130 3222 4198 μύθοις
3250 4130 3349 4183 καὶ
3386 4136 3792 4204 γενεαλογίαις

2210 4210 2565 4278 ἀπεράντως
2618 4212 2802 4283 ἔχουσι
2852 4216 2951 4287 τὴν
3011 4219 3145 4290 ἔριν·
3209 4220 3505 4291 Μανιχαῖοι
3563 4226 3673 4295 γάρ
3704 4226 3788 4279 καὶ

2210 4300 2548 4355 Οὐαλεντίνοι
2574 4304 2671 4357 σὺν
2698 4306 2898 4371 αὐτοῖς,
2941 4310 3034 4362 καὶ
3057 4310 3227 4375 ἄλλοι,
3259 4313 3669 4385 καπηλεύοντες
3694 4314 3787 4378 τάς

2209 4390 2357 4456 θείας
2398 4392 2640 4465 Γραφάς,
2687 4400 2799 4461 τοῖς
2840 4398 3047 4453 ἑαυτῶν
3091 4402 3451 4469 ἐπιπλάστοις
3477 4406 3660 4475 λόγοις
3686 4426 3785 4477 μισ-

2207 4482 2537 4553 θολογοῦσιν·
2568 4487 2617 4540 οἱ
2644 4487 2701 4541 δὲ
2746 4490 3011 4563 ’Δρειανοὶ
3041 4492 3150 4546 τῶν
3177 4494 3277 4565 μὲν
3316 4496 3496 4550 ἄλλων
3525 4497 3785 4569 αἱρέσεὼν

2133 4611 2175 4667 D
2205 4575 2753 4667 εἰσιτολμηρότεροι,
2806 4582 2901 4635 καὶ
2946 4586 3274 4656 μικροτέρας
3312 4590 3524 4643 ἑαυτῶν
3556 4590 3784 4661 ἀδελφὰς

2202 4666 2489 4733 ἀπέδειξαν
2517 4669 2749 4735 ὲκείνας,
2788 4672 2946 4726 πλέον
2969 4676 3147 4729 αὐτῶν
3174 4679 3522 4748 ἀσεϐοῦντες,
3537 4683 3780 4751 καθάπερ

2202 4758 2436 4830 εἴρηται,
2469 4760 2561 4814 καὶ
2583 4763 2811 4827 πάντας,
2850 4765 3081 4836 μάλιστα
3106 4767 3161 4821 δὲ
3181 4770 3309 4835 τοὺς
3349 4773 3656 4837 Ἰουδαίους,
3687 4772 3780 4844 Cr;-

2200 4853 2470 4948 λῶσσὲιτες
2494 4857 2552 4909 ἐν
2578 4860 2830 4948 πονηρίᾳ.
2875 4860 2965 4924 Ὠς
2990 4862 3098 4948 γάρ
3132 4866 3353 4932 ἐκεῖνοι,
3394 4867 3470 4948 μῂ
3497 4868 3775 4937 δυνάμενοι

2196 4942 2289 4996 τὸν
2325 4945 2534 4998 Παῦλον
2573 4946 2789 5015 ἐλέγξαι
2834 4951 2959 5020 περὶ
3006 4945 3083 5005 ὧν
3131 4942 3585 5025 ἐπροφασίζοντο,
3619 4956 3776 5017 εὐθὺς

2195 5032 2400 5129 ἤγαγον
2431 5035 2612 5129 ἀὐτὸν
2818 5039 2908 5092 τὸν
2940 5040 3220 5114 χιλίαρχον
3267 5046 3363 5101 καὶ⁵
3392 5048 3485 5100 τὸν
3512 5040 3773 5129 ἡγεμόνα·

2193 5120 2365 5187 οὕτως
2401 5118 2566 5190 οῦτοι,
2590 5126 2686 5179 καὶ
2716 5128 2874 5182 πλέον
2921 5131 3145 5186 ἐκείνων
3185 5118 3548 5202 ἐπινοοῦντες,
3578 5139 3646 5208 τῇ
3690 5118 3772 5199 ἐξ·

2191 5212 2347 5283 ουσία
2385 5214 2521 5288 μόνῃ
2573 5216 2683 5269 τῶν
2709 5218 2981 5277 δικαστῶν
3012 5221 3331 5297 κέχρηνται·
3372 5229 3467 5281 καὶ
3498 5229 3659 5299 μόνον
3694 5239 3772 5288 τις

2187 5303 2370 5368 αὐτοῖς
2403 5305 2742 5379 ἀντείρηκεν,
2774 5310 2989 5365 ἐλκεται
3041 5315 3178 5386 πρὸς
3215 5317 3308 5370 τὸν
3334 5319 3597 5390 ἡγεμόνα,
3629 5319 3664 5388 ἢ
3688 5314 3772 5369 τὸν

2190 5392 2584 5466 στρατηλάτην.

2175 5786 2351 5877 κόσιοι
2383 5821 2416 5877 :_
2441 5816 2565 5877 nam
2603 5802 2991 5877 nominativum
3019 5816 3206 5859 casum
3248 5805 3485 5877 postulat
3506 5808 3703 5864 series.

2214 5872 2361 5944 -(ﬂ)
2402 5874 2456 5927 In
2484 5872 2613 5931 Res.
2645 5872 2930 5929 xaideest.
