3980 6518
187 474 280 528 773
1161 466 1484 524 HISTORIA
1525 464 1940 523 ARIANORUM
1971 465 2061 520 AD
2102 464 2494 521 MONACHOS.
3323 467 3431 522 774

243 589 328 643 67.
369 586 478 640 Kal.
505 586 559 638 αί
609 584 708 655 μὶν
745 582 897 636 ἄλλαι
940 583 1210 654 αἱρέσεις,
1253 581 1605 654 ἐλεγχόμεναι
1639 584 1758 643 ταῖς
1788 585 1815 640 Α

1934 580 2022 634 67.
2067 581 2131 635 Et
2152 581 2270 636 alia:
2297 581 2510 650 quidem
2543 581 2771 635 luereses
2804 580 2928 634 dum
2968 596 3086 637 sese
3120 582 3302 637 vident
3333 584 3427 639 de-

184 678 503 742 ἀποδείξεσιν
531 678 619 730 ὐπ’
646 675 819 745 αὐτῆς
859 675 958 743 τῆς
995 673 1251 744 ἀληθείας
1299 673 1445 745 (42),
1492 673 1755 735 σιωπῶσι.

1866 671 2351 726 monstrationibus
2386 671 2456 725 ab
2497 671 2610 741 ipsa
2638 673 2865 727 veritate
2901 673 3198 738 convictas,
3232 673 3426 735 silent;

185 771 338 840 μηδὲν
378 769 538 821 πλέον
570 768 601 838 ἢ
633 765 1023 838 ἐντρεπόμεναι
1054 767 1167 828 τοῖς
1189 765 1431 835 ἐλέγχοις
1455 783 1467 795 ·
1506 767 1538 834 ἡ
1567 765 1624 818 δὲ
1663 765 1757 816 νέα

1867 762 1986 818 ideo
2028 765 2236 820 scilicet
2282 764 2424 832 quod
2452 779 2573 820 sese
2601 765 2741 818 veris
2766 763 3102 832 argumentis
3127 762 3433 819 confutatas

184 860 270 912 καὶ
299 858 515 930 μυσαρά
546 856 748 910 τούτων
778 855 1008 926 αἵρεσις,
1037 857 1165 907 ὅταν
1199 854 1482 924 ἀνατραπῇ
1525 855 1637 917 τοῖς
1671 853 1756 904 λό-

1866 856 2188 909 erubescant
2213 872 2229 909 :
2255 865 2311 910 at
2332 871 2468 911 nova
2498 868 2552 910 et
2572 854 2940 910 abominanda
2966 869 3150 909 eorum
3186 856 3428 920 haeresis,

185 968 310 1018 γοις,
343 952 469 1004 ὅταν
497 951 587 1004 ὐπ’
619 947 789 1016 αὐτῆς
816 947 914 1017 τῆς
940 945 1195 1016 ἀληθείας
1215 945 1563 1014 αἰσχυνθεῖσα
1598 944 1756 1016 πέσῃ,

1868 943 1957 998 ubi
1996 945 2295 1002 rationibus
2340 947 2669 1012 confutatur,
2696 945 2786 1000 ubi
2830 945 2896 998 ab
2932 945 3047 1013 ipsa
3073 947 3300 1001 veritate
3327 949 3433 1002 suf-

185 1041 358 1094 λοιπδν
397 1040 490 1103 οὓς
541 1039 614 1109 μὴ
656 1037 938 1108 δεδύνηται
983 1039 1166 1089 πεῖσαι
1194 1036 1406 1104 λόγοις,
1444 1034 1662 1097 τούτους
1693 1037 1757 1103 τῇ

1867 1033 1983 1087 fusa
2016 1033 2240 1101 pudore,
2278 1035 2592 1102 collabitur;
2629 1045 2738 1088 tum
2771 1049 2906 1103 quos
2940 1034 3118 1088 verbis
3149 1035 3331 1104 nequit
3363 1037 3431 1092 ad

186 1132 290 1202 βίᾳ,
327 1131 422 1184 καὶ
451 1131 702 1198 πληγαῖς,
738 1130 832 1182 καὶ
851 1127 1248 1198 δεσμωτηρίοις
1269 1127 1446 1178 ἕλκειν
1476 1127 1758 1196 ἐπιχειρεῖ,

1868 1137 2020 1177 suam
2053 1123 2324 1179 adducere
2358 1126 2706 1189 sententiam,
2761 1125 2861 1180 hos
2913 1125 2983 1188 vi,
3024 1125 3121 1178 hos
3171 1125 3343 1194 plagis
3381 1135 3435 1180 et

185 1222 516 1296 γνωρίζουσα
543 1225 740 1294 ἑαυτὴν
765 1223 856 1275 καὶ
876 1221 1071 1286 οὕτως,
1094 1221 1168 1284 ὡς
1189 1221 1367 1273 πάντα
1388 1219 1586 1290 μᾶλλόν
1617 1222 1757 1272 ἐστιν

1867 1213 2177 1268 carceribus
2201 1213 2269 1267 ad
2300 1230 2358 1269 se
2391 1216 2607 1270 trahere
2640 1217 2832 1270 nititur
2865 1232 2878 1267 :
2911 1214 3298 1285 prapalamque
3348 1215 3433 1270 fa-

187 1316 216 1386 ἢ
249 1313 527 1385 θεοσεϐὴς.
571 1313 893 1374 Θεοσεϐείας
935 1313 1032 1381 μὲν
1070 1311 1177 1380 γὰρ
1212 1309 1339 1362 ἴδιον
1361 1350 1375 1374 ,
1415 1310 1488 1380 μὴ
1521 1310 1759 1377 ἀναγκά-

1867 1303 1942 1357 cit
1991 1318 2050 1358 se
2094 1303 2310 1372 quidvis
2342 1305 2522 1373 potius
2567 1321 2729 1374 quam
2767 1305 3072 1375 religiosam
3107 1321 3252 1362 esse.
3287 1306 3434 1362 Reli-

187 1406 311 1468 ζειν,
329 1403 465 1457 ἀλλά
481 1403 708 1465 πείθειν,
729 1401 917 1472 ὥσπερ
944 1402 1196 1470 εἴπαμεν.
1224 1400 1333 1453 Kal
1360 1401 1467 1472 γὰρ
1499 1402 1527 1452 ό
1562 1401 1759 1472 Κύριος

1869 1395 2047 1466 gionis
2075 1396 2275 1465 quippe
2306 1397 2584 1464 prpprium
2639 1407 2743 1460 est,
2777 1413 2883 1452 non
2927 1413 3141 1465 cogere,
3175 1401 3268 1454 sed
3309 1415 3435 1469 per-

187 1495 342 1558 αὐτὸς
398 1494 457 1546 οὐ
500 1491 856 1563 βιαζόμενος,
909 1490 1044 1544 ἀλλά
1107 1494 1170 1562 τῇ
1223 1491 1541 1562 προαιρέσει
1592 1490 1759 1553 διδοὺς

1869 1487 2118 1553 suadere,
2167 1487 2243 1540 uti
2302 1487 2558 1540 diximus.
2594 1487 2837 1557 Namque
2884 1489 3142 1543 Dominus
3187 1505 3292 1545 non
3331 1490 3436 1544 vim

187 1587 329 1654 ἔλεγε
362 1587 496 1638 πᾶσι
537 1585 633 1654 μέν
659 1601 670 1612 ·
701 1583 774 1637 ΕΖ
817 1601 906 1648 τις
955 1583 1111 1636 θέλει
1154 1582 1345 1635 ὀπίσω
1391 1599 1511 1652 μου
1535 1581 1759 1635 ἐλθεῖν·

1870 1576 2130 1644 inferens,
2165 1578 2256 1631 sed
2307 1577 2569 1647 cujusque
2613 1578 2873 1634 voluntati
2918 1579 3224 1636 facultatem
3277 1580 3438 1635 relin-

186 1679 288 1738 τοῖς
320 1675 376 1728 δὲ
412 1674 678 1744 μαθηταῖς
699 1690 711 1702 ·
749 1672 849 1740 Μὴ
892 1672 989 1724 καί
1019 1671 1186 1739 ὑμεῖς
1219 1671 1420 1726 θέλετε
1448 1670 1758 1732 ἀπελθεῒν;

1870 1682 2040 1738 quens
2071 1707 2086 1731 ,
2150 1669 2223 1721 ait
2269 1669 2482 1724 caneris
2516 1670 2728 1739 quidem
2761 1671 3010 1725 omnibus
3043 1687 3060 1725 :
3091 1669 3150 1724 Si
3191 1673 3306 1741 quis
3333 1673 3438 1726 vult

187 1761 325 1832 Αὕτη
384 1762 664 1824 παντελῶς
706 1761 958 1830 ἀλλοτρία
1010 1761 1108 1830 τῆς
1156 1760 1465 1824 θεοσεϐείας
1514 1761 1650 1814 ἐστί.
1700 1759 1759 1812 Τί

1869 1769 1984 1828 post
2016 1776 2095 1814 me
2127 1762 2383 1826 venire”;
2427 1761 2709 1830 discipulis
2748 1778 2873 1817 vero
2902 1763 3016 1817 suis
3045 1780 3058 1818 :
3093 1762 3235 1816 Num
3275 1773 3322 1816 et
3350 1780 3435 1817 eos

188 1857 352 1906 ποιεῖν
391 1854 557 1924 αὐτὴν
605 1853 768 1922 ἐχρῆν
807 1853 838 1923 ἢ
887 1852 1146 1905 τάναντία
1198 1853 1307 1921 (45)
1354 1853 1446 1905 τού
1493 1854 1760 1930 Σωτῆρος1

1872 1851 2015 1905 abire
2066 1849 2464 1906 vultis”?llu3c
2519 1865 2638 1905 cum
2695 1867 2725 1906 a
2780 1853 2865 1922 pia
2923 1853 3183 1924 religione
3215 1868 3437 1923 prorsus

185 1944 255 2006 ὡς
288 1916 912 2015 χριστομάχονῆγεμόνα
935 1943 1032 2011 τῆς
1054 1916 1307 2006 ἀσεϐείας
1324 1916 1757 2014 ἐπιγραφομένης

1871 1942 1979 1996 sint
2012 1943 2208 2006 aliena,
2240 1943 2368 2010 quid
2421 1958 2538 1997 eam
2579 1959 2737 2013 agere
2777 1916 2877 2015 par
2923 1916 3052 2008 fuit:
3107 1916 3268 2014 quam
3319 1961 3439 2016 qua:

186 2037 578 2099 Κωνστάντιον,
600 2036 678 2097 ὡς
709 2035 868 2087 αὐτὸν
898 2035 986 2087 τδν
1032 2035 1432 2106 Ἀντίχριστον;
1463 2036 1634 2099 Αὐτὸς
1661 2036 1758 2105 γὰρ

1872 2033 2138 2088 Salvatori
2183 2034 2562 2097 adversantur,
2603 2035 2800 2104 quippe
2848 2050 2968 2104 qua:
3008 2035 3109 2089 sibi
3164 2034 3436 2089 Constan-

183 2124 266 2178 δ.ἀ
301 2126 402 2196 τὴν
431 2125 640 2196 αἰρεσιν
680 2122 978 2176 ἐσπούδασε
1013 2122 1226 2195 πρῶτον
1265 2126 1358 2177 καὶ
1393 2125 1484 2177 τὸν
1518 2124 1688 2178 Σαοὺλ
1711 2125 1755 2175 ἐκ

1873 2125 2001 2178 tium
2028 2125 2251 2178 Christo
2284 2125 2676 2189 adversarium,
2713 2126 3005 2195 impietatis
3038 2127 3231 2181 ducem
3267 2127 3435 2181 ascri-

183 2215 421 2286 ὠμότητι
442 2215 680 2285 ζηλῶσαι
700 2231 714 2244 ο
749 2216 955 2277 ἐκεῖνος
982 2215 1077 2284 μὲν
1101 2213 1229 2286 γὰρ,
1258 2215 1446 2285 ἐπειδὴ
1467 2214 1755 2268 δεδώκασιν

1869 2215 2054 2286 pserit,
2093 2215 2254 2270 veluti
2293 2217 2466 2285 ipsum
2497 2215 2934 2271 Antichristum?
2965 2215 3200 2272 Haeresis
3234 2219 3434 2288 quippe

183 2309 228 2360 οί
265 2309 430 2377 ἱερεῖς
463 2305 802 2375 ἐπισιτισμὸν
853 2303 930 2375 τῷ
971 2303 1133 2357 Δαϐἰδ
1156 2344 1169 2367 ,
1199 2305 1446 2368 κελεύει,
1492 2307 1586 2360 καὶ
1614 2307 1755 2360 ἀναι-

1868 2307 2039 2376 gratia
2089 2307 2139 2360 id
2187 2308 2419 2375 primum
2471 2308 2682 2361 curavit
2723 2317 2780 2361 ut
2830 2308 3012 2362 Saulis
3057 2308 3434 2364 crudelitatem

186 2396 400 2467 ροῦνται
440 2397 674 2459 πάντες,
716 2395 806 2448 τὸν
855 2394 1086 2466 ἀριθμὸν
1133 2395 1286 2459 ὅντες
1321 2396 1624 2466 τριακόσιοι
1670 2397 1758 2449 καὶ

1867 2397 2368 2451 aemularetur:ille
2415 2411 2646 2466 namque
2703 2414 2825 2451 cum
2887 2400 3198 2453 sacerdotes
3247 2399 3433 2454 Davidi

187 2489 340 2542 πέντε
372 2488 484 2558 (Μ)
505 2506 516 2518 ·
550 2483 704 2550 οὗτος
731 2488 785 2540 δὲ
807 2527 821 2550 ,
858 2485 1044 2556 ἐπειδὴ
1076 2487 1174 2556 τὴν
1200 2487 1296 2557 μὲν
1329 2487 1536 2558 αἵρεσιν
1570 2487 1759 2549 πάντες

1871 2486 2125 2541 alimenta
2148 2489 2521 2556 praebuissent,
2539 2488 2703 2557 jussit
2723 2504 2910 2542 omnes
2928 2505 3150 2543 numero
3167 2497 3435 2545 trecentos

185 2580 470 2648 φεύγουσιν
490 2621 504 2644 ,
536 2581 569 2650 ἡ
599 2579 654 2632 δὲ
685 2578 998 2646 ὑγιαίνουσα
1040 2578 1220 2640 πίστις
1258 2580 1289 2648 ἡ
1321 2579 1399 2641 είς
1430 2578 1520 2631 τὸν
1560 2577 1757 2649 Κύριοι

1868 2588 1922 2634 et
1953 2580 2191 2650 quinque
2239 2581 2613 2636 obtruncari“
2645 2599 2657 2635 :
2687 2582 2772 2635 hic
2817 2596 2963 2644 vero,
3017 2595 3136 2633 cum
3189 2580 3435 2636 haeresim

183 2669 536 2740 ὡμολογήθη,
595 2669 920 2740 τριακοσίων
978 2668 1115 2721 ὅλων
1179 2668 1392 2721 σύνοδον
1454 2669 1755 2721 ἐπισκόπων

1867 2684 2056 2725 omnes
2084 2669 2308 2739 fugiant,
2342 2686 2582 2741 sanaque
2614 2672 2666 2725 in
2712 2671 2995 2726 Dominum
3037 2671 3169 2725 lldes
3199 2671 3435 2742 promul.

182 2758 423 2827 ἀναιρεῖ·
475 2757 569 2808 καὶ
620 2757 744 2818 τοὺς
793 2755 888 2824 μὲν
929 2755 1259 2816 ἐπισκόπους
1292 2754 1484 2816 αὐτοὺς
1515 2753 1754 2824 ἐξορίζει,

1864 2767 1987 2826 gata
2023 2760 2113 2822 sit,
2160 2747 2844 2830 trecentorum’sytmdum
2890 2760 3267 2830 episcoporum
3317 2762 3415 2816 irri

183 2851 305 2914 τοὺς
339 2849 394 2903 δὲ
423 2849 583 2912 λαοὺς
635 2849 914 2920 ἐμποδίζει
971 2849 1198 2919 μελετᾷν
1227 2848 1322 2918 τὴν
1353 2848 1632 2901 εὐσέϐειαν
1673 2848 1755 2900 καὶ

1866 2858 1973 2903 tam
2020 2848 2191 2903 facit:
2228 2850 2480 2919 ipsosque
2533 2852 2814 2919 episcOpos
2858 2851 3006 2920 pellit
3053 2851 3106 2905 in
3158 2853 3433 2918 exsilium,

183 2939 437 3009 εὔχεσθαι
460 2938 538 3009 τῷ
563 2938 700 3009 Θεῷ,
726 2939 947 2991 κωλύων
973 2939 1149 2990 αὐτῶν
1165 2936 1263 3001 τὰς
1291 2936 1626 3005 συναγωγάς.
1656 2937 1755 2988 Kal

1866 2940 2090 3008 populos
2122 2954 2250 2994 vero
2277 2939 2495 2995 cohibet
2539 2956 2606 2995 ue
2645 2941 2833 3010 pietati
2867 2953 3080 3005 vacent,
3120 2959 3221 2996 neu
3266 2943 3433 2998 Deum

182 3032 372 3102 ὥσπερ
404 3032 574 3085 Σαοὺλ
608 3030 914 3098 κατέσκαψε
943 3031 1040 3100 τὴν
1078 3030 1272 3100 Νομϐὰ
1314 3029 1428 3098 (45)
1478 3027 1575 3098 τὴν
1616 3026 1754 3080 πόλιν

1866 3041 2173 3099 precentur,
2239 3031 2602 3101 praepeditqne
2654 3046 2720 3086 ne
2784 3042 3077 3087 conventus
3126 3044 3308 3103 agant.
3359 3036 3434 3089 Ac

179 3123 289 3176 τῶν
318 3123 527 3194 ἱερέων,
549 3122 720 3184 οὕτως
744 3114 897 3184 οὗτος
911 3123 1001 3174 καὶ
1038 3121 1194 3174 πλέον
1216 3121 1275 3173 τὸ
1302 3121 1467 3174 κακὸν
1494 3119 1751 3187 αὐξάνων,

1866 3123 2318 3190 quemadmodum
2389 3121 2517 3175 Saul
2568 3121 2803 3176 Nohbam
2856 3125 3194 3177 sacerdotum
3247 3125 3432 3179 urbem

180 3215 280 3278 τὰς
319 3213 643 3284 Ἑκκλησίας
688 3216 798 3274 τοῖς
845 3212 1100 3265 ἀσεϐοῦσι
1141 3212 1486 3283 παραδέδωκε
1510 3228 1522 3240 ·
1568 3211 1660 3264 καὶ
1689 3211 1752 3273 ὡς

1867 3215 2065 3276 diruit,
2095 3213 2173 3267 sic
2201 3213 2301 3267 iste
2337 3214 2504 3267 nmlto
2534 3214 2762 3280 graviori
2799 3214 3004 3269 scelere
3039 3215 3298 3270 ecclesias
3332 3217 3432 3268 im-

179 3308 388 3369 ἐκεῖνος
417 3304 574 3374 Δωὴκ
606 3304 695 3356 τὸν
724 3303 1042 3356 διαϐαλόντα
1083 3304 1448 3374 προτετίμηκε
1487 3302 1596 3356 τῶν
1629 3301 1751 3372 ἀλη-

1868 3306 1970 3374 piis
2008 3304 2244 3359 tradidit.
2296 3302 2361 3358 Et
2411 3305 2547 3359 sicut
2583 3304 2670 3359 ille
2705 3306 2943 3375 Doegum
2982 3307 3431 3362 calumniatorem

182 3397 292 3460 θῶς
327 3397 516 3467 ἱερέων
535 3437 548 3459 ,
580 3397 668 3448 τόν
699 3414 757 3448 τε
787 3395 948 3449 Δαϐὶδ
979 3385 1167 3449 ἐδίωκε
1206 3395 1483 3464 προσέχων
1528 3397 1638 3457 τοῖς
1676 3397 1754 3448 Ζι-

1867 3396 2009 3450 veris
2050 3394 2425 3451 sacerdotibus
2467 3396 2753 3459 antetulit,
2792 3397 2868 3451 sic
2906 3407 2960 3451 et
2990 3398 3092 3453 iste
3148 3399 3431 3454 haereticos

182 3486 396 3556 φαίοις’
431 3486 599 3548 οὕτως
645 3481 794 3550 οὗτος
833 3487 958 3548 τοὺς
995 3486 1092 3554 μὲν
1134 3487 1441 3555 αἱρετικοὺς
1483 3487 1754 3557 προκρίνει

1865 3489 2080 3558 praefert
2113 3487 2216 3557 piis
2269 3488 2598 3553 hominibus,
2629 3503 2723 3543 eos
2755 3499 2930 3542 autem
2985 3489 3075 3557 qui
3124 3491 3192 3543 ab
3233 3490 3322 3546 illo
3349 3489 3432 3546 {u-

179 3575 290 3630 τῶν
322 3576 559 3630 εὐσεϐῶν
587 3617 599 3639 ,
641 3580 764 3640 τοὺς
803 3577 856 3630 δὲ
899 3576 1197 3646 φεύγοντας
1238 3576 1398 3628 αὐτὸν
1439 3576 1517 3628 ἐτι
1558 3576 1751 3641 διώκει1

1866 3582 2037 3648 giunt,
2061 3581 2357 3632 etiamnum
2375 3579 2679 3647 insequitur
2703 3595 2715 3631 :
2743 3581 3431 3650 auremqueprarbetcunu-

183 3666 465 3738 προσέχων
493 3669 605 3728 τοῖς
641 3666 875 3729 θλαδίαις
910 3665 1124 3730 ἑαυτοῦ,
1158 3667 1269 3728 τοῖς
1303 3666 1393 3717 καὶ
1418 3665 1755 3719 διαϐάλλουσι

1865 3670 1983 3724 chis
2023 3669 2479 3724 calumniantibus
2521 3670 2866 3724 orthodoxos.
2905 3671 3010 3725 Nec
3067 3673 3298 3726 advertit
3331 3689 3428 3730 sua

180 3754 306 3815 τοὺς
329 3751 677 3823 όρθοδόξουςν
710 3755 783 3823 μὴ
813 3753 1070 3825 συνορῶν,
1099 3753 1175 3816 ὡς
1204 3755 1302 3806 ὅσα
1319 3755 1364 3806 δ’
1397 3753 1462 3806 ἂν
1501 3755 1642 3824 ὑπὲρ
1667 3756 1752 3825 τῆς

1863 3760 2040 3812 omnia
2091 3775 2188 3826 pro
2233 3758 2432 3812 Ariana
2477 3759 2668 3814 haeresi
2715 3767 2864 3828 gesta
2914 3770 3076 3828 atque
3125 3761 3323 3830 scripta
3376 3762 3427 3815 iu

181 3845 445 3916 αίρέσεως
481 3844 590 3898 τῶν
632 3845 922 3914 Ἀρειανῶν
957 3846 1170 3918 πράττῃ
1202 3864 1259 3898 τε
1291 3847 1383 3899 καὶ
1410 3847 1596 3918 γράφῃ
1625 3847 1753 3917 (46),

1082 3861 1170 3918 ττῃ
1202 3864 1259 3898 τε
1291 3847 1383 3899 καὶ
1410 3847 1596 3918 γράφῃ
1625 3847 1756 3917 (46),
1865 3847 2038 3917 ipsum
2067 3856 2276 3902 vertere
2300 3847 2654 3904 Salvatorem.

178 3935 354 3989 ταῦτα
382 3936 522 3988 κατά
550 3935 643 3989 τοῦ
668 3937 916 4007 Σωτῆρος
937 3935 1047 4006 ἔχει
1074 3938 1170 4007 τὴν
1210 3937 1566 4008 ἐπιχείρησιν.

249 4026 341 4080 68.
383 4028 494 4096 Οὐχ
513 4027 684 4090 οὕτως
716 4027 824 4096 (47)
868 4027 1069 4098 Ἀχαὰϐ
1116 4028 1256 4081 κατὰ
1283 4028 1391 4080 τῶν
1433 4029 1622 4100 ἱερέων
1666 4031 1758 4083 τοῦ

1931 4024 2092 4096 304
2130 4024 2217 4080 68.
2259 4023 2337 4078 Ne
2386 4023 2573 4078 Achab
2614 4021 2831 4092 quidem
2878 4024 2930 4078 in
2973 4024 3283 4079 sacerdotes
3338 4023 3427 4077 Dei

175 4118 312 4171 Θεοῦ
345 4118 586 4186 γέγονεν,
628 4119 702 4182 ὡς
738 4112 888 4180 οὗτος
924 4119 1064 4172 κατά
1095 4119 1203 4172 τῶν
1244 4120 1554 4173 ἐπισκόπων
1583 4123 1747 4176 τετόλ-

1865 4126 1971 4169 tam
2019 4117 2268 4170 immanis
2309 4117 2433 4179 fuit,
2464 4133 2626 4186 quam
2661 4117 2750 4172 hic
2780 4116 2831 4169 iu
2883 4116 3162 4184 episcopos
3189 4133 3201 4168 :
3227 4114 3314 4168 ille
3350 4115 3428 4168 si-

178 4223 374 4277 μηκεν.
412 4208 585 4270 Ὄλως
608 4207 714 4277 γὰρ
746 4209 948 4271 ἐκεῖνος
985 4210 1110 4272 καὶ,
1146 4209 1490 4278 φονευθέντος
1526 4209 1618 4262 τού
1647 4212 1750 4264 Na-

1861 4207 2076 4275 quidem
2121 4205 2303 4259 occiso
2357 4203 2633 4267 Nabotlto,
2673 4213 3029 4273 compunctus
3073 4211 3170 4266 est,
3210 4203 3429 4269 visoque

175 4297 389 4360 ϐουθαὶ,
423 4299 716 4368 κατενύγη,
746 4298 839 4351 καὶ
870 4297 1159 4352 τὺνἮλίαν
1189 4300 1447 4371 ἑωρακὼς
1477 4300 1715 4374 ἐφοϐήθη
1741 4321 1747 4336 ε

1861 4293 1971 4347 Elia
2002 4293 2280 4362 pertimuit
2299 4294 2365 4346 δ’.
2392 4293 2460 4346 At
2509 4294 2595 4346 hic
2650 4305 2824 4359 neque
2854 4300 2962 4344 tam
2990 4291 3246 4343 eximium
3276 4289 3425 4342 illum

171 4382 334 4452 οὗτος
367 4389 424 4442 δέ
463 4390 584 4442 οὐδὲ
647 4390 758 4458 (48)
796 4391 886 4443 τὸν
935 4390 1252 4461 τηλικοῦτον
1292 4393 1475 4444 Ὄσιον
1535 4393 1743 4465 ᾐδέσθηὟ

1860 4385 2083 4440 llosium
2137 4384 2399 4438 reveritus
2443 4394 2543 4447 est,
2589 4397 2762 4453 neque
2815 4392 2892 4438 tot
2941 4381 3108 4452 pulsis
3164 4381 3428 4449 episcopis

170 4478 293 4533 οὐδὲ
331 4479 458 4540 τοὺς
510 4478 794 4541 τοσούτους
833 4479 1158 4541 ἐπισκόπους
1204 4480 1480 4550 ἐξορίσας,
1525 4483 1742 4554 ἐνάρκη-

1861 4476 2210 4546 defatigatus,
2246 4482 2337 4528 aut
2363 4484 2718 4544 compunctus
2759 4484 2886 4530 est:
2917 4476 3008 4530 sed
3039 4483 3095 4527 ut
3130 4472 3266 4526 alter
3288 4470 3427 4525 Pha-

175 4585 288 4630 σεν,
329 4569 368 4638 ἢ
410 4569 513 4622 κᾶν
546 4569 654 4638 (49)
694 4568 996 4641 κατενύγη·
1047 4569 1159 4638 ἀλλ’
1207 4570 1281 4633 ὡς
1333 4571 1489 4634 ἄλλος
1534 4572 1747 4643 Φαραὼ¹

1861 4583 1973 4634 rao,
2007 4582 2112 4638 quo
2143 4569 2314 4638 magis
2346 4571 2617 4633 atteritur,
2654 4583 2720 4622 eo
2763 4567 2936 4636 magis
2975 4565 3295 4627 obduratur,
3319 4577 3415 4631 pe-

175 4660 377 4728 μᾶλλον
407 4661 834 4731 ἐπιτριϐόμενος,
863 4663 1240 4733 σκληρύνεται,
1272 4663 1364 4716 καὶ
1390 4663 1604 4734 χείρονα
1627 4664 1747 4716 καθ-

1853 4657 2080 4729 joraque
2122 4660 2342 4714 molitur
2388 4662 2440 4716 in
2484 4663 2600 4718 dies
2619 4663 2689 4713 ⁸⁸.
2723 4661 2794 4715 At
2853 4676 2980 4718 ecce
3025 4656 3419 4726 improbitatem

170 4751 389 4822 ημέραν
422 4751 658 4805 ἐπενόει.
714 4754 825 4806 Καὶ
862 4753 1008 4806 ἔστιν
1059 4753 1222 4808 αὐτοῦ
1265 4754 1424 4808 τοῦτο
1457 4754 1742 4825 παράδοξοι

1855 4751 2014 4819 plane
2077 4752 2589 4821 stupendamzdum
2648 4752 2892 4824 episcopi
2943 4750 3322 4818 ablegarentur
3369 4746 3419 4809 ίιι

169 4838 273 4906 τῆς
318 4840 615 4910 πονηρίας’
657 4841 765 4893 τῶν
818 4843 925 4914 γὰρ
982 4843 1293 4897 ἐπισκόπων
1340 4843 1741 4914 ἐξοριζομένων.

1855 4843 2125 4910 exsilium,
2153 4845 2350 4899 accldlt
2383 4848 2644 4915 quosdam
2681 4845 2840 4906 alios,
2879 4842 3041 4899 credis
3079 4840 3160 4894 vel
3196 4836 3418 4892 seditio-

172 4928 455 4983 συνέϐαινε
487 4933 582 4984 καὶ
606 4931 795 4997 ἄλλους
817 4935 969 4998 τινὰς
994 4935 1060 4988 δι’
1084 4936 1402 5007 ἐγκλήματα
1432 4935 1591 5003 φόνου
1621 4934 1744 5006 (50),

1855 4936 1958 5001 nis,
1992 4935 2078 4991 vel
2104 4935 2253 5002 furti,
2291 4952 2389 5008 pro
2418 4939 2640 4994 sceleris
2669 4939 2829 4994 modo
2861 4931 3209 4992 condemnari
3238 4947 3250 4982 :
3283 4940 3419 4999 quos

166 5018 201 5088 ῆ
232 5021 502 5083 στάσεως,
558 5020 590 5091 ἢ
640 5022 875 5093 κλοπῆς,
916 5025 1060 5078 -κατά
1110 5026 1206 5096 τὴν
1269 5022 1361 5077 τοῦ
1409 5024 1738 5094 ἐγκλήματος

1852 5025 2068 5095 quidem
2106 5035 2226 5094 post
2277 5041 2488 5083 menses
2534 5042 2734 5097 paucos
2761 5035 2980 5094 rogatus
3008 5023 3119 5089 ille,
3152 5018 3415 5090 quemad-

163 5109 452 5179 ποιότητα,
511 5111 806 5182 λαμϐάνειν
852 5114 948 5185 τὴν
1000 5114 1296 5187 καταδίκην
1321 5128 1335 5146 ο
1389 5115 1482 5168 καὶ
1534 5115 1735 5194 τούτουέ

1852 5115 2067 5169 modum
2103 5114 2405 5171 Barabbam
2450 5115 2680 5181 Pilatus,
2716 5132 2744 5169 a
2797 5129 2955 5186 pcena
3008 5111 3270 5174 absolvit;
3303 5122 3417 5162 scr-

237 5269 285 5302 ”
303 5268 499 5325 Matth.
534 5286 646 5334 xvr,
672 5273 762 5327 24.
833 5274 877 5306 ⁸⁹
905 5271 1060 5329 Joan.
1091 5290 1165 5340 vt,
1193 5273 1282 5329 68.
1358 5274 1403 5307 ⁸⁸
1433 5274 1454 5328 l
1481 5274 1616 5345 Reg.
1643 5289 1758 5339 nt,
1784 5270 1876 5327 23.
1951 5270 1992 5302 “
2021 5269 2086 5326 Ill
2113 5271 2249 5340 Reg.
2277 5286 2390 5338 ιιι,
2428 5269 2520 5328 20.
2597 5271 2640 5308 "
2675 5271 2844 5327 Exod.
2877 5287 2950 5335 Ix,
2985 5269 3075 5323 35-

256 5427 346 5498 48)
378 5425 471 5498 illa
495 5428 632 5496 Reg.
658 5427 817 5498 Editi,
843 5428 999 5494 male,
1027 5428 1124 5490 τὰς
1147 5426 1419 5495 ἀληθείας.

1839 5441 1971 5498 vero
2004 5424 2216 5498 legitur.
2255 5425 2419 5482 Paulo
2447 5437 2570 5498 post
2597 5426 2760 5483 Basil.
2793 5422 3165 5479 διαϐάλλοντα.

255 5496 346 5560 ιδ)
374 5497 449 5568 Ita
488 5498 624 5568 Reg.
655 5497 793 5568 Editi
824 5513 972 5560 vero,
1010 5498 1247 5568 évay‘cia.
1423 5561 1434 5568 _
1550 5560 1562 5568 _
1635 5561 1647 5568 _

857 5513 972 5560 ero,
1010 5498 1247 5568 évay‘cia.
1423 5561 1434 5568 _
1550 5560 1562 5568 _
1635 5561 1647 5568 _
1906 5496 2428 5568 (Ψίδθεηγράφει.

232 5505 346 5562 (ιδ)
374 5505 449 5549 Ita
488 5505 624 5565 Reg.
657 5505 793 5550 Editi
824 5513 972 5560 vero,
1010 5505 1247 5555 ἐναντία.
1906 5505 2002 5566 (to

232 5568 344 5635 (ιι)
375 5563 469 5619 Sic
501 5565 838 5642 R‘egz‘ngsil1
873 5575 926 5620 et
953 5568 1084 5642 edit.
1114 5561 1495 5642 Pa_ris._,‘_et‘ita
1550 5560 1742 5642 legitur

155 5630 615 5704 lReg.'xvm,2i.
639 5635 776 5689 Edit.
799 5633 1060 5691 Commel.
1091 5635 1247 5701 male,
1270 5630 1727 5704 όϐδοήκονταβίς]

1047 5675 1060 5691 .
1091 5635 1247 5701 male,
1270 5630 1740 5704 ὀϐδοήκονταβίς)
1911 5630 2024 5704 (48)
2054 5634 2190 5704 Οὐδὲ
2227 5630 2378 5704 déest
2406 5632 2619 5704 inReg.

153 5698 342 5758 avt}.
484 5698 502 5774 ξ
801 5773 805 5774 ν
885 5772 894 5774 Α
1099 5698 1240 5774 η’
1414 5698 1548 5774 ἠ
1600 5698 1725 5774 _‘_.‘

1526 5768 1548 5774 ,
1664 5767 1693 5774 η
1721 5698 1739 5774 ⁷,
1910 5698 2022 5774 (49)
2053 5703 2130 5774 lta
2157 5704 2289 5773 Reg.
2319 5701 2382 5774 ιιι
2411 5698 2696 5774 editis'xév
2725 5698 3083 5757 desideratur.

233 5774 344 5844 65)
371 5773 447 5844 Ita
478 5773 650 5844 Reg,
670 5781 724 5826 et
767 5771 1118 5844 sic_legtturl
1147 5771 1278 5844 Reg.
1307 5785 1452 5844 lum,
1490 5768 1574 5844 i9.
1600 5767 1740 5844 E_t_li_ti

1099 5771 1118 5826 l
1147 5771 1278 5844 Reg.
1307 5785 1452 5844 lum,
1490 5768 1574 5844 i9.
1600 5767 1740 5844 E_t_li_ti
1910 5767 2023 5844 (50)
2058 5767 2266 5842 Regius
2287 5772 2452 5827 codex
2487 5768 2665 5842 φόνον.

155 5837 364 5900 Νοϐόά.
398 5843 523 5899 Mox
555 5837 651 5898 καί
680 5853 798 5910 post
823 5837 998 5904 οὖτὼς
1050 5843 1200 5895 deest
1229 5837 1279 5895 i'n
1307 5837 1463 5910 ch.,
1495 5838 1547 5893 in
1581 5837 1741 5896 editis

2058 5558 2157 5636 Sic
2182 5558 2399 5636 Kégfet
2430 5563 2592 5636 Ba_sil.
2625 5561 2788 5628 Editi,
2819 5560 2978 5622 male,
2997 5559 3098 5614 οὐκ
3125 5558 3300 5621 ὄντας.
