3980 6496
217 367 298 422 :77
1221 365 1549 424 HISTORIA
1590 367 2010 429 ARIANORUM
2047 372 2142 428 AD
2185 373 2582 432 MONACIIOS.

3361 381 3463 436 πε

201 483 356 536 πίνων
380 483 576 547 αὐτοῖς
608 486 710 555 τὴν
730 502 783 537 τε
816 485 955 538 κατᾶ
986 485 1090 536 τῶν
1129 484 1440 537 ἐπισκόπων
1474 484 1780 557 ἐπιϐουλὴν,

1892 501 1996 546 tem
2036 491 2140 547 illis
2185 492 2456 561 pr0pinet,
2501 503 2600 544 nec
2648 504 2752 544 non
2804 501 3124 560 potestatem
3177 493 3228 548 iu
3277 494 3462 550 Eccle-

197 574 280 626 καὶ
300 572 397 644 τὴν
420 572 534 628 τῶν
578 574 912 645 Ἐκκλησιῶν
951 575 1218 641 ἐξουσίαν.
1264 575 1391 626 Ἰδοὺ
1423 574 1531 647 γὰρ
1560 577 1653 629 καὶ
1689 579 1782 633 νῦν

198 664 345 718 πάλιν
383 663 623 735 ἐτάραξε
658 664 755 728 τὰς
781 667 838 718 ἐν
885 658 1256 737 Ἀλεξανδρείᾳ
1281 665 1642 735 Ἐκκλησίας,
1689 669 1783 722 καὶ

195 755 283 817 τὰς
303 756 362 806 ἐν
397 755 664 826 Αἰγύπτῳ
698 757 789 809 καὶ
833 755 1059 820 Λιϐύαις
1104 757 1338 820 πάσαις’
1393 760 1487 812 καὶ
1532 759 1780 831 φανερῶς

198 846 492 916 προσέταξε
532 851 663 912 τοὺς
706 848 802 918 μὲν
831 849 936 920 τῆς.
968 849 1278 919 Καθολικῆς
1330 853 1654 924 Ἐκκλησίας
1687 855 1782 908 καὶ

195 935 283 1004 τῆς
317 934 433 1005 (58)
469 935 754 1000 εὐσεϐείας
788 937 1118 1002 ἐπισκόπους
1152 940 1513 994 ἐκϐάλλεσθαι
1542 942 1650 994 τῶν
1687 944 1779 996 ἐκ·

195 1026 449 1094 κλησιῶν,
497 1032 611 1091 τοῖς
639 1029 693 1080 δὲ
738 1028 805 1081 τὰ
841 1028 1047 1099 Ἀρείου
1093 1030 1350 1100 φρονοῦσι
1398 1032 1575 1095 πάσας
1612 1033 1780 1097 αὑτὰς

197 1117 604 1188 παραδίδοσθαι.
657 1119 826 1175 Τοῦτό
869 1139 928 1173 τε
963 1121 1074 1188 (59)
1124 1124 1297 1175 ποιεῖν
1339 1124 1367 1176 ὁ
1411 1123 1783 1196 στρατηλάτης

193 1208 423 1278 ἤρξατο·
455 1211 551 1264 xal.
581 1211 763 1266 λοιπὸν
795 1213 1082 1265 ἐπίσκοποι
1127 1213 1372 1284 δέσμιοι,
1423 1215 1783 1286 πρεσϐύτεροί

193 1317 244 1352 τε
276 1303 375 1354 καὶ
406 1303 734 1373 μονάζοντες
754 1304 1198 1376 σεσιδηρωμένοι,
1229 1307 1323 1359 καὶ
1363 1306 1598 1377 πληγαῖς
1618 1322 1786 1358 κατα-

193 1393 450 1456 κοπέντες
498 1393 591 1448 ῐσα
639 1394 880 1466 Θανάτῳ,
935 1397 1427 1468 παρεπέμφθησαν.
1480 1397 1662 1450 Πάντα
1716 1412 1776 1448 τε

193 1481 328 1536 κατά
363 1482 528 1535 τόπον
563 1485 920 1556 τετάρακται⁸
954 1486 1047 1538 καὶ
1097 1488 1130 1555 ἡ
1163 1485 1435 1554 Αἴγυπτος
1467 1488 1561 1540 xui.
1603 1485 1778 1556 Λιϐύη

193 1576 338 1627 πᾶσα
366 1573 687 1635 κινδυνεύει,
715 1577 824 1628 τῶν
855 1575 1000 1629 λαῶν
1022 1575 1560 1647 δυσανασχετούντων
1589 1577 1681 1630 ἐπὶ
1703 1575 1780 1647 τῷ

194 1664 498 1735 παρανόμῳ
539 1668 920 1737 προστάγματι
966 1669 1140 1740 τούτῳ
1172 1669 1284 1740 (60)
1305 1711 1320 1734 ,
1354 1669 1449 1720 καὶ
1481 1669 1788 1738 βλεπόντων

1890 572 2022 640 sias.
2068 583 2358 638 Enimvero
2379 582 2491 651 jam
2541 580 2720 636 denuo
2749 581 3142 638 Alexandrinas
3176 587 3461 654 perturba-

1889 674 1965 727 vit
1993 674 2280 740 Eeclesias,
2302 683 2465 744 atque
2491 686 2583 727 eas
2617 688 2734 741 qua:
2769 673 2818 726 in
2844 672 3076 744 Egypto
3095 676 3143 727 iu
3171 675 3462 746 Libyisque

1895 763 2056 835 305
2088 765 2372 821 habentur.
2406 763 2698 834 Edixitque
2727 763 2898 834 palam
2927 805 2943 830 ,
2969 765 3249 821 catholica:
3279 766 3462 820 Eccle-

1888 855 1981 908 sia:
2031 856 2353 932 pietatisque
2392 865 2695 910 sectatores
2775 855 3055 924 episcopos
3095 858 3460 911 exturbandos

1887 959 1953 1000 ex
1999 946 2266 1020 ecclesiis,
2293 947 2522 1015 illasque
2555 946 2842 1001 tradendus
2876 961 3064 1001 omnes
3090 948 3154 1002 iis
3181 948 3270 1016 qui
3301 948 3460 1001 Aria.

1890 1037 2009 1090 uice
2047 1037 2330 1093 sentirent.
2380 1037 2513 1091 Illud
2565 1052 2724 1107 agere
2763 1038 2874 1107 jam
2919 1039 3085 1108 cmpit
3117 1039 3222 1092 dux
3252 1040 3458 1093 exerci-

1891 1132 2016 1177 tus:
2053 1139 2114 1179 ac
2145 1126 2401 1196 deinceps
2431 1126 2671 1198 episc0pi
2714 1125 2946 1180 vinculis
2985 1127 3299 1191 constricti,
3337 1141 3458 1197 pre-

1891 1215 2095 1284 sbyteri
2121 1222 2175 1269 et
2203 1216 2451 1269 monachi
2485 1215 2673 1270 ferreis
2701 1216 2905 1270 catenis
2938 1215 3109 1288 ligati,
3146 1218 3213 1271 ad
3239 1231 3455 1270 necem-

1893 1319 1997 1376 que
2026 1302 2140 1357 fere
2180 1303 2352 1373 plagis
2380 1303 2610 1368 concisi,
2644 1305 2862 1374 relegati
2901 1315 3048 1358 sunt.
3083 1305 3238 1360 Mista
3263 1305 3458 1376 ubique

1891 1391 2194 1448 oumiazin
2249 1391 2492 1461 periculo
2537 1403 2798 1447 versatur
2855 1393 3119 1464 Egyptus
3171 1409 3234 1448 ac
3291 1393 3454 1466 Libya

1888 1495 2023 1549 tota,
2056 1483 2270 1554 populis
2301 1483 2537 1538 edictum
2573 1482 2837 1551 ejusmodi
2874 1485 3252 1555 indignissime
3282 1484 3451 1538 feren-

1887 1577 2049 1639 tibus,
2071 1583 2125 1629 et
2159 1574 2490 1630 Antichristi
2516 1583 2833 1646 apparatum
2888 1576 3258 1639 cernentibus,
3293 1576 3449 1630 idem-

1885 1680 1991 1736 que
2035 1681 2128 1721 sua
2169 1665 2307 1719 bona
2341 1666 2411 1718 ab
2441 1664 2561 1719 aliis
2590 1666 2801 1734 direpta
2843 1665 3210 1732 haereticisque
3240 1667 3453 1722 tradita.

193 1754 280 1826 τὴν
309 1756 793 1827 τούἈντιχρίστου
816 1758 1190 1829 παρασκευὴν,
1231 1759 1323 1810 καὶ
1345 1759 1414 1811 τά
1437 1758 1544 1813 ἴδια
1577 1760 1672 1812 ἀπ’
1694 1756 1873 1810 αὐτῶν
1914 1755 2011 1826 μὶν
2036 1754 2146 1826 (61)
2173 1753 2552 1826 ἁρπαζόμενα,
2597 1756 2712 1817 τοῖς
2733 1753 2788 1806 δὲ
2820 1755 3114 1825 αἱρετικοῖς
3150 1753 3457 1824 ἐκδιδόμενα

191 1844 381 1899 ταῦτα.

256 1937 347 1988 7|.
393 1935 530 1988 Πότε
572 1932 664 1990 οὖν
704 1937 944 2010 ἠκούσθη
978 1940 1210 2014 τοσαύτη
1247 1945 1600 2013 παρανομία;
1643 1942 1771 1995 πότε
1805 1947 1845 2001 Β

1823 2037 1838 2050 ⁹
1879 2030 2100 2095 donam,
2122 2028 2207 2083 vel
2239 2037 2482 2096 tempore
2513 2026 2936 2097 persecutionis,
2962 2026 3162 2080 malum
3192 2026 3453 2097 ejusmodi

191 2045 236 2080 τι
267 2027 481 2080 τοιοῦτο
527 2029 633 2081 κᾶν
667 2030 726 2082 ἐν
760 2029 984 2101 διωγμῷ
1036 2031 1225 2101 γέγονε
1275 2034 1476 2098 κακόν;
1516 2033 1772 2105 ’Έλληνες

191 2120 476 2188 γεγόνασιν
524 2121 575 2173 οἱ
625 2121 886 2193 πρότερον
920 2121 1240 2187 διώξαντες’
1278 2122 1392 2176 ἀλλ’
1422 2126 1522 2177 ούκ
1558 2125 1638 2187 είς
1677 2124 1773 2188 τάς

191 2213 490 2284 ἐκκλησίας
521 2215 846 2284 εἰσήνεγκαν
880 2215 954 2291 τάκ
1004 2216 1214 2270 εἴδωλα.
1263 2217 1488 2270 Ἰουδαία
1520 2213 1586 2288 ἦν
1613 2220 1774 2288 Ζηνο-

191 2303 300 2367 6ία,
341 2305 436 2357 καὶ
472 2304 686 2357 Παύλου
732 2306 970 2378 προέστη
1009 2307 1100 2359 τού
1134 2309 1522 2378 Σαμοσατὲως⁸
1568 2309 1679 2362 ἀλλ’
1711 2311 1772 2362 οὐ

191 2393 386 2448 δέδωκε
433 2393 534 2457 τὰς
575 2394 868 2466 ἐκκλησίας
913 2400 1026 2460 τοῖς
1072 2399 1342 2462 Ἰουδαίοις
1380 2402 1458 2463 είς
1530 2417 1772 2468 συναγω-

192 2485 310 2551 γάς.
349 2483 551 2538 Καινόν
584 2486 700 2539 ἐστι
731 2485 886 2540 τοῦτο
912 2486 1080 2558 μύσος
1107 2488 1214 2558 (62)
1236 2507 1248 2518 ’
1285 2492 1384 2543 οὐκ
1415 2491 1558 2543 ἔστιν
1590 2491 1776 2556 ἁπλῶς

193 2575 452 2646 διωγμὸς,
487 2575 626 2629 ἀλλὰ
657 2576 895 2648 διωγμοῦ
934 2579 1028 2648 μὲν
1061 2578 1221 2631 πλέον
1241 2596 1252 2609 ·
1289 2581 1571 2652 προοίμιον
1601 2581 1657 2634 δέ
1683 2567 1776 2633 καῖ

193 2667 518 2737 παρασκευὴ
550 2665 646 2720 τοῦ
688 2668 1076 2740 Ἀντιχρίστου.
1124 2669 1303 2722 Ἔστω
1339 2670 1468 2742 γὰρ,
1502 2673 1593 2724 καὶ
1637 2672 1774 2724 κατὰ

204 2759 546 2823 Ἀθανασίου,
598 2760 690 2813 καὶ
741 2760 882 2814 κατὰ
921 2761 1028 2814 τῶν
1076 2760 1248 2814 ἄλλων
1299 2763 1634 2825 ἐπισκόπων,
1683 2761 1776 2825 οὓς

191 2849 480 2922 ἐξώρισαν,
525 2851 820 2921 προφάσεις
853 2851 1156 2906 ἐπλάσαντο
1184 2852 1425 2922 ψευδεῖς·
1469 2853 1520 2907 τί
1553 2853 1687 2924 πρὸς
1720 2852 1779 2905 τὸ

191 2943 377 2994 καινὸν
408 2943 750 3013 ἐπιτήδευμα
773 2943 959 3007 τοῦτο;
985 2942 1142 2997 ποίαν
1166 2944 1272 3014 ἄρα
1299 2945 1572 3016 πρόφασιν
1597 2944 1779 3015 ἔχουσι

190 3025 342 3086 κατὰ*
370 3035 555 3103 πάσης
585 3034 686 3103 τῆς
715 3035 1010 3102 Αἰγύπτου,
1046 3037 1140 3089 καὶ
1172 3035 1398 3107 Λισύης,
1444 3038 1537 3089 καὶ
1570 3037 1779 3090 Πεντα-

1957 1938 2044 1992 7i.
2084 1935 2438 2003 Quandonam
2465 1943 2612 1988 tanta
2652 1933 2836 1987 audita
2868 1933 3458 2002 estiniquitas?quan-

1880 2124 2174 2178 admissum
2207 2123 2328 2177 est?
2359 2122 2573 2176 Ethnici
2604 2130 2764 2175 erant
2790 2122 2880 2190 qui
2910 2122 3138 2176 antehac
3167 2136 3457 2191 perseque-

1881 2215 2081 2268 bantur
2114 2231 2126 2266 :
2161 2224 2213 2265 at
2246 2227 2582 2280 nequaquam
2616 2209 2756 2274 idola
2789 2210 2861 2263 illi
2903 2210 2956 2263 in
2987 2209 3248 2265 ecclesias
3283 2211 3456 2265 intro-

1880 2305 2106 2358 duxere.
2142 2302 2325 2357 Iudaea
2360 2312 2477 2354 erat
2513 2300 2772 2364 Zenobia,
2795 2310 2848 2354 et
2875 2299 3023 2354 Pauli
3053 2302 3455 2356 Samosatensis

1881 2403 2139 2462 patrona;
2177 2401 2232 2444 at
2284 2405 2624 2460 nequaquam
2669 2389 2871 2445 Judaeis
2903 2389 3162 2445 ecclesias
3209 2388 3450 2449 tradidit,

1885 2494 1942 2536 ut
1971 2498 2065 2537 eas
2099 2483 2149 2537 iu
2183 2496 2486 2553 synagogas
2517 2490 2923 2536 converterent.
2950 2479 3187 2534 lnsolens
3216 2493 3345 2534 sane
3371 2491 3455 2533 est

1885 2573 1999 2627 haec
2028 2571 2396 2634 abominatio,
2434 2585 2532 2624 nec
2571 2581 2775 2624 tantum
2830 2568 3170 2636 persecutio,
3199 2568 3292 2621 sed
3333 2565 3455 2636 plus

1882 2679 2043 2732 quam
2091 2661 2401 2732 persecutio
2433 2660 2705 2724 habenda,
2739 2658 3167 2728 procemiumque
3199 2667 3254 2712 et
3285 2672 3451 2726 appa-

1885 2763 2032 2808 ratus
2063 2753 2413 2808 Antichristi.
2445 2752 2572 2806 Esto
2600 2757 2786 2806 contra
2810 2749 3192 2815 Athanasium,
3213 2748 3458 2818 aliosque

1880 2843 2229 2913 episeoposin
2261 2843 2510 2898 exsilium
2535 2842 2752 2909 missos,
2780 2841 2947 2896 falsas
2969 2841 3326 2896 continxerint
3351 2841 3460 2894 cri—

1883 2935 2236 3000 minationes,
2288 2948 2386 2987 cur
2436 2947 2634 2987 novum
2697 2934 2748 2986 id
2798 2933 3058 2986 facinoris
3116 2931 3458 2986 admittitur?

1880 3040 2042 3093 quam
2115 3022 2596 3078 comminiscentur
2665 3037 2883 3075 causam
2968 3022 3229 3074 adversus
3287 3030 3453 3074 totam

191 3123 404 3186 πόλεως
434 3127 645 3189 είπεῖν;
682 3125 814 3178 Ούδέ
844 3126 952 3196 γὰρ
989 3126 1110 3180 καθ’
1139 3127 1368 3180 ἕκαστον
1407 3121 1775 3181 ἐπιϐουλεύειν

1887 3115 2194 3186 Ᾱῖίιγῃιυιιι,
2229 3113 2454 3182 Libyam
2509 3122 2561 3167 et
2611 3111 2993 3181 Pentapolim?
3045 3110 3162 3164 Non
3213 3111 3455 3179 singulos

189 3212 445 3283 ἤρξαντο,
480 3214 568 3266 ῖνα
595 3214 698 3268 κᾶν
726 3215 1026 3284 ψεύσασθαι
1056 3216 1354 3288 δυνηθῶσιν
1375 3235 1388 3248 ·
1425 3217 1537 3270 ἀλλ’
1566 3217 1775 3290 ἀθρόως

191 3306 357 3358 πᾶσιν
394 3303 673 3366 ἐπέθεντο,
729 3307 834 3369 ἵνα,
875 3305 975 3360 κᾶν
1004 3307 1198 3362 θέλωσι
1236 3307 1574 3374 πλάσασθαι,
1613 3329 1776 3364 κατα-

189 3396 534 3464 γνωσθιῖηιν.
591 3397 896 3468 Ἐτύφλωσε
931 3399 1061 3468 γοῦν
1111 3400 1291 3453 αὐτῶν
1337 3403 1393 3452 ἐν
1428 3401 1634 3464 τούτοις
1679 3401 1776 3472 τὴν

188 3487 432 3542 διάνοιαν
463 3491 495 3559 ἡ
526 3490 713 3554 κακία,
738 3492 828 3544 καὶ
862 3492 1066 3549 πάντας
1089 3492 1274 3556 ἁπλῶς
1299 3494 1422 3557 τοὺς
1449 3493 1777 3558 ἐπισκόπους

189 3581 622 3651 ἀπροφασίστως
663 3580 896 3650 ἠξίωσαν
949 3583 1336 3636 ἐκϐάλλεσθαιο
1385 3586 1470 3637 ἵνα
1509 3584 1772 3649 δείξωσιν,

191 3670 274 3722 δτι
302 3669 449 3726 κατὰ
487 3669 801 3724 Ἀθανασίου
832 3673 1087 3726 καὶκατὰ
1107 3673 1215 3726 τῶν
1243 3673 1415 3726 ἄλλων
1441 3674 1772 3736 ἐπισκόπων,

188 3761 284 3824 οὓς
307 3761 599 3833 ἐξώρισαν,
629 3762 926 3832 προφάσεις
952 3763 1252 3818 ἐπλάσαντο
1267 3763 1479 3832 ψευδεῖς
1497 3803 1511 3827 ,
1539 3764 1606 3818 δι’
1627 3763 1779 3817 οὐδὲν

190 3851 381 3921 ἕτερον
420 3849 454 3919 ἢ
487 3850 575 3902 διὰ
608 3849 709 3919 τὴν
748 3849 947 3920 μιαρὰν
993 3851 1204 3922 αἵρεσιν
1246 3851 1353 3904 τῶν
1381 3848 1777 3920 Χριστομάχων

204 3941 526 4012 Ἀρειανῶν.
586 3935 758 3994 Τοῦτο
812 3941 920 4012 γὰρ
970 3941 1156 3995 λοιπὸν
1191 3941 1251 3994 ού
1290 3941 1594 4012 κέκρυπται
1642 3940 1775 4009 (65),

191 4033 332 4086 ἀλλὰ
367 4034 501 4085 πᾶσι
541 4032 777 4103 μάλιστα
807 4032 900 4086 νῦν
935 4033 1125 4102 γέγονε
1164 4031 1414 4103 φανερόν.
1465 4031 1778 4086 Ἀθανάσιον

193 4123 298 4192 μὲν
327 4111 438 4193 γὰρ
462 4112 792 4194 προσέταξεν
815 4123 1171 4176 ἐκϐάλλεσθαι
1191 4124 1288 4193 τῆς
1309 4123 1537 4190 πόλεως,
1557 4123 1780 4184 ἐκείνοις

190 4223 251 4276 δὲ
281 4221 638 4293 παραδέδωκε
683 4222 782 4285 τὰς
825 4224 1138 4295 ἐκκλησίας.
1184 4223 1295 4277 Καὶ
1335 4224 1382 4276 οἱ
1421 4223 1522 4294 μὲν
1547 4219 1782 4294 πρεσϐύ-

190 4340 342 4395 τεροι
374 4324 471 4376 καὶ
505 4323 554 4375 οἱ
590 4321 842 4388 διάκονοι,
879 4326 926 4376 οί
959 4324 1074 4395 μετ’
1104 4321 1289 4386 αὐτοῦ,
1319 4323 1425 4375 ἀπὸ
1457 4321 1662 4393 Πέτρου
1688 4320 1780 4375 καὶ

205 4423 564 4495 Ἀλεξάνδρου
621 4424 977 4494 τυγχάνοντες
999 4465 1015 4489 ,
1061 4423 1410 4478 ἐκϐάλλονται
1459 4424 1551 4478 καὶ
1605 4440 1780 4494 φυγα-
1815 4443 1859 4498 D

190 4525 444 4578 δεύονται
464 4541 479 4555 ο
511 4525 562 4577 οί
594 4525 649 4577 δὲ
681 4524 895 4595 ἀληθῶς
935 4525 1222 4596 ’Δρειανοὶ,
1250 4525 1300 4577 οἱ
1328 4524 1402 4596 μὴ
1425 4523 1623 4589 ἔξωθεν
1652 4522 1785 4594 ἀλη-

193 4623 304 4687 θῶς
327 4623 562 4676 ὑπονοού
572 4640 722 4693 μενοι
750 4625 802 4691 (6
813 4624 884 4693 4),
914 4623 1028 4677 ἀλλ’
1048 4626 1096 4678 οἱ
1122 4623 1180 4690 ἐξ
1205 4624 1377 4694 ἀρχῆς
1401 4625 1490 4675 διὰ
1517 4621 1615 4692 τὴν
1640 4622 1787 4691 αἶρε-

196 4736 285 4772 σιν
309 4719 672 4790 ἐκϐληθέντες
719 4722 834 4790 μετ’
869 4719 1036 4774 αὐτοῦ
1067 4720 1162 4774 τοῦ
1208 4721 1416 4790 Ἀρείου
1450 4719 1602 4790 παρὰ
1641 4717 1786 4772 Ἀλε-

196 4819 427 4892 ξάνδρου
472 4819 568 4873 τοῦ
604 4821 906 4874 ἐπισκόπου
931 4861 944 4885 ,
982 4823 1041 4875 ἐν
1083 4823 1180 4894 μὲν
1214 4825 1280 4892 τῇ
1319 4823 1432 4876 ἄνω
1465 4820 1640 4892 Λιϐύῃ
1686 4821 1782 4871 Σε-

197 4924 442 4987 κοῦνδος,
469 4923 530 4975 ὲν
554 4923 611 4976 δὲ
639 4925 704 4994 τῇ
742 4923 1118 4995 Ἀλεξανδρείᾳ
1151 4921 1388 4988 Εὐζώῖος
1411 4925 1439 4975 ὁ
1465 4921 1784 4984 Χαναναῖος,

196 5027 293 5079 καὶ
331 5025 578 5090 Ἰούλιος,
606 5023 702 5077 xai.
728 5026 982 5096 Ἄμμων,
1010 5025 1234 5095 Μάρκος
1255 5041 1336 5088 τε,
1365 5022 1457 5075 καὶ
1480 5023 1784 5093 Εἰρηναῖος,

195 5124 292 5176 καὶ
326 5122 599 5193 Ζὼσιμος,
644 5123 738 5175 καὶ
776 5123 1068 5194 Σαραπίων
1102 5123 1332 5193 ἐπίκλην
1366 5121 1619 5176 Πελύκων
1655 5121 1788 5191 (65),

1883 3208 2078 3278 quippe
2098 3204 2311 3261 insidiis
2341 3205 2454 3260 suis
2477 3207 2715 3274 aggressi
2743 3214 2892 3269 sunt,
2921 3214 2981 3257 ut
3004 3203 3130 3257 hinc
3151 3202 3448 3256 mentiendi

1882 3301 2060 3354 locum
2104 3299 2369 3362 habeant;
2417 3297 2512 3352 sed
2549 3310 2654 3351 una
2687 3311 2876 3350 omnes
2908 3295 3080 3348 adorti
3117 3301 3273 3359 sunt,
3316 3300 3377 3346 ut
3407 3292 3454 3346 si

1884 3389 2102 3444 mentiri
2126 3389 2326 3452 ausint,
2360 3387 2481 3442 falsi
2513 3399 2829 3459 arguantur.
2857 3385 2910 3439 ln
2943 3385 3029 3440 bis
3053 3386 3236 3454 itaque
3267 3398 3453 3440 eorum

1882 3489 2116 3534 mentem
2151 3478 2445 3533 excazcavit
2489 3479 2694 3532 malitia
2731 3477 2776 3509 "
2826 3496 2839 3531 :
2897 3477 3180 3546 episcopos
3224 3488 3458 3543 namque

1881 3585 2071 3624 onmes
2104 3570 2246 3623 nulla
2281 3571 2346 3623 de
2377 3583 2542 3623 causa
2589 3568 2711 3636 ejici
2759 3567 3100 3637 postularunt
3133 3581 3147 3618 :
3189 3574 3247 3618 ut
3281 3564 3454 3632 palam

1883 3661 2009 3715 biuc
2041 3660 2309 3726 facerent,
2337 3677 2395 3716 se
2421 3663 2474 3714 in
2509 3659 2860 3715 Athanasium
2895 3658 2946 3710 in
2975 3656 3214 3724 aliosque
3244 3654 3455 3722 episco-

1883 3768 1982 3823 pos
2003 3793 2016 3819 ,
2048 3769 2186 3823 quos
2226 3753 2474 3810 fecerunt.
2501 3761 2779 3816 extorres,
2821 3749 2953 3805 falsa
2985 3748 3310 3804 conﬁnxisse
3343 3746 3456 3801 eri-

1889 3847 2054 3909 mina,
2110 3845 2253 3900 nulla
2298 3845 2398 3900 alia
2435 3845 2500 3898 de
2542 3857 2706 3899 causa
2736 3856 2900 3912 quam
2952 3840 3020 3896 ob
3066 3838 3456 3894 exsecrandam

1882 3934 2087 3990 Christi
2133 3935 2369 3990 hostium
2415 3934 2740 3988 Arianorum
2785 3930 3054 3987 haarcsim.
3088 3930 3212 3987 Hae
3262 3932 3460 4002 quippe

1889 4041 1974 4079 res
2017 4040 2121 4078 non
2155 4025 2364 4080 occulta
2391 4065 2405 4089 ,
2455 4025 2549 4080 sed
2586 4025 2695 4095 jam
2739 4021 2994 4077 omnibus
3030 4021 3457 4090 exploratissima

1879 4124 1992 4168 est.
2032 4113 2320 4170 Enimvero
2352 4114 2708 4168 Athanasium
2741 4111 2905 4178 jussit
2937 4124 3005 4164 ex
3050 4109 3181 4164 urbe
3212 4107 3365 4178 ejici,
3397 4107 3461 4161 il-

1893 4205 2066 4274 lisque
2103 4204 2324 4261 tradidit
2350 4203 2629 4257 ecclesias.
2657 4201 2734 4254 Ac
2762 4199 3062 4269 presbyteri
3093 4199 3305 4267 quidem
3339 4198 3424 4252 dia
3443 4228 3456 4237 -

1889 4296 2123 4364 conique
2160 4293 2310 4364 ejus,
2370 4294 2460 4362 qui
2497 4307 2524 4346 a
2574 4292 2736 4347 Petro
2782 4300 2836 4346 et
2876 4290 3180 4344 Alexandro
3224 4289 3457 4343 ordinati

1893 4387 2142 4452 fuerant,
2208 4385 2485 4457 pelluntur
2527 4383 2986 4454 proﬂiganturque
3037 4400 3050 4435 :
3111 4381 3222 4436 veri
3274 4389 3457 4436 autem

1889 4478 2098 4546 Ariani,
2143 4479 2232 4548 qui
2264 4493 2370 4531 non
2420 4478 2489 4532 ob
2535 4484 2814 4531 externam
2865 4471 3153 4541 quamdam
3196 4471 3458 4541 suspicio-

1886 4588 2046 4638 nem,
2078 4569 2169 4626 sed
2215 4570 2304 4640 qui
2339 4568 2406 4622 ab
2442 4567 2594 4621 initio
2637 4582 2757 4620 cum
2803 4566 2935 4619 Ario
2985 4563 3254 4617 haereseos
3292 4576 3456 4616 causa

1885 4663 1953 4716 ab
1987 4661 2299 4715 Alexandro
2325 4659 2579 4727 episcopo
2608 4656 2744 4728 pulsi
2777 4665 2924 4720 sunt,
2955 4653 3008 4708 in
3038 4653 3315 4724 superiore
3339 4652 3457 4721 qui-

1884 4753 2003 4806 dem
2067 4751 2233 4822 Libya
2297 4750 2597 4816 Secundus,
2647 4745 2992 4802 Alexaudrize
3047 4759 3176 4798 vero
3226 4742 3460 4798 Euzoius

1883 4843 2244 4902 Chananaeus,
2279 4840 2472 4907 Julius,
2508 4842 2760 4904 Ammon,
2799 4837 3031 4904 Marcus,
3074 4837 3326 4900 lrenzeus,
3355 4833 3458 4889 Zo~

1886 4934 2080 4998 simus,
2119 4941 2174 4987 et
2201 4933 2464 5001 Sarapion
2499 4940 2866 5001 cognomento
2901 4930 3160 5001 Pelycton,
3189 4938 3244 4983 et
3273 4928 3327 4982 in
3365 4925 3456 4980 Li-

1893 5029 1992 5096 bya
2021 5026 2315 5092 Sisinnius,
2348 5035 2402 5079 ct
2428 5026 2675 5095 juniores
2705 5025 2926 5094 quidam
2949 5024 3040 5093 qui
3077 5038 3182 5077 una
3212 5037 3332 5076 cum
3369 5020 3460 5073 illo

1889 5116 2051 5186 impie
2085 5116 2360 5182 sentiunt;
2393 5115 2470 5178 bi,
2509 5114 2727 5184 inquam
2759 5155 2773 5178 ,
2805 5115 3065 5170 ecclesias
3102 5117 3454 5178 occuparunt.

194 5215 293 5268 καὶ
323 5216 381 5266 ἐν
411 5213 590 5283 Λιϐύῃ
615 5214 894 5278 Σισίννιος,
926 5215 1018 5266 καὶ
1046 5215 1094 5267 οἱ
1128 5216 1223 5267 σὺν
1253 5211 1399 5282 αὐτῷ
1437 5211 1688 5284 νεώτεροι
1721 5205 2142 5270 συνασεϐοὖντες
2174 5205 2355 5280 αὐτοῖς
2374 5223 2387 5237 ο
2420 5199 2565 5259 οὗτοι
2594 5205 2688 5271 τὰς
2717 5205 3012 5277 ἐκκλησίας
3041 5202 3455 5274 παρειλήφασιν.

272 5308 316 5338 ⁸⁷
349 5307 481 5374 Sap.
531 5321 593 5366 ιι,
641 5305 731 5358 ει.

278 5399 388 5469 (58)
421 5397 514 5452 Sic
543 5397 685 5469 lieg.
725 5399 862 5451 Editi
893 5415 1018 5454 vero
1045 5398 1296 5469 καὶτοὺς
1311 5397 1428 5469 τῆς.

273 5467 386 5536 (59)
425 5469 500 5519 Ita
538 5468 674 5535 Reg.
707 5469 845 5522 Editi
887 5480 1087 5525 autem.
1114 5467 1286 5520 Τοῦτο
1317 5467 1395 5519 δέ.

272 5539 381 5607 (60)
415 5537 512 5593 Sic
578 5539 708 5606 Reg.
777 5548 832 5592 et
889 5537 1050 5592 Basil.
1107 5537 1247 5590 Editi
1306 5552 1468 5600 vero,
1543 5554 1784 5608 παραγο-

273 5627 384 5746 (ligio)
413 5677 533 5731 Μέν
563 5680 711 5733 deest
743 5677 794 5732 in
827 5677 1005 5742 editis,
1047 5677 1139 5732 sed
1185 5677 1236 5731 in
1272 5676 1402 5746 Reg.
1434 5689 1484 5732 et
1520 5676 1681 5731 Basil.
1715 5675 1788 5732 lc—

198 5749 365 5816 gitur.

1957 5391 2069 5461 (6‘2)
2095 5391 2169 5444 Ita
2204 5388 2506 5461 RegniEdit‘i
2525 5402 2656 5441 vero
2687 5388 2866 5456 μῖσος.

1867 5468 1872 5469 ⁷
1953 5458 2063 5527 (65)
2083 5461 2213 5528 Reg.
2235 5460 2415 5512 οὐκέτι
2435 5458 2755 5528 κέκρυπται.

1951 5521 2062 5601 (6.1)
2095 5521 2192 5583 Sit?
2216 5529 2344 5601 Reg.
2387 5529 2522 5601 Edi_ti
2543 5521 3116 5601 νοτίῃ-ἐπινοεύμενοι.
3291 5589 3322 5601 Δ.

1956 5590 2069 5673 (65)
2113 5601 2188 5652 Ita
2220 5590 2352 5673 Reg.
2387 5607 2440 5673 et
2468 5594 2632 5673 Ba_s_il.
2669 5595 2826 5652 Editi,
2872 5590 3160 5673 Ila)._éxu0u,
3193 5590 3460 5673 vertitque

1887 5659 2151 5731 Naimius,
2184 5659 2495 5720 securicula.
2534 5661 2596 5714 lli
2624 5673 2800 5715 autem
2843 5660 3214 5731 presbyteri‘et
3246 5659 3458 5731 diaconi

1889 5726 2257 5803 memorantur
2288 5737 2339 5791 in
2372 5733 2718 5788 damnatione
2756 5726 2955 5808 Ariiet
2981 5726 3031 5782 in
3069 5726 3306 5798 Epistula
3361 5741 3458 5780 en-
