3980 6502
215 391 318 450 785

213 598 245 667 ἢ
281 597 330 649 τί
363 596 524 649 πλέον
567 598 773 659 ἐκεῖνος
805 597 975 651 ἐλθὼν
1007 599 1196 652 τούτου
1231 602 1534 672 ποιήσειεν;
1574 603 1643 655 Ἢ
1680 604 1796 668 πῶς

213 690 419 753 ἐκεῖνος
466 687 637 742 ἐλθὼν
685 689 784 758 οὐχ
842 690 1065 762 εὑρήσει
1121 691 1256 760 πρὸς
1315 693 1526 763 ἀπάτην
1578 692 1796 748 εὔκολον

212 781 740 850 προετοιμασθεῖσαν
773 781 925 851 αὑτῷ
958 781 1110 854 παρὰ
1143 784 1330 838 τούτου
1370 786 1466 856 τὴν
1505 785 1654 850 ὀδόν;
1688 787 1797 840 Καὶ

219 872 319 942 γὰρ
351 873 514 928 πάλιν
549 874 669 926 ἀντὶ
719 873 826 926 τῶν
859 873 1163 944 ἐκκλησιῶν
1190 878 1269 940 είς
1299 877 1366 931 τὰ
1396 876 1631 930 παλάτια
1661 877 1798 949 πρὸς

212 964 397 1024 ἑαυτὸν
429 965 528 1028 τὰς
558 967 768 1036 κρίσεις
797 966 1169 1036 προκαλεῖται.
1202 969 1313 1021 Καὶ
1335 969 1538 1022 τούτων
1572 971 1668 1040 μὲν
1695 971 1796 1025 αύ-

211 1055 299 1118 τὸς
348 1054 601 1127 ἐξάρχειο
639 1056 697 1110 τὸ
741 1057 797 1109 δὲ
848 1057 1184 1127 θαυμαστὸν,
1233 1061 1336 1123 ὃτι,
1392 1061 1493 1114 κᾶν
1544 1061 1795 1134 θεωρήσῃ

211 1147 335 1209 τοὺς
380 1147 720 1218 κατηγόρους
755 1149 1122 1218 ἀποροῦντας,
1160 1151 1322 1215 αὐτὸς
1354 1154 1669 1224 ἀναδέχεται
1699 1155 1796 1226 τὴν

213 1238 572 1308 κατηγορίανο
618 1240 703 1292 ἵνα
749 1238 883 1309 μηδὲ
933 1241 1316 1310 ἀπολογεῖσθαι
1343 1243 1455 1314 (8'2)
1487 1245 1671 1299 λοιπὸν
1702 1246 1794 1316 ἐξῇ

212 1330 319 1390 τοῖς
345 1329 718 1399 ἀδικουμένοις
745 1329 834 1386 διὰ
856 1330 955 1400 τὴν
980 1334 1108 1403 παρ’
1139 1333 1302 1386 αὐτοῦ
1337 1334 1476 1404 βίαν.
1505 1337 1614 1390 Καὶ
1639 1336 1798 1390 τοῦτο

213 1421 510 1489 πεποίηκεν
539 1423 596 1473 έν
625 1423 737 1484 τοῖς
770 1423 911 1475 κατὰ
961 1423 1277 1478 Ἀθανασίου
1295 1443 1308 1456 ·
1335 1426 1433 1498 τὴν
1462 1428 1568 1501 γὰρ
1599 1429 1800 1482 Παυλί-

211 1527 321 1574 νου,
373 1513 470 1564 καὶ
515 1513 872 1584 Λουκιφέρου,
925 1517 1018 1568 καὶ
1063 1516 1346 1582 Εὑσεὸίου,
1383 1522 1476 1573 καὶ
1522 1523 1795 1577 Διονυσίου

211 1602 316 1655 τῶν
353 1603 669 1657 ἐπισκόπων
713 1606 1026 1677 παρρησίαν
1062 1606 1294 1676 βλέπων,
1333 1612 1428 1665 καί
1469 1610 1544 1676 ὡς
1588 1613 1652 1666 ἐκ
1697 1613 1797 1684 τῆς

215 1695 500 1765 μετανοίας
516 1695 588 1747 Οὐ
598 1695 816 1765 ρσακίου
836 1698 928 1749 καὶ
944 1697 1236 1762 Οὐάλεντος
1249 1698 1358 1768 (85)
1382 1701 1659 1772 διήλεγχον
1675 1706 1799 1768 τοὺς

211 1785 353 1838 κατὰ
414 1788 507 1839 τοῦ
555 1787 853 1840 ἐπισκόπου
905 1787 1197 1856 λέγοντας,
1268 1791 1362 1846 καὶ
1423 1792 1798 1848 συνεϐούλευον

1244 393 1540 457 IISTORIA
1583 397 1996 457 ARIANORUM
2035 398 2126 457 AD
2168 398 2562 469 MONACHOS.

281 507 370 562 76.
407 507 471 559 Τί
503 499 596 562 οὖν
633 503 786 571 οὗτος
820 505 912 560 τού
946 511 1315 580 Ἀντιχρίστου
1366 511 1792 582 παραλέλοιπενς
1823 520 1868 576 Α

3373 401 3482 457 786

1977 513 2061 570 76.
2106 514 2242 583 Quid
2293 514 2458 584 igitur
2509 514 2610 568 iste
2661 514 2804 582 quod
2853 513 3189 570 Antichristo
3215 523 3476 586 congruat

1897 606 2241 673 prmtermisit
2258 620 2273 660 :
2293 616 2388 660 aut
2407 605 2534 674 quid
2565 605 2798 676 amplius
2825 606 2935 672 ille,
2959 621 3080 680 curn
3104 607 3305 676 veniet,
3323 616 3474 664 actu-

1899 710 1990 748 rus
2009 696 2129 750 est?
2162 696 2274 754 lmo
2311 697 2490 767 potius
2520 711 2699 752 nonne
2730 696 2817 754 ille
2845 698 2897 752 in
2928 713 3026 754 suo
3055 700 3310 765 adventu,
3335 713 3471 769 prai-

1898 794 2141 853 paratam
2174 787 2274 842 sibi
2321 801 2351 840 a
2395 787 2715 843 Constantio
2750 787 2896 841 viam
2930 788 3201 847 inveniet?
3231 788 3473 859 Namque

1901 874 2011 938 ille,
2061 877 2411 931 ecclesiarum
2459 878 2597 943 vice,
2654 877 2706 930 iu
2755 876 3013 948 palatium
3057 879 3262 946 judicia
3310 880 3375 932 ad
3415 893 3473 933 se

1900 967 2152 1021 transfert
2178 968 2569 1034 ecclesiastica,
2603 969 2801 1040 quibus
2835 969 2951 1037 ipse
2982 970 3252 1040 prmsidet.
3289 969 3470 1036 Quod.

1897 1070 2000 1126 que
2045 1058 2338 1124 permirum
2394 1059 2676 1124 habeatur,
2722 1060 2766 1114 si
2800 1061 3014 1129 quando
3054 1062 3319 1114 hmrentes
3345 1075 3472 1113 cou-

1897 1149 2132 1218 spexerit
2164 1160 2530 1214 accusatores,
2566 1152 2860 1206 accusandi
2895 1168 3090 1206 munus
3120 1151 3320 1222 excipit
3351 1151 3468 1214 ille,

1900 1248 1958 1291 ut
1987 1253 2052 1292 ne
2084 1237 2281 1307 injuria
2314 1239 2521 1295 aﬂ'ectis
2551 1241 2712 1296 liccat
2740 1241 3152 1298 criminationes
3181 1242 3470 1311 depellere,

1896 1331 2014 1402 ejus
2042 1346 2233 1401 nempe
2259 1332 2507 1386 violentia
2537 1334 2842 1402 prohibitis.
2873 1334 3111 1404 Idipsum
3144 1333 3255 1404 egit
3282 1333 3471 1387 advero
3511 1404 3524 1410 _

1898 1438 1993 1478 sus
2021 1423 2379 1478 Athanasium
2409 1441 2422 1476 :
2452 1434 2738 1493 conspecta
2768 1425 2966 1497 quippe
2992 1424 3223 1487 Paulini,
3255 1423 3466 1478 Lucife-

1898 1513 1965 1580 ri,
1989 1513 2201 1570 Eusebii
2232 1525 2283 1567 et
2305 1514 2542 1584 Dionysii
2571 1515 2946 1584 episcoporum
2977 1516 3224 1585 loquendi
3254 1515 3469 1580 fiducia,

1899 1617 1956 1660 et
1983 1620 2087 1674 qua
2131 1606 2344 1661 ratione
2389 1605 2463 1660 illi
2500 1619 2567 1660 ex
2603 1604 2811 1660 Ursacii
2843 1616 2896 1661 et
2939 1606 3176 1662 Valentis
3203 1607 3471 1675 pinniten-

1903 1700 1995 1763 tia,
2025 1700 2172 1754 viros
2205 1700 2295 1768 qui
2325 1701 2638 1770 episcopum
2672 1699 3080 1763 insimulabant,
3124 1699 3240 1754 falsi
3276 1712 3470 1771 argue-

1902 1801 2044 1857 rent,
2079 1793 2480 1861 suaderentque
2512 1806 2618 1846 non
2650 1790 2789 1846 ultra
2825 1791 2984 1846 fidem
3015 1791 3225 1846 Valenti
3253 1792 3472 1846 sociove

212 1877 410 1947 μηκέτι
458 1879 657 1949 χρῆναι
707 1877 1056 1934 πιστεύεσθαι
1101 1881 1226 1944 τοὺς
1257 1882 1384 1954 περὶ
1407 1883 1678 1940 Οὐάλεντα
1700 1903 1793 1956 με·

1901 1885 2204 1940 habendam
2247 1859 2402 1948 ϐεδε,
2419 1899 2554 1954 quos
2597 1893 2722 1938 ante
2752 1884 3093 1952 paenituisset
3125 1897 3313 1936 eorum
3349 1896 3468 1950 quae

207 1969 504 2036 τεγνόντας
535 1971 620 2039 ἐφ’
650 1967 730 2034 οἷς
761 1971 978 2040 λέγουσι
1004 1971 1119 2034 νῦν,
1154 1973 1314 2038 εὐθὺς
1343 1975 1580 2040 ἀναστὰς
1611 1973 1790 2030 εἶπεν·

220 2061 361 2127 Ἐγὼ
386 2062 692 2133 κατήγορός
717 2065 831 2133 είμι
858 2063 951 2115 νῦν
995 2063 1333 2130 Ἀθανασίου,
1359 2067 1425 2120 δι’
1452 2067 1550 2138 ἐμὲ
1577 2069 1794 2122 πιστεύ-

209 2168 336 2205 σατε
367 2147 448 2215 οἷς
475 2147 568 2206 ἐὰν
601 2152 830 2222 λέγωσιν
859 2141 1021 2208 οὗτοι.
1061 2153 1211 2218 Εἶτα,
1251 2158 1473 2211 ἐκείνων
1501 2159 1790 2226 λεγόντων,

205 2243 321 2306 πῶς
349 2241 581 2296 δύνασαι
606 2246 911 2316 κατήγορος
939 2243 1097 2311 εἶναι,
1129 2249 1202 2318 μὴ
1229 2248 1491 2318 παρόντος
1547 2251 1640 2303 τοῦ
1669 2268 1794 2304 κατ-

202 2333 612 2404 ηγορουμένου;
659 2336 708 2387 εί
736 2334 844 2406 γὰρ
875 2337 938 2388 σὺ
975 2338 1279 2409 κατήγορος
1330 2335 1397 2401 εἷ,
1443 2339 1558 2392 ἀλλ’
1591 2343 1794 2405 ἐκεῖνος

207 2423 280 2495 μὴ
309 2424 520 2498 παρὼν,
550 2426 612 2478 ού
647 2425 868 2480 δύναται
918 2428 1218 2499 κρίνεσθαι.
1257 2430 1332 2482 Οὐ
1362 2429 1470 2502 γὰρ
1511 2433 1792 2504 Ῥωμαῖκή

204 2517 352 2570 ἐστιν
383 2517 418 2586 ἡ
449 2515 651 2588 κρίσις,
677 2517 742 2570 ἵν’
765 2517 838 2581 ib;
889 2518 1141 2588 βασιλεὺς
1167 2520 1481 2591 πιστευθῇς,
1507 2520 1641 2575 ἀλλὰ
1666 2524 1794 2594 περὶ

203 2608 506 2660 ἐπισκόπου
552 2608 667 2661 ἐστὶ
710 2609 770 2662 τὸ
816 2612 1017 2680 κρῖμαο
1065 2610 1160 2664 καὶ
1207 2610 1285 2664 δεῖ
1318 2612 1420 2682 τὴν
1465 2614 1642 2685 κρίσιν
1672 2616 1794 2687 ἴσην

202 2693 338 2750 εἶναι
369 2697 450 2768 τῷ
485 2697 876 2768 κατηγοροῦντι
909 2700 1001 2752 καὶ
1031 2700 1108 2770 τῷ
1131 2703 1451 2773 κρινομένῳ.
1479 2705 1603 2769 Πῶς
1623 2706 1677 2759 δὲ
1700 2707 1794 2760 καὶ

202 2789 565 2859 κατηγορεῖς;
608 2791 843 2841 συνεῖναι
886 2788 994 2860 γὰρ
1044 2790 1142 2842 οὐκ
1187 2791 1419 2860 ἡδύνασο
1451 2792 1526 2863 τῷ
1575 2797 1792 2866 μακράν

201 2895 294 2932 σου
330 2879 652 2948 τυγχάνοντι
677 2897 690 2909 ·
726 2881 774 2932 εί
805 2880 860 2932 δὲ
893 2881 1043 2951 παρὰ
1085 2883 1290 2935 τούτων
1321 2883 1562 2948 ἀκούσας
1593 2885 1790 2955 λέγεις,

197 2971 407 3024 δίκαιόν
463 2970 579 3024 ἐστί
631 2987 690 3023 σε
733 2971 924 3023 καὶτὰ
969 2974 1099 3042 παρ’
1162 2973 1368 3027 ἐκείνου
1401 2975 1666 3046 λεγόμενα
1705 2994 1794 3029 πι-

201 3061 446 3114 στεύεινο
480 3064 529 3114 εί
561 3062 618 3114 δὲ
650 3062 724 3131 μὴ
748 3061 1025 3124 πιστεύεις
1054 3063 1268 3133 ἐκείνῳ,
1298 3065 1570 3130 πιστεύεις
1595 3067 1648 3120 δὲ
1667 3067 1790 3121 τού-

1892 1976 2004 2046 jam
2051 1975 2334 2030 dicerent:
2366 1975 2455 2029 ille
2506 1976 2690 2031 statim
2729 1990 3046 2043 exsurgens,
3097 1974 3229 2043 Ego,
3276 1973 3470 2042 inquit,

1891 2068 2002 2136 jam
2055 2081 2172 2120 sum
2220 2066 2501 2120 Athanasii
2555 2075 2858 2132 accusatur,
2910 2066 3010 2120 mei
3062 2065 3236 2136 gratia
3284 2078 3470 2118 eorum

1897 2155 2075 2210 dictis.
2105 2156 2263 2210 fidem
2320 2157 2595 2212 habetote.
2652 2157 2758 2212 Illis
2811 2155 3305 2226 respondentibus,
3356 2153 3473 2220 Quo

1897 2251 2056 2312 pacto
2075 2253 2358 2300 accusator
2380 2259 2499 2302 esse
2521 2255 2674 2314 potes
2707 2247 2930 2301 absente
2958 2261 3050 2299 reo
3074 2260 3227 2299 :nam
3260 2243 3470 2298 etiamsi

1899 2341 2012 2390 tute
2036 2334 2113 2390 sis
2142 2344 2452 2398 accusator,
2481 2334 2804 2401 iudicandus
2829 2347 3002 2389 tamen
3045 2350 3150 2388 non
3180 2343 3262 2387 est
3300 2333 3391 2405 ille
3421 2334 3473 2387 in

1903 2425 1985 2478 sui
2019 2425 2306 2479 absentia?
2336 2425 2450 2482 Non
2475 2416 2737 2496 judicium
2769 2427 2967 2497 quippe
3012 2425 3316 2481 Romanum
3359 2424 3472 2494 jam

1899 2513 2224 2580 instituitur,
2284 2525 2340 2568 ut
2387 2515 2504 2580 tibi,
2552 2517 2800 2584 quamvis
2854 2516 3145 2584 imperator
3190 2515 3287 2578 sis,
3342 2513 3474 2568 ﬁdes

1895 2605 2199 2672 habeatur;
2233 2607 2326 2660 sed
2365 2607 2434 2662 de
2479 2610 2730 2676 episcopo
2756 2607 3017 2676 judicium
3050 2605 3246 2674 agitur,
3278 2614 3330 2659 et
3361 2605 3474 2674 pari

1891 2695 2014 2764 jure
2051 2711 2176 2750 cum
2224 2706 2545 2752 accusatore
2589 2706 2642 2752 et
2686 2706 2940 2752 accusato
2982 2696 3067 2763 agi
3108 2703 3343 2764 Oportet.
3374 2692 3474 2757 Qui

1895 2797 2076 2842 autem
2120 2800 2380 2841 accusare
2414 2796 2466 2842 tu
2516 2787 2709 2856 pales?
2755 2803 2858 2840 non
2905 2788 3049 2841 enim
3094 2798 3336 2854 prtescns
3382 2781 3474 2834 tibi

1894 2876 1997 2931 fuit
2024 2877 2106 2931 vir
2129 2877 2224 2947 'qui
2257 2876 2442 2946 procul
2477 2885 2530 2931 te
2571 2878 2929 2933 versabatur:
2958 2876 3102 2946 quod
3143 2875 3188 2929 si
3235 2887 3298 2926 ea
3343 2871 3477 2926 dicis

1895 2981 2014 3038 quin
2041 2968 2275 3022 didicisti
2295 2967 2364 3022 ab
2386 2968 2512 3031 illis,
2535 2983 2750 3038 arquum
2776 2983 2907 3023 sane
2930 2967 3092 3021 fuerit
3122 2976 3172 3019 te
3197 2963 3312 3031 ejus
3337 2977 3476 3031 quo-

1894 3075 2004 3129 que
2047 3059 2208 3114 dictis
2249 3059 2408 3115 ﬁdem
2449 3061 2709 3115 adbibere
2738 3076 2752 3112 :
2778 3061 2861 3115 sin
2895 3059 2965 3112 illi
3000 3058 3155 3111 [idem
3192 3072 3294 3111 non
3325 3054 3475 3108 adhi-

197 3170 330 3217 τοις,
366 3153 648 3222 φαίνονται
685 3152 882 3222 μᾶλλον
916 3148 1059 3208 οὗτοι
1101 3155 1190 3208 διὰ
1231 3156 1289 3208 σὲ
1318 3157 1568 3226 λέγοντες
1594 3160 1786 3223 ταῦτα,

1900 3152 2050 3217 bens,
2101 3151 2482 3223 his_adhibes,
2531 3153 2787 3206 videntur
2823 3159 2970 3204 certe
3024 3148 3096 3203 illi
3148 3149 3263 3202 hmc
3309 3146 3361 3200 in
3400 3146 3474 3198 tui

198 3245 292 3296 καὶ
322 3247 404 3307 εἰς
439 3243 540 3314 σὴν
570 3243 727 3314 χάριν
762 3245 1192 3316 κατηγοροῦντες
1232 3248 1568 3305 Ἀθανασίου.
1602 3253 1788 3308 Ταῦτα

197 3334 464 3400 ἀκούσας,
497 3337 592 3388 καὶ
630 3337 860 3405 νομίσας
892 3334 1048 3408 ὓϐριν
1081 3336 1219 3392 εἶναι
1266 3341 1326 3394 τὸ
1357 3341 1546 3413 λεχθὲν
1586 3345 1783 3416 ὀρθῶς,

197 3426 442 3490 ἐκείνους
485 3427 588 3497 μὲν
615 3426 839 3499 ἐξώρισε
860 3449 872 3460 ·
907 3430 1149 3500 κινηθεὶς
1180 3431 1234 3485 δὲ
1263 3433 1405 3486 κατὰ
1444 3434 1785 3502 Ἀθανασίου,

197 3518 538 3588 ἀγριώτερον
574 3519 810 3591 ἔγραψεν
843 3523 1002 3574 αὐτόν
1047 3540 1105 3576 τε
1155 3523 1347 3577 παθεῖν
1380 3526 1449 3580 τὰ
1497 3529 1784 3599 γενόμενα,

197 3610 430 3672 καὶτοῖς
470 3611 768 3680 Ἀρειανοῖς
793 3613 1161 3684 παραδοθῆναι
1211 3615 1309 3680 τὰς
1351 3617 1666 3690 ἐκκλησίας,
1693 3622 1788 3675 καὶ

196 3695 407 3758 τούτοις
438 3694 640 3762 ἐξεῖναι
675 3700 929 3767 πράττειν
963 3701 996 3755 ἃ
1032 3702 1328 3771 βούλονται.

1898 3242 2124 3314 gratiam
2156 3241 2423 3312 proferre,
2475 3243 2527 3298 in
2575 3243 2648 3296 tui
2694 3243 2924 3312 gratiam
2957 3240 3085 3300 item
3119 3235 3474 3292 Athanasium

1905 3370 2186 3412 accusare.
2231 3356 2327 3412 His
2372 3357 2460 3412 ille
2502 3358 2721 3418 auditis,
2777 3361 2925 3412 ratus
2972 3355 3090 3410 lucc
3139 3355 3324 3418 verba,
3355 3367 3478 3422 qua:

1901 3453 2049 3499 recta
2095 3460 2226 3501 sane
2273 3456 2450 3510 erant,
2502 3446 2554 3500 in
2613 3462 2766 3500 suam
2820 3455 3033 3502 vertere
3068 3441 3475 3504 contumeliam,

1892 3535 2042 3590 viros
2085 3537 2231 3591 misit
2276 3537 2327 3592 in
2374 3536 2626 3592 exsilium
2656 3555 2669 3590 :
2698 3547 3116 3605 conuuotusque
3148 3535 3200 3589 in
3243 3533 3477 3587 Athana.

1895 3628 2058 3696 sium,
2107 3629 2358 3686 eﬂ'eralas
2385 3631 2532 3686 misit
2563 3631 2796 3695 litteras,
2822 3628 3024 3698 jubens
3063 3627 3214 3682 illutn
3247 3626 3312 3680 iis
3337 3623 3476 3678 allici

1897 3718 2053 3774 malis
2095 3721 2292 3790 quibus
2321 3721 2550 3777 affectus
2583 3737 2770 3777 revera
2812 3729 2897 3776 est
2924 3739 2935 3774 :
2967 3719 3292 3786 Arianisquc
3337 3715 3475 3770 tradi

197 3789 478 3886 ecclesias,
528 3790 948 3862 facultatemque
1001 3797 1130 3863 ipsis
1194 3798 1331 3862 dari,
1385 3802 1527 3870 quod
1582 3803 1772 3860 liberet
1801 3811 2064 3868 arbitratu
2095 3789 2196 3870 suo
2229 3818 2446 3886 agendi.

271 3875 362 3930 77.
399 3878 561 3932 Δεινὰ
589 3878 689 3949 μὲν
722 3876 813 3934 οὖν
865 3883 954 3936 καὶ
1001 3883 1144 3956 πέρα
1193 3886 1381 3940 δεινῶν
1430 3889 1498 3942 τὰ
1531 3891 1786 3947 τοιαῦτα·

196 3969 493 4041 πρέπουσα
521 3970 578 4022 δὲ
613 3971 809 4041 πρᾶξις
840 3974 988 4042 ὅμως
1015 3975 1092 4046 τῷ
1121 3978 1575 4052 σχηματιζομένῳ
1606 3983 1672 4038 τὰ
1697 3985 1791 4039 τοῦ

209 4061 610 4132 ’Δντιχρίστου.
646 4062 742 4126 Τίς
766 4063 895 4136 γὰρ,
932 4065 1144 4135 βλέπων
1170 4069 1327 4122 αὐτὸν
1357 4070 1653 4143 ὲξάρχοντα
1687 4076 1793 4128 τῶν

196 4151 574 4222 νομιζομένων
609 4153 920 4209 ἐπισκόπων
963 4159 1056 4210 καὶ
1110 4159 1524 4232 προκαθήμενον
1562 4162 1668 4215 τῶν
1702 4167 1794 4218 ἐκο

195 4242 610 4312 κλησιαστικῶν
636 4243 889 4313 κρίσεων,
915 4247 1014 4299 οὐκ
1043 4247 1352 4320 ᾀκολούθως
1387 4251 1452 4304 ἂν
1477 4254 1618 4307 εἴποι
1646 4255 1791 4307 τοῦτ’

194 4329 342 4386 εἶναι.
371 4333 432 4386 τὸ
466 4331 557 4385 διὰ
584 4332 677 4386 τοῦ
701 4334 897 4404 Δανιὴλ
923 4337 1211 4406 εἰρημένον
1237 4337 1514 4412 βδέλυγμα
1541 4342 1638 4412 τῆς
1672 4343 1794 4415 ἐρη-

1969 3901 2059 3955 77.
2095 3902 2292 3958 Gravia
2325 3904 2539 3973 quidem
2566 3910 2620 3957 et
2649 3902 2769 3972 plus
2791 3918 2957 3972 quam
2986 3901 3168 3970 gravia
3198 3907 3324 3952 sunt
3351 3898 3480 3962 ista,

1899 4004 2260 4050 consentanea
2294 4005 2473 4050 tamen
2504 3996 2556 4068 civ
2584 3995 2674 4065 qui
2707 3994 3025 4049 Antichristi
3053 3992 3280 4062 ligurum
3313 3993 3475 4061 gerit.

1900 4083 2032 4148 Quis
2074 4086 2217 4140 enim
2254 4086 2444 4140 videtis
2502 4086 2651 4139 illum
2693 4085 2758 4139 iis
2803 4085 2892 4154 qui
2938 4084 3174 4152 episcopi
3221 4090 3481 4150 putantur

1895 4171 2122 4238 prmﬂei,
2161 4174 2213 4226 in
2240 4173 2739 4240 ecelesiastieisque
2775 4173 2990 4241 jndiciis
3023 4173 3336 4239 praesidere,
3369 4186 3478 4224 non

1887 4260 2010 4330 jure
2038 4262 2184 4316 dicat
2210 4263 2348 4318 hanc
2382 4278 2500 4317 esse
2530 4261 2673 4315 illam
2701 4277 2730 4314 a
2754 4260 2974 4315 Daniele
3004 4261 3315 4328 praedictam
3347 4260 3477 4315 abo-

1895 4355 2248 4409 minationem
2291 4351 2738 4408 desolatiouis”?
2786 4351 3206 4406 Christianismo
3271 4352 3474 4421 quippe

196 4423 468 4494 μώσεως;
519 4423 623 4476 Τὸν
671 4425 780 4496 γὰρ
834 4427 1258 4499 Χριστιανισμδν
1309 4431 1791 4504 περιϐεϐλημένος,

1900 4445 2130 4498 amictus
2182 4444 2295 4507 ille,
2329 4453 2383 4499 et
2432 4445 2484 4498 in
2534 4444 2646 4498 loca
2696 4449 2883 4497 sancta
2939 4441 3237 4510 ingressus,
3293 4439 3477 4507 ibique

193 4518 294 4571 καὶ
328 4518 410 4578 είς
428 4517 558 4579 τοὺς
590 4515 777 4584 ἁγίους
805 4517 1002 4578 τόπους
1030 4519 1426 4590 εἰσερχόμενος,
1457 4523 1702 4593 ἑστηκώς
1729 4543 1788 4578 τε

190 4611 254 4662 ὲν
327 4607 536 4671 αὐτοῖς,
592 4607 790 4677 ἐρημοῖ
825 4607 924 4670 τὰς
965 4609 1280 4680 ἐκκλησίας,
1326 4612 1619 4684 παραλύων
1664 4615 1789 4679 τοὺς

187 4700 408 4754 τούτων
455 4697 708 4763 κανόνας,
761 4699 856 4751 καὶ
900 4699 967 4752 τὰ
1024 4699 1130 4753 ἴδια
1180 4705 1400 4772 κρατεῖν
1453 4703 1787 4775 βιαζόμενος.

186 4786 345 4860 τΑρσι
377 4789 461 4853 τίς
499 4789 578 4840 ἔτι
606 4789 782 4859 τολμᾷ
806 4789 982 4858 λέγειν
1024 4792 1114 4844 τὸν
1149 4792 1338 4864 καιρὸν
1364 4793 1548 4846 τοῦτον
1581 4797 1784 4867 εἰρηνι-

189 4879 292 4934 κον
321 4875 462 4932 εἶναι
508 4880 872 4950 Χριστιανῶν,
917 4881 1008 4933 καὶ
1053 4882 1112 4933 ού
1165 4882 1360 4951 μᾶλλον
1391 4883 1660 4954 διωγμόν;
1697 4885 1788 4938 καὶ

183 4971 462 5041 διωγμὸν,
503 4963 616 5032 οἶος
657 4968 780 5023 οὔτε
825 4969 1042 5024 πώποτε
1092 4973 1334 5042 γέγονεν,
1385 4974 1505 5028 οὔτε
1539 4976 1677 5046 τάχα
1706 4994 1790 5039 τις

185 5065 417 5133 ποιήσει
447 5061 582 5115 ποτὲ
611 5061 869 5126 τοιοῦτον,
895 5066 943 5117 εί
976 5066 1050 5136 μὴ
1076 5067 1181 5140 ἄρα
1206 5069 1234 5119 ὁ
1260 5069 1372 5130 υίὸς
1413 5069 1513 5138 τῆς
1541 5069 1787 5140 ἀνομίας,

180 5157 240 5208 οἱ
289 5154 669 5226 Χριστομάχοι
709 5155 1042 5209 δεικνύουσιν
1077 5158 1208 5229 (Si),
1268 5160 1790 5232 ἁναζωγραφοῦντες

177 5251 245 5303 ἐν
284 5247 476 5312 αὐτοῖς
523 5248 646 5321 ἤδη.
699 5250 788 5304 Διὸ
834 5253 928 5304 καὶ
981 5254 1214 5323 μάλιστα
1263 5258 1529 5326 προσήκει
1580 5258 1791 5328 νήφειν,

258 5410 310 5441 ⁸⁸
343 5412 482 5464 Dan.
522 5425 602 5471 Ix,
647 5409 735 5462 27.

262 5567 382 5636 (82)
424 5566 520 5622 Sic
572 5565 706 5637 Reg.
760 5575 815 5623 et
878 5568 1044 5624 Basil.
1104 5569 1246 5624 Editi
1306 5570 1622 5624 ἀπολεῖσθαι
1671 5589 1792 5641 pcr-

178 5654 581 5781 pe{§'3|i._gllm
637 5718 941 5781 sequuntur
984 5717 1104 5777 post
1137 5709 1467 5781 Οὐάλεντος.
1514 5726 1683 5781 usque
1723 5712 1787 5764 ad

183 5777 321 5846 περὶ
355 5776 672 5839 Οὐάλεντα,
709 5777 901 5833 desunt
933 5776 995 5834 in
1016 5780 1176 5835 editis
1223 5782 1512 5851 prioribus,
1564 5776 1786 5851 eratque

1895 4532 2226 4600 consistens,
2264 4533 2523 4588 ecclesias
2539 4541 2716 4587 vastat
2748 4550 2762 4586 ε
2788 4545 3082 4597 earumque
3100 4527 3371 4599 abrogatis
3387 4545 3474 4582 ca-

1895 4625 2151 4692 nonibus,
2190 4625 2242 4679 vi
2284 4627 2430 4696 cogit
2476 4635 2533 4679 ut
2587 4640 2686 4682 sua
2729 4624 3015 4680 obtineant
3049 4625 3295 4678 decreta.
3331 4620 3471 4676 Num

1895 4716 2018 4785 quis
2047 4718 2190 4770 ausit
2241 4716 2422 4772 dicere
2457 4725 2668 4785 tempus
2696 4716 2846 4786 pacis
2888 4715 3211 4770 Christianis
3260 4715 3470 4776 adesse.

1898 4821 2074 4862 nonne
2105 4808 2285 4877 potius
2311 4808 2780 4878 persecutionem?
2813 4807 3006 4861 Annon
3044 4806 3470 4876 persecutionem

1895 4899 2074 4967 qualis
2118 4916 2390 4969 nunquam
2424 4901 2652 4964 exstitit,
2681 4908 2738 4956 et
2788 4899 3014 4954 fortasse
3055 4897 3268 4965 qualem
3315 4911 3474 4952 nemo

1897 5006 2131 5060 unquam
2151 4992 2484 5046 excitaturus
2504 5003 2608 5057 est,
2632 4991 2734 5048 nisi
2761 4991 2901 5046 filius
2924 4989 3251 5058 iniquitatis,
3269 4989 3473 5045 Christi

1894 5091 2293 5152 Oppugnatores
2317 5082 2596 5153 exhibent,
2629 5084 2680 5137 in
2709 5083 2931 5151 suisque
2957 5081 3096 5137 actis
3125 5081 3474 5151 exprimunt?

1895 5171 2236 5241 Quapropter
2266 5173 2419 5229 nobis
2468 5189 2810 5244 summopere
2867 5175 3197 5244 vigilandum
3251 5181 3354 5232 est,
3403 5185 3470 5223 ne

1901 5266 2122 5319 hmresis
2165 5266 2353 5322 isthmc
2379 5283 2497 5337 quae
2534 5277 2680 5322 tanta
2716 5278 2798 5323 est
2829 5265 3180 5336 impudentia,
3205 5277 3321 5330 quae
3356 5261 3468 5313 velo
3508 5307 3525 5324 ,

1899 5587 2121 5641 prorsus
2157 5569 2346 5625 mutila
2382 5568 2643 5623 sententia
2682 5583 2695 5618 :
2750 5581 2910 5634 quam
2941 5579 3005 5620 ex
3041 5566 3170 5635 Reg.
3213 5574 3265 5618 et
3307 5563 3462 5619 Basil.

1920 5659 1928 5668 .
2019 5652 2022 5653 ν
2099 5652 2107 5654 ~
2153 5658 2166 5690 1
2241 5677 2256 5692 ο

1903 5652 2236 5778 ιρῗὲἲίυὲῖῗ
2252 5707 2450 5776 Regius
2466 5703 2848 5778 _cod_ex._l';dit.
2901 5705 3107 5759 Comm.
3148 5704 3464 5758 δείκνουσιν.

1899 5774 2181 5836 Basi'iéns.
2222 5789 2274 5832 et
2305 5774 2432 5830 edit.
2465 5774 2636 5830 Paris.
2666 5775 2954 5829 δείκνυσιν.
