3980 6506
279 402 383 462 789

1198 411 1521 474 HISTORIA
1572 416 1987 476 ARIANORUM
2041 419 2136 475 ΔΙ)
2191 420 2586 478 ιιοΝΑοιιοε.

3435 417 3543 474 790

278 520 596 591 γινομένας,
666 521 791 587 τούς
848 542 906 578 τι
946 528 1306 595 Μελιτιανοὺς
1338 533 1834 605 προκατηχηθένται

1958 537 2143 592 veniat
2189 537 2243 592 in
2271 537 2505 608 Egypto
2550 536 2811 593 ecclesias
2853 536 2965 607 iam
3019 550 3179 603 suas,
3223 533 3542 593 Meletianos

273 610 373 683 ἠδη
420 612 489 666 τά
536 613 766 679 ἐκείνου,
812 617 907 669 καί⁵
948 618 1156 691 ἐπιγνῷ
1189 622 1379 677 ἑαυτὸν
1406 624 1462 677 ὲν
1493 624 1720 690 ἐκείνοις
1745 627 1843 698 ήδη

276 705 653 776 μορφωθέντα.

341 796 431 853 79.
461 797 715 853 Τοιοῦτον
745 800 844 871 μὲν
871 796 964 854 οὖν
999 803 1114 856 ἐστι
1162 804 1224 856 το
1252 804 1466 869 ἐξελθὸν
1523 806 1857 877 παράκΚωνυ

272 888 517 942 σταντίου
546 893 860 963 παράνομον
883 892 1211 965 πρόσταγμα
1229 907 1242 925 ⁸
1274 895 1382 949 τῶν
1407 896 1463 950 δὲ
1487 896 1629 951 λαῶν
1658 898 1856 969 προθυ-

272 977 369 1048 μία
400 979 500 1049 μὲν
526 975 594 1051 ἦν
621 983 700 1045 εἰς
730 981 1048 1053 μαρτύριον,
1076 984 1170 1037 καὶ
1194 974 1393 1054 μᾶλλον
1418 990 1571 1056 μῖσος
1596 987 1735 1040 κατά
1757 988 1855 1058 τῆς

268 1072 638 1144 ἀσεϐεστάτης
666 1074 950 1144 αἱρέσεως,
999 1074 1192 1139 πένθος
1221 1076 1279 1130 δὲ
1312 1077 1461 1147 ὅμως
1492 1077 1581 1130 διά
1607 1078 1706 1144 τὰς
1734 1080 1855 1133 Ἐκ-

267 1161 514 1232 κλησίας,
542 1164 636 1216 καὶ
669 1164 968 1235 στεναγμὸς
996 1164 1147 1236 παρά
1175 1165 1411 1231 πάντων,
1447 1164 1691 1236 βοώντων
1717 1168 1853 1240 πρὸς

265 1253 356 1306 τὸν
385 1252 589 1323 Κύριον
612 1269 626 1283 ο
667 1252 894 1316 Φεῖσαι,
926 1254 1125 1321 Κύριε,
1156 1254 1262 1307 τοῦ
1286 1255 1439 1310 λαοῦ
1473 1272 1612 1321 σου,
1647 1257 1849 1327 καὶμὴ

266 1342 383 1411 δῷς
416 1343 532 1413 τὴν
554 1346 961 1415 κληρονομίαν
978 1360 1094 1399 σου
1114 1349 1201 1413 εις
1221 1345 1452 1413 ὄνειδος
1475 1348 1596 1413 τοῖς
1618 1349 1851 1418 ἐχθροῖς

264 1453 382 1491 σου
399 1453 414 1466 ’
448 1437 584 1490 ἀλλὰ
607 1438 701 1491 καὶ
723 1438 950 1509 τάχυνον
982 1437 1075 1491 τοῦ
1107 1438 1384 1506 ἐξελέσθαι
1412 1442 1558 1512 ἡμᾶς
1583 1444 1647 1495 ὲκ
1668 1443 1850 1515 χειρὸς

263 1528 500 1599 ἀνόμων.
543 1530 673 1583 Ἰδοὺ
706 1529 813 1599 γάρ
834 1529 942 1583 τῶν
971 1531 1071 1601 μέν
1098 1549 1191 1585 σου
1213 1531 1557 1604 θεραπόντων
1582 1536 1682 1588 οὐκ
1708 1536 1849 1605 ἐφεί-

264 1636 446 1686 σαντο,
477 1620 555 1691 τῷ
586 1621 643 1674 δὲ
671 1622 1022 1693 Ἀντιχρίστῳ
1041 1623 1142 1694 τὴν
1165 1623 1284 1677 ὁδὸν
1314 1625 1843 1697 παρασκευάζουσιν.

262 1712 337 1765 UO
369 1712 479 1784 γάρ
517 1712 932 1783 ἀντιστήσονταί
980 1730 1113 1766 ποτε
1162 1715 1475 1769 Μελιτιανοὶ
1501 1714 1695 1787 τούτῳ,
1726 1717 1846 1771 οὐδὲ

261 1805 606 1877 φροντίσουσι
660 1805 790 1876 περὶ
851 1804 1126 1876 ἀληθείας,
1175 1806 1297 1859 οὐδὲ
1350 1808 1691 1880 ἀρνήσασθαι
1754 1809 1844 1862 τὸν

1966 642 2063 683 sua
2117 627 2361 682 doctrina
2404 626 2717 692 institutos,
2769 642 2937 698 seque
2987 626 3041 682 in
3102 626 3208 683 illis
3251 624 3365 694 jam
3405 624 3539 680 deli-

1965 727 2181 773 neatum
2212 727 2489 788 agnoscat.

2032 807 2121 862 79.
2157 806 2431 869 Eiusmodi
2456 817 2540 865 est
2570 809 2796 879 imptum
2833 823 2936 864 noc
2962 817 3197 863 eatctum
3223 821 3254 862 a
3277 814 3537 862 υοιιειιιιο

1964 895 2040 952 tib
2089 897 2319 953 datum:
2354 901 2450 954 sed
2504 900 2823 969 populorum
2872 914 3065 969 magna
3114 907 3229 952 erat
3281 895 3538 950 alacritas

1962 988 2208 1058 martyrii
2242 983 2549 1057 subeundi',
2575 991 2903 1060 graviusque
2938 990 2989 1043 in
3026 988 3396 1058 impiissimam
3428 985 3536 1039 bar-

1962 1078 2127 1133 resim
2172 1079 2354 1133 odium
2406 1081 2794 1136 incendebatur
2833 1100 2847 1136 :
2882 1080 3059 1136 luctus
3112 1092 3290 1135 tamen
3335 1078 3535 1148 ubique

1962 1165 2014 1220 in
2046 1165 2336 1232 Ecclesiis,
2379 1171 2722 1239 gementibus
2762 1171 3013 1225 onmibus
3042 1171 3110 1225 ad
3143 1169 3532 1237 Duminumque

1959 1256 2321 1344 clamantibus
2356 1277 2371 1313 :
2406 1258 2613 1325 Parce,
2672 1262 2916 1324 Domine,
2960 1262 3153 1332 populo
3198 1270 3327 1322 tuo.
3375 1269 3423 1312 et
3469 1275 3532 1313 ne

1957 1351 2048 1401 des
2073 1348 2431 1404 heraditum»
2456 1360 2599 1405 luant
2628 1353 2682 1407 in
2710 1354 3044 1422 opprobrium
3072 1351 3297 1405 inimicis
3323 1348 3426 1402 tutis
3449 1348 3527 1401 "z

1955 1439 2051 1492 sed
2100 1436 2315 1502 festina,
2371 1448 2427 1493 ut
2475 1441 2677 1509 eripias
2731 1457 2832 1496 nos
2883 1443 2950 1496 de
2989 1456 3149 1495 manu
3198 1442 3527 1510 iniquorum.

1955 1525 2090 1580 Nam
2129 1525 2344 1589 famulis
2391 1543 2519 1583 ecce
2558 1532 2665 1585 tuis
2710 1545 2814 1584 non
2856 1539 3234 1599 pepercerunt,
3280 1531 3531 1597 viamque

1957 1617 2209 1672 muniunt
2236 1618 2590 1674 Antichristo.
2628 1618 2762 1674 Huic
2788 1620 2933 1674 enim
2964 1635 3235 1689 nunquam
3265 1620 3531 1676 obsisteut

1925 1706 2254 1775 .Ileletiani,
2292 1710 2435 1763 nulla
2470 1710 2575 1764 erit
2604 1710 2685 1765 eis
2711 1709 2958 1764 veritatis
2990 1725 3147 1773 cura,
3182 1725 3357 1781 neque
3381 1711 3534 1766 nefa-

1953 1800 2089 1853 riam
2140 1815 2252 1855 rem
2296 1801 2565 1870 putabunt
2589 1801 2867 1857 Christum
2914 1802 3235 1870 abuegare:
3288 1804 3534 1858 homines

258 1894 499 1969 Χριστὸν
546 1894 747 1967 φαῦλον
790 1897 1112 1967 ἡγήσονταιο
1145 1896 1420 1968 ἄνθρωποι
1452 1899 1694 1970 μηδόλως
1723 1916 1834 1969 γνη⁴

1951 1906 2084 1947 sane
2118 1892 2209 1962 qui
2251 1907 2356 1946 non
2409 1893 2626 1948 sincero
2672 1893 2856 1947 animo
2901 1894 2967 1947 ad
3014 1894 3242 1947 verbum
3290 1909 3534 1949 accesse-

259 1984 390 2048 σίως
413 1984 802 2056 προσελθόντες
830 1986 909 2056 τῷ
956 1987 1136 2055 Λόγῳ,
1184 1988 1319 2057 πρὸς
1362 1988 1538 2041 πάντα
1580 1988 1721 2042 κατά
1752 1987 1844 2042 τὸν

257 2075 623 2146 χαμαιλέοντα
645 2078 1119 2148 σχηματιζόμενοι,
1142 2079 1231 2131 καὶ
1252 2078 1509 2149 μισθωτοὶ
1528 2078 1635 2132 τῶν
1656 2079 1844 2132 ἀνυόν-

253 2180 363 2220 των
391 2166 573 2220 αὐτῶν
602 2168 699 2238 τὴν
733 2168 923 2238 χρείαν
951 2169 1282 2239 γιγνόμενοι.
1318 2169 1394 2222 Οὐ
1424 2168 1533 2240 γάρ
1566 2169 1703 2239 πρὸς
1744 2169 1841 2240 τὴν

252 2257 512 2329 ἀλήθειαν
542 2258 724 2329 ἔχουσι
772 2260 862 2314 τὸν
906 2261 1123 2333 σκοπὸν,
1151 2260 1288 2313 ἀλλά
1318 2260 1524 2332 ταύτης
1550 2260 1649 2331 τὴν
1700 2277 1841 2333 παρ-

253 2350 453 2404 αυτίκα
514 2350 898 2421 προκρίνουσιν
944 2351 1174 2421 ἡδονήν·
1222 2350 1314 2403 καὶ
1380 2349 1539 2420 μόνον
1585 2349 1838 2417 λέγουσι*

254 2436 539 2508 “rupere
570 2441 666 2493 καὶ
694 2442 948 2510 πίωμεν
981 2442 1193 2509 αὔριον
1215 2440 1324 2512 γὰρ
1349 2438 1835 2510 ἀποθνήσκομεν.

254 2526 373 2581 Τῶν
399 2528 497 2599 μὲν
515 2525 609 2584 οὖν
628 2530 1485 2605 ύποκριτῶν(91)Ἐπικριτιανῶν
1518 2533 1639 2585 ἀντὶ
1671 2532 1839 2586 Μελι-

251 2619 454 2673 τιανῶν
498 2623 531 2693 ἡ
587 2623 843 2693 πρόθεσις
872 2624 1117 2694 τοιαύτη,
1152 2625 1245 2677 καὶ
1278 2626 1306 2677 ό
1336 2623 1535 2696 τρόπος
1571 2624 1797 2686 ἄπιστος
1820 2640 1832 2652 ·

249 2711 301 2763 oi
328 2710 385 2764 δὲ
418 2714 599 2766 πιστοὶ
642 2713 816 2767 δοῦλοι
842 2713 937 2766 τοῦ
967 2715 1217 2785 Σωτῆρος
1253 2715 1345 2767 καὶ
1377 2714 1592 2786 ἀληθῶς
1625 2714 1836 2768 ἐπίσκο-

254 2818 366 2865 ποι,
399 2803 449 2855 οἱ
477 2802 715 2874 γνησίως
742 2804 1149 2870 πιστεύσαντες,
1180 2807 1274 2859 καὶ
1313 2805 1388 2876 μὴ
1435 2807 1665 2870 ἑαυτοῖς.
1701 2806 1836 2860 ἀλλά

249 2893 329 2964 τῷ
363 2894 554 2966 Κυρίῳ
581 2895 800 2960 ζῶντες,
830 2891 996 2961 οὗτοι,
1031 2898 1236 2960 πιστῶς
1268 2897 1617 2961 εὐσεϐοῦντες
1640 2900 1719 2962 είς
1743 2898 1834 2951 τὸν

250 2983 456 3056 Κύριον
479 2986 633 3057 ήμῶν
672 2986 876 3057 Ἰησοῦν
898 2989 1151 3060 Χριστὸν,
1176 2988 1269 3041 καὶ
1289 2989 1665 3057 γινώσκοντες,
1690 2989 1831 3042 καθά

249 3080 531 3147 προεῖπον,
562 3078 638 3142 ὡς
666 3078 806 3132 κατά
836 3078 935 3150 τῆς
961 3080 1217 3151 ἀληθείας
1241 3080 1541 3152 προφάσεις
1568 3080 1675 3133 εἰσὶ
1702 3081 1833 3150 ψευ-

246 3166 377 3232 δεῖς,
430 3168 523 3220 καὶ
574 3168 820 3240 φανερῶς
866 3169 1211 3239 ὲπλάσθησαν
1263 3170 1353 3223 διά
1400 3170 1499 3242 τὴν
1543 3170 1828 3243 Ἀρειανὴν

247 3256 460 3327 αἵρεσιν
485 3270 499 3288 ⁸
534 3258 628 3310 καὶ
660 3257 768 3327 γὰρ
819 3260 882 3311 ἐκ
921 3257 1022 3328 τῆς
1065 3259 1373 3329 Οὐρσακίου
1409 3258 1502 3312 καὶ
1534 3260 1832 3324 Οὐάλεντος

248 3350 540 3418 μετανοίας
581 3348 989 3419 κατεμάνθανον
1027 3349 1123 3421 τὴν
1155 3350 1296 3403 κατά
1339 3349 1655 3404 ’Δθανασίου
1704 3368 1833 3404 συν-

243 3442 493 3496 τεθεῖσαν
522 3442 911 3511 συκοφαντίαν·
936 3444 1023 3497 ῖνα
1054 3442 1218 3497 αὐτὸν
1242 3443 1341 3514 μὲν
1362 3441 1604 3497 ἐκποδὼν
1634 3443 1829 3513 ἄρωσι,

242 3531 339 3601 τὴν
371 3532 429 3585 δὲ
464 3532 718 3585 ἀσέϐειαν
762 3532 871 3585 τῶν
900 3524 1300 3604 Χριστομάχων
1334 3534 1415 3597 είς
1456 3533 1556 3597 τὰς
1598 3533 1827 3604 Ἐκκλη-

244 3624 365 3686 sint;
398 3622 657 3687 είσάξωσι
679 3641 692 3653 °
723 3624 893 3678 ταῦτα
921 3625 1269 3697 συνορῶντες,
1298 3624 1375 3689 ὡς
1398 3624 1652 3696 ἀληθείας
1679 3626 1833 3690 ὄντες

243 3713 549 3786 ύπὲρμαχοι
590 3715 683 3768 καὶ
717 3717 974 3788 κήρυκες,
1010 3716 1331 3788 ὑϐρισθῆναι
1360 3719 1455 3773 καὶ
1485 3718 1829 3789 ἐξορισθῆναι

247 3805 445 3875 μᾶλλον
473 3806 696 3869 εἴλοντο,
723 3808 816 3860 καὶ
838 3808 1157 3878 ὑπέμειναν,
1184 3808 1217 3877 ἦ
1250 3811 1371 3862 κατ’
1396 3808 1559 3863 αὑτοῦ
1588 3809 1830 3882 ὑπογρά-

239 3897 360 3965 ψαι,
416 3897 509 3951 καὶ
567 3899 1155 3973 τοτςὶἋρειομανίταις
1188 3900 1537 3971 κοινωνῆσαι.
1591 3899 1668 3956 Οὐ
1720 3902 1829 3973 γάρ

240 3988 585 4055 ἑπελάθοντο,
616 3988 652 4043 ἀ
681 3974 952 4056 ἐδίδαξαν·
982 3989 1119 4044 ἀλλά
1152 3992 1246 4045 καὶ
1271 3992 1471 4062 μᾶλλον
1494 3992 1604 4057 (92)
1626 3992 1827 4062 γιγνώ-

242 4092 486 4148 σκουσιν,
521 4080 597 4145 ὼς
631 4084 743 4145 τοῖς
790 4082 889 4152 μὲν
920 4081 1209 4150 προδόταις
1254 4082 1447 4153 ἀτιμία
1487 4084 1675 4155 πολλὴ,
1716 4086 1827 4147 τοῖς

239 4173 294 4227 δὲ
325 4173 646 4244 ὁμολογοῦσι
680 4173 778 4243 τὴν
821 4173 1093 4244 ἀλήθειαν,
1128 4173 1372 4244 βασιλεία
1402 4174 1645 4247 οὐρανῶν
1668 4192 1683 4205 ⁸
1734 4176 1828 4229 καὶ

238 4266 350 4327 τοῖς
386 4264 485 4333 μὲν
516 4263 799 4337 όλιγὼροις
832 4266 927 4318 καὶ
955 4265 1236 4336 φοϐηθεῖσι
1267 4267 1643 4321 Κωνστάντιον
1675 4267 1826 4324 οὐδὲν

239 4356 394 4408 ἔσται
426 4356 627 4425 ἀγαθόν
649 4374 664 4388 ·
694 4360 806 4421 τοῖς
836 4357 893 4411 δὲ
946 4360 1270 4430 ὑπομείνασι
1301 4359 1399 4424 τάς
1446 4343 1549 4414 ὧδε
1597 4359 1823 4430 θλίψεις,

236 4450 315 4512 ὡς
342 4450 407 4501 ὲκ
444 4449 557 4519 (95)
597 4450 863 4521 χειμῶνος
894 4451 1118 4516 ναύταις
1141 4452 1314 4517 εὔδιος
1346 4454 1530 4524 λιμὴν,
1560 4455 1635 4518 ὡς
1663 4453 1827 4526 ἀθλη-

234 4543 355 4636 rei;
388 4540 526 4611 μετά
550 4542 641 4595 τὸν
672 4542 859 4611 ἀγῶνα
884 4544 1167 4613 στέφανος,
1205 4543 1347 4598 οὕτω
1375 4545 1470 4598 καὶ
1512 4546 1695 4609 αὐτοῖς
1728 4562 1825 4616 με·-
1858 4580 1901 4636 D

234 4628 377 4697 γάλη
409 4630 504 4682 καὶ
542 4629 758 4694 αἰώνιος
791 4632 935 4702 χαρά
968 4632 1061 4685 καὶ
1094 4633 1399 4705 εὐφροσύνη
1434 4636 1491 4687 ὲν
1518 4636 1631 4697 τοῖς
1663 4635 1824 4705 ούραο

234 4723 348 4784 νοῖς
384 4722 703 4791 γενήσεται·
735 4723 851 4776 οἵαν
872 4723 1029 4793 ἔσχεν
1079 4724 1278 4796 Ἰωσὴφ
1307 4724 1444 4796 μετά
1487 4725 1584 4788 τάς
1617 4725 1825 4795 θλίψεις

234 4813 485 4875 ἐκείνας*
518 4813 635 4866 οἵαν
670 4814 697 4865 ό
728 4814 900 4883 μέγας
928 4815 1126 4885 Δανιὴλ
1163 4815 1300 4886 μετά
1335 4817 1462 4879 τοὺς
1490 4817 1823 4887 πειρασμοὺς

234 4905 329 4956 καὶ
359 4904 458 4966 τάς
493 4903 692 4966 πολλὰς
724 4904 1015 4969 ἐπιϐουλὰς
1043 4906 1152 4960 τῶν
1194 4906 1515 4977 βασιλικῶνο
1548 4909 1664 4961 οἵαν
1710 4908 1824 4979 ἔχει

230 4994 330 5049 νῦν
366 4996 394 5047 ὁ
432 4994 641 5058 Παῦλος
672 4996 1103 5069 στεφανούμενος
1137 4999 1242 5052 ὑπὸ
1269 4999 1362 5053 τοῦ
1392 5000 1641 5071 Σωτῆρος
1660 5017 1674 5031 ο
1706 5001 1820 5053 οἵαν

231 5085 645 5157 προσδοκῶντες
671 5087 765 5140 καὶ
793 5088 840 5140 oi
872 5089 1148 5160 πανταχοῦ
1178 5090 1271 5144 τοῦ
1311 5090 1447 5143 Θεοῦ
1476 5090 1615 5153 λαοὶ,
1650 5091 1820 5145 ταῦτα

232 5176 543 5245 βλέποντες,
578 5178 679 5230 οὐκ
708 5176 1013 5248 ὴσθένησαν
1045 5184 1109 5251 τῇ
1147 5183 1485 5253 προαιρέσει,
1521 5182 1656 5235 ἀλλά
1688 5181 1824 5254 μᾶλ-

228 5267 321 5320 λον
352 5268 837 5339 ὲνεδυναμώθησαν
877 5275 945 5343 τῇ
993 5272 1194 5336 πίστει,
1252 5273 1346 5327 καὶ
1380 5272 1540 5327 πλέον
1572 5273 1816 5345 ηὔξησαν

226 5358 325 5431 τὴν
358 5360 691 5432 προθυμίαν.
723 5364 1237 5437 Πληροφορηθέντες
1267 5366 1374 5437 γάρ
1422 5366 1562 5436 ὑπὲρ
1598 5370 1697 5439 τῆς
1726 5382 1817 5421 συ-

299 5517 344 5545 ”
379 5517 496 5571 Joel
538 5530 598 5580 ιι,
647 5520 724 5573 17.
804 5521 848 5550 ⁸⁵³
886 5537 988 5578 .sa.
1024 5537 1159 5588 ml,
1229 5540 1300 5586 o;
1343 5522 1357 5576 I
1394 5523 1520 5577 Cor.
1554 5538 1643 5588 ιν,
1679 5523 1767 5576 52.

241 5650 625 5739 ψφίλβιές..
658 5653 1023 5739 Πιὲριτιανῶν
1050 5673 1062 5720 ;
1098 5656 1259 5739 Basil.
1295 5658 1627 5739 Κριτιανῶν,
1657 5657 1807 5723 editi,

256 5715 689 5791 Επικριτιαῖιῶν.
727 5715 844 5779 Μόκ
879 5726 1008 5796 Reg.
1043 5715 1283 5799 τοιαύτη.
1312 5715 1471 5795 Edili,
1500 5715 1658 5800 αὕτη.

1951 1995 2097 2047 runt,
2134 1983 2335 2039 nullam
2372 2000 2501 2049 non,
2556 1986 2728 2040 instar
2769 1984 3185 2047 chamreleonis,
3218 1984 3388 2039 induti
3422 1984 3529 2041 fur-

1950 2089 2119 2139 mam,
2156 2076 2592 2145 mercenariique
2616 2091 2804 2131 eorum
2832 2076 2921 2145 qui
2952 2091 3045 2128 sua
3080 2085 3309 2132 utuntur
3339 2094 3524 2147 opera.

1947 2165 2299 2235 Nequaquam
2351 2167 2493 2220 enim
2542 2170 2826 2222 veritatem
2876 2176 3124 2237 spectant
3177 2168 3286 2232 illi,
3337 2170 3430 2225 sed
3474 2173 3523 2226 ei

1947 2267 2268 2327 praesentem
2322 2267 2658 2327 anteponunt
2696 2258 3053 2328 voluptatem,
3104 2269 3159 2314 et
3200 2262 3313 2315 haec
3350 2272 3523 2315 eorum

1946 2348 2099 2402 aiunt
2132 2366 2146 2403 :
2182 2348 2530 2404 Comedamus
2572 2358 2623 2405 et
2664 2349 2902 2403 bibamus
2937 2365 2957 2404 :
2993 2367 3113 2404 cras
3160 2353 3298 2404 enim
3336 2352 3526 2406 morie-

1944 2456 2067 2492 mur
2089 2438 2158 2496 ³⁸.
2212 2438 2545 2495 Histriouum
2596 2442 3295 2511 igitur'Epicritianorum,
3352 2446 3525 2513 magis

1944 2540 2108 2594 quam
2172 2525 2593 2596 Heletianorum,
2643 2538 2726 2583 est
2793 2529 3097 2599 huiusmodi
3164 2532 3522 2601 propositum,

1942 2616 2245 2686 perﬁdique
2285 2633 2483 2673 mores.
2532 2618 2744 2673 Fideles
2774 2630 2951 2674 autem
2982 2620 3283 2675 Salvatoris
3315 2620 3521 2686 famuli,

1943 2722 2006 2763 ac
2031 2709 2141 2762 veri
2169 2710 2405 2777 episcopi
2431 2751 2447 2774 ,
2481 2712 2570 2779 qui
2602 2711 2817 2767 sincere
2846 2713 3074 2768 credunt
3100 2753 3115 2777 ,
3165 2724 3219 2767 et
3266 2730 3370 2767 non
3421 2714 3521 2767 sibi

1941 2798 2035 2852 sed
2068 2797 2296 2853 Domino
2331 2800 2552 2863 vivunt,
2604 2801 2771 2871 310
2820 2803 2910 2871 qui
2958 2802 3100 2871 piam
3150 2801 3205 2856 in
3240 2802 3522 2858 Dominum

1943 2896 2186 2942 nostrum
2230 2887 2415 2944 Iesum
2445 2891 2723 2946 Christum
2758 2893 2917 2947 ﬁdem
2951 2903 3210 2959 servant,
3247 2896 3523 2964 probeque

1940 2986 2172 3033 noscunt
2203 2979 2370 3036 falsas
2403 2995 2525 3037 esse
2559 2981 2679 3036 illas
2717 2993 2907 3037 contra
2959 2983 3239 3037 veritatem
3270 2984 3522 3037 crimina-

1942 3070 2137 3137 tiones,
2190 3080 2482 3142 aperteque
2524 3073 2785 3129 conﬁctas
2823 3073 2876 3128 in
2910 3074 3135 3144 gratiam
3166 3074 3378 3128 Arianae
3412 3073 3521 3128 ha).

1944 3178 2127 3219 reseos
2192 3163 2339 3235 (nam
2389 3178 2454 3219 ex
2502 3163 2715 3221 Ursacii
2767 3175 2822 3220 et
2875 3163 3117 3219 Valentis
3174 3164 3516 3233 pmuiteutia,

1860 3244 1903 3302 (ἶ
1937 3254 2226 3311 conﬂatam
2287 3256 2764 3327 deprehenderunt
2838 3257 3100 3310 adversus
3156 3254 3516 3309 Athanasium

1936 3344 2385 3414 sycophantiam,
2444 3353 2502 3399 ut
2554 3358 2676 3398 eum
2732 3344 2799 3399 de
2862 3344 3040 3398 medio
3110 3344 3401 3408 tollerent,
3463 3352 3519 3398 et

1933 3434 2137 3489 Christi
2170 3435 2404 3490 hostium
2441 3434 2771 3504 impietatem
2810 3434 3215 3489 introducerent
3251 3433 3303 3487 in
3337 3431 3519 3487 Eccle-

1934 3524 2103 3593 sias):
2158 3522 2259 3589 illi,
2315 3523 2556 3595 inquam,
2607 3523 2721 3579 haec
2771 3524 3284 3588 animadvertentes,
3332 3531 3516 3591 utpote

1933 3615 2178 3670 veritatis
2228 3623 2659 3686 propugnatores
2715 3624 2877 3683 atque
2952 3628 3274 3683 prmcones,
3326 3621 3515 3667 contu-

1934 3705 2123 3762 melias
2177 3715 2235 3761 et
2290 3707 2541 3761 exsilium
2576 3694 2587 3706 “
2621 3706 2733 3775 pati
2796 3706 3076 3770 maluere,
3135 3713 3188 3759 et
3240 3701 3514 3773 pertulere

1932 3797 2131 3868 reipsa,
2175 3812 2337 3867 quam
2368 3800 2629 3852 adversus
2665 3798 3021 3853 Athanasium
3057 3796 3423 3858 subscribere.
3458 3803 3513 3848 et

1930 3904 2053 3945 cum
2106 3889 2324 3945 Arianis
2362 3890 2785 3946 communicare.
2836 3889 3033 3944 Eorum
3075 3888 3218 3942 enim
3266 3902 3383 3957 quae
3427 3886 3514 3939 do—

1932 3988 2166 4037 cuerant
2214 3980 2355 4035 haud
2402 3980 2750 4034 immemores
2808 3977 3000 4045 fuere,
3062 3978 3302 4048 quinimo
3349 3977 3512 4046 probe

1932 4079 2171 4134 norunt,
2224 4072 2590 4139 proditoribus
2642 4070 2867 4125 multum
2925 4071 3196 4132 dedecus,
3228 4069 3509 4123 veritatem

1930 4168 2109 4214 autem
2142 4160 2550 4226 conﬁtentibus,
2580 4175 2804 4231 regnum
2850 4159 3107 4213 caelorum
3153 4158 3509 4237 obventururn

1929 4265 2090 4307 esse:
2125 4251 2414 4307 incuriosis
2453 4252 2581 4307 item
2623 4263 2677 4305 et
2719 4251 3098 4306 Constantium
3154 4248 3509 4304 reformidan-

1928 4342 2095 4407 tibus,
2150 4340 2285 4396 nihil
2338 4341 2454 4397 fore
2506 4342 2679 4408 boni;
2746 4340 2812 4397 iis
2868 4350 3048 4395 autem
3104 4340 3194 4409 qui
3241 4354 3511 4394 aerumnas

1929 4432 2271 4503 pertulerint,
2325 4442 2383 4486 ut
2426 4434 2604 4487 nautis
2638 4442 2759 4502 post
2805 4440 3216 4501 tempestatem,
3251 4432 3509 4499 tranquil-

1933 4525 2015 4580 lus
2073 4534 2280 4596 portus,
2334 4539 2397 4578 ac
2446 4524 2589 4579 sicut
2636 4523 2855 4578 athletis
2894 4531 3014 4593 post
3054 4530 3329 4577 certamen
3357 4561 3373 4587 ,
3421 4539 3507 4575 ro-

1933 4632 2063 4672 roua
2100 4618 2298 4681 datur;
2328 4617 2397 4671 ita
2422 4626 2476 4672 et
2498 4616 2606 4671 illis
2636 4630 2888 4685 magnum
2916 4624 3288 4683 a-ternumque
3317 4614 3369 4667 in
3399 4627 3505 4668 cat-

1933 4706 1998 4760 lis
2044 4706 2160 4760 fore
2212 4705 2465 4776 gaudium
2514 4704 2893 4773 laetitiamque,
2939 4702 3152 4773 qualem
3182 4703 3376 4772 Joseph
3415 4702 3504 4755 ha-

1931 4796 2046 4852 buit
2091 4806 2212 4868 post
2261 4796 2380 4850 illas
2429 4795 2816 4850 calamitates:
2858 4794 3069 4863 qualem
3125 4809 3350 4863 magnus
3402 4792 3503 4846 Da-

1930 4890 2037 4945 niel
2092 4898 2212 4959 post
2270 4887 2619 4951 tentationes,
2673 4887 2977 4957 multasque
3027 4885 3320 4941 aulicorum
3377 4886 3506 4940 insi-

1930 4982 2048 5036 dias
2077 4979 2340 5051 :-qualem
2392 4993 2537 5034 nunc
2572 4978 2771 5034 Paulus
2812 4979 2974 5033 habet
3015 4993 3045 5031 a
3088 4976 3369 5033 Salvatore
3415 4994 3507 5031 ιτο⁴

1930 5080 2152 5127 renatus
2187 5088 2200 5125 :
2234 5074 2455 5127 uualem
2502 5079 2880 5142 exspectantes
2918 5084 3111 5125 omnes
3158 5057 3355 5138 ubique
3407 5083 3505 5137 po-

1930 5161 2040 5231 puli
2105 5160 2238 5223 Dei.
2300 5161 2414 5215 lucc
2470 5176 2592 5217 cum
2643 5161 2889 5216 viderent
2948 5160 3129 5215 animo
3181 5159 3333 5213 fracti
3399 5173 3502 5210 non

1929 5262 2089 5317 sunt,
2140 5256 2269 5324 quin
2322 5254 2501 5324 potius
2551 5255 2603 5309 iu
2656 5254 2760 5309 [ide
2811 5254 3084 5313 roborati,
3141 5266 3291 5305 suam
3335 5251 3504 5317 magis

1926 5361 2132 5401 auxere
2201 5345 2563 5402 alacritatem.
2637 5344 2983 5413 Depreheusa
3040 5340 3235 5409 quippe
3291 5338 3476 5393 hmreti

1996 5658 2110 5727 (92)
2142 5659 2271 5726 Reg.
2300 5656 2493 5727 μάλλα.
2514 5653 2673 5727 ρωὶι.
2706 5652 2847 5723 μάλα
2872 5649 3249 5722 γινώσκουσιν.

1994 5722 2106 5798 (95)
2140 5722 2239 5779 ‘Er.
2262 5722 2413 5781 decet
2442 5726 2491 5778 iu
2518 5722 2651 5793 Reg.
