3980 6560
287 453 388 509 793

1206 451 1527 510 HISTORIA
1591 453 2012 512 ARMNORUM
2077 454 2168 508 an
2210 439 2633 513 nonanus;

3444 457 3546 516 794

286 567 542 639 αὐτῷ,ὼς
581 564 704 619 οὐτε
739 564 968 628 θορύϐου
1015 567 1464 637 γενομένου,οὐτε
1496 568 1637 631 τινος
1659 568 1852 622 ἀποθα-

1973 567 2221 633 mnltum,
2257 570 2461 622 uultum
2493 567 2730 623 occisum
2765 569 2934 626 fuisse
2970 590 2983 625 :
3025 571 3170 641 quod
3199 586 3332 627 eane
3399 574 3543 628 baud

286 659 490 720 νόν-τος·
525 657 748 726 ἔλεγχος
767 655 826 709 δὲ
862 648 1018 720 οὗτος
1057 657 1156 709 οὐκ
1192 657 1369 726 ὀλίγος
1415 658 1491 728 μὴ
1539 659 1862 730 γεγενῆσθαι

192 744 225 822 ς
283 748 454 801 ταῦτα
485 747 626 801 κατὰ
669 746 895 816 γνώμην
946 746 1040 799 τοῦ
1079 744 1627 818 έηφιλανθρωποτάτου
1657 747 1864 816 Αὐγού-

287 857 411 895 στου
439 839 838 894 Κωνσταντίου.
863 839 976 892 Οὐκ
996 840 1060 893 ἂν
1081 839 1188 910 γὰρ
1206 838 1444 910 ἐφοϐήθη
1465 839 1557 892 ἐπὶ
1582 842 1694 902 τοῖς
1725 839 1865 893 οὕτω

283 933 614 1003 γενομένοις,
677 933 724 984 si
778 934 842 985 ἐκ
885 931 1231 1003 προστάξεως
1285 930 1459 983 ταῦτα
1513 933 1859 1004 ἐπεποιήκει.

285 1025 394 1080 Καὶ
459 1025 568 1098 γὰρ
615 1027 709 1080 καὶ
747 1024 1083 1087 ἀπελθόντας
1148 1025 1296 1094 ἡμᾶς
1346 1024 1481 1094 πρὸς
1520 1025 1705 1091 αὐτὸν,
1759 1025 1854 1078 καὶ

283 1117 570 1182 ἀξιοῦντας
621 1117 810 1188 μηδενὶ
877 1115 996 1186 βίαν
1050 1118 1244 1179 ποιεῖν,
1298 1115 1432 1187 μηδὲ
1489 1115 1765 1187 ἀρνεῖσθαι
1793 1116 1862 1170 τὰ

281 1210 568 1280 γενόμενα,
603 1209 882 1272 ἐκέλευσε,
911 1209 1274 1278 Χριστιανοὺς
1301 1209 1452 1278 ἡμᾶς
1480 1207 1660 1271 ὄντας,
1689 1224 1861 1261 κατα-

281 1301 517 1372 κοπῆναι
550 1299 803 1372 ῥοπάλοις
823 1317 835 1328 ·
878 1299 1092 1362 δεικνὺς
1125 1299 1221 1352 καὶ
1255 1301 1318 1352 ἐκ
1348 1299 1551 1352 τούτων
1582 1301 1674 1353 τὸν
1704 1301 1859 1369 γενόο

285 1409 442 1463 μενον
491 1391 684 1455 νυκτὸς
735 1390 967 1460 πόλεμον
1017 1391 1159 1444 κατὰ
1221 1391 1318 1462 τῆς
1359 1390 1700 1460 Ἐκκλησίας.
1763 1391 1860 1444 Διά

279 1485 438 1539 τοῦτο
465 1485 561 1538 καὶ
588 1484 682 1537 νῦν
712 1483 884 1536 ταῦτα
922 1481 1431 1554 ὃιαμαρτυρόμεθα,
1464 1482 1566 1553 ἤδη
1601 1483 1695 1536 καὶ
1731 1482 1860 1552 μελ-

279 1580 478 1633 λόντων
511 1579 668 1632 τινῶν
703 1579 760 1644 ἐξ
791 1578 948 1649 ἡμῶν
977 1578 1278 1648 ἀποδημεῖν
1323 1578 1473 1648 παρὰ
1511 1577 1599 1631 τον
1648 1578 1859 1632 εὐσεϐέ-

281 1689 471 1725 στατον
505 1670 827 1739 Αὐγούστου.
873 1667 1197 1743 Ὀρκίζομεν
1239 1671 1294 1723 δὲ
1338 1670 1481 1724 κατὰ
1524 1671 1618 1724 τοῦ
1658 1688 1856 1725 παντο-

279 1762 545 1835 κράτορος
591 1760 724 1813 Θεοῦ
767 1761 910 1832 ὐπέρ
934 1761 1037 1830 τῆς
1086 1760 1363 1831 σωτηρίας
1401 1760 1495 1813 τοῦ
1534 1761 1855 1815 εὐσεϐεστάο

275 1868 370 1905 του
423 1849 735 1920 Αὐγούστου
777 1850 1179 1913 Κωνσταντίου,
1214 1851 1304 1903 τόν
1347 1867 1408 1903 τε
1466 1849 1705 1921 ἔπαρχον
1755 1851 1854 1922 τῆς

276 1941 554 2009 Αἰγύπτου
586 1941 838 2011 Μάξιμον
871 1941 965 1994 καὶ
1013 1941 1137 2004 τοὺς
1175 1941 1507 2011 κουριώσους
1545 1942 1855 2010 ἀνενεγκεῖν

277 2033 457 2086 πάντα
507 2033 599 2085 ἐπὶ
642 2033 741 2104 τὴν
791 2031 1074 2084 εὐσέϐειαν
1134 2030 1227 2083 τοῦ
1279 2029 1729 2099 Αὑγούστου,καὶ
1757 2032 1855 2104 τὴν

275 2121 526 2186 ἐξουσίαν
553 2120 662 2174 τῶν
693 2119 1092 2191 λαμπροτάτων
1132 2119 1408 2188 ἐπάρχων.
1454 2119 1775 2190 Ὁρκίζομεν
1798 2121 1855 2174 δὲ

289 2214 380 2267 καὶ
397 2213 524 2275 τούς
538 2212 873 2282 ναυκλήρους
889 2211 1096 2272 πάντας
1115 2207 1350 2278 κηρύξαι
1369 2209 1540 2264 ταῦτα
1556 2207 1853 2281 πανταχοῦ,

276 2303 368 2355 καὶ
392 2305 471 2365 εἰς
487 2301 656 2364 ἀκοὰς
676 2299 768 2354 τοῦ
785 2299 1174 2353 εὐσεϐεστάτου
1193 2297 1499 2366 Αὐγούστου
1523 2302 1854 2369 ἀνενεγκεῖν,

273 2392 367 2445 καὶ
389 2393 468 2454 είς
489 2392 616 2454 τοὺς
638 2391 934 2461 ἐπάρχους,
956 2390 1050 2442 καὶ
1075 2392 1154 2452 είς
1195 2390 1321 2452 τοὺς
1350 2390 1490 2443 κατὰ
1512 2389 1675 2444 τύπον
1707 2391 1858 2445 δικα--

275 2485 424 2547 στάς·
446 2484 531 2536 ἵνα
546 2483 761 2554 γνωσθῇ
777 2486 803 2536 ὁ
815 2484 1101 2552 γενόμενος
1117 2482 1346 2551 πόλεμος
1359 2483 1498 2535 κατὰ
1517 2483 1614 2553 τῆς
1631 2483 1856 2554 Ἐκκλη-

278 2577 421 2638 σίας,
453 2575 552 2626 καὶ
584 2574 665 2626 ὅτι
697 2575 753 2626 ἐν
778 2577 990 2645 καιροῖς
1016 2573 1110 2625 τοῦ
1138 2572 1447 2640 Αὐγούστου
1477 2574 1856 2627 Κωνσταντίου

272 2667 497 2738 ἐποίησε
533 2666 796 2736 Συριανδς
826 2663 1078 2735 γενέσθαι
1124 2664 1406 2736 μάρτυρας
1453 2663 1756 2735 παρθένους
1797 2681 1856 2718 τε

272 2765 364 2818 καὶ
415 2766 607 2829 ἄλλους
651 2764 877 2829 πολλούς
903 2766 997 2834 (9.).
1049 2765 1499 2836 Ἑπιφωσκυύσης
1520 2763 1628 2833 γὰρ
1657 2764 1720 2831 τῇ
1752 2760 1858 2831 πρὸ

272 2855 433 2909 πέντε
460 2855 617 2909 εἱδῶν
642 2855 1080 2927 Φευϐρουαρίων,
1099 2855 1343 2908 τουτέστι
1367 2856 1464 2925 τῆς
1484 2854 1540 2906 ιδ’
1564 2851 1656 2906 τοῦ
1677 2851 1854 2920 Μεχὶρ

275 2947 463 3018 μηνὸς,
489 2948 909 3018 ἁγρυπνούντων
934 2949 966 3018 ἡ
976 2946 1090 3017 μῶν
1120 2949 1178 2999 ἐν
1206 2947 1283 3017 τῷ
1303 2945 1588 3018 Κυριακῷ,
1618 2944 1712 2996 καὶ
1739 2944 1858 3004 ταῖς

269 3040 453 3108 εὐχαῖς
501 3038 868 3109 σχολαζόντων
925 3037 1168 3108 (σύναξις
1195 3039 1305 3110 γὰρ
1339 3036 1529 3107 ἔμελλε
1566 3038 1630 3105 τῇ
1679 3048 1858 3102 napa-

270 3131 438 3199 σκευῇ
467 3128 710 3196 γίνεσθαι
732 3132 772 3198 ),
804 3129 1062 3199 ἐξαίφνης
1089 3131 1215 3200 περὶ
1236 3129 1296 3181 τὸ
1330 3126 1679 3198 μεσονύκτιον
1700 3123 1858 3195 ἐπῆλ-

268 3218 359 3271 θεν
399 3222 532 3290 ἡμῖν
565 3236 624 3273 τε
659 3222 749 3273 καὶ
781 3223 845 3290 τῇ
887 3219 1168 3290 ἐκκλησίᾳ
1215 3221 1243 3272 ὁ
1297 3219 1682 3289 λαμπρότατος
1731 3213 1856 3277 δοὺξ

268 3311 532 3382 Συριανδς
571 3311 708 3382 μετὰ
741 3312 951 3367 πολλῶν
992 3311 1272 3380 λεγεώνων
1309 3310 1676 3384 στρατιωτῶν,
1706 3309 1855 3378 ἐχόν·

267 3421 374 3456 των
406 3401 567 3468 ὅπλα,
599 3404 693 3455 καὶ
724 3404 854 3474 ξίφη
885 3405 1090 3475 γυμνὰ,
1128 3406 1222 3458 καὶ
1239 3404 1391 3475 βέλη,
1421 3405 1514 3456 καὶ
1533 3403 1668 3457 ἄλλα
1697 3399 1854 3454 πολεη

272 3494 406 3565 μικὰ
438 3493 630 3565 σκεύη,
661 3496 753 3548 καὶ
797 3495 896 3558 τὰς
937 3496 1375 3566 περικεφαλαίας
1408 3496 1502 3548 ἐπὶ
1546 3494 1652 3546 τῶν
1680 3508 1846 3560 κειρα-

266 3586 374 3639 λῶν
425 3589 536 3641 Καὶ
571 3587 787 3658 ἀληθῶς
812 3589 1122 3658 εὐχομένων
1169 3588 1326 3658 ἡμῶν
1373 3589 1465 3641 καὶ
1495 3581 1854 3654 ἀναγνώσεως

266 3679 580 3749 γινομένης,
612 3679 706 3742 τὰς
760 3681 854 3749 μὲν
907 3680 1078 3750 θύρας
1124 3680 1425 3746 κατέαξανο
1462 3681 1536 3743 ὡς
1570 3681 1627 3733 δὲ
1661 3689 1726 3757 τῇ
1766 3685 1855 3757 βίᾳ

265 3770 360 3824 τοῦ
415 3772 654 3842 πλήθους
702 3773 1042 3844 ἠνεῴγεισαν
1091 3773 1146 3827 αἱ
1211 3771 1390 3844 θύραι,
1435 3775 1724 3828 ἐκέλευσεο
1759 3777 1852 3829 καὶ⁵

265 3863 313 3913 οἱ
345 3862 445 3931 μὲν
477 3862 742 3929 ἐτόξευον,
774 3866 822 3916 οἱ
843 3865 900 3917 δὲ
922 3863 1214 3935 ἠλάλαζον,
1242 3867 1336 3920 καὶ
1367 3863 1577 3930 κτύπος
1607 3869 1853 3937 ἐγίγνετο

263 3953 371 4006 τῶν
402 3955 604 4017 ὅπλων,
634 3957 727 4008 καὶ
764 3957 830 4009 τὰ
857 3954 985 4028 ξίφη
1010 3958 1353 4029 ἀντέλαμπον
1389 3959 1466 4031 τῷ
1521 3961 1585 4013 ἐκ
1620 3961 1727 4014 τῶν
1757 3960 1846 4014 λύ-

260 4061 404 4114 χνων
428 4045 589 4115 φωτί.
621 4047 731 4099 Καὶ
775 4047 962 4101 λοιπὸν
997 4051 1064 4102 τὰ
1099 4053 1160 4103 ἐκ
1199 4051 1424 4113 τούτων,
1460 4052 1718 4122 παρθένοι
1753 4053 1850 4106 ἀν-

260 4135 514 4207 ῃροῦντο,
567 4139 662 4191 καὶ
691 4139 876 4192 πολλοὶ
904 4143 1328 4205 κατεπατοῦντο,
1380 4144 1473 4197 καὶ
1520 4144 1849 4196 συνέπιπτον

260 4228 532 4298 ἀλλήλοις,
566 4231 954 4303 ἐπερχομένων
1001 4235 1106 4287 τῶν
1143 4235 1510 4306 στρατιωτῶν,
1537 4237 1627 4287 καὶ
1658 4234 1849 4306 ἄνδρες

258 4318 605 4389 τοξευόμενοι
649 4321 1008 4378 ἐθανατοῧντο
1032 4344 1043 4358 ’
1081 4327 1212 4380 ἔνιοι
1253 4327 1309 4380 δὲ
1353 4328 1458 4380 τῶν
1502 4329 1849 4399 στρατιωτῶν

257 4411 351 4462 καὶ
419 4410 512 4463 ἐπὶ
581 4410 643 4462 τὸ
718 4411 1040 4487 διαρπάζειν
1096 4419 1430 4489 ἐτρέποντο,
1491 4421 1586 4472 καὶ
1635 4419 1850 4490 γυμνὰς

255 4499 420 4553 ἴστων
457 4503 534 4572 (5)
573 4506 672 4569 τὰς
725 4508 1051 4577 παρθένους,
1112 4508 1274 4562 ὁπότε
1328 4508 1493 4578 φόϐος
1539 4505 1608 4581 ἦν
1661 4510 1851 4572 αὐταῖς

1969 657 2085 712 leve
2113 670 2487 730 argumentum
2511 668 2596 714 est
2628 661 2742 714 lucc
2772 672 2968 730 praeter
2994 665 3324 718 sententiam
3353 664 3544 734 burna.

1969 749 2178 803 nissimi
2206 751 2434 820 Augusti
2471 750 2776 806 Constantii
2832 754 3066 809 admissa
3105 754 3290 809 fuisse.
3325 754 3545 825 Nequa-

1967 855 2128 907 quam
2156 841 2300 896 enim
2335 844 2403 896 ob
2442 842 2568 896 talia
2611 851 2762 911 gesta
2799 854 3086 912 metueret,
3126 847 3172 900 si
3212 845 3396 912 jussus
3453 847 3543 900 illa

1965 930 2183 999 egisset.
2223 931 2462 1000 Namque
2497 933 2584 986 ille
2620 948 2716 989 nos
2775 949 2834 989 se
2889 937 3150 991 adeuntes
3188 947 3547 1006 rogantesque

1967 1020 2094 1072 nulli
2127 1031 2182 1074 ut
2203 1022 2310 1075 vim
2341 1023 2585 1086 inferret,
2615 1040 2752 1080 neve
2779 1035 2925 1095 gesta
2967 1035 3206 1096 negaret,
3230 1027 3391 1094 jussit
3426 1043 3542 1090 nos,

1965 1110 2092 1165 licet
2115 1112 2474 1180 Christianos,
2516 1117 2726 1171 concidi
2774 1117 3013 1173 fustibus
3041 1135 3057 1172 :
3093 1135 3154 1173 ea
3180 1135 3236 1173 re
3261 1119 3545 1174 declarans

1963 1215 2292 1256 nocturnum
2324 1205 2519 1260 bellum
2562 1216 2750 1261 contra
2792 1209 3086 1263 Ecclesium
3117 1219 3326 1279 gestum
3353 1210 3543 1265 fuisse.

1964 1295 2308 1366 Quapropter
2357 1298 2470 1353 [nec
2496 1299 2608 1367 jam
2659 1302 2853 1356 iterum
2896 1311 3283 1370 contestamur,
3315 1305 3544 1372 quibus-

1963 1391 2086 1443 dam
2149 1404 2213 1444 ex
2275 1392 2432 1445 nobis
2481 1394 2548 1446 ad
2585 1393 2882 1462 piissimum
2929 1395 3230 1464 Aug—ustum
3271 1395 3543 1462 proficisci

1957 1483 2068 1550 jam
2101 1481 2440 1548 parantibus.
2459 1483 2787 1548 Adjnramus
2803 1493 2978 1538 autem
3007 1499 3100 1552 per
3120 1485 3544 1553 omnipotentem

1963 1570 2132 1626 Deum
2163 1587 2259 1638 pro
2295 1573 2468 1628 salute
2497 1572 2724 1641 piissimi
2763 1574 2994 1644 Augusti
3031 1575 3360 1640 Constantii,
3412 1590 3546 1644 prae.

1960 1665 2160 1718 fectum
2205 1663 2428 1734 ngypti
2487 1665 2804 1730 Maximum,
2852 1676 2908 1719 et
2954 1668 3220 1730 curiosos,
3266 1679 3320 1721 ut
3359 1668 3540 1724 omnia

1959 1757 2186 1826 Augusti
2211 1757 2392 1826 pietati
2430 1757 2948 1812 etclarissitnorum
2989 1760 3364 1828 prchectorum
3394 1773 3543 1832 pote-

1959 1848 2085 1902 stati
2121 1847 2375 1903 referant.
2403 1849 2728 1916 Adjttramtts
2757 1850 2883 1903 item
2917 1851 3202 1907 nauclerus
3243 1868 3451 1918 omnes,
3485 1863 3543 1909 ttt

1890 1914 1929 1969 Β
1963 1941 2075 1993 haec
2109 1939 2307 2008 ubique
2345 1914 2679 2004 renuntient,
2701 1949 2757 1993 et
2781 1943 2848 1994 ad
2874 1955 3035 1995 aures
3064 1943 3292 2009 piissimi
3318 1914 3542 2013 Augusti

1961 2031 2218 2095 referant,
2246 2031 2313 2086 ad
2340 2031 2624 2102 praefectos
2641 2033 2804 2086 etiam
2829 2040 2882 2085 et
2909 2033 2973 2085 ad
3006 2049 3197 2088 omnes
3215 2050 3312 2104 per
3337 2036 3544 2107 singula

1960 2121 2075 2176 loca
2124 2123 2336 2192 jndices
2359 2163 2372 2188 ,
2405 2133 2463 2178 ιιι
2499 2124 2696 2178 bellum
2741 2124 3005 2180 adversus
3030 2125 3299 2182 Ecclesias
3333 2139 3542 2198 gestum

1959 2225 2292 2285 Compertum
2324 2216 2413 2282 sit,
2468 2230 2734 2285 nemoque
2779 2217 3011 2287 ignoret,
3072 2221 3406 2287 temporibus
3433 2221 3544 2275 Ana

1959 2307 2099 2374 gusti
2123 2303 2450 2372 Constantii,
2473 2307 2786 2378 Syriauum,
2815 2309 3051 2380 virgines
3073 2311 3317 2380 aliosque
3346 2312 3543 2369 multus

1958 2398 2203 2455 effecisse
2231 2410 2519 2472 martyres.
2566 2399 2918 2455 lllucesrente
2956 2417 3188 2472 namque
3213 2405 3398 2472 quinto
3419 2405 3542 2460 ldus

1961 2489 2238 2545 Februarii
2267 2492 2377 2554 die,
2420 2493 2472 2547 id
2497 2501 2581 2547 est
2628 2493 2839 2547 decimo
2858 2503 3053 2560 quarto
3081 2496 3284 2550 mensis
3315 2496 3538 2563 Mecltir,

1960 2577 2115 2631 nobis
2145 2579 2198 2631 in
2233 2578 2466 2647 Cyriaco
2517 2581 2730 2650 vigilias
2760 2584 3064 2653 agentibus,
3101 2594 3155 2638 et
3184 2586 3418 2641 orationi
3447 2598 3542 2641 va-

1959 2667 2211 2722 cantibus
2236 2669 2478 2740 (synaxis
2506 2671 2650 2725 enim
2695 2673 2780 2727 die
2812 2686 3134 2744 parasceves
3164 2671 3343 2730 futura
3377 2677 3540 2746 erat),

1959 2760 2103 2811 circa
2150 2761 2376 2813 mediam
2410 2772 2624 2817 noctem
2662 2764 2952 2831 derepente
2973 2765 3026 2819 in
3057 2780 3157 2821 nos
3186 2767 3324 2821 etin
3363 2767 3542 2822 eccle-

1959 2849 2094 2901 siam
2127 2847 2326 2918 irrupit
2355 2851 2812 2920 prmclarissimus
2839 2855 2945 2908 dux
2975 2854 3381 2925 Syrianuscum
3407 2857 3546 2910 mul-

1962 2940 2030 2992 tis
2069 2939 2370 3010 legionibus
2413 2933 2670 3010 militum,
2701 2945 2889 3008 armis,
2926 2945 3136 3000 strictis
3171 2947 3390 3016 gladiis,
3422 2949 3544 3003 tells

1959 3032 2232 3101 galeisque
2285 3034 2698 3088 instructorum.
2770 3035 2934 3089 Nobis
2999 3046 3178 3090 autem
3239 3039 3539 3104 orantibus,

1961 3133 2288 3193 peractaque
2310 3125 2560 3190 lectione,
2585 3125 2780 3194 januas
2813 3125 2883 3179 illi
2904 3126 3244 3195 con‘fregere.
3274 3127 3540 3183 Foribus—

1883 3252 1924 3310 Ο
1961 3229 2064 3285 que
2093 3216 2142 3268 vi
2185 3215 2547 3289 multitudinis
2589 3215 2901 3286 patefactis,
2934 3217 3220 3286 ejusjussu
3248 3217 3338 3272 alii
3371 3222 3540 3289 sagit-

1965 3316 2048 3361 tas
2073 3308 2469 3370 emittere,-alii
2508 3307 2760 3362 bellicum
2804 3308 3066 3375 clamare,
3100 3309 3224 3363 hinc
3263 3325 3540 3366 armorum

1960 3400 2226 3470 strepitus
2257 3399 2535 3463 insonare,
2565 3413 2721 3453 enses
2764 3398 2828 3453 ad
2870 3401 3176 3468 lampadum
3197 3400 3540 3470 splendorem

1952 3497 2217 3568 emicare.
2247 3493 2376 3548 Post
2407 3497 2520 3548 haec
2548 3494 2782 3563 virgines
2813 3495 3029 3561 occisae,
3059 3494 3214 3548 multi
3238 3495 3540 3549 conculcati

1961 3586 2268 3651 confertim,
2305 3586 2730 3654 irrumpentibus
2790 3586 3074 3650 militibus,
3133 3602 3407 3650 corruere,
3437 3586 3540 3640 viri

1962 3678 2171 3748 sagittis
2222 3677 2460 3732 confossi
2495 3677 2734 3730 cadere:
2769 3675 3009 3730 nonnulli
3053 3691 3119 3731 ex
3159 3677 3418 3732 militibus
3474 3680 3542 3732 ad
3593 3693 3596 3698 ·

1962 3770 2194 3840 praedam
2213 3769 2379 3832 versi,
2403 3769 2637 3838 virgines
2663 3769 2952 3833 nudarunt,
2975 3769 3172 3837 quibus
3190 3768 3270 3822 vel
3289 3768 3542 3822 minimus

1961 3862 2187 3916 aliorum
2217 3869 2504 3916 contactus
2558 3861 2672 3930 ipsa
2711 3868 2887 3915 morte
2919 3862 3170 3916 acerbior
3191 3869 3330 3914 erat.
3374 3859 3543 3913 Porro

1961 3955 2250 4023 episcopus
2277 3954 2330 4006 in
2365 3953 2559 4006 throno
2595 3960 2720 4006 tunc
2751 3953 2969 4017 sedens,
3007 3967 3195 4007 omnes
3220 3951 3542 4007 cohortaba-

1963 4057 2049 4098 tur
2081 4049 2146 4097 ad
2186 4045 2470 4098 orandum.
2518 4044 2636 4098 Dux
2671 4051 2851 4098 autem
2899 4058 3091 4113 agmen
3120 4045 3314 4112 agebat
3347 4044 3546 4097 comite

1962 4136 2062 4188 sibi
2097 4134 2302 4186 Hilario
2327 4133 2561 4198 notario,
2599 4136 2691 4202 qui
2737 4135 2824 4186 illa
2854 4134 3271 4188 macltiuabatur
3301 4149 3420 4200 qua:
3455 4148 3544 4187 re-

1963 4241 2079 4278 rum
2109 4226 2289 4278 exitus
2325 4225 2640 4279 declaravit.
2686 4225 2984 4291 Episcopus
3009 4238 3240 4292 namque
3278 4233 3543 4292 raptatus.

1961 4325 2170 4370 tantum
2204 4329 2309 4368 non
2343 4315 2650 4383 discerptus
2675 4325 2776 4368 est.
2808 4315 2865 4368 ln
2890 4330 3138 4386 magnum
3171 4317 3356 4384 itaque
3380 4318 3542 4370 animi

1961 4407 2261 4474 deliquium
2320 4405 2526 4468 lapsus,
2586 4419 2649 4459 ac
2709 4406 2822 4459 fere
2882 4406 3206 4468 exstinctus,
3269 4406 3547 4459 nescimus

1961 4514 2220 4567 quorsum
2281 4513 2340 4552 se
2376 4498 2589 4550 illorum
2626 4496 2802 4550 oculis
2839 4495 3205 4551 subduxerit:
3239 4511 3364 4550 nam
3426 4511 3549 4550 eum

256 4592 459 4661 μείζων
502 4595 595 4648 τοῦ
647 4596 904 4662 θανάτου,
941 4601 1001 4653 τὸ
1050 4599 1152 4653 κᾶν
1210 4602 1356 4666 ὅλως
1398 4602 1666 4657 ἅπτεσθαί
1699 4619 1852 4665 τινας

1961 4586 2276 4644 interﬁcere
2332 4588 2634 4641 tentabant.
2687 4586 2894 4641 Deinde
2929 4585 3022 4640 ubi
3051 4601 3222 4641 caesos
3252 4586 3551 4654 permultos

251 4684 449 4738 αὐτῶν.
485 4686 594 4740 Καὶ
619 4689 646 4738 ὁ
684 4689 780 4757 μὲν
811 4691 1116 4755 ἐπίσκοπος
1159 4692 1395 4763 ἐκάθητο
1453 4693 1545 4746 ἐπὶ
1581 4693 1674 4746 τοῦ
1727 4692 1852 4762 θρό-·

249 4791 360 4839 νου,
399 4775 720 4848 προτρέπων
760 4784 975 4846 πάντας
1006 4780 1290 4852 εὐχέσθαιο
1323 4786 1352 4836 ὁ
1384 4784 1438 4837 δέ
1467 4783 1592 4848 δοῦξ
1618 4785 1851 4853 ἐστρατο

248 4865 394 4937 ήγει,
433 4866 573 4937 ἔχων
623 4866 738 4938 μεθ’
786 4872 988 4926 ἑαυτοῦ
1041 4872 1116 4942 (4)
1152 4874 1246 4925 καὶ
1293 4872 1520 4946 Ίλάριον
1553 4875 1642 4927 τὸν
1693 4875 1851 4934 νοτὰ-τ

251 4975 385 5028 ριον,
418 4957 749 5032 ἐνεργοῦντα
777 4960 1029 5023 τοιαῦτα,
1055 4957 1143 5016 οἷα
1181 4962 1276 5015 καὶ
1321 4964 1385 5016 τὸ
1424 4963 1580 5026 τέλος
1625 4964 1842 5029 ἔδειξεν.

261 5047 320 5101 ὐ
358 5049 458 5118 μὲν
495 5047 607 5118 γὰρ
637 5049 956 5113 ἐπίσκοπος,
992 5037 1309 5122 ἑλκόμενος,
1359 5053 1488 5124 παρ’
1539 5053 1720 5121 ὀλίγον
1767 5054 1848 5106 δι-

249 5134 521 5206 εσπάσθη.
562 5136 905 5206 Παραλυθε“ις
925 5137 1054 5206 γοῦν
1093 5143 1365 5210 μεγάλως,
1403 5143 1493 5194 καὶ
1532 5142 1610 5205 ὡς
1653 5143 1849 5214 νεκρὸς

250 5229 564 5299 γενόμενος,
619 5230 722 5282 οὐκ
767 5231 984 5300 οἴδαμεν
1033 5232 1136 5284 ποῦ
1180 5234 1402 5300 γέγονεν
1455 5233 1666 5305 ἀφανὴς
1718 5238 1850 5306 παρ’

248 5319 430 5375 αὐτῶν
452 5335 464 5348 ·
497 5317 818 5372 ἀποκτεῖναι
845 5317 952 5389 γὰρ
982 5319 1145 5374 αὐτὸν
1190 5319 1540 5383 ἐσπούδαζον.
1576 5321 1638 5372 Οἱ
1665 5320 1740 5382 se,
1773 5321 1847 5382 ὡς

345 5538 403 5610 2)
436 5538 530 5610 sic
568 5539 702 5608 Reg.
751 5541 914 5594 Basil.
947 5551 999 5596 et
1027 5541 1208 5597 Felck.
1236 5541 1290 5593 7.
1333 5539 1390 5593 in
1419 5541 1580 5595 editis
1611 5544 1842 5610 πολλούς

253 5609 430 5684 deest.
449 5609 604 5674 Quod
645 5613 1118 5684 seqttitur_atttettt,
1162 5611 1272 5684 npo
1298 5611 1450 5684 πέντε
1495 5612 1652 5684 εἰδῶν
1685 5609 1840 5684 (Reg.

255 5678 402 5751 i§t‘ov)
427 5681 834 5751 φευρουαρίων,
867 5677 1113 5734 Nannius
1143 5677 1323 5743 vertit,
1359 5683 1540 5751 quium
1568 5677 1837 5738 Kalendas

252 5747 609 5814 Februarias,
635 5747 727 5803 sed
746 5763 1060 5818 perperam;
1101 5768 1244 5815 nam,
1278 5747 1413 5805 teste
1455 5749 1834 5817 Felckmanno,

256 5819 309 5872 in
365 5818 576 5872 Graecis
630 5817 942 5881 codicibus,
989 5820 1184 5888 quibus
1244 5836 1374 5873 usus
1434 5817 1682 5875 Nannius
1732 5833 1834 5885 est,

254 5888 447 5944 eadem
478 5903 600 5959 qua:
637 5905 799 5959 supra
819 5889 996 5945 ’lectio
1038 5891 1286 5955 habetur,
1337 5899 1395 5944 ut
1431 5889 1682 5945 similiter
1709 5907 1839 5960 pau-

1961 4693 2322 4750 conspexere,
2344 4677 2605 4732 militibus
2629 4677 2914 4743 jusserunt
2943 4685 2998 4730 ut
3025 4676 3401 4732 defunctorum
3429 4690 3550 4729 cor-

1959 4787 2091 4841 pora
2127 4770 2485 4825 amolirentur
2507 4771 2977 4840 occultarentque.
3001 4766 3371 4825 Sanctissimae
3392 4783 3553 4839 porro

1961 4863 2198 4933 virgines
2235 4875 2355 4931 qua:
2394 4871 2622 4916 mortuae
2649 4861 2851 4916 relicta:
2879 4860 3042 4932 312
3079 4860 3314 4926 fuerant,
3352 4860 3402 4915 in
3439 4876 3555 4917 mo-

1959 4952 2233 5007 numentis
2265 4950 2486 5020 sepulta:
2516 4961 2660 5015 sunt,
2680 4966 2799 5006 eam
2818 4951 3046 5021 gloriam
3073 4952 3303 5024 adepta},
3333 4961 3390 5007 ut
3421 4952 3550 5022 ipsis

1959 5043 2184 5114 piissimi
2237 5041 2546 5096 Constantii
2609 5045 2944 5110 temporibus
2999 5055 3272 5116 martyres
3321 5043 3542 5100 fuerint.

1959 5130 2181 5187 Diaconi
2227 5142 2408 5186 autem
2447 5132 2499 5187 in
2535 5134 2654 5204 ipso
2703 5133 2934 5205 Cyriaco
2989 5136 3159 5206 plagis
3201 5138 3426 5198 concisi,
3479 5151 3544 5190 ac

1959 5225 2208 5280 conclusi
2239 5238 2390 5280 sunt.
2426 5225 2612 5295 Neque
2641 5235 2820 5282 tamen
2854 5230 2942 5283 hic
2973 5229 3212 5284 constitit
3241 5242 3430 5281 eorum
3461 5227 3542 5280 fa-

1958 5316 2114 5372 cinus
2144 5336 2157 5371 :
2181 5332 2304 5370 nam
2337 5325 2456 5386 post
2480 5329 2544 5372 ea
2571 5327 2722 5389 gesta
2741 5319 2918 5388 quivis
2940 5318 3203 5372 arbitratu
3234 5331 3354 5382 suo,
3378 5332 3540 5386 quant

1951 5547 2002 5600 lo
2034 5547 2195 5602 infra.
2245 5549 2378 5604 ibid.
2415 5548 2546 5615 Reg.
2581 5553 2634 5598 et
2671 5542 2831 5597 Basil.
2874 5541 3058 5615 μεχίρο
3095 5540 3227 5597 editi
3264 5556 3540 5615 νθζοημε-

1949 5619 2076 5689 χήρ.
2109 5618 2326 5689 Syriaui
2363 5611 2590 5684 irruptio
2644 5611 3116 5678 enarraturd'tem
3167 5627 3291 5682 pag.
3335 5611 3453 5666 246’
3486 5621 3540 5666 et

1949 5687 2077 5752 pag.
2118 5687 2242 5741 964.

2021 5757 2097 5823 (5)
2134 5756 2226 5810 Sic
2248 5754 2380 5823 Reg.
2420 5763 2473 5807 et
2489 5751 2658 5823 .Rasil.
2688 5749 2849 5823 Editi,
2880 5749 3073 5804 ἔστων.

2043 5759 2097 5823 5)
2134 5757 2226 5810 Sic
2248 5757 2380 5823 Reg.
2420 5763 2473 5807 et
2489 5757 2656 5810 .Basil.
2688 5757 2780 5803 Edi

2021 5757 2096 5896 ξι)
2138 5825 2228 5880 Sic
2257 5823 2386 5892 Reg.
2412 5823 2570 5888 Editi,
2603 5819 2790 5875 αὐτοῦ.
