3980 6502
496 413 600 468 τοι

1125 405 1182 460 S.
1224 401 1592 461 ATHANASII
1633 403 1784 461 OPP.
1824 403 2005 459 PARS
2047 403 2088 458 I.
2131 402 2502 459 HISTORICA
2546 404 2634 460 ET
2675 402 3091 460 DOGMATICA.
3658 377 3753 460 796'

496 534 681 594 posset
695 522 911 592 jannam
938 521 1329 590 c0nl‘ringebat,
1356 534 1412 579 ut
1451 525 1706 595 aperiret,
1741 540 1804 581 ac
1838 536 1960 595 qua:
1993 524 2071 578 in-

2182 520 2318 578 ιῐδον
2350 524 2576 588 πολλοὺς
2620 525 3010 588 ἀποθανόντας,
3046 523 3417 595 προσέταττον
3449 525 3565 587 τοῖς
3600 541 3743 596 στρα-

501 629 586 672 tns
631 627 786 670 erant
827 624 1262 685 perscrutaretur
1303 624 1464 685 atque
1502 616 1799 686 diriperet:
1857 616 2070 671 imo-ad

497 723 558 759 ea
593 723 760 775 usque
795 707 912 762 loca
951 719 1326 776 penetrarunt,
1359 725 1465 778 quo
1499 726 1565 764 ne
1598 709 1929 765 Christianis
1951 709 2073 778 qui—

499 801 618 852 dem
645 801 898 854 omnibus
931 801 1088 854 liceat
1117 803 1344 871 ingredi.
1375 802 1498 856 Haec
1532 803 1678 857 novit
1714 803 1828 871 ipse
1855 804 1960 856 dux
1994 803 2074 855 ci-

499 889 683 943 vitatis
735 889 1058 958 Gorgonius,
1093 892 1186 959 qui
1222 892 1329 947 illic
1351 894 1558 947 aderat.
1595 892 1756 948 Certe
1789 893 1928 946 haud
1962 893 2076 948 lere

501 977 756 1032 indicium
801 979 926 1033 illud
959 991 1040 1035 est
1073 982 1286 1036 hostilis
1325 983 1590 1050 ejusmodi
1622 984 1902 1048 incursus,
1931 985 2074 1052 quod

499 1081 670 1130 arma,
710 1067 837 1134 tela,
873 1083 1139 1137 ensesque
1173 1084 1361 1124 eorum
1406 1071 1497 1139 qui
1533 1071 1861 1139 irruperant.
1896 1071 1947 1124 in
1972 1072 2078 1141 Cy-

500 1158 650 1214 riaco
679 1161 864 1214 relicta
919 1162 1027 1215 sint
1059 1178 1073 1214 :
1111 1162 1408 1215 etiamnum
1432 1162 1575 1217 enim
1604 1162 1657 1215 in
1691 1161 1918 1216 ecclesia
1954 1176 2076 1214 sus-

500 1266 663 1320 pensa
721 1260 865 1316 sunt,
897 1261 955 1305 ut
987 1267 1052 1306 ne
1087 1253 1140 1308 id
1171 1254 1242 1308 illi
1290 1254 1500 1309 inﬁcias
1540 1255 1618 1308 ire
1651 1254 1882 1308 valeant.
1940 1251 2076 1307 Nam

498 1356 640 1408 saepe
668 1342 938 1396 exercitus
980 1341 1298 1413 Dynaminm
1336 1354 1500 1414 atque
1547 1345 1736 1397 ducem
1796 1341 1946 1396 misit
1984 1343 2074 1410 qui

497 1445 560 1484 ea
591 1431 864 1485 auferrent
900 1450 913 1486 :
941 1434 1080 1499 quod
1109 1433 1346 1488 nondum
1373 1433 1760 1495 concessimus,
1795 1433 1966 1485 donec
1992 1447 2080 1486 res

496 1525 748 1576 omnibus
775 1525 846 1578 sit
895 1525 1195 1593 explorata.
1242 1525 1297 1580 Si
1345 1527 1524 1594 itaque
1556 1525 1790 1578 edictum
1823 1523 1951 1576 illud
1984 1523 2075 1584 sit.

500 1624 556 1666 ut
587 1629 683 1668 nos
706 1617 1131 1683 persecutionem
1162 1616 1452 1684 patiamur,
1481 1616 1650 1684 parati
1686 1629 1873 1668 sumus
1890 1628 2078 1667 omnes

497 1705 564 1758 ad
597 1705 909 1775 martyrium
945 1706 1282 1758 subeundum
1319 1723 1332 1758 :
1383 1705 1465 1758 sin
1500 1705 1599 1758 lioc
1632 1704 1861 1773 Augusti
1909 1702 2079 1771 placi-

499 1806 608 1848 tum
641 1812 745 1851 non
775 1797 862 1859 sit,
895 1811 1146 1864 rogamus
1178 1795 1394 1864 {Egypti
1421 1796 1732 1863 prrcfectnm
1762 1794 2075 1857 Maximum,

2183 613 2399 678 τιώταις
2429 614 2610 683 ἀφανῆ
2639 614 2708 666 τὰ
2746 614 2972 684 σώματα
3004 614 3344 686 καταστῆσαι
3378 613 3490 666 τῶν
3518 614 3743 667 τετελευ-

2189 705 2451 774 τηκότων.
2507 705 2572 756 Ai
2620 704 2675 756 δὲ
2723 703 3162 772 καταλειφθεῖσαι
3206 705 3397 775 νεκραὶ
3458 704 3743 771 ἁγιώτατοι

2183 796 2440 866 παρθένοι
2488 797 2867 866 ἐτάφησανὲν
2904 800 3018 859 τοῖς
3052 798 3355 868 μνήμασιν,
3392 795 3612 865 ἔχουσαι
3639 797 3748 849 καύ·

2182 905 2354 958 χημα,
2387 889 2468 940 ὅτι
2523 889 2579 940 ὲν
2617 890 2728 950 τοῖς
2775 891 2986 959 καιροῖς
3028 888 3118 941 τοῦ
3175 887 3567 940 εὐσεϐεστάτου
3611 889 3748 938 Κων-

2186 981 2431 1032 σταντίου
2469 980 2724 1048 γεγόνασι
2767 981 3072 1051 μάρτυρες.
3114 980 3369 1032 Διακονοι
3419 978 3476 1032 δὲ
3525 981 3583 1030 ὲν
3619 977 3748 1047 αὐτῷ

2182 1070 2256 1140 τῷ
2282 1069 2542 1141 Κυριακῷ
2569 1070 2958 1136 κατεκόπτοντο
2985 1069 3237 1139 πληγαῖς,
3258 1070 3351 1122 καὶ
3378 1068 3746 1121 συνεκλείοντο.

2183 1163 2295 1214 Οὐκ
2327 1163 2453 1232 ἄχρι
2503 1161 2559 1213 δὲ
2602 1159 2804 1213 τούτων
2829 1159 2958 1229 ἔστη
2989 1159 3063 1228 (5)
3086 1158 3147 1212 τὸ
3174 1160 3407 1229 πρᾶγμα
3429 1175 3440 1187 ⁸
3476 1158 3610 1211 ἀλλὰ
3652 1159 3749 1230 γὰρ

2185 1252 2320 1323 μετᾶ
2352 1252 2413 1303 τὸ
2433 1251 2605 1304 ταῦτα
2634 1251 2905 1319 γενέσθαι,
2937 1254 2963 1304 6
2991 1250 3313 1320 βουλόμενος
3335 1250 3519 1303 λοιπὸν
3543 1251 3610 1320 ἢν
3639 1249 3750 1319 ἠδύο

2182 1362 2310 1397 νατο
2354 1344 2522 1414 θύραν
2562 1344 2877 1396 κατεὰσσων
2907 1345 3106 1413 ιἤνοιγε,
3146 1345 3242 1395 καὶ
3281 1341 3510 1413 ὴρεΰνα,
3544 1343 3635 1394 καὶ
3669 1342 3750 1413 ἦρ·

2183 1437 2320 1500 παζε
2347 1437 2413 1488 τὰ
2439 1436 2584 1489 ἔνδον
2602 1454 2614 1466 ο
2643 1437 2736 1488 καὶ
2765 1438 2844 1498 εἰς
2878 1434 3150 1498 τοιούτους
3193 1435 3392 1496 τόπους
3426 1435 3750 1503 εἰσήρχοντο,

2183 1532 2260 1592 εἰς
2288 1529 2380 1592 οὓς
2410 1529 2528 1582 οὐδὲ
2564 1530 2697 1580 πᾶσι
2729 1530 2837 1589 τοῖς
2869 1528 3214 1597 Χριστιανοῖς
3242 1525 3451 1591 ἔξεστιν
3481 1525 3747 1580 εἰσελθεῖν.

2184 1616 2304 1674 Οἵδε
2339 1621 2514 1673 ταῦτα
2548 1621 2642 1672 καὶ
2673 1621 2702 1672 6
2735 1618 3036 1690 στρατηγὸς
3065 1618 3166 1688 τῆς
3195 1617 3402 1680 πόλεως
3444 1618 3747 1688 Γορτύνιος.

2185 1715 2300 1765 ὲκεῖ
2331 1713 2438 1783 γὰρ
2466 1708 2550 1782 ἦν.
2593 1712 2666 1764 Οὐ
2703 1711 2895 1781 μικρὸς
2939 1711 3046 1781 γὰρ
3085 1710 3307 1778 ἔλεγχος
3351 1711 3452 1780 τῆς
3509 1709 3751 1778 τοιαύτης

2190 1805 2490 1874 πολεμικῆς
2519 1805 2710 1872 ἐφόδου
2744 1804 2804 1857 16
2837 1805 2892 1856 ὲν
2921 1803 2998 1874 τῷ
3030 1805 3296 1874 Κυριακῷ
3331 1803 3653 1856 καταλιπεῖν
3691 1804 3752 1856 τὰ

500 1892 953 1961 magistratusque
969 1904 1173 1946 omnes.
1210 1899 1268 1941 nt
1290 1901 1413 1943 eum
1443 1889 1823 1956 deprecentur,
1853 1904 1920 1942 ne
1947 1888 2071 1940 talia

2182 1870 2337 1960 παρὰ⁷
2359 1870 2466 1942 τῶν
2495 1870 2847 1943 εἰσελθόντων
2879 1870 3016 1944 ὅπλα
3039 1870 3128 1943 καί
3153 1870 3302 1962 βέλη,
3341 1894 3433 1946 καὶ
3468 1893 3595 1963 ξίφη
3618 1910 3630 1923 ο
3663 1892 3750 1962 μὲ-

499 1983 552 2034 in
583 1993 851 2050 posterum
882 1983 956 2036 illi
987 1980 1389 2051 aggrediantur.
1414 1979 1690 2048 Rogamus
1715 1981 1840 2032 item
1876 1989 1930 2031 ut
1965 1981 2077 2032 haec

500 2082 682 2127 nostra
712 2072 1030 2142 supplicatio
1051 2073 1307 2127 oﬂ‘cratur
1339 2072 1411 2126 illi
1447 2090 1459 2126 :
1486 2080 1542 2125 ut
1568 2087 1632 2125 ne
1667 2071 1872 2125 scilicet
1913 2070 2076 2124 alium

495 2165 804 2232 episcopum
836 2165 938 2218 huc
968 2163 1244 2218 intrudere.
1281 2173 1546 2218 conentur
1583 2181 1596 2218 :
1623 2164 1688 2216 ad
1717 2177 1899 2216 necem
1931 2162 2076 2216 enim

498 2271 667 2328 usque
722 2257 1032 2312 obstitimus
1095 2258 1166 2311 ob
1233 2257 1558 2311 desiderium
1635 2255 2073 2310 reverendissimi

495 2347 802 2412 Athanasii,
850 2362 1009 2417 quem
1043 2347 1110 2402 ab
1148 2348 1303 2403 initio
1331 2349 1486 2402 nobis
1532 2347 1674 2402 Deus
1703 2347 1850 2402 dedit
1888 2361 2078 2400 secun-

495 2437 620 2492 dum
651 2439 1050 2493 successionem
1082 2438 1306 2493 Patrum
1349 2447 1658 2494 nostrorum
1689 2453 1702 2488 :
1740 2452 1901 2507 quem
1961 2437 2076 2504 ipse

495 2529 770 2596 piissimus
824 2529 1174 2586 Constantius
1231 2547 1352 2586 cnm
1410 2530 1610 2584 litteris
1664 2539 1719 2583 et
1751 2529 2077 2596 iuramentis

496 2619 598 2673 huc
632 2622 952 2675 transmisit.
1015 2623 1311 2690 Speramus
1364 2620 1509 2674 enim
1555 2621 1600 2673 si
1641 2620 1691 2672 id
1730 2619 1846 2686 ejus
1887 2619 2073 2688 pietati

496 2709 722 2765 allatum
780 2713 964 2777 fuerit,
1026 2727 1116 2768 res
1161 2727 1282 2766 eum
1329 2721 1508 2782 gestas
1546 2712 1763 2780 indigne
1817 2711 2071 2776 laturum,

504 2801 748 2880 nihilque
778 2814 964 2858 contra
997 2804 1302 2872 iuramenta
1339 2806 1721 2866 admissurum,
1768 2805 1862 2862 sed
1889 2803 2072 2871 jussu—

497 2908 613 2946 rum
647 2895 925 2949 nobiscum
961 2905 1018 2949 ut
1048 2907 1264 2950 maneat
1299 2897 1584 2967 episcopus
1614 2906 1799 2951 noster
1829 2896 2072 2950 Athana-

493 2985 624 3040 sius.
686 2985 1013 3042 Consulibus
1063 2997 1184 3057 post
1249 2989 1590 3045 consulatum
1645 2988 2069 3042 clarissimorum

491 3074 850 3131 Arhaethionis
882 3078 1181 3132 etColliani
1213 3079 1582 3150 designandis,
1611 3079 1812 3134 Mechir
1842 3079 1927 3143 l7,
1951 3093 2070 3147 qua:

491 3174 575 3217 cst
608 3166 781 3233 pridie
805 3167 926 3220 ldus
958 3167 1262 3221 Februarii.

2181 1999 2272 2051 χρι
2314 1981 2420 2051 γὰρ
2455 1981 2550 2034 νῦν
2584 1983 2896 2053 ἐκρεμάσθη
2932 1986 2987 2036 ὲν
3022 1987 3085 2054 τῇ
3135 1984 3422 2053 ἐκκλησία,
3463 1983 3548 2037 ἵνα
3587 1984 3658 2053 μὴ
3684 1981 3750 2051 (ὁ)

2178 2069 2516 2141 ἀρνήσασθαι
2550 2070 2836 2141 δυνηθῶσι.
2872 2071 2981 2123 Καὶ
3021 2072 3129 2143 γὰρ
3177 2071 3438 2132 πολλάκις
3477 2070 3751 2124 ἀπέστειλε

2176 2161 2267 2213 τὸν
2305 2163 2403 2232 τῆς
2425 2162 2634 2228 τάξεως
2677 2165 2942 2232 Δυνάμιον
2973 2164 3185 2217 καὶτὸν
3231 2163 3557 2234 στρατηγὸν,
3594 2162 3752 2215 θέλων

2179 2252 2319 2306 αὐτὰ
2366 2249 2528 2326 ἆραιο
2563 2255 2658 2308 καὶ
2687 2255 2823 2318 τέως
2865 2257 2926 2308 οὑ
2967 2258 3449 2327 συνεχωρήσαμεν,
3477 2255 3585 2316 ἓως
3630 2256 3751 2308 πᾶσι

2177 2346 2414 2417 γνωσθῇ.
2447 2347 2508 2399 Εἰ
2534 2348 2630 2417 μὲν
2656 2343 2748 2399 οὖν
2779 2347 3104 2417 πρόσταγμὰ
3126 2348 3241 2398 ὲστι
3274 2346 3566 2400 διώκεσθαι
3595 2346 3750 2416 ἡμᾶς,

2177 2439 2386 2508 ἕτοιμοι
2426 2439 2626 2502 πάντες
2677 2439 3049 2509 μαρτυρῆσαι·
3075 2440 3124 2490 εἰ
3167 2439 3223 2491 δὲ
3268 2438 3342 2508 μὴ
3377 2439 3494 2491 ἐστι
3543 2436 3634 2490 τοῦ
3663 2438 3752 2489 Δύο

2175 2530 2405 2598 γούστου
2445 2531 2792 2601 πρόσταγμα,
2837 2530 3090 2600 ἀξιοῦμεν
3133 2532 3224 2584 τὸν
3259 2531 3496 2600 ἔπαρχον
3536 2527 3634 2596 τῆς
3661 2531 3747 2581 Al-

2176 2621 2384 2687 γύπτου
2412 2621 2684 2690 Μάξιμον,
2725 2621 2820 2675 καὶ
2849 2622 2974 2682 τοὺς
3001 2620 3318 2683 πολιτευτὰς
3341 2621 3572 2683 πάντας,
3602 2617 3750 2684 ἁξιῶ-

2182 2727 2270 2762 σαι
2303 2711 2464 2764 αὑτὸν
2498 2711 2694 2781 μηκέτι
2720 2711 2943 2764 τοιαῦτα
2972 2711 3342 2782 ἐπιχειρῆσαι.
3396 2711 3749 2782 Ἀξιοῦμενδὲ

2179 2802 2272 2853 καὶ
2308 2801 2510 2872 ταύτην
2553 2802 2707 2872 ἡμῶν
2757 2803 2854 2872 τὴν
2890 2801 3070 2871 δέησιν
3113 2803 3500 2874 ἁνενεχθῆναυ
3535 2804 3623 2857 ἵνα
3680 2804 3748 2874 μὴ

2175 2892 2333 2946 ἄλλον
2358 2893 2476 2946 τινα
2511 2894 2805 2946 ἐπίσκοπον
2830 2895 3250 2964 ἐπιχειρήσωσιν
3284 2897 3600 2963 εἰσαγαγεῖν
3618 2887 3713 2947 ὦδε
3732 2910 3744 2924 ⁸

2179 2983 2339 3053 μέχρι
2367 2983 2477 3053 γὰρ
2513 2982 2586 3051 (7)
2623 2982 2850 3037 θανάτου
2885 2985 3218 3054 ἑστήκαμεν,
3243 2985 3405 3038 αὑτὸν
3437 2985 3749 3055 ἐπιθυμοῦν-

2175 3091 2264 3136 τες
2298 3075 2391 3127 τὸν
2439 3074 2865 3144 αἰδεσιμώτατον
2913 3075 3250 3139 Ἀθανασιον,
3290 3077 3350 3129 ὃν
3395 3076 3457 3139 ἐξ
3514 3078 3685 3147 ἀρχῆς
3723 3079 3748 3128 6

2174 3165 2305 3230 Θεὸς
2323 3169 2454 3237 ἡμῖν
2482 3169 2678 3222 δέδωκε
2708 3168 2848 3224 κατὰ
2872 3169 3120 3239 διαδοχὴν
3148 3168 3255 3221 τῶν
3280 3171 3542 3241 Πατέρων
3569 3169 3744 3238 ἡμῶν*

488 3257 546 3310 ὃν
569 3260 662 3312 καὶ
686 3260 845 3322 αὐτὸς
874 3262 902 3312 6
929 3260 1313 3323 εὐσεϐέστατος
1375 3259 1684 3328 Λῦγουστος
1748 3260 2126 3324 Κωνστάντιος
2164 3262 2302 3330 μετὰ
2340 3261 2685 3332 γραμμάτων
2715 3261 2806 3314 καὶ
2846 3261 3022 3330 ὅρκων
3068 3260 3378 3314 ἀπέστειλε.
3416 3261 3746 3330 Πιστεύομεν

489 3347 619 3417 γὰρ,
649 3350 752 3411 ὅτι,
782 3349 875 3401 ἐὰν
913 3348 1061 3420 μάθῃ
1105 3351 1138 3419 ἠ
1173 3350 1426 3403 εὐσέϐεια
1483 3348 1670 3409 αὑτοῦ,
1703 3351 2074 3420 ἀγανακτήσει
2117 3349 2214 3419 μὲν
2243 3351 2335 3402 ἐπὶ
2398 3354 2510 3413 τοίς
2568 3351 2897 3419 γενομένοις,
2933 3351 3082 3404 οὐδὲν
3118 3349 3175 3403 δὲ
3221 3352 3373 3423 παρὰ
3396 3353 3522 3414 τοὺς
3551 3353 3740 3422 ὅρκους

488 3441 733 3508 ποιησει·
761 3439 895 3491 ἀλλὰ
918 3439 1011 3492 καὶ
1031 3439 1190 3491 πάλιν
1212 3437 1461 3491 κελεύσει
1516 3440 1606 3490 τὸν
1663 3440 1962 3491 ἐπίσκοπον
1986 3438 2142 3509 ἡμῶν
2195 3439 2512 3493 Ἀθανάσιον
2545 3441 2725 3511 μένειν
2771 3439 2889 3510 μεθ’
2924 3440 3099 3511 ἡμῶν.
3141 3443 3266 3505 Τοῖς
3302 3444 3441 3511 μετὰ
3472 3445 3571 3512 τὴν
3618 3444 3747 3495 ὑπα-

487 3531 637 3584 τείαν
679 3531 1060 3601 Ἀρϐαιθίωνος
1091 3533 1184 3585 καὶ
1219 3531 1514 3584 Κολλιανοῦ
1548 3531 1621 3600 (8)
1653 3531 1761 3584 τῶν
1795 3531 2196 3600 λαμπροτάτων
2252 3532 2802 3603 ἀποδειχθησομένας
2845 3532 3092 3598 ὑπάτοις,
3124 3533 3302 3602 Μεχὶρ
3351 3532 3436 3596 ιζ’,
3478 3534 3600 3603 ἥτις
3642 3532 3750 3584 ἐστὶ

488 3625 552 3693 τῇ
583 3621 687 3692 πρὸ
716 3622 844 3690 μιᾶς
876 3620 1030 3674 εἰδῶν
1051 3621 1467 3693 Φευϐρουαρίων
1498 3624 1598 3695 (9).

559 3713 820 3782 (Epistola
852 3729 1011 3779 porro
1036 3716 1284 3783 superius
1310 3716 1510 3784 scripta
1540 3718 1607 3770 ad
1641 3731 1832 3771 omnes
1872 3717 2068 3786 ubique

2243 3716 2338 3784 (Ἡ
2378 3715 2476 3784 μὲν
2536 3714 3004 3786 προγεγραμμένη
3054 3714 3191 3784 πρὸς
3256 3713 3384 3775 τοὺς
3443 3715 3746 3784 ἁπανταχοῦ

489 3805 784 3859 monachos
820 3804 1017 3857 desinit
1043 3805 1106 3857 ad
1136 3819 1197 3858 ea
1237 3821 1356 3872 qua:
1381 3805 1724 3860 Alexandriae
1755 3815 1907 3875 gesta
1943 3814 2068 3860 sunt

491 3898 544 3951 in
571 3896 913 3951 ordinatione
949 3895 1166 3964 Georgii
1215 3897 1554 3966 Cappadocis
1602 3898 1812 3960 Ariani,
1845 3897 1972 3951 olim
2009 3896 2071 3950 θ-

491 4004 706 4043 scnrum
735 3988 1059 4056 exceptoris.
1091 3987 1336 4055 Sequens
1359 3997 1536 4042 autem
1567 3987 1816 4056 epistola,
1840 4002 1958 4056 qum
1980 4002 2068 4043 ros

491 4081 542 4134 in
574 4081 794 4150 synodis
819 4079 1048 4133 Arimini
1072 4088 1127 4132 et
1159 4077 1420 4133 Seleucia:
1453 4079 1504 4131 in
1531 4078 1864 4148 Cappadocia
1885 4089 2068 4149 gestas

488 4182 727 4236 enarrat,
788 4172 1100 4242 praedictum
1131 4170 1424 4242 Georgium
1476 4171 1554 4225 ait
1604 4170 1866 4226 Seleuciae
1897 4172 2066 4226 fuisse

491 4267 822 4318 damnatum.
873 4261 1058 4331 Itaque
1113 4262 1336 4332 epistola
1389 4263 1456 4316 ad
1517 4261 1809 4317 monachos
1865 4263 2066 4317 reclius

492 4355 639 4424 prior
669 4353 841 4422 posita
871 4366 974 4418 est,
1015 4367 1135 4420 qua:
1162 4361 1343 4407 tamen
1381 4351 1433 4405 in
1475 4349 1772 4420 exemplari
1825 4350 2061 4405 secunda

492 4446 766 4515 habetur.)

563 4711 640 4782 (5)
670 4711 760 4765 Sic
784 4711 910 4782 Reg.
934 4719 986 4782 et
1008 4711 1136 4782 edit.
1155 4709 1374 4782 Comm.
1395 4707 1534 4762 Editi
1558 4705 1907 4782 Paris_.male,
1929 4705 2072 4782 ὲστί.

493 4776 762 4838 nomen.
787 4776 914 4834 Par.
932 4781 989 4832 οὑ
1012 4779 1674 4850 ﬁouképevogperpefam.
1701 4776 1832 4850 Reg.
1852 4788 1910 4850 et
1935 4778 2068 4829 edit.

492 4854 700 4905 Comm.
731 4863 896 4920 recte,
922 4851 950 4902 6
979 4844 1319 4920 βουλόμενος.
1364 4844 1480 4902 Mox
1518 4847 1674 4916 Reg.,
1703 4846 1769 4916 ἢν
1788 4844 2067 4898 ’ἡδύνατω

494 4921 632 4974 Editi
655 4921 721 4990 ἣν
745 4919 1024 4989 ἠϐούλετο.

565 4990 642 5060 (6)
677 4982 888 5060 Reg._et
923 4989 1202 5060 Basilicus.
1236 4987 1390 5058 μηδέ.
1432 4985 1547 5060 Mox
1595 4982 2062 5060 eilit._[’aris:‘6__ﬁ-

541 5052 707 5121 ιὸνζοι
728 5052 1197 5127 italegitNannins
1230 5052 1318 5126 qui
1345 5057 1525 5118 vertit,
1567 5052 2056 5127 carniﬁcem._Edit.

541 5079 638 5121 ιον,
657 5079 943 5127 8111316811
962 5079 1197 5111 uanmus
1230 5079 1318 5126 ιιυι
1346 5079 1525 5118 γετιιι,
1567 5079 1889 5122 ειιῐηιμεεηι.
1916 5079 2056 5106 DIIII.

493 5079 655 5182 gasil.
703 5137 757 5180 et
803 5126 936 5196 Reg.
961 5127 1252 5196 Δυνάμιον.
1305 5127 1434 5180 Erat
1463 5126 1754 5194 Dynamius
1803 5123 2062 5196 militaris

495 5198 834 5268 proiectus;
867 5188 986 5266 qvute
1027 5188 1133 5268 mit
1162 5188 1644 5268 memoratur-item
1681 5209 1840 5263 supra
1870 5209 1926 5245 ιι.
1968 5188 2059 5242 61.

567 5268 640 5339 (7)
679 5265 944 5339 δίσκος..
971 5267 1078 5338 γάρ
1108 5265 1332 5339 deestjn
1362 5265 1542 5339 editis.

567 5327 644 5403 (8)
681 5337 833 5402 Apud
857 5327 1201 5393 Ammianum
1235 5333 1472 5389 Marcell.
1503 5333 1539 5390 l.
1577 5347 1665 5398 xv,
1691 5347 1740 5387 c.
1771 5329 1826 5395 8,
1871 5345 1925 5401 p.
1975 5327 2064 5392 95.

499 5406 689 5479 legitur
721 5403 1018 5462 Lollianus.

2079 5575 2151 5606 .,-

2177 3805 2444 3874 μοναχοὺς
2483 3801 2738 3871 ἐπιστολὴ
2782 3801 3007 3871 τελευτᾷ
3049 3803 3126 3863 εἰς
3188 3800 3258 3854 τὰ
3305 3804 3648 3872 γεγενημένα
3694 3804 3749 3853 ὲν

2189 3886 2567 3963 Ἀλεξανδρείᾳ
2598 3893 2690 3946 ἐπὶ
2719 3895 2782 3961 τῇ
2808 3891 3110 3962 χειροτονία
3153 3892 3429 3962 Γεωργίου
3471 3892 3563 3944 τοῦ
3597 3894 3747 3945 Kan-

2177 3983 2408 4045 πάδοκος
2454 3981 2562 4034 ἀπὸ
2616 3981 2924 4036 ὑπώεκτῶν
2975 3980 3108 4049 (10),
3155 3980 3249 4033 τοῦ
3305 3982 3746 4053 ’Λρειανοῦοήδὲ

2175 4074 2302 4142 ἑξῆς
2333 4071 2610 4140 ἐπιστολὴ,
2649 4073 2775 4141 περὶ
2806 4071 2914 4124 τῶν
2948 4073 3004 4123 ὲν
3046 4075 3110 4142 τῇ
3157 4072 3421 4142 ’Δριμίνῳ
3454 4075 3548 4126 καὶ
3572 4076 3630 4127 ὲν
3659 4074 3748 4125 23-

2175 4164 2395 4233 λευκείᾳ
2418 4163 2516 4232 τῆς
2557 4163 2827 4233 ’Ῑσαυρίας
2857 4163 3243 4234 γεγενημένων
3280 4165 3516 4217 συνόδων
3538 4167 3750 4236 διηγουο

2177 4257 2331 4327 μένη,
2355 4255 2443 4307 τὸν
2473 4254 2868 4327 προειρημένον
2891 4252 3157 4323 Γεώργιον
3171 4256 3229 4306 ὲν
3247 4257 3309 4324 τῇ
3337 4255 3630 4326 Σελευκείᾳ
3647 4257 3687 4324 (l
3706 4257 3748 4320 l)

2173 4343 2519 4416 καθῃρῆσθαι
2549 4360 2731 4414 φησιν.
2770 4343 2932 4395 ’Ὥστε
2977 4342 3156 4405 καλῶς
3201 4343 3395 4414 πρώτη
3427 4345 3682 4398 τέτακται
3713 4345 3741 4414 ἡ

2173 4435 2308 4506 πρὸς
2359 4436 2486 4499 τοὺς
2533 4435 2820 4504 μοναχοὺς,
2852 4434 2908 4486 ὲν
2937 4431 3016 4503 τῷ
3044 4433 3365 4504 ἀντιγράφω
3395 4433 3622 4504 δευτέρα
3651 4449 3738 4485 κειι

2177 4525 2357 4597 μένηο)

2254 4709 2328 4780 (9)
2351 4709 2480 4791 Reg.
2499 4709 2636 4791 tam
2653 4709 3050 4791 ᾗεϐρρυαρίωγ.
3078 4707 3340 4791 Nannius,
3360 4711 3537 4775 pridie
3560 4707 3742 4791 Kalenf

2179 4777 2370 4832 durum
2410 4777 2712 4832 Februarii.
2753 4777 2882 4831 Vide
2902 4777 3062 4846 paulo
3088 4791 3237 4850 ante.
3283 4781 3416 4847 Qua:
3455 4789 3743 4850 sequuntur

2179 4859 2357 4902 autem
2405 4859 2530 4903 sunt
2577 4850 2986 4902 amanuensium
3039 4848 3306 4915 scltolion,
3337 4852 3482 4918 quod
3529 4847 3581 4904 in
3613 4847 3742 4917 Reg.

2177 4919 2339 4973 ductu
2371 4918 2563 4973 calami
2586 4928 2870 4988 separatur
2893 4935 2920 4971 a
2948 4919 3402 4987 prmcedentihus.

2239 5023 2352 5094 (l0;
2394 5024 2528 5077 Ἀπὸ
2546 5023 2909 5078 ὑποδεκτῶν.
2946 5023 3076 5078 Vide
3106 5039 3270 5094 supra
3306 5037 3460 5077 num.
3506 5021 3594 5074 75.
3617 5017 3743 5074 Ibid.

2171 5093 2300 5164 Reg.
2322 5093 2378 5148 ὲν
2419 5096 2710 5166 Ἀριμένῳ.

2244 5188 2388 5259 (Η)μ
2407 5187 2605 5259 Regius
2647 5187 2836 5259 codex,
2891 5183 3176 5259 Σελευκία.
3224 5184 3352 5238 Post
3390 5178 3746 5253 καθῃρῆσθαι’

2176 5255 2302 5327 Reg.
2339 5255 2522 5310 Basil.
2573 5256 2790 5327 habent,
2839 5271 3028 5327 φησιν.
3057 5255 3189 5319 Quae
3236 5265 3538 5322 sequuntur
3578 5260 3750 5303 autem

2175 5325 2293 5395 post
2309 5343 2490 5398 φησιν,
2527 5327 2580 5380 in
2613 5325 2730 5380 solo
2768 5325 2910 5396 Reg.
2931 5325 3226 5380 habentur.
