4170 6392
376 407 444 459 VI
1766 396 2378 460 PROLEGOMENA.

379 529 708 609 quillitatis
735 535 989 610 portum
1023 537 1313 609 receptus
1346 532 1479 605 tibi,
1516 532 1904 591 sanctissime
1957 536 2159 598 Pater,
2251 533 2311 591 in
2400 533 2589 591 totius
2675 533 2963 592 Ecclesiae
3051 528 3597 592 administratione
3658 525 3792 588 feli'

377 628 632 688 citatem
673 627 978 690 obtineat.
1011 629 1160 689 Tuis
1215 629 1348 706 ipse
1406 630 1659 690 tandem
1708 631 2117 689 sanctissimis
2166 631 2429 710 pedibus
2493 632 2862 709 pi‘OVulutus
2912 649 2949 690 a
3004 637 3064 690 te
3115 630 3273 690 illud
3305 629 3484 689 enixe
3545 625 3790 706 ﬂagito,

376 728 448 786 ut
492 725 670 798 mihi,
727 725 1066 788 seminario
1127 745 1286 796 meo,
1353 726 1592 805 totique
1648 728 1824 806 gregi
1883 727 2038 788 mihi
2113 728 2470 788 concredito
2549 728 2958 808 apostolicam
3009 727 3514 789 benedictionem
3565 725 3794 806 imper-

377 821 521 884 tias.
555 822 734 884 Vale.

1611 1165 1774 1256 AD
1847 1163 2554 1259 LECTOREM.

1766 1371 1888 1439 (Ed.
1955 1371 2151 1425 Venet.
2217 1372 2399 1440 4777.)

461 1712 602 1775 Divi
644 1711 974 1774 Athanasii
1027 1713 1234 1791 Opera
1279 1728 1421 1771 cum
1473 1710 1856 1790 jampridem
1933 1731 1968 1771 a
2053 1712 2264 1771 multis
2320 1712 2775 1780 desiderentur,
2842 1734 2966 1775 non
3027 1716 3266 1794 exiguis
3313 1716 3420 1776 illa
3469 1717 3792 1779 laboribus

385 1817 449 1875 et
500 1809 804 1892 impensis
859 1809 943 1870 ad
991 1809 1310 1888 publicam
1363 1807 1698 1868 utilitatem
1763 1815 1823 1867 et
1873 1810 2274 1869 commodum
2342 1811 2699 1888 evulganda
2757 1812 3137 1884 curavimus,
3224 1814 3597 1893 eademque,
3683 1816 3795 1877 be-

384 1909 574 1988 nigne
647 1909 864 1980 lector,
926 1907 1036 1966 tibi
1092 1907 1156 1967 in
1212 1906 1549 1985 praesentia
1597 1907 1896 1967 sistimus.
1961 1908 2213 1967 Minime
2273 1927 2439 1968 nunc
2498 1910 2920 1969 necessarium
2983 1918 3278 1990 putamus
3363 1912 3648 1989 pluribus
3731 1911 3796 1974 id

385 2006 736 2080 ostendere,
802 2005 1006 2084 qualis
1063 2023 1290 2084 nempe
1345 2010 1745 2084 quantusque
1793 2006 2170 2064 Athanasius
2234 2006 2419 2066 fuerit
2481 2007 2645 2066 inter
2725 2014 2961 2068 veteres
3017 2009 3158 2069 illos
3245 2008 3799 2091 sanctissimosque

387 2104 639 2167 Graeciaa
685 2104 990 2174 doctores,
1052 2120 1195 2162 cum
1247 2103 1532 2162 unanimi
1591 2121 1895 2162 consensu
1958 2102 2036 2162 ab
2095 2104 2392 2163 omnibus
2465 2105 2597 2183 ipse
2655 2113 2717 2166 et
2765 2106 2988 2177 dictus,
3043 2113 3105 2166 et
3191 2106 3444 2168 habitus
3535 2110 3799 2187 Magnus

385 2201 484 2264 sit.
545 2202 730 2264 Illum
781 2206 947 2262 certe
1003 2202 1220 2261 Patres
1278 2201 1564 2260 certatim
1613 2200 1897 2272 laudant,
1958 2219 2030 2260 ac
2085 2201 2210 2260 dno
2272 2203 2619 2281 prazsertim
2668 2204 3178 2281 splendidissima
3208 2205 3550 2266 Catholicae
3585 2207 3793 2267 Eccle-

384 2303 493 2362 sia:
569 2299 813 2360 lumina
889 2299 1156 2360 Basilius
1203 2304 1266 2359 et
1314 2299 1648 2375 Gregorius
1729 2301 2154 2359 Nazianzenus
2207 2307 2275 2359 ut
2323 2301 2467 2360 fidei
2527 2303 2894 2379 magistrum
2957 2309 3360 2375 venerantur,
3411 2322 3524 2364 nec
3601 2304 3801 2365 defuit

386 2399 496 2478 qui
519 2399 726 2478 ipsum
783 2397 1022 2458 caeteris
1076 2397 1366 2457 Patribus
1413 2403 1842 2476 anteponeret.
1910 2397 2064 2456 Hinc
2124 2397 2398 2456 maximo
2458 2418 2706 2477 semper
2763 2399 2825 2458 in
2887 2400 3124 2460 honore
3179 2402 3435 2461 fuerunt
3511 2401 3793 2478 ejusdem

386 2499 612 2576 Opera,
666 2495 980 2575 quaesibi
1026 2495 1233 2555 adhuc
1263 2514 1586 2574 superesse
1615 2495 1696 2554 ad
1743 2494 1840 2554 sui
1898 2495 2097 2573 ipsius
2153 2495 2342 2554 decus
2403 2502 2590 2574 atque
2655 2497 3017 2573 praesidium
3078 2498 3486 2558 vehementer
3563 2497 3799 2574 gaudet

385 2593 741 2655 Christiana
795 2593 1169 2673 respublica.
1232 2591 1516 2653 Meminit
1576 2593 1742 2653 enim
1794 2592 1905 2652 illa
1971 2611 2035 2652 se
2095 2591 2210 2664 his,
2265 2592 2458 2652 veluti
2543 2593 2921 2670 quibusdam
2995 2594 3186 2653 armis
3242 2594 3638 2664 instructam,
3700 2593 3798 2652 in-

388 2690 911 2772 signesvictorias
966 2690 1044 2750 de
1100 2690 1226 2750 suis
1284 2690 1569 2751 hostibus
1627 2691 1934 2749 retulisse.
2007 2690 2286 2750 Meminit
2346 2689 2442 2749 his
2500 2689 2858 2750 convictam
2915 2691 3065 2749 olim
3127 2690 3316 2750 fuisse
3374 2690 3794 2770 perniciosam

387 2789 520 2851 Arii
548 2788 962 2862 dialecticam,
1086 2787 1184 2847 his
1294 2789 1547 2849 Eusebii
1654 2787 2054 2847 Caesariensis
2164 2787 2573 2847 calliditatem
2625 2788 3112 2868 deprehensam,
3173 2789 3269 2848 his
3357 2788 3797 2849 haereticorum

390 2886 673 2948 omnium
722 2886 847 2946 tela
907 2885 1195 2964 depulsa.
1255 2885 1512 2947 Utinam
1570 2902 1718 2945 vero
1777 2884 2022 2943 nullum
2084 2883 2306 2944 lateret
2379 2885 2589 2944 adhuc
2642 2903 2718 2945 ex
2769 2884 2927 2944 tanti
2984 2885 3267 2946 Doctoris
3334 2886 3582 2966 scriptis
3634 2887 3793 2948 adeo

387 2984 702 3065 pretiosis,
735 2989 805 3044 ut
833 2982 1063 3062 siquid
1122 2983 1266 3042 novi
1317 3001 1394 3042 ex
1451 2982 1674 3042 iisdem
1727 3000 1940 3040 rursus
1971 2986 2276 3052 occurrat,
2341 2999 2453 3039 nec
2522 2981 2646 3040 alia
2702 2980 2945 3041 ratione
3003 2983 3236 3042 servari
3281 2983 3499 3061 possit,
3532 2985 3596 3045 id
3643 3002 3792 3045 eru-

390 3081 559 3142 ditus
613 3081 708 3140 vir
763 3080 860 3142 vel
907 3080 972 3139 in
1011 3079 1397 3140 vestimentis
1454 3079 1606 3158 ipsis
1629 3078 1855 3155 jubeat
1914 3077 2189 3137 inscribi.
2223 3079 2316 3136 Ad
2391 3079 2753 3155 hujusmodi
2809 3082 3081 3157 Operum
3169 3081 3594 3142 celebritatem
3664 3100 3800 3144 ma-

391 3180 486 3259 gis
545 3179 923 3258 augendam,
984 3197 1056 3238 ac
1124 3177 1598 3257 propagandam
1655 3176 1988 3235 utilitatem
2040 3175 2457 3254 plurimorum
2519 3176 2796 3236 virorum
2858 3177 3166 3238 industria
3223 3180 3628 3257 conspiravit,
3689 3180 3801 3260 qui

389 3278 578 3339 variis
608 3277 998 3357 temporibus
1036 3277 1257 3338 eadem
1305 3275 1490 3336 modo
1543 3275 1764 3334 Latine
1818 3274 2100 3343 tandum,
2165 3275 2353 3335 modo
2429 3274 2616 3334 etiam
2676 3278 2886 3335 Grrece
2947 3275 3280 3335 ediderunt
3335 3277 3626 3336 Nondum
3705 3283 3807 3337 ta-

389 3395 533 3439 men
591 3375 1024 3437 satisfecerant
1076 3373 1361 3447 eruditis,
1445 3373 1554 3432 sed
1629 3390 1791 3432 nova
1875 3372 2022 3444 alia,
2083 3372 2433 3450 eademque
2491 3374 2850 3434 accuratior
2907 3374 3322 3452 expetebatur
3378 3374 3596 3446 editio,
3656 3394 3800 3453 quas

389 3481 600 3538 errata
653 3477 935 3534 veterum
993 3470 1375 3530 emendaret.
1442 3472 1613 3530 Hanc
1667 3469 2166 3530 concinnandam
2207 3489 2536 3549 aggressus
2567 3477 2658 3531 est
2715 3472 2783 3531 P.
2859 3471 3212 3531 Bernardus
3260 3473 3334 3531 de
3393 3472 3800 3534 Montfaucon

392 3572 586 3634 totius
639 3568 1033 3648 antiquitatis
1107 3567 1538 3648 peritissimus,
1591 3585 1663 3627 ac
1719 3586 1926 3628 rerum
1985 3567 2346 3644 hujusmodi
2432 3569 2874 3646 sagacissimus
2930 3568 3319 3646 explorator,
3382 3568 3802 3649 eamdemque

393 3686 642 3732 summo
698 3685 840 3726 cum
868 3665 1085 3726 labore
1142 3683 1214 3725 ac
1270 3665 1457 3725 laude
1514 3665 1851 3742 perfectam
1914 3683 1986 3725 ac
2071 3665 2270 3726 tribus
2329 3666 2574 3743 magnis
2627 3665 3056 3725 voluminibus
3112 3665 3591 3725 comrehensam
3621 3668 3799 3728 Pari-

395 3766 504 3828 siis
559 3782 728 3826 anno
760 3763 920 3825 1698
963 3761 1197 3843 publici
1211 3761 1372 3841 juris
1399 3762 1567 3822 fecit.

473 3863 674 3926 Multa
729 3866 1038 3942 prieterea
1065 3859 1191 3921 alia
1237 3862 1310 3921 D.
1371 3859 1701 3920 Athanasii
1776 3861 2010 3938 scripta
2075 3860 2310 3920 detexit
2361 3858 2891 3936 subsequentibus
2946 3858 3128 3918 annis
3174 3858 3340 3920 idem
3399 3860 3467 3918 P.
3530 3862 3797 3923 Bernar-

392 3963 511 4024 dus
567 3963 645 4023 de
702 3961 1130 4032 Montfaucon,
1189 3978 1331 4038 quae
1387 3959 1466 4018 ab
1524 3957 1746 4018 eodem
1834 3957 2083 4019 Parisiis
2141 3958 2204 4017 in
2252 3958 2454 4018 lucem
2511 3957 2681 4017 edita
2737 3975 2906 4017 anno
2957 3960 3108 4017 170³7
3169 3957 3458 4018 obtinent
3519 3960 3792 4038 primum

388 4061 598 4123 locum
626 4059 692 4120 in
749 4057 1066 4118 volumine
1087 4057 1288 4118 altero
1319 4075 1394 4116 ex
1434 4056 1511 4116 iis
1540 4056 1788 4116 duobus
1844 4076 1986 4135 quae
2045 4057 2123 4116 ab
2173 4057 2309 4133 ipso
2366 4054 2535 4115 Novo
2585 4055 2840 4115 Patrum
2897 4065 2950 4114 et
3030 4054 3375 4116 Graecorum
3427 4068 3792 4137 scriptorum

394 4157 676 4222 Collectz'o
733 4156 1181 4217 inscribuntur.
1244 4159 1451 4233 Atque
1508 4155 1644 4214 hac
1699 4157 2019 4234 appendix
2095 4154 2572 4232 quodammodo
2645 4153 2768 4213 dici
2826 4159 3093 4232 possunt
3142 4159 3208 4214 et
3292 4154 3799 4216 additamentum

389 4255 683 4319 editionis
729 4254 949 4333 primas
1032 4255 1306 4333 Operum
1399 4255 1464 4314 S.
1544 4253 1899 4324 Athanasii,
1977 4253 2041 4312 in
2103 4252 2335 4331 quibus
2392 4252 2683 4312 eruendis
2753 4270 2825 4312 ac
2907 4251 3330 4325 secernendis,
3409 4253 3794 4331 digerendis,

386 4351 791 4432 castigandis,
858 4350 1246 4412 illustrandis
1290 4350 1395 4411 ille
1442 4350 1787 4428 plurimum
1835 4349 2169 4410 laboravit.
2243 4352 2456 4427 Neque
2521 4350 2688 4410 enim
2738 4349 2938 4410 solum
3001 4349 3299 4428 epistolas
3356 4350 3663 4430 plurimas
3730 4352 3796 4413 in

384 4451 594 4513 varias
640 4450 910 4528 Europae
994 4453 1203 4529 partes
1286 4448 1365 4508 ad
1421 4467 1586 4508 nova
1637 4448 1990 4526 detegenda
2038 4447 2405 4520 transmisit,
2487 4448 2593 4508 sed
2670 4447 2858 4508 etiam
2947 4447 3165 4525 longas
3249 4449 3795 4527 peregrinationes

387 4547 679 4627 suscepit,
735 4546 1000 4608 Galliam
1057 4551 1118 4606 et
1180 4545 1426 4606 Italiam
1486 4546 1864 4625 peragravit,
1947 4544 2362 4604 bibliothecas
2420 4545 2755 4622 utrobique
2803 4545 3115 4618 lustravit,
3167 4552 3483 4625 quotquot
3570 4564 3792 4606 occur-

387 4650 607 4708 rerunt
663 4643 908 4705 codices
963 4641 1442 4721 diligentissime
1499 4643 1753 4714 evolvit,
1825 4647 2236 4703 monumenta
2291 4642 2598 4721 percurrit
2654 4643 2904 4722 aliaque
2981 4643 3260 4722 perfecit,
3327 4649 3395 4703 ut
3441 4644 3574 4721 ipse
3631 4644 3794 4704 fate-

386 4748 493 4804 tur
571 4741 636 4803 in
690 4741 1061 4822 priefatione
1119 4741 1369 4820 utrique
1418 4740 1676 4801 editioni
1726 4739 2068 4819 praemissa.
2131 4742 2253 4800 Nos
2303 4740 2571 4818 primam
2630 4740 2969 4801 editionem
3047 4740 3241 4801 secuti
3326 4741 3582 4818 qualem
3659 4740 3796 4820 ipse

389 4839 673 4921 protulit,
732 4839 922 4900 talem
980 4837 1251 4898 damus:
1314 4856 1456 4917 quas
1526 4856 1672 4898 vero
1731 4843 1949 4917 postea
1978 4838 2194 4909 edidit,
2255 4856 2329 4897 ea
2370 4856 2512 4898 cum
2571 4838 2858 4917 pluribus
2909 4839 3046 4898 aliis
3106 4839 3168 4897 in
3230 4839 3483 4898 tertium
3550 4845 3792 4900 tomum

388 4936 790 5016 conjecimus,
852 4934 1022 5014 quod
1078 4934 1359 5012 ejusdem
1419 4935 1787 5014 praefatione
1863 4953 2199 5013 cognosces
2250 4935 2356 5014 (a).
2416 4936 2517 4996 Sic
2594 4936 2703 5012 qui
2787 4935 3055 5014 primam
3149 4935 3473 5014 postulant
3560 4934 3791 4997 horum

388 5037 661 5114 Operum
711 5031 1078 5104 editionem,
1109 5031 1394 5092 eamdem
1428 5051 1466 5091 a
1525 5031 1704 5091 nobis
1761 5033 2019 5108 habent,
2083 5051 2194 5094 nec
2250 5032 2411 5106 aliis,
2470 5052 2611 5111 quas
2670 5039 2890 5111 postea
2950 5033 3195 5092 detecta
3254 5038 3424 5104 sunt,
3485 5034 3791 5094 fraudan-

385 5137 514 5193 tur.
572 5129 887 5210 Quidquid
929 5129 1172 5190 interea
1218 5129 1318 5202 sit,
1380 5129 1500 5190 hoc
1545 5136 1712 5190 certe
1760 5130 1975 5189 testari
2037 5149 2390 5209 possumus,
2461 5130 2799 5191 editionem
2888 5130 3053 5190 hanc
3154 5137 3429 5191 nostram
3515 5132 3787 5211 primam

386 5246 522 5290 esse
583 5233 726 5307 post
777 5227 1192 5288 Parisiensem
1224 5226 1398 5287 illam
1457 5245 1494 5287 a
1543 5228 1613 5287 B.
1676 5227 1752 5288 de
1814 5229 2222 5289 Montfaucon
2272 5229 2740 5303 concinnatam,
2803 5228 3149 5307 eademque
3223 5230 3422 5289 multo
3506 5229 3788 5308 locuple-

384 5325 636 5388 tiorem.
665 5323 886 5384 Adhuc
915 5323 1176 5384 fortasse
1216 5323 1417 5384 latent
1443 5324 1568 5384 alia
1628 5327 1693 5386 S.
1749 5325 2032 5385 Doctoris
2062 5326 2316 5405 scripta.
2379 5328 2467 5386 Ne
2537 5325 2794 5385 litterati
2869 5327 3087 5387 eadem
3147 5326 3565 5404 investigandi
3621 5327 3793 5387 labo-

382 5440 517 5485 rem
559 5421 825 5500 fugiant.
884 5419 1167 5494 Interim,
1226 5420 1424 5481 amice
1470 5421 1690 5494 lector,
1769 5422 2050 5482 oblatum
2102 5440 2331 5482 munus
2379 5441 2456 5484 ne
2538 5441 2814 5504 respuas,
2902 5442 2974 5484 ac
3032 5430 3319 5485 nostrum
3399 5423 3511 5484 tibi
3581 5424 3782 5488 inser-

381 5519 594 5582 viendi
620 5515 1000 5582 desiderium
1045 5515 1351 5579 benevolo
1399 5517 1611 5580 animo
1642 5518 1738 5579 fac
1769 5517 2148 5582 inﬂammes.
2184 5519 2358 5585 Vale.

456 5707 537 5796 (α)
564 5705 696 5768 Mox
717 5703 1006 5783 sequitur.
