4170 6390
1558 426 2137 493 PRIEFATIONES
2185 430 2310 492 ΕΙ).
2360 430 2517 495 VEN
2524 430 2651 495 ET.

1803 764 2388 853 PRXEFATIO

1136 940 1534 1003 EDlTlONlS
1579 943 1926 1005 VENETJE
1967 945 2187 1005 TOMO
2233 946 2524 1008 TERTIO
2558 946 2641 1029 (α)
2673 950 3064 1012 PREFIXA.

446 1263 739 1322 Hactenus
768 1270 829 1322 D.
860 1265 1513 1323 Athanasii'editionem
1545 1277 1721 1334 opera
1748 1262 1806 1315 et
1833 1257 2026 1314 studio
2060 1258 2111 1323 Α
2143 1258 2546 1331 typographus
2568 1264 2769 1316 noster
2788 1261 3065 1319 indicavit
3088 1282 3100 1331 ;
3126 1266 3491 1338 nequeenim
3515 1268 3584 1324 ad
3606 1268 3663 1324 id
3684 1268 3803 1326 ﬁde

375 1355 801 1412 monachorum
832 1356 1056 1413 ordinis
1098 1357 1155 1413 S.
1192 1354 1486 1411 Benedicti
1520 1369 1550 1407 e
1582 1347 2030 1421 congregatione

371 1443 427 1498 S.
461 1443 651 1500 Mauri
682 1446 1048 1514 adornatam,
1081 1463 1149 1502 ac
1182 1443 1421 1500 Parisiis
1454 1460 1547 1497 an.
1582 1440 1722 1494 1698
1749 1437 1902 1509 typis
1931 1453 2028 1491 ex-

374 1548 579 1589 cusam
608 1534 861 1591 ﬁdeliter
882 1536 940 1590 in
974 1536 1251 1590 omnibus
1273 1532 1456 1589 secuti
1481 1547 1710 1586 sumus.
1746 1532 1936 1599 Atque
1967 1526 2027 1581 in

372 1622 483 1678 hoc
530 1624 771 1694 quidem
818 1624 901 1681 ita
939 1625 1108 1679 nobis
1140 1623 1286 1678 nihil
1335 1623 1508 1678 licere
1537 1619 2025 1682 existimavimus,

373 1715 439 1765 ut
466 1711 625 1783 ipsas
647 1714 824 1769 etiam
847 1714 1309 1778 emendationes,
1335 1729 1482 1783 quas
1512 1710 1597 1765 illi
1618 1709 2026 1779 absolutojam

373 1800 534 1871 operi
565 1805 985 1873 apposuerunt,
1020 1802 1144 1857 suis
1177 1802 1318 1857 locis
1354 1802 1602 1856 insertas
1633 1798 1890 1854 exhiberi
1923 1814 2026 1852 no-

369 1887 679 1961 luerimus,
714 1894 778 1946 ut
808 1895 1010 1948 nostra
1039 1891 1161 1947 hmo
1182 1890 1487 1946 volumina
1517 1888 1848 1960 legentibus
1878 1886 2024 1942 illud

368 1978 545 2033 etiam
568 1985 867 2053 appareat,
892 1981 1032 2053 quid
1064 1979 1149 2035 illi
1173 1981 1453 2052 primum,
1478 1978 1619 2051 quid
1647 1981 1848 2050 postea
1868 1979 2024 2050 cogi-

364 2067 637 2137 taverint,
669 2074 726 2125 et
774 2087 846 2126 ne
878 2069 1020 2125 viris
1051 2069 1410 2126 doctissimis
1442 2085 1572 2124 eam
1603 2067 1839 2123 laudem
1879 2083 2023 2138 quo-

357 2156 683 2213 dammodo
734 2159 1117 2230 eriperemus,
1153 2176 1279 2231 quae
1312 2176 1380 2214 ex
1412 2156 1834 2230 posterioribus
1865 2155 2023 2212 curis

349 2243 516 2316 (quae
574 2247 962 2319 sapientiores
1011 2265 1140 2304 esse
1189 2248 1400 2319 solent)
1432 2246 1840 2320 proficiscitur.
1875 2246 2023 2300 Cum

346 2350 497 2390 vero
534 2352 604 2391 ex
633 2352 748 2408 quo
780 2337 985 2392 eadem
1016 2337 1194 2393 editio
1224 2336 1562 2394 felicissime
1614 2334 1883 2390 absoluta
1915 2334 2024 2389 fuit

348 2422 439 2478 ad
470 2428 734 2480 nostram
756 2442 947 2498 usque
975 2429 1200 2482 aetatem
1226 2443 1329 2498 per
1358 2424 1681 2481 industrios
1698 2424 2021 2495 antiquita-

346 2512 442 2568 tis
473 2512 850 2585 indagatores
881 2532 995 2571 non
1029 2532 1218 2587 pauca
1248 2516 1305 2571 S.
1342 2514 1606 2570 Doctoris
1639 2516 2023 2569 monumenta

2140 1346 2449 1404 obstrictos
2482 1366 2587 1405 nos
2622 1351 2899 1408 duximus
2924 1370 2937 1421 ;
2973 1357 3029 1408 et
3057 1370 3191 1409 cun
3213 1355 3309 1410 hic
3339 1357 3480 1412 ordo
3511 1374 3580 1413 ex
3610 1357 3798 1415 libero

2140 1437 2429 1508 cujusque
2460 1439 2748 1495 arbitratu
2770 1442 2968 1513 potius
3001 1443 3269 1514 pendeat,
3296 1462 3475 1517 quam
3500 1463 3569 1501 ex
3597 1464 3798 1504 rerum

2138 1524 2402 1596 ipsarum
2434 1530 2855 1602 convenientia,
2878 1548 3011 1587 eum
3036 1533 3276 1589 demum
3298 1535 3667 1606 praetulimus
3687 1537 3792 1608 qui

2140 1615 2327 1687 magis
2360 1616 2574 1672 arrisit.
2610 1619 2757 1684 Quid
2779 1619 2962 1691 igitur
2991 1638 3025 1676 a
3055 1622 3225 1677 nobis
3247 1624 3575 1694 praestitum
3596 1626 3795 1695 fuerit,

2137 1704 2388 1759 breviter
2436 1704 2786 1779 indicemus,
2822 1726 2887 1764 ac
2918 1709 3152 1783 singula
3181 1728 3307 1783 quae
3358 1718 3653 1784 postremo
3684 1714 3799 1771 hoc

2134 1788 2431 1846 volumine
2464 1794 2885 1865 comprehensa
2917 1802 3076 1865 sunt,
3102 1799 3213 1854 sub
3247 1816 3431 1855 unum
3454 1802 3623 1872 quasi
3656 1820 3800 1858 con-

2136 1884 2402 1951 spectum
2435 1883 2614 1954 (quod
2665 1901 2883 1941 munus
2929 1903 3131 1943 eorum
3164 1893 3253 1945 est
3299 1888 3400 1961 qui
3442 1891 3790 1962 praefantur)

2135 1970 2546 2043 subjiciamus.

2206 2060 2248 2114 Ι.
2285 2060 2611 2132 Principem
2641 2064 2841 2137 itaque
2868 2064 3064 2122 locum
3118 2069 3254 2124 XXII
3280 2068 3795 2129 Animadversioni-

2134 2148 2231 2203 bus
2259 2151 2321 2204 in
2369 2155 2442 2205 D.
2477 2152 2772 2209 Athanasii
2815 2156 2989 2211 vitam
3035 2159 3088 2211 et
3129 2160 3336 2230 scripta
3379 2160 3782 2234 attribuimus,

2133 2254 2282 2309 quas
2312 2239 2509 2295 statim
2542 2242 2787 2315 excipiet
2818 2245 3069 2301 Diatriba
3096 2247 3165 2302 de
3192 2264 3360 2303 causa
3389 2252 3652 2306 Marcelli
3678 2252 3793 2307 An-

2131 2330 2330 2398 cyranz'
2357 2346 2377 2383 :
2408 2331 2712 2403 egregium
2762 2338 3081 2407 utrumque
3125 2353 3273 2408 opus
3304 2340 3781 2409 praestantissimi

2133 2416 2191 2470 P.
2226 2417 2666 2489 Montfauconii,
2701 2438 2814 2493 quo
2860 2440 3031 2479 nemo
3060 2423 3121 2479 in
3152 2426 3517 2483 excutiendis
3564 2431 3620 2483 et
3649 2427 3787 2485 illu-

2132 2508 2390 2563 strandis
2434 2509 2500 2563 D.
2533 2510 2837 2567 Athanasii
2888 2513 3184 2584 operibus,
3213 2532 3280 2571 ac
3311 2517 3490 2573 rebus
3535 2518 3607 2572 ad
3662 2518 3792 2589 ejus

349 2618 396 2659 δ
427 2600 918 2659 bibliothecarum
952 2604 1210 2661 tenebris
1233 2608 1399 2660 erute
1428 2604 1487 2658 in
1520 2603 1711 2659 lucem
1733 2602 2016 2673 venerint,
2049 2629 2096 2693 B
2129 2595 2306 2651 vitam
2339 2601 2395 2652 et
2425 2599 2642 2670 scripta
2658 2601 3087 2672 pertinentibus
3113 2604 3443 2676 impensius
3472 2622 3538 2662 ac
3562 2605 3791 2664 felicius

354 2689 624 2762 plurima
655 2709 787 2748 vero
820 2694 891 2749 ad
923 2696 1051 2766 ejus
1102 2694 1323 2766 scripta
1352 2710 1417 2749 ac
1448 2697 1615 2765 gesta
1644 2692 2015 2760 illustranda,

366 2796 436 2835 ac
456 2782 652 2851 majus
672 2781 732 2837 in
763 2781 962 2839 lumen
985 2783 1321 2840 collocanda
1342 2783 1414 2838 ab
1440 2781 1857 2838 eruditissimis
1880 2781 2018 2837 viris

363 2869 620 2925 subinde
652 2870 870 2926 fuerint
892 2870 1253 2941 elucubrata,
1287 2873 1416 2929 ideo
1442 2880 1570 2937 nos,
1596 2871 1696 2942 qui
1726 2871 1787 2925 in
1819 2871 1877 2925 id
1902 2874 2020 2925 stu-

364 2956 527 3013 dium
558 2973 731 3015 omne
764 2977 829 3015 ac
861 2960 1224 3033 diligentiam
1246 2960 1669 3033 impendimus,
1701 2964 1765 3015 ut
1818 2963 2021 3015 nostra

362 3045 488 3102 haec
536 3050 594 3102 et
640 3053 837 3104 exacte
867 3050 1108 3105 omnino
1158 3050 1477 3117 elaborata,
1505 3054 1581 3121 et,
1617 3052 1905 3121 quantum
1956 3048 2016 3102 in

362 3134 535 3191 nobis
556 3141 665 3204 est,
691 3138 955 3194 numeris
978 3139 1254 3195 omnibus
1277 3138 1547 3194 absoluta
1567 3138 1828 3210 prodeat,
1854 3154 2016 3209 quas-

363 3240 599 3296 cunque
629 3229 763 3297 post
787 3242 855 3282 ea
882 3230 1149 3299 tempora
1169 3227 1365 3300 Magni
1396 3226 1700 3282 Athanasii
1724 3225 1942 3298 scripta
1961 3230 2019 3283 et

364 3311 789 3385 άποσπασμάτια
818 3315 1057 3388 vulgata
1107 3321 1264 3382 sunt,
1300 3315 1739 3371 accuratissime
1775 3314 2015 3387 collegi-

365 3416 525 3466 mus,
559 3406 618 3457 et
662 3401 721 3456 in
768 3419 955 3458 unum
986 3403 1154 3475 quasi
1207 3419 1420 3475 corpus
1472 3403 1915 3475 congessimus;
1949 3419 2018 3459 ex

364 3489 731 3545 eruditorum
755 3493 953 3545 autem
984 3490 1286 3563 opusculis
1307 3508 1373 3547 ac
1404 3492 1918 3547 dissertationibus
1950 3509 2018 3548 ea

362 3580 775 3635 tantummodo
816 3578 1154 3652 selegimus,
1190 3597 1317 3651 quae
1364 3586 1421 3636 et
1467 3580 1656 3653 magis
1688 3581 2018 3637 necessaria

360 3669 421 3722 et
469 3666 724 3735 gratiora
765 3667 1097 3740 legentibus
1136 3669 1563 3740 judicavimus,
1596 3685 1668 3725 ne
1718 3670 1767 3725 si
1819 3669 2019 3725 omnia

361 3771 861 3827 coacervaremus,
895 3761 953 3813 et
999 3757 1315 3814 levioribus
1360 3758 1524 3814 locus
1570 3766 1741 3828 esset,
1775 3764 1832 3814 et
1859 3760 2018 3815 volu-

360 3861 499 3901 men
531 3844 730 3917 ipsum
761 3848 821 3901 in
855 3846 1101 3903 nimiam
1133 3846 1603 3920 magnitudinem
1635 3853 2014 3905 excresceret.

360 3933 565 4006 Neque
593 3952 728 3991 vero
776 3935 1122 4007 hujusmodi
1171 3938 1229 3993 S.
1262 3936 1570 3993 Athanasii
1604 3942 2019 3993 monumento-

361 4039 521 4095 rum,
559 4041 687 4096 quaa
738 4026 892 4098 typis
930 4026 1148 4083 nostris
1196 4026 1627 4092 commisimus,
1660 4026 2015 4084 collectionis
2047 3998 2090 4065 α

360 4111 601 4168 laudem
649 4114 820 4170 nobis
868 4114 1151 4171 tributam
1204 4114 1518 4184 volumus;
1570 4116 1644 4172 iis
1692 4115 1848 4171 enim
1884 4117 2018 4188 jure

363 4201 588 4273 optimo
640 4203 906 4271 debetur,
948 4221 1199 4276 quorum
1247 4204 1519 4261 doctrina
1565 4210 1623 4261 et
1670 4204 1912 4261 consilio
1959 4206 2020 4262 id

362 4290 772 4361 praestitimus.
826 4293 908 4348 Ea
951 4310 1085 4349 vero
1132 4293 1284 4363 laus,
1331 4311 1397 4349 ac
1444 4294 1632 4367 gloria
1676 4295 1913 4367 propria
1958 4294 2019 4350 in

361 4379 577 4452 primis
627 4380 796 4437 Joan.
832 4382 1163 4455 Hieronymi
1214 4383 1544 4451 Gradonici,
1597 4382 2021 4456 archiepiscopi

362 4467 687 4537 Utinensis,
717 4470 819 4541 qui
851 4471 923 4526 ad
954 4469 1360 4527 ecclesiasticae
1403 4471 1711 4544 dignitatis
1743 4471 2022 4544 amplitu-

361 4557 567 4614 dinem
598 4558 659 4613 in
682 4558 793 4614 hoc
816 4558 1107 4632 praecipue
1126 4560 1458 4616 studiorum
1492 4577 1793 4616 sacrorum
1813 4577 2025 4633 genere

360 4647 731 4721 singularem
785 4651 1109 4722 quamdam
1157 4655 1215 4706 et
1245 4650 1601 4721 exquisitam
1631 4650 2023 4707 eruditionem

360 4736 657 4810 adjungit.
693 4737 758 4793 In
789 4736 968 4809 hujus
998 4739 1178 4794 etiam
1233 4739 1574 4795 societatem
1603 4740 1761 4795 venit
1789 4756 2027 4812 congre-

362 4826 625 4899 gationis
656 4826 907 4883 Oratorii
952 4828 1276 4901 presbyter,
1308 4830 1569 4885 Andreas
1601 4828 1870 4897 Galland,
1904 4830 2025 4903 qui,

360 4918 656 4989 quantum
699 4916 913 4982 studio,
943 4917 1227 4986 doctrina,
1260 4918 1471 4975 criticis
1524 4917 1667 4974 artis
1700 4918 1926 4991 peritia,
1961 4935 2027 4974 ac

360 5020 565 5061 rerum
622 5005 1154 5063 ecclesiasticarum
1200 5007 1530 5081 cognitione
1578 5012 1834 5079 praestat,
1877 5014 2029 5065 Nova

356 5099 603 5151 Patrum
633 5094 975 5152 Bibliotheca
1005 5096 1077 5151 ab
1107 5097 1237 5168 ipso
1267 5096 1528 5152 Venetiis
1572 5096 1730 5152 edita
1765 5097 1906 5154 satis
1937 5096 2028 5154 lu-

359 5182 634 5241 culenter
674 5184 948 5238 ostendit.
983 5185 1044 5239 In
1098 5184 1171 5239 iis
1201 5201 1335 5240 vero
1367 5201 1491 5256 quas
1527 5185 1738 5241 horum
1786 5186 2028 5243 consilio

356 5270 713 5344 collegimus
744 5288 860 5327 non
891 5288 1026 5327 eum
1060 5272 1326 5329 ordinem
1371 5274 1555 5329 secuti
1587 5292 1816 5343 sumus,
1853 5291 2029 5347 quem

2130 2686 2447 2741 insudavit.
2481 2689 2670 2760 Atque
2718 2689 2777 2745 in
2810 2691 3000 2762 priore
3048 2693 3291 2765 quidem
3336 2711 3472 2750 cum
3504 2694 3791 2752 nonnulla

2128 2774 2188 2829 in
2211 2777 2527 2833 Parisiensi
2552 2778 2804 2835 editione
2831 2781 2889 2835 in
2912 2784 3259 2838 transcursu
3286 2783 3509 2856 agitata
3534 2801 3779 2841 accura-

2128 2864 2268 2935 tius,
2304 2869 2369 2921 ut
2413 2866 2539 2940 ipse
2587 2868 2821 2937 fatetur,
2855 2871 3150 2940 excussit;
3189 2876 3316 2928 tum
3360 2874 3650 2946 praecipue
3702 2874 3779 2931 cl.

2126 2954 2562 3012 Tillemontium
2590 2964 2827 3015 strenue
2856 2960 3088 3030 refellit,
3112 2962 3450 3034 ubicunque
3477 2962 3576 3020 ille
3605 2964 3784 3021 autin

2127 3048 2426 3116 gestorum
2476 3048 2832 3115 recensione,
2868 3053 2970 3105 aut
3010 3050 3070 3105 in
3123 3055 3454 3123 temporum
3490 3056 3776 3125 supputa-

2126 3133 2283 3189 tione
2331 3134 2444 3189 sibi
2492 3137 2853 3192 adversatur.
2886 3139 2948 3201 In
2999 3139 3317 3210 posteriore
3366 3158 3501 3197 vero
3551 3159 3675 3198 rem
3719 3144 3781 3199 in

2126 3222 2517 3279 ecclesiastica
2556 3223 2802 3280 historia
2850 3228 3289 3297 perobscuram,
3324 3234 3380 3285 et
3426 3232 3500 3286 ab
3531 3231 3779 3288 eruditis

2126 3327 2343 3383 magna
2371 3312 2701 3368 animorum
2733 3314 3102 3370 contentione
3122 3315 3182 3370 in
3215 3321 3527 3389 utramque
3548 3323 3777 3390 partem

2128 3399 2427 3470 agitatam,
2486 3402 2556 3456 de
2607 3401 2861 3457 Marcelli
2911 3419 3122 3476 nempe
3171 3406 3461 3477 Ancyrani
3509 3408 3776 3465 doctrina

2126 3487 2571 3558 disquirendam
2617 3492 2974 3564 aggreditur,
3006 3510 3191 3565 eaque
3222 3496 3410 3565 affert,
3442 3513 3511 3552 ex
3558 3496 3776 3569 quibus

2127 3593 2277 3632 nova
2316 3577 2706 3635 Marcellianis
2753 3582 2928 3637 rebus
2958 3581 3058 3638 lux
3087 3584 3405 3654 oboriatur,
3446 3590 3511 3641 ut
3547 3586 3639 3642 sin
3671 3586 3780 3641 mi-

2128 3682 2262 3721 mus
2284 3666 2343 3721 in
2363 3668 2661 3733 omnibus,
2675 3669 2735 3723 in
2754 3670 2959 3727 multis
2977 3671 3186 3729 saltem
3208 3674 3551 3746 quastionis
3571 3675 3774 3731 admo-

2127 3754 2269 3811 dum
2298 3756 2610 3828 implicataa
2640 3758 2955 3816 difﬁcultas
2985 3762 3289 3818 enodetur.

2197 3846 2266 3900 II.
2300 3846 2499 3917 Neque
2528 3847 2726 3903 minus
2757 3849 3007 3905 obscura
3037 3855 3214 3923 atque
3242 3851 3503 3908 difﬁcilis
3534 3852 3781 3924 quaestio

2129 3938 2217 3990 est
2246 3934 2316 3990 de
2347 3952 2519 4003 anno,
2552 3953 2668 4008 quo
2698 3941 2762 3992 D.
2796 3938 3153 3995 Athanasius
3176 3944 3480 3997 tantorum
3509 3941 3783 3998 laborum

2127 4040 2231 4095 pro
2253 4023 2521 4079 Ecclesia:
2542 4025 2795 4083 utilitate
2819 4027 3243 4084 exantlatorum
3263 4031 3503 4101 prmmia
3525 4036 3786 4103 receptu-

2128 4129 2230 4168 rus
2260 4129 2290 4167 e
2319 4113 2463 4169 vivis
2495 4115 2744 4170 excessit
2789 4114 2862 4170 Ut
2890 4117 3047 4172 enim
3078 4118 3149 4173 de
3178 4117 3250 4174 iis
3276 4122 3502 4175 taceam
3533 4119 3634 4191 qui
3656 4121 3784 4191 ejus

2127 4201 2433 4257 interitum
2466 4203 2537 4259 ad
2583 4221 2677 4259 an.
2709 4205 2817 4259 375
2846 4205 3215 4262 referendum
3247 4211 3476 4279 putant,
3506 4208 3783 4264 nonnulli

2130 4291 2331 4363 magni
2362 4291 2620 4348 nominis
2649 4293 2960 4366 scriptores
2993 4298 3049 4350 et
3076 4295 3507 4368 chronographi
3538 4297 3786 4354 sanctis-

2133 4380 2350 4438 simum
2374 4382 2767 4453 patriarcham
2798 4384 3005 4438 an.371
3034 4384 3357 4441 decessisse
3384 4385 3779 4442 arbitrantur:

2133 4473 2334 4527 contra
2361 4487 2494 4526 vero
2524 4470 3053 4529 ecclesiasticorum
3096 4474 3402 4530 annalium
3432 4491 3648 4547 parens
3680 4476 3783 4531 Ba-

2133 4559 2337 4614 ronius
2353 4576 2455 4631 pro
2486 4562 2702 4615 an.372
2730 4562 2939 4617 acriter
2964 4567 3223 4636 pugnat:
3256 4563 3514 4619 maxima
3536 4565 3779 4620 tandem

2134 4648 2499 4704 eruditorum
2531 4666 2666 4721 pars
2691 4650 3036 4723 insequente
3065 4668 3184 4719 an.,
3211 4668 3424 4724 nempe
3452 4652 3579 4724 373,
3613 4669 3781 4709 eum-

2134 4737 2269 4793 dem
2298 4737 2514 4794 obiisse
2557 4740 2877 4795 contendit.
2913 4741 3211 4797 Postrema
3253 4741 3375 4797 haec
3418 4742 3616 4814 Opinio
3648 4757 3784 4797 cum

2128 4828 2252 4898 jam
2277 4826 2452 4899 vulgo
2471 4832 2703 4900 recepta
2722 4834 2894 4899 esset,
2909 4831 3090 4886 totius
3114 4829 3485 4902 antiquitatis
3505 4830 3789 4903 peritissi-

2137 4933 2271 4972 mus
2314 4916 2403 4971 vir
2440 4916 2650 4973 Justus
2700 4918 3044 4985 Fontanius,
3078 4918 3556 4991 archiepiscopus
3604 4921 3788 4992 Ancy-

2138 5023 2338 5075 ranus,
2373 5008 2682 5062 Historiam
2725 5007 3055 5063 litterariam
3100 5008 3503 5079 Aquileiensem
3532 5007 3790 5064 conscri-

2137 5097 2305 5166 bens,
2332 5100 2395 5151 ut
2415 5099 2571 5151 certo
2594 5099 2877 5152 statueret
2892 5113 3008 5168 quo
3029 5114 3181 5152 anno
3205 5097 3451 5153 Ruﬁnus
3471 5100 3527 5152 et
3541 5096 3790 5153 Melania

2138 5184 2198 5240 in
2240 5185 2553 5257 {Egyptum
2601 5201 2809 5240 venere
2838 5186 3067 5257 (eodem
3112 5189 3309 5241 autem
3358 5202 3509 5241 anno
3558 5184 3789 5241 venisse

2140 5278 2385 5342 constat,
2419 5291 2534 5346 quo
2566 5274 2631 5329 D.
2666 5274 2973 5330 Athanasii
3004 5274 3277 5330 interitus
3308 5273 3592 5346 contigit),
3628 5290 3787 5345 quas-

356 5363 424 5418 in
459 5378 570 5418 sua
620 5362 693 5417 ad
725 5378 922 5417 rerum
976 5378 1297 5431 sacrarum,
1332 5364 1625 5436 praecipue
1656 5364 1750 5420 SS.
1786 5364 2026 5421 Patrum
2057 5369 2106 5434 D
2139 5362 2389 5417 stionem
2420 5363 2492 5417 de
2523 5378 2676 5417 anno
2725 5360 3037 5417 emortuali
3085 5362 3144 5417 S.
3176 5361 3442 5417 Doctoris
3471 5362 3683 5417 iterum
3713 5360 3787 5417 ad

354 5449 670 5509 studiosos
700 5451 1103 5508 admonitione
1149 5467 1304 5507 anno
1333 5452 1598 5525 proxime
1638 5452 1839 5525 elapso
1871 5454 2029 5510 edita

432 5628 519 5704 (αν)Δ
542 5628 939 5704 Cum‘scripta
964 5629 1026 5704 in
1060 5629 1171 5687 hoc
1201 5629 1498 5688 volumine
1527 5636 1799 5689 contenta
1830 5631 2030 5704 dispo-

356 5700 664 5773 suerimus
685 5700 858 5773 juxta
879 5701 1148 5759 ordinem
1174 5719 1391 5759 novum
1414 5720 1448 5760 a
1468 5704 1639 5761 nobis
1660 5700 2028 5773 institutum,

356 5772 731 5860 pratationes
762 5772 955 5834 eidem
984 5773 1275 5837 volumini
1302 5775 1570 5850 praeﬁxas
1589 5775 1707 5838 huc
1739 5792 1871 5839 revo
1883 5772 2033 5837 cavi-

2137 5466 2380 5507 examen
2412 5449 2700 5506 revocavit
2728 5448 3009 5522 peculiari
3030 5449 3442 5507 dissertatione
3471 5450 3545 5506 ad
3568 5449 3788 5507 calcem

2140 5646 2296 5687 mus.
2329 5629 2613 5686 Caeterum
2640 5628 2905 5685 ordinem
2926 5644 3139 5685 novum
3163 5643 3296 5684 cum
3316 5626 3495 5685 veteri
3511 5625 3787 5685 collatum

2141 5702 2215 5760 ad
2247 5701 2464 5762 calcem
2494 5700 2639 5759 tomi
2670 5699 2743 5757 IV
2770 5699 3196 5761 exhibebimus.
3233 5699 3394 5761 Enrr.
