4170 6422
361 471 475 522 vm

1754 460 2368 528 PROLEGOMENA.

361 594 612 649 Historiae
641 595 926 651 litterariae
956 596 1317 666 Aquileiensis
1363 596 1607 666 adjecta.
1647 596 1705 650 In
1737 613 1803 651 ea
1835 597 1921 650 vir
1953 600 2010 651 et
2039 600 2092 664 Α
2123 601 2534 655 omittendum.
2569 603 2646 655 Ac
2696 601 2952 673 primum
2982 601 3223 673 quidem
3253 616 3322 657 ex
3360 599 3523 656 hisce
3563 615 3776 656 monu-

363 681 600 756 ingenio
631 687 689 739 et
718 685 1042 740 eruditione
1077 702 1349 740 summus
1381 685 1568 740 multa
1596 702 1782 757 eaque
1813 686 2016 758 gravia

366 789 434 828 ex
486 773 649 828 omni
697 774 879 830 ferme
939 775 1284 846 antiquitate
1330 773 1668 829 testimonia
1729 775 2012 846 congerit,

368 861 586 934 quibus
609 862 841 918 Baronii
881 862 1134 919 calculos
1158 862 1327 936 longe
1354 864 1830 919 accuratissimos
1854 868 2018 919 caete—

370 952 452 1009 ris
473 951 762 1008 ﬁdeliores
785 952 1069 1008 ostendat.
1097 955 1341 1006 Gratum
1365 952 1546 1024 igitur
1569 952 1890 1008 lectoribus
1908 969 2016 1007 nos

367 1043 627 1099 facturos
651 1041 1006 1115 putavimus,
1029 1042 1078 1097 si
1102 1046 1232 1114 post
1259 1041 1761 1096 Animadversiones
1788 1058 1853 1096 ac
1884 1043 2015 1096 Dia-

367 1132 573 1188 tribam
594 1130 1088 1187 cl.Montfauconii
1112 1130 1263 1186 hanc
1285 1147 1516 1202 quoque
1541 1130 2013 1187 dissertationem

365 1221 844 1296 adjungeremus,
887 1226 954 1275 ut
995 1220 1054 1275 in
1102 1235 1163 1274 re
1213 1220 1357 1276 adeo
1406 1221 1465 1274 in
1515 1219 1753 1292 ancipiti
1802 1219 2012 1291 posita,

362 1325 468 1382 pro
497 1326 614 1383 qua
641 1325 878 1366 summa
905 1309 1144 1381 ingenia
1173 1309 1330 1364 haud
1363 1309 1622 1381 segniter
1651 1309 1802 1364 inter
1830 1326 1892 1364 se
1922 1309 2016 1364 de-

361 1402 680 1467 certarunt,
713 1399 817 1471 qui
863 1399 935 1456 ad
983 1399 1285 1455 veritatem
1330 1399 1602 1454 accedere
1650 1399 1892 1470 propius
1923 1397 2014 1452 vi-

364 1489 623 1561 deretur,
653 1487 872 1545 clarius
919 1488 1206 1560 dispicere
1253 1504 1319 1543 ac
1367 1487 1710 1559 dignoscere
1749 1493 2010 1560 possent.

363 1579 494 1636 Haec
523 1578 808 1634 nimirum
838 1577 1208 1634 solummodo
1236 1594 1305 1632 ex
1344 1576 1709 1632 eruditorum
1741 1576 2014 1631 lucubra-

363 1667 626 1725 tionibus
649 1666 718 1722 ad
743 1666 983 1738 scripta,
1007 1670 1170 1738 gesta
1192 1665 1538 1736 obitumque
1557 1665 1861 1720 Athanasii
1884 1681 2013 1736 spe-

363 1758 661 1814 ctantibus
715 1755 884 1812 nobis
913 1755 1157 1827 seligere
1202 1754 1396 1810 visum
1438 1759 1562 1822 est;
1598 1755 1669 1810 de
1710 1753 1781 1809 cl.
1818 1758 2013 1810 autem

364 1847 656 1922 Scipionis
687 1846 900 1903 Maﬂ'eii
932 1844 1544 1901 animadversionibus
1574 1844 1633 1898 in
1665 1844 1895 1916 insigne
1918 1844 2013 1898 hi-

363 1937 557 1996 storia
589 1935 992 1994 ecclesiasticas
1023 1951 1155 1990 saec.
1188 1951 1246 1989 ιν
1275 1934 1670 2006 fragmentum
1705 1933 1776 1988 ab
1805 1948 1872 1987 eo
1902 1931 2009 1988 Ve-

361 2045 517 2085 ronae
549 2030 845 2099 repertum
875 2023 1216 2094 editumque
1246 2021 1420 2094 paulo
1451 2022 1604 2077 infra
1634 2021 1919 2077 dicemus.

432 2115 528 2172 III.
561 2115 664 2172 His
693 2115 756 2169 in
778 2117 1146 2168 antecessum
1169 2109 1489 2183 praemissis
1521 2110 1592 2165 ad
1620 2109 1809 2179 ipsius
1830 2109 2012 2165 Atha-

361 2204 514 2262 nasii
542 2203 734 2277 Opera
751 2201 1116 2267 devenimus,
1139 2216 1265 2272 quas
1299 2216 1455 2254 nunc
1486 2198 1748 2272 primum
1770 2197 2014 2254 collecta

360 2294 514 2369 typis
561 2291 782 2349 nostris
819 2288 1184 2362 evulgamus.
1217 2289 1300 2343 Ex
1337 2287 1450 2359 his,
1485 2305 1613 2360 quae
1647 2287 1837 2359 primo
1885 2286 2011 2343 loco

361 2387 699 2449 occurrunt,
731 2396 978 2453 quisque
1022 2378 1282 2435 secundo
1312 2394 1495 2449 supra
1518 2377 1863 2432 vicesimum
1896 2394 2012 2431 nu-

363 2489 525 2530 mero
572 2474 902 2536 censentur,
938 2485 970 2524 e
1000 2466 1485 2524 bibliothecarum
1514 2466 1757 2521 latebris
1783 2466 2010 2538 primus

361 2561 562 2619 eduxit
582 2577 649 2616 ac
678 2557 896 2632 publici
912 2557 1068 2630 juris
1094 2556 1227 2612 fecit
1248 2555 1320 2610 c1.
1346 2555 1839 2625 Montfauconius,
1865 2555 2011 2610 duo-

362 2653 475 2709 bus
505 2653 710 2707 contra
736 2647 1089 2704 Novatianos
1118 2644 1460 2716 fragmentis
1483 2644 1758 2716 exceptis,
1784 2644 2010 2700 decimo

361 2745 561 2799 octavo
589 2753 834 2795 numero
865 2734 1324 2808 comprehensis,
1349 2751 1478 2805 quae
1511 2750 1578 2789 ex
1609 2733 1803 2788 codice
1837 2733 2010 2788 LVIII

360 2828 725 2887 bibliotheca
772 2825 1001 2899 collegii
1031 2823 1174 2880 Novi
1221 2823 1637 2879 Oxoniensium
1668 2823 2013 2894 prodierunt

359 2937 502 2977 cura
547 2935 615 2975 ac
664 2915 969 2989 diligentia
1017 2917 1186 2969 Joan.
1217 2911 1620 2984 Christophori
1668 2910 1864 2967 Wolfii
1910 2914 2009 2982 (a).

363 3007 615 3082 Insignis
646 3005 941 3079 siquidem
970 3001 1069 3059 ille
1116 3002 1502 3058 Benedictinee
1536 2999 1769 3056 familia
1801 3016 2012 3055 mona-

363 3099 532 3167 chus,
565 3100 742 3168 atque
784 3092 1116 3149 indefessus
1165 3089 1534 3162 antiquitatis
1568 3089 2010 3161 pervestigator,

362 3186 629 3244 lustratis
653 3181 1032 3253 excussisque
1062 3197 1298 3237 summa
1327 3195 1468 3235 cura
1499 3195 1564 3234 ac
1593 3178 1788 3234 studio
1815 3175 2013 3233 Gallia;

2127 688 2341 743 mentis
2389 688 2733 744 historicum
2782 691 3081 762 quoddam
3131 693 3527 762 fragmentum
3578 696 3671 746 cst
3701 691 3775 746 ad

2126 775 2415 832 Meletiani
2464 779 2800 834 schismatis
2841 780 3163 852 primordia
3214 779 3536 851 pertinens,
3571 779 3628 834 in
3663 795 3779 852 quo

2127 865 2272 920 duas
2308 865 2592 923 habemus
2623 868 2898 938 epistolas
2922 885 3188 940 perraras
3219 886 3419 924 eorum
3443 873 3778 940 temporum

2125 954 2424 1025 reliquias,
2468 973 2595 1026 quae
2645 956 2936 1013 Niczenam
2988 958 3275 1029 synodum
3329 961 3777 1030 praecesserunt.

2125 1043 2401 1113 Sequitur
2431 1044 2640 1099 deinde
2671 1046 3036 1101 Sardicensis
3074 1046 3302 1101 concilii
3336 1047 3406 1102 ad
3439 1047 3780 1102 Mareoticus

2124 1131 2413 1187 Ecclesias
2443 1133 2709 1204 epistola,
2745 1134 3001 1206 itemque
3023 1135 3087 1190 D.
3116 1135 3420 1190 Athanasii
3454 1137 3603 1203 duae,
3630 1152 3778 1208 quas

2124 1220 2296 1292 paulo
2329 1226 2460 1277 ante
2491 1224 3099 1278 commemoravimus.
3133 1231 3215 1278 Ac
3246 1224 3612 1280 Sardicensis
3645 1224 3778 1298 qui-

2123 1310 2256 1365 dem
2308 1310 2534 1366 concilii
2581 1312 2828 1383 epistola
2859 1329 2925 1366 eo
2970 1314 3158 1380 magis
3207 1330 3442 1369 summo
3494 1313 3554 1369 in
3589 1313 3776 1386 pretio

2123 1403 2298 1469 atque
2329 1399 2546 1455 honore
2578 1400 2844 1456 habenda
2873 1407 2981 1469 est,
3015 1402 3189 1471 quod,
3225 1406 3289 1455 ut
3319 1407 3473 1458 recte
3503 1403 3774 1458 animad-

2122 1489 2295 1542 vertit
2315 1488 2388 1542 cl.
2423 1489 2706 1553 Mail‘eius,
2733 1489 2866 1544 licet
2890 1490 3084 1545 multo:
3104 1492 3175 1545 ab
3199 1491 3401 1546 eodem
3429 1491 3775 1562 conscripta

2124 1576 2359 1643 fuerint,
2385 1594 2580 1648 pauca:
2614 1579 2930 1634 admodum
2967 1579 3185 1650 injuria
3206 1585 3538 1652 temporum
3574 1581 3645 1635 ad
3669 1596 3775 1636 nos

2125 1671 2545 1736 pervenerunt;
2577 1683 2645 1721 ex
2694 1667 2884 1738 priore
2915 1685 3049 1723 vero
3103 1673 3164 1722 υ.
3200 1668 3522 1736 Athanasii,
3555 1668 3664 1725 etsi
3713 1669 3774 1723 in

2123 1770 2190 1808 ea
2207 1754 2670 1827 subscriptiones
2695 1757 2841 1811 foede
2855 1756 3070 1812 alicubi
3094 1758 3414 1828 depravatae
3431 1762 3774 1830 appareant,

2121 1843 2542 1916 episcopalium
2591 1849 2786 1900 tamen
2835 1846 3060 1918 aliquot
3109 1847 3500 1903 Ecclesiarum
3536 1848 3778 1904 nomina

2123 1931 2464 1998 ediscimus,
2497 1951 2643 2006 quas
2692 1935 2846 2006 apud
2900 1952 3100 1991 sacros
3149 1935 3519 2008 geographos
3559 1936 3778 1993 frustra

2124 2022 2428 2093 requiras;
2463 2023 2747 2079 nonnulla
2777 2025 2953 2080 etiam
2986 2024 3243 2080 virorum
3277 2042 3342 2080 ac
3375 2025 3634 2081 locorum
3668 2043 3779 2081 no-

2123 2112 2283 2166 mina
2305 2113 2566 2167 nondum
2589 2114 2901 2168 emendata
2917 2119 3084 2169 recta:
3109 2113 3340 2169 lectioni
3360 2115 3775 2185 restituuntur,

2120 2216 2188 2256 ex
2219 2203 2534 2273 posteriore
2565 2203 2804 2258 demum
2837 2204 3265 2275 praecipuarum
3312 2203 3370 2258 in
3405 2203 3650 2260 historia
3679 2221 3774 2261 ec-

2121 2289 2452 2346 clesiastica
2491 2295 2790 2364 gestarum
2825 2308 3021 2347 rerum
3072 2293 3289 2347 veritas
3318 2293 3642 2349 evidentius
3672 2294 3774 2349 de-

2123 2384 2488 2435 monstratur
2536 2380 2885 2452 ﬁrmiusque
2911 2381 3225 2437 stabilitur.
3260 2382 3610 2454 Hujusmodi
3651 2388 3772 2439 tres

2120 2467 2398 2538 epistolas
2428 2469 2669 2522 Historia
2697 2470 2957 2540 acephala
3005 2470 3382 2541 consequitur
3409 2470 3479 2524 ad
3511 2469 3771 2525 Athana-

2121 2555 2275 2611 sium
2308 2556 2680 2627 potissimum
2705 2574 2770 2611 ac
2799 2574 2892 2612 res
2910 2557 3336 2613 Alexandrinas
3365 2558 3685 2629 pertinens,
3710 2558 3772 2612 in

2122 2661 2238 2716 qua
2268 2644 2561 2700 nonnullas
2595 2662 2791 2700 rerum
2821 2645 3161 2717 περιστάσεις
3195 2645 3358 2717 prius
3397 2644 3606 2718 igneus
3637 2646 3774 2700 alre-

2123 2738 2352 2800 runtur,
2387 2734 2652 2806 quaedam
2685 2733 3055 2806 explicantur
3085 2732 3468 2804 enucleatius,
3505 2733 3774 2805 quaedam

2120 2823 2294 2877 etiam
2328 2821 2495 2878 aliter
2541 2828 2912 2891 enarrantur,
2943 2821 3177 2895 singula
3225 2839 3358 2879 vero
3408 2823 3774 2894 temporibus

2121 2917 2317 2966 exacte
2364 2929 2606 2983 prorsus
2653 2913 2931 2968 distincta
2974 2917 3111 2968 sunt
3139 2931 3152 2980 ;
3186 2930 3311 2985 qua:
3342 2912 3572 2968 utinam
3605 2928 3773 2967 ama-

2121 3001 2439 3056 nuensium
2470 3001 2699 3056 incuria
2728 3018 2842 3058 non
2891 3001 3190 3058 vitiasset!
3226 3001 3466 3072 Verum,
3501 3001 3657 3073 quod
3685 3005 3775 3056 est

2123 3093 2322 3145 notatu
2371 3090 2661 3162 praecipue
2713 3091 2983 3164 dignum,
3036 3107 3226 3146 annus
3277 3095 3367 3146 est
3424 3089 3772 3146 emortualis

2123 3179 2181 3234 S.
2215 3178 2538 3245 Athanasii,
2571 3196 2763 3249 quem,
2799 3179 2848 3234 si
2882 3179 3061 3252 hujus
3092 3180 3347 3235 historia:
3377 3179 3648 3250 scriptori
3670 3179 3773 3234 ba-

362 3280 418 3333 et
449 3274 627 3332 Italia:
649 3271 1039 3337 bibliothecis,
1064 3273 1351 3342 quotquot
1367 3269 1439 3323 ad
1464 3284 1705 3323 manum
1729 3270 2016 3322 venerunt
2125 3267 2318 3323 benda
2347 3273 2433 3324 est
2455 3269 2624 3336 ﬁdes,
2649 3285 2742 3323 an.
2776 3270 2881 3324 373
2904 3268 3224 3325 decessisse
3244 3267 3641 3340 comperimus
3666 3286 3678 3334 ;
3703 3283 3773 3323 ex

360 3363 588 3421 codices
612 3359 843 3428 evolvit,
877 3364 944 3416 ut
973 3359 1022 3415 si
1055 3375 1172 3430 qua
1201 3357 1394 3413 adhuc
1425 3356 1673 3411 laterent
1703 3353 2010 3410 Athanasii
2044 3343 2086 3410 C
2125 3373 2239 3428 quo
2261 3356 2621 3413 celeberrimi
2644 3358 3060 3413 Montfauconii
3085 3362 3545 3428 ceterorumque
3569 3357 3678 3412 hac
3701 3356 3773 3412 de

354 3455 574 3526 scripta
599 3451 662 3507 in
691 3451 886 3506 lucem
916 3447 1246 3513 emitteret;
1283 3445 1546 3516 tantique
1567 3444 1782 3500 laboris
1813 3461 1879 3500 ac
1910 3460 2006 3500 so-

349 3543 533 3599 lertia
562 3541 790 3597 fructus
819 3541 981 3594 fuere
1011 3553 1139 3609 quae
1172 3551 1351 3608 supra
1381 3533 1688 3590 innuimus
1711 3551 1905 3605 opera.
1929 3536 2006 3589 Ac

348 3633 746 3705 fragmentum
777 3628 1018 3701 quidem
1071 3642 1139 3681 ex
1183 3639 1430 3680 sermone
1457 3623 1527 3678 de
1557 3623 1662 3693 ﬁde
1693 3623 1751 3677 in
1805 3623 2007 3679 Coisli-

347 3723 524 3777 niana
553 3717 886 3776 Bibliotheca
933 3714 1136 3781 edidit,
1169 3712 1398 3783 reliqua
1445 3728 1580 3767 vero
1610 3711 1670 3765 in
1703 3712 1851 3767 Nova
1890 3714 2005 3768 Pa-

349 3815 498 3874 trum
549 3813 601 3865 et
653 3807 993 3878 scriptorum
1049 3802 1357 3859 Graecorum
1407 3801 1749 3856 Collectione.
1806 3800 2004 3874 Neque

348 3915 482 3956 vero
514 3896 713 3955 omnia
743 3901 807 3952 ut
826 3893 1115 3968 genuinos
1145 3889 1504 3947 sanctissimi
1531 3890 1814 3946 antistitis
1847 3891 2002 3947 fetus

346 3988 630 4056 venditat,
653 3987 725 4042 de
746 3983 1014 4058 pluribus
1037 3986 1236 4037 tamen
1268 3979 1414 4034 nihil
1437 3996 1566 4035 esse
1582 3978 2002 4052 ambigendum

349 4077 579 4135 statuit.
612 4074 760 4140 Quid
789 4089 925 4130 vero
957 4072 1026 4128 de
1054 4069 1171 4126 illis
1212 4069 1584 4125 sentiendum
1618 4068 1713 4136 sit,
1746 4085 1814 4124 ex
1843 4069 2000 4140 ejus-

343 4167 478 4224 dem
521 4163 859 4239 praafatione
889 4160 1108 4235 potius,
1143 4163 1200 4215 et
1241 4175 1310 4214 ex
1337 4158 1559 4214 Moniiis
1589 4156 1838 4229 singulis
1864 4174 1998 4230 ope-

343 4257 508 4314 ribus
555 4253 829 4328 praaﬂxis,
861 4266 1038 4323 quam
1089 4264 1156 4304 ex
1185 4247 1356 4304 nobis
1405 4246 1807 4302 ediscendum.
1840 4245 1999 4301 Nihil

346 4346 504 4404 enim
540 4361 643 4418 pro
674 4359 762 4414 ea,
796 4357 914 4414 qua
955 4338 1232 4412 pollebat,
1266 4335 1593 4393 eruditione
1624 4353 1690 4392 ac
1736 4336 2000 4392 doctrina

346 4433 738 4510 prastermisit,
768 4430 926 4504 quod
958 4429 1030 4484 ad
1063 4430 1284 4483 rectam
1317 4443 1520 4482 eorum
1546 4424 1996 4498 intelligentiam

343 4529 520 4596 atque
540 4520 837 4594 judicium
870 4517 1268 4574 necessarium
1297 4514 1611 4570 videretur.

414 4611 508 4668 IV.
539 4611 696 4668 Inter
715 4606 1118 4664 Athanasiana
1137 4621 1294 4673 vero,
1319 4621 1446 4676 quae
1469 4602 1837 4674 collegimus,
1861 4601 2000 4657 scri-

341 4705 443 4776 pta
471 4715 650 4758 suum
681 4699 858 4755 etiam
907 4695 1123 4751 habere
1150 4693 1345 4750 locum
1401 4692 1738 4764 putavimus
1785 4708 1994 4746 monu-
2027 4712 2071 4777 D
2103 4692 2236 4807 Si};

481 4793 528 4807 ιλ
591 4787 804 4807 -ιέ----ι
843 4783 1224 4807 ---ι--ι--ιε-..
1263 4799 1290 4807 -
1327 4780 1372 4807 ..1
1431 4780 1655 4807 ιιηωλελ
1701 4781 1757 4807 :_
1801 4779 1988 4807 hum“
2225 4777 2236 4788 .

341 4793 543 4848 menta
586 4787 808 4860 aliquot
837 4783 1232 4841 ecclesiastica
1261 4799 1296 4837 a
1325 4780 1397 4837 cl.
1431 4780 1657 4836 Maﬂ‘eio
1701 4781 1762 4835 in
1801 4779 1992 4836 lucem

344 4879 564 4936 emissa
607 4881 735 4932 tum
773 4878 918 4930 tom.
950 4873 1027 4927 ΙΙΙ
1068 4870 1486 4944 opusculorum
1518 4871 1734 4942 quibus
1785 4869 1994 4926 titulus

345 4968 727 5026 Osservazioni
757 4964 1049 5031 litterarie,
1073 4965 1200 5018 tum
1229 4963 1290 5016 in
1322 4961 1436 5016 fine
1461 4961 1590 5031 ejus
1614 4960 1805 5032 operis
1837 4960 1992 5031 quod

340 5057 648 5131 inscripsit
701 5054 883 5110 Storia
928 5052 1212 5120 teolugica.
1246 5049 1371 5105 Non
1421 5050 1618 5106 omnia
1670 5049 1907 5121 quidem
1962 5067 1996 5105 a

342 5151 551 5219 Magno
580 5143 898 5200 Athanasio
929 5141 1258 5220 001180er
1288 5143 1444 5204 sunt,
1467 5139 1570 5194 sed
1600 5139 1730 5194 duas
1759 5142 1991 5194 tantum

345 5234 628 5310 epistolis,
665 5247 916 5305 quarum
966 5229 1148 5286 altera
1193 5230 1265 5284 ad
1317 5228 1662 5284 Mareoticas
1704 5228 1994 5284 Ecclesias

344 5325 530 5382 missa
557 5321 686 5390 fuit,
719 5321 791 5377 ad
821 5319 1043 5376 clerum
1075 5317 1257 5374 altera
1306 5316 1764 5373 Alexandrinum
1796 5333 1861 5372 ac
1892 5316 1994 5372 Pa-

343 5409 690 5469 rembolam.
712 5408 930 5465 Verum
959 5424 1093 5465 cum
1126 5423 1192 5462 ex
1225 5405 1342 5462 illis
1373 5422 1628 5478 quoque,
1652 5423 1780 5477 quae
1809 5406 1990 5461 Atha-

2118 3463 2178 3502 re
2207 3447 2502 3502 sententiae
2534 3463 2648 3503 non
2683 3463 2890 3520 parum
2925 3447 3148 3502 roboris
3173 3464 3237 3502 ac
3269 3446 3567 3501 firmitatis
3600 3461 3770 3501 acoe-

2114 3536 2214 3592 dit.
2251 3537 2357 3600 Qui
2389 3552 2520 3592 vero
2568 3536 2896 3608 pleniorum
2928 3537 3000 3592 de
3031 3537 3161 3593 istis
3192 3535 3603 3592 ecclesiasticis
3635 3552 3768 3591 mo-

2114 3626 2414 3682 numentis
2441 3627 2836 3697 cognitionem
2867 3626 3180 3692 desiderat,
3214 3627 3265 3680 is
3296 3625 3470 3694 legat,
3502 3641 3651 3696 quas
3682 3624 3768 3680 si-

2115 3715 2235 3769 mul
2287 3715 2544 3771 edendas
2591 3716 2948 3784 curavimus,
2982 3715 3053 3768 cl.
3105 3713 3400 3785 Scipionis
3446 3713 3660 3768 Matfeii
3707 3713 3769 3768 in

2112 3801 2314 3856 eadem
2343 3801 2905 3864 animadversiones,
2938 3816 3039 3856 seu
3073 3799 3272 3871 potius
3323 3800 3770 3866 commentaria,

2113 3889 2170 3944 in
2202 3889 2420 3960 quibus
2450 3889 2650 3944 omnia
2670 3905 2774 3960 pro
2807 3889 2957 3943 mira
2985 3887 3204 3960 ingenii
3240 3887 3331 3942 sui
3363 3887 3640 3944 felicitate
3673 3904 3768 3944 sa-

2111 3977 2332 4049 gaciter
2377 3976 2604 4042 evolvit,
2637 3982 2694 4032 et
2742 3976 3040 4048 exquisitae
3078 3976 3424 4032 eruditionis
3475 3975 3605 4032 luce
3635 3992 3767 4048 per-

2112 4067 2326 4132 fundit,
2350 4067 2490 4138 quin
2522 4068 2698 4122 etiam
2733 4066 2919 4122 obiter
2947 4065 3146 4137 aliqua
3171 4065 3540 4121 eruditorum
3574 4069 3766 4120 errata

2110 4155 2381 4228 castigat.

2179 4289 2247 4345 V.
2280 4290 2515 4346 Graecus
2567 4305 2799 4362 quoque
2839 4292 3032 4345 textus
3062 4289 3321 4362 Epistula
3367 4287 3438 4343 ad
3463 4305 3668 4360 papam
3714 4293 3767 4344 et

2106 4380 2316 4435 clerum
2329 4381 2623 4435 Persarum
2634 4378 3166 4450 praztermittendus
3182 4395 3297 4433 non
3324 4377 3532 4444 fuit,ne
3547 4377 3687 4450 quid
3702 4376 3764 4434 in

2108 4468 2216 4524 hac
2245 4485 2395 4524 nova
2415 4469 2669 4540 Operum
2700 4466 3007 4524 Athanasii
3031 4467 3371 4524 collectione
3392 4468 3641 4523 deesset.
3661 4471 3764 4524 La-

2107 4559 2298 4613 tinum
2331 4557 2486 4630 typis
2515 4557 2860 4613 excudimus
2890 4560 3033 4612 tom.
3054 4557 3129 4626 ΙΙ,
3162 4573 3294 4629 pag.
3326 4556 3470 4623 649;
3498 4557 3764 4612 Graecum

2107 4647 2335 4719 primus
2375 4647 2537 4702 dedit
2585 4645 2656 4701 cl.
2693 4645 3166 4702 Montfauconius
3220 4645 3280 4700 in
3311 4645 3456 4699 Bibl.
3495 4644 3764 4711 Coi.din.,

2268 4735 2397 4800 269,
2419 4735 2572 4790 unde
2603 4752 2709 4791 nos
2727 4735 2893 4789 illum
2920 4734 3393 4806 desumpsimus.
3419 4737 3496 4788 De
3515 4732 3623 4788 hac
3641 4730 3764 4804 epi-

2105 4824 2255 4880 stola
2276 4823 2422 4878 nihil
2439 4824 2772 4879 addendum
2792 4822 2995 4878 Manilo
3013 4823 3169 4894 quod
3196 4822 3401 4878 Latino
3424 4822 3560 4893 ejus
3580 4819 3767 4878 textui

2106 4912 2463 4969 Benedictini
2497 4912 2768 4969 monachi
2799 4911 3229 4985 praemiserunt.

2171 5047 2268 5103 VI.
2303 5048 2503 5102 Exstat
2551 5051 2694 5102 tom.
2726 5046 2847 5113 VII,
2882 5063 3016 5118 pag.
3051 5046 3176 5110 846,
3211 5046 3376 5103 Novae
3403 5045 3765 5101 conciliorum

2101 5137 2473 5203 Collectionis,
2507 5152 2682 5207 quam
2730 5135 2987 5190 Venetus
3035 5135 3437 5208 typographus
3464 5133 3758 5190 Antonius

2103 5227 2265 5281 Zatta
2309 5226 2477 5281 edere
2524 5225 2731 5298 pergit,
2766 5225 3072 5280 Athanasii
3109 5225 3181 5280 de
3226 5224 3459 5280 Christo
3491 5225 3767 5279 testimo-

2104 5317 2290 5381 nium,
2323 5315 2674 5386 aﬂ'erturque
2706 5331 2739 5368 a
2773 5315 3006 5369 Leontio
3029 5315 3348 5387 Byzantino
3384 5313 3672 5368 monacho
3699 5311 3760 5366 in

2101 5421 2272 5477 opere
2305 5405 2566 5460 nondum
2597 5403 2751 5458 edito
2779 5407 2969 5458 contra
2999 5404 3350 5458 Nestorianos
3382 5410 3433 5457 et
3473 5401 3764 5456 Eutichia-

345 5502 580 5560 nasium
603 5503 899 5557 auctorem
930 5515 1048 5554 non
1071 5498 1320 5569 jactant,
1355 5512 1470 5551 non
1505 5511 1690 5566 pauca
1726 5495 1990 5565 ejusdem
2098 5510 2217 5550 nos.
2249 5493 2533 5548 Vetustas
2566 5491 2744 5562 hujus
2777 5491 2971 5563 operis
3004 5493 3185 5547 codex
3214 5495 3554 5547 asservatur
3581 5489 3766 5545 Vene-

341 5592 522 5648 vitam
545 5607 612 5648 ac
639 5588 857 5663 scripta
871 5587 1113 5662 propius
1133 5583 1692 5657 attingant,nullum
1713 5583 1990 5640 duximus
2098 5584 2198 5640 tiis
2228 5584 2288 5638 in
2322 5582 2519 5639 Graeca
2549 5586 2612 5637 D.
2646 5581 2823 5637 Marci
2873 5581 3252 5638 bibliotheca.
3287 5581 3365 5636 Ex
3389 5598 3456 5638 eo
3487 5579 3761 5653 quaedam

415 5803 497 5892 (α)
523 5801 659 5864 Vid.
687 5801 956 5878 ejusdem
999 5799 1164 5860 Praef.
1198 5799 1269 5858 ad
1301 5803 1443 5860 tom.
1477 5798 1553 5858 III
1593 5797 1788 5858 Anecd.
1825 5798 1994 5860 Graec.
