4170 6444
1652 350 2113 415 PRIEFATION

2270 348 2396 412 ΕΙ).
2442 348 2731 415 VENET.
3824 365 3898 430 ιχ

464 479 793 560 exscripsit,
828 480 1035 543 Latine
1064 482 1341 555 reddidit,
1376 485 1532 542 notis
1562 484 1873 542 illustravit
1931 486 2003 542 cl.
2036 487 2124 543 vir
2151 488 2207 555 Α
2238 502 2426 557 pauca
2475 485 2763 543 dicamus.
2798 486 3035 544 Librum
3071 486 3269 560 itaque
3306 485 3383 545 De
3409 485 3590 546 titulis
3644 487 3900 548 Psalmo-

462 575 753 632 Antonius
784 576 1162 649 Bogiovanni,
1198 575 1431 648 misque
1488 574 1559 631 ad
1589 575 2001 631 doctissimum
2038 577 2122 631 vi-

463 681 596 720 rum
609 665 1159 721 Joan.Dominicum
1180 664 1904 737 Mansi,archiepiscopum
1924 671 2127 736 postea

464 756 1040 827 Lusensum,quihus
1072 772 1281 810 novam
1312 759 1368 810 et
1400 753 1827 826 amplissimam
1854 754 2125 810 concilio-

461 859 593 899 rum
626 844 1236 915 Collectionem,cujus
1268 843 1441 915 paulo
1476 847 1608 897 ante
1641 843 2127 908 meminimus,lo-

460 933 803 1005 cupletaret.
841 934 958 989 Hoc
1001 933 1301 988 Athanasii
1336 933 1407 987 de
1455 933 1683 988 Christo
1722 932 2125 989 testimonium

463 1021 613 1077 illud
649 1023 844 1094 ipsum
893 1028 1002 1092 est,
1063 1023 1216 1094 quod
1250 1021 1310 1077 in
1342 1023 1605 1093 ejusdem
1637 1023 1711 1076 De
1746 1023 2127 1078 Incarnatione

467 1111 627 1167 Verbi
649 1113 747 1167 Dei
774 1112 1057 1183 opusculo
1084 1111 1339 1183 legimus
1370 1111 1523 1167 inter
1551 1128 1727 1182 opera
1756 1111 1931 1166 dabia
1958 1110 2125 1166 initio

457 1202 666 1257 tom.II
699 1201 773 1273 (a)
802 1218 835 1255 a
866 1201 1171 1256 monachis
1204 1200 1598 1257 Benedictinis
1627 1200 2122 1264 relato.Quoniam

457 1307 592 1347 vero
622 1292 678 1345 in
711 1307 777 1346 eo
802 1290 1071 1362 paucnla,
1121 1290 1392 1362 quaedam
1443 1289 1612 1345 aliter
1640 1290 1917 1361 leguntur
1949 1296 2123 1361 atque

458 1379 540 1435 ibi
571 1379 791 1436 editum
825 1380 952 1451 fuit,
988 1397 1059 1435 ne
1090 1380 1233 1451 quid
1264 1380 1569 1434 videamur
1600 1379 1892 1445 omittere,
1936 1378 2126 1449 placet

458 1467 605 1523 illud
638 1468 747 1525 hoc
804 1468 929 1524 loco
987 1469 1265 1540 proferre.
1335 1472 1460 1520 ΥοΥ
1498 1470 1822 1521 ΜΕΓΑΑΟΥ
1863 1472 2123 1520 ΑΘΑΝΑ-

458 1561 637 1612 ΣΙΟΥ.
670 1554 1083 1630 Ὁμολογοῦμεν
1132 1556 1222 1610 καὶ
1275 1556 1411 1609 εἶναι
1470 1554 1627 1609 αὐτὸν
1661 1555 1782 1608 rte,
1838 1560 1934 1608 τοῦ
1964 1559 2119 1627 Θεοῦ,

454 1646 546 1700 καὶ
579 1645 706 1700 Θεὸν
766 1646 904 1700 κατὰ
954 1650 1190 1718 πνεῦμα,
1241 1645 1354 1698 υἱὸν
1407 1645 1692 1719 ἀνθρώπου
1743 1644 1879 1698 κατὰ
1928 1644 2119 1720 σάρκα,

457 1734 518 1789 οὐ
552 1732 647 1790 δύο
678 1734 863 1813 φύσεις
910 1735 1000 1788 τὸν
1060 1731 1155 1788 ἕνα
1185 1734 1328 1803 Υἱὸν,
1389 1733 1511 1806 μίαν
1562 1734 1973 1810 προσκυνητήν,
2027 1734 2119 1787 καὶ

459 1824 587 1897 μίαν
619 1824 1047 1900 ἀπροσδιόνητον,
1084 1821 1231 1877 ἀλλά
1280 1823 1403 1896 μίαν
1442 1822 1597 1901 φύσιν
1644 1827 1739 1877 τοῦ
1773 1828 1906 1878 Θεοῦ
1934 1822 2116 1897 Λόγου
2150 1865 2199 1928 Β

459 1914 903 1989 σεσαρκωμὲνην,
960 1913 1051 1967 καὶ
1102 1914 1586 1988 προσκυνουμένην
1650 1913 1785 1986 μετὰ
1839 1920 1940 1981 τῆς
1990 1933 2117 1987 σαρ-

454 2002 554 2063 κὸς
605 2000 767 2057 αὐτοῦ
823 2007 920 2075 μιᾷ
976 2004 1366 2077 προσκυνήσει.
1423 2005 1558 2069 Quae
1618 2003 1700 2057 ita
1755 2003 1923 2058 vertit
1972 1994 2113 2057 Ant.

457 2092 857 2165 Bongiovanni
908 2110 922 2147 :
971 2093 1178 2148 MAGNI
1242 2094 1623 2149 ATHANASII.
1677 2092 2016 2161 Con/itemur
2070 2097 2124 2148 et

452 2184 635 2254 ipsum
664 2198 776 2238 esse
809 2184 914 2237 Dei
942 2184 1170 2247 Filium,
1209 2191 1371 2254 atque
1427 2184 1598 2238 Deum
1652 2181 1955 2237 secundum
1984 2182 2110 2252 Spi-

450 2273 704 2339 ritum,et
733 2271 1186 2342 ﬁlium,hommis
1217 2271 1516 2327 secundum
1542 2287 1907 2336 carnem,non
1936 2280 2120 2327 autem

450 2361 588 2416 duas
614 2369 842 2416 naturas
874 2378 1047 2415 unum
1076 2361 1302 2431 Filium,
1346 2378 1519 2415 unam
1548 2358 1909 2423 adorandum,
1943 2363 2118 2415 aliam

450 2465 563 2505 non
582 2451 752 2512 item;
780 2449 875 2504 sed
906 2466 1078 2504 unam
1110 2450 1172 2505 in
1201 2451 1318 2520 ipso
1348 2450 1447 2504 Dei
1498 2449 1663 2505 Verbo
1711 2456 1975 2504 naturam
2027 2449 2115 2504 in-

451 2544 775 2607 carnatam,
807 2547 968 2610 atque
998 2554 1106 2594 uno
1131 2538 1420 2610 eodemque
1453 2539 1608 2593 cultu
1650 2540 2113 2609 prosequendum.

450 2629 653 2684 Exstat
676 2629 895 2701 pariter
923 2633 1064 2683 tom.
1103 2629 1285 2700 I,pag.
1319 2628 1409 2698 34,
1445 2627 1691 2698 Catalogi
1717 2627 1966 2683 codicum
1995 2645 2115 2683 ma-

448 2720 871 2790 nuscriptorum
891 2718 1234 2774 bibliothecae
1251 2718 1498 2774 Medicem
1511 2719 2109 2789 Laurentiance,quem

455 2807 948 2880 diligentissimus
972 2825 1133 2879 aeque
1152 2825 1217 2863 ac
1238 2808 1677 2863 eruditissimus
1696 2807 1785 2861 vir
1810 2808 2112 2879 Ang.Mar.

449 2896 772 2953 Bandinius
795 2896 1095 2953 Florentia:
1113 2897 1297 2953 edidit
1320 2899 1561 2953 an.1764
1584 2916 1596 2965 ;
1631 2896 2110 2969 exstat,inquam,

448 2985 856 3057 interpretatio
878 2984 1033 3040 tituli
1060 2985 1205 3057 psal.
1238 3003 1444 3052 Lxxvu,
1469 3003 1595 3058 quae
1638 2986 1831 3057 Magni
1854 2986 2111 3042 Athana-

447 3073 520 3129 sii
553 3090 764 3129 nomen
795 3091 910 3146 pra
944 3091 1005 3129 se
1038 3075 1167 3129 fert.
1201 3073 1523 3145 Desumpta
1551 3079 1640 3130 est
1666 3091 1733 3129 ex
1748 3073 2109 3145 plut.V,cod.

446 3162 592 3231 XIV,
620 3163 680 3218 in
712 3179 828 3235 quo
858 3162 1108 3218 habetur
1132 3167 1335 3219 catena
1366 3165 1757 3235 quorumdam
1790 3164 2030 3219 Patrum
2053 3164 2111 3219 in

2233 592 2362 630 rum
2405 593 2438 630 a
2468 576 2843 632 sanctissimo
2873 576 3119 633 Doctore
3148 577 3330 633 fuisse
3359 580 3759 651 conscriptum
3790 595 3901 636 nos

2235 666 2507 721 dubitare
2539 684 2653 723 non
2685 667 2825 722 sinit
2857 667 2924 723 D.
2959 668 3353 741 Hieronymus
3380 670 3457 724 De
3482 671 3673 738 script.
3706 671 3898 726 eccles.

2236 771 2364 827 cap.
2398 756 2487 810 87.
2520 760 2575 810 S.
2610 757 2913 813 Athanasii
2944 756 3161 813 librum
3193 758 3696 830 interpretationis
3735 758 3903 816 Psal-

2236 861 2467 901 morum
2495 848 2753 919 synodus
2773 864 3003 919 quoque
3024 866 3060 902 η
3081 847 3314 905 Nicena
3337 853 3760 905 commemorat
3785 852 3898 905 act.

2235 935 2289 989 6.
2333 935 2681 1006 Fragmenta
2711 938 2979 1008 quaedam
3038 937 3441 993 Athanasiana
3478 938 3904 1010 Expositionum

2237 1025 2297 1079 in
2328 1025 2577 1079 Psalmos
2630 1026 2834 1081 Latina
2883 1026 3365 1098 interpretatione
3396 1027 3717 1083 donaverat
3746 1026 3902 1084 Poli-

2236 1112 2433 1168 tianus
2460 1132 2471 1181 ;
2499 1114 2767 1185 quaedam
2799 1115 2976 1170 etiam
3000 1115 3202 1171 Daniel
3236 1116 3612 1183 Barbarus,et
3639 1117 3904 1174 Balthas-

2236 1219 2333 1257 sar
2357 1203 2667 1258 Corderius
2698 1203 2755 1257 in
2789 1204 3017 1260 Catenis
3050 1205 3286 1261 Patrum
3308 1207 3380 1260 ad
3413 1205 3681 1263 Psalmos
3707 1210 3905 1279 protu-

2234 1290 2425 1347 lerant
2453 1310 2465 1359 ;
2500 1292 2704 1347 Petrus
2736 1293 2877 1348 item
2903 1293 3332 1351 Felckmannus
3353 1312 3423 1351 ex
3443 1295 3664 1352 Catena
3687 1295 3900 1352 Nicetes

2233 1380 2584 1436 Heracleotes
2617 1382 2945 1454 fragmenta
2996 1383 3533 1440 Commentariorum
3589 1384 3898 1441 Athanasii

2244 1472 2303 1524 in
2326 1471 2577 1525 Psalmos
2607 1470 2994 1542 evulgaverat.
3014 1471 3219 1527 Postea
3242 1472 3666 1529 monachorum
3718 1474 3900 1531 Bene-

2232 1559 2526 1614 dictorum
2554 1559 2751 1616 studio
2777 1577 2844 1615 ac
2872 1560 3177 1633 diligentia
3206 1560 3617 1634 locupletiores
3649 1564 3711 1618 in
3738 1563 3901 1619 Psal-

2234 1663 2346 1703 mos
2371 1649 2748 1720 Expositiones
2779 1649 2846 1704 D.
2901 1650 3197 1707 Athanasii
3227 1651 3592 1723 prodierunt,
3626 1656 3682 1707 et
3715 1669 3901 1724 quan-

2232 1753 2409 1808 quam
2445 1738 2891 1810 inscriptionem
2934 1754 3050 1795 non
3081 1739 3226 1795 satis
3283 1741 3590 1797 commode
3642 1740 3792 1798 libro
3826 1743 3903 1799 De

2232 1828 2417 1883 titulis
2448 1828 2800 1883 Psalmorum
2829 1828 2901 1883 ab
2934 1828 3283 1903 Hieronymo
3326 1829 3563 1886 laudato
3593 1831 3901 1887 convenire

2237 1912 2363 1968 ulro
2399 1914 2653 1970 fateatur
2683 1914 3178 1987 Montfauconius,
3236 1933 3308 1973 ea
3336 1921 3538 1974 tamen
3570 1919 3897 1991 genuinum

2232 2006 2291 2056 S.
2328 2003 2587 2058 Doctoris
2629 2005 2810 2059 fetum
2843 2010 3158 2062 asseverat.
3190 2006 3407 2063 Verum
3438 2007 3597 2064 enim
3618 2025 3754 2066 vero
3781 2026 3897 2067 non

2235 2092 2551 2147 defuerunt
2579 2092 2688 2146 viri
2721 2093 2955 2164 eruditi,
2990 2095 3111 2167 qui,
3151 2111 3210 2150 re
3241 2095 3522 2151 attentius
3577 2096 3897 2169 explorata,

2233 2182 2470 2236 easdem
2521 2184 2730 2254 Magno
2785 2182 3103 2239 Athanasio
3153 2184 3585 2255 abjudicarunt.
3635 2186 3897 2242 Tandem

2234 2270 2389 2342 quod
2426 2270 2498 2325 cl.
2531 2270 3001 2328 Montfauconius
3032 2273 3092 2328 in
3139 2273 3479 2329 Praafatione
3518 2275 3589 2330 ad
3622 2291 3800 2347 opera
3832 2276 3894 2332 S.

2232 2360 2537 2415 Athanasii
2563 2362 2633 2416 ab
2667 2378 2730 2416 se
2760 2361 2820 2415 in
2861 2363 3007 2417 Nova
3055 2363 3293 2418 Patrum
3353 2363 3679 2420 Collectione
3729 2363 3897 2420 evul-

2229 2453 2367 2521 gata
2421 2467 2773 2521 persuasum
2806 2450 2918 2506 sibi
2974 2467 3103 2507 esse
3153 2452 3561 2525 afﬁrmaverat,
3612 2451 3896 2510 nimirum

2230 2542 2438 2610 praeter
2467 2556 2555 2610 ea,
2612 2557 2738 2612 qua:
2795 2543 2936 2596 tunc
2968 2541 3250 2614 temporis
3284 2542 3343 2597 in
3393 2541 3605 2614 vulgus
3634 2542 3894 2614 primum

2228 2628 2498 2683 mittebat
2539 2630 2597 2684 S.
2649 2630 2913 2685 Doctoris
2961 2630 3200 2702 scripta,
3234 2630 3350 2686 alia
3401 2630 3644 2703 insuper
3671 2630 3896 2689 inedita

2227 2717 2597 2785 delitescere,
2626 2719 2860 2774 eruditu
2896 2736 2923 2774 s
2947 2721 3035 2774 vir
3062 2719 3339 2775 Nicolaus
3371 2719 3721 2778 Antonellus
3736 2719 3891 2777 inter

2226 2822 2407 2862 manu
2441 2812 2707 2863 exaratos
2740 2807 3104 2864 bibliothecae
3156 2809 3610 2865 Barberinorum
3660 2809 3891 2868 codices

2223 2897 2605 2968 Expositiones
2682 2899 3050 2965 Psalmorum,
3111 2899 3232 2954 sive
3289 2898 3508 2955 librum
3579 2899 3656 2955 De
3709 2900 3891 2959 titulis

2225 2985 2592 3050 Psalmorum,
2626 2985 2696 3039 de
2727 3001 2841 3056 quo
2875 2984 3381 3057 agimus,feliciter
3408 2985 3642 3043 detexit.
3665 2987 3727 3043 Id
3756 2998 3888 3059 ger-

2225 3087 2468 3128 manum
2491 3089 2620 3128 esse
2644 3073 3020 3129 D.Anathasii
3044 3090 3193 3146 opus
3218 3074 3458 3130 omnino
3480 3092 3597 3132 non
3617 3075 3887 3149 ambigit,

2223 3162 2499 3233 idemque
2525 3178 2655 3217 esse
2686 3178 2751 3217 ac
2780 3162 2999 3217 librum
3028 3164 3104 3218 De
3142 3163 3327 3219 titulis
3358 3165 3706 3222 Psalmorum
3735 3182 3771 3222 a
3817 3171 3883 3223 D.

445 3252 759 3320 Psalmos;
803 3268 1057 3324 cumque
1101 3253 1230 3324 ipsa
1286 3252 1462 3307 etiam
1512 3255 1583 3309 ab
1615 3254 1772 3309 edita
1818 3256 1892 3325 (ιν)
1952 3254 2105 3309 tituli
2141 3239 2183 3305 C
2223 3251 2571 3323 Hieronymo
2620 3250 2998 3306 recensitum.
3055 3252 3217 3316 Quod
3251 3257 3317 3307 ut
3336 3253 3449 3308 sibi
3510 3254 3881 3325 persuadeat,

440 3343 709 3414 ejimdem
740 3342 952 3414 psalmi
977 3342 1451 3412 interpretatione
1476 3342 1723 3409 differat,
1760 3343 1854 3398 hic
1894 3342 2105 3399 saltem

442 3434 578 3501 post
607 3429 958 3485 Bandinium
992 3430 1199 3484 merito
1231 3430 1623 3485 recudendam
1664 3431 2108 3503 putavimus.Ea

442 3521 641 3575 autem
690 3522 780 3574 est
842 3518 1187 3589 hujusmodi
1223 3536 1235 3572 :
1270 3515 1505 3587 Ψαλμὸς
1556 3520 1651 3587 οξ.
1700 3520 1975 3581 Συνὲσεως
2024 3523 2102 3591 τῷ

442 3607 638 3683 Ἀσάφ.
698 3605 959 3660 Ἐνταῦοα
1012 3606 1080 3659 τὰ
1132 3612 1235 3674 τῆς
1269 3603 1507 3677 Ἐξὸδου,
1549 3608 1617 3661 τὰ
1662 3612 1769 3661 τῶν
1803 3609 2101 3684 Ἀριθμῶν,

440 3696 535 3750 καὶ
583 3696 649 3749 τὰ
704 3699 800 3749 τοῦ
856 3694 1284 3769 Δευτερονομίου
1333 3692 1559 3768 ψάλλει,
1619 3698 1708 3751 τὸν
1770 3696 1827 3752 δὲ
1886 3695 2104 3770 ψαλμὸν

443 3781 665 3855 ᾅδειτῷ
720 3785 828 3856 νὲῳ
888 3781 1029 3854 λαῶ,
1082 3788 1358 3857 παραινῶν
1416 3788 1494 3855 τῷ
1522 3784 1680 3858 νόμῳ
1708 3786 1997 3862 προσέχειν
2029 3791 2107 3858 τῷ

449 3871 794 3949 εὐαγγελικῷ
845 3890 858 3903 ·
907 3876 1004 3925 τοῦ
1056 3869 1113 3925 δὲ
1160 3868 1399 3925 παλαιοῦ
1447 3876 1553 3926 τῶν
1608 3871 1885 3929 Ἰουδαίων
1924 3873 2105 3947 δήμου

442 3966 795 4038 κατηγορῶν,
831 3961 907 4023 ὡς
964 3960 1309 4035 ἀγνώμονος,
1357 3961 1448 4014 καὶ
1499 3961 1791 4037 ἀχαριστίᾳ
1828 3965 1924 4025 τὰς
1958 3963 2105 4037 εὐερ-

448 4052 636 4126 γεσίας
669 4049 1067 4124 ἀμειψαμὲνου,
1118 4053 1420 4126 παρορμῶν
1470 4047 1527 4104 δὲ
1556 4053 1706 4123 ἡμᾶς
1739 4050 1827 4106 ἐπὶ
1856 4053 1956 4122 τὴν
1990 4050 2108 4107 σύν-

445 4160 555 4197 sch
614 4144 723 4195 τῶν
786 4139 1195 4215 ἐπιφερομένων
1230 4183 1245 4208 ,
1310 4139 1585 4202 Συνέσεως
1637 4142 1735 4210 τήν
1796 4141 2104 4220 ἐπιγραφὴν

443 4228 762 4304 ὲποιῇσατο·
796 4230 930 4294 Quae
973 4247 1081 4285 nos
1140 4230 1222 4284 ita
1279 4229 1737 4302 interpretamur
1778 4249 1790 4287 :
1846 4249 2108 4288 PSALMUS

445 4337 654 4376 LXXVII.
688 4321 1064 4375 ImsLLsc'rus
1094 4320 1498 4391 Asaeuﬂefert
1527 4322 1587 4374 in
1618 4320 1719 4376 hoc
1746 4322 1956 4393 psalmo
1987 4337 2111 4393 quae

444 4410 506 4465 in
547 4411 711 4465 libris
756 4409 951 4477 Exodi,
1016 4410 1383 4465 Numerorum
1425 4413 1475 4464 et
1520 4410 1931 4467 Dcuteronomii
1975 4428 2107 4465 nar-

446 4503 667 4565 rantur,
694 4498 973 4570 psalmum
1001 4514 1124 4554 vero
1171 4500 1323 4553 canit
1368 4514 1505 4553 novo
1535 4501 1756 4570 populo,
1808 4499 2109 4555 admonens

2218 3340 2469 3394 duorum
2500 3339 2979 3395 doctissimorum
3008 3339 3267 3395 virorum
3296 3340 3537 3397 Andreae
3588 3342 3790 3410 Scotti,
3814 3346 3874 3400 et

2220 3430 2386 3484 Lucae
2404 3428 2687 3484 Holstenii
2703 3428 3047 3484 auctoritate
3060 3428 3347 3501 praecipue
3362 3434 3628 3487 movetur
3648 3448 3661 3499 ;
3687 3430 3875 3487 multa

2219 3521 2707 3588 prarterea,eaque
2740 3534 2856 3572 non
2889 3516 3036 3572 levia
3054 3521 3401 3589 argumenta
3429 3519 3614 3587 affert,
3657 3518 3874 3591 quibus

2216 3605 2479 3677 idipsum
2513 3606 2820 3661 manifeste
2852 3606 3111 3673 evincat;
3146 3607 3415 3677 quadam
3445 3606 3779 3680 etiam,quaa
3813 3608 3875 3664 in

2218 3694 2572 3750 contrariam
2612 3699 2837 3766 partem
2879 3694 3051 3766 objici
3090 3700 3353 3767 possent,
3410 3696 3711 3769 ingeniose
3760 3714 3877 3756 non

2216 3786 2414 3840 minus
2437 3801 2615 3856 quam
2645 3784 2871 3840 erudite
2899 3783 3128 3840 refellit.
3166 3784 3434 3857 Legenda
3452 3786 3692 3843 omnino
3719 3788 3882 3859 ejus-

2219 3873 2353 3928 dem
2369 3872 2845 3945 Praefatio,quam
2860 3872 3019 3945 operi
3034 3890 3067 3929 a
3081 3890 3143 3929 se
3158 3873 3313 3929 edito
3324 3874 3631 3946 praemisit,
3644 3874 3745 3931 ubi
3759 3892 3883 3932 rem

2217 3966 2400 4017 totam
2426 3963 2593 4019 docte
2625 3962 2947 4017 admodum
2970 3979 3036 4017 ac
3067 3962 3273 4019 fusiori
3309 3962 3458 4037 stylo
3488 3964 3881 4036 persequitur.

2220 4051 2360 4106 Utra
2388 4051 2639 4107 istarum
2662 4052 2723 4106 in
2752 4051 3000 4107 Psalmos
3029 4052 3546 4123 interpretationum
3562 4052 3883 4110 Athanasio

2218 4141 2535 4196 tribuenda
2567 4140 2663 4207 sit,
2711 4157 2856 4195 eane
2903 4140 3266 4197 Benedictini
3319 4140 3612 4211 monachi,
3647 4157 3720 4197 an
3748 4157 3884 4198 vero

2221 4247 2400 4303 quam
2434 4229 2782 4286 Antonellus
2814 4230 3051 4297 detexit,
3088 4229 3334 4286 deﬁnire
3365 4230 3478 4302 ipsi
3510 4247 3619 4288 nos
3636 4247 3754 4288 non
3774 4248 3887 4288 au-

2220 4321 2430 4375 demus
2464 4338 2477 4375 :
2500 4320 2661 4374 litem
2688 4319 2840 4375 hanc
2864 4318 3230 4375 eruditorum
3244 4318 3473 4391 judicio
3493 4319 3887 4377 dirimendum

2221 4408 2631 4479 relinquimus.
2666 4408 2746 4463 De
2776 4408 2885 4463 hoe
2920 4424 3056 4475 uno,
3091 4408 3249 4479 quod
3281 4408 3353 4464 ad
3386 4425 3493 4464 nos
3522 4407 3752 4477 attinet,
3770 4408 3887 4465 ad-

2223 4498 2556 4553 monendus
2585 4502 2674 4553 est
2704 4497 2907 4567 lector,
2941 4505 3070 4569 post
3101 4496 3323 4552 editum
3372 4513 3583 4569 nempe
3613 4498 3685 4553 ab
3713 4500 3888 4553 Anto-

442 4593 505 4645 ut
535 4590 651 4659 legi
680 4586 1031 4661 evangelicae
1054 4587 1317 4643 attendat.
1355 4586 1487 4643 Cum
1516 4597 1710 4643 autem
1740 4597 1970 4644 veterem
1997 4593 2107 4644 Ju-
2141 4613 2187 4676 D
2223 4586 2376 4643 nello
2406 4589 2755 4642 Psalmorum
2812 4587 3282 4642 Commentarium
3313 4586 3616 4642 Athanasii
3648 4585 3888 4642 nomine

444 4678 695 4737 timorum
722 4678 988 4750 populum
1030 4686 1294 4748 tanquam
1332 4678 1685 4748 insipientem
1730 4686 1960 4747 accuset,
2011 4680 2109 4750 qui

448 4768 714 4839 beneﬁcia
740 4768 900 4823 nulla
946 4768 1257 4838 gratiarum
1301 4770 1515 4823 actione
1544 4767 1877 4839 rependerit,
1907 4784 2110 4841 nosque

447 4859 642 4914 excitet
672 4857 743 4913 ad
781 4857 1212 4927 intelligentiam
1240 4872 1431 4912 eorum
1462 4870 1591 4928 qua:
1621 4857 1954 4928 aﬂeruntur,
1987 4857 2109 4913 ideo

449 4945 787 5003 Intellectus
819 4948 1039 5002 titulum
1066 4947 1384 5017 praeposuit.

524 5036 646 5090 VII.
672 5035 985 5107 Reliquum
1018 5035 1259 5090 tandem
1293 5039 1401 5105 est,
1436 5038 1501 5089 ut
1530 5034 1601 5090 de
1632 5035 2111 5107 interpretatione

451 5116 844 5193 Psalmorum,
876 5124 997 5180 sive
1029 5125 1173 5180 libro
1205 5128 1285 5180 De
1312 5124 1495 5179 titulis
1542 5125 1891 5181 Psalmorum
1934 5141 2110 5195 quem

450 5218 518 5271 ut
537 5213 861 5287 genuinum
884 5212 949 5267 D.
980 5212 1286 5268 Athanasii
1309 5229 1457 5284 opus
1479 5212 1665 5269 edidit
1693 5212 1966 5269 Nicolaus
1996 5216 2111 5269 An-

447 5301 706 5361 tonellus
738 5302 937 5357 Romae
970 5319 1043 5357 an
1064 5301 1227 5373 4746,
1251 5302 1533 5374 quinque,
1558 5301 1693 5359 licet
1731 5307 2110 5375 postremam,

450 5393 769 5450 maximam
792 5394 983 5447 tamen
1006 5390 1222 5464 hujuce
1236 5391 1554 5448 voluminis
1575 5397 1801 5464 partem
1821 5392 2112 5461 conﬁciet,

525 5625 578 5680 ’a
630 5624 854 5682 Nostra
886 5623 1247 5682 recensionis
1276 5625 1493 5698 quarti.
1526 5624 1683 5683 Enrr.

525 5624 603 5772 ibi
634 5698 802 5757 Tom.
837 5697 886 5756 II
915 5696 1055 5756 edit.
1087 5696 1273 5755 Paris.
1305 5714 1399 5756 an.
1433 5697 1576 5756 4698
1605 5702 1662 5756 et

524 5673 579 5771 ἰῑ)

2220 4676 2569 4749 insignitum
2602 4675 2661 4731 in
2696 4674 3051 4731 bibliotheca
3080 4674 3363 4730 Vaticana
3384 4678 3681 4747 repertum
3707 4674 3891 4731 fuisse

2220 4766 2480 4821 codicem
2515 4765 2666 4819 inter
2699 4764 2991 4820 Palatinos
3025 4781 3083 4819 n.
3115 4762 3304 4831 XLIV,
3357 4763 3419 4818 in
3480 4779 3597 4834 quo
3646 4762 3886 4829 Psalmi,

2220 4855 2497 4927 idemque
2517 4852 3015 4910 Commentarium
3040 4851 3742 4923 continebatur,undeille
3762 4852 3890 4925 plu-

2221 4944 2404 5000 rimas
2433 4944 2726 4999 variantes
2757 4943 3035 4998 lectiones
3064 4958 3131 4997 ac
3165 4939 3575 5013 supplementa
3614 4942 3887 5013 deprom-

2222 5033 2359 5106 psit,
2419 5049 2604 5104 eaque
2662 5032 2863 5088 omnia
2918 5030 3261 5103 appendicis
3301 5028 3427 5085 loco
3468 5046 3588 5085 sua;
3644 5029 3887 5085 editioni

2229 5122 2466 5193 adjecit.
2520 5121 2593 5177 Ut
2635 5121 2815 5193 igitur
2865 5119 3165 5176 Barberini
3220 5134 3286 5173 ac
3331 5117 3599 5174 Vaticani
3666 5118 3888 5175 codicis

2222 5212 2545 5267 identidem
2570 5210 2907 5266 conferendi
2929 5209 3094 5265 labor
3110 5224 3177 5263 ac
3207 5204 3447 5263 taedium
3467 5205 3667 5263 lectori
3689 5206 3887 5263 immi-

2222 5304 2519 5368 nueretur,
2552 5300 2844 5355 variantes
2865 5296 3143 5352 lectiones
3165 5299 3222 5351 et
3238 5294 3578 5352 addimenta
3596 5296 3724 5352 suis
3742 5294 3887 5353 locis

2226 5389 2612 5461 inseruimus,
2645 5387 2863 5444 codicis
2892 5389 3124 5442 tantum
3155 5384 3381 5456 adjecto
3411 5384 3669 5454 nomine,
3700 5382 3791 5443 vel
3819 5384 3889 5440 nt

634 5698 802 5757 Tom.
837 5697 886 5756 II
915 5696 1055 5756 edit.
1087 5693 1399 5756 Paris—an.
1433 5697 1576 5756 4698
1605 5702 1662 5756 et
1691 5700 1922 5755 Venetae
1952 5696 2117 5769 4777,
2156 5697 2367 5754 nostra:
2398 5696 2541 5752 tom.
2577 5693 2675 5751 III.
2712 5695 2795 5751 In.
