4170 6448
1582 415 2154 490 ΡΒΕΡΑΤΙΟΝΕΒ
2197 419 2324 486 ED.
2368 417 2654 494 VENET.
3752 431 3840 512 κέ
3855 492 3874 502 -

409 574 625 619 nomen
656 558 1214 636 proprietatemque,
1247 560 1568 635 quominus
1599 563 1675 619 sit
1703 564 1933 617 creatus
1968 559 2056 614 Fi-
2087 553 2142 622 A
2173 561 2470 631 ceptiones
2519 568 2712 624 all'ert:
2774 588 2933 642 nam,
2996 573 3135 648 quia
3190 576 3357 636 mulli
3387 579 3825 644 Catholicorum

409 651 526 708 lius
559 653 792 708 ofﬁcere
821 669 832 706 :
867 670 1027 720 nam,
1062 653 1172 708 etsi
1205 651 1376 708 multi
1410 652 1666 708 filiorum
1716 651 1815 706 Dei
1850 665 2063 705 nomen

410 742 564 798 nacti
599 741 736 808 sint,
768 743 909 813 quin
944 759 1072 797 vere
1103 746 1160 796 et
1217 746 1428 797 natura
1485 741 1588 796 {illi
1645 745 1844 796 essent
1873 758 1885 807 ;
1947 756 2062 793 non

408 846 610 902 parem
642 847 770 886 esse
803 832 872 886 de
904 830 1045 886 Filio
1077 831 1180 886 Dei
1212 831 1498 886 rationem
1527 848 1538 886 :
1565 831 1804 894 etenim,
1837 835 1898 884 ut
1923 828 2062 884 alibi

409 919 509 986 ait,
524 919 654 975 ideo
677 922 999 992 μονογενής,
1018 920 1137 974 sive
1159 921 1504 990 unigenitus
1527 920 1626 975 ille
1649 920 1825 975 dicitu
1839 938 1882 986 r,
1908 919 2063 988 quod

409 1008 571 1066 solus
605 1009 732 1065 Filii
765 1010 1055 1064 rationem
1090 1027 1220 1065 vere
1251 1014 1309 1064 et
1339 1009 1571 1082 proprie
1603 1010 1878 1064 obtineat.
1913 1009 2060 1064 Con-

409 1101 722 1170 sequenter
750 1114 883 1153 vero
917 1098 1163 1154 Arianos
1196 1099 1409 1171 arguit,
1439 1100 1592 1171 quod
1621 1100 1818 1153 dicant
1848 1097 2060 1153 Filium

409 1202 539 1241 esse
570 1185 914 1240 mutabilem
943 1202 954 1240 :
990 1203 1124 1240 cum
1150 1186 1307 1241 enim
1329 1187 1494 1240 Pater
1516 1191 1722 1240 natura
1748 1186 1822 1239 sit
1846 1186 1984 1239 imm
1998 1202 2058 1237 u-

408 1273 641 1341 tabilis;
677 1273 878 1341 Filius,
908 1275 1008 1347 qui
1039 1280 1310 1330 naturam
1330 1280 1386 1330 et
1407 1276 1723 1330 essentiam
1750 1274 1934 1329 Patris
1967 1291 2058 1328 ac-

409 1363 568 1435 cipit,
603 1363 749 1420 alias
780 1365 934 1420 enim
972 1382 1087 1420 non
1119 1382 1250 1419 vere
1283 1365 1463 1420 Filius
1495 1370 1670 1430 esset,
1705 1369 1916 1418 natura
1945 1364 2058 1418 im-

409 1452 709 1509 mutabilis
741 1454 819 1508 sit
848 1453 1395 1525 oportet.Quoniam
1431 1458 1626 1508 autem
1658 1453 1877 1519 Ariani,
1913 1452 2061 1507 Scri-

407 1545 613 1612 pturas
642 1542 713 1596 ad
745 1541 979 1597 libitum
1014 1547 1387 1614 usurpantes,
1426 1542 1610 1597 multa
1641 1543 1710 1596 de
1741 1542 1966 1596 Christo
1995 1545 2060 1595 ut

406 1629 646 1686 homine
668 1631 844 1697 dicta,
881 1633 951 1686 ad
1003 1632 1176 1687 Verbi
1245 1632 1521 1687 deitatem
1583 1631 1961 1686 minuendam
1997 1630 2055 1684 in

407 1720 668 1775 medium
694 1721 1034 1788 aiferebant,
1059 1722 1501 1776 accuratissime
1522 1720 1900 1784 Athanasius,
1929 1736 2055 1790 quae

406 1825 441 1864 a
469 1808 697 1864 Christo
729 1814 792 1863 ut
822 1810 1059 1865 homine
1091 1814 1256 1882 gesta
1286 1815 1426 1866 sunt
1450 1812 1522 1865 ab
1554 1811 1645 1880 iis,
1671 1828 1798 1881 qua:
1826 1810 1896 1864 ab
1930 1810 2056 1880 ipso

2176 655 2366 724 erant?
2385 657 2484 728 qui
2535 661 2886 720 Arianorum
2938 669 3320 726 conventibus
3372 672 3654 732 interesse
3685 694 3823 734 eum

2176 742 2366 814 iisque
2414 750 2634 818 precari
2687 751 2971 826 solebant,
3024 775 3057 811 a
3099 757 3200 812 tali
3259 765 3682 823 consuetudine
3722 785 3824 825 eos

2177 834 2274 902 qui
2310 842 2476 891 rectae
2511 839 2643 894 ﬁdei
2675 841 2978 911 haererent,
3014 847 3338 906 absterrere
3368 858 3612 911 conatur
3639 859 3823 915 Atha-

2177 923 2398 979 nasius.
2434 927 2556 988 Qua
2586 932 2656 984 de
2689 949 2748 986 re
2778 950 2908 988 vere
2930 952 3166 992 auream
3190 941 3318 1010 ejus
3340 945 3693 1002 sententiam
3724 948 3822 1006 hic

2175 1027 2464 1104 apponere
2521 1017 2699 1075 libet:
2759 1023 2835 1077 Ne
2888 1026 3015 1094 quid
3067 1029 3240 1096 igitur
3292 1031 3402 1087 tale
3424 1036 3723 1104 contingat,
3767 1039 3826 1094 id

2173 1102 2320 1156 vobis
2350 1105 2408 1157 in
2438 1111 2711 1178 preposilo
2741 1114 2830 1179 sit,
2863 1113 3066 1182 dilecti,
3098 1126 3160 1172 ut
3189 1135 3273 1174 eos
3304 1121 3399 1191 qui
3422 1102 3630 1193 palam
3647 1127 3819 1198 impie

2172 1193 2419 1247 sentz'mzt
2451 1201 2821 1268 arersemiui;
2855 1218 2942 1257 eos
2973 1209 3156 1261 autem
3185 1210 3280 1280 qui
3307 1225 3363 1264 se
3391 1226 3516 1266 cum
3547 1213 3677 1270 Aria
3708 1193 3821 1272 non

2170 1285 2376 1335 sentire
2411 1291 2629 1356 putant,
2661 1289 2752 1342 sed
2778 1306 2901 1345 cum
2932 1295 3119 1364 impiis
3169 1301 3354 1353 tamen
3383 1305 3815 1375 communicant,

2169 1375 2406 1426 caveatis
2430 1391 2441 1427 :
2474 1392 2603 1430 nam
2636 1393 2871 1447 quorum
2898 1387 3233 1442 sententiam
3263 1405 3601 1462 aversamur,
3625 1408 3817 1452 eorum

2169 1462 2411 1516 maxime
2466 1469 2903 1524 communionem
2957 1475 3149 1541 lugere
3218 1487 3643 1536 consentaneum
3713 1487 3814 1540 est.

2171 1548 2320 1615 Quod
2348 1552 2400 1605 si
2426 1554 2547 1623 quis
2573 1554 2705 1609 dum
2735 1561 2938 1613 rectam
2962 1577 3017 1615 se
3060 1563 3225 1632 ﬁdem
3269 1569 3518 1636 proﬁteri
3566 1572 3815 1642 simulat,

2168 1653 2292 1691 cum
2314 1641 2429 1694 illis
2454 1650 2645 1696 tamen.
2665 1650 3069 1704 communicare
3088 1652 3324 1721 videtur,
3355 1655 3499 1712 hunc
3514 1641 3820 1716 hortamini

2168 1734 2228 1780 ut
2258 1745 2290 1781 (ι
2322 1730 2424 1784 tali
2451 1734 2841 1790 consuetudine
2869 1738 3144 1797 abstineat
3171 1759 3184 1796 :
3216 1759 3281 1797 ac
3307 1746 3360 1799 si
3400 1747 3616 1817 quidem
3643 1750 3814 1820 polli-

2165 1825 2372 1880 ceatur,
2408 1820 2551 1875 hunc
2578 1825 2772 1892 fratris
2800 1827 2910 1881 loco
2942 1827 3187 1886 habeatis
3209 1848 3232 1894 ,ο
3261 1834 3351 1888 sin
3394 1845 3644 1906 proterve
3673 1839 3814 1895 insi-

405 1901 472 1952 ut
496 1899 607 1953 Deo
630 1904 767 1953 sunt
789 1899 969 1966 edita,
993 1899 1306 1971 distinguit
1326 1904 1383 1954 et
1406 1905 1690 1971 segregat.
1716 1900 1832 1954 Nec
1849 1899 2054 1994 minus
2085 1930 2131 1994 B
2163 1909 2288 1976 stat,
2322 1908 2638 1979 hujusmodi
2665 1916 2941 1970 hominem
2970 1921 3277 1988 repudiate.

403 1984 536 2042 illos
559 1986 801 2042 adortus
833 1993 940 2053 est,
1004 1989 1103 2059 qui
1136 1989 1206 2044 de
1261 1989 1660 2044 incarnatione
1690 1987 1862 2042 Verbi
1908 1985 2057 2042 falsa

405 2075 796 2148 proferebant,
825 2078 1155 2132 Dimmritas
1189 2078 1441 2132 maxime
1468 2077 1755 2150 aliosque,
1808 2077 1862 2131 in
1909 2093 2056 2147 quos

403 2165 476 2220 ad
508 2165 836 2236 Epictetum
869 2167 1133 2222 scribens
1164 2167 1476 2222 invehitur.
1510 2167 1655 2232 Quia
1711 2167 1868 2223 enim
1907 2183 2057 2220 non-

403 2253 549 2309 nulli
581 2253 690 2309 hoc
711 2255 956 2310 Joannis
980 2255 1201 2310 dictum
1235 2256 1705 2328 interpretantes.
1729 2257 1790 2310 Et
1828 2256 2058 2310 Verbum

399 2359 529 2399 caro
558 2342 774 2416 factum
805 2347 904 2408 est,
940 2344 1020 2398 ita
1051 2344 1328 2416 explicari
1366 2345 1653 2410 volebant,
1716 2362 1780 2399 ac
1825 2345 1873 2400 si
1914 2344 2055 2398 Ver-

405 2433 549 2488 bum
582 2433 853 2505 ipsumin
876 2450 1110 2489 carnem
1139 2438 1341 2489 etossa
1359 2433 1904 2500 mutatumfuisset;
1925 2451 2053 2488 eam

403 2521 500 2578 ille
531 2521 867 2593 opinionem
900 2527 966 2577 ut
1025 2522 1298 2578 insanam
1358 2523 1636 2596 explodit,
1699 2540 1763 2579 ac
1790 2523 2054 2595 repetitis

404 2611 688 2682 exemplis
722 2612 902 2684 probe
960 2619 1408 2681 commonstrat,
1471 2615 1529 2668 in
1563 2632 1671 2670 usu
1734 2632 1860 2670 esse
1893 2621 1956 2670 ut
1986 2632 2055 2670 ex

402 2699 600 2772 aliquo
633 2700 996 2757 extrinsecus
1027 2703 1327 2773 adjuncto,
1384 2705 1612 2759 dicatur
1658 2704 1855 2772 homo,
1897 2705 2053 2760 verbi

401 2789 610 2861 gratia,
644 2789 760 2846 tale
808 2791 1111 2863 quidpiam
1161 2793 1350 2848 factus
1398 2810 1547 2860 esse,
1609 2795 1749 2865 quin
1784 2800 2052 2850 naturam

402 2879 733 2935 mutaverit.
766 2879 908 2935 Cum
943 2884 1138 2936 autem
1170 2881 1208 2935 ii
1243 2883 1342 2954 qui
1395 2883 1651 2939 Verbum
1712 2884 1771 2938 in
1820 2901 2051 2939 carnem

399 2984 532 3025 vere
554 2985 899 3025 conversum
951 2970 1133 3026 fuisse
1179 2970 1547 3043 dictitabant,
1568 2972 1827 3028 humana
1856 2990 2052 3045 opera,

401 3063 459 3113 et
485 3057 552 3110 τὰ
583 3057 724 3128 πάθη
759 3058 870 3131 ipsi
927 3059 1135 3128 Verbo,
1187 3065 1248 3115 ut
1298 3061 1555 3117 Verbum
1609 3067 1752 3128 erat,
1804 3063 2058 3118 ascribe-

400 3152 568 3216 rent,
618 3149 962 3220 comprobat
1010 3149 1125 3217 ille,
1178 3167 1294 3204 non
1351 3151 1540 3206 Verbo
1600 3153 1814 3206 ascribi
1862 3169 2053 3223 posse,

401 3241 691 3308 quatenus
723 3237 945 3294 scilicet
974 3240 1232 3295 Verbum
1266 3244 1320 3294 et
1353 3240 1507 3296 Deus
1529 3245 1637 3307 est,
1666 3242 1820 3312 quod
1851 3247 2053 3314 postu-

397 3303 479 3381 let
507 3342 610 3397 pro
635 3326 824 3397 nobis,
850 3327 1004 3398 quod
1034 3344 1278 3397 passum
1305 3328 1501 3396 fuerit,
1528 3303 1638 3384 etc.
1675 3303 1832 3384 Licet
1851 3303 2050 3385 autem
2083 3303 2125 3370 C

399 3413 632 3478 Christi,
665 3419 732 3469 ut
759 3415 914 3470 Deus
947 3420 1055 3484 est,
1090 3431 1284 3487 opera,
1341 3416 1414 3470 ab
1463 3416 1537 3471 iis
1595 3434 1723 3488 quae
1773 3422 1838 3471 ut
1876 3418 2052 3474 homo

398 3506 675 3574 operatus
704 3507 795 3558 est
824 3502 1111 3574 distingui
1168 3503 1330 3570 velit,
1368 3509 1542 3575 negat
1568 3508 1761 3560 tamen
1796 3505 2051 3563 Verbum

399 3607 663 3662 unquam
693 3590 1026 3645 deseruisse
1049 3591 1204 3662 quod
1239 3591 1419 3647 semel
1443 3597 1870 3666 assumpserat,
1896 3595 2052 3649 al‘lir-

397 3683 640 3751 matque
670 3695 883 3750 corpus
916 3680 1129 3735 Christi
1159 3680 1567 3752 incorruptum
1601 3683 1893 3738 mansisse
1922 3688 2055 3755 post

396 3773 647 3824 mortem
673 3773 904 3840 prapter
935 3769 1162 3825 Verbum
1191 3771 1530 3838 inhabitans,
1567 3772 1722 3842 quod
1749 3789 1783 3827 a
1812 3789 2052 3845 corpore

398 3875 707 3930 nunquam
740 3857 1030 3914 discessit.
1065 3860 1147 3913 Ex
1179 3858 1250 3914 iis
1281 3859 1526 3914 fortasse
1558 3877 1687 3931 quae
1719 3866 1924 3916 contra
1955 3863 2050 3916 Di-

397 3948 661 4004 mmritas
691 3947 1037 4012 afferuntur,
1071 3965 1186 4002 non
1220 3948 1325 4003 abs
1366 3965 1426 4002 re
1487 3950 1779 4021 credatur,
1811 3955 1950 4004 tunc
1981 3952 2052 4005 ab

395 4037 718 4092 Athanasio
739 4035 960 4093 editum
982 4037 1164 4092 fuisse
1186 4038 1504 4093 Sermonem
1530 4041 1801 4110 majorem
1831 4040 1897 4094 de
1925 4040 2050 4109 ﬁde,

399 4142 533 4181 cum
557 4128 685 4196 jam
716 4126 1030 4181 Dimoeritae
1053 4131 1423 4199 erumperent
1445 4132 1501 4182 et
1523 4128 1869 4200 blaspheme
1898 4130 2056 4184 dicta

401 4219 604 4272 contra
635 4215 934 4271 Christum
985 4215 1277 4284 efferrent,
1320 4233 1472 4271 anno
1525 4216 1755 4272 circiter
1802 4219 1908 4272 369
1966 4218 2053 4274 vel

473 4395 572 4451 IlI.
608 4394 672 4449 In
702 4393 1030 4466 fragmento
1062 4409 1132 4449 ex
1164 4409 1434 4450 sermone
1489 4396 1564 4450 De
1589 4394 1695 4466 ﬁde
1725 4396 1844 4467 agit
1876 4396 1946 4451 de
1964 4397 2054 4467 je-

397 4499 590 4554 jumo.

477 4571 573 4627 IV.
608 4570 672 4627 In
705 4570 1034 4643 fragmento
1066 4570 1132 4626 de
1168 4572 1344 4627 Paulo
1373 4572 1747 4638 Samosateno,
1793 4573 1868 4628 ait
1904 4574 2055 4630 Pau-

2237 1997 2356 2052 VII.
2421 1999 2849 2071 Commentaria,
2911 2005 3030 2061 sive
3080 2013 3368 2068 Sermones
3417 2015 3715 2073 Athanasii
3749 2020 3816 2074 in

2166 2089 2492 2144 Matthwum
2540 2091 2831 2148 exstitisse
2855 2095 2980 2163 jam
3026 2102 3182 2153 certo
3246 2106 3508 2159 constat:
3560 2122 3817 2177 quorum

2167 2193 2272 2232 nos
2304 2184 2527 2248 partem
2562 2180 2717 2235 haud
2751 2184 3039 2240 modicam
3073 2204 3141 2242 ex
3172 2190 3472 2248 codicibus
3521 2195 3814 2253 eruimus.

2166 2267 2311 2330 Quia
2339 2283 2473 2322 vero
2514 2285 2661 2340 Opus
2710 2272 3187 2344 antiquissimum
3238 2279 3539 2338 Athanasii
3585 2301 3823 2358 semper

2167 2372 2378 2411 nomen
2413 2357 2682 2429 praetulit,
2716 2377 2847 2415 vere
2876 2363 3178 2420 Athanasii
3213 2383 3335 2424 esse
3353 2371 3684 2440 opinamur.
3719 2357 3818 2430 Li-

2167 2449 2255 2499 cet
2285 2451 2481 2500 autem
2515 2445 2844 2519 Origenem,
2880 2468 3054 2522 quem
3084 2455 3142 2510 in
3173 2457 3428 2528 Epistolis
3459 2461 3530 2515 ad
3558 2462 3817 2534 Serapio-

2164 2549 2290 2588 nem
2321 2551 2571 2606 purgare
2601 2537 2850 2609 videtur,
2885 2540 2978 2596 hic
3008 2538 3194 2610 ἄθλιον
3229 2552 3410 2616 vocet,
3445 2549 3583 2606 hinc
3613 2555 3814 2608 tamen

2165 2621 2308 2676 nihil
2355 2625 2616 2696 serupuli
2683 2629 2974 2686 exoritur:
3046 2633 3407 2704 exploratum
3459 2641 3678 2713 quippe
3725 2647 3817 2698 est

2164 2710 2493 2783 Origenem,
2531 2732 2702 2786 quem
2739 2719 3005 2791 magistri
3039 2721 3162 2778 loco
3195 2725 3252 2780 in
3279 2710 3498 2784 honore
3520 2710 3816 2788 habebant

2164 2800 2355 2856 Ariani
2390 2804 2462 2858 ab
2494 2805 2745 2861 adversa;
2778 2809 2962 2878 partis
3023 2813 3406 2884 scriptoribus
3464 2819 3814 2877 temeritatis

2166 2891 2400 2947 nomine
2431 2893 2729 2964 culpatum
2763 2897 2981 2954 fuisse:
3018 2918 3083 2956 ac
3116 2904 3224 2958 etsi
3255 2905 3632 2976 Athanasius,
3668 2909 3813 2966 dum

2164 2981 2234 3034 ad
2271 2981 2661 3039 confutandos
2681 2986 3246 3048 Pneumatomachos
3258 2994 3387 3065 ejus
3402 2997 3812 3055 auctoritatem

2164 3074 2433 3141 usurpat,
2469 3071 2656 3137 illum,
2691 3073 2824 3130 licet
2853 3081 3048 3134 tamen
3081 3080 3308 3153 frigide,
3333 3098 3610 3141 excusare
3625 3086 3817 3144 videa-

2166 3161 2280 3224 tur,
2313 3159 2457 3214 nihil
2491 3165 2686 3217 tamen
2719 3165 2886 3220 obest
2917 3167 3082 3238 quin,
3117 3172 3387 3242 expensis
3419 3174 3682 3245 ejusdem
3723 3177 3815 3234 lu-

2164 3248 2630 3318 cubrationibus,
2666 3252 2861 3323 ipsum
2893 3254 3007 3310 alio
3039 3256 3162 3314 loco
3191 3263 3248 3314 et
3276 3264 3540 3334 tempore
3564 3264 3818 3323 insecte-

2163 3340 2297 3403 tur;
2331 3341 2397 3392 ut
2426 3339 2496 3394 de
2526 3340 2739 3397 Basilio
2768 3345 3072 3415 Aneyrano
3121 3364 3154 3401 a
3206 3348 3266 3403 S.
3318 3354 3557 3408 Doctore
3594 3354 3816 3411 factum

2164 3427 2587 3498 deprehendas.

2236 3515 2428 3570 Primo
2460 3518 2697 3587 quidem
2743 3521 3045 3578 occasione
3097 3524 3282 3581 stellae
3331 3545 3457 3600 quae
3500 3532 3700 3604 Magos
3739 3534 3813 3590 ad

2164 3621 2420 3676 praesepe
2454 3606 2637 3673 duxit,
2671 3609 2900 3681 egregie
2930 3617 3154 3684 pugnat
3181 3621 3386 3673 contra
3415 3620 3814 3690 genethliacos

2165 3699 2220 3748 et
2250 3695 2595 3767 astrologos,
2624 3698 2723 3769 qui
2744 3699 3000 3756 actiones
3031 3707 3087 3757 et
3117 3704 3296 3761 vitam
3328 3712 3592 3766 nostram
3625 3715 3813 3769 astro-

2164 3798 2294 3835 rum
2330 3788 2486 3838 motu
2525 3785 2644 3857 regi
2678 3787 3052 3845 dictitabant:
3088 3794 3244 3848 unde
3274 3795 3331 3850 id
3364 3797 3605 3854 absurdi
3646 3801 3814 3873 sequi

2165 3876 2923 3938 commonstrat,neminem
2960 3879 3197 3936 secleris
3219 3884 3464 3942 admissi
3489 3904 3666 3945 causa
3695 3891 3817 3946 cul-

2165 3961 2446 4032 pandum,
2483 3962 2529 4017 si
2563 3967 2855 4020 astrorum
2885 3969 3068 4023 motui
3100 3971 3187 4027 vel
3218 3973 3334 4029 fato
3363 3974 3623 4034 humana
3651 3984 3818 4052 gesta

2165 4049 2560 4106 ascribantur:
2594 4069 2728 4108 nam
2761 4061 2963 4112 contra
2998 4057 3179 4114 fatum
3213 4066 3269 4116 et
3292 4049 3718 4140 necessitatem,
3752 4073 3818 4125 ut

2165 4139 2336 4210 vulgo
2368 4142 2571 4212 fertur,
2605 4160 2678 4197 ne
2707 4143 2864 4199 Jovis
2892 4146 3127 4218 quidem
3161 4153 3324 4221 pater
3352 4170 3615 4227 pugnare
3641 4139 3814 4215 valet.

2166 4227 2299 4290 Quae
2333 4230 2403 4284 de
2435 4247 2641 4286 novem
2691 4233 2936 4290 Herodis
2980 4238 3203 4294 morbis
3231 4243 3288 4294 et
3316 4242 3444 4312 ejus
3476 4245 3820 4320 genealogis

2166 4319 2276 4374 sub
2307 4318 2428 4374 haee
2450 4319 2747 4392 leguntur,
2764 4323 3097 4397 exJosepho
3128 4331 3184 4382 et
3211 4328 3480 4387 Africano
3511 4318 3819 4394 mutuatus

2165 4407 2522 4465 Athanasius
2553 4414 2668 4466 est:
2703 4427 2892 4484 neque
2924 4414 3032 4470 hac
3064 4415 3135 4472 de
3165 4433 3225 4473 re
3256 4418 3559 4492 quidpiam
3579 4424 3706 4495 jam
3739 4426 3823 4482 di-

2167 4495 2275 4552 ctis
2307 4498 2560 4568 adjicere
2589 4497 2752 4555 libet.

2239 4589 2374 4660 Agit
2405 4592 2604 4659 postea
2633 4589 2990 4648 Athanasius
3017 4599 3219 4650 contra
3239 4596 3545 4656 hmreticos
3567 4602 3821 4659 nonnul-

403 4659 530 4716 lum
558 4659 821 4716 Zeuobiae
854 4659 1176 4731 patrocinio
1195 4661 1396 4715 nixum
1432 4659 1612 4715 fuisse
1661 4663 1801 4716 dum
1833 4679 2059 4720 errores
2091 4674 2138 4738 D
2170 4676 2280 4746 103,
2303 4659 2412 4749 iqui
2443 4679 2666 4735 dictum
2702 4681 2844 4736 illud
2876 4682 3005 4739 Jobi
3034 4701 3046 4740 ε
3078 4686 3244 4743 Nemo
3281 4691 3525 4746 mundus
3575 4708 3611 4746 α
3637 4693 3816 4763 sorde,

404 4753 741 4822 spargeret;
778 4749 848 4804 ad
902 4747 1049 4804 nihil
1109 4749 1220 4821 ipsi
1279 4749 1571 4821 profuisse
1621 4751 1748 4821 ejus
1814 4754 2060 4823 patroci-

405 4839 592 4910 nium,
626 4855 731 4894 nec
763 4838 1084 4910 obstitisse,
1119 4839 1438 4910 quominus
1467 4839 1518 4894 is
1577 4840 1646 4895 ab
1679 4840 1971 4912 episcopis
2002 4843 2059 4897 in

409 4929 631 5001 synodo
661 4927 877 4984 coactis
909 4928 1308 4984 damnaretur.

479 5017 548 5072 V.
582 5022 976 5089 Fragmentum
1007 5018 1072 5074 de
1103 5018 1370 5091 Stephano
1431 5018 1758 5074 .lntiocheno
1789 5025 1878 5076 est
1928 5038 2062 5092 pars

409 5103 667 5160 historias
700 5105 1012 5174 cujusdam
1037 5106 1108 5161 ab
1135 5106 1455 5162 Athanasio
1478 5107 1841 5179 conscriptae,
1870 5109 1968 5163 ubi
1994 5109 2064 5164 de

411 5193 847 5265 conspiratione
866 5193 1150 5265 Stephani
1179 5195 1238 5248 in
1269 5194 1491 5267 legatos
1524 5196 1732 5267 synodi
1763 5198 2064 5253 Sardieen-

410 5283 494 5340 sis
557 5280 922 5353 Euphratem
973 5286 1030 5336 et
1075 5282 1452 5338 Vincentium
1504 5289 1744 5356 structa,
1783 5303 1961 5357 quam
2002 5288 2062 5342 in

410 5371 653 5429 Historia
693 5370 763 5425 (ut
806 5371 1098 5426 monachos
1147 5372 1396 5443 carptim
1447 5374 1735 5445 tetigerat,
1795 5375 2063 5446 pluribus

411 5461 533 5534 agit
561 5458 677 5527 ille,
710 5464 952 5530 remque
987 5465 1278 5516 memorat
1307 5462 1661 5516 accuratius.

482 5549 579 5606 VI.
613 5549 862 5621 Epistola
892 5549 963 5606 ad
989 5549 1314 5617 monachos,
1346 5550 1694 5606 brevissima
1742 5551 1896 5617 licet,
1931 5555 2063 5625 pul-

412 5637 738 5698 cherrimas
768 5639 839 5694 de
867 5639 1216 5696 Arianorum
1243 5640 1531 5696 consortio
1555 5640 1900 5698 declinando
1922 5660 2066 5714 prm-

487 5766 504 5800 ¹
534 5763 644 5822 Job
675 5780 792 5833 xxv,
825 5764 877 5821 4.

2171 4769 2392 4822 etiamsi
2434 4771 2598 4824 unius
2645 4771 2756 4825 diei
2806 4774 2977 4842 fuerit
3024 4775 3137 4829 vita
3184 4777 3304 4847 ejus
3355 4778 3393 4848 ί,
3442 4779 3513 4835 de
3567 4781 3820 4852 peccatis

2173 4856 2521 4912 tenellorum
2554 4858 2868 4914 infantium
2919 4863 3249 4920 actualibus
3297 4864 3541 4941 intelligi
3591 4885 3818 4944 pugna-

2174 4945 2332 5000 bant.
2367 4948 2498 5010 Qua:
2532 4951 2692 5003 tanta
2715 4949 2945 5005 insania
2977 4950 3124 5007 forte
3152 4953 3440 5025 videatur,
3463 4956 3556 5012 vix
3577 4961 3641 5014 ut
3660 4959 3818 5015 credi

2175 5041 2372 5106 posset
2403 5035 2462 5090 id
2494 5037 2786 5108 opinionis
2821 5038 2997 5095 alicui
3057 5058 3318 5113 unquam
3381 5044 3656 5115 haesisse;
3707 5047 3822 5104 nisi

2175 5124 2456 5197 magistra
2488 5143 2682 5181 rerum
2710 5129 3061 5199 experientia
3093 5131 3344 5199 doceret,
3374 5133 3433 5188 in
3466 5135 3824 5194 absurdissi-

2176 5232 2271 5270 ma
2301 5231 2545 5286 quaeque
2577 5222 2909 5272 eommenta
2940 5234 3321 5292 prorumpere
3341 5238 3439 5278 eos
3462 5223 3562 5295 qui
3584 5225 3825 5282 arbitrio

2175 5320 2282 5358 suo
2314 5303 2614 5376 religionis
2645 5305 2837 5377 capita
2858 5307 3101 5362 definire
3122 5309 3359 5364 audent.
3386 5311 3606 5369 Horum
3627 5313 3826 5386 itaque

2175 5394 2526 5448 sententiam
2574 5393 2785 5449 acriter
2840 5395 3077 5466 depellit
3134 5397 3524 5469 Athanasius;
3577 5406 3635 5458 et
3689 5403 3832 5474 quia

2175 5483 2547 5538 existimabat
2578 5482 2674 5537 ille
2706 5485 2908 5539 sordes
2952 5485 3133 5539 animi
3183 5488 3471 5560 cujusque
3517 5489 3589 5546 de
3614 5491 3830 5548 actuali

2176 5575 2405 5626 tantum
2441 5576 2676 5643 peccato
2707 5572 2938 5644 proprie
2970 5571 3220 5646 intelligi
3247 5591 3441 5648 posse,
3462 5577 3534 5632 de
3554 5579 3831 5636 sordibus

2176 5659 2491 5731 corporeis,
2525 5677 2671 5731 quas
2699 5677 2768 5716 ex
2797 5665 2960 5718 utero
2987 5663 3194 5720 matris
3227 5663 3654 5738 contrahimus,
3696 5665 3831 5725 Jobi
