4170 6396
302 378 393 445 ιιι

1708 364 2323 440 PROLEGOMENA.

302 504 527 574 dictum
554 508 808 587 explicat
832 512 899 571 S.
937 511 1171 584 Doctor,
1206 529 1322 571 non
1349 513 1504 587 quod
1524 509 1948 569 inﬁcietursin-
1976 507 2033 574 Α
2061 513 2124 564 ut
2178 511 2463 582 afﬁrmant
2493 512 2621 585 ipsi,
2651 512 2761 570 Noe
2788 529 2921 571 sane
2947 515 3040 571 vir
3058 513 3245 587 justus
3263 510 3561 570 damnatus
3580 509 3715 585 fuit,

302 602 474 680 gulos
504 603 777 661 homines
806 620 941 660 cum
975 604 1199 676 peccati
1229 602 1533 678 originalis
1588 600 1862 659 sordibus
1891 599 1953 653 in

305 693 500 752 lucem
538 692 671 750 edi:
706 711 835 750 eam
866 693 1082 766 quippe
1110 692 1206 750 ille
1237 692 1587 750 sententiam
1626 689 1955 747 clarissime

305 783 655 858 proﬁtetur;
689 783 791 839 sed
849 799 985 841 cum
1032 782 1287 839 heeretici
1334 781 1433 837 illo
1478 780 1607 838 Jobi
1654 779 1781 836 loco
1812 777 1953 843 nixi,

309 869 564 930 actualia
594 875 829 944 peccata
853 871 913 928 in
945 871 1205 945 parvulis
1253 871 1711 929 constituerent:
1746 885 1816 925 ex
1852 867 1954 923 ad-

309 977 480 1019 verso
507 977 779 1036 pugnans
808 958 906 1018 ille
935 978 970 1017 a
998 961 1273 1019 sordibus
1310 961 1492 1017 animi
1547 960 1620 1016 ad
1648 972 1957 1031 corporeae

222 1070 228 1074 ·
310 1050 576 1108 maculas
607 1051 737 1123 ejus
766 1049 876 1107 loci
908 1050 1447 1124 interpretationem
1477 1049 1778 1106 transfert.
1812 1045 1959 1113 Quia

306 1156 445 1197 vero
500 1136 779 1197 locusille
798 1139 1124 1211 Athanasii,
1145 1140 1313 1196 initio
1337 1143 1395 1196 et
1415 1140 1531 1195 ﬁne
1546 1137 1817 1202 mutilus,
1841 1151 1957 1191 non

304 1232 490 1287 totam
518 1226 676 1285 illius
704 1227 827 1284 haec
858 1228 930 1285 de
958 1245 1022 1286 re
1052 1230 1404 1286 sententiam
1437 1227 1728 1299 exprimit,
1761 1226 1867 1282 abs
1898 1238 1957 1279 re

305 1320 463 1376 esset
488 1316 581 1373 his
611 1316 971 1390 explicandis
1001 1317 1225 1374 diutius
1254 1317 1579 1387 immorari,
1602 1332 1736 1372 cum
1768 1314 1959 1371 maxi-

307 1421 404 1464 me
429 1404 649 1480 peccati
678 1406 985 1480 originalis
1016 1407 1344 1463 doctrinam
1377 1406 1682 1479 perspicue
1712 1403 1960 1460 Athana-

307 1492 456 1563 sius,
486 1494 539 1552 si
556 1495 875 1569 quisquam
908 1494 1080 1568 alius,
1110 1495 1400 1554 enuntiet.
1441 1495 1535 1552 Sic
1558 1513 1619 1568 p.
1649 1494 1757 1549 866
1783 1511 1796 1549 :
1833 1493 1958 1549 0m-

306 1598 405 1642 nes
434 1585 619 1658 itaque
647 1586 745 1658 qui
771 1601 842 1643 ea:
891 1585 1096 1643 Adamo
1143 1587 1423 1653 oriuntur,
1484 1587 1547 1640 in
1576 1582 1962 1656 iniquitatibus

306 1675 712 1748 concipiuntur,
736 1676 800 1731 in
820 1676 1014 1747 proavi
1034 1676 1125 1731 sui
1173 1673 1584 1731 damnationem
1606 1674 1872 1744 collapsi:
1905 1674 1962 1727 et

308 1762 451 1821 alibi
479 1762 683 1820 multis
713 1762 776 1819 in
805 1762 973 1832 locis,
998 1780 1125 1837 quas
1147 1762 1391 1837 longum
1414 1767 1570 1819 esset
1590 1777 1960 1819 enumerare.

2061 598 2203 670 quod
2231 598 2535 657 derisorem
2566 601 2833 659 Chamum
2852 604 3192 676 judicath
3245 607 3297 659 et
3344 602 3717 673 damnaverit,

2064 692 2125 744 ut
2155 698 2293 744 esset
2319 691 2570 761 fratrum
2596 692 3099 749 servus.Nimirum
3134 691 3219 748 illi
3241 692 3513 766 pactione
3542 708 3720 764 pecu-

2063 777 2172 833 niae
2202 778 2472 835 homines
2502 781 2865 854 gravissimis
2897 782 3148 856 peccatis
3178 783 3484 850 obnoxios,
3531 781 3719 855 pccni-

2062 869 2255 923 tentia
2281 867 2508 940 legibus
2529 871 3301 928 etsatisfactioneimmunes
3320 871 3718 931 dimittebant.

2065 956 2227 1021 Quod
2258 957 2488 1014 Arianis
2518 963 2575 1014 et
2606 958 2930 1017 Meletianis
2961 960 3227 1033 apprime
3283 962 3572 1032 convenit,
3617 961 3721 1034 qui

2065 1045 2489 1103 ecclesiasticos
2503 1048 2652 1105 ritus
2668 1049 3309 1121 pessumdabant,nihil
3329 1066 3445 1106 non
3458 1054 3719 1123 quaestus

2066 1151 2246 1191 causa
2276 1152 2445 1209 agere
2472 1138 2682 1210 parati.

2140 1224 2204 1280 In
2235 1223 2400 1294 illud,
2426 1226 2607 1283 Nolite
2650 1233 2850 1285 sancta
2895 1228 3027 1285 dare
3075 1230 3329 1297 canibus,
3388 1246 3565 1301 neque
3588 1231 3720 1286 mit-

2067 1316 2199 1369 tatis
2227 1317 2563 1385 margaritas
2600 1326 2806 1373 vestras
2849 1323 2981 1374 ante
3024 1318 3276 1391 porcos‘,
3330 1317 3454 1375 Ι]ωο
3479 1316 3723 1392 pulchre

2065 1402 2248 1459 tradit
2274 1403 2669 1462 Athanasius:
2699 1407 3163 1476 Quemadmodum
3191 1410 3341 1464 enim
3366 1410 3418 1464 si
3446 1409 3567 1480 quis
3593 1425 3723 1481 por-

2068 1509 2191 1549 cum
2220 1509 2251 1549 e
2277 1510 2426 1550 came
2453 1494 2726 1567 eduxerit,
2759 1496 2817 1552 id
2853 1497 2964 1552 sibi
2986 1513 3185 1569 porcus
3229 1497 3431 1553 damno
3487 1513 3602 1554 esse
3628 1514 3723 1552 ar-

2069 1580 2348 1653 bitratur;
2380 1585 2459 1639 ita
2489 1586 2543 1641 si
2569 1588 2690 1657 quis
2721 1586 3092 1645 libidinosum.
3137 1603 3210 1642 ea:
3253 1602 3402 1642 emno
3432 1585 3723 1659 voluptatis

2068 1674 2309 1739 avertat,
2342 1674 2391 1727 is
2419 1676 2797 1746 temperantiae
2824 1676 3216 1731 consiliarium
3243 1692 3358 1732 non
3399 1676 3590 1742 amici,
3630 1673 3724 1730 sed

2069 1760 2378 1817 adversarii
2406 1763 2519 1818 loco
2563 1763 2741 1819 habet.
2792 1765 2868 1820 Ne
2919 1765 3287 1837 projiciamus
3344 1780 3471 1837 ergo
3507 1770 3724 1820 nostras

380 1851 690 1927 Singularo
719 1853 1041 1909 admodum
1071 1856 1163 1910 est
1191 1853 1347 1924 quod
1379 1852 1557 1909 habet
1573 1853 1631 1908 S.
1658 1851 1872 1907 Doctor
1899 1848 1959 1904 in
1991 1882 2039 1949 Β
2072 1851 2633 1908 incontaminatorum
2660 1854 3052 1925 mysterion
3078 1856 3415 1925 margaritas
3470 1862 3598 1910 ante
3627 1853 3721 1908 ho-

308 1944 432 2002 hwc
458 1941 713 1999 Matthaai
740 1942 936 2012 verba,
968 1942 1030 1999 Si
1071 1943 1256 1999 oculus
1298 1946 1425 1998 tuus
1471 1942 1663 1998 dexter
1690 1939 1963 1997 scandali-

310 2040 421 2103 zat,
451 2036 504 2090 te
530 2048 662 2089 erue
688 2048 818 2089 eum
846 2032 887 2104 ²,
921 2036 1055 2102 eto.,
1092 2033 1249 2106 quod
1279 2030 1668 2089 Athanasiani
1698 2030 1799 2086 aevi
1831 2046 1963 2086 con-

312 2120 522 2181 ditioni
550 2121 815 2195 apprime
845 2122 1132 2179 convenit.
1164 2123 1258 2178 Ait
1288 2121 1505 2195 quippe
1534 2119 1654 2188 ille,
1685 2120 1824 2177 dicti
1856 2119 1965 2175 hu-

304 2210 409 2286 jus
428 2210 797 2285 explicationi
821 2212 1123 2280 insistens,
1143 2211 1204 2269 Si
1221 2211 1533 2284 episcopus
1555 2214 1613 2267 et
1638 2209 1959 2284 presbyter,

313 2300 415 2375 qui
444 2302 583 2358 sunt
612 2300 875 2374 corporis
900 2298 1169 2358 Ecclesiae
1220 2298 1395 2368 oculi,
1444 2299 1537 2356 veI
1577 2300 1627 2357 si
1658 2299 1958 2369 diaconus,

313 2387 416 2464 qui
436 2404 540 2463 pro
560 2405 740 2446 manu
756 2388 1027 2461 habetur,
1051 2392 1154 2446 aut
1172 2389 1411 2446 demum
1431 2388 1721 2455 minister,
1739 2388 1840 2461 qui
1859 2403 1963 2460 pes

310 2492 443 2537 esse
469 2476 840 2552 intelligitur,
871 2477 1140 2552 improbe
1168 2482 1497 2547 versentur,
1529 2483 1587 2535 et
1617 2478 1832 2551 populo
1877 2476 1962 2533 la-

310 2584 456 2643 psus
484 2564 714 2625 occasio
743 2568 882 2638 sint,
917 2567 1280 2640 abjiciendos
1302 2572 1566 2640 oportere
1594 2583 1663 2623 ex
1682 2566 1958 2634 Ecclesia,

308 2655 823 2733 praestabiliusque
852 2673 982 2714 esse
1012 2656 1256 2730 abjectis
1285 2656 1405 2714 illis
1423 2661 1745 2714 conventus
1768 2672 1958 2729 agere,

309 2758 491 2822 quam
522 2762 657 2803 cum
687 2745 835 2819 ipsis
863 2746 1303 2803 damnationem
1332 2745 1666 2803 incurrere:
1700 2762 1829 2819 qua:
1869 2762 1961 2801 res

309 2852 378 2895 eo
404 2839 670 2909 tempore
681 2852 798 2892 non
820 2834 1081 2893 insolens
1104 2839 1251 2893 erat.
1284 2840 1434 2893 Nam
1454 2834 1795 2892 Theodorus
1815 2835 1959 2909 Oxy-

310 2924 504 2982 rinchl
533 2923 845 2999 episcopus
877 2923 951 2981 ab
1001 2924 1248 2997 Georgio
1308 2924 1521 2981 Ariano
1572 2925 1896 2995 ordinatus,
1928 2942 1963 2981 a

313 3014 467 3073 clero
498 3016 556 3071 et
585 3011 800 3088 populo
830 3013 1096 3086 abjectus
1124 3018 1230 3070 est.
1254 3013 1576 3071 Ecclesiam
1597 3031 1730 3070 vero
1751 3014 1961 3070 deinde

311 3103 661 3177 interposito
690 3102 973 3176 temporis
1006 3102 1193 3175 spatio
1225 3104 1505 3177 regebant
1550 3103 1872 3176 presbyteri
1904 3108 1959 3159 et

2068 1941 2249 1997 mines
2274 1943 2455 2013 porcis
2498 1943 2724 1999 similes.
2778 1944 2843 1999 At
2886 1944 3031 2000 dicet
3087 1945 3384 2016 quispiam,
3420 1946 3725 2000 Sacrorum

2063 2031 2367 2103 participes
2402 2047 2518 2087 esse
2536 2032 2743 2097 volunt,
2774 2036 2827 2088 et
2846 2036 2977 2087 sunt
3007 2040 3197 2089 tamen
3227 2047 3388 2088 canes
3429 2032 3723 2105 impuden-

2068 2121 2168 2191 tes,
2199 2128 2251 2176 et
2273 2123 2433 2192 porci
2460 2121 2693 2177 volutati
2724 2122 2784 2176 in
2830 2137 2983 2177 como
3029 2122 3337 2194 voluptatis.
3384 2122 3457 2178 Tu
3502 2137 3627 2178 vero
3654 2138 3726 2179 ne

2070 2208 2313 2265 dederis:
2348 2227 2479 2265 nam
2507 2212 2648 2281 aegri
2675 2227 2883 2283 quoque
2912 2228 3115 2283 aquam
3134 2211 3435 2284 postulant,
3465 2210 3559 2267 sed
3604 2226 3726 2266 me—

2070 2297 2184 2354 dici
2212 2301 2428 2354 vetant:
2457 2302 2691 2373 tyranni
2718 2301 2927 2372 regiam
2964 2316 3278 2373 purpuram
3317 2304 3598 2372 expetunt,
3630 2297 3727 2356 sed

2071 2386 2228 2443 illius
2256 2388 2517 2455 custodes,
2546 2390 2858 2461 periculam
2885 2391 3243 2461 suspicantes,
3266 2405 3376 2445 non
3398 2388 3723 2445 concedunt.

2073 2477 2204 2533 Vide
2233 2493 2360 2546 ergo
2409 2482 2467 2532 tu
2515 2494 2749 2550 quoque,
2798 2478 3043 2549 diacone,
3103 2496 3174 2536 ne
3228 2477 3476 2550 indignis
3509 2493 3728 2552 purpu-

2069 2583 2194 2621 ram
2221 2567 2591 2639 impeccabilis
2634 2569 2876 2640 corporis
2927 2568 3193 2641 prebeas,
3251 2583 3323 2624 ne
3367 2567 3581 2623 rationi
3608 2565 3728 2622 red-

2068 2655 2282 2727 denda,
2313 2672 2430 2711 non
2454 2656 2751 2713 secundum
2805 2657 3074 2714 Romanas
3103 2657 3267 2729 leges,
3299 2655 3393 2712 sed
3428 2654 3729 2714 secundum

2073 2745 2292 2801 Domini
2318 2744 2462 2801 dicta
2486 2746 2760 2802 obnoxius
2788 2746 2886 2802 sis.

2144 2834 2206 2890 In
2236 2832 2347 2890 hac
2375 2833 2573 2902 verba,
2606 2835 2899 2908 Propterea
2925 2832 3049 2891 dico
3078 2835 3263 2892 vobis:
3324 2833 3494 2892 Omne
3531 2850 3725 2908 pecca-

2069 2930 2185 2980 tum
2215 2927 2265 2979 et
2291 2923 2626 2997 blasphemia
2650 2926 2961 2981 remittetur
2987 2924 3326 2992 hominibus,
3355 2925 3450 2981 sed
3478 2924 3723 2998 blasphe-

2067 3014 2186 3068 mia
2212 3015 2271 3069 in
2299 3012 2567 3085 Spiritum
2614 3030 2725 3070 non
2771 3015 3088 3069 remittetur
3132 3014 3270 3070 illis.
3315 3014 3379 3070 Et
3415 3016 3729 3087 quicunque

2069 3101 2280 3157 dixerit
2306 3101 2532 3159 verbum
2554 3110 2745 3159 contra
2772 3103 2979 3158 Filium
3000 3104 3261 3170 hominis,
3293 3106 3606 3160 remittetur
3631 3104 3723 3172 ei;

314 3186 570 3250 diaconi.
630 3192 1026 3265 Similiterque
1093 3192 1376 3267 Georgius
1447 3192 1869 3249 Alexandrinus
1927 3209 1961 3249 a
2000 3256 2035 3267 _
2071 3193 2167 3263 qui
2197 3199 2381 3248 autem
2407 3190 2615 3247 dixerit
2644 3191 2866 3247 verbum
2895 3196 3087 3248 contra
3141 3190 3413 3264 Spiritum
3451 3196 3722 3261 sanetum,

313 3280 483 3355 plebe
512 3281 720 3355 pulsus
750 3256 1062 3352 narratur;
1098 3256 1362 3354 aliosque
1387 3280 1608 3339 multos
1656 3282 1898 3356 perinde
1928 3299 1964 3338 a
1992 3256 2035 3325 (ἶ
2071 3256 2182 3339 non
2212 3283 2522 3338 remittetur
2549 3282 2621 3350 ei,
2654 3296 2828 3353 neque
2856 3283 2915 3337 in
2943 3282 3043 3337 hoc
3069 3256 3288 3351 siccato,
3332 3297 3507 3354 neque
3544 3283 3604 3337 in
3631 3256 3723 3349 lu;

311 3370 871 3445 populoeliminatos
890 3371 1051 3427 haud
1074 3371 1313 3427 difﬁcile
1334 3375 1491 3428 esset
1511 3388 1831 3427 recensere.
1857 3374 1962 3427 Ve-
2068 3379 2189 3429 turo
2209 3371 2268 3427 δε
2301 3371 2568 3428 eamdem
2617 3370 2963 3445 compendio
2994 3369 3436 3444 explicationem
3478 3371 3720 3443 profert,

309 3476 464 3530 rum,
496 3460 606 3517 etsi
626 3459 989 3517 Athanasius
1015 3458 1143 3517 haec
1189 3460 1414 3517 monita
1460 3460 1702 3530 dederit,
1737 3460 1959 3517 cavesis
2069 3478 2247 3536 quam
2280 3460 2338 3516 in
2387 3461 2503 3517 fine
2552 3461 2799 3534 epistola:
2845 3462 2875 3517 4
2922 3462 2994 3518 ad
3041 3461 3404 3536 Serapionem
3450 3458 3721 3534 pluribus

308 3552 482 3622 putes
508 3548 748 3607 licuisse
771 3549 1006 3622 populis
1034 3549 1312 3621 praesules
1342 3566 1502 3618 suos,
1534 3550 1644 3607 etsi
1674 3555 1875 3607 sontes
1899 3554 1959 3607 et
2068 3552 2426 3620 adduxerat;
2458 3550 2539 3606 ita
2570 3556 2635 3607 ut
2664 3552 2985 3608 sententias
3036 3567 3215 3624 prope
3267 3551 3479 3606 iisdem
3525 3549 3722 3607 verbis

306 3637 631 3712 improbos,
650 3636 1170 3696 indiscriminatim
1193 3656 1262 3695 ex
1280 3637 1537 3696 Ecclesia
1549 3639 1791 3712 pellere:
1818 3657 1952 3697 nam

303 3724 367 3784 id
396 3727 662 3785 muneris
689 3724 759 3784 ad
792 3726 1047 3801 synodos
1075 3727 1482 3801 episcoporum
1532 3729 1853 3802 spectabat.
1882 3730 1956 3785 At

303 3823 442 3874 eum
458 3812 557 3873 illo
574 3833 691 3874 aevo
705 3817 1058 3873 Arianorum
1082 3816 1647 3892 Meletianorumque
1667 3820 1955 3890 protervis

298 3902 502 3963 omnia
518 3904 879 3975 miscuisset,
904 3922 970 3962 ac
987 3904 1383 3963 ecclesiastica
1403 3906 1825 3981 synodaliaque
1841 3911 1955 3965 sta-

294 3994 428 4052 tuta
456 3992 891 4067 pessumdaret,
924 3994 1321 4052 cum-venalia
1341 3996 1541 4052 omnia
1570 3995 1951 4053 conscelerati

296 4081 385 4140 illi
431 4088 843 4157 proponerent,
889 4084 1197 4157 episcopos
1276 4083 1627 4157 plerumque
1686 4085 1954 4144 ethnicos

296 4169 675 4240 simoniacos,
705 4171 971 4246 aliosque
1000 4173 1288 4229 sexcentis
1323 4172 1645 4230 sceleribus
1669 4174 1951 4231 obnoxios

295 4264 676 4334 coeptarent;
709 4264 837 4318 tum
869 4261 1092 4319 scilicet
1121 4277 1257 4319 cum
1286 4262 1518 4318 nullum
1570 4279 1604 4318 a
1633 4262 1950 4321 Catholicis

294 4344 650 4424 praesulibus
660 4350 998 4408 subsidium
1012 4351 1236 4424 sperari
1255 4353 1778 4425 posset,oppressis
1790 4369 1951 4410 nem-

294 4438 455 4512 pe,in
466 4439 669 4496 exsilio
681 4440 1033 4514 degentibus
1047 4441 1303 4514 sedeque
1318 4441 1495 4496 motis
1512 4440 1757 4509 ;licitum
1774 4460 1951 4516 popu-

293 4525 370 4584 lis
381 4528 507 4584 erat
524 4526 957 4602 episcopos,qui
971 4528 1246 4601 luporum
1268 4528 1458 4585 instar
1468 4529 1759 4587 Ecclesiae
1777 4548 1945 4588 occu-

2067 3644 2345 3713 usurpet;
2377 3643 2444 3696 ut
2471 3639 2557 3696 vel
2587 3639 2725 3695 inde
2772 3640 2892 3695 haec
2924 3638 3359 3696 Commentaria
3396 3636 3724 3695 certissime

2064 3728 2371 3785 Athanasii
2403 3743 2533 3784 esse
2564 3729 2925 3801 pronuntiet,
2967 3725 3240 3799 quisquis
3296 3724 3422 3781 haec
3454 3730 3725 3782 accurate

2065 3821 2272 3873 mutuo
2290 3817 2573 3873 conferat.
2599 3816 2705 3872 Hic
2730 3814 2829 3872 ille
2846 3815 3182 3888 Origenem,
3209 3818 3275 3869 ut
3294 3812 3574 3885 diximus,
3594 3830 3721 3870 car-

2064 3906 2170 3980 pit,
2205 3907 2360 3979 quod
2396 3922 2702 3979 poenarum
2734 3905 2912 3961 finem
2934 3902 3192 3976 aliquem
3211 3902 3271 3958 iu
3286 3903 3484 3959 futuro
3506 3903 3720 3960 saeculo

2062 3994 2508 4068 praescripserit,
2540 3998 2598 4051 et
2624 3994 2938 4061 Novatum,
2963 3994 3119 4067 quod
3141 3992 3545 4066 pmnitentiam
3569 3992 3720 4066 reje-

2063 4085 2225 4142 cerit.
2257 4085 2476 4141 Caetera
2503 4084 2769 4141 studioso
2802 4081 3002 4139 lectori
3026 4082 3319 4139 mittimus
3340 4079 3715 4156 exploranda.

2131 4174 2280 4232 VIII.
2339 4175 2754 4231 Commentaria
2813 4174 2874 4229 in
2907 4173 3124 4243 Lucam,
3153 4174 3221 4227 ut
3250 4171 3311 4227 in
3340 4172 3538 4228 Honito
3566 4170 3715 4228 dixi-

2061 4280 2197 4320 mus
2227 4280 2357 4321 vere
2385 4256 2772 4320 Athanasium
2803 4261 3083 4330 edidisse,
3114 4260 3246 4334 ipsa
3275 4277 3367 4317 res
3407 4260 3716 4334 perspicue

2060 4356 2524 4420 commonstrat;
2556 4355 2759 4408 contra
2811 4367 2990 4423 quam
3050 4349 3188 4407 olim
3238 4348 3711 4422 suspicabamur,

2057 4442 2327 4499 videlicet
2357 4443 2684 4515 fragmenta
2714 4439 2815 4497 illa
2844 4439 3150 4498 Athanasii
3172 4441 3234 4496 in
3260 4440 3481 4507 Lucam,
3504 4455 3634 4512 qua
3653 4438 3714 4495 in

2059 4531 2281 4588 catenis
2312 4548 2447 4587 cum
2481 4529 2905 4604 manuscriptis
2934 4534 3061 4585 tum
3092 4529 3267 4585 editis
3294 4527 3717 4585 circumferun-

292 4616 811 4691 paverant,pellere
825 4619 872 4674 si
897 4622 1157 4690 possent,
1175 4622 1232 4674 et
1250 4617 1523 4676 Ecclesiae.
1541 4620 1705 4677 aditu
1730 4637 1946 4679 arcere.
1982 4625 2028 4692 υ
2058 4625 2176 4690 tur,
2204 4640 2272 4679 ex
2298 4620 2473 4677 variis
2499 4620 2557 4677 S.
2591 4620 2876 4677 Doctoris.
2906 4618 3095 4692 iisque
3115 4619 3246 4692 jam
3268 4612 3507 4675 amissis
3520 4616 3711 4691 operi-

364 4704 429 4761 In
466 4703 634 4777 illud,
666 4704 847 4764 Nolite
868 4707 1143 4779 judicare,
1174 4716 1236 4764 ut
1262 4724 1373 4764 non
1396 4708 1731 4781 judicemini
1757 4710 1800 4779 ³,
1819 4710 1941 4767 hae-
2052 4712 2165 4769 bus
2195 4714 2465 4783 excerpta
2483 4709 2685 4766 fuisse.
2712 4709 2937 4766 Etenim
2962 4704 3592 4779 monuissejuvabitin
3612 4721 3712 4762 ca-

288 4791 607 4852 retlcorum
637 4793 732 4853 sui
759 4790 1046 4869 temporis
1096 4796 1586 4861 consuetudinem
1638 4800 1843 4872 carpit.
1874 4801 1948 4856 Hi
2051 4800 2205 4858 tonis
2227 4799 2671 4872 manuscriptis,
2689 4799 2789 4855 ubi
2813 4815 2928 4855 non
2951 4796 3218 4870 exjustis
3243 4793 3709 4864 commentariis,

282 4896 538 4955 namque,
573 4883 659 4941 sic
691 4882 809 4957 ille,
836 4900 940 4957 per
970 4886 1200 4940 insanes
1229 4892 1392 4958 atque
1445 4888 1782 4957 perniciosos
1822 4906 1942 4961 pte-
2051 4890 2155 4948 sed
2179 4907 2248 4946 ex
2274 4888 2453 4945 variis
2479 4888 2616 4944 hinc
2654 4887 2792 4944 inde
2843 4886 3140 4962 operibus,
3199 4883 3714 4959 interpretationes

280 4966 543 5030 nitentia?
594 4974 741 5030 ritus
774 4975 1039 5046 pecunia:
1080 4980 1346 5047 quaestum
1385 4980 1741 5047 aucupantes,
1781 4980 1943 5033 aiunt
2051 4980 2397 5046 afferuntur,
2431 4982 2632 5035 notare
2650 4992 2884 5050 semper
2903 4982 3245 5034 catenarum
3278 4972 3618 5031 collectores
3638 4989 3711 5030 ex

280 5070 394 5117 non
414 5061 783 5134 iudicandum
810 5063 925 5119 sive
953 5063 1333 5119 damnandum
1358 5078 1475 5120 esse
1504 5080 1652 5133 eum,
1682 5068 1779 5139 qui
1814 5083 1939 5137 pec~
2046 5067 2151 5126 tali
2169 5068 2259 5124 vel
2284 5066 2385 5123 tali
2405 5084 2577 5139 opere
2592 5068 2673 5139 (a)
2691 5066 3041 5140 exscriptam
3060 5064 3483 5139 expositionem
3501 5062 3705 5121 finisse.

279 5160 405 5207 cata
431 5150 694 5208 mortalia
716 5156 1044 5225 perpetrat;
1070 5154 1154 5207 ait
1178 5153 1380 5224 quippe
1430 5153 1718 5226 Dominus,
1749 5155 1939 5213 Nolite
2049 5157 2130 5213 Ad
2169 5155 2290 5211 haec
2320 5173 2478 5223 vero,
2510 5155 2604 5212 hic
2636 5157 2802 5212 Lucas
2831 5154 3150 5212 versiculos
3185 5153 3390 5211 ordine
3438 5153 3608 5210 affert
3647 5155 3710 5208 et

272 5236 563 5310 judicare,
594 5243 661 5297 ut
688 5253 805 5298 non
826 5240 1201 5314 judicemini.
1236 5240 1386 5310 Quod
1401 5243 1453 5297 si
1474 5244 1553 5298 ita
1572 5258 1628 5299 se
1646 5260 1732 5300 res
1754 5245 1934 5316 habet,
2046 5244 2299 5319 inplicat
2319 5245 2695 5317 Athanasius,
2714 5262 2831 5318 quo
2863 5244 3239 5319 perspicuum
3259 5242 3337 5301 sit
3357 5241 3558 5316 ipsum
3583 5239 3706 5314 ple-

349 5371 374 5407 '
402 5370 610 5430 Matth.
638 5391 695 5444 ν,
724 5375 818 5431 29.
848 5375 873 5411 ³
898 5373 1100 5432 Matth.
1154 5391 1255 5444 vn,
1290 5375 1317 5430 1
1350 5376 1374 5410 ⁴
1402 5374 1544 5432 ibid.
1586 5378 1641 5432 6.
1675 5376 1698 5412 ⁵
1725 5378 1931 5435 Matth.

2071 5425 2073 5439 .
2107 5378 2197 5449 3|,
2226 5379 2315 5433 32.

349 5493 428 5582 (a)
458 5494 808 5582 Speciminis
836 5495 965 5582 loco
988 5497 1110 5582 llaec
1159 5497 1280 5582 sint
1328 5498 1562 5582 (πυρρίχη
1626 5503 1923 5582 catenajn

2071 5505 2317 5582 aguntur
2349 5517 2362 5555 :
2406 5502 2541 5582 Ταῦ.
2565 5500 2724 5582 civilia
2767 5498 3123 5582 _’A-01vatqtou.
3172 5501 3354 5582 Ἴξζστι.
3384 5498 3522 5575 πρὸς
3555 5497 3702 5582 ,τοιὲ-

278 5564 521 5647 pagani
537 5568 980 5647 Testamentum
1000 5569 1205 5625 Oxonii
1220 5564 1373 5625 anno
1397 5571 1562 5647 184ιῖιζ
1573 5578 1818 5647 curante
1834 5574 1867 5630 J
1877 5605 1923 5647 .-

2071 5564 2150 5635 οἷς
2204 5572 2395 5647 ἅπᾳσιν
2454 5570 2545 5647 sui
2600 5564 2697 5647 toi}
2757 5573 2917 5647 ἁγίῳ
2970 5571 3296 5627 Ἀθανασίου
3338 5564 3607 5647 ἒριὶηνε-ία
3643 5569 3698 5626 ἑν

277 5636 345 5721 A.
377 5636 615 5721 Cramer
633 5639 914 5721 editahed
942 5639 1063 5721 haec
1088 5656 1296 5721 capzyt
1325 5657 1471 5721 vers.
1500 5637 1569 5697 48
1594 5643 1779 5721 Epist.
1796 5644 1824 5721 _l
1847 5646 1919 5702 ad

2071 5648 2110 5717 ῷ
2168 5643 2300 5721 Περὶ
2350 5646 2549 5717 σεμνοῦ
2604 5636 2815 5719 γάμουί
2867 5646 2998 5703 Haec
3054 5648 3283 5717 catena,
3340 5636 3697 5718 nec-plura.

279 5705 429 5781 Con,
460 5706 491 5763 ὁ
521 5703 581 5764 δὲ
632 5703 912 5789 πορνεύων
961 5708 1038 5773 sic;
1090 5703 1336 5767 sb'i8iov
1387 5713 1547 5787 σῶμα
1596 5703 1914 5790 ἀραρτάνει,

2071 5703 2200 5774 ὠιτ.
