4170 6464
1512 545 2090 616 PIUEFATIONES
2134 545 2261 613 ED.
2305 548 2591 618 VENET.

3634 538 3753 621 xnt

337 703 445 747 nos
466 687 525 746 in
557 688 775 747 Lucam
808 687 1261 747 commentarios
1292 688 1541 757 dedisse,
1595 704 1847 761 quorum
1888 685 1982 743 hic
2012 685 2063 752 Α
2100 702 2257 742 mam
2292 688 2540 760 plebem,
2574 689 2849 764 virgines,
2880 687 3175 759 mulieres,
3204 689 3366 748 vidas
3389 694 3447 747 et
3475 688 3751 767 parvulos

338 778 768 852 aliquantulam
804 784 1029 852 partem
1058 778 1355 853 publicam
1388 778 1656 834 facimus.

411 870 543 942 Ipso
573 869 633 925 in
659 870 860 926 limine
882 869 1167 943 singulari
1190 868 1785 942 modolcognationem
1804 866 1991 923 B.Ma-

341 957 438 1015 riae
468 958 731 1031 Virginis
756 976 891 1014 cum
932 958 1225 1014 Elizabeta
1281 957 1553 1031 explanat
1610 957 1989 1027 Athanasius,

345 1050 654 1118 Cognatam
684 1053 889 1105 autem.
924 1048 1023 1118 ait,
1052 1049 1418 1105 santtissima:
1465 1050 1703 1119 Virginis
1742 1048 1991 1102 Elizabe-

342 1145 452 1193 tam
482 1138 623 1193 dixit
652 1140 896 1209 angelus,
920 1140 1035 1193 sive
1065 1140 1196 1211 quia
1247 1155 1315 1193 ea:
1370 1155 1478 1193 uno
1526 1138 1814 1209 eodemque
1858 1151 1992 1207 pro-

342 1241 441 1283 avo
469 1227 661 1283 Jacobo
689 1234 875 1283 ortum
899 1226 1075 1283 ambae
1106 1226 1394 1293 ducebant,
1424 1229 1537 1282 sive
1557 1228 1687 1299 quia
1716 1230 1843 1281 ante
1899 1225 1994 1279 da-

345 1317 457 1370 tam
488 1316 600 1387 lege
628 1317 833 1385 Aaron,
865 1318 962 1389 qui
988 1333 1057 1372 ea:
1082 1318 1257 1373 tribus
1288 1317 1414 1372 Levi
1462 1323 1603 1386 erat,
1659 1315 1997 1371 Elisabetam

342 1421 577 1461 uxorem
620 1408 825 1478 accepit
856 1448 869 1474 ,
901 1407 1080 1477 ﬁliam
1108 1406 1415 1462 Aminadab
1452 1414 1505 1461 et
1550 1422 1796 1461 sororem
1824 1408 1997 1459 Naas-

341 1511 439 1551 son
470 1511 538 1550 ex
566 1498 713 1551 tribu
740 1495 883 1551 Iuda
929 1496 1056 1551 orti.
1115 1496 1401 1567 Siquidem
1460 1494 1552 1551 hic
1607 1497 1761 1567 regia
1821 1494 1999 1549 tribus

338 1583 502 1651 Iuda,
534 1601 603 1640 ex
629 1602 737 1657 qua
763 1587 1111 1640 sanctissima
1146 1587 1301 1656 Virgo
1354 1594 1545 1641 exorta
1597 1594 1695 1650 est,
1746 1583 1999 1640 sacerdo-

343 1675 451 1730 tali
478 1674 658 1729 tribui
686 1675 817 1729 Levi
844 1675 1133 1745 conjuncta
1163 1684 1265 1741 est,
1292 1690 1361 1729 ex
1389 1690 1497 1746 qua
1552 1674 1829 1729 Elimbeth
1859 1678 1996 1730 erat.

418 1763 482 1818 In
515 1762 1293 1834 sequentibus,p.34,conlra
1313 1764 1559 1819 Arianos
1584 1764 1706 1836 agit
1726 1763 1826 1835 qui
1847 1764 2001 1819 dicto

348 1851 537 1919 Lucae,
568 1852 780 1907 Scimus
810 1856 862 1907 te
888 1854 1012 1924 quis
1067 1854 1161 1918 sis,
1196 1852 1431 1909 Sanctus
1489 1855 1588 1909 Dei
1642 1855 1683 1925 δ,
1744 1854 1815 1909 ad
1872 1852 2001 1908 Filii

348 1940 623 1997 deitatem
655 1941 1117 2013 oppugnandam
1150 1942 1565 1998 abutebantur.
1597 1943 1714 1998 Hos
1760 1947 2002 1999 sanctus

349 2031 562 2087 Doctor
591 2034 829 2086 strenue
862 2048 965 2103 pro
1005 2048 1168 2086 more
1226 2049 1332 2087 suo
1394 2031 1621 2100 refellit,
1681 2033 2003 2104 eademque

347 2119 478 2192 ipsa
508 2123 857 2191 argumenta
888 2137 1015 2193 quas
1046 2119 1105 2175 in
1139 2120 1383 2192 epistola
1403 2122 1473 2177 ad
1507 2122 1812 2195 episcopos
1837 2124 2000 2195 Egy-

350 2209 433 2281 pti
465 2213 523 2264 et
546 2208 734 2282 Libya;
767 2209 1223 2281 protulerat,sed
1255 2209 1347 2266 hic
1369 2212 1767 2283 paucioribus,
1803 2212 1862 2267 in
1889 2229 2005 2267 me-

350 2296 514 2353 dium
545 2298 803 2354 adducit.
832 2300 1137 2371 Tantaque
1166 2303 1254 2355 est
1283 2300 1434 2355 inter
1465 2299 1583 2356 haec
1625 2300 1754 2356 loca
1794 2301 2003 2357 simili-

348 2388 585 2456 tudo,ut
608 2387 875 2442 eamdem
898 2388 1211 2460 utrobique
1240 2388 1546 2444 Athanasii
1573 2405 1817 2445 manum
1842 2390 2002 2445 nullo

352 2477 584 2549 negotio
614 2475 1002 2532 internoscas.

424 2564 672 2620 Pulchre
702 2565 1063 2620 Athanasius
1102 2566 1273 2621 binos
1324 2571 1515 2624 status
1563 2584 1765 2624 eorum
1812 2569 1911 2641 qui
1942 2570 2002 2625 in

352 2653 609 2727 peccatis
638 2655 859 2710 obeunt
887 2654 1203 2727 distinguit
1233 2656 1312 2728 (p.
1346 2656 1476 2725 36):
1503 2656 1751 2713 aliorum
1783 2659 1883 2730 qui
1910 2675 2003 2715 sa-

350 2743 495 2800 lutis
512 2743 751 2816 quidem
767 2742 1026 2816 aliquam
1050 2743 1509 2801 sollicitudinem
1528 2746 1873 2816 habent,sed
1890 2765 2004 2820 prae

351 2833 624 2906 segnitie,
658 2833 907 2904 incuria,
940 2838 1041 2889 aut
1070 2834 1594 2906 procrastinatione
1653 2854 1767 2892 non
1807 2838 2007 2894 omnia

352 2921 585 2995 pietatis
617 2922 823 2978 munia
880 2922 1128 2995 implent
1158 2941 1173 2993 ;
1199 2923 1570 2997 aliorumque
1598 2925 1864 2999 improbe
1880 2944 2004 2984 ver-

348 3012 743 3083 santium,qui
774 3011 832 3066 in
856 3027 1020 3068 cteno
1041 3012 2007 3089 voluptatisdemerguntur,neque

346 3100 532 3157 ullam
599 3100 818 3157 habent
873 3100 1244 3157 conscientia
1304 3119 1539 3159 curam.
1575 3105 1873 3161 Prioribus
1904 3108 2004 3175 ait,

349 3193 733 3264 cognatorum
768 3193 826 3245 et
853 3190 1213 3246 familiarum
1247 3191 1532 3248 auxilium
1565 3196 1843 3266 prodesse
1879 3214 1891 3264 ;
1924 3196 2005 3251 vi-

347 3279 557 3336 delicet
586 3295 683 3335 eos
717 3296 961 3335 suorum
994 3281 1268 3352 precibus
1288 3283 1579 3355 bonisque
1610 3285 1887 3356 operibus
1911 3286 2006 3357 ju—

346 3368 520 3425 vari;
553 3384 690 3424 nam
724 3368 785 3436 ii,
818 3368 1035 3441 inquit,
1067 3385 1193 3441 quae
1219 3370 1479 3441 defuncto
1535 3372 1758 3428 deerant
1782 3377 1999 3446 supple-

2100 775 2438 848 alloquitur.
2472 783 2541 835 Et
2572 778 2808 836 aliunde
2854 781 3181 853 fragmenta
3228 779 3327 835 illa
3381 780 3751 853 Epistolarum

2097 868 2379 937 festalium
2411 869 2738 942 Athanasii,
2772 887 3023 942 quorum
3083 868 3391 926 sinceritas
3445 887 3516 926 ne
3574 870 3751 926 mini-

2102 972 2260 1009 mam
2293 957 2689 1029 suspicionem
2730 959 3010 1030 admittit,
3070 960 3273 1014 eodem
3327 975 3569 1031 prorsus
3592 963 3753 1025 sunt,

2102 1060 2205 1098 nec
2236 1043 2512 1101 limatiori
2548 1046 2680 1117 styli
2712 1064 2919 1119 genere
2959 1047 3307 1119 conscripta.
3359 1048 3506 1104 Cum
3557 1051 3753 1103 autem

2105 1133 2463 1189 Athanasius
2490 1135 2644 1191 haud
2680 1137 2853 1192 dubie
2882 1137 3088 1207 pulsus
3146 1141 3202 1192 et
3249 1136 3546 1205 exsulans,
3596 1136 3754 1192 hunc

2106 1238 2437 1279 sermonem
2470 1224 2621 1295 plebi
2656 1242 2773 1282 suae
2807 1226 3090 1297 scriptum
3122 1226 3538 1294 transmiserit,
3600 1224 3755 1299 εγρά-

2107 1313 2305 1384 ψαμεν,
2339 1330 2526 1384 neque
2556 1331 2812 1385 praesens
2843 1315 3109 1384 oraverit,
3144 1314 3281 1370 hinc
3312 1315 3458 1370 forte
3488 1315 3759 1387 conjicia-

2106 1406 2205 1456 tur
2234 1401 2429 1474 ipsum
2461 1420 2527 1457 ex
2559 1420 2803 1459 numero
2832 1405 3151 1476 Festalium,
3193 1405 3263 1459 ab
3307 1404 3629 1461 Athanasio
3661 1421 3757 1461 ex-

2109 1489 2337 1547 sulante
2370 1492 2710 1561 missarum,
2742 1510 2889 1549 esse.

2182 1599 2275 1654 XI.
2327 1602 2573 1656 Homilia
2628 1603 2689 1656 in
2741 1605 2935 1659 Ramos
2992 1603 3317 1657 Palmarum
3364 1618 3563 1673 parem
3622 1619 3756 1657 cum

2109 1689 2365 1760 Epistolis
2422 1691 2706 1761 [estalibus
2770 1691 3211 1746 consonantiam
3272 1690 3528 1761 exhibet,
3586 1694 3761 1762 atque

2111 1779 2256 1833 adeo
2287 1778 2449 1835 illam
2479 1784 2543 1835 ut
2570 1797 2919 1852 germanum
2953 1780 3260 1836 Athanasii
3317 1798 3464 1852 opus
3497 1778 3762 1835 admitti-

2111 1883 2266 1923 mus.
2298 1868 2554 1939 Epistola
2582 1869 2696 1925 alia
2726 1870 2946 1925 lestalis
2978 1872 3039 1925 iu
3070 1872 3259 1926 Ramos
3281 1872 3409 1925 item
3439 1870 3765 1925 Palmarum

2112 1956 2235 2011 sive
2266 1976 2342 2017 εις
2371 1957 2437 2011 τὰ
2472 1958 2617 2031 βαΐα,
2660 1960 2879 2031 scripta
2899 1963 2988 2015 est
3018 1963 3082 2015 ut
3110 1958 3307 2014 videas
3355 1959 3415 2013 in
3470 1958 3761 2032 fragmen-

2032 2060 2080 2126 Β
2111 2046 2188 2101 tis
2218 2064 2251 2101 a
2272 2047 2481 2103 Cosma
2512 2048 2778 2121 IEgyptio
2811 2048 3003 2104 allatis
3036 2049 3301 2119 inferius,
3336 2064 3468 2121 pag.
3501 2049 3571 2102 78
3602 2048 3697 2120 (α).

2184 2152 2302 2207 XII.
2339 2155 2682 2226 Opusculum
2711 2156 2771 2209 in
2800 2156 3006 2210 dictum
3037 2155 3305 2227 Apostoli.
3341 2178 3369 2205 ‹‹
3401 2155 3543 2212 Novi
3594 2154 3765 2211 homi-

2111 2258 2237 2297 nem
2284 2248 2506 2315 raptum
2557 2261 2725 2315 usque
2781 2246 2852 2300 ad
2906 2246 3131 2301 tertium
3160 2244 3383 2311 caelum,
3440 2260 3509 2299 ex
3563 2242 3764 2300 vitiato

2113 2330 2325 2403 linguas
2357 2333 2565 2390 Graecae
2597 2351 2705 2390 usu
2740 2334 2892 2389 inter
2920 2334 3124 2406 spuria
3153 2334 3475 2405 ablegatur.

2183 2421 2330 2477 XIII.
2365 2423 2628 2494 Opusculi
2671 2425 2733 2479 in
2788 2424 2997 2480 dictum
3052 2424 3314 2495 Apostoli.
3376 2445 3405 2474 «
3463 2425 3631 2479 Datus
3686 2426 3766 2479 est

2112 2510 2255 2565 mihi
2282 2513 2545 2568 stimulus
2574 2516 2785 2581 cumis,
2821 2536 2849 2563 ››
2882 2513 3007 2585 pari
3037 2512 3249 2573 νοθείας
3280 2512 3420 2569 vitio
3453 2512 3699 2569 laborat.

2184 2618 2326 2672 XIV.
2361 2624 2758 2691 Argumentum
2785 2622 2845 2675 in
2876 2621 3124 2676 Psalmos
3154 2618 3299 2675 nihil
3358 2635 3475 2674 non
3532 2620 3767 2691 praefert

2114 2706 2428 2765 Athanasio
2461 2726 2675 2783 magno
2706 2711 2952 2783 dignum
2985 2709 3084 2782 qui
3118 2708 3401 2764 nonnulla
3429 2724 3498 2765 ex
3527 2708 3765 2764 Eusebii

2114 2798 2553 2855 commentariis
2584 2804 2891 2856 mutuatus
2921 2798 3169 2856 videtur.

2186 2887 2302 2943 XV.
2353 2888 2754 2961 Supplementa
2803 2891 2865 2944 in
2916 2889 3187 2957 Psalmos,
3248 2904 3316 2943 ex
3364 2886 3768 2958 manuscripto

2112 2977 2501 3033 Ambrosiano
2528 2979 2764 3048 recenti,
2798 2978 2869 3033 ad
2902 2978 3079 3034 fidem
3132 2975 3484 3048 antiquioris
3540 2975 3770 3031 Scoria-

2116 3065 2297 3122 lensis
2329 3072 2564 3123 exarato
2596 3068 2906 3139 prodeunt.
2938 3065 3231 3123 Nimirum
3265 3082 3333 3122 ea
3364 3080 3496 3137 quis
3524 3064 3586 3119 in
3612 3063 3769 3120 edito

2115 3156 2422 3212 Athanasii
2450 3162 2651 3213 nostro
2682 3157 2943 3224 deerant,
2977 3155 3071 3211 hic
3130 3155 3502 3228 supplentur.
3543 3154 3671 3218 Qua
3700 3153 3773 3209 de

2116 3261 2178 3300 re
2209 3245 2268 3299 in
2298 3248 2511 3301 Monito
2543 3245 2975 3321 supplementis
3006 3246 3241 3317 praefixo
3267 3243 3508 3300 videsis.

2188 3349 2330 3405 XVI.
2365 3352 2754 3422 Fragmentum
2798 3358 2987 3406 contra
3038 3349 3452 3405 Macedonianos
3506 3347 3570 3402 τὸ
3602 3344 3770 3422 δριμῦ

348 3459 484 3515 bunt
513 3476 532 3514 .·
563 3458 614 3513 ei
648 3462 862 3517 autem,
897 3458 998 3529 qui
1029 3458 1337 3529 posteriori
1370 3461 1543 3515 modo
1590 3468 1856 3517 versatus
1889 3468 1997 3533 est,

2122 3438 2294 3491 καὶτὸ
2327 3438 2608 3512 ἀπέριττον
2671 3440 2727 3494 id
2766 3444 2876 3507 est,
2906 3454 3033 3494 eam
3093 3438 3385 3493 sermonis
3443 3438 3581 3505 vim,
3640 3453 3769 3509 quae

345 3548 534 3603 nullus
564 3548 807 3613 omnino,
836 3546 936 3612 ait,
965 3548 1207 3617 porriget
1230 3564 1459 3603 manum
1488 3566 1508 3611 ;
1540 3553 1703 3620 atque
1749 3552 1829 3605 ita
1886 3568 2009 3606 cum

347 3635 475 3706 ipso
506 3638 720 3706 agetur,
754 3638 814 3689 ut
844 3651 1024 3705 neque
1047 3635 1118 3690 ab
1162 3652 1353 3707 uxore,
1386 3653 1562 3707 neque
1606 3656 1640 3693 a
1664 3639 1818 3708 ﬁliis,
1857 3641 1943 3695 vel
1974 3658 2007 3696 a

338 3724 645 3799 fratribus,
679 3726 774 3781 aut
828 3741 860 3779 a
904 3726 1151 3795 cognatis
1181 3734 1231 3780 et
1284 3727 1481 3781 amicis
1515 3728 1745 3799 juvetur
1783 3748 1808 3793 ,ο
1834 3746 2009 3802 neque

226 3882 235 3891 _
347 3814 489 3869 Deus
521 3813 686 3867 illum
714 3812 993 3868 ullatenus
1015 3814 1251 3869 curabit.

420 3901 513 3958 IX.
544 3902 843 3957 Homiliam
872 3904 1234 3959 inCanticum
1266 3904 1625 3974 canticorum,
1658 3909 1721 3961 ut
1742 3906 2005 3977 spuriam

346 3990 1066 4065 dedimus,neminemque
1082 3995 1226 4065 puto
1259 3992 1547 4064 fore,quia
1578 4008 1645 4050 ea
1674 3994 1747 4050 de
1776 4012 1836 4051 re
1868 4014 2004 4052 con-

344 4080 694 4137 troversiam
719 4085 968 4137 moveat.

423 4168 491 4224 X.
524 4174 717 4225 Sermo
745 4169 811 4225 de
835 4171 1130 4241 patientia,
1192 4169 1342 4243 stle
1402 4170 1639 4244 quidem
1672 4170 1886 4248 χυδαιῳ
1940 4193 2007 4232 ac

345 4257 694 4314 demissiore
724 4258 1096 4330 conscriptus
1118 4264 1426 4331 est,neque
1458 4265 1655 4317 tamen
1676 4263 1804 4319 ideo
1833 4265 2006 4321 Atha-

346 4348 511 4405 nasio
563 4347 1142 4419 abjudicandus:imo
1159 4365 1293 4405 vero
1319 4353 1625 4421 postremae
1652 4352 2004 4409 Arianorum

343 4436 703 4492 carniﬁcinae
759 4437 869 4493 sub
928 4437 1271 4493 Constantio
1348 4438 1628 4508 excitate,
1680 4440 2004 4513 imaginem

344 4524 581 4598 praefert
613 4543 625 4581 :
661 4542 799 4581 nam
829 4524 927 4582 hic
957 4526 1217 4599 episcopi
1248 4527 1489 4584 sedibus
1538 4528 1714 4600 pulsi,
1748 4531 2005 4604 virgines

342 4614 759 4686 vexatae,plebs
791 4614 1080 4672 catholica
1108 4616 1401 4689 exagitata
1429 4620 1486 4671 et
1514 4618 1767 4674 abducta
1796 4620 1999 4676 fertur.

345 4701 638 4776 Populum
670 4719 808 4777 ergo
839 4704 909 4760 ad
946 4705 1290 4777 patientiam
1322 4706 1661 4762 cohortatur
1690 4709 1747 4764 S.
1769 4708 2000 4777 Doctor,

2121 3544 2359 3583 omnem
2392 3527 2856 3600 superﬂuitatem
2915 3532 3156 3592 resecet,
3199 3525 3436 3581 exhibet
3469 3542 3481 3581 :
3517 3526 3604 3580 has
3634 3540 3767 3580 vero

2118 3620 2258 3671 sunt
2288 3620 2435 3671 nota:
2465 3620 2522 3671 et
2550 3620 2785 3672 tesserae
2838 3616 2973 3688 styli
3025 3615 3434 3685 Athanasiani,
3466 3619 3534 3670 ut
3562 3615 3767 3670 obser-

2114 3708 2211 3759 vat
2234 3705 2473 3761 Photius
2502 3707 2562 3760 in
2596 3706 2950 3761 Bibliotheca.
2990 3706 3069 3760 Ad
3102 3706 3223 3761 haec
3253 3710 3451 3760 autem
3482 3704 3767 3777 integram

2116 3794 2423 3866 periodum
2458 3796 2645 3865 ati‘ert,
2704 3795 2895 3867 qualis
2953 3795 3011 3849 in
3067 3795 3312 3867 Epistola
3368 3795 3437 3849 ad
3494 3796 3771 3866 episcopos

2115 3886 2337 3955 Egypti
2366 3892 2418 3940 et
2449 3885 2637 3955 Libyae
2665 3883 2900 3956 legitur,
2948 3888 3013 3938 ut
3042 3883 3207 3939 nulla
3263 3883 3517 3939 suboriri
3587 3884 3773 3955 possit

2114 3971 2238 4045 περὶ
2307 3972 2667 4046 γνησιότητνς
2724 3973 3089 4045 disceptatio.
3149 3972 3308 4029 Licet
3365 3989 3537 4044 porro
3585 3971 3773 4027 multa

2115 4066 2321 4117 contra
2351 4062 2940 4129 Pneumatomachos,
2974 4062 3093 4117 sive
3138 4061 3588 4117 Macedonianos
3620 4061 3771 4118 scri-

2115 4151 2297 4223 pserit
2323 4151 2703 4217 Athanasius,
2734 4150 2795 4205 in
2828 4151 2900 4205 iis
2942 4167 3067 4221 quas
3122 4154 3440 4222 supersunt
3471 4150 3765 4221 operibus,

2115 4257 2244 4296 eam
2277 4239 2546 4295 haeresim
2579 4239 2694 4301 ille,
2728 4240 2904 4296 tacito
2931 4257 3163 4311 semper
3193 4238 3518 4295 Macedonii
3551 4243 3609 4293 et
3646 4239 3769 4294 Ma-

2114 4330 2573 4386 cedonianorum
2606 4329 2843 4385 nomine
2872 4328 3085 4385 refellit
3113 4345 3125 4383 :
3158 4328 3372 4400 hicque
3417 4332 3649 4384 tantum
3698 4328 3767 4383 il-

2112 4418 2202 4475 los
2234 4418 2583 4474 nominatim
2616 4417 2980 4491 perstringit.

2185 4526 2357 4582 XVII.
2407 4527 2734 4597 Fragmenta
2782 4527 2971 4581 contra
3028 4526 3361 4581 Novatianos
3416 4524 3769 4597 ἀποσπασμά-

2110 4636 2200 4669 τια
2222 4620 2362 4671 sunt
2382 4615 2633 4687 insignis
2655 4616 2966 4687 cujusdam
2987 4619 3189 4669 contra
3210 4615 3448 4670 eosdem
3465 4613 3769 4670 haereticos

2113 4703 2326 4776 operis,
2359 4704 2513 4775 quod
2562 4703 2621 4758 in
2681 4703 2830 4758 duos
2879 4702 3084 4759 saltem
3142 4703 3325 4760 libros
3387 4703 3767 4759 distributum

352 4795 671 4864 monetque
694 4799 762 4849 ut
792 4792 1055 4866 exemplo
1088 4796 1543 4867 martyrum,qui
1576 4796 1716 4851 olim
1742 4798 2004 4869 paribus,
2038 4810 2085 4875 D
2117 4798 2260 4849 erat.
2297 4793 2601 4865 Siquidem
2623 4791 2958 4848 Novatianae
2990 4795 3160 4847 sectae
3184 4790 3464 4864 reliquias
3486 4792 3557 4847 ad
3580 4808 3770 4863 usque

340 4881 465 4938 imo
496 4881 887 4955 gravioribus,
924 4883 1110 4939 affecti
1142 4885 1421 4940 aerumnis
1454 4884 1683 4941 fortiter
1711 4902 1773 4941 se
1805 4903 2001 4959 gesse-

341 4974 496 5039 rant,
539 4972 795 5028 inﬂictas
851 4973 1221 5029 calamitates
1279 4974 1550 5030 alacriter
1609 4976 1876 5032 subeant.
1941 4978 2003 5033 In

342 5060 689 5117 memoriam
721 5067 953 5119 revocat
1007 5062 1142 5118 illos
1200 5062 1340 5119 olim
1400 5063 1512 5119 sibi
1570 5062 2004 5122 neceSsitudine

341 5149 686 5220 conjunctae
700 5152 1448 5226 prmsules,Phaphn'utium
1462 5152 1687 5210 scilicet
1697 5158 1755 5209 et
1767 5155 2001 5210 Potam-

341 5254 601 5306 monem,
640 5240 815 5296 tacito
874 5245 1074 5297 tamen
1130 5242 1389 5309 nomine,
1446 5243 1665 5314 quibus
1724 5260 1828 5316 pro
1890 5246 2003 5301 ﬁde

341 5328 557 5385 Christi
592 5322 782 5385 fuerat
839 5330 1000 5398 olim,
1063 5331 1390 5402 imperante
1448 5332 1749 5399 Maximio,
1794 5333 2002 5391 oculus

341 5417 705 5491 exsoulptus.
741 5421 876 5485 Qua:
908 5436 1049 5477 sane
1079 5421 1279 5476 omnia
1310 5421 1503 5494 operis
1544 5421 1866 5496 γνησιότητι
1899 5441 2001 5496 pa-

339 5507 729 5565 trocinentur.
763 5509 926 5577 Quod
960 5509 1010 5566 si
1042 5509 1177 5583 styli
1200 5511 1346 5567 ratio
1378 5510 1661 5583 populare
1693 5512 1999 5585 quidpiam

340 5613 409 5654 ac
437 5597 765 5655 demissum
795 5597 1085 5673 praeferat,
1111 5598 1259 5657 nihil
1292 5600 1537 5669 mirum,
1598 5601 1833 5674 quando
1864 5602 1997 5659 inii-

409 5775 433 5812 ⁵
467 5766 610 5834 Luc.
643 5790 721 5846 ιν,
757 5774 843 5835 13.

2115 4882 2424 4939 Athanasii
2457 4887 2687 4937 aetatem
2721 4881 3045 4947 devenisse,
3084 4896 3199 4936 non
3230 4881 3410 4937 semel
3440 4882 3500 4935 in
3532 4880 3769 4953 scriptis

2114 4974 2239 5029 suis
2268 4973 2507 5027 denotat
2535 4971 2592 5026 S.
2626 4969 2857 5027 Doctor.
2895 4972 2957 5025 In
2988 4970 3160 5026 tertio
3218 4974 3414 5026 autem
3475 4973 3767 5042 excerpto,

2114 5078 2182 5119 ex
2207 5063 2435 5129 eodem,
2467 5065 2532 5116 ut
2558 5060 2808 5127 videtur,
2852 5075 3025 5131 opere
3081 5060 3413 5131 desumpto,
3466 5058 3617 5115 hanc
3647 5075 3771 5114 me-

2113 5155 2344 5209 moratu
2402 5151 2642 5222 dignam
2701 5149 3053 5206 sententiam
3136 5149 3302 5205 effert
3358 5147 3766 5215 Athanasius;

2113 5240 2591 5315 Quemadmodum
2621 5239 2776 5295 homo
2809 5257 2843 5293 a
2872 5238 3146 5295 sacerdote
3205 5239 3541 5310 baptizatus,
3588 5236 3769 5309 Spiri-

2112 5340 2198 5389 tus
2225 5332 2402 5387 sancti
2430 5330 2615 5400 gratia
2643 5330 3019 5399 illuminatur,
3079 5331 3163 5384 ita
3211 5329 3310 5401 qui
3364 5326 3652 5397 conﬁtetur
3708 5329 3771 5382 in

2108 5422 2447 5495 paenitentia,
2474 5436 2571 5491 per
2598 5419 2935 5475 sacerdotem
2980 5419 3187 5474 Christi
3252 5419 3436 5487 gratia
3480 5416 3771 5472 rentissio-

2109 5529 2239 5568 nem
2270 5512 2490 5583 accipit.

2182 5604 2203 5624 ¹
2230 5599 2429 5656 XVIII.
2462 5598 2765 5655 Accedunt
2793 5596 2853 5653 in
2886 5594 2994 5653 hac
3024 5600 3226 5654 nostra
3246 5596 3502 5654 editione
3517 5596 3624 5653 duo
3644 5594 3766 5651 alia

405 5880 486 5968 (α)
513 5884 658 5951 Vide
677 5886 857 5967 hujus
886 5894 1167 5955 editionis
1189 5895 1552 5971 tom.II,post
1569 5895 1875 5956 Athanasii
1892 5894 2166 5971 Epistolas
2193 5895 2431 5972 lestales.
2461 5891 2624 5950 Eorr.
