4170 6388
390 343 504 416 xiv
1791 347 2043 412 PROLE

2169 347 2405 412 MENA.

387 483 721 558 Mgmenta
748 491 942 542 contra
968 479 1182 542 eosdem
1233 481 1581 551 Novatianos,
1643 498 1770 556 qua:
1830 487 1896 538 ut
1923 483 2038 540 duo
2077 489 2131 555 Α
2163 483 2471 540 nobiscum
2501 485 2800 554 consonet,
2830 498 2966 543 cum
3013 484 3282 545 videlicet
3336 504 3585 564 regnum
3644 486 3812 549 caelo-

386 575 710 648 superiora,
745 577 818 632 ad
868 578 1048 631 Actus
1095 573 1496 646 apostolorum
1547 572 1928 629 illustrandos
1986 573 2043 627 in
2158 589 2290 628 rum
2322 589 2604 645 magnum
2658 578 2715 630 et
2771 574 3004 632 cmleste
3061 578 3375 650 omnalum,
3435 581 3589 652 quod
3649 581 3810 636 omni

384 669 594 722 catena
624 682 769 721 mss.
805 665 1150 720 afferuntur.
2155 666 2434 717 creaturae
2467 663 3047 737 sufﬁciat,appellat:
3085 667 3143 721 in
3172 684 3352 740 eoque
3384 686 3810 740 przrcursorem

459 755 603 810 XIX.
638 755 702 810 In
733 756 1060 824 Fragmenta
1089 753 1153 807 de
1183 751 1466 818 amuletis,
1527 751 1647 806 sive
1708 749 2039 822 praestigiis,
2156 767 2260 823 pro
2292 751 2460 806 nobis
2492 752 2825 824 ingressum
2858 754 3170 812 Dominum
3201 757 3500 813 Christum
3535 759 3811 830 praedicat

390 847 596 900 contra
624 859 724 900 eos
754 843 875 916 agit
905 842 1025 914 qui,
1052 841 1307 897 instante
1339 841 1562 910 morbo,
1588 841 1660 895 ad
1695 839 1908 911 striges
1939 854 2040 894 seu
2153 857 2220 895 ac
2251 857 2357 895 nos
2388 857 2522 896 cum
2555 860 2620 898 eo
2652 843 2709 897 in
2741 845 2999 900 secundo
3022 846 3272 900 adventu
3302 847 3674 919 ingrcssuros
3696 848 3808 904 cla-

389 932 616 988 vetulas
645 931 1053 1010 confugiebant
1085 948 1097 985 :
1134 928 1649 997 veneﬁcarumque
1700 927 2040 998 hujusmodi
2152 934 2317 996 mat;
2353 935 2529 1002 atque
2560 931 2702 987 illud
2737 950 2750 988 :
2795 935 2959 990 Intra.
3009 937 3066 989 in
3097 936 3367 1006 gaudium
3400 938 3617 991 Domini
3651 947 3732 992 (ut
3760 939 3802 1006 7,

386 1037 565 1077 usum
597 1027 652 1077 et
680 1019 1161 1076 consuetudinem
1195 1019 1401 1091 paucis
1434 1017 1716 1090 depingit.
2151 1020 2223 1074 de
2252 1019 2548 1074 curnaculo
2597 1020 2718 1086 illo,
2783 1023 2838 1077 id
2897 1029 2985 1078 est
3037 1025 3108 1078 de
3148 1024 3288 1079 coelo
3343 1025 3492 1092 cmli,
3554 1027 3675 1081 sive
3732 1027 3804 1082 de

456 1111 570 1166 XX.
612 1113 940 1178 Fragmenta
996 1109 1134 1174 alia,
1191 1106 1369 1162 variis
1423 1125 1491 1163 ex
1541 1107 1683 1163 locis
1750 1112 2036 1178 excerpta,
2152 1124 2328 1178 regno
2359 1108 2662 1179 coelorum,
2693 1110 2984 1182 explicat:
3019 1112 3219 1185 aitque
3252 1113 3396 1169 illud
3428 1131 3462 1168 a
3517 1115 3802 1169 constitu-

386 1199 530 1255 varii
559 1199 886 1271 argumenti
919 1201 1077 1254 sunt.
1117 1199 1176 1252 In
1211 1197 1467 1253 secundo
1490 1198 1722 1252 brevem
1753 1201 1808 1252 et
1837 1195 2039 1251 diluci-
2149 1195 2306 1251 tione
2338 1197 2543 1252 mundi
2577 1197 2917 1254 hominibus
2949 1217 2981 1254 a
3011 1200 3126 1257 Deo
3159 1207 3552 1274 praeparatum
3597 1202 3799 1274 fuisse,

387 1285 524 1341 dam
583 1285 847 1358 mysterii
903 1288 958 1340 Β.
991 1285 1295 1340 Trinitatis
1343 1283 1790 1356 explicationem
1846 1285 2035 1340 aﬂ‘ert.
2149 1290 2322 1356 atque
2347 1286 2794 1342 tabernaculum
2820 1294 3058 1361 aMoyss
3085 1295 3379 1346 structum
3402 1291 3652 1364 figuram
3673 1307 3802 1347 esse

385 1373 448 1430 In
481 1374 650 1431 tertio
682 1374 784 1440 ait,
827 1374 878 1429 si
900 1375 1162 1430 Adamus
1192 1373 1250 1428 in
1280 1373 1612 1429 innocentia
1661 1373 2034 1444 perstitisset,
2147 1373 2448 1430 caelorum.
2488 1397 2509 1424 ι

378 1479 496 1519 non
530 1462 783 1519 naturali
812 1462 906 1519 via
933 1468 992 1519 et
1019 1463 1245 1529 ordine,
1278 1463 1379 1517 sed
1425 1461 1542 1517 alio
1605 1461 1806 1533 ignoto
1866 1462 2035 1517 nobis

2218 1482 2238 1503 '
2271 1480 2468 1536 XXIII.
2501 1483 2824 1553 Fragmenta
2855 1486 3078 1555 insigne
3107 1485 3168 1540 di
3222 1488 3392 1541 storia
3441 1488 3803 1543 erclesiastica

382 1551 523 1619 ritu,
569 1553 1014 1624 propagandum
1073 1552 1196 1606 tore
1251 1567 1437 1622 genus
1494 1551 1822 1606 humanum
1859 1569 1871 1606 :
1907 1568 2033 1623 qua:

2169 1568 2239 1624 let
2269 1575 2465 1640 quarto
2495 1551 2686 1626 scroto.
2720 1575 2862 1626 Cum
2895 1551 3095 1629 invhoc
3123 1574 3463 1647 fragmento
3522 1582 3578 1630 et
3636 1576 3694 1630 in
3725 1576 3799 1632 cl.

381 1639 524 1729 ii'jem
555 1639 664 1696 fu“?
692 1641 1084 1712 quorumdam
1132 1644 1395 1729 Veterum
1453 1639 1670 1710 ορίηίο·
1734 1640 1791 1729 ξι)
1826 1645 2034 1710 quarto
2144 1639 2436 1729 Scipionis
2493 1660 2704 1715 MaIIeii
2767 1639 3376 1719 animadversionibus
3437 1681 3552 1720 non
3606 1664 3798 1720 solum

380 1728 599 1819 ἀίρίῗτιιτ
627 1729 967 1787 Africanum
999 1733 1056 1819 et
1088 1728 1467 1819 AthaPaSiuim
1500 1729 1570 1783 de
1597 1727 1897 1819 εξρυξιυτει
1929 1729 2032 1785 DO‘
2143 1727 2365 1817 scripta
2395 1749 2667 1819 quaedam
2696 1749 2755 1804 S.
2788 1749 3118 1817 Athanasii,
3149 1768 3352 1807 verum
3403 1753 3580 1809 etiam
3614 1753 3802 1809 multa

380 1817 1064 1930 ῗξξίξξξῒνὲοῖξεεῗέη
1112 1816 2032 1930 ﬂagitii{eiut—31:99:13.1?
2066 1865 2112 1930 B
2144 1834 2215 1930 ad
2245 1816 2511 1930 ejusdem
2543 1837 2723 1892 vitam
2755 1816 3110 1910 spectantia,
3138 1845 3192 1895 et
3220 1840 3290 1896 ad
3344 1857 3413 1896 ea
3441 1847 3707 1913 tempora
3728 1842 3798 1897 il-

377 1905 659 1964 stimenta
710 1911 1072 1977 servantem,
1123 1905 1487 1978 Stephanum
1549 1910 2034 1979 protomartyrem

2171 1924 2456 1979 ustranda
2484 1926 2917 1996 contineantur,
2952 1943 3138 1999 opera:
3170 1930 3421 2000 pretium
3464 1930 3800 2002 putavimus

378 1994 701 2086 Πὲιιιῖοτυω
728 1995 1347 2086 ωδηίδυεῄιθΡίάθδδθν
1400 1995 1556 2067 (ἰυοά
1617 1994 1727 2086 alii,
1775 1995 2034 2051 Αῖδδηα·
2143 2015 2270 2066 tum
2290 1994 3799 2086 fragmentumipsum,tu‘metiamanimadversiones

377 2083 465 2141 sio
496 2085 743 2142 fortasse
772 2084 1026 2142 mutuati
1060 2088 1265 2157 postea
1294 2087 1674 2157 usurparunt.
1713 2085 1774 2139 In
1831 2089 2034 2141 octavo

2169 2117 2213 2156 ια
2244 2101 2446 2175 lingua
2477 2120 2595 2175 qua
2616 2105 2688 2160 ab
2711 2110 2946 2161 auctore
2978 2105 3355 2163 celeberrimo
3399 2112 3635 2163 exarata
3676 2109 3798 2165 fue-

376 2173 724 2266 obssrvatur
749 2173 1024 2266 Paulum,
1059 2190 1175 2229 non
1207 2173 1499 2266 dogmatis
1534 2173 1800 2266 tradendi
1834 2189 2032 2266 causa,
2145 2195 2282 2246 ι-υηι
2312 2173 2420 2246 Hoc
2449 2173 2577 2248 ιάοο
2609 2211 2918 2266 apponere,

376 2262 479 2320 sed
511 2266 575 2318 ut
596 2263 848 2336 tempori
875 2279 1004 2319 sese
1037 2263 1529 2330 accommodaret,
1591 2261 2034 2319 circumcidisse

381 2351 779 2408 Timotheum.

444 2440 588 2497 XXI.
623 2443 811 2497 Brevis
842 2443 1124 2512 Expositio
1155 2440 1288 2512 ﬁdei
1309 2444 1479 2497 notas
1508 2456 1714 2498 omnes
1771 2440 2030 2496 Athana-

378 2529 529 2587 siani
558 2531 659 2586 sevi
692 2531 925 2604 praefert
957 2547 970 2586 :
1005 2531 1226 2604 quippe
1247 2531 1418 2602 cujus
1448 2529 1822 2586 omniadicta
1842 2531 1912 2586 ad
1949 2546 2032 2586 re-

372 2617 742 2693 pudiandam
762 2619 1117 2676 Arianorum
1140 2623 1196 2676 et
1218 2618 1887 2676 Pneumatomachorum
1919 2617 2034 2675 hee-

374 2708 538 2766 resin
569 2708 920 2765 concinnata
939 2709 1077 2765 sint.

2213 2311 2235 2332 '
2269 2309 2470 2365 XXIV.
2496 2311 2643 2377 Quid
2677 2311 2749 2367 de
2773 2311 3016 2384 Epistula
3047 2312 3116 2367 art
3171 2314 3435 2385 p0pulum
3493 2322 3544 2370 et
3586 2317 3797 2372 clerum

2141 2398 2433 2454 Persarum
2461 2416 2640 2471 quam
2671 2399 2765 2456 hic
2797 2401 2991 2457 Graece
3037 2401 3212 2458 etiam
3271 2403 3506 2474 damus,
3538 2405 3796 2462 sentien-

2142 2487 2284 2542 dum
2315 2488 2412 2557 sit,
2440 2489 2781 2546 monuimus
2811 2493 2954 2548 tom.
2990 2490 3062 2557 II,
3097 2492 3468 2564 pag.649,ubi
3493 2493 3655 2550 illam
3689 2495 3797 2550 La-

2139 2575 2260 2632 tine
2280 2580 2511 2634 tantum
2541 2577 2941 2635 exhibuimus.
2974 2579 3192 2650 [Graece
3236 2583 3295 2635 et
3349 2581 3554 2636 Latine
3610 2587 3800 2639 exstat

2139 2664 2319 2737 hujus
2349 2667 2489 2722 edit.
2523 2670 2685 2723 tomo
2717 2667 2807 2724 IV.
2840 2668 2936 2723 Ed.
2965 2668 3152 2739 Patr.]

2210 2773 2233 2795 θ
2265 2771 2433 2828 XXV.
2465 2775 2851 2846 Interpretatio
2882 2776 2942 2830 in
2971 2775 3240 2831 Psalmos.
3300 2774 3444 2832 Vide
3506 2777 3794 2848 praefatio-

443 2798 468 2822 '
491 2797 661 2855 XXII.
693 2799 1022 2868 Fragmenta
1051 2814 1121 2854 ex
1163 2798 1420 2869 Epistolis
1463 2798 1766 2868 festalibus,
1798 2798 1870 2854 de
1898 2798 2028 2870 qui-
2265 2797 2433 2874 ίξίυζο
2465 2797 2830 2874 ξηξθτΡνειξιιξξ

2140 2877 2274 2918 nem
2298 2861 2436 2917 huic
2466 2861 2934 2935 interpretationi
2956 2864 3274 2936 praeﬁxam.

370 2885 485 2943 bus
515 2885 637 2942 haec
667 2886 847 2943 habet
875 2886 1089 2942 Cosma
1121 2886 1554 2958 Indicopleusta
1603 2887 1662 2942 in
1695 2903 1802 2943 suo
1834 2903 2028 2958 opere,

369 2974 464 3031 cui
493 2974 724 3046 titulus,
752 2975 1080 3033 Christiana
1110 2975 1506 3048 Topographia,
1536 2975 1656 3032 sive
1687 2977 2026 3032 Christiano-
2211 2977 2340 3034 Haec
2370 2978 2429 3034 S.
2462 2977 2770 3035 Athanasii
2799 2981 3079 3052 opusculis
3106 2997 3256 3037 nunc
3278 2985 3527 3054 primum
3557 2984 3794 3041 collectis

369 3080 496 3120 rum
524 3064 710 3138 opinio
739 3064 804 3121 de
831 3063 1036 3120 mundo
1066 3084 1086 3119 :
1122 3086 1150 3115 «
1185 3064 1600 3121 Animadverte
1616 3065 1784 3136 mihi,
1807 3081 2027 3137 quasso,
2138 3067 2550 3138 praemittenda
2580 3067 2876 3125 duximus.
2906 3069 2993 3126 Tu
3025 3068 3363 3138 vero,lector
3415 3072 3794 3141 erudite,vale

369 3153 666 3227 quomodo
698 3169 954 3226 magnus
983 3153 1078 3210 hic
1110 3153 1320 3211 Doctor
1348 3153 1503 3211 circa
1530 3154 1779 3227 ﬁguram
1816 3155 2022 3210 mundi
2134 3159 2194 3211 et
2223 3155 2316 3212 his
2347 3155 2560 3212 fruere.

441 3296 463 3333 ⁷
492 3295 700 3355 Matth.
735 3313 870 3366 xxv,
901 3297 995 3354 21.
2055 3239 2100 3308 C

513 3602 936 3666 EPISTOLA
966 3602 1385 3667 PR/EFIXA
1413 3603 1718 3667 EDITIO
1737 3602 1831 3667 Ν]
1851 3603 1989 3667 PP.
2021 3604 2043 3666 λ

2169 3604 2896 3672 VECDICTINORUM
2918 3606 3144 3668 ΑΝΝΙ
3167 3607 3471 3671 MDCXC
3486 3608 3638 3671 VIII

1139 3799 1537 3845 SIRBNISSIHO
1567 3798 1828 3844 PRINCIPI
1861 3798 2217 3844 EIHANUELI
2243 3800 2580 3845 THEODOSIO
2609 3801 2687 3845 ΠΒ
2718 3799 3008 3846 BOUILLON

1426 3881 1478 3924 S.
1506 3880 1561 3924 Β.
1602 3881 1655 3924 Β.
1694 3879 2024 3924 CARDINALI
2056 3880 2333 3926 EPISCOPO
2363 3880 2720 3936 ALBANENSI,

804 3960 1014 4008 MAGNO
1041 3960 1316 4007 FBANCIE
1348 3959 1874 4017 ELEEMOSYNARIO,
1904 3959 2145 4005 0RDINIS
2175 3960 2613 4006 CLUNIACBNSIS
2643 3959 2984 4007 PREPOSITO
3013 3961 3339 4018 GENERALI,

1163 4043 1239 4086 ET
1267 4041 1327 4086 ΙΝ
1360 4041 1611 4087 ROMANA
1642 4040 1827 4086 CURIA
1859 4040 2140 4086 LUDOVICI
2189 4041 2380 4087 MAG!“
2411 4041 2667 4087 ORATORI
2699 4041 2972 4088 ASSIDUO.

441 4202 858 4268 Athanasium
915 4202 1028 4264 tibi
1088 4201 1432 4276 offerimus,
1495 4202 1903 4264 Serenissime
1963 4201 2314 4282 Princeps;
2349 4221 2650 4280 magnum
2707 4202 2866 4264 illud
2908 4201 3212 4264 Ecclesia:
3267 4203 3503 4278 lumen,
3562 4204 3626 4264 in
3670 4206 3784 4267 ob-

363 4300 694 4364 servantiae
750 4319 901 4380 erga
957 4307 1019 4364 te
1067 4307 1298 4363 nostra}
1320 4300 1870 4380 signiﬁcationem,
1928 4299 2296 4380 conspectui
2388 4300 2667 4360 sistimus
2748 4306 2882 4362 tuo.
2963 4300 3147 4362 Haud
3221 4300 3474 4380 ingrato
3529 4320 3788 4364 munere

362 4397 684 4461 instructis
713 4398 922 4459 aditus
950 4399 1032 4460 ad
1062 4398 1598 4479 magniﬁcentiam
1630 4403 1803 4458 tuam
1833 4396 2148 4477 perfacilis
2201 4415 2352 4457 sane
2405 4399 2655 4458 futurus
2710 4405 2832 4472 est,
2895 4398 3028 4477 qui,
3088 4415 3218 4477 qua
3268 4398 3470 4478 polles
3551 4399 3790 4478 ingenii

363 4495 843 4578 perspicacitate
873 4497 1146 4576 pretium
1180 4497 1407 4575 cuique
1438 4495 1531 4555 rei
1561 4513 1743 4556 suum
1775 4495 2098 4573 assignare
2127 4495 2314 4555 nosti.

442 4593 633 4656 Tanti
683 4594 970 4655 Doctoris
1028 4613 1246 4674 opera,
1305 4593 1420 4655 etsi
1463 4611 1503 4653 a
1559 4593 1760 4653 doctis
1814 4598 1878 4653 et
1923 4592 2200 4653 laudatis
2257 4591 2407 4653 viris
2456 4591 2707 4671 jamdiu
2757 4599 3113 4674 expurgata
3168 4593 3455 4672 fuerant,
3515 4594 3793 4656 erudito-

364 4710 507 4754 rum
537 4697 752 4753 tamen
776 4691 1018 4770 judicio
1049 4693 1330 4753 nondum
1369 4691 1660 4752 sordibus
1689 4690 2006 4751 vacabant
2039 4690 2234 4769 ;quid
2295 4691 2465 4769 quod
2523 4691 2772 4752 inerant
2831 4692 3069 4770 passim
3128 4692 3345 4771 spuria
3396 4710 3434 4752 a
3493 4693 3794 4754 Graeculis

367 4791 703 4862 adornata,
735 4794 799 4850 et
828 4789 1039 4867 sagaci
1067 4789 1330 4868 indigna
1359 4790 1493 4849 viro
1524 4791 1553 4849 ?
1573 4790 1602 4850 .l
1614 4807 1713 4848 am
1745 4806 1893 4848 vero
1926 4789 2030 4850 ille
2061 4807 2175 4849 suo
2207 4789 2381 4849 cultu
2413 4795 2696 4863 ornatus,
2727 4789 2942 4869 prisco
2996 4789 3212 4862 nitori,
3274 4789 3484 4868 quoad
3527 4790 3794 4852 facultas

373 4893 592 4949 nostra
621 4886 1146 4960 tullit,restitutus
1172 4906 1245 4948 ac
1273 4892 1475 4947 tersus
1505 4886 1716 4965 prodit
1752 4903 1765 4945 :
1802 4886 2137 4965 positoque
2167 4887 2571 4962 pudore,suis
2585 4887 3062 4962 auctus,alienis
3091 4893 3470 4948 exoneratus
3497 4887 3559 4948 in
3592 4887 3795 4967 publi-

368 5003 512 5047 cum
542 4983 737 5058 venit,
769 5002 843 5045 ac
876 4984 1148 5064 priorem
1183 4991 1243 5045 te
1273 4985 1615 5044 salutatum
1649 4987 1913 5044 Romam
1945 4985 2326 5062 commigrat
2357 5002 2372 5055 ;
2409 4990 2479 5045 ut
2507 4985 2558 5044 si
2591 4985 2744 5064 quid
2777 4985 2840 5046 in
2871 4985 3089 5047 Galliis
3149 4985 3523 5061 ornamenti,
3557 4985 3611 5046 si
3639 4986 3794 5066 quid

367 5080 656 5144 beneﬁcii
687 5087 910 5143 nactus
939 5082 1042 5157 sit,
1073 5083 1139 5143 in
1171 5082 1305 5155 tibi,
1340 5081 1747 5144 Serenissime
1777 5081 2098 5162 Princeps,
2133 5081 2300 5143 inter
2322 5081 2537 5144 Gallia
2570 5089 2898 5162 magnates
2929 5084 3274 5163 conspicuo
3331 5088 3394 5145 et
3459 5102 3644 5163 aequo
3691 5101 3793 5145 re-

370 5199 511 5243 rum
543 5180 910 5241 aestimatori
939 5187 1283 5242 recenseat.

452 5281 578 5338 Nec
606 5276 880 5339 insolens
910 5284 1002 5340 est
1032 5281 1207 5359 quod
1239 5279 1562 5342 Gallorum
1593 5297 1659 5339 se
1687 5278 1912 5340 ofﬁciis
1943 5279 2184 5340 cultum
2208 5279 2576 5340 testiﬁcetur
2607 5279 3015 5358 Athanasius,
3049 5281 3149 5342 cui
3179 5280 3383 5344 Gallia
3431 5279 3794 5360 perfugium

374 5378 523 5439 dum
549 5374 805 5451 viveret,
831 5395 955 5437 non
980 5379 1174 5440 semel
1204 5379 1527 5439 fuit.Nunc
1555 5383 1766 5438 autem
1797 5395 1942 5438 cum
1972 5396 2098 5438 non
2133 5376 2340 5438 minus
2361 5378 2741 5457 scriptorum
2774 5396 2965 5456 quam
2997 5384 3318 5456 gestorum
3351 5397 3612 5438 suorum
3646 5396 3795 5457 ope,

373 5476 441 5536 in
480 5473 782 5534 memoria
814 5473 1143 5537 hominum
1174 5477 1327 5538 vivit
1359 5483 1421 5538 et
1447 5482 1776 5555 perennat,
1809 5475 1926 5536 sub
1956 5475 2251 5556 auspiciis
2277 5476 2368 5536 tui
2397 5476 2462 5537 in
2494 5475 2700 5538 lucem
2731 5477 2985 5555 prodire
3017 5477 3228 5555 gestit,
3286 5475 3796 5538 Eminentissime

377 5569 750 5642 Cardinalis,
785 5577 844 5631 et
877 5577 936 5633 te
974 5573 1236 5653 insignis
1266 5574 1370 5634 ille
1404 5572 1658 5653 praesul,
1693 5573 1942 5635 Gallum
1971 5581 2334 5653 patronum,
2370 5574 2583 5635 multis
2617 5574 2980 5636 nominibus
3009 5574 3320 5655 insignem
3352 5573 3571 5635 ambit.
3610 5575 3796 5648 Nam,

379 5669 506 5731 sive
536 5668 784 5747 generis
814 5671 1191 5750 amplitudo,
1231 5692 1373 5753 quae
1402 5671 1749 5736 domestica
1783 5690 1798 5748 ;
1832 5673 1962 5738 sive
1989 5673 2265 5753 dignitas
2294 5679 2359 5737 et
2387 5672 2742 5754 ingenium,
2775 5691 2920 5754 quae
2973 5679 3086 5737 tua
3137 5673 3278 5736 laus
3303 5677 3424 5749 est,
3453 5674 3794 5753 spectetur,
