4170 6504
1306 493 1728 558 PRIEFATIO
1770 489 1982 556 EDITI

2081 491 2168 556 llS
2211 491 2786 556 BENEDICTINE.
3671 501 3755 559 κν

327 620 472 711 jure
503 627 621 692 tibi
651 635 1053 711 nuncupatus
1073 629 1451 708 oblatusque
1481 636 1694 691 tantus
1723 633 1956 690 Doctor
1984 647 2116 689 esse
2146 629 2522 689 censebitur.
2558 629 2718 700 Quid
2767 628 2818 688 si
2848 627 3108 688 accedat
3157 627 3457 689 Ludovici
3511 626 3748 706 Magni,

336 729 506 807 quod
538 748 731 788 unum
763 729 960 789 instar
990 729 1271 789 omnium
1304 747 1435 789 esse
1468 727 1688 807 possit,
1712 726 2023 806 judicium
2059 747 2079 794 ;
2109 727 2220 805 qui
2249 732 2308 786 te
2338 728 2417 786 ad
2449 725 2966 806 praestantissima
3027 726 3308 786 omnium
3367 727 3622 804 negotia
3651 745 3755 805 ge-

334 827 531 887 renda
559 827 812 905 delegit,
860 834 920 888 et
951 826 1042 887 tui
1072 828 1276 904 gratia
1299 833 1564 900 tantam,
1603 833 1730 886 tam
1763 826 2114 903 insignibus
2146 827 2209 885 in
2241 827 2698 905 rempublicam
2731 825 2952 885 ofﬁciis
2983 825 3354 902 praeclaram
3414 825 3751 899 familiam,

337 924 640 1003 singulari
666 925 994 997 beneﬁcio,
1029 926 1364 1002 singularis
1395 925 1656 984 affectus
1687 924 1913 996 indice,
1949 924 2125 984 auxit
2155 930 2216 984 et
2246 926 2631 985 exornavit?
2666 924 2823 995 Quid
2861 924 2909 982 si
2967 923 3077 982 illa
3134 924 3365 982 summi
3433 924 3755 983 Pontiﬁcis

335 1042 450 1103 pro
483 1029 593 1085 tua
622 1025 928 1102 dignitate
959 1024 1190 1094 studia,
1224 1023 1331 1102 qui
1361 1023 1642 1083 delatum
1677 1042 1713 1082 a
1743 1023 2058 1082 Ludovico
2094 1024 2319 1099 Magno
2353 1023 2751 1096 beneﬁcium,
2814 1021 3037 1080 lubens
3067 1020 3275 1080 sanxit
3304 1025 3364 1081 et
3417 1021 3753 1081 conﬁrma-

333 1122 479 1183 vit?
508 1125 734 1182 Annon
757 1123 958 1182 virum
992 1122 1278 1181 certatim
1310 1141 1346 1182 a
1368 1121 1674 1200 supremis
1705 1121 1876 1181 orbis
1906 1119 2296 1199 principibus
2320 1120 2559 1179 cultum
2593 1124 2654 1179 et
2693 1123 2984 1178 ornatum
3031 1117 3173 1195 jure
3206 1137 3277 1179 ac
3310 1119 3533 1178 merito
3567 1118 3758 1178 Atha-

336 1220 513 1280 nasio
546 1227 761 1282 nostro
794 1227 1133 1300 patronum
1166 1220 1480 1280 ascribere
1511 1219 1842 1279 videamur
1870 1221 1898 1278 ?

418 1321 690 1379 Tantum
722 1319 1079 1393 Doctorem,
1115 1319 1284 1379 orbis
1315 1318 1772 1397 spectaculum,
1807 1317 2148 1396 prwsulum
2182 1316 2525 1395 exemplar,
2563 1315 2726 1375 comi
2757 1314 2927 1375 haud
2950 1314 3138 1375 dubie
3170 1315 3548 1394 placidoque
3572 1317 3755 1378 vultu

339 1422 717 1496 excepturus
746 1435 834 1490 es,
869 1417 1279 1478 Serenissime
1309 1417 1629 1495 Princeps.
1664 1418 1741 1476 Et
1770 1435 2008 1493 quaeso,
2046 1422 2113 1475 ut
2142 1416 2192 1475 si
2224 1415 2376 1494 quid
2415 1414 2523 1475 tibi
2546 1415 2657 1474 otii
2689 1415 2768 1474 sit
2824 1432 2862 1473 a
2919 1413 3302 1490 quotidianis
3333 1413 3454 1474 illis
3485 1417 3651 1476 curis
3681 1422 3745 1477 et

339 1514 741 1594 amplissimis
774 1514 1042 1593 negotiis
1073 1534 1214 1593 qua
1239 1515 1522 1574 animum
1553 1515 1851 1573 distinent
1884 1521 2085 1587 tuum,
2123 1533 2198 1574 ne
2229 1532 2490 1592 gravere
2529 1511 2857 1572 Athanasii
2919 1512 3155 1589 scripta
3211 1511 3500 1585 lustrare,
3535 1519 3596 1574 et
3627 1519 3757 1574 tam

338 1631 628 1692 sagacem
661 1613 865 1673 virum
897 1613 1302 1673 consiliorum
1333 1613 1704 1692 participem
1738 1613 2091 1673 admittere.
2118 1613 2300 1673 Enim
2325 1631 2474 1672 vero
2507 1611 2590 1671 ab
2624 1611 2736 1670 illo
2769 1609 3068 1670 ediscitur
3097 1610 3267 1686 quod
3298 1610 3376 1669 sit
3404 1611 3758 1672 antistitum

340 1729 567 1771 munus
602 1728 614 1769 :
651 1711 759 1789 qui
789 1729 921 1771 esse
944 1711 1214 1772 debeant
1246 1712 1309 1770 in
1342 1711 1490 1783 otio,
1519 1711 1710 1789 quiin
1745 1710 2021 1788 negotio,
2057 1709 2166 1788 qui
2195 1709 2258 1767 in
2283 1708 2598 1786 periculis,
2637 1707 2746 1787 qui
2779 1709 2841 1765 in
2901 1707 3368 1766 calamitatibus
3423 1709 3590 1782 vitae,
3652 1711 3762 1788 qui

337 1827 481 1868 cum
513 1808 884 1886 aequalibus,
920 1809 1025 1886 qui
1059 1808 1252 1886 plebi,
1287 1809 1394 1886 qui
1426 1808 1717 1868 Ecclesiae
1749 1808 2061 1868 hostibus.
2097 1806 2324 1868 Omnia
2355 1806 2590 1885 quippe
2621 1823 2906 1876 casuum,
2941 1804 3154 1864 omnia
3185 1805 3624 1867 calamitatum
3659 1827 3764 1886 ge-

336 1924 490 1966 nera
519 1924 809 1965 emensus
837 1905 1238 1978 Athanasius,
1274 1924 1599 1984 nunquam
1633 1906 2068 1966 semelinitum
2099 1905 2351 1984 pietatis
2382 1923 2642 1964 cursum
2673 1903 3029 1976 intermisit,
3094 1904 3507 1984 omniumque
3564 1906 3766 1966 virtu-

336 2010 468 2064 tum
491 2022 624 2063 sese
652 2004 969 2082 specimen
999 2004 1249 2065 obtulit.
1286 2007 1484 2064 Nemo
1516 2009 1610 2065 est
1640 2004 1749 2082 qui
1775 2004 1890 2064 tibi
1920 2003 2263 2083 sapientius
2285 2004 2550 2063 suadere
2583 2002 2781 2082 possit
2808 2001 3154 2062 Athanasio
3183 2019 3196 2076 ;
3233 2021 3560 2081 nunquam
3594 2004 3763 2064 labe-

334 2119 424 2174 re,
457 2101 507 2162 si
539 2103 746 2181 ipsum
779 2103 1023 2163 audias.

414 2202 562 2261 Haec
593 2200 753 2261 ratio
789 2201 922 2273 tibi,
959 2200 1369 2262 Serenissime
1395 2201 1718 2281 Princeps,
1757 2201 2320 2281 haudjinjucunda
2379 2217 2560 2280 spero
2620 2199 2810 2260 fuerit
2865 2199 3275 2260 testiﬁcandae
3332 2199 3763 2280 obsequentiae

335 2316 486 2378 erga
516 2304 576 2359 te
604 2303 836 2360 nostrae
870 2318 883 2359 :
917 2299 1372 2378 Athanasiique
1403 2300 1827 2361 concinnandi
1858 2299 2141 2361 laborem
2173 2317 2286 2359 nos
2318 2298 2642 2377 auspicato
2689 2316 3018 2376 aggressos
3067 2297 3542 2372 arbitrabimur,
3577 2298 3628 2358 si
3661 2299 3761 2359 lu-

335 2397 778 2459 cubrationnes
809 2403 1057 2458 nostras
1086 2398 1151 2457 in
1182 2399 1347 2459 oﬁ‘cii
1381 2399 1631 2477 signum
1664 2399 1910 2460 oblatas
1939 2398 2072 2474 tibi,
2110 2402 2291 2476 grato
2320 2396 2532 2457 animo
2563 2395 2903 2475 acceperis,
2939 2399 3000 2454 et
3028 2395 3452 2474 patrocinium
3487 2400 3666 2457 tuum
3698 2402 3762 2458 te

336 2512 581 2555 summe
612 2495 965 2557 colentibus
994 2495 1404 2575 impenderis.

1830 2593 2378 2676 Obsequentessz'mz's
2404 2591 2700 2676 monac/{229
2729 2590 2881 2676 ord._
2897 2590 3108 2676 Sancti
3132 2589 3450 2652 Benedicti

2108 2675 2586 2755 congregationis
2611 2672 2825 2734 Sancti
2849 2672 3076 2733 Mauri.

1597 3037 2501 3164 PREFATIO

1053 3299 1166 3383 IN
1227 3300 1794 3386 UNIVERSA
1855 3300 1944 3386 S.
2011 3295 2575 3387 ATHANASI
2634 3296 3023 3384 OPERA.

1699 3505 1826 3576 (Ed.
1859 3504 2072 3560 Bened.
2107 3502 2245 3558 1698
2277 3501 2401 3574 [a].)

408 3809 605 3866 Mirari
664 3811 825 3866 subit
881 3829 1060 3884 quare
1099 3829 1234 3868 cum
1284 3814 1341 3868 in
1397 3815 1775 3887 antiquorum
1821 3815 1986 3873 libris
2017 3817 2073 3883 Α
2100 3814 2336 3885 tissimi,
2363 3815 2581 3887 scripta
2609 3815 2670 3869 in
2696 3817 2815 3870 tam
2840 3814 3057 3870 misera
3077 3817 3230 3869 sorte
3258 3815 3478 3870 versari
3502 3832 3574 3871 ne
3595 3819 3760 3889 pate-

336 3901 723 3957 emendandis
765 3905 966 3957 nostro
1001 3907 1054 3958 et
1103 3903 1396 3974 praeterito
1433 3922 1552 3959 aevo
1596 3908 1760 3960 tanta
1791 3907 1867 3961 sit
1895 3906 1990 3961 in-
2101 3920 2325 3972 remur,
2361 3906 2595 3960 vetabat
2625 3905 2951 3960 recordatio
2982 3904 3231 3959 victoria:
3263 3904 3400 3959 olim
3451 3906 3522 3960 de
3544 3907 3761 3978 permi-

333 3989 562 4046 dustria
601 3991 976 4059 desudatum,
1012 3992 1434 4048 nonnullorum
1492 3997 1689 4049 tamen
1722 3995 1990 4052 Ecclesia;
2103 3993 2453 4049 ciosissimis
2484 3993 2752 4049 Ecclesiae
2786 3994 3209 4060 hostibus,non
3232 3993 3365 4049 aliis
3396 4009 3575 4064 quam
3599 3994 3761 4052 hisce

332 4082 538 4137 Graecae
569 4081 809 4137 Patrum
841 4099 1017 4155 opera
1048 4087 1312 4139 scateant
1355 4085 1607 4155 mendis,
1646 4086 1992 4143 sordescant

333 4171 547 4227 misere
577 4170 794 4243 spuriis
823 4170 1159 4228 intermista
1184 4191 1196 4240 ;
1231 4177 1289 4229 et
1319 4173 1462 4229 dum
1496 4175 1554 4229 in
1578 4175 1702 4231 dies
1732 4176 1990 4232 erudito-

335 4277 468 4315 rum
499 4261 774 4317 manibus
805 4264 1096 4331 teruntur,
1132 4280 1248 4317 non
1288 4264 1490 4319 sordes
1523 4265 1837 4336 deponant,
1873 4282 1988 4321 non

335 4350 408 4406 ad
467 4350 769 4407 meliorem
828 4351 1224 4408 conditionem
1267 4358 1629 4409 revocentur.
1669 4354 1800 4410 Haec
1849 4372 1989 4412 sane

332 4443 474 4495 sunt
503 4457 631 4512 quae
664 4440 937 4497 stimulos
971 4441 1143 4496 nobis
1176 4442 1550 4509 addiderunt,
1585 4446 1649 4497 ut
1680 4445 1870 4514 quoad
1905 4445 1988 4500 fa-

332 4526 524 4584 cultas
556 4529 721 4596 ferat,
745 4529 1018 4585 Patribus
1041 4530 1254 4586 Gracia
1287 4548 1529 4588 manum
1549 4533 1986 4601 admoveamus,

329 4617 564 4690 quando
585 4618 946 4689 jamdudum
966 4620 1151 4675 nostri
1175 4619 1414 4676 Latinis.
1448 4620 1612 4676 Prior
1642 4626 1836 4677 autem
1859 4640 1989 4678 sua-

331 4711 431 4779 pte
461 4707 748 4780 dignitate
767 4709 836 4763 ad
872 4708 1433 4780 hujusmodicuram
1454 4727 1560 4765 nos
1591 4711 1986 4784 evocavit,qui

329 4795 484 4851 inter
513 4795 782 4852 Ecclesiae
814 4797 1024 4853 Graecae
1080 4798 1346 4853 doctores
1393 4799 1616 4870 primas
1645 4804 1822 4867 tenet,
1855 4818 1984 4857 ma-

326 4901 480 4956 gnus
493 4885 589 4940 ille
604 4886 885 4942 Athanasi
899 4888 1166 4958 us,cujus
1190 4887 1679 4960 scriptaimmane
1696 4895 1983 4962 quantum

323 4973 462 5030 vitio
517 4973 804 5032 laborent.
837 4976 1020 5032 Nemo
1053 4976 1209 5031 enim
1243 4981 1352 5043 est,
1386 4977 1486 5048 qui
1528 4979 1823 5049 percursis
1855 4981 1984 5050 ejus

329 5062 629 5135 operibus,
661 5069 719 5122 et
747 5065 1153 5137 perturbatum
1187 5065 1476 5122 librorum
1522 5068 1787 5123 ordinem
1840 5087 1982 5125 con-

321 5151 607 5224 spicatus,
639 5170 844 5226 sparsa
894 5155 1031 5210 hinc
1062 5159 1118 5211 et
1147 5155 1282 5211 inde
1331 5156 1532 5229 spuria
1562 5157 1727 5214 nulla
1773 5156 1981 5222 νοθείας

2101 4083 2233 4138 telis
2267 4088 2464 4154 partae.
2501 4083 2641 4147 Quis
2690 4083 2869 4152 enim,
2904 4083 2952 4138 si
2986 4084 3307 4154 perpendat
3345 4088 3634 4155 quantum
3668 4085 3757 4140 in-

2101 4173 2294 4245 genio,
2332 4177 2622 4244 quantum
2671 4172 2877 4245 peritia
2923 4173 3271 4241 litterarum,
3306 4175 3598 4244 quantum
3649 4173 3758 4229 hu-

2102 4279 2277 4318 mana
2291 4263 2750 4335 gratiavalerent
2777 4262 3132 4334 quibuscum
3146 4261 3505 4316 Athanasius
3521 4262 3760 4320 assidue

2107 4368 2210 4424 per
2259 4357 2443 4408 totam
2491 4354 2672 4407 vitam
2723 4368 3079 4423 congressus
3110 4355 3217 4419 est,
3252 4369 3367 4406 non
3399 4351 3640 4407 maximi
3689 4369 3758 4409 ea

2100 4441 2318 4512 scripta
2370 4442 2568 4511 ducat,
2603 4442 2820 4512 quibus
2868 4441 2907 4495 ii
2959 4440 3277 4513 proﬂigati,
3306 4457 3443 4495 vera
3491 4440 3758 4497 doctrina

2100 4534 2324 4586 asserta
2376 4531 2486 4586 fuit
2513 4532 2539 4585 ‘2
2568 4532 2669 4586 His
2716 4532 2835 4586 Arii
2869 4530 3187 4597 dialectica,
3220 4529 3456 4585 Eusebii
3488 4529 3754 4586 Nicome-

2098 4619 2318 4676 diensis
2349 4619 2640 4676 calliditas
2669 4619 2790 4685 illa,
2818 4637 3041 4692 parque
3074 4619 3348 4675 maximis
3369 4618 3640 4691 gerendis
3671 4636 3754 4675 re-

2096 4708 2209 4764 bus
2241 4708 2544 4781 ingenium
2571 4727 2583 4777 ;
2617 4709 2709 4765 his
2751 4710 2940 4781 gentis
2971 4710 3098 4779 ejus
3130 4706 3502 4763 Caesariensis
3559 4707 3754 4763 erudi-

2094 4798 2176 4854 tio
2206 4799 2388 4861 varia,
2410 4799 2697 4854 Theodori
2729 4798 3071 4854 Heracleotaa
3094 4814 3395 4854 sacrarum
3422 4796 3753 4854 litterarum

2095 4887 2304 4958 peritia
2337 4888 2633 4943 erroribus
2668 4888 2902 4943 tuendis
2955 4887 3206 4955 addicta,
3241 4886 3334 4942 his
3365 4887 3604 4942 demum
3637 4887 3752 4943 hae-

2095 4976 2406 5032 reticorum
2450 4978 2714 5031 omnium
2747 4975 2859 5031 tela
2890 4976 3136 5048 depulsa
3167 4980 3326 5030 sunt.
3355 4979 3550 5045 Operae
3573 4975 3753 5047 igitur

2095 5066 2348 5139 pretium
2382 5065 2578 5136 fuerit,
2613 5070 2677 5121 ut
2705 5083 2772 5120 ea
2808 5066 3055 5138 pristino
3106 5063 3278 5119 nitori
3312 5063 3619 5120 restituere
3647 5081 3748 5120 cu-

2095 5170 2314 5222 remus,
2349 5172 2452 5226 per
2499 5173 2646 5226 quae,
2683 5155 2935 5209 Numine
2980 5155 3062 5208 ita
3110 5153 3465 5225 providente,
3501 5153 3558 5207 id
3592 5153 3750 5208 nacti

325 5240 753 5313 signiﬁcatione
774 5241 1072 5309 distincta,
1092 5243 1417 5298 orationem
1437 5245 1659 5315 passim
1689 5245 1979 5316 vitiatam,
2013 5239 2062 5304 B
2094 5260 2322 5310 sumus,
2351 5248 2415 5299 ut
2436 5261 2580 5300 sana
2611 5245 2755 5300 fich
2788 5245 2858 5298 ad
2894 5261 2999 5299 nos
3031 5259 3218 5314 usque
3249 5241 3594 5314 pervenerit.
3621 5245 3749 5308 Qua

318 5327 888 5401 hiulcam,1aceram,
922 5330 1297 5387 Homericum
1321 5331 1468 5387 illud
1502 5349 1618 5388 non
1650 5336 1934 5391 exclamet
1963 5354 1975 5393 :

496 5419 510 5436 κ
595 5416 636 5443 ἡ,
699 5415 723 5436 ν
1051 5419 1061 5435 ι
1418 5421 1428 5437 ι
1587 5422 1596 5439 r
1775 5423 1798 5439 α
1836 5445 1846 5452 _
1963 5426 1972 5443 ν

323 5414 519 5472 Πολλα
592 5429 619 5472 o
694 5438 890 5473 αναντα
925 5466 937 5490 ,
997 5440 1233 5473 καταντα
1285 5466 1299 5491 ,
1358 5441 1602 5496 παραντα
1655 5443 1714 5475 τε
1771 5423 1980 5499 ori/Jul

1578 5518 1623 5566 τ’
1653 5510 1821 5581 ἦλθον

390 5597 561 5654 Tanti
610 5599 895 5668 Doctoris,
930 5598 1206 5656 omnibus
1240 5604 1393 5656 retro
1446 5602 1676 5659 saeculis
1724 5604 1978 5661 celebra-

390 5759 466 5842 (ᾳ)
497 5760 826 5842 Monendus
857 5761 1072 5842 Lector
1091 5761 1153 5818 in
1179 5764 1342 5818 textu
1372 5767 1430 5842 et
1458 5763 1517 5842 in
1550 5765 1704 5822 notis
1729 5766 1978 5842 paginas

317 5833 552 5893 retineri
580 5833 854 5894 editionis
896 5834 1320 5908 Venetae,quas
1363 5836 1518 5910 typis
1561 5833 1978 5911 grandioribus

2093 5338 2287 5388 autem
2323 5334 2568 5399 ratione,
2594 5333 2731 5403 quid
2765 5338 2962 5388 actum
2997 5332 3370 5402 sit,qua2nam
3403 5331 3750 5403 hujusmodi

2089 5423 2307 5495 scripta
2339 5423 2823 5495 complectantur,
2859 5422 3063 5494 paucis
3085 5421 3591 5492 expenderejubet
3619 5421 3746 5476 ani-

2089 5530 2242 5574 mus,
2277 5529 2409 5567 cum
2439 5513 2510 5567 de
2532 5512 2947 5583 manuscriptis
2977 5527 3043 5566 ac
3074 5512 3144 5566 dc
3168 5511 3331 5583 prius
3363 5510 3534 5566 editis
3557 5527 3746 5583 pauca

2088 5602 2578 5675 preemiserimus.

2089 5763 2512 5823 exnressimus.
2545 5762 2702 5818 Enrr.

2186 5839 2237 5911 b)
2268 5840 2439 5893 Hom.
2473 5834 2633 5891 Iliad.
2667 5839 2741 5905 Ψ,
2774 5850 2923 5892 vers.
2954 5836 3076 5893 116.
