4170 6448
436 372 567 433 ἰνι

1261 500 1306 560 Ι.

454 591 530 651 Ds
578 590 973 665 manuscriptis
1018 596 1071 649 et
1114 591 1182 650 de
1542 594 1834 653 Athanasii
1879 611 2105 669 operum

1187 683 1216 722 e
1248 684 1273 721 si
1305 683 1372 722 ιε.

527 775 579 830 1.
609 778 724 830 Res
769 778 860 830 est
888 772 1200 846 explorata,
1231 774 1617 832 Athanasium
1650 780 1807 832 certa
1833 777 2099 848 quaedam

452 879 632 936 opera
659 879 767 920 sua
796 880 1144 928 asservasse,
1174 862 1459 921 lustrasse
1488 882 1622 922 cum
1654 865 1711 921 id
1762 866 1948 921 otium
1983 867 2098 923 fer-

452 957 561 1019 ret,
592 953 667 1007 iis
697 954 963 1025 quaedam
1015 953 1300 1025 adjecisse
1348 953 1540 1009 sicubi
1571 952 1936 1027 postularet:
1973 956 2098 1011 ani-

450 1043 824 1098 madversum
857 1042 913 1097 id
938 1041 1047 1098 fuit
1077 1042 1136 1098 in
1167 1042 1430 1114 Apologia
1445 1046 1641 1098 contra
1663 1045 1919 1109 Arianos,
1942 1047 1998 1099 et
2038 1046 2097 1100 in

448 1130 599 1188 libro
627 1132 704 1187 De
723 1131 965 1203 synodis,
999 1136 1056 1187 et
1104 1132 1351 1187 fortasse
1383 1130 1515 1187 aliis
1549 1131 1607 1186 in
1638 1131 1806 1188 libris
1856 1133 2093 1204 factum,

448 1220 557 1277 etsi
588 1220 746 1277 haud
778 1221 950 1277 certis
981 1220 1136 1277 notis
1183 1220 1539 1293 deprehendi
1589 1226 1781 1293 queat.
1816 1223 2093 1279 Ordinem

446 1313 643 1367 autem
673 1311 1059 1383 operum,qui
1094 1310 1153 1366 in
1177 1308 1473 1382 plerisque
1495 1311 1915 1384 manuscriptis
1940 1313 2093 1369 idem

441 1399 573 1473 ipse
601 1404 921 1471 comparet,
945 1399 1138 1455 utfuit
1168 1399 1439 1472 superius
1468 1400 1795 1457 recensitus
1826 1402 1924 1473 (a),
1951 1402 2096 1459 mul-

1857 369 2473 437 PROLEGOIENA.

2133 509 2190 574 Α
2217 506 2293 563 ad
2342 505 2618 563 eamdem
2663 502 3029 580 episcopum,
3079 504 3219 566 huic
3262 507 3418 566 edito
3467 507 3722 583 praﬂxis
3768 508 3870 585 (ὁ).

2211 594 2417 653 Versio
2459 594 2771 652 Omniboni
2824 613 2937 652 non
2987 595 3164 665 mala,
3215 615 3343 673 quae
3401 601 3547 657 satis
3596 606 3869 658 accurate

2211 686 2544 742 Graecorum
2612 685 2966 742 sententiam
3025 687 3254 744 referat.
3317 690 3655 746 Secundum
3717 689 3873 747 hanc

2211 773 2529 831 editionem
2572 774 2907 847 publicatus
2956 781 3045 831 est
3073 776 3378 848 Hagenoae,
3413 796 3568 834 anno
3607 779 3763 847 1519,
3798 779 3871 835 li-

2210 863 2314 919 ber
2342 866 2417 920 De
2465 866 2637 919 variis
2684 865 3350 936 quzestionibus,loanne
3400 866 3723 923 Reucblino
3763 868 3869 925 Ca-

2210 954 2425 1025 pnione
2475 953 2807 1025 interprete,
2843 954 3220 1026 idipsumque
3266 972 3415 1028 opus
3456 957 3650 1013 Romae
3700 957 3867 1027 item,

2208 1058 2360 1099 anno
2396 1043 2559 1097 1523.

2276 1132 2329 1187 3.
2363 1133 2530 1187 Anno
2564 1133 2721 1199 1520,
2756 1130 3019 1196 Lutetiae,
3053 1133 3208 1205 apud
3255 1132 3542 1189 Joannem
3586 1138 3861 1205 Parvum,

2206 1221 2425 1292 prodiit
2447 1220 2750 1277 Athanasii
2782 1222 3020 1277 nomine
3052 1222 3322 1279 volumen
3357 1240 3564 1295 unum,
3590 1226 3684 1281 cui
3718 1243 3861 1299 prai-

2204 1307 2316 1364 ﬁxa
2353 1314 2444 1365 est
2472 1309 2720 1382 epistola
2752 1309 2972 1365 Nicolai
3006 1310 3231 1366 Beraldi
3264 1312 3337 1367 ad
3369 1311 3714 1370 Michaelem
3754 1318 3859 1369 Bo-

2203 1398 2430 1465 detum,
2464 1398 2921 1471 Lingonensium
2952 1400 3316 1472 episcopum.
3352 1400 3453 1457 Hic
3473 1407 3693 1469 autem,
3717 1420 3859 1476 prte-

441 1488 522 1545 tis
553 1489 876 1545 secundum
905 1488 1207 1545 Athanasii
1252 1493 1478 1545 aetatem
1511 1488 1705 1544 saeculi
1737 1490 2089 1548 adornatum
2200 1490 2290 1543 ter
2336 1488 2485 1544 duas
2533 1487 2848 1557 orationes,
2877 1493 3072 1544 contra
3114 1491 3303 1559 gentes
3356 1494 3413 1546 et
3462 1490 3540 1546 De
3594 1493 3859 1548 lncarna-

443 1577 630 1633 fuisse
660 1577 797 1633 hinc
827 1575 1122 1649 liquidum
1153 1581 1265 1642 est,
1297 1578 1453 1649 quod
1486 1578 1674 1633 multa
1702 1578 1801 1634 ille
1829 1579 2085 1652 comple-
2132 1632 2139 1639 .
2198 1576 3126 1642 tione,AmbrosioCamaldulensi
3151 1579 3858 1653 interprete,reliquaom-

440 1670 637 1723 ctatur
662 1666 865 1739 spuria
913 1667 1067 1723 veris
1106 1666 1455 1738 intermista,
1487 1672 1553 1722 ut
1583 1684 1712 1723 sese
1759 1668 2002 1737 dabant,
2034 1674 2090 1725 et
2200 1666 2298 1721 nia
2314 1666 2691 1739 supposititia
2707 1671 2885 1733 sunt;
2920 1666 3225 1733 nimirum,
3260 1669 3662 1726 Commentarii
3692 1670 3856 1727 Theo-

416 1756 562 1816 .fors
591 1755 831 1821 ferebat,
863 1754 1026 1812 nulla
1055 1760 1283 1812 servata
1309 1757 1591 1829 temporis
1622 1756 1710 1812 vel
1752 1759 2085 1830 argumenti
2193 1756 2442 1827 phylacti
2472 1758 2533 1811 in
2565 1756 2828 1828 Epistolas
2857 1757 3043 1825 Pauli,
3076 1757 3385 1827 Disputatio
3435 1762 3629 1813 contra
3660 1758 3855 1815 .lrium

439 1844 686 1945 ratione.
718 1845 876 1902 Inter
901 1843 1129 1902 codices
1158 1849 1354 1902 autem
1387 1844 1751 1917 Basiliensis,
1786 1847 1958 1918 cujus
1986 1865 2081 1903 va-
2117 1879 2166 1945 Β
2199 1844 2373 1900 Probo
2412 1846 2624 1917 judice,
2679 1845 2835 1900 Liber
2878 1845 2945 1900 de
3000 1846 3384 1901 exhortatione
3438 1848 3849 1917 monachorum,

438 1933 559 1991 rias
590 1932 868 1991 lectiones
903 1934 1087 1991 edidit
1116 1935 1319 1991 Petrus
1381 1934 1828 2001 Felckmannus,
1861 1936 2086 1993 caeteris
2117 1932 2164 1945 “’
2198 1934 2435 1990 Historia
2497 1935 2758 2000 imaginis
2816 1937 3156 2006 Berytensis,
3201 1935 3468 2007 Epistolas
3513 1952 3855 1995 summorum

436 2026 676 2096 praestat
723 2023 1071 2096 antiquitate
1120 2028 1179 2079 et
1234 2023 1624 2090 accuratione,
1673 2042 1708 2079 a
1761 2025 2086 2097 Doxopatre
2189 2023 2512 2094 pontiﬁcum
2569 2023 2638 2077 ad
2707 2025 2989 2094 .Egyptios
3046 2025 3337 2095 episcopos,
3397 2025 3726 2093 Quaestione:
3781 2028 3853 2083 ad

2193 2110 2517 2167 Antiochum
2548 2129 2792 2168 numero
2824 2113 3128 2183 pauciores
3160 2129 3338 2184 quam
3370 2129 3528 2168 nunc
3561 2120 3796 2171 exstant
3831 2133 3844 2171 :

2192 2200 2588 2273 fragmentum
2637 2202 2780 2257 item
2812 2202 3073 2273 Epistolte
3111 2200 3182 2257 ad
3228 2203 3617 2258 Marcellinum
3642 2204 3713 2259 de
3757 2207 3848 2260 in-

2191 2293 2578 2362 terpretatione
2624 2292 2994 2362 Psalmorum,
3035 2292 3151 2347 Vita
3202 2290 3495 2347 Athanasii
3523 2308 3626 2365 per
3669 2297 3849 2350 Joan-

2188 2395 2321 2435 nem
2377 2381 2699 2437 Tortelium
2758 2382 3086 2452 Aretinum,
3148 2381 3526 2453 prmmittitur
3575 2384 3845 2452 ejusdem

2187 2468 2429 2524 Tortelii
2462 2469 2708 2542 epistola
2736 2470 2808 2525 ad
2841 2469 3169 2542 Eugenium
3205 2470 3276 2524 IV
3311 2470 3670 2541 pontificem.

2257 2559 2309 2613 4.
2371 2559 2492 2615 Sub
2546 2558 2686 2626 bene,
2732 2575 2885 2614 anno
2946 2559 3103 2626 1527,
3166 2557 3503 2614 Desiderius
3558 2560 3844 2617 Erasmus

2185 2662 2320 2702 cum
2370 2647 2427 2702 in
2479 2647 2738 2704 codicem
2772 2646 3099 2714 incidisset,
3128 2646 3434 2703 Athanasii
3483 2663 3597 2703 non
3654 2666 3844 2721 pauca

2186 2736 2694 2809 complectentem,
2725 2752 2794 2792 ea
2825 2735 3030 2792 Latine
3059 2735 3239 2801 dedit,
3261 2735 3542 2792 nimirum
3569 2737 3739 2793 binas
3768 2739 3842 2794 ad

2183 2823 2535 2897 Serapionem
2577 2826 2850 2897 epistolas,
2881 2825 3113 2880 tertiam
3164 2823 3388 2880 scilicet
3433 2829 3490 2880 et
3543 2832 3839 2898 quartam,

2184 2914 2481 2985 Epistolam
2528 2914 2594 2970 de
2635 2914 2867 2970 decretis
2911 2915 3148 2970 Nicwnis
3190 2914 3511 2985 Apologiam
3560 2917 3630 2971 de
3675 2920 3830 2988 luga,

2184 3007 2411 3074 partem
2470 3004 2747 3075 Apologia:
2801 3006 2991 3059 contra
3048 3004 3302 3068 Arianos,
3360 3003 3436 3058 De
3483 3007 3737 3076 passione
3782 3011 3835 3063 et
3897 3037 3909 3046 -

2182 3107 2342 3147 cruce
2398 3093 2636 3159 Domini,
2687 3094 2745 3148 in
2800 3092 2998 3148 illud:
3042 3114 3069 3141 ‹‹
3099 3093 3304 3148 Euntes
3350 3094 3409 3147 in
3458 3095 3638 3149 vicum
3690 3097 3840 3167 quod

2181 3184 2371 3237 contra
2400 3198 2491 3237 vos
2520 3189 2639 3245 est;
2672 3204 2700 3231 ››
2736 3183 2808 3237 De
2836 3182 3179 3254 virginitate,
3210 3184 3269 3236 in
3304 3181 3444 3237 illud
3472 3200 3491 3236 :
3525 3206 3552 3231 ‹‹
3586 3184 3836 3252 Quicun-

437 2111 694 2185 quodam
726 2116 1016 2178 exaratus,
1035 2112 1261 2169 erudito
1281 2113 1402 2169 viro
1434 2117 1492 2169 et
1511 2112 1581 2168 de
1609 2113 1913 2170 Athanasii
1937 2115 2083 2171 scri-

435 2202 554 2274 ptis
581 2200 730 2258 bene
775 2202 1004 2260 merito.
1035 2202 1139 2258 Hic
1184 2201 1621 2275 explanationes
1653 2202 1789 2258 hinc
1814 2203 1948 2260 inde
1979 2205 2083 2260 ad—

429 2291 594 2363 jecit,
620 2292 850 2365 sagacis
879 2296 935 2347 et
964 2290 1134 2363 periti
1164 2291 1421 2348 hominis
1453 2294 1653 2348 notam
1684 2294 2077 2365 praeferentes.

433 2379 744 2437 Basiliensi
786 2380 969 2438 codici
1001 2382 1155 2437 haud
1190 2380 1443 2437 multum
1495 2382 1809 2439 concedere
1840 2388 2083 2455 putatur

435 2467 655 2543 Regius
689 2484 935 2526 numero
979 2471 1145 2537 2284,
1175 2469 1681 2541 septingentorum
1714 2472 1944 2527 circiter
1981 2487 2081 2527 an-

432 2574 667 2628 norum,
698 2558 945 2633 egregite
971 2563 1143 2627 notae,
1170 2559 1271 2632 qui
1301 2557 1443 2615 olim
1471 2559 1582 2615 fuit
1611 2560 1950 2616 monasterii
1978 2565 2077 2614 τοῦ

430 2644 685 2720 Κυρίζου,
720 2664 857 2703 nam
908 2648 989 2704 ita
1018 2647 1157 2705 folio
1188 2648 1377 2720 primo
1412 2665 1425 2703 :
1458 2648 1520 2701 Ἡ
1564 2642 1759 2723 βίϐλος
1789 2647 1922 2719 αὕτη
1973 2656 2075 2718 τῆς

435 2740 609 2807 μονῆς
637 2740 739 2804 τῆς
783 2732 1034 2811 Κυρῖζου.
1068 2736 1277 2794 Postea
1300 2737 1446 2792 'vero
1486 2753 1619 2793 cum
1666 2737 1725 2793 in
1758 2737 1904 2793 alias
1951 2756 2076 2795 ma-

430 2840 546 2880 nus
594 2823 901 2881 devolutus
944 2827 1120 2890 esset,
1176 2825 1498 2881 recentiore
1547 2825 1883 2883 charactere
1930 2827 2074 2883 scri-

427 2917 596 2985 ptum
644 2913 774 2979 fuit,
805 2918 993 2985 κτῆμα
1044 2919 1217 2986 μονῆς
1261 2917 1359 2967 τοῖ’)
1409 2912 1599 2987 κυρίου
1649 2913 1952 2972 Διονυσίου.
1998 2916 2075 2972 De

428 3001 653 3059 caeteris
702 3002 1003 3059 codicibus
1033 3007 1126 3059 sat
1168 3002 1315 3058 alias
1357 3003 1570 3075 agitur.
1604 3004 1706 3060 Est
1735 3020 1906 3076 porro
1955 3020 2076 3060 ma-

425 3089 865 3163 nuscriptorum
882 3090 1241 3164 ordo,qualis
1258 3091 1451 3164 qualis
1466 3096 1820 3158 est,summo
1836 3093 2074 3165 quidem

425 3195 599 3252 opere
636 3181 955 3249 notandus,
988 3187 1113 3237 tum
1164 3181 1272 3237 hoc
1304 3181 1541 3237 nomine
1571 3182 1727 3254 quod
1775 3180 2071 3238 interdum

423 3269 497 3326 ab
547 3269 621 3327 iis
668 3270 1055 3343 scriptoribus
1109 3272 1396 3344 sequioris
1445 3272 1573 3339 aevi,
1620 3272 1721 3344 qui
1765 3272 2069 3328 Athanasii
2103 3255 2146 3323 C
2182 3287 2287 3342 que
2332 3271 2537 3326 diluerit
2584 3271 2828 3335 verbum,
2866 3293 2893 3319 ››
2948 3275 3079 3339 etc.,
3117 3271 3417 3343 Epistolam
3463 3271 3533 3326 ad
3581 3272 3836 3345 Serapio-

422 3374 600 3431 opera
627 3363 1111 3426 commemorant,
1144 3359 1390 3432 hujusce
1420 3361 1567 3417 ratio
1598 3361 1884 3417 habeatur
1905 3380 1917 3427 ;
1942 3365 2068 3417 tum

421 3448 600 3504 etiam
640 3453 706 3504 ut
736 3448 944 3521 nuperi
975 3448 1278 3521 scriptoris
1324 3448 1642 3506 difﬁcultas
1692 3449 1934 3521 levetur,
1966 3451 2066 3522 qui

419 3552 556 3593 cum
604 3538 982 3593 amanuensis
1030 3538 1337 3609 cujusdam
1368 3538 1543 3603 verba
1590 3538 1914 3606 incidisset,
1949 3540 2065 3595 sci-

417 3624 554 3682 licet
603 3644 617 3683 :
665 3626 909 3704 Ἐγράφη
946 3623 1122 3680 ὀπίσω
1154 3624 1204 3680 ἐν
1260 3629 1341 3697 τῷ
1370 3625 1449 3695 εη’
1480 3623 1655 3700 λόγῳ,
1707 3626 2066 3700 inauspicato

402 3714 565 3772 satis
616 3714 929 3790 legendum
960 3715 1188 3789 putavit
1233 3712 1285 3769 ἐν
1315 3718 1394 3786 τῷ
1442 3710 1720 3789 ξυλλόγῳ,
1751 3716 1811 3773 id
1861 3722 1970 3785 est,
2002 3723 2068 3773 ut

419 3804 900 3862 comminiscitur
937 3805 1058 3875 ille,
1092 3806 1152 3861 in
1190 3803 1511 3862 collectione
1566 3815 2065 3873 monumentorum,

419 3904 597 3969 quam
622 3910 752 3951 esse
781 3896 947 3966 putat
963 3894 1290 3967 Apologiam
1316 3898 1510 3949 contra
1530 3895 1782 3949 Arianos.
1807 3898 1878 3948 At
1905 3892 1968 3947 τὸ
1990 3893 2068 3963 ξη¹

416 3994 546 4041 esse
575 3997 889 4039 numerum
933 3983 1024 4049 68,
1056 3981 1296 4038 cuilibet
1342 3980 1690 4039 laterculum
1739 3982 2067 4038 manuscri-

415 4076 653 4146 ptorum
685 4084 720 4129 a
743 4072 909 4128 nobis
939 4070 1161 4129 editum
1192 4069 1527 4143 inspicienti
1558 4069 1751 4141 palam
1782 4071 1911 4126 erit.

484 4163 540 4217 2.
570 4160 761 4218 Editio
792 4165 990 4217 autem
1042 4174 1168 4234 quae
1200 4160 1359 4234 prior
1403 4159 1620 4232 prodiit
1647 4158 1707 4214 in
1741 4158 2064 4233 publicum,

415 4254 525 4319 est,
557 4251 617 4306 ni
647 4249 841 4319 fallor,
862 4249 1191 4318 Vicentina,
1218 4265 1371 4305 anno
1404 4250 1562 4321 11182,
1591 4248 1888 4305 Leonardo
1913 4249 2068 4304 Basi-

412 4337 563 4397 lensi
608 4339 993 4414 typographo.
1047 4338 1133 4395 lbi
1187 4352 1479 4412 perpauca
1534 4338 1841 4395 Athanasii
1891 4354 2068 4411 opera

413 4420 618 4486 Latine
674 4432 931 4495 tantum,
974 4427 1305 4485 Omnibono
1357 4427 1677 4484 Leoniceno
1726 4427 2063 4499 interprete,

414 4518 808 4587 continentur,
839 4517 1126 4581 videlicet,
1149 4522 1271 4573 tres
1300 4518 1487 4573 contra
1517 4517 1752 4572 Arianos
1783 4516 2067 4572 Orationes

408 4606 552 4663 hinc
580 4606 718 4663 inde
774 4606 1087 4679 dispersas;
1122 4607 1309 4663 Oratio
1336 4612 1523 4662 contra
1567 4613 1750 4677 gentes
1779 4610 1837 4661 et
1867 4607 1940 4662 De
1969 4608 2064 4662 In-
2098 4628 2143 4693 Ι)

411 4699 768 4758 car-natione;
796 4695 1039 4767 Epistola
1063 4697 1251 4768 prima
1286 4695 1358 4751 ad
1386 4696 1747 4763 Serapionem
1766 4711 1787 4756 :
1808 4696 1977 4751 Liber
2002 4695 2068 4752 de

409 4784 800 4842 Incarnatione
843 4786 940 4841 Dei
992 4785 1165 4855 Verbi,
1207 4787 1395 4840 contra
1442 4784 1638 4839 Arium
1686 4788 1737 4840 et
1782 4785 2063 4854 Apollina-

412 4875 607 4940 rium;
638 4875 949 4946 Disputatio
998 4881 1187 4929 contra
1232 4872 1427 4928 Arium
1471 4874 1531 4927 in
1572 4873 1777 4945 synodo
1819 4872 2060 4929 Nicmna.

412 4964 582 5021 Praeit
610 4965 873 5035 ejusdem
905 4963 1219 5021 Omniboni
1252 4962 1499 5035 epistola
1529 4963 1961 5035 nuncupatoria
1990 4964 2061 5019 ad

410 5054 662 5111 Paulum
681 5054 750 5122 II,
770 5069 1075 5111 summum
1094 5052 1450 5125 pontificem.
1470 5052 1668 5124 Neque
1688 5054 1884 5108 tamen
1906 5053 2061 5109 idem

411 5142 781 5200 Omnibonus
810 5143 918 5200 has
962 5140 1401 5198 lucubrationes
1448 5141 1574 5213 ipse
1606 5140 1765 5214 prelo
1797 5141 2060 5209 tradidit,

411 5232 514 5289 sed
553 5232 819 5305 ejusdem
868 5236 1057 5289 morte
1084 5230 1470 5302 praeoccupati
1513 5246 1751 5302 cperam
1801 5232 2065 5303 suscepit

409 5318 712 5379 Barnabas
742 5320 1046 5391 Celsanus,
1080 5323 1146 5375 ut
1173 5319 1371 5375 videre
1398 5323 1488 5375 est
1517 5336 1587 5374 ex
1606 5319 1871 5391 epistolis
1904 5322 2061 5377 Petri

408 5410 572 5468 Bruti
604 5409 862 5483 episcopi
881 5409 1258 5466 Catharensis
1282 5407 1353 5465 ad
1384 5406 1719 5475 Celsanum,
1745 5413 1801 5465 et
1829 5409 2061 5467 Celsani

509 5711 561 5786 ὁ)
592 5711 769 5785 Infra,
801 5729 859 5786 p.
896 5728 1023 5770 ην.

2180 3375 2327 3425 nem,
2359 3376 2487 3433 quae
2519 3359 2711 3432 prima
2741 3358 3008 3416 omnium
3058 3363 3166 3426 est,
3200 3359 3437 3415 initium
3469 3358 3603 3416 libri
3638 3362 3837 3418 Contra

2177 3464 2363 3504 omnes
2410 3447 2665 3505 hxreses.
2700 3449 2769 3504 Et
2820 3448 3073 3518 mireris,
3108 3447 3286 3503 lector
3333 3449 3581 3520 erudite,
3615 3451 3831 3523 praaju-

2173 3536 2431 3593 dicatam
2481 3538 2817 3609 opinionem
2868 3542 3108 3592 Erasmo
3154 3536 3355 3592 fucum
3411 3537 3638 3594 fecisse.
3682 3540 3831 3595 Nam

2174 3625 2316 3697 quia
2358 3626 2748 3683 Athanasium
2796 3625 2950 3682 inter
2985 3626 3320 3682 Graecorum
3370 3626 3832 3700 elangitissimos

2174 3716 2632 3783 numerandum,
2662 3730 2770 3770 nec
2822 3714 3059 3786 injuria,
3093 3713 3509 3780 mstimabant;
3560 3713 3700 3771 hinc
3748 3717 3830 3773 1a-

2175 3807 2359 3869 ctum,
2412 3807 2479 3858 ut
2529 3804 2818 3875 epistolam
2863 3804 3110 3872 primum
3156 3801 3225 3857 ad
3273 3801 3652 3874 Serapionem,
3700 3819 3828 3877 qua:

2175 3893 2545 3966 apertissime
2589 3892 2900 3949 Athanasii
2929 3896 3037 3958 est,
3070 3906 3188 3946 non
3239 3892 3367 3948 sine
3416 3892 3676 3949 convicio
3724 3911 3829 3950 au-

2173 3982 2353 4038 ctoris
2390 3980 2710 4038 Athanasio
2759 3980 3199 4051 abjudicaverit,
3232 3980 3511 4052 quoniam
3559 3980 3828 4039 videlitet

2172 4070 2235 4126 in
2258 4087 2326 4126 ea
2351 4069 2414 4124 τὸ
2437 4067 2652 4124 εὔτονον
2672 4071 3059 4137 desideratur,
3083 4085 3196 4126 non
3222 4069 3523 4142 scriptoris
3544 4070 3704 4140 vitio,
3722 4088 3748 4127 s
3773 4073 3825 4128 ad

2173 4159 2316 4233 quia
2345 4161 2417 4216 ab
2446 4159 2617 4216 initio
2647 4160 2717 4215 ad
2750 4158 2969 4215 calcem
3000 4158 3125 4217 loca
3143 4159 3458 4233 Scriptura!
3488 4174 3665 4217 sacras
3696 4176 3746 4234 pc
3773 4178 3827 4217 r-

2172 4252 2349 4323 petuo
2391 4253 2825 4321 congeruntur;
2853 4262 2969 4321 quo
3016 4250 3076 4304 in
3110 4264 3321 4322 genere
3370 4249 3664 4306 scribendi
3705 4249 3744 4306 ei
3773 4267 3828 4307 )-

2170 4340 2477 4413 quentiam
2522 4339 2922 4410 orationisque
2968 4355 3176 4395 nervos
3222 4342 3511 4411 expetere,
3567 4338 3740 4412 idipsi
3773 4356 3829 4397 m

2170 4430 2256 4486 sit
2283 4430 2441 4501 quod
2488 4429 2707 4485 nodum
2756 4429 2816 4484 in
2848 4429 3039 4501 scirpo
3070 4443 3349 4501 quaerere.
3382 4426 3506 4485 Non
3538 4427 3636 4485 hic
3670 4445 3736 4485 ur
3773 4445 3832 4485 1s

2173 4521 2472 4589 comparet
2516 4533 2712 4572 naevus
2762 4517 2822 4571 in
2871 4515 2963 4571 his
3012 4515 3237 4571 Erasmi
3286 4515 3728 4571 lucubrationib
3777 4531 3827 4572 s.

2172 4607 2320 4664 Cum
2351 4607 2508 4662 enim
2538 4606 2599 4662 in
2632 4607 3040 4679 Apologeticum
3080 4613 3273 4661 contra
3318 4605 3555 4661 Arianos
3585 4603 3732 4659 incid
3773 4620 3830 4661 s-

2174 4700 2283 4765 set,
2319 4696 2417 4752 ubi
2448 4695 2690 4769 triginta
2740 4711 2842 4751 sex
2873 4698 3257 4751 monumenta
3304 4697 3539 4749 exstant
3568 4691 3727 4749 bisto
3774 4694 3829 4749 is;

2170 4785 2577 4843 ecclesiasticae
2608 4785 3134 4858 opportunissima,
3166 4783 3290 4839 hinc
3318 4781 3489 4839 nihili
3547 4781 3681 4837 fecit
3708 4783 3723 4837 i
3777 4798 3829 4850 θ,

2170 4877 2292 4931 imo
2322 4874 2444 4930 haec
2474 4874 2682 4931 etl‘atus
2701 4879 2793 4932 est
2824 4892 2837 4931 :
2872 4874 3261 4946 Sequebantur
3280 4871 3371 4929 hic
3396 4871 3631 4929 diversae
3649 4871 3724 4927 dii
3774 4889 3830 4927 r-

2169 4980 2363 5020 sorum
2410 4964 2674 5036 epistolae,
2714 4966 3113 5036 episcoporum,
3143 4961 3480 5035 synodorum
3532 4969 3586 5017 et
3626 4962 3719 5033 pri
3773 4962 3833 5017 :i-

2168 5066 2303 5126 pum
2348 5053 2413 5108 de
2461 5055 2599 5109 actis
2644 5054 2903 5109 adversus
2951 5052 3338 5117 Athanasium,
3376 5064 3534 5123 quas,
3563 5066 3717 5123 quon:
3774 5065 3830 5106 νη

2168 5147 2223 5199 et
2251 5143 2444 5199 multa:
2488 5149 2727 5199 erantet
2760 5143 3025 5217 prolime,
3058 5142 3308 5216 quietiam
3334 5142 3504 5197 etiam
3543 5155 3713 5212 suppa
3773 5141 3834 5196 ti-

2172 5234 2285 5295 tim,
2335 5233 2519 5304 piguit
2562 5241 2784 5290 vertere.
2831 5236 2962 5288 Haec
3010 5248 3174 5300 sane,
3204 5244 3546 5304 quanquam
3589 5244 3712 5302 pter
3774 5232 3835 5286 et

2164 5320 2579 5376 inclementius
2596 5322 2757 5377 ell‘ari
2780 5322 2840 5377 in
2859 5326 3094 5378 tantum
3116 5321 3333 5387 virum,
3352 5316 3554 5374 minus
3570 5318 3710 5390 perit
3773 5334 3829 5374 ιιι

2168 5411 2230 5467 in
2261 5408 2674 5466 ecclesiasticis
2706 5414 2979 5484 arguant.
3001 5411 3169 5467 Anno
3203 5409 3363 5476 1532,
3392 5405 3663 5479 Lugduni
3685 5424 3706 5463 ε
3773 5422 3831 5465 sa

479 5638 561 5788 Eg;
588 5638 1122 5769 fotsltacollationem
1148 5638 1374 5697 ordinis
1401 5636 1615 5696 veteris
1645 5654 1784 5696 cum
1809 5657 1979 5715 novo,
2015 5658 2196 5716 quam
2226 5657 2334 5700 nos
2363 5641 2438 5699 ad
2469 5639 2688 5700 calcem
2718 5641 2864 5702 tomi
2894 5642 2971 5701 IV
2998 5641 3375 5703 exhibemus.
3400 5642 3561 5702 Enrr.

618 5728 656 5769 n
749 5753 769 5785 ,
801 5729 859 5786 p.
896 5728 1023 5770 ην.

4134 4316 4135 4343 1

4132 4368 4133 4407 1

4130 4436 4131 4471 1

4128 4500 4129 4535 1

4126 4556 4127 4599 1

4124 4608 4125 4663 1

4122 4696 4123 4727 1

4118 4742 4121 4789 1

4118 4814 4119 4853 1

4116 4886 4117 4917 1

4114 4946 4115 4981 1

4109 5066 4111 5109 1

4104 5066 4111 5209 ί

4093 5508 4097 5619 1
