4170 6480
1286 525 1705 589 PRIEFATIO
1749 525 2146 589 EDITIONIS
2188 524 2767 589 BENEDICTINJE.

3625 542 3761 595 xm

342 666 483 720 sunt
540 665 804 735 quoquot
870 663 927 717 in
988 661 1301 718 Parisiensi
1368 663 1617 717 editione
1676 661 1814 716 anni
1863 661 2001 715 1520
2029 670 2083 733 Α
2114 676 2227 731 que
2258 664 2459 725 marte,
2492 660 2742 715 editores
2784 676 2893 715 sua
2924 676 3040 715 non
3092 658 3491 719 Athanasiana
3536 663 3757 720 substi-

341 757 592 824 exstant,
626 752 700 809 iis
731 753 947 809 additis
1008 769 1133 825 quae
1168 753 1239 808 ab
1272 755 1512 807 Erasmo
1543 766 1710 807 versa
1741 752 1988 805 fuerant.

407 861 762 919 5.Hactenus
787 860 967 934 igitur
996 860 1163 917 valde
1194 860 1544 932 imperfectae
1587 860 1644 914 in
1680 860 1868 914 lucem
1902 875 1994 913 ve-

338 956 546 1007 nerant
564 950 1128 1023 Athanasiioperum
1157 949 1555 1005 editioneszac
1587 965 1657 1003 ne
1688 948 1859 1021 plura
1889 965 1998 1020 pu-

337 1040 714 1109 blicarentur,
748 1040 1001 1109 vetabat,
1054 1039 1323 1106 arbitror,
1386 1039 1655 1094 codicum
1697 1036 1999 1093 Athanasii

337 1130 751 1204 infrequentia.
798 1130 1038 1200 Verum,
1094 1146 1246 1184 anno
1297 1130 1459 1199 1555,
1496 1133 1702 1183 Petrus
1731 1127 1999 1183 Nannius

338 1219 768 1291 Alcmarianus,
801 1220 889 1273 vir
918 1219 1115 1274 Graece
1146 1218 1469 1289 Latineque
1500 1216 1745 1288 peritus,
1765 1232 2003 1271 summa

338 1327 479 1367 cura
501 1314 558 1365 et
578 1308 769 1365 studio
794 1308 1102 1365 Athanasii
1126 1324 1304 1380 opera
1332 1307 1517 1363 multo
1545 1307 1809 1361 auctiora
1826 1323 2003 1377 quam

339 1404 472 1457 ante
535 1399 733 1454 Latina
800 1398 953 1469 fecit,
1013 1402 1070 1453 et
1126 1395 1365 1453 Basileae
1425 1396 1651 1452 edenda
1710 1395 2004 1477 tradidit;

339 1505 605 1564 opusque
637 1492 825 1544 totum
858 1505 925 1543 ex
956 1487 1192 1542 ofﬁcina
1252 1486 1616 1542 Frobeniana
1675 1485 1734 1540 in
1786 1484 2002 1552 lucem,

340 1580 441 1637 sed
468 1578 669 1633 Latine
700 1581 957 1645 tantum,
988 1575 1276 1631 emittitur
1308 1593 1459 1631 anno
1504 1575 1661 1630 4556.
1696 1574 2006 1629 Nanniana

342 1668 441 1724 illa
468 1666 656 1723 versio
688 1666 795 1721 diu
828 1666 980 1721 inter
1018 1665 1271 1738 Optimae
1329 1668 1719 1719 annumerata
1749 1667 1838 1719 est
1870 1680 1883 1718 :
1949 1667 2009 1718 at

340 1756 676 1813 accuratius
692 1772 815 1813 rem
835 1755 1299 1827 expendentibus
1323 1751 1509 1809 multa
1531 1769 1657 1809 sese
1676 1751 1816 1807 vilia
1838 1754 2007 1808 obtu-

337 1844 476 1913 lere,
512 1844 581 1899 de
613 1861 727 1915 qua
758 1861 819 1899 re
848 1844 1112 1899 inferius.
1143 1843 1190 1897 N
1219 1860 1263 1898 re
1322 1842 1511 1897 multa
1568 1841 1741 1897 laude
1788 1841 2008 1914 dignus

338 1933 608 1989 Nannius
650 1938 758 2005 est,
823 1933 925 2003 qui
975 1932 1135 2004 prior
1190 1930 1633 2004 elegantissima
1702 1931 2009 1987 Athanasii

2104 752 2361 804 tuerunt.
2397 753 2463 803 Et
2493 750 2793 805 monuisse
2815 748 3264 821 juvabit,sicubi
3295 767 3401 806 nos
3429 752 3756 810 versionem

2104 839 2314 893 Nannii
2351 855 2767 909 memoramus,
2818 855 2929 894 non
2979 838 3371 894 Parisiensem
3405 839 3755 913 signiﬁcare,

2110 945 2238 999 quae
2286 926 2613 983 innumeris
2646 929 2704 981 in
2732 928 2873 983 locis
2904 931 3130 983 mutata
3160 928 3290 994 fuit,
3323 929 3425 983 sed
3458 930 3603 985 alias
3626 934 3761 985 ante

2110 1034 2333 1073 annum
2366 1017 2505 1070 4600
2535 1016 3103 1088 publicatas.Mirum
3135 1022 3330 1073 autem
3354 1018 3413 1073 in
3446 1017 3763 1075 Parisiensi

2111 1107 2299 1163 isthac
2330 1107 2582 1162 editione
2615 1106 2864 1162 omissas
2911 1107 3093 1163 fuisse
3142 1106 3520 1164 Falckmanni
3568 1112 3762 1167 varias

2113 1196 2389 1251 lectiones
2421 1212 2645 1262 omnes,
2680 1212 2931 1267 quarum
2987 1196 3275 1267 pleraeque
3333 1198 3532 1271 magni
3590 1202 3765 1272 pretii

2116 1289 2272 1341 sunt.
2306 1285 2377 1339 Ut
2412 1289 2474 1339 ut
2503 1286 2581 1339 sit
2596 1284 2934 1356 castigatior
2963 1290 3157 1341 tamen
3190 1286 3248 1341 in
3282 1286 3486 1344 multis
3528 1294 3618 1345 est
3643 1290 3765 1347 haec

2118 1374 2463 1430 Parisiensis
2505 1374 2680 1429 editio
2719 1391 2894 1445 quam
2954 1374 3434 1449 Commeliniana,
3467 1394 3670 1436 verum
3703 1380 3765 1436 in

2120 1464 2326 1520 multis
2358 1464 2535 1518 etiam
2567 1463 2823 1519 inferior.
2857 1464 3109 1535 Adjectae
3160 1470 3299 1521 sunt
3340 1466 3477 1522 huic
3524 1469 3767 1526 editioni

2119 1554 2378 1610 Homilia?
2397 1557 2602 1623 septem
2631 1568 2771 1609 cura
2801 1557 2857 1608 et
2887 1554 3082 1608 studio
3107 1553 3272 1609 Lucae
3305 1555 3766 1631 Holstenii,quas

2120 1660 2254 1699 cum
2288 1642 2583 1715 plerisque
2616 1641 2747 1697 aliis
2778 1642 3065 1697 hactenus
3096 1643 3332 1699 ineditis
3383 1645 3537 1701 inter
3564 1648 3769 1719 spuria

2120 1732 2540 1805 ablegavimus.
2576 1733 2707 1787 Post
2737 1748 2833 1787 eas
2888 1748 3089 1787 omnes
3149 1733 3436 1789 editiones
3468 1735 3765 1806 publicata

2120 1823 2358 1877 demum
2372 1820 2852 1891 est,Coloniensis
2866 1822 3768 1895 nomine,Lipsiana,ann04681,

2120 1928 2247 1984 quae
2279 1910 2606 1965 innumeris
2636 1910 2865 1965 mendis
2896 1915 3098 1979 scatet,
3158 1912 3382 1983 adjecto
3415 1912 3770 1986 Syntagmate

338 2039 533 2096 opera,
575 2023 827 2078 necdum
884 2025 1042 2092 nota,
1077 2018 1314 2093 publica
1374 2022 1525 2077 fecit.
1590 2021 1809 2075 Exinde
1866 2038 2000 2076 vero

2119 2002 2406 2067 doctrinae,
2441 2000 2512 2055 ab
2543 1998 2798 2055 Arnoldo
2828 1999 3300 2073 Norimbergensi
3335 2002 3509 2059 edito.

340 2112 463 2168 alia:
499 2112 767 2184 quaedam
803 2110 1150 2184 prodierunt
1205 2111 1511 2180 editiones,
1547 2128 1673 2182 quae
1706 2112 1779 2165 ne
1809 2114 2002 2167 trans-

340 2217 581 2257 versum
629 2217 889 2273 unguem
951 2199 1127 2257 abilla
1209 2199 1520 2255 Basiliensi
1569 2200 2005 2272 discrepabant.

346 2288 695 2346 Parisiensis
726 2294 947 2358 tamen,
982 2306 1135 2345 anno
1166 2290 1325 2359 4572,
1380 2306 1413 2345 a
1443 2289 1785 2345 Sebastiano
1816 2288 2007 2345 Nivel-

342 2379 422 2437 lio
453 2396 614 2450 cusa,
652 2381 841 2434 Vitam
869 2378 1098 2434 Antonii
1128 2378 1372 2451 insuper
1412 2378 1839 2450 complectitur,
1874 2396 2006 2434 nec-

352 2485 467 2525 non
497 2468 661 2524 Vitas
689 2468 995 2523 Athanasii
1028 2484 1132 2540 per
1173 2468 1364 2523 varios
1395 2472 1665 2522 auctores
1695 2468 2007 2523 concinna-

352 2562 465 2614 tas.
500 2558 587 2612 Ad
622 2557 762 2629 haec,
787 2556 900 2613 tria
930 2556 1213 2628 opuscula
1242 2574 1310 2612 ex
1339 2556 1676 2613 collectione
1707 2562 2007 2612 Canonum

355 2650 646 2715 mutuata,
679 2646 920 2717 scilicet,
953 2646 1223 2718 Epistolas
1250 2646 1323 2701 ad
1356 2651 1651 2717 Amunem,
1676 2648 2011 2701 tricesimum

354 2752 560 2792 nonam
614 2736 884 2804 festalem,
944 2740 1000 2791 et
1055 2735 1125 2791 ad
1156 2737 1554 2807 Ruﬁnianum;
1585 2753 1713 2808 quae
1776 2735 2010 2791 Parisiis

357 2824 603 2881 seorsim
635 2824 940 2895 publicatae
974 2825 1205 2881 fuerant
1236 2842 1388 2880 anno
1420 2825 1578 2880 1574.

424 2916 477 2969 6.
515 2916 827 2987 [lucusque
858 2914 1057 2969 Latine
1113 2918 1343 2970 tantum
1375 2931 1517 2971 cusa
1550 2915 1781 2971 fuerant
1830 2915 2008 2971 Atha-

354 3004 503 3060 nasii
536 3020 713 3076 opera
745 3021 757 3059 :
791 3020 1176 3073 verum,anno
1206 3004 1568 3076 1600,Gra3ce
1600 3004 1857 3077 primum
1882 3004 2010 3060 Hei-

355 3092 819 3166 delbergze,typis
841 3093 1175 3165 Hieronymi
1206 3093 1574 3163 Commelini,
1615 3094 1673 3149 in
1706 3094 2009 3165 publicum

354 3182 736 3254 prodierunt;
770 3199 839 3237 ex
888 3182 1309 3255 codicibusque
1337 3182 1702 3239 bibliotheca:
1734 3183 2009 3239 Palatinae

356 3271 553 3327 Graeca
605 3273 919 3343 desumpta
975 3275 1132 3327 sunt.
1193 3273 1311 3327 Sub
1370 3272 1511 3340 haec,
1573 3274 1833 3329 confecto
1863 3290 2012 3345 pene

356 3378 546 3434 opere,
606 3362 813 3417 Petrus
866 3361 1294 3416 Felckmannus
1348 3377 1585 3416 summa
1640 3363 2009 3417 accuratione

357 3450 691 3521 fragmenta
722 3448 913 3504 multa
939 3449 1243 3505 Athanasii
1274 3449 1411 3503 hinc
1465 3455 1522 3503 et
1578 3449 1712 3504 inde
1744 3450 2007 3516 collecta,

355 3537 548 3593 varias
604 3537 906 3604 lectiones,
972 3541 1141 3591 notas
1200 3538 1488 3609 quasdam
1547 3538 1821 3609 Epistolas
1880 3541 2013 3594 item

357 3624 491 3680 duas
522 3625 592 3679 ad
619 3623 965 3698 Luciferum,
994 3624 1289 3695 aliamque
1318 3625 1397 3680 ad
1453 3625 1744 3681 monachos
1794 3626 1887 3682 edi
1918 3644 2016 3683 cu-

358 3714 505 3769 ravit
536 3714 605 3768 ad
637 3712 856 3769 calcem
889 3713 1175 3768 omnium.
1196 3718 1262 3769 Et
1293 3714 1500 3770 fuisset
1529 3715 1704 3772 editio
1736 3714 1835 3771 illa
1861 3716 2012 3771 mul-

356 3807 481 3857 tum
514 3802 905 3875 praestantior,
940 3802 988 3857 si
1021 3802 1093 3857 ab
1126 3802 1291 3858 initio
1325 3803 1827 3876 Felckmanus,vir
1875 3823 2015 3861 sane

355 3892 623 3961 eruditus
656 3895 712 3946 et
740 3887 1061 3967 φιλόπονος,
1095 3893 1223 3963 ejus
1255 3909 1458 3948 curam
1491 3894 1866 3967 suscepisset.
1901 3897 2013 3952 Sed

356 3982 495 4054 quia
525 3984 591 4036 ut
616 3980 937 4052 plurimum
969 3997 1175 4052 operae,
1196 3980 1412 4053 quibus
1447 3999 1560 4037 non
1589 3989 1713 4038 erat
1743 3985 2013 4041 codicum

355 4069 787 4126 accurationem
819 4073 875 4124 et
891 4070 1289 4141 priestantiam
1312 4070 1711 4128 internocendi
1744 4073 2010 4145 facultas,

355 4164 550 4215 Graeca
571 4175 687 4214 non
715 4175 841 4230 quae
870 4159 1059 4231 magis
1092 4159 1162 4214 ad
1194 4176 1389 4215 veram
1413 4160 1851 4230 lectionem,sed
1884 4180 2011 4234 quae

360 4250 601 4323 propius
658 4248 730 4303 ad
788 4247 1000 4303 Nannii
1056 4249 1595 4320 interpretationem
1637 4253 2009 4321 accedebant,

364 4338 525 4411 prelo
584 4337 1006 4405 submiserunt,
1040 4337 1178 4392 hinc
1236 4338 1455 4395 factum
1489 4343 1553 4395 ut
1602 4340 1779 4397 editio
1810 4342 2012 4397 isthaec

352 4445 471 4484 non
503 4426 645 4482 adeo
675 4430 950 4482 accurata
1002 4427 1095 4481 sit.
1130 4427 1465 4483 Secundum
1498 4428 1640 4497 haec,
1670 4447 1821 4485 anno
1854 4432 2010 4488 vide-

356 4516 492 4572 licet
523 4517 681 4584 1608,
714 4532 782 4570 ex
840 4516 1077 4571 ofﬁcina
1123 4516 1350 4572 Claudii
1409 4518 1734 4591 Chappleti.
1770 4520 2010 4577 Parisiis

354 4606 571 4680 prodiit
601 4622 750 4661 nova
795 4604 1099 4661 Athanasii
1132 4606 1332 4677 editio,
1365 4609 1466 4663 sed
1501 4608 1704 4664 Latine
1749 4614 2005 4678 tantum,

353 4694 622 4769 pauculis
650 4694 894 4766 adjectis
951 4695 1024 4750 ad
1081 4695 1408 4767 marginem
1448 4697 1756 4754 Frontonis
1790 4699 2004 4772 Ducaei,

2185 2129 2237 2182 8.
2264 2126 2359 2181 Hze
2397 2129 2529 2180 ante
2553 2130 2813 2180 nostram
2837 2126 3177 2197 prodierunt
3198 2126 3501 2183 Athanasii
3526 2145 3769 2201 operum

2115 2216 2399 2272 editiones
2431 2216 2577 2270 bene
2610 2214 3047 2286 multm,quibus
3078 2217 3519 2286 tamen,nedum
3541 2218 3598 2272 id
3631 2235 3771 2274 con-

2118 2304 2333 2360 fectum
2396 2304 2469 2359 sit
2501 2309 2563 2359 ut
2596 2320 2710 2359 non
2742 2304 3066 2359 accuratior
3097 2309 3482 2376 expeteretur,
3520 2323 3591 2362 ne
3642 2311 3769 2362 tur-

2118 2395 2310 2466 piores
2342 2394 2577 2465 quidem
2610 2410 2833 2448 errores
2886 2394 3158 2465 cxpuncti
3199 2398 3356 2449 sunt.
3407 2395 3553 2450 Nam
3607 2397 3655 2451 si
3709 2396 3771 2451 in

2118 2483 2384 2539 omnium
2417 2482 2983 2553 praestantissimam,
3046 2482 3433 2539 Parisiensem
3481 2484 3769 2557 videlicet,

2120 2570 2319 2627 oculos
2355 2571 2655 2641 adjeceris,
2681 2570 2890 2626 mirere
2922 2588 3062 2627 sane
3093 2588 3271 2644 quam
3304 2573 3621 2629 oscitantes
3649 2575 3770 2630 fue-

2122 2660 2365 2731 rint,qui
2390 2665 2511 2714 tam
2545 2658 2862 2731 conspieua
2889 2660 3029 2715 vitia
3058 2677 3129 2715 ne
3159 2666 3475 2717 senserunt
3503 2663 3769 2735 quidem.

2121 2748 2315 2804 Primo
2340 2748 2496 2804 enim
2528 2765 2808 2820 germana
2837 2754 2894 2803 et
2925 2766 3057 2804 vera
3091 2767 3265 2822 opera
3295 2751 3516 2823 spuriis
3544 2752 3771 2825 passim

2120 2839 2452 2894 intermista
2481 2842 2640 2906 sunt,
2705 2844 2824 2894 tam
2856 2838 2916 2893 in
2976 2838 3163 2911 primo
3195 2858 3372 2912 quam
3401 2840 3458 2896 in
3518 2842 3773 2898 secundo

2116 2933 2297 2996 tomo,
2331 2927 2492 2983 nullo
2522 2927 2770 2995 delectu,
2804 2927 2967 2984 nulla
2996 2926 3205 2990 νοθείας
3262 2930 3348 2986 vel
3408 2928 3772 3004 γνησιότητος

2119 3016 2539 3090 signiﬁcatione
2568 3035 2581 3086 ;
2611 3034 2734 3089 quae
2765 3017 3000 3089 quidem
3034 3035 3125 3074 res
3150 3017 3426 3074 lectorem
3460 3023 3775 3091 quantum-

2117 3107 2204 3161 vis
2236 3107 2530 3162 eruditum
2563 3106 2622 3161 in
2655 3106 2884 3162 consilii
2915 3108 3173 3180 inopiam
3206 3109 3461 3179 conjicit,
3478 3126 3611 3165 cum
3655 3126 3772 3165 non

2119 3196 2178 3250 in
2211 3200 2485 3269 promptu
2520 3195 2596 3251 sit
2643 3196 3034 3252 internoscere
3083 3197 3223 3268 quid
3279 3197 3597 3267 sincerum,
3630 3198 3771 3271 quid

2121 3285 2397 3341 alienum.
2422 3285 2641 3339 Deinde
2663 3285 3022 3356 perturbatio
3053 3286 3272 3356 ubique
3302 3290 3485 3356 tanta,
3519 3291 3581 3342 ut
3612 3286 3775 3344 nulla

2123 3375 2425 3445 temporis,
2461 3373 2622 3427 nulla
2644 3374 2975 3445 argumenti
2998 3374 3143 3429 ratio
3173 3381 3535 3445 compareat;
3562 3375 3680 3431 imo
3700 3391 3774 3432 ne

2124 3480 2191 3518 ea
2216 3464 2473 3534 quidem,
2525 3480 2651 3534 quae
2685 3466 2891 3517 natura
2926 3478 3034 3517 sua
3062 3462 3446 3530 cohairent,ac
3477 3464 3603 3520 sine
3634 3464 3775 3520 vitio

2124 3568 2388 3607 semover
2418 3555 2737 3622 nequeunt,
2764 3550 2851 3605 vel
2884 3551 3199 3605 minimum
3230 3550 3383 3607 inter
3415 3569 3476 3607 se
3507 3552 3775 3608 ordinem

2124 3645 2377 3696 teneant.
2439 3640 2531 3695 Sic
2590 3640 2853 3711 Epistolas
2916 3639 2986 3696 ad
3034 3641 3389 3712 Serapionem
3448 3642 3512 3697 de
3568 3641 3780 3713 Spiritu

2123 3735 2328 3799 sancto,
2371 3746 2623 3801 quarum
2683 3730 2873 3802 prima
2930 3730 3222 3797 secundae,
3256 3731 3515 3787 secunda
3561 3731 3769 3801 tertiae,

2123 3822 2295 3876 tertia
2325 3825 2544 3892 quartae
2576 3819 2802 3875 occasio
2833 3818 2978 3889 fuit;
3013 3819 3092 3875 ita
3122 3819 3435 3889 distracta),
3484 3825 3565 3889 et,
3599 3825 3662 3876 ut
3692 3821 3775 3879 ita

2124 3910 2337 3977 dicam,
2369 3909 2665 3980 dissipatae
2724 3908 2980 3976 fuerunt,
3042 3912 3107 3964 ut
3162 3912 3320 3965 tomo
3377 3909 3588 3982 primo,
3649 3926 3778 3982 quae

2126 4000 2283 4072 prior
2321 4015 2450 4054 esse
2482 3999 2708 4066 debuit,
2741 3998 3000 4054 secunda
3038 3996 3301 4069 legatur;
3337 4015 3465 4070 quae
3497 3999 3776 4068 secunda,

2124 4089 2344 4162 primas
2366 4092 2560 4143 teneat
2584 4106 2597 4157 ;
2630 4089 2758 4143 dure
2781 4091 2976 4143 autem
3000 4088 3349 4159 posteriores
3366 4086 3425 4142 in
3450 4088 3777 4145 secundum

2122 4182 2349 4233 tomum
2382 4176 2659 4250 ablegatze
2692 4177 2930 4243 fuerint,
2982 4176 3064 4232 ita
3118 4180 3314 4231 tamen
3348 4182 3413 4232 ut
3440 4182 3772 4249 postremas,

2123 4284 2250 4340 quae
2282 4271 2493 4339 quarta
2521 4271 2628 4333 est,
2650 4267 3063 4339 fragmentum,
3090 4265 3277 4337 primo
3308 4270 3465 4322 torno
3498 4265 3772 4322 avulsum

2114 4357 2616 4428 jaceat.Eamdem
2641 4356 3099 4411 animadvertere
3134 4359 3223 4411 est
3260 4355 3318 4409 in
3349 4355 3624 4428 Apologiis
3653 4355 3776 4410 ἀτα-

2122 4442 2232 4513 ξίαν
2271 4462 2282 4500 :
2317 4461 2453 4499 nam
2487 4462 2615 4516 quas
2648 4448 2943 4517 postrema
2972 4443 3237 4499 omnium
3287 4443 3399 4499 sita
3429 4448 3517 4500 est
3547 4447 3604 4499 et
3632 4444 3773 4516 Apo-

2122 4536 2269 4604 logia
2298 4534 2540 4589 secunda
2573 4533 2937 4603 inscribitur,
2974 4533 3232 4605 primum
3270 4532 3443 4589 debet
3482 4548 3773 4604 occupare

2117 4622 2333 4691 locum,
2368 4623 2628 4679 secunda
2685 4639 2816 4678 vero
2872 4622 3133 4677 tertium.
3168 4622 3379 4678 Omnia
3420 4623 3662 4677 demum
3710 4626 3775 4677 ut

2118 4731 2291 4769 casus
2324 4713 2461 4768 tulit
2504 4712 2693 4784 posita
2746 4715 2926 4768 sunt:
2964 4712 3105 4767 adeo
3135 4715 3198 4767 ut
3240 4712 3288 4767 si
3344 4711 3479 4783 quis
3528 4710 3775 4767 historia

352 4784 654 4843 SOCietatis
681 4784 845 4850 J93“,
880 4784 1056 4839 Ποδίε·
1079 4786 1245 4840 Anno
1277 4785 1415 4840 item
1448 4786 1606 4857 4612,
1638 4787 1837 4843 Latine
1867 4804 2009 4844 01133
2041 4782 2086 4847 D
2117 4782 2521 4859 ecclesiastica
2543 4801 2913 4857 mediocriter
2940 4802 3179 4868 tinctus,
3204 4804 3306 4856 aut
3335 4782 3395 4855 in
3424 4800 3774 4857 Athanasia—

354 4878 491 4931 sunt
519 4873 825 4930 Athanasii
860 4889 1035 4945 opera
1064 4890 1198 4928 cum
1257 4874 1522 4944 ejusdem
1557 4876 1866 4932 Frontonis
1898 4881 2011 4931 Du-

353 4964 455 5017 caei
500 4963 677 5034 notis,
712 4962 912 5019 addita
963 4963 1081 5019 Vita
1136 4964 1362 5019 Antonii
1419 4963 1611 5021 Graece
1640 4982 1707 5020 ex
1757 4966 2012 5021 editione

353 5049 422 5106 D.
456 5050 791 5121 Hmschelii,
823 5053 1173 5125 Augustani.

422 5157 477 5213 7.
502 5157 615 5213 Sed
647 5157 819 5214 hasce
851 5176 1056 5215 omnes
1116 5161 1403 5217 editiones
1462 5161 1795 5217 obscuravit
1854 5163 2009 5219 Pari-

354 5244 569 5303 siensis
600 5246 1053 5319 Graeco-Latina,
1088 5267 1241 5306 anno
1273 5250 1739 5322 4627,publicata
1768 5256 2010 5310 curante

351 5335 575 5391 Joanne
609 5334 921 5408 Piscatore,
957 5338 1055 5393 ubi
1090 5339 1276 5394 multa
1308 5356 1376 5394 ex
1418 5340 1595 5395 variis
1628 5340 2007 5398 Felckmanni

350 5424 701 5481 lectionibus
758 5425 1064 5497 castigata,
1122 5427 1307 5484 multo
1368 5427 1537 5500 plura
1592 5432 2004 5503 praetermissa,

351 5514 635 5571 nonnulla
664 5514 865 5572 vitiata
896 5515 1133 5572 fuerunt
1158 5534 1170 5584 ;
1195 5518 1352 5589 quod
1388 5518 1446 5574 in
1470 5518 2007 5578 variislectionibus

350 5604 568 5661 nostris
597 5603 810 5678 cuique
868 5603 1082 5679 legenti
1140 5606 1598 5663 animadvertere
1653 5614 1760 5665 est.
1804 5610 2007 5668 Versio

349 5697 546 5750 autem
577 5693 793 5751 Nannii
825 5694 1031 5751 multis
1063 5695 1122 5751 in
1153 5694 1297 5753 locis
1332 5700 1557 5753 mutata
1609 5697 1740 5770 fuit,
1799 5704 1857 5755 et
1886 5699 2007 5772 ple-

348 5796 601 5853 rumque
630 5782 1062 5840 inconsiderate
1095 5801 1108 5853 ;
1144 5784 1227 5841 ita
1256 5789 1321 5841 ut
1352 5790 1554 5841 contra
1584 5787 1761 5843 ﬁdem
1794 5804 2003 5844 manu-

347 5870 697 5949 scriptorum
726 5872 1474 5953 editorumqueﬁalelieiter
1499 5877 1842 5954 augude
1868 5895 2003 5939 suo-

2123 4892 2215 4947 nis
2245 4891 2479 4963 hospes,
2514 4889 2573 4944 in
2603 4890 2726 4945 haec
2757 4890 3015 4962 primum
3040 4890 3279 4958 incidat,
3308 4888 3526 4961 passim
3558 4888 3774 4945 haereat

2122 4981 2419 5049 incertus;
2453 4979 2572 5035 imo
2602 4996 2736 5035 vero
2767 4996 2839 5035 ne
2868 4978 3035 5050 periti
3068 4979 3307 5051 quidem
3339 4978 3431 5034 his
3458 4995 3585 5035 sese
3617 4977 3772 5034 difﬁ-

2120 5068 2459 5135 cultatibus,
2492 5067 2607 5122 nisi
2657 5066 3196 5138 manuscriptorum
3228 5082 3335 5137 ope
3365 5065 3634 5136 expedire
3679 5081 3774 5121 va-

2120 5158 2253 5215 leat.
2287 5158 2432 5213 Hinc
2461 5157 2617 5213 enim
2665 5174 2798 5212 cum
2858 5155 2973 5212 alia
3029 5154 3321 5228 permulta
3374 5153 3769 5223 incommoda,

2120 5251 2247 5303 tum
2279 5247 2389 5303 hoc
2418 5246 2686 5303 omnium
2720 5246 2966 5301 fortasse
3027 5244 3351 5299 maximum
3384 5246 3770 5299 consecutum

2118 5343 2209 5394 est
2234 5355 2245 5407 ;
2284 5342 2347 5392 ut
2377 5354 2504 5408 qua:
2532 5336 2857 5392 certissime
2886 5334 3188 5389 Athanasii
3220 5338 3378 5402 sunt,
3429 5350 3462 5389 a
3492 5332 3677 5389 doctis
3707 5332 3769 5391 in

2117 5425 2325 5487 νοθείας
2360 5426 2753 5497 suspicionem
2785 5428 3150 5479 vocarentur.
3185 5422 3275 5477 Sic
3310 5427 3589 5477 Erasmus
3626 5420 3654 5474 ὸ
3685 5440 3770 5498 φι-

2120 5512 2509 5588 λολογώτατος
2552 5514 2832 5569 adversus
2857 5515 3101 5584 primam
3167 5512 3237 5567 ad
3269 5512 3625 5583 Serapionem
3654 5511 3769 5582 epi-

2117 5607 2316 5661 stolam
2373 5602 2724 5659 sententiam
2777 5601 2912 5657 tulit
2954 5619 2965 5657 :
3010 5602 3124 5671 cui,
3187 5602 3235 5657 si
3269 5601 3461 5657 debito
3508 5598 3767 5671 epistolae

2120 5696 2229 5751 illae
2256 5693 2459 5751 ordine
2479 5694 2604 5749 sitze
2638 5691 2985 5759 fuissent,ne
3009 5691 3293 5747 minimus
3322 5688 3638 5761 scrupulus
3655 5688 3768 5753 has-

2117 5788 2331 5853 sisset;
2372 5798 2630 5854 namque
2660 5782 2777 5837 alia
2830 5780 3005 5837 aliam
3065 5782 3393 5850 conﬁrmat,
3435 5778 3551 5835 alia
3586 5777 3764 5837 aliam

2117 5876 2424 5937 memorat.
2456 5870 2765 5949 Valgatum
2795 5887 2935 5930 sane
2986 5875 3097 5941 est,
3158 5886 3288 5948 qua
3325 5866 3650 5947 peregrinis
3697 5866 3761 5935 in
