4170 6400
385 397 548 449 XVIII

1790 383 2376 449 PROLEGOMENA
2390 429 2406 446 .

380 516 529 574 locis
559 521 892 588 versantur,
924 519 1298 591 peregrinum
1329 520 1502 587 olere,
1537 524 1594 575 et
1625 535 2040 592 quamcunque
2068 521 2123 586 Α
2227 535 2853 578 REVERBNDISSIMORUM
2883 539 3280 581 mammarum
3319 537 3809 582 CONGREGATIONIS

382 621 507 662 rem
540 605 778 662 nonnisi
810 623 917 663 suo
947 606 1073 664 loco
1104 625 1244 664 suas
1265 612 1457 680 partes
1486 607 1727 681 implere
1757 609 2038 680 posse.Ad

376 692 500 751 hac
531 699 749 766 autem,
782 700 871 752 tot
901 700 1190 768 tantaeque
1247 697 1471 753 mendas
1524 697 1746 768 ubique
1775 696 2035 754 locorum

377 799 652 856 aspersas,
682 788 769 839 tot
799 785 1042 851 lacuna,
1064 790 1148 841 tot
1178 785 1396 851 hiatus,
1429 791 1494 842 ut
1517 786 1575 842 in
1597 786 1875 859 operibus
1906 803 2037 860 per-

377 872 583 928 multis
612 873 705 927 vix
726 872 1028 945 quidpiam
1053 891 1263 930 sanum
1286 875 1546 931 offendas
1583 892 1594 929 :
1630 875 1883 931 maxime
1903 892 2037 931 vero

374 960 436 1017 in
493 961 662 1016 libris
719 962 794 1017 De
846 962 1090 1018 humana
1121 967 1326 1019 natura
1355 967 1624 1037 suscepta,
1658 966 1734 1021 De
1761 965 2036 1020 sententia

372 1051 651 1122 Dionysii,
684 1051 743 1106 in
774 1052 1029 1122 Epistolis
1059 1052 1133 1108 ad
1161 1054 1536 1125 Serapionem,
1571 1058 1630 1109 et
1661 1054 1719 1108 in
1755 1054 2032 1110 Orationi-

373 1141 468 1196 bus
495 1147 682 1196 contra
723 1143 997 1204 Arianos;
1030 1143 1110 1197 ibi
1172 1147 1453 1199 sexcentze
1510 1142 1752 1209 lacuum,
1789 1143 2030 1196 infinitas

369 1229 790 1301 propemodum
823 1229 1101 1286 clausulas
1160 1232 1395 1302 vitiatas,
1445 1236 1510 1287 ut
1566 1233 1656 1287 vix
1691 1231 1789 1286 ubi
1821 1231 2029 1304 pedem

369 1333 573 1374 secure
605 1318 752 1390 ﬁgas
783 1319 1061 1390 reperias.
1096 1320 1244 1384 Quid
1277 1322 1326 1376 si
1357 1321 1417 1376 in
1457 1321 1761 1393 Epistolam
1785 1322 2029 1392 encycli-

364 1423 511 1474 cam,
543 1406 700 1462 male
729 1407 803 1463 ad
843 1409 1164 1466 orthodoxos
1218 1410 1591 1483 inscriptam,
1625 1410 1885 1477 incidas;
1929 1410 2027 1465 ubi

366 1496 610 1552 nomina
639 1496 898 1552 virorum
931 1503 1210 1570 perpetuo
1259 1498 1374 1555 alia
1402 1517 1510 1572 pro
1542 1499 1674 1555 aliis
1705 1499 2029 1555 substitute.

367 1584 806 1658 deprehendas:
833 1603 1025 1642 annon
1055 1588 1297 1660 indigne
1321 1589 1470 1644 feras
1502 1589 1919 1645 labefactatum
1953 1589 2024 1644 ab

363 1672 659 1744 imperitis
686 1675 1154 1732 amanuensibus
1184 1676 1580 1748 libellum,qui
1613 1678 1684 1732 ad
1717 1677 2026 1732 historiam

363 1760 821 1818 ecclesiasticam
880 1765 1073 1835 quarti
1130 1764 1326 1820 saeculi
1357 1765 1678 1837 plurimum
1703 1765 1916 1836 juvet?
1961 1767 2027 1820 Et

364 1850 808 1906 incommodum
843 1853 1076 1919 accidit,
1108 1859 1173 1908 ut
1203 1853 1478 1926 pessimis
1507 1854 1777 1910 omnium
1809 1854 2022 1910 codici-

363 1939 474 1995 bus
507 1939 598 1995 usi
630 1940 749 1996 sint
779 1941 877 2012 qui
911 1941 1133 2012 priores
1162 1959 1290 1998 eam
1323 1943 1809 2010 ediderunt,duce
1840 1944 2020 1999 nimi-

363 2044 496 2083 rum
529 2028 837 2085 Nanniana
864 2031 1150 2098 versione,
1183 2048 1252 2086 ex
1306 2031 1506 2088 vitiato
1552 2037 1608 2088 et
1639 2033 1768 2104 ipsa
1823 2033 2023 2089 codice

361 2133 648 2188 expressa.
683 2117 829 2173 Hinc
861 2119 1236 2191 perspicuum
1270 2124 1490 2193 quanto
1522 2121 1799 2194 scrupulo
1845 2126 1902 2177 et
1932 2138 2021 2177 re-

361 2204 577 2278 ligione
606 2206 909 2262 Athanasii
941 2207 1114 2264 editis
1146 2207 1262 2263 illis
1314 2209 1400 2264 uti
1443 2209 1743 2274 debeatur.
1795 2214 1852 2265 et
1903 2227 2024 2266 una

365 2311 541 2366 quam
576 2310 811 2351 necesse
850 2296 1026 2351 fuerit
1069 2313 1278 2354 novam
1337 2315 1542 2371 parare
1590 2300 1932 2368 editionem,
1963 2305 2023 2357 et

363 2387 555 2440 errata
583 2387 846 2440 veterum
879 2386 1210 2442 emendare.

430 2474 484 2527 6.
519 2473 1062 2545 Interpretationem
1091 2475 1302 2531 Nannii
1332 2477 1489 2548 quod
1523 2478 1870 2549 spectat,diu
1904 2477 2018 2533 ha:-

361 2561 635 2618 rebamus
665 2562 872 2618 incerti
905 2581 1192 2620 novamne
1222 2565 1554 2628 ederemus,
1586 2584 1660 2622 an
1692 2582 1845 2634 eam,
1871 2567 2012 2624 olim

361 2651 690 2723 probatam,
717 2651 1134 2724 laudatamque
1159 2658 1217 2709 et
1245 2653 1484 2725 quidem
1519 2672 1553 2710 a
1578 2654 1832 2712 laudatis
1857 2657 2019 2728 prius

363 2740 752 2796 emaculatam
787 2757 891 2812 pro
943 2740 1240 2809 facultate,
1291 2743 1639 2799 cuderemus
1683 2744 1916 2800 iterum.
1950 2745 2020 2800 Et

361 2842 506 2882 sane
535 2827 593 2882 in
627 2827 779 2882 hanc
807 2826 1003 2899 potius
1034 2832 1258 2900 partem
1283 2830 1794 2901 propendebamus
1827 2831 2014 2901 initio,

361 2931 432 2970 ne
463 2915 686 2971 scilicet
711 2919 908 2970 actum
944 2931 1113 2988 agere
1145 2916 1495 2973 videremur.
1552 2919 1762 2974 Verum
1793 2924 2014 2991 contra,

361 3020 434 3058 ne
462 3003 652 3060 versio
686 3003 789 3058 illa
822 3003 1038 3059 iterum
1068 3005 1128 3060 in
1160 3005 1349 3062 lucem
1383 3007 1853 3079 prodiret,multa
1876 3026 2016 3064 sua-

356 3091 593 3148 bebanl.
628 3092 892 3147 Primum
916 3093 1070 3149 enim
1099 3111 1234 3150 cum
1267 3112 1336 3151 ex
1357 3098 1760 3169 manuscripto
1791 3097 2011 3165 vitiato,

361 3185 420 3236 et
466 3180 713 3236 infinitis
761 3198 942 3254 prope
988 3184 1220 3239 mendis
1270 3201 1507 3257 asperso
1539 3202 1814 3258 expressa
1849 3186 1950 3242 illa
1981 3204 2014 3241 a

2226 609 2435 648 INDICIS
2473 609 2666 648 FACTA.

2221 702 2249 730 ‹‹
2281 682 2449 736 Prior
2481 685 2659 737 tomus
2690 698 2916 754 operum
2943 685 3008 740 D.
3058 684 3370 742 Athanasii
3415 703 3483 743 ea
3537 688 3807 755 continet,

2147 785 2267 839 qua
2298 771 2496 826 Latine
2533 771 2713 826 solum
2740 771 2890 828 edita
2919 775 3114 830 multis
3141 776 3209 830 ab
3257 776 3387 830 hinc
3415 778 3611 843 annis,
3642 777 3808 834 Petro

2145 859 2364 915 Nannio
2398 861 2717 932 interprete,
2747 864 2956 918 circum
3000 869 3276 933 feruntur.
3311 864 3532 922 (ἓν-«εσσε
3562 867 3648 937 ipe
3680 870 3802 922 tex-

2143 952 2235 1002 tus
2281 951 2377 1019 qui
2430 965 2610 1022 nuper
2666 953 2726 1007 in
2784 953 2960 1007 lucem
3009 953 3237 1024 prodiit,
3269 957 3319 1009 et
3370 954 3606 1026 phrasin
3655 959 3804 1011 certe

2140 1037 2436 1093 Athanasii
2459 1039 2680 1110 redolet,
2715 1041 2938 1111 qualem
2966 1043 3064 1097 ille
3081 1044 3256 1113 fuisse
3285 1044 3473 1109 tradit,
3510 1043 3803 1116 Gregorius

2139 1127 2544 1196 Nazianzenus,
2605 1132 2835 1185 minime
2893 1132 3130 1188 Atticam
3179 1137 3230 1188 et
3288 1134 3648 1201 luculentam,
3708 1134 3802 1190 sed

2132 1216 2354 1286 pietatis
2379 1221 2432 1272 et
2461 1233 2652 1273 rerum
2679 1218 2998 1275 divinarum
3050 1223 3296 1277 scientia
3319 1223 3563 1293 plenam,
3613 1226 3663 1278 et
3696 1239 3799 1279 ne-

2137 1321 2415 1377 quaquam
2442 1311 2726 1379 corruptus
2768 1318 2866 1364 aut
2895 1309 3279 1366 adulterinum
3309 1311 3440 1383 quid
3465 1329 3673 1384 passus
3703 1315 3800 1369 vi-

2137 1393 2334 1456 detur;
2362 1398 2477 1451 nisi
2505 1396 2645 1467 quod
2673 1399 2904 1467 fortasse
2932 1399 2995 1453 ob
3027 1401 3305 1455 incuriam
3325 1401 3794 1473 typographorum

2136 1483 2221 1537 vel
2259 1483 2554 1556 depravata
2609 1487 2971 1558 exemplaria,
3004 1491 3168 1544 verba
3211 1490 3537 1562 quandoque
3565 1495 3619 1547 et
3648 1507 3796 1547 com-

2135 1581 2305 1640 mata,
2354 1575 2574 1645 periodi
2619 1578 2786 1630 etiam
2835 1577 3048 1631 alicubi
3077 1577 3477 1634 desiderantur.
3511 1580 3798 1648 Interpres

2137 1663 2399 1717 Nannius
2456 1665 2629 1720 multa
2683 1666 2950 1736 praeclare
3008 1662 3280 1734 reddidit,
3335 1669 3433 1722 ubi
3480 1672 3794 1740 prasertim

2135 1748 2400 1805 historica
2430 1755 2678 1807 narratio
2707 1755 2818 1824 fuit
2850 1754 2940 1808 illi
2970 1757 3247 1811 vertenda.
3270 1757 3333 1812 At
3362 1774 3488 1813 vero
3520 1760 3578 1812 in
3598 1760 3795 1829 dispu-

2135 1841 2437 1894 tationibus
2494 1842 2831 1911 theologicis,
2893 1843 2990 1898 ubi
3057 1845 3241 1900 creber
3302 1855 3353 1901 et
3403 1846 3686 1902 vehemens
3742 1853 3795 1902 et

2132 1935 2364 1996 argutus
2421 1938 2500 1984 est
2557 1930 2912 2002 Athanasius,
2970 1935 3278 1988 succumbit
3344 1935 3686 2006 plerumque,
3741 1941 3796 1992 et

2133 2018 2307 2072 multa
2337 2018 2626 2074 verborum
2680 2021 2840 2088 copia
2899 2025 3216 2093 exprimere
3251 2032 3485 2079 conatur
3512 2024 3653 2096 quod
3681 2041 3797 2082 non

2131 2108 2460 2176 assequitur,
2491 2112 2656 2179 atque
2685 2109 2892 2164 invitus
2923 2111 3135 2166 labitur
3163 2129 3182 2166 :
3213 2121 3264 2167 et
3319 2112 3617 2184 aliquando
3645 2113 3793 2170 dicta

2131 2194 2430 2251 Athanasii
2457 2197 2521 2252 de
2551 2200 2899 2254 sanctissima
2931 2200 3192 2256 Trinitate
3232 2205 3283 2255 et
3314 2204 3571 2272 mysterio
3602 2203 3790 2257 lncar-

2130 2286 2373 2340 nationis
2401 2295 2516 2341 tam
2547 2289 2851 2358 infeliciter
2889 2289 3090 2360 reddit,
3139 2293 3198 2344 ut
3226 2292 3322 2346 vix
3349 2307 3382 2344 a
3430 2291 3698 2362 theologis
3728 2293 3790 2346 in

2129 2373 2327 2428 scholis
2350 2378 2754 2446 propositiones
2783 2378 2896 2432 illa
2947 2380 3171 2449 defendi
3199 2384 3420 2451 queant,
3452 2382 3639 2452 quales
3670 2381 3789 2437 illa!

2128 2466 2259 2517 sunt
2289 2478 2417 2534 quae
2446 2466 2600 2535 infra
2630 2482 2678 2521 v.
2711 2483 2769 2536 g.
2811 2473 3175 2539 opponentur.
3211 2467 3364 2524 Certe
3387 2470 3449 2522 in
3469 2469 3680 2524 duabus
3712 2469 3784 2526 de

2128 2552 2513 2609 Incarnatione
2545 2554 2750 2609 Christi
2768 2557 3107 2611 orationibus
3132 2564 3327 2613 contra
3352 2556 3783 2627 Apollinarium,

2127 2643 2475 2712 septuaginta
2505 2643 2634 2699 locis
2666 2646 2837 2698 totum
2868 2646 3094 2699 invertit
3113 2653 3168 2700 et
3186 2645 3474 2714 confundit
3493 2645 3787 2701 Athanasii

2126 2744 2366 2797 sensum,
2399 2729 2530 2785 dum
2551 2732 2635 2786 vel
2664 2733 2887 2787 omnino
2917 2734 3219 2800 contraria,
3251 2733 3336 2788 vel
3366 2733 3521 2803 longe
3548 2731 3782 2802 diversa,

2123 2819 2387 2891 pleraque
2429 2822 2604 2875 etiam
2636 2837 2745 2875 non
2783 2823 2955 2877 nimis
2974 2837 3129 2879 sane?
3158 2822 3287 2891 ﬁdei
3304 2838 3538 2878 consona
3572 2823 3781 2880 scribit.

2127 2908 2189 2962 In
2235 2909 2554 2963 universum
2586 2911 2834 2965 Nannius
2893 2911 3067 2966 multa
3121 2927 3260 2983 sape
3303 2911 3554 2968 libertate
3584 2914 3782 2979 utitur,

2124 2999 2174 3052 et
2206 2997 2438 3053 libenter
2465 3003 2715 3069 vagatur,
2748 3001 3046 3071 improprie
3076 3001 3338 3072 loquitur,
3370 3004 3421 3056 et
3451 3001 3788 3057 obscuritate

2123 3086 2303 3140 multa
2354 3088 2580 3143 involvit
2626 3105 2645 3150 ;
2683 3089 2818 3144 solet
2870 3089 3206 3160 confundere
3261 3098 3504 3162 tempora
3529 3089 3782 3161 periodos

2120 3175 2462 3242 intercidere,
2520 3181 2572 3232 et
2653 3177 2884 3249 proinde
2937 3180 3219 3234 rationum
3271 3181 3415 3235 vires
3475 3195 3737 3236 enervare
3761 3196 3784 3242 .-

358 3267 586 3326 Nannio
627 3269 825 3342 fuerit,
858 3287 1166 3329 necessum
1197 3279 1323 3330 erat
1354 3279 1419 3329 ut
1439 3275 1724 3332 sexcentis
1768 3276 1824 3331 in
1867 3275 2011 3333 locis

2134 3263 2427 3335 Scriptura?
2455 3267 2569 3322 loca
2629 3269 2709 3322 ita
2759 3270 2942 3337 vertit,
2995 3272 3044 3323 et
3073 3285 3178 3324 sua
3205 3285 3420 3339 semper
3450 3270 3785 3340 interpreta-

367 3358 801 3432 immutaretur,
835 3364 900 3416 ut
955 3378 1085 3417 cum
1144 3362 1356 3420 Graecis
1387 3365 1718 3435 quadraret.
1775 3365 1860 3421 Ad
1892 3365 2012 3421 haac

358 3452 553 3504 autem
585 3453 650 3504 ut
697 3449 912 3505 eruditi
943 3449 1048 3506 viri
1075 3452 1434 3523 jamdudum
1455 3453 2008 3526 animadverterent,

355 3536 546 3593 versio
604 3536 708 3592 illa
738 3554 853 3593 non
911 3554 981 3594 ea
1010 3542 1379 3597 accuratione
1408 3542 1756 3599 concinnata
1788 3543 1915 3614 fuit,
1949 3548 2013 3599 ut

357 3624 668 3681 Athanasii
695 3630 951 3682 mentem
975 3630 1152 3699 probe
1170 3636 1477 3685 assecutus
1500 3631 1882 3701 sitNannius;
1910 3633 2012 3705 qui

354 3713 444 3770 vir
462 3713 728 3786 apprime
746 3715 1010 3771 eruditus
1027 3722 1084 3772 et
1105 3717 1306 3774 multis
1324 3710 1661 3776 nominibus
1678 3722 2012 3793 praeclarus,

356 3803 769 3876 praestantiora
825 3805 1043 3860 nostris
1094 3806 1341 3863 fortasse
1371 3807 1646 3879 dedisset,
1705 3808 1756 3864 si
1805 3809 2012 3878 atatis,

356 3891 1020 3965 manuscriptorumque
1049 3895 1305 3951 conditio
1336 3896 1395 3950 id
1426 3895 1678 3953 tulisset.
1701 3896 1916 3952 Verum
1937 3897 2018 3952 vi-

356 3979 505 4035 tiata
533 3979 797 4050 lectione,
823 3997 958 4037 cum
982 3982 1115 4054 quis
1139 3983 1319 4040 semel
1351 3985 1424 4040 ab
1446 3986 1701 4042 auctoris
1727 3987 2019 4042 sententia

357 4068 593 4135 excidit,
654 4069 715 4124 in
772 4070 1018 4143 reliquis
1076 4073 1253 4128 etiam
1308 4090 1608 4146 praeceps;
1656 4079 1714 4131 et
1770 4076 1912 4131 dum
1945 4076 2018 4132 ad

358 4161 553 4214 certos
582 4157 802 4215 limites
833 4159 1464 4233 redierit,transversus
1487 4163 2019 4236 agitur.lnnumera

355 4262 668 4320 possemus
728 4249 932 4305 aﬂ‘erre
993 4267 1060 4307 ex
1117 4251 1218 4306 illa
1273 4252 1540 4309 versione
1569 4254 1836 4327 exempla
1869 4272 1881 4310 :
1915 4255 2016 4310 sed

356 4351 545 4408 pauca
569 4336 714 4393 satis
744 4341 940 4407 sunto,
990 4355 1063 4395 ne
1111 4341 1338 4397 erudito
1383 4341 1602 4412 leciori,
1636 4345 1778 4399 dum
1828 4342 2019 4400 aliena

360 4428 556 4481 errata
581 4442 980 4495 recensemus,
1014 4428 1249 4486 fastidio
1279 4431 1492 4488 simus.

429 4514 516 4570 10.
553 4517 732 4570 Porro
764 4520 1079 4588 antequam
1139 4518 1677 4578 animadversiones
1735 4520 1865 4578 illas
1913 4539 2014 4578 no-

2125 3355 2272 3410 tione
2300 3356 2387 3409 uti
2412 3355 2563 3422 velit,
2594 3371 2719 3410 cum
2764 3372 2930 3429 saepe,
2962 3359 3013 3413 si
3077 3356 3310 3426 Vulgata
3366 3359 3452 3412 uti
3504 3357 3780 3428 voluisset,

2119 3446 2304 3515 aptius
2349 3448 2400 3500 et
2426 3446 2668 3516 apertius
2718 3462 2835 3501 rem
2863 3445 3146 3502 declarare
3170 3447 3450 3517 potuisset.
3485 3447 3563 3500 Ea
3589 3461 3778 3518 porro,

2120 3535 2254 3600 loca,
2314 3535 2375 3588 in
2430 3535 2626 3606 quibus
2681 3551 2839 3590 sensa
2895 3541 3145 3592 textuum
3175 3538 3498 3591 notabiliter
3522 3543 3781 3607 corrupta

2119 3631 2267 3689 sunt,
2298 3638 2396 3693 per
2433 3625 2602 3678 totum
2632 3622 2778 3678 hunc
2804 3625 3047 3695 primum
3103 3625 3313 3678 tomum
3367 3622 3608 3693 amplius
3647 3625 3778 3676 sunt

2121 3712 2439 3782 quingenta.
2499 3712 2562 3765 In
2620 3710 2704 3765 his
2759 3712 2845 3766 vel
2898 3711 3193 3782 a/Trmante
3250 3710 3550 3764 Athanasio
3619 3713 3786 3780 negat

2124 3799 2396 3864 Nannius,
2447 3799 2531 3854 vel
2559 3803 2797 3867 negante
2851 3798 3120 3868 afﬁrmat,
3162 3799 3248 3854 vel
3276 3803 3508 3853 externa
3539 3798 3789 3870 loquitur

2125 3895 2314 3942 etnon
2368 3887 2700 3942 cohaerentia
2729 3906 2752 3951 ;
2790 3895 2851 3942 ut
2909 3888 3082 3942 aliam
3139 3889 3274 3959 ipse,
3326 3887 3502 3943 aliam
3535 3887 3788 3943 Nannius

2125 3976 2469 4031 cantilenam
2496 3976 2787 4032 videantur
2815 3985 3055 4033 cantare.
3109 3977 3324 4044 Verum,
3354 3981 3415 4032 ut
3445 3993 3530 4032 res
3557 3977 3786 4048 facilius

2122 4067 2327 4137 pateat,
2359 4081 2428 4120 ex
2459 4081 2652 4121 eorum
2705 4081 2937 4121 numero
2959 4067 3083 4138 jam
3131 4066 3329 4122 seleeta
3381 4066 3498 4122 loca
3527 4065 3786 4138 quaedam

2127 4154 2387 4209 adnotata
2412 4158 2562 4222 sunt,
2594 4155 2653 4208 in
2685 4156 2886 4227 quibus
2938 4157 3208 4226 interpres
3239 4171 3347 4209 non
3377 4154 3532 4210 modo
3563 4154 3784 4210 diversa

2127 4244 2389 4316 loquitur,
2419 4243 2516 4299 sed
2544 4245 2716 4300 etiam
2740 4245 2957 4300 vitiosis
3013 4247 3192 4299 utitur
3235 4243 3454 4299 dicendi
3504 4242 3698 4312 modis,
3733 4247 3786 4299 et

2125 4335 2419 4389 sententias
2444 4333 2656 4404 profert
2685 4337 2781 4388 aut
2840 4334 3146 4405 ambiguas,
3206 4336 3304 4388 aut
3331 4342 3474 4390 certe
3501 4333 3698 4404 falsas,
3730 4335 3784 4389 et

2127 4423 2349 4478 omnino
2381 4421 2677 4478 Athanasio
2706 4421 2986 4493 indignas.

2201 4531 2230 4561 «
2260 4515 2327 4568 In
2359 4513 2609 4568 oratione
2636 4520 2827 4568 contra
2880 4511 3112 4568 Sabellii
3163 4512 3409 4583 gregales
3440 4511 3544 4582 (a),
3607 4511 3790 4583 inquit

357 4605 511 4658 stras
544 4603 868 4673 ordiamur,
900 4623 1014 4661 non
1047 4607 1344 4680 ingratum
1377 4608 1576 4665 lectori
1609 4610 1728 4666 fore
1771 4615 1931 4683 puto,
1965 4611 2014 4667 si

2134 4599 2459 4655 Athanasius
2483 4641 2497 4667 ,
2530 4600 2623 4660 Εἷς
2655 4599 2786 4660 Θεὸς
2816 4597 3029 4660 τελείας
3064 4599 3157 4668 μὲν
3192 4597 3244 4654 ἐν
3287 4597 3459 4671 Ila-cpi
3511 4603 3614 4667 τῆς
3669 4596 3783 4652 056-

355 4689 452 4745 hic
475 4691 753 4748 afl'eratur
772 4693 831 4748 in
853 4695 1111 4757 medium
1130 4713 1379 4754 censura
1397 4697 1713 4755 Nannianae
1734 4700 2020 4757 versionis

357 4778 498 4834 olim
522 4779 700 4851 jussu
723 4782 1330 4842 eminentissimorum
1363 4788 1753 4845 cardinalium
1785 4806 2020 4862 congre-

357 4868 615 4941 gationis
646 4870 863 4927 Indicis
894 4873 1266 4942 concinnata,
1285 4879 1341 4932 et
1362 4876 1597 4949 quidem
1630 4879 1704 4933 ab
1733 4884 2018 4935 emunctie

361 4957 523 5013 naris
553 4958 700 5026 viro,
744 4961 916 5032 cujus
977 4979 1191 5019 nomen
1241 4969 1468 5021 tacetur
1523 4966 1582 5021 in
1643 4967 1874 5024 schedis
1916 4984 2016 5023 no-

360 5044 522 5101 stris.
557 5047 700 5104 Eam
732 5065 866 5106 vero
925 5067 993 5106 ex
1054 5050 1357 5108 codicibus
1389 5070 1530 5111 mss.
1565 5055 1752 5110 Patris
1782 5055 2020 5129 Barissy

361 5137 832 5209 congregationis
863 5139 1252 5196 Vallicellanae
1283 5143 1634 5215 exscriptam
1689 5146 2020 5202 transmisit

359 5223 534 5279 nobis
565 5223 653 5279 vir
673 5225 1040 5285 clarissimus
1063 5229 1480 5302 Stephanotius
1508 5235 2016 5304 noster.Necdum,

363 5312 521 5383 quod
554 5312 792 5384 quidem
824 5316 1036 5385 norim,
1068 5317 1260 5374 lucem
1293 5321 1537 5392 aspexit.

363 5433 628 5474 CENSURA
668 5431 900 5478 PRIORIS
936 5439 1077 5480 TOMI
1117 5441 1359 5482 OPERUM
1391 5443 1445 5481 D.
1479 5443 1783 5484 ATHANASII
1823 5445 2019 5486 GRECE

435 5505 504 5544 ET
542 5506 745 5547 LATINE
779 5509 1076 5550 EDITORUM
1112 5514 1266 5552 ANNO
1305 5514 1444 5564 MDC,
1486 5515 1624 5554 LOCO
1665 5517 1763 5555 UBI
1802 5517 2018 5558 EXCUSA

437 5576 588 5618 SUNT
624 5579 739 5621 NON
776 5581 1084 5639 EXPRESSO,
1133 5584 1306 5625 JUBSU
1347 5586 1916 5630 ILLUSTRISSIMORUM
1954 5591 2020 5630 ET

433 5707 516 5785 (α)
541 5705 610 5770 Τ.
642 5707 693 5769 II
721 5708 905 5787 [nunc
932 5713 976 5772 t.
1008 5710 1126 5789 IV],
1157 5728 1216 5788 p.
1249 5713 1341 5778 32.

2129 4708 2298 4757 τητος
2326 4689 2653 4761 νοουμένης,
2682 4685 2898 4750 τελείας
2948 4685 3006 4742 ’δὲ
3034 4689 3124 4742 καὶ
3157 4686 3208 4743 ἐν
3240 4689 3352 4759 ι’ἱῴ
3380 4693 3482 4756 τῆς
3513 4693 3786 4762 πατρικῆς

2129 4777 2385 4845 θεότητος
2415 4776 2790 4852 ὑπαρχούσης.
2823 4778 3077 4833 Nannius
3108 4779 3266 4834 vertit
3297 4795 3309 4834 :
3344 4777 3508 4833 Unus
3543 4775 3784 4848 quidem

2129 4872 2378 4938 Deus,eo
2410 4869 2564 4940 quod
2595 4868 2848 4940 perfecta
2877 4867 3068 4924 Deitas
3099 4868 3158 4922 in
3190 4868 3361 4923 Patre
3392 4864 3781 4938 intelligatur,

2130 4960 2187 5012 et
2216 4956 2473 5028 perfecta
2502 4955 2828 5028 paternitas
2852 4955 2910 5011 in
2933 4955 3074 5012 Filio
3109 4956 3414 5012 subsistat.
3463 4953 3786 5010 Vertendum

2129 5052 2248 5101 erat
2277 5046 2356 5100 ita
2389 5061 2402 5099 :
2438 5044 2598 5100 Unus
2628 5049 2800 5110 Deus,
2834 5045 2973 5117 quia
3006 5044 3260 5117 perfecta
3309 5044 3504 5100 Deitas
3535 5045 3593 5100 in
3618 5043 3785 5098 Patre

2128 5133 2756 5206 intelligitur,perfecta
2777 5150 3010 5205 quoque
3031 5134 3090 5189 in
3112 5133 3254 5190 Filio
3285 5137 3529 5206 paterna
3556 5130 3788 5188 exsistit

2131 5223 2345 5278 Deitas.

2206 5333 2226 5361 α
2262 5312 2325 5366 In
2353 5313 2601 5367 oratione
2652 5313 2685 5366 4
2714 5315 2909 5368 contra
2944 5313 3175 5368 Arianos
3234 5312 3333 5386 (b),
3394 5311 3728 5366 Athanasius
3765 5324 3785 5364 :

2128 5396 2318 5460 Οὕτως
2367 5398 2497 5460 Θεὸς
2547 5399 2612 5467 ἦν
2660 5397 2711 5454 ἐν
2765 5404 2982 5477 Χριστῷ
3015 5399 3223 5473 κόσμον
3266 5398 3439 5469 ἑαυτῷ
3474 5393 3787 5452 καταλλάσ-

2129 5507 2256 5542 σωνο
2288 5487 2350 5541 τὸ
2379 5489 2483 5564 γὰρ
2515 5485 2652 5542 ἴδιον
2683 5495 2786 5558 τῆς
2816 5493 2912 5544 τοῦ
2935 5490 3147 5566 [ἰατρὸς
3173 5488 3359 5550 οὐσίας
3393 5486 3534 5542 ἐστὶν
3568 5487 3596 5540 ὁ
3637 5485 3785 5559 Υἱὸς,

2129 5574 2181 5633 ἐν
2213 5577 2259 5651 ᾦ
2306 5579 2342 5647 ἡ
2372 5575 2547 5640 κτίσις
2603 5577 2741 5652 πρὸς
2783 5578 2877 5634 τὸν
2926 5579 3057 5634 Θεὸν
3107 5574 3541 5649 κατηλλάσσετο.
3594 5576 3784 5634 Nann.

2199 5723 2277 5801 (ὁ)
2305 5723 2375 5799 Τ,
2407 5722 2431 5784 Ι
2460 5721 2643 5803 [nunc
2673 5724 2719 5790 t.
2769 5723 2868 5804 ll],
2899 5739 2959 5802 p.
2991 5722 3123 5788 439.
