  <div class='ocr_page' id='page_1' title='image "/cluster/home/n/w/nwhite01/storage/ocr_20150623/25:no.1/coo.31924054873066/032.png"; bbox 0 0 4170 6462; ppageno 0'>
   <div class='ocr_carea' id='block_1_1' title="bbox 1327 518 2808 591">
    <p class='ocr_par' dir='ltr' id='par_1_1' title="bbox 1327 518 2808 591">
     <span class='ocr_line' id='line_1_1' title="bbox 1327 518 2808 591; baseline -0.007 0"><span class='ocrx_word' id='word_1_1' title='bbox 1327 524 1747 591; x_wconf 65' lang='grc' dir='ltr'><strong>ΡΒᾸΞΡΑἸἾΟ</strong></span> <span class='ocrx_word' id='word_1_2' title='bbox 1790 522 2188 588; x_wconf 84' lang='lat' dir='ltr'><strong>EDITIONIS</strong></span> <span class='ocrx_word' id='word_1_3' title='bbox 2233 518 2808 585; x_wconf 67' lang='lat' dir='ltr'><strong>BENEDICTINIE.</strong></span> 
     </span>
    </p>
   </div>
   <div class='ocr_carea' id='block_1_2' title="bbox 346 659 2081 730">
    <p class='ocr_par' dir='ltr' id='par_1_2' title="bbox 346 659 2081 730">
     <span class='ocr_line' id='line_1_2' title="bbox 346 659 2081 730; baseline -0.002 -13"><span class='ocrx_word' id='word_1_4' title='bbox 346 660 434 718; x_wconf 90' lang='lat' dir='ltr'><strong>Ita</strong></span> <span class='ocrx_word' id='word_1_5' title='bbox 462 662 619 720; x_wconf 85' lang='lat' dir='ltr'><strong>Deus</strong></span> <span class='ocrx_word' id='word_1_6' title='bbox 648 661 760 719; x_wconf 83' lang='lat' dir='ltr'><strong>fuit</strong></span> <span class='ocrx_word' id='word_1_7' title='bbox 778 661 839 719; x_wconf 91' lang='lat' dir='ltr'><strong>in</strong></span> <span class='ocrx_word' id='word_1_8' title='bbox 857 660 1107 730; x_wconf 81' lang='lat' dir='ltr'><strong>Christo,</strong></span> <span class='ocrx_word' id='word_1_9' title='bbox 1133 663 1421 718; x_wconf 91' lang='lat' dir='ltr'><strong>mundum</strong></span> <span class='ocrx_word' id='word_1_10' title='bbox 1444 661 1557 717; x_wconf 90' lang='lat' dir='ltr'><strong>sibi</strong></span> <span class='ocrx_word' id='word_1_11' title='bbox 1571 659 1954 716; x_wconf 86' lang='lat' dir='ltr'><strong>reconcilians</strong></span> <span class='ocrx_word' id='word_1_12' title='bbox 1979 676 1991 725; x_wconf 90' lang='lat'>;</span> <span class='ocrx_word' id='word_1_13' title='bbox 2027 663 2081 727; x_wconf 83' lang='grc' dir='ltr'><strong>Α</strong></span> 
     </span>
    </p>
   </div>
   <div class='ocr_carea' id='block_1_3' title="bbox 3645 533 3759 584">
    <p class='ocr_par' dir='ltr' id='par_1_3' title="bbox 3645 533 3759 584">
     <span class='ocr_line' id='line_1_3' title="bbox 3645 533 3759 584; baseline 0 0"><span class='ocrx_word' id='word_1_14' title='bbox 3645 533 3759 584; x_wconf 73' lang='lat' dir='ltr'><strong>XIX</strong></span> 
     </span>
    </p>
   </div>
   <div class='ocr_carea' id='block_1_4' title="bbox 2186 649 3757 728">
    <p class='ocr_par' dir='ltr' id='par_1_4' title="bbox 2186 649 3757 728">
     <span class='ocr_line' id='line_1_4' title="bbox 2186 649 3757 728; baseline 0.004 -25"><span class='ocrx_word' id='word_1_15' title='bbox 2186 678 2212 703; x_wconf 79' lang='grc'>‹‹</span> <span class='ocrx_word' id='word_1_16' title='bbox 2244 657 2307 711; x_wconf 84' lang='lat' dir='ltr'><strong>In</strong></span> <span class='ocrx_word' id='word_1_17' title='bbox 2362 656 2591 725; x_wconf 81' lang='lat' dir='ltr'><strong>epistola</strong></span> <span class='ocrx_word' id='word_1_18' title='bbox 2643 655 2714 710; x_wconf 82' lang='lat' dir='ltr'><strong>ad</strong></span> <span class='ocrx_word' id='word_1_19' title='bbox 2774 652 3098 724; x_wconf 78' lang='lat' dir='ltr'><strong>Adelphium</strong></span> <span class='ocrx_word' id='word_1_20' title='bbox 3154 652 3270 725; x_wconf 89' lang='lat' dir='ltr'><strong>(e):</strong></span> <span class='ocrx_word' id='word_1_21' title='bbox 3322 649 3475 707; x_wconf 78' lang='grc' dir='ltr'>Οὕτω</span> <span class='ocrx_word' id='word_1_22' title='bbox 3506 652 3611 728; x_wconf 80' lang='grc' dir='ltr'>γὰρ</span> <span class='ocrx_word' id='word_1_23' title='bbox 3661 654 3757 710; x_wconf 84' lang='grc' dir='ltr'><strong>καὶ</strong></span> 
     </span>
    </p>
   </div>
   <div class='ocr_carea' id='block_1_5' title="bbox 340 740 2008 825">
    <p class='ocr_par' dir='ltr' id='par_1_5' title="bbox 340 748 1995 825">
     <span class='ocr_line' id='line_1_5' title="bbox 340 748 1995 825; baseline -0.004 -17"><span class='ocrx_word' id='word_1_24' title='bbox 340 768 481 808; x_wconf 87' lang='lat' dir='ltr'><strong>nam</strong></span> <span class='ocrx_word' id='word_1_25' title='bbox 529 752 769 825; x_wconf 89' lang='lat' dir='ltr'><strong>propria</strong></span> <span class='ocrx_word' id='word_1_26' title='bbox 816 751 1150 808; x_wconf 77' lang='lat' dir='ltr'><strong>substantia</strong></span> <span class='ocrx_word' id='word_1_27' title='bbox 1191 751 1380 806; x_wconf 80' lang='lat' dir='ltr'><strong>Patris</strong></span> <span class='ocrx_word' id='word_1_28' title='bbox 1411 749 1597 805; x_wconf 88' lang='lat' dir='ltr'><strong>Filius</strong></span> <span class='ocrx_word' id='word_1_29' title='bbox 1630 753 1738 820; x_wconf 87' lang='lat' dir='ltr'><strong>est,</strong></span> <span class='ocrx_word' id='word_1_30' title='bbox 1771 748 1831 803; x_wconf 90' lang='lat' dir='ltr'><strong>in</strong></span> <span class='ocrx_word' id='word_1_31' title='bbox 1880 762 1995 819; x_wconf 91' lang='lat' dir='ltr'><strong>quo</strong></span> 
     </span>
    </p>
   </div>
   <div class='ocr_carea' id='block_1_6' title="bbox 2127 740 3751 825">
    <p class='ocr_par' dir='ltr' id='par_1_6' title="bbox 2127 740 3751 819">
     <span class='ocr_line' id='line_1_6' title="bbox 2127 740 3751 819; baseline 0.006 -24"><span class='ocrx_word' id='word_1_32' title='bbox 2127 745 2203 812; x_wconf 74' lang='grc' dir='ltr'><strong>τὴν</strong></span> <span class='ocrx_word' id='word_1_33' title='bbox 2236 744 2502 819; x_wconf 72' lang='grc' dir='ltr'>πατρικὴν</span> <span class='ocrx_word' id='word_1_34' title='bbox 2554 742 2718 797; x_wconf 69' lang='grc' dir='ltr'>αὐτοῦ</span> <span class='ocrx_word' id='word_1_35' title='bbox 2760 741 2989 812; x_wconf 82' lang='grc' dir='ltr'>Θεότητα</span> <span class='ocrx_word' id='word_1_36' title='bbox 3032 740 3486 817; x_wconf 81' lang='grc' dir='ltr'>ἐπιγινώσκομεν.</span> <span class='ocrx_word' id='word_1_37' title='bbox 3518 746 3700 804; x_wconf 84' lang='lat' dir='ltr'><strong>Nann.</strong></span> <span class='ocrx_word' id='word_1_38' title='bbox 3735 763 3751 804; x_wconf 74' lang='lat'><strong>2</strong></span> 
     </span>
    </p>
   </div>
   <div class='ocr_carea' id='block_1_7' title="bbox 341 839 1996 899">
    <p class='ocr_par' dir='ltr' id='par_1_7' title="bbox 341 839 1996 899">
     <span class='ocr_line' id='line_1_7' title="bbox 341 839 1996 899; baseline -0.004 -2"><span class='ocrx_word' id='word_1_39' title='bbox 341 844 610 898; x_wconf 81' lang='lat' dir='ltr'><strong>creatura</strong></span> <span class='ocrx_word' id='word_1_40' title='bbox 638 846 755 899; x_wconf 89' lang='lat' dir='ltr'><strong>Deo</strong></span> <span class='ocrx_word' id='word_1_41' title='bbox 802 839 1307 899; x_wconf 87' lang='lat' dir='ltr'><strong>reconciliabatur.</strong></span> <span class='ocrx_word' id='word_1_42' title='bbox 1344 839 1666 897; x_wconf 79' lang='lat' dir='ltr'><strong>Vertendum</strong></span> <span class='ocrx_word' id='word_1_43' title='bbox 1707 847 1828 894; x_wconf 78' lang='lat' dir='ltr'><strong>erat</strong></span> <span class='ocrx_word' id='word_1_44' title='bbox 1864 839 1946 892; x_wconf 82' lang='lat' dir='ltr'><strong>ita</strong></span> <span class='ocrx_word' id='word_1_45' title='bbox 1977 854 1996 891; x_wconf 88' lang='lat'><strong><em>:</em></strong></span> 
     </span>
    </p>
   </div>
   <div class='ocr_carea' id='block_1_8' title="bbox 341 925 1994 997">
    <p class='ocr_par' dir='ltr' id='par_1_8' title="bbox 341 925 1994 997">
     <span class='ocr_line' id='line_1_8' title="bbox 341 925 1994 997; baseline -0.004 -10"><span class='ocrx_word' id='word_1_46' title='bbox 341 930 498 987; x_wconf 87' lang='lat' dir='ltr'><strong>Deus</strong></span> <span class='ocrx_word' id='word_1_47' title='bbox 540 935 664 987; x_wconf 88' lang='lat' dir='ltr'><strong>erat</strong></span> <span class='ocrx_word' id='word_1_48' title='bbox 694 930 754 986; x_wconf 90' lang='lat' dir='ltr'><strong>in</strong></span> <span class='ocrx_word' id='word_1_49' title='bbox 805 930 1058 997; x_wconf 86' lang='lat' dir='ltr'><strong>Christo,</strong></span> <span class='ocrx_word' id='word_1_50' title='bbox 1090 931 1380 986; x_wconf 91' lang='lat' dir='ltr'><strong>mundum</strong></span> <span class='ocrx_word' id='word_1_51' title='bbox 1412 928 1523 985; x_wconf 89' lang='lat' dir='ltr'><strong>sibi</strong></span> <span class='ocrx_word' id='word_1_52' title='bbox 1568 925 1951 985; x_wconf 84' lang='lat' dir='ltr'><strong>reconcilians</strong></span> <span class='ocrx_word' id='word_1_53' title='bbox 1981 943 1994 981; x_wconf 86' lang='lat'><strong>:</strong></span> 
     </span>
    </p>
   </div>
   <div class='ocr_carea' id='block_1_9' title="bbox 2107 831 3756 906">
    <p class='ocr_par' dir='ltr' id='par_1_9' title="bbox 2107 831 3756 906">
     <span class='ocr_line' id='line_1_9' title="bbox 2107 831 3756 906; baseline 0.001 -17"><span class='ocrx_word' id='word_1_54' title='bbox 2107 834 2193 890; x_wconf 90' lang='lat' dir='ltr'><strong>Ita</strong></span> <span class='ocrx_word' id='word_1_55' title='bbox 2222 834 2380 890; x_wconf 90' lang='lat' dir='ltr'><strong>enim</strong></span> <span class='ocrx_word' id='word_1_56' title='bbox 2402 839 2460 890; x_wconf 90' lang='lat' dir='ltr'><strong>et</strong></span> <span class='ocrx_word' id='word_1_57' title='bbox 2494 833 2773 890; x_wconf 88' lang='lat' dir='ltr'><strong>Deitatem</strong></span> <span class='ocrx_word' id='word_1_58' title='bbox 2791 833 2919 904; x_wconf 86' lang='lat' dir='ltr'><strong>ejus</strong></span> <span class='ocrx_word' id='word_1_59' title='bbox 2940 849 3009 889; x_wconf 85' lang='lat' dir='ltr'><strong>ex</strong></span> <span class='ocrx_word' id='word_1_60' title='bbox 3036 836 3207 889; x_wconf 89' lang='lat' dir='ltr'><strong>Patre</strong></span> <span class='ocrx_word' id='word_1_61' title='bbox 3223 831 3542 889; x_wconf 90' lang='lat' dir='ltr'><strong>oriundam</strong></span> <span class='ocrx_word' id='word_1_62' title='bbox 3570 850 3756 906; x_wconf 89' lang='lat' dir='ltr'><strong>agno-</strong></span> 
     </span>
    </p>
   </div>
   <div class='ocr_carea' id='block_1_10' title="bbox 2108 922 3758 996">
    <p class='ocr_par' dir='ltr' id='par_1_10' title="bbox 2108 922 3758 996">
     <span class='ocr_line' id='line_1_10' title="bbox 2108 922 3758 996; baseline 0 -16"><span class='ocrx_word' id='word_1_63' title='bbox 2108 924 2347 980; x_wconf 89' lang='lat' dir='ltr'><strong>scimus.</strong></span> <span class='ocrx_word' id='word_1_64' title='bbox 2388 922 2720 980; x_wconf 82' lang='lat' dir='ltr'><strong>Vertendum</strong></span> <span class='ocrx_word' id='word_1_65' title='bbox 2749 939 2768 977; x_wconf 92' lang='lat'><em>:</em></span> <span class='ocrx_word' id='word_1_66' title='bbox 2801 923 2888 979; x_wconf 90' lang='lat' dir='ltr'><strong>Ita</strong></span> <span class='ocrx_word' id='word_1_67' title='bbox 2929 922 3087 978; x_wconf 91' lang='lat' dir='ltr'><strong>enim</strong></span> <span class='ocrx_word' id='word_1_68' title='bbox 3119 926 3177 978; x_wconf 92' lang='lat' dir='ltr'><strong>et</strong></span> <span class='ocrx_word' id='word_1_69' title='bbox 3227 925 3533 995; x_wconf 83' lang='lat' dir='ltr'><strong>paternam</strong></span> <span class='ocrx_word' id='word_1_70' title='bbox 3566 922 3758 996; x_wconf 87' lang='lat' dir='ltr'><strong>ipsius</strong></span> 
     </span>
    </p>
   </div>
   <div class='ocr_carea' id='block_1_11' title="bbox 342 1012 2818 1092">
    <p class='ocr_par' dir='ltr' id='par_1_11' title="bbox 342 1012 2818 1092">
     <span class='ocr_line' id='line_1_11' title="bbox 342 1012 2818 1092; baseline -0.004 -16"><span class='ocrx_word' id='word_1_71' title='bbox 342 1020 649 1092; x_wconf 88' lang='lat' dir='ltr'><strong>proprium</strong></span> <span class='ocrx_word' id='word_1_72' title='bbox 701 1019 860 1076; x_wconf 89' lang='lat' dir='ltr'><strong>enim</strong></span> <span class='ocrx_word' id='word_1_73' title='bbox 907 1018 1252 1076; x_wconf 81' lang='lat' dir='ltr'><strong>substantiae</strong></span> <span class='ocrx_word' id='word_1_74' title='bbox 1309 1018 1498 1075; x_wconf 85' lang='lat' dir='ltr'><strong>Patris</strong></span> <span class='ocrx_word' id='word_1_75' title='bbox 1548 1022 1638 1075; x_wconf 89' lang='lat' dir='ltr'><strong>est</strong></span> <span class='ocrx_word' id='word_1_76' title='bbox 1696 1016 1902 1087; x_wconf 87' lang='lat' dir='ltr'><strong>Filius,</strong></span> <span class='ocrx_word' id='word_1_77' title='bbox 1936 1015 1997 1071; x_wconf 89' lang='lat' dir='ltr'><strong>in</strong></span> <span class='ocrx_word' id='word_1_78' title='bbox 2108 1012 2385 1068; x_wconf 83' lang='lat' dir='ltr'><strong>deitatem</strong></span> <span class='ocrx_word' id='word_1_79' title='bbox 2419 1012 2818 1085; x_wconf 86' lang='lat' dir='ltr'><strong>agnoscimus.</strong></span> 
     </span>
    </p>
   </div>
   <div class='ocr_carea' id='block_1_12' title="bbox 345 1108 1442 1182">
    <p class='ocr_par' dir='ltr' id='par_1_12' title="bbox 345 1108 1442 1182">
     <span class='ocr_line' id='line_1_12' title="bbox 345 1108 1442 1182; baseline -0.002 -17"><span class='ocrx_word' id='word_1_80' title='bbox 345 1126 462 1182; x_wconf 92' lang='lat' dir='ltr'><strong>quo</strong></span> <span class='ocrx_word' id='word_1_81' title='bbox 492 1112 761 1167; x_wconf 86' lang='lat' dir='ltr'><strong>creatura</strong></span> <span class='ocrx_word' id='word_1_82' title='bbox 786 1110 902 1165; x_wconf 89' lang='lat' dir='ltr'><strong>Deo</strong></span> <span class='ocrx_word' id='word_1_83' title='bbox 932 1108 1442 1165; x_wconf 89' lang='lat' dir='ltr'><strong>reconciliabatur.</strong></span> 
     </span>
    </p>
   </div>
   <div class='ocr_carea' id='block_1_13' title="bbox 424 1196 1999 1272">
    <p class='ocr_par' dir='ltr' id='par_1_13' title="bbox 424 1196 1999 1272">
     <span class='ocr_line' id='line_1_13' title="bbox 424 1196 1999 1272; baseline -0.003 -18"><span class='ocrx_word' id='word_1_84' title='bbox 424 1218 448 1249; x_wconf 74' lang='grc' dir='ltr'>ι</span> <span class='ocrx_word' id='word_1_85' title='bbox 478 1199 543 1255; x_wconf 88' lang='lat' dir='ltr'><strong>In</strong></span> <span class='ocrx_word' id='word_1_86' title='bbox 572 1198 806 1272; x_wconf 80' lang='lat' dir='ltr'><strong>epistola</strong></span> <span class='ocrx_word' id='word_1_87' title='bbox 852 1199 922 1255; x_wconf 84' lang='lat' dir='ltr'><strong>de</strong></span> <span class='ocrx_word' id='word_1_88' title='bbox 950 1198 1177 1270; x_wconf 82' lang='lat' dir='ltr'><strong>synodis</strong></span> <span class='ocrx_word' id='word_1_89' title='bbox 1218 1198 1463 1253; x_wconf 79' lang='lat' dir='ltr'><strong>Arimini</strong></span> <span class='ocrx_word' id='word_1_90' title='bbox 1489 1204 1540 1252; x_wconf 81' lang='lat' dir='ltr'><strong>et</strong></span> <span class='ocrx_word' id='word_1_91' title='bbox 1566 1197 1835 1253; x_wconf 63' lang='lat' dir='ltr'><strong>Seleucia?</strong></span> <span class='ocrx_word' id='word_1_92' title='bbox 1861 1196 1999 1251; x_wconf 85' lang='lat' dir='ltr'><strong>cele-</strong></span> 
     </span>
    </p>
   </div>
   <div class='ocr_carea' id='block_1_14' title="bbox 350 1282 1999 1362">
    <p class='ocr_par' dir='ltr' id='par_1_14' title="bbox 350 1282 1999 1362">
     <span class='ocr_line' id='line_1_14' title="bbox 350 1282 1999 1362; baseline -0.004 -18"><span class='ocrx_word' id='word_1_93' title='bbox 350 1288 517 1346; x_wconf 81' lang='lat' dir='ltr'><strong>brutis</strong></span> <span class='ocrx_word' id='word_1_94' title='bbox 547 1289 649 1362; x_wconf 89' lang='lat' dir='ltr'><strong>(a),</strong></span> <span class='ocrx_word' id='word_1_95' title='bbox 709 1289 1046 1345; x_wconf 76' lang='lat' dir='ltr'><strong>Athanasius</strong></span> <span class='ocrx_word' id='word_1_96' title='bbox 1076 1307 1096 1346; x_wconf 87' lang='lat'><em>:</em></span> <span class='ocrx_word' id='word_1_97' title='bbox 1128 1287 1291 1362; x_wconf 90' lang='grc' dir='ltr'>Λέγει</span> <span class='ocrx_word' id='word_1_98' title='bbox 1345 1284 1403 1342; x_wconf 74' lang='grc' dir='ltr'><strong>δὲ</strong></span> <span class='ocrx_word' id='word_1_99' title='bbox 1451 1287 1480 1340; x_wconf 99' lang='lat'><strong>6</strong></span> <span class='ocrx_word' id='word_1_100' title='bbox 1529 1286 1676 1357; x_wconf 71' lang='grc' dir='ltr'>Υἱὸς,</span> <span class='ocrx_word' id='word_1_101' title='bbox 1730 1284 1873 1359; x_wconf 87' lang='grc' dir='ltr'><strong>Ἐγὼ</strong></span> <span class='ocrx_word' id='word_1_102' title='bbox 1909 1282 1999 1337; x_wconf 83' lang='grc' dir='ltr'><strong>καὶ</strong></span> 
     </span>
    </p>
   </div>
   <div class='ocr_carea' id='block_1_15' title="bbox 350 1373 2003 1452">
    <p class='ocr_par' dir='ltr' id='par_1_15' title="bbox 350 1373 2003 1452">
     <span class='ocr_line' id='line_1_15' title="bbox 350 1373 2003 1452; baseline -0.003 -20"><span class='ocrx_word' id='word_1_103' title='bbox 350 1377 379 1432; x_wconf 88' lang='lat'><strong>6</strong></span> <span class='ocrx_word' id='word_1_104' title='bbox 437 1378 624 1452; x_wconf 78' lang='grc' dir='ltr'>Πατὴρ</span> <span class='ocrx_word' id='word_1_105' title='bbox 675 1373 730 1432; x_wconf 75' lang='grc' dir='ltr'>ἓν</span> <span class='ocrx_word' id='word_1_106' title='bbox 789 1375 971 1452; x_wconf 77' lang='grc' dir='ltr'>ἐσμεν,</span> <span class='ocrx_word' id='word_1_107' title='bbox 1030 1377 1151 1446; x_wconf 80' lang='grc' dir='ltr'>καὶ,</span> <span class='ocrx_word' id='word_1_108' title='bbox 1216 1377 1273 1429; x_wconf 88' lang='grc' dir='ltr'>Ὁ</span> <span class='ocrx_word' id='word_1_109' title='bbox 1327 1375 1424 1450; x_wconf 69' lang='grc' dir='ltr'>ἐμὲ</span> <span class='ocrx_word' id='word_1_110' title='bbox 1481 1374 1738 1450; x_wconf 73' lang='grc' dir='ltr'>ἑωρακὼς</span> <span class='ocrx_word' id='word_1_111' title='bbox 1797 1373 2003 1450; x_wconf 71' lang='grc' dir='ltr'>ἑώρακε</span> 
     </span>
    </p>
   </div>
   <div class='ocr_carea' id='block_1_16' title="bbox 348 1460 2001 1541">
    <p class='ocr_par' dir='ltr' id='par_1_16' title="bbox 348 1460 2001 1541">
     <span class='ocr_line' id='line_1_16' title="bbox 348 1460 2001 1541; baseline -0.002 -23"><span class='ocrx_word' id='word_1_112' title='bbox 348 1464 441 1519; x_wconf 89' lang='grc' dir='ltr'><strong>τὸν</strong></span> <span class='ocrx_word' id='word_1_113' title='bbox 472 1464 704 1540; x_wconf 87' lang='grc' dir='ltr'>Πατέρα·</span> <span class='ocrx_word' id='word_1_114' title='bbox 738 1467 858 1527; x_wconf 79' lang='grc' dir='ltr'>πῶς</span> <span class='ocrx_word' id='word_1_115' title='bbox 891 1460 973 1518; x_wconf 82' lang='grc' dir='ltr'><strong>δεῖ</strong></span> <span class='ocrx_word' id='word_1_116' title='bbox 1020 1468 1161 1519; x_wconf 82' lang='grc' dir='ltr'>νοεῖν</span> <span class='ocrx_word' id='word_1_117' title='bbox 1197 1462 1394 1526; x_wconf 78' lang='grc' dir='ltr'>ταύτας</span> <span class='ocrx_word' id='word_1_118' title='bbox 1424 1464 1519 1525; x_wconf 78' lang='grc' dir='ltr'>τὰς</span> <span class='ocrx_word' id='word_1_119' title='bbox 1550 1464 1732 1541; x_wconf 75' lang='grc' dir='ltr'>φωνάς</span> <span class='ocrx_word' id='word_1_120' title='bbox 1765 1478 1780 1530; x_wconf 89' lang='lat'><strong>;</strong></span> <span class='ocrx_word' id='word_1_121' title='bbox 1812 1460 1849 1529; x_wconf 71' lang='grc' dir='ltr'><strong>ἢ</strong></span> <span class='ocrx_word' id='word_1_122' title='bbox 1881 1464 2001 1522; x_wconf 82' lang='grc' dir='ltr'><strong>πῶς</strong></span> 
     </span>
    </p>
   </div>
   <div class='ocr_carea' id='block_1_17' title="bbox 353 1548 2005 1627">
    <p class='ocr_par' dir='ltr' id='par_1_17' title="bbox 353 1548 2005 1627">
     <span class='ocr_line' id='line_1_17' title="bbox 353 1548 2005 1627; baseline -0.002 -20"><span class='ocrx_word' id='word_1_123' title='bbox 353 1551 517 1615; x_wconf 74' lang='grc' dir='ltr'>αὐτὰς</span> <span class='ocrx_word' id='word_1_124' title='bbox 549 1548 984 1627; x_wconf 73' lang='grc' dir='ltr'>ἐκλαμϐάνοντες</span> <span class='ocrx_word' id='word_1_125' title='bbox 1042 1554 1287 1626; x_wconf 82' lang='grc' dir='ltr'>σώσομεν</span> <span class='ocrx_word' id='word_1_126' title='bbox 1344 1553 1406 1607; x_wconf 87' lang='grc' dir='ltr'><strong>τὸ</strong></span> <span class='ocrx_word' id='word_1_127' title='bbox 1462 1552 1517 1606; x_wconf 85' lang='grc' dir='ltr'>ἓν</span> <span class='ocrx_word' id='word_1_128' title='bbox 1569 1552 1702 1607; x_wconf 80' lang='grc' dir='ltr'>εἶναι</span> <span class='ocrx_word' id='word_1_129' title='bbox 1748 1552 1839 1606; x_wconf 85' lang='grc' dir='ltr'><strong>τὸν</strong></span> <span class='ocrx_word' id='word_1_130' title='bbox 1899 1556 2005 1605; x_wconf 83' lang='grc' dir='ltr'>Πα-</span> 
     </span>
    </p>
   </div>
   <div class='ocr_carea' id='block_1_18' title="bbox 350 1641 2000 1718">
    <p class='ocr_par' dir='ltr' id='par_1_18' title="bbox 350 1641 2000 1718">
     <span class='ocr_line' id='line_1_18' title="bbox 350 1641 2000 1718; baseline 0 -22"><span class='ocrx_word' id='word_1_131' title='bbox 350 1642 501 1718; x_wconf 82' lang='grc' dir='ltr'>τέρα,</span> <span class='ocrx_word' id='word_1_132' title='bbox 532 1643 620 1697; x_wconf 83' lang='grc' dir='ltr'><strong>καὶ</strong></span> <span class='ocrx_word' id='word_1_133' title='bbox 650 1644 742 1699; x_wconf 85' lang='grc' dir='ltr'><strong>τὸν</strong></span> <span class='ocrx_word' id='word_1_134' title='bbox 774 1642 896 1697; x_wconf 75' lang='grc' dir='ltr'>Υἱόν</span> <span class='ocrx_word' id='word_1_135' title='bbox 922 1660 937 1713; x_wconf 88' lang='grc'><strong>;</strong></span> <span class='ocrx_word' id='word_1_136' title='bbox 968 1645 1220 1701; x_wconf 80' lang='lat' dir='ltr'><strong>Nannius</strong></span> <span class='ocrx_word' id='word_1_137' title='bbox 1244 1662 1263 1700; x_wconf 83' lang='lat'><strong>.‘</strong></span> <span class='ocrx_word' id='word_1_138' title='bbox 1295 1644 1363 1700; x_wconf 86' lang='lat' dir='ltr'><strong>Et</strong></span> <span class='ocrx_word' id='word_1_139' title='bbox 1401 1643 1583 1699; x_wconf 89' lang='lat' dir='ltr'><strong>Filius</strong></span> <span class='ocrx_word' id='word_1_140' title='bbox 1630 1644 1703 1699; x_wconf 90' lang='lat' dir='ltr'><strong>de</strong></span> <span class='ocrx_word' id='word_1_141' title='bbox 1751 1659 1813 1700; x_wconf 90' lang='lat' dir='ltr'><strong>se</strong></span> <span class='ocrx_word' id='word_1_142' title='bbox 1840 1641 2000 1709; x_wconf 85' lang='lat' dir='ltr'><strong>dicit,</strong></span> 
     </span>
    </p>
   </div>
   <div class='ocr_carea' id='block_1_19' title="bbox 2183 1100 3762 1175">
    <p class='ocr_par' dir='ltr' id='par_1_19' title="bbox 2183 1100 3762 1175">
     <span class='ocr_line' id='line_1_19' title="bbox 2183 1100 3762 1175; baseline 0.003 -24"><span class='ocrx_word' id='word_1_143' title='bbox 2183 1123 2211 1151; x_wconf 83' lang='lat'><strong>«</strong></span> <span class='ocrx_word' id='word_1_144' title='bbox 2243 1103 2307 1157; x_wconf 87' lang='lat' dir='ltr'><strong>In</strong></span> <span class='ocrx_word' id='word_1_145' title='bbox 2338 1104 2585 1157; x_wconf 85' lang='lat' dir='ltr'><strong>oratione</strong></span> <span class='ocrx_word' id='word_1_146' title='bbox 2629 1107 2816 1156; x_wconf 76' lang='lat' dir='ltr'><strong>contra</strong></span> <span class='ocrx_word' id='word_1_147' title='bbox 2864 1100 3103 1157; x_wconf 78' lang='lat' dir='ltr'><strong>Sabellii</strong></span> <span class='ocrx_word' id='word_1_148' title='bbox 3147 1101 3401 1173; x_wconf 79' lang='lat' dir='ltr'><strong>gregales</strong></span> <span class='ocrx_word' id='word_1_149' title='bbox 3429 1102 3542 1173; x_wconf 82' lang='lat' dir='ltr'><strong>(f):</strong></span> <span class='ocrx_word' id='word_1_150' title='bbox 3583 1104 3762 1175; x_wconf 83' lang='grc' dir='ltr'>Χωρι-</span> 
     </span>
    </p>
   </div>
   <div class='ocr_carea' id='block_1_20' title="bbox 2114 1185 3762 1263">
    <p class='ocr_par' dir='ltr' id='par_1_20' title="bbox 2114 1185 3762 1263">
     <span class='ocr_line' id='line_1_20' title="bbox 2114 1185 3762 1263; baseline 0.001 -20"><span class='ocrx_word' id='word_1_151' title='bbox 2114 1190 2313 1262; x_wconf 81' lang='grc' dir='ltr'>ζόμεθά</span> <span class='ocrx_word' id='word_1_152' title='bbox 2357 1209 2417 1242; x_wconf 87' lang='grc' dir='ltr'><strong>τε</strong></span> <span class='ocrx_word' id='word_1_153' title='bbox 2464 1188 2552 1242; x_wconf 81' lang='grc' dir='ltr'><strong>καὶ</strong></span> <span class='ocrx_word' id='word_1_154' title='bbox 2611 1193 2718 1242; x_wconf 80' lang='grc' dir='ltr'><strong>τῶν</strong></span> <span class='ocrx_word' id='word_1_155' title='bbox 2755 1185 3159 1259; x_wconf 79' lang='grc' dir='ltr'>ἰουὸαϊζόντων,</span> <span class='ocrx_word' id='word_1_156' title='bbox 3208 1188 3301 1243; x_wconf 86' lang='grc' dir='ltr'><strong>καὶ</strong></span> <span class='ocrx_word' id='word_1_157' title='bbox 3329 1189 3419 1244; x_wconf 87' lang='grc' dir='ltr'><strong>τὸν</strong></span> <span class='ocrx_word' id='word_1_158' title='bbox 3451 1194 3762 1263; x_wconf 86' lang='grc' dir='ltr'>Χριστιανι-</span> 
     </span>
    </p>
   </div>
   <div class='ocr_carea' id='block_1_21' title="bbox 2112 1275 3763 1355">
    <p class='ocr_par' dir='ltr' id='par_1_21' title="bbox 2112 1275 3763 1355">
     <span class='ocr_line' id='line_1_21' title="bbox 2112 1275 3763 1355; baseline 0.001 -23"><span class='ocrx_word' id='word_1_159' title='bbox 2112 1279 2246 1352; x_wconf 87' lang='grc' dir='ltr'>σμὸν</span> <span class='ocrx_word' id='word_1_160' title='bbox 2279 1278 2331 1333; x_wconf 84' lang='grc' dir='ltr'><strong>έν</strong></span> <span class='ocrx_word' id='word_1_161' title='bbox 2392 1275 2718 1350; x_wconf 83' lang='grc' dir='ltr'>Ἰουδαϊσμῷ</span> <span class='ocrx_word' id='word_1_162' title='bbox 2764 1277 3262 1355; x_wconf 72' lang='grc' dir='ltr'>παραφθειρόντων,</span> <span class='ocrx_word' id='word_1_163' title='bbox 3313 1279 3366 1333; x_wconf 78' lang='grc' dir='ltr'>οἱ</span> <span class='ocrx_word' id='word_1_164' title='bbox 3410 1279 3502 1333; x_wconf 90' lang='grc' dir='ltr'><strong>τὸν</strong></span> <span class='ocrx_word' id='word_1_165' title='bbox 3554 1277 3614 1334; x_wconf 82' lang='grc' dir='ltr'><strong>ἐκ</strong></span> <span class='ocrx_word' id='word_1_166' title='bbox 3664 1281 3763 1334; x_wconf 78' lang='grc' dir='ltr'><strong>τοῦ</strong></span> 
     </span>
    </p>
   </div>
   <div class='ocr_carea' id='block_1_22' title="bbox 2111 1364 3763 1443">
    <p class='ocr_par' dir='ltr' id='par_1_22' title="bbox 2111 1364 3763 1443">
     <span class='ocr_line' id='line_1_22' title="bbox 2111 1364 3763 1443; baseline 0 -20"><span class='ocrx_word' id='word_1_167' title='bbox 2111 1372 2244 1423; x_wconf 74' lang='grc' dir='ltr'>Θεοῦ</span> <span class='ocrx_word' id='word_1_168' title='bbox 2294 1368 2419 1423; x_wconf 85' lang='grc' dir='ltr'>Θεὸν</span> <span class='ocrx_word' id='word_1_169' title='bbox 2488 1365 2809 1443; x_wconf 71' lang='grc' dir='ltr'>ἀρνούμενοι</span> <span class='ocrx_word' id='word_1_170' title='bbox 2858 1367 2984 1422; x_wconf 84' lang='grc' dir='ltr'>Θεὸν</span> <span class='ocrx_word' id='word_1_171' title='bbox 3032 1364 3127 1422; x_wconf 69' lang='grc' dir='ltr'><strong>ἕνα</strong></span> <span class='ocrx_word' id='word_1_172' title='bbox 3178 1366 3580 1443; x_wconf 86' lang='grc' dir='ltr'><strong>παραπλησίως</strong></span> <span class='ocrx_word' id='word_1_173' title='bbox 3631 1374 3763 1424; x_wconf 88' lang='grc' dir='ltr'>Ἰου-</span> 
     </span>
    </p>
   </div>
   <div class='ocr_carea' id='block_1_23' title="bbox 2113 1454 3763 1532">
    <p class='ocr_par' dir='ltr' id='par_1_23' title="bbox 2113 1454 3763 1532">
     <span class='ocr_line' id='line_1_23' title="bbox 2113 1454 3763 1532; baseline 0.001 -20"><span class='ocrx_word' id='word_1_174' title='bbox 2113 1455 2286 1519; x_wconf 81' lang='grc' dir='ltr'>δαίοις</span> <span class='ocrx_word' id='word_1_175' title='bbox 2337 1454 2610 1532; x_wconf 69' lang='grc' dir='ltr'>λέγουσιν,</span> <span class='ocrx_word' id='word_1_176' title='bbox 2662 1456 2765 1531; x_wconf 68' lang='grc' dir='ltr'><strong>οὐχ</strong></span> <span class='ocrx_word' id='word_1_177' title='bbox 2818 1456 2900 1510; x_wconf 78' lang='grc' dir='ltr'><strong>ὅτι</strong></span> <span class='ocrx_word' id='word_1_178' title='bbox 2952 1456 3115 1529; x_wconf 84' lang='grc' dir='ltr'>μόνος</span> <span class='ocrx_word' id='word_1_179' title='bbox 3147 1458 3432 1532; x_wconf 72' lang='grc' dir='ltr'>ἀγένητος,</span> <span class='ocrx_word' id='word_1_180' title='bbox 3462 1457 3553 1512; x_wconf 86' lang='grc' dir='ltr'><strong>καὶ</strong></span> <span class='ocrx_word' id='word_1_181' title='bbox 3597 1457 3763 1531; x_wconf 85' lang='grc' dir='ltr'>μόνος</span> 
     </span>
    </p>
   </div>
   <div class='ocr_carea' id='block_1_24' title="bbox 2111 1543 3762 1623">
    <p class='ocr_par' dir='ltr' id='par_1_24' title="bbox 2111 1543 3762 1623">
     <span class='ocr_line' id='line_1_24' title="bbox 2111 1543 3762 1623; baseline 0.001 -22"><span class='ocrx_word' id='word_1_182' title='bbox 2111 1548 2266 1622; x_wconf 81' lang='grc' dir='ltr'>πηγή</span> <span class='ocrx_word' id='word_1_183' title='bbox 2299 1546 2577 1619; x_wconf 65' lang='grc' dir='ltr'><strong>θεότητος9</strong></span> <span class='ocrx_word' id='word_1_184' title='bbox 2611 1543 2699 1600; x_wconf 80' lang='grc' dir='ltr'><strong>διὰ</strong></span> <span class='ocrx_word' id='word_1_185' title='bbox 2726 1550 2888 1601; x_wconf 74' lang='grc' dir='ltr'>τοῦτο</span> <span class='ocrx_word' id='word_1_186' title='bbox 2922 1546 3212 1623; x_wconf 79' lang='grc' dir='ltr'>φάσκοντες</span> <span class='ocrx_word' id='word_1_187' title='bbox 3245 1546 3403 1601; x_wconf 83' lang='grc' dir='ltr'>αὐτὸν</span> <span class='ocrx_word' id='word_1_188' title='bbox 3437 1546 3762 1621; x_wconf 78' lang='grc' dir='ltr'>εἶναιμόνον</span> 
     </span>
    </p>
   </div>
   <div class='ocr_carea' id='block_1_25' title="bbox 2113 1631 3765 1709">
    <p class='ocr_par' dir='ltr' id='par_1_25' title="bbox 2113 1631 3765 1709">
     <span class='ocr_line' id='line_1_25' title="bbox 2113 1631 3765 1709; baseline 0.002 -19"><span class='ocrx_word' id='word_1_189' title='bbox 2113 1637 2263 1707; x_wconf 85' lang='grc' dir='ltr'>Θεὸν,</span> <span class='ocrx_word' id='word_1_190' title='bbox 2298 1633 2421 1690; x_wconf 89' lang='grc' dir='ltr'>ἀλλ’</span> <span class='ocrx_word' id='word_1_191' title='bbox 2451 1636 2527 1698; x_wconf 85' lang='grc' dir='ltr'>ὡς</span> <span class='ocrx_word' id='word_1_192' title='bbox 2560 1634 2752 1709; x_wconf 79' lang='grc' dir='ltr'>ἄγονον</span> <span class='ocrx_word' id='word_1_193' title='bbox 2785 1636 2913 1689; x_wconf 81' lang='grc' dir='ltr'><strong>Υἱοῦ</strong></span> <span class='ocrx_word' id='word_1_194' title='bbox 2942 1634 3032 1689; x_wconf 87' lang='grc' dir='ltr'><strong>καὶ</strong></span> <span class='ocrx_word' id='word_1_195' title='bbox 3077 1631 3337 1709; x_wconf 79' lang='grc' dir='ltr'>ἄκαρπον.</span> <span class='ocrx_word' id='word_1_196' title='bbox 3370 1638 3552 1694; x_wconf 87' lang='lat' dir='ltr'><strong>Nann.</strong></span> <span class='ocrx_word' id='word_1_197' title='bbox 3587 1654 3600 1693; x_wconf 87' lang='lat'>:</span> <span class='ocrx_word' id='word_1_198' title='bbox 3635 1638 3765 1694; x_wconf 86' lang='lat' dir='ltr'><strong>Dis-</strong></span> 
     </span>
    </p>
   </div>
   <div class='ocr_carea' id='block_1_26' title="bbox 350 1725 3765 1803">
    <p class='ocr_par' dir='ltr' id='par_1_26' title="bbox 350 1725 3765 1803">
     <span class='ocr_line' id='line_1_26' title="bbox 350 1725 3765 1803; baseline -0.002 -15"><span class='ocrx_word' id='word_1_199' title='bbox 350 1734 462 1803; x_wconf 89' lang='lat' dir='ltr'><strong>Ego</strong></span> <span class='ocrx_word' id='word_1_200' title='bbox 492 1737 545 1788; x_wconf 89' lang='lat' dir='ltr'><strong>et</strong></span> <span class='ocrx_word' id='word_1_201' title='bbox 592 1739 760 1789; x_wconf 80' lang='lat' dir='ltr'><strong>Pater</strong></span> <span class='ocrx_word' id='word_1_202' title='bbox 806 1749 981 1788; x_wconf 86' lang='lat' dir='ltr'><strong>unum</strong></span> <span class='ocrx_word' id='word_1_203' title='bbox 1031 1750 1261 1796; x_wconf 84' lang='lat' dir='ltr'><strong>sumus;</strong></span> <span class='ocrx_word' id='word_1_204' title='bbox 1293 1736 1371 1800; x_wconf 89' lang='lat' dir='ltr'><strong>et,</strong></span> <span class='ocrx_word' id='word_1_205' title='bbox 1404 1733 1510 1801; x_wconf 87' lang='lat' dir='ltr'><strong>Qui</strong></span> <span class='ocrx_word' id='word_1_206' title='bbox 1552 1732 1691 1789; x_wconf 77' lang='lat' dir='ltr'><strong>vidit</strong></span> <span class='ocrx_word' id='word_1_207' title='bbox 1727 1748 1836 1800; x_wconf 88' lang='lat' dir='ltr'><strong>me,</strong></span> <span class='ocrx_word' id='word_1_208' title='bbox 1866 1730 2005 1786; x_wconf 80' lang='lat' dir='ltr'><strong>vidit</strong></span> <span class='ocrx_word' id='word_1_209' title='bbox 2104 1727 2418 1799; x_wconf 88' lang='lat' dir='ltr'><strong>jungimur</strong></span> <span class='ocrx_word' id='word_1_210' title='bbox 2448 1743 2686 1799; x_wconf 92' lang='lat' dir='ltr'><strong>quoque</strong></span> <span class='ocrx_word' id='word_1_211' title='bbox 2725 1743 2758 1781; x_wconf 91' lang='lat' dir='ltr'><strong>a</strong></span> <span class='ocrx_word' id='word_1_212' title='bbox 2780 1726 3244 1797; x_wconf 86' lang='lat' dir='ltr'><strong>judaizantibus,</strong></span> <span class='ocrx_word' id='word_1_213' title='bbox 3277 1726 3378 1798; x_wconf 92' lang='lat' dir='ltr'><strong>qui</strong></span> <span class='ocrx_word' id='word_1_214' title='bbox 3417 1725 3765 1783; x_wconf 88' lang='lat' dir='ltr'><strong>Christiani-</strong></span> 
     </span>
    </p>
   </div>
   <div class='ocr_carea' id='block_1_27' title="bbox 349 1820 2003 1885">
    <p class='ocr_par' dir='ltr' id='par_1_27' title="bbox 349 1820 2003 1885">
     <span class='ocr_line' id='line_1_27' title="bbox 349 1820 2003 1885; baseline -0.001 -8"><span class='ocrx_word' id='word_1_215' title='bbox 349 1825 402 1877; x_wconf 83' lang='lat' dir='ltr'><strong>et</strong></span> <span class='ocrx_word' id='word_1_216' title='bbox 430 1826 656 1878; x_wconf 78' lang='lat' dir='ltr'><strong>Patrem</strong></span> <span class='ocrx_word' id='word_1_217' title='bbox 684 1838 885 1878; x_wconf 86' lang='lat' dir='ltr'><strong>meum.</strong></span> <span class='ocrx_word' id='word_1_218' title='bbox 922 1823 1071 1885; x_wconf 90' lang='lat' dir='ltr'><strong>Quid</strong></span> <span class='ocrx_word' id='word_1_219' title='bbox 1100 1822 1171 1878; x_wconf 91' lang='lat' dir='ltr'><strong>de</strong></span> <span class='ocrx_word' id='word_1_220' title='bbox 1195 1821 1326 1878; x_wconf 83' lang='lat' dir='ltr'><strong>istis</strong></span> <span class='ocrx_word' id='word_1_221' title='bbox 1351 1822 1593 1878; x_wconf 88' lang='lat' dir='ltr'><strong>vocibus</strong></span> <span class='ocrx_word' id='word_1_222' title='bbox 1628 1820 2003 1878; x_wconf 89' lang='lat' dir='ltr'><strong>sentiendum</strong></span> 
     </span>
    </p>
   </div>
   <div class='ocr_carea' id='block_1_28' title="bbox 350 1909 2003 1984">
    <p class='ocr_par' dir='ltr' id='par_1_28' title="bbox 350 1909 2003 1984">
     <span class='ocr_line' id='line_1_28' title="bbox 350 1909 2003 1984; baseline -0.002 -17"><span class='ocrx_word' id='word_1_223' title='bbox 350 1911 485 1967; x_wconf 81' lang='lat' dir='ltr'><strong>est?</strong></span> <span class='ocrx_word' id='word_1_224' title='bbox 515 1916 615 1966; x_wconf 90' lang='lat' dir='ltr'><strong>aut</strong></span> <span class='ocrx_word' id='word_1_225' title='bbox 634 1912 692 1966; x_wconf 90' lang='lat' dir='ltr'><strong>in</strong></span> <span class='ocrx_word' id='word_1_226' title='bbox 725 1928 899 1984; x_wconf 88' lang='lat' dir='ltr'><strong>quem</strong></span> <span class='ocrx_word' id='word_1_227' title='bbox 922 1910 1319 1983; x_wconf 85' lang='lat' dir='ltr'><strong>signiﬁcatum</strong></span> <span class='ocrx_word' id='word_1_228' title='bbox 1352 1928 1452 1967; x_wconf 91' lang='lat' dir='ltr'><strong>eas</strong></span> <span class='ocrx_word' id='word_1_229' title='bbox 1474 1910 1826 1983; x_wconf 83' lang='lat' dir='ltr'><strong>accipientes</strong></span> <span class='ocrx_word' id='word_1_230' title='bbox 1850 1909 2003 1964; x_wconf 91' lang='lat' dir='ltr'><strong>tueri</strong></span> 
     </span>
    </p>
   </div>
   <div class='ocr_carea' id='block_1_29' title="bbox 2114 1815 3764 1887">
    <p class='ocr_par' dir='ltr' id='par_1_29' title="bbox 2114 1815 3764 1887">
     <span class='ocr_line' id='line_1_29' title="bbox 2114 1815 3764 1887; baseline -0.001 -15"><span class='ocrx_word' id='word_1_231' title='bbox 2114 1833 2310 1872; x_wconf 90' lang='lat' dir='ltr'><strong>smum</strong></span> <span class='ocrx_word' id='word_1_232' title='bbox 2334 1816 2393 1871; x_wconf 91' lang='lat' dir='ltr'><strong>in</strong></span> <span class='ocrx_word' id='word_1_233' title='bbox 2410 1815 2787 1871; x_wconf 90' lang='lat' dir='ltr'><strong>Judaismum</strong></span> <span class='ocrx_word' id='word_1_234' title='bbox 2802 1816 3121 1887; x_wconf 89' lang='lat' dir='ltr'><strong>depravant</strong></span> <span class='ocrx_word' id='word_1_235' title='bbox 3142 1834 3153 1883; x_wconf 92' lang='lat'>;</span> <span class='ocrx_word' id='word_1_236' title='bbox 3172 1820 3230 1871; x_wconf 92' lang='lat' dir='ltr'><strong>et</strong></span> <span class='ocrx_word' id='word_1_237' title='bbox 3249 1816 3320 1870; x_wconf 90' lang='lat' dir='ltr'><strong>ab</strong></span> <span class='ocrx_word' id='word_1_238' title='bbox 3342 1815 3436 1887; x_wconf 88' lang='lat' dir='ltr'><strong>iis,</strong></span> <span class='ocrx_word' id='word_1_239' title='bbox 3454 1815 3555 1885; x_wconf 91' lang='lat' dir='ltr'><strong>qui</strong></span> <span class='ocrx_word' id='word_1_240' title='bbox 3578 1815 3764 1871; x_wconf 90' lang='lat' dir='ltr'><strong>Deum</strong></span> 
     </span>
    </p>
   </div>
   <div class='ocr_carea' id='block_1_30' title="bbox 2115 1904 3767 1961">
    <p class='ocr_par' dir='ltr' id='par_1_30' title="bbox 2115 1904 3767 1961">
     <span class='ocr_line' id='line_1_30' title="bbox 2115 1904 3767 1961; baseline 0.001 -1"><span class='ocrx_word' id='word_1_241' title='bbox 2115 1922 2183 1960; x_wconf 78' lang='lat' dir='ltr'><strong>ex</strong></span> <span class='ocrx_word' id='word_1_242' title='bbox 2234 1907 2345 1961; x_wconf 92' lang='lat' dir='ltr'><strong>Deo</strong></span> <span class='ocrx_word' id='word_1_243' title='bbox 2390 1906 2718 1961; x_wconf 86' lang='lat' dir='ltr'><strong>inﬁciantes</strong></span> <span class='ocrx_word' id='word_1_244' title='bbox 2768 1905 2954 1960; x_wconf 90' lang='lat' dir='ltr'><strong>Deum</strong></span> <span class='ocrx_word' id='word_1_245' title='bbox 3002 1921 3185 1959; x_wconf 90' lang='lat' dir='ltr'><strong>unum</strong></span> <span class='ocrx_word' id='word_1_246' title='bbox 3234 1904 3439 1960; x_wconf 90' lang='lat' dir='ltr'><strong>itidem</strong></span> <span class='ocrx_word' id='word_1_247' title='bbox 3471 1910 3536 1961; x_wconf 92' lang='lat' dir='ltr'><strong>ut</strong></span> <span class='ocrx_word' id='word_1_248' title='bbox 3578 1904 3767 1961; x_wconf 62' lang='lat' dir='ltr'><strong>Judai</strong></span> 
     </span>
    </p>
   </div>
   <div class='ocr_carea' id='block_1_31' title="bbox 346 1993 3769 2091">
    <p class='ocr_par' dir='ltr' id='par_1_31' title="bbox 346 1993 3769 2091">
     <span class='ocr_line' id='line_1_31' title="bbox 346 1993 3769 2091; baseline -0.001 -37"><span class='ocrx_word' id='word_1_249' title='bbox 346 2015 684 2071; x_wconf 84' lang='lat' dir='ltr'><strong>possumus,</strong></span> <span class='ocrx_word' id='word_1_250' title='bbox 719 2004 783 2055; x_wconf 92' lang='lat' dir='ltr'><strong>ut</strong></span> <span class='ocrx_word' id='word_1_251' title='bbox 814 2000 982 2054; x_wconf 90' lang='lat' dir='ltr'><strong>Pater</strong></span> <span class='ocrx_word' id='word_1_252' title='bbox 1004 2004 1062 2055; x_wconf 92' lang='lat' dir='ltr'><strong>et</strong></span> <span class='ocrx_word' id='word_1_253' title='bbox 1091 1999 1271 2056; x_wconf 87' lang='lat' dir='ltr'><strong>Filius</strong></span> <span class='ocrx_word' id='word_1_254' title='bbox 1293 2016 1449 2055; x_wconf 87' lang='lat' dir='ltr'><strong>unus</strong></span> <span class='ocrx_word' id='word_1_255' title='bbox 1472 1999 1806 2055; x_wconf 87' lang='lat' dir='ltr'><strong>habeantur</strong></span> <span class='ocrx_word' id='word_1_256' title='bbox 1823 1998 1850 2053; x_wconf 76' lang='lat' dir='ltr'><strong>‘P</strong></span> <span class='ocrx_word' id='word_1_257' title='bbox 1878 2000 2003 2055; x_wconf 86' lang='lat' dir='ltr'><strong>Ver-</strong></span> <span class='ocrx_word' id='word_1_258' title='bbox 2035 2026 2083 2091; x_wconf 85' lang='lat' dir='ltr'><strong>B</strong></span> <span class='ocrx_word' id='word_1_259' title='bbox 2118 1995 2459 2091; x_wconf 60' lang='lat' dir='ltr'><strong>praedicant,</strong></span> <span class='ocrx_word' id='word_1_260' title='bbox 2482 1994 2701 2091; x_wconf 76' lang='lat' dir='ltr'><strong>quique</strong></span> <span class='ocrx_word' id='word_1_261' title='bbox 2722 2012 2838 2091; x_wconf 77' lang='lat' dir='ltr'><strong>non</strong></span> <span class='ocrx_word' id='word_1_262' title='bbox 2861 1994 2991 2091; x_wconf 81' lang='lat' dir='ltr'><strong>ideo</strong></span> <span class='ocrx_word' id='word_1_263' title='bbox 3012 1995 3165 2065; x_wconf 90' lang='lat' dir='ltr'><strong>quod</strong></span> <span class='ocrx_word' id='word_1_264' title='bbox 3188 1993 3348 2050; x_wconf 89' lang='lat' dir='ltr'><strong>solus</strong></span> <span class='ocrx_word' id='word_1_265' title='bbox 3374 1993 3451 2091; x_wconf 79' lang='lat' dir='ltr'><strong>sit</strong></span> <span class='ocrx_word' id='word_1_266' title='bbox 3471 1994 3769 2091; x_wconf 70' lang='lat' dir='ltr'><strong>increatus</strong></span> 
     </span>
    </p>
   </div>
   <div class='ocr_carea' id='block_1_32' title="bbox 347 2087 1819 2144">
    <p class='ocr_par' dir='ltr' id='par_1_32' title="bbox 347 2087 1819 2144">
     <span class='ocr_line' id='line_1_32' title="bbox 347 2087 1819 2144; baseline -0.001 -1"><span class='ocrx_word' id='word_1_267' title='bbox 347 2088 573 2143; x_wconf 85' lang='lat' dir='ltr'><strong>tendum</strong></span> <span class='ocrx_word' id='word_1_268' title='bbox 601 2106 620 2143; x_wconf 90' lang='lat'><strong><em>:</em></strong></span> <span class='ocrx_word' id='word_1_269' title='bbox 653 2092 718 2143; x_wconf 89' lang='lat' dir='ltr'><strong>ut</strong></span> <span class='ocrx_word' id='word_1_270' title='bbox 750 2088 919 2144; x_wconf 89' lang='lat' dir='ltr'><strong>Pater</strong></span> <span class='ocrx_word' id='word_1_271' title='bbox 948 2092 1006 2143; x_wconf 90' lang='lat' dir='ltr'><strong>et</strong></span> <span class='ocrx_word' id='word_1_272' title='bbox 1035 2087 1217 2143; x_wconf 89' lang='lat' dir='ltr'><strong>Filius</strong></span> <span class='ocrx_word' id='word_1_273' title='bbox 1248 2105 1434 2144; x_wconf 90' lang='lat' dir='ltr'><strong>unum</strong></span> <span class='ocrx_word' id='word_1_274' title='bbox 1467 2088 1819 2144; x_wconf 87' lang='lat' dir='ltr'><strong>habeantur.</strong></span> 
     </span>
    </p>
   </div>
   <div class='ocr_carea' id='block_1_33' title="bbox 422 2172 2002 2250">
    <p class='ocr_par' dir='ltr' id='par_1_33' title="bbox 422 2172 2002 2250">
     <span class='ocr_line' id='line_1_33' title="bbox 422 2172 2002 2250; baseline -0.003 -17"><span class='ocrx_word' id='word_1_275' title='bbox 422 2198 452 2227; x_wconf 91' lang='grc'><strong>‹‹</strong></span> <span class='ocrx_word' id='word_1_276' title='bbox 482 2179 546 2233; x_wconf 90' lang='lat' dir='ltr'><strong>In</strong></span> <span class='ocrx_word' id='word_1_277' title='bbox 574 2178 825 2233; x_wconf 87' lang='lat' dir='ltr'><strong>oratione</strong></span> <span class='ocrx_word' id='word_1_278' title='bbox 852 2179 888 2232; x_wconf 88' lang='lat'>5</span> <span class='ocrx_word' id='word_1_279' title='bbox 916 2180 1109 2234; x_wconf 83' lang='lat' dir='ltr'><strong>contra</strong></span> <span class='ocrx_word' id='word_1_280' title='bbox 1138 2179 1372 2234; x_wconf 85' lang='lat' dir='ltr'><strong>Arianos</strong></span> <span class='ocrx_word' id='word_1_281' title='bbox 1404 2177 1481 2250; x_wconf 88' lang='lat' dir='ltr'><strong>(b)</strong></span> <span class='ocrx_word' id='word_1_282' title='bbox 1517 2195 1531 2233; x_wconf 88' lang='lat'><strong>:</strong></span> <span class='ocrx_word' id='word_1_283' title='bbox 1565 2174 1821 2230; x_wconf 82' lang='grc' dir='ltr'>Λείπεται</span> <span class='ocrx_word' id='word_1_284' title='bbox 1855 2172 1921 2245; x_wconf 79' lang='grc' dir='ltr'>δὴ</span> <span class='ocrx_word' id='word_1_285' title='bbox 1950 2173 2002 2246; x_wconf 80' lang='grc' dir='ltr'>ἐξ</span> 
     </span>
    </p>
   </div>
   <div class='ocr_carea' id='block_1_34' title="bbox 2113 2082 3764 2154">
    <p class='ocr_par' dir='ltr' id='par_1_34' title="bbox 2113 2082 3764 2154">
     <span class='ocr_line' id='line_1_34' title="bbox 2113 2082 3764 2154; baseline -0.001 -14"><span class='ocrx_word' id='word_1_286' title='bbox 2113 2089 2169 2140; x_wconf 89' lang='lat' dir='ltr'><strong>et</strong></span> <span class='ocrx_word' id='word_1_287' title='bbox 2199 2083 2360 2139; x_wconf 91' lang='lat' dir='ltr'><strong>solus</strong></span> <span class='ocrx_word' id='word_1_288' title='bbox 2392 2084 2523 2139; x_wconf 86' lang='lat' dir='ltr'><strong>fons</strong></span> <span class='ocrx_word' id='word_1_289' title='bbox 2554 2082 2811 2154; x_wconf 87' lang='lat' dir='ltr'><strong>deitatis,</strong></span> <span class='ocrx_word' id='word_1_290' title='bbox 2845 2083 3037 2138; x_wconf 90' lang='lat' dir='ltr'><strong>solum</strong></span> <span class='ocrx_word' id='word_1_291' title='bbox 3071 2087 3254 2138; x_wconf 89' lang='lat' dir='ltr'><strong>Deum</strong></span> <span class='ocrx_word' id='word_1_292' title='bbox 3286 2083 3626 2152; x_wconf 88' lang='lat' dir='ltr'><strong>nominant;</strong></span> <span class='ocrx_word' id='word_1_293' title='bbox 3661 2083 3764 2139; x_wconf 90' lang='lat' dir='ltr'><strong>sed</strong></span> 
     </span>
    </p>
   </div>
   <div class='ocr_carea' id='block_1_35' title="bbox 2116 2171 3768 2245">
    <p class='ocr_par' dir='ltr' id='par_1_35' title="bbox 2116 2171 3768 2245">
     <span class='ocr_line' id='line_1_35' title="bbox 2116 2171 3768 2245; baseline 0.001 -18"><span class='ocrx_word' id='word_1_294' title='bbox 2116 2173 2256 2245; x_wconf 89' lang='lat' dir='ltr'><strong>quia</strong></span> <span class='ocrx_word' id='word_1_295' title='bbox 2279 2172 2659 2228; x_wconf 82' lang='lat' dir='ltr'><strong>infecundum</strong></span> <span class='ocrx_word' id='word_1_296' title='bbox 2682 2188 2818 2227; x_wconf 91' lang='lat' dir='ltr'><strong>eum</strong></span> <span class='ocrx_word' id='word_1_297' title='bbox 2849 2172 3206 2227; x_wconf 88' lang='lat' dir='ltr'><strong>existimant.</strong></span> <span class='ocrx_word' id='word_1_298' title='bbox 3239 2172 3561 2229; x_wconf 81' lang='lat' dir='ltr'><strong>Vertendum</strong></span> <span class='ocrx_word' id='word_1_299' title='bbox 3589 2190 3611 2228; x_wconf 89' lang='grc'><strong>.·</strong></span> <span class='ocrx_word' id='word_1_300' title='bbox 3644 2171 3768 2229; x_wconf 90' lang='lat' dir='ltr'><strong>Dis-</strong></span> 
     </span>
    </p>
   </div>
   <div class='ocr_carea' id='block_1_36' title="bbox 347 2260 2008 2339">
    <p class='ocr_par' dir='ltr' id='par_1_36' title="bbox 347 2261 1999 2339">
     <span class='ocr_line' id='line_1_36' title="bbox 347 2261 1999 2339; baseline 0 -21"><span class='ocrx_word' id='word_1_301' title='bbox 347 2262 512 2319; x_wconf 80' lang='grc' dir='ltr'>αὐτοῦ</span> <span class='ocrx_word' id='word_1_302' title='bbox 549 2269 647 2319; x_wconf 73' lang='grc' dir='ltr'>τοῦ</span> <span class='ocrx_word' id='word_1_303' title='bbox 680 2269 812 2320; x_wconf 75' lang='grc' dir='ltr'>Θεοῦ</span> <span class='ocrx_word' id='word_1_304' title='bbox 843 2262 1023 2339; x_wconf 81' lang='grc' dir='ltr'>λέγειν</span> <span class='ocrx_word' id='word_1_305' title='bbox 1055 2264 1207 2319; x_wconf 85' lang='grc' dir='ltr'>αὐτό·</span> <span class='ocrx_word' id='word_1_306' title='bbox 1245 2264 1290 2319; x_wconf 85' lang='grc' dir='ltr'>εἰ</span> <span class='ocrx_word' id='word_1_307' title='bbox 1317 2262 1375 2319; x_wconf 77' lang='grc' dir='ltr'><strong>δὲ</strong></span> <span class='ocrx_word' id='word_1_308' title='bbox 1420 2268 1604 2331; x_wconf 77' lang='grc' dir='ltr'>τοῦτο,</span> <span class='ocrx_word' id='word_1_309' title='bbox 1639 2262 1780 2319; x_wconf 77' lang='grc' dir='ltr'>ἄλλο</span> <span class='ocrx_word' id='word_1_310' title='bbox 1812 2263 1873 2320; x_wconf 78' lang='grc' dir='ltr'><strong>ἂν</strong></span> <span class='ocrx_word' id='word_1_311' title='bbox 1916 2261 1999 2333; x_wconf 82' lang='grc' dir='ltr'><strong>εἷή</strong></span> 
     </span>
    </p>
   </div>
   <div class='ocr_carea' id='block_1_37' title="bbox 2127 2260 3769 2339">
    <p class='ocr_par' dir='ltr' id='par_1_37' title="bbox 2127 2260 3769 2334">
     <span class='ocr_line' id='line_1_37' title="bbox 2127 2260 3769 2334; baseline 0 -17"><span class='ocrx_word' id='word_1_312' title='bbox 2127 2262 2422 2334; x_wconf 58' lang='lat' dir='ltr'><strong>iungimur</strong></span> <span class='ocrx_word' id='word_1_313' title='bbox 2434 2277 2669 2333; x_wconf 88' lang='lat' dir='ltr'><strong>quoque</strong></span> <span class='ocrx_word' id='word_1_314' title='bbox 2682 2260 3162 2331; x_wconf 87' lang='lat' dir='ltr'><strong>ajudaizantibus</strong></span> <span class='ocrx_word' id='word_1_315' title='bbox 3176 2265 3232 2316; x_wconf 90' lang='lat' dir='ltr'><strong>et</strong></span> <span class='ocrx_word' id='word_1_316' title='bbox 3251 2261 3769 2318; x_wconf 87' lang='lat' dir='ltr'><strong>Christianismum</strong></span> 
     </span>
    </p>
   </div>
   <div class='ocr_carea' id='block_1_38' title="bbox 348 2348 2003 2428">
    <p class='ocr_par' dir='ltr' id='par_1_38' title="bbox 348 2348 2003 2428">
     <span class='ocr_line' id='line_1_38' title="bbox 348 2348 2003 2428; baseline 0.002 -21"><span class='ocrx_word' id='word_1_317' title='bbox 348 2353 410 2407; x_wconf 90' lang='grc' dir='ltr'><strong>τὸ</strong></span> <span class='ocrx_word' id='word_1_318' title='bbox 451 2348 511 2409; x_wconf 80' lang='grc' dir='ltr'><strong>ἔκ</strong></span> <span class='ocrx_word' id='word_1_319' title='bbox 535 2374 704 2428; x_wconf 82' lang='grc' dir='ltr'>τινος,</span> <span class='ocrx_word' id='word_1_320' title='bbox 736 2354 826 2409; x_wconf 79' lang='grc' dir='ltr'><strong>καὶ</strong></span> <span class='ocrx_word' id='word_1_321' title='bbox 857 2351 999 2409; x_wconf 80' lang='grc' dir='ltr'>ἄλλο</span> <span class='ocrx_word' id='word_1_322' title='bbox 1028 2354 1090 2409; x_wconf 89' lang='grc' dir='ltr'><strong>τὸ</strong></span> <span class='ocrx_word' id='word_1_323' title='bbox 1136 2353 1187 2425; x_wconf 79' lang='grc' dir='ltr'><strong>ἐξ</strong></span> <span class='ocrx_word' id='word_1_324' title='bbox 1227 2355 1289 2408; x_wconf 79' lang='grc' dir='ltr'>οὗ</span> <span class='ocrx_word' id='word_1_325' title='bbox 1323 2352 1486 2410; x_wconf 82' lang='grc' dir='ltr'>ἐστιν.</span> <span class='ocrx_word' id='word_1_326' title='bbox 1517 2357 1768 2412; x_wconf 81' lang='lat' dir='ltr'><strong>Nannius</strong></span> <span class='ocrx_word' id='word_1_327' title='bbox 1798 2374 1817 2411; x_wconf 88' lang='lat'><strong>.&#39;</strong></span> <span class='ocrx_word' id='word_1_328' title='bbox 1851 2355 2003 2411; x_wconf 78' lang='lat' dir='ltr'><strong>Reli-</strong></span> 
     </span>
    </p>
   </div>
   <div class='ocr_carea' id='block_1_39' title="bbox 353 2444 2005 2517">
    <p class='ocr_par' dir='ltr' id='par_1_39' title="bbox 353 2444 2005 2517">
     <span class='ocr_line' id='line_1_39' title="bbox 353 2444 2005 2517; baseline -0.001 -17"><span class='ocrx_word' id='word_1_329' title='bbox 353 2461 538 2516; x_wconf 91' lang='lat' dir='ltr'><strong>quum</strong></span> <span class='ocrx_word' id='word_1_330' title='bbox 571 2445 750 2517; x_wconf 87' lang='lat' dir='ltr'><strong>igitur</strong></span> <span class='ocrx_word' id='word_1_331' title='bbox 781 2448 871 2500; x_wconf 88' lang='lat' dir='ltr'><strong>est</strong></span> <span class='ocrx_word' id='word_1_332' title='bbox 897 2445 1157 2501; x_wconf 88' lang='lat' dir='ltr'><strong>Verbum</strong></span> <span class='ocrx_word' id='word_1_333' title='bbox 1189 2462 1258 2501; x_wconf 87' lang='lat' dir='ltr'><strong>ex</strong></span> <span class='ocrx_word' id='word_1_334' title='bbox 1281 2445 1397 2501; x_wconf 91' lang='lat' dir='ltr'><strong>Deo</strong></span> <span class='ocrx_word' id='word_1_335' title='bbox 1420 2444 1701 2501; x_wconf 88' lang='lat' dir='ltr'><strong>exsistere</strong></span> <span class='ocrx_word' id='word_1_336' title='bbox 1734 2462 1747 2501; x_wconf 92' lang='lat'><strong>:</strong></span> <span class='ocrx_word' id='word_1_337' title='bbox 1782 2445 1936 2516; x_wconf 93' lang='lat' dir='ltr'><strong>quod</strong></span> <span class='ocrx_word' id='word_1_338' title='bbox 1955 2444 2005 2500; x_wconf 90' lang='lat' dir='ltr'><strong>si</strong></span> 
     </span>
    </p>
   </div>
   <div class='ocr_carea' id='block_1_40' title="bbox 352 2532 2003 2605">
    <p class='ocr_par' dir='ltr' id='par_1_40' title="bbox 352 2532 2003 2605">
     <span class='ocr_line' id='line_1_40' title="bbox 352 2532 2003 2605; baseline 0 -16"><span class='ocrx_word' id='word_1_339' title='bbox 352 2534 662 2602; x_wconf 86' lang='lat' dir='ltr'><strong>concedas,</strong></span> <span class='ocrx_word' id='word_1_340' title='bbox 695 2532 854 2589; x_wconf 90' lang='lat' dir='ltr'><strong>aliud</strong></span> <span class='ocrx_word' id='word_1_341' title='bbox 887 2532 1045 2588; x_wconf 91' lang='lat' dir='ltr'><strong>haud</strong></span> <span class='ocrx_word' id='word_1_342' title='bbox 1076 2533 1252 2588; x_wconf 90' lang='lat' dir='ltr'><strong>dubie</strong></span> <span class='ocrx_word' id='word_1_343' title='bbox 1284 2532 1477 2600; x_wconf 86' lang='lat' dir='ltr'><strong>fuerit,</strong></span> <span class='ocrx_word' id='word_1_344' title='bbox 1510 2534 1664 2605; x_wconf 92' lang='lat' dir='ltr'><strong>quod</strong></span> <span class='ocrx_word' id='word_1_345' title='bbox 1698 2550 1767 2590; x_wconf 83' lang='lat' dir='ltr'><strong>ex</strong></span> <span class='ocrx_word' id='word_1_346' title='bbox 1805 2532 2003 2605; x_wconf 89' lang='lat' dir='ltr'><strong>aliquo</strong></span> 
     </span>
    </p>
   </div>
   <div class='ocr_carea' id='block_1_41' title="bbox 355 2621 2006 2694">
    <p class='ocr_par' dir='ltr' id='par_1_41' title="bbox 355 2621 2006 2694">
     <span class='ocr_line' id='line_1_41' title="bbox 355 2621 2006 2694; baseline 0.001 -17"><span class='ocrx_word' id='word_1_347' title='bbox 355 2626 628 2678; x_wconf 89' lang='lat' dir='ltr'><strong>naturam</strong></span> <span class='ocrx_word' id='word_1_348' title='bbox 659 2621 920 2693; x_wconf 87' lang='lat' dir='ltr'><strong>accepit;</strong></span> <span class='ocrx_word' id='word_1_349' title='bbox 954 2626 1013 2677; x_wconf 87' lang='lat' dir='ltr'><strong>et</strong></span> <span class='ocrx_word' id='word_1_350' title='bbox 1041 2621 1223 2689; x_wconf 91' lang='lat' dir='ltr'><strong>aliud,</strong></span> <span class='ocrx_word' id='word_1_351' title='bbox 1248 2623 1404 2694; x_wconf 85' lang='lat' dir='ltr'><strong>quod</strong></span> <span class='ocrx_word' id='word_1_352' title='bbox 1437 2623 1530 2679; x_wconf 91' lang='lat' dir='ltr'><strong>sui</strong></span> <span class='ocrx_word' id='word_1_353' title='bbox 1563 2624 1807 2679; x_wconf 86' lang='lat' dir='ltr'><strong>alteram</strong></span> <span class='ocrx_word' id='word_1_354' title='bbox 1837 2627 2006 2679; x_wconf 90' lang='lat' dir='ltr'><strong>natu-</strong></span> 
     </span>
    </p>
   </div>
   <div class='ocr_carea' id='block_1_42' title="bbox 353 2710 2005 2785">
    <p class='ocr_par' dir='ltr' id='par_1_42' title="bbox 353 2710 2005 2785">
     <span class='ocr_line' id='line_1_42' title="bbox 353 2710 2005 2785; baseline 0 -18"><span class='ocrx_word' id='word_1_355' title='bbox 353 2728 480 2767; x_wconf 89' lang='lat' dir='ltr'><strong>ram</strong></span> <span class='ocrx_word' id='word_1_356' title='bbox 529 2711 704 2767; x_wconf 90' lang='lat' dir='ltr'><strong>dedit.</strong></span> <span class='ocrx_word' id='word_1_357' title='bbox 740 2711 1064 2767; x_wconf 80' lang='lat' dir='ltr'><strong>Vertendum</strong></span> <span class='ocrx_word' id='word_1_358' title='bbox 1093 2728 1113 2766; x_wconf 92' lang='lat'><strong><em>:</em></strong></span> <span class='ocrx_word' id='word_1_359' title='bbox 1143 2710 1309 2768; x_wconf 91' lang='lat' dir='ltr'><strong>Alius</strong></span> <span class='ocrx_word' id='word_1_360' title='bbox 1338 2710 1534 2780; x_wconf 81' lang='lat' dir='ltr'><strong>fuerit,</strong></span> <span class='ocrx_word' id='word_1_361' title='bbox 1568 2711 1671 2783; x_wconf 90' lang='lat' dir='ltr'><strong>qui</strong></span> <span class='ocrx_word' id='word_1_362' title='bbox 1709 2728 1778 2767; x_wconf 86' lang='lat' dir='ltr'><strong>ex</strong></span> <span class='ocrx_word' id='word_1_363' title='bbox 1810 2711 2005 2785; x_wconf 88' lang='lat' dir='ltr'><strong>aliquo</strong></span> 
     </span>
    </p>
   </div>
   <div class='ocr_carea' id='block_1_43' title="bbox 360 2798 1264 2873">
    <p class='ocr_par' dir='ltr' id='par_1_43' title="bbox 360 2798 1264 2873">
     <span class='ocr_line' id='line_1_43' title="bbox 360 2798 1264 2873; baseline -0.002 -16"><span class='ocrx_word' id='word_1_364' title='bbox 360 2804 452 2857; x_wconf 88' lang='lat' dir='ltr'><strong>est</strong></span> <span class='ocrx_word' id='word_1_365' title='bbox 479 2818 493 2870; x_wconf 92' lang='lat'><strong>;</strong></span> <span class='ocrx_word' id='word_1_366' title='bbox 525 2805 583 2856; x_wconf 90' lang='lat' dir='ltr'><strong>et</strong></span> <span class='ocrx_word' id='word_1_367' title='bbox 612 2800 785 2872; x_wconf 88' lang='lat' dir='ltr'><strong>alius,</strong></span> <span class='ocrx_word' id='word_1_368' title='bbox 818 2818 852 2856; x_wconf 90' lang='lat' dir='ltr'><strong>a</strong></span> <span class='ocrx_word' id='word_1_369' title='bbox 882 2817 998 2873; x_wconf 93' lang='lat' dir='ltr'><strong>quo</strong></span> <span class='ocrx_word' id='word_1_370' title='bbox 1027 2798 1127 2857; x_wconf 88' lang='lat' dir='ltr'><strong>ille</strong></span> <span class='ocrx_word' id='word_1_371' title='bbox 1155 2804 1264 2857; x_wconf 88' lang='lat' dir='ltr'><strong>est.</strong></span> 
     </span>
    </p>
   </div>
   <div class='ocr_carea' id='block_1_44' title="bbox 441 2885 2009 2963">
    <p class='ocr_par' dir='ltr' id='par_1_44' title="bbox 441 2885 2009 2963">
     <span class='ocr_line' id='line_1_44' title="bbox 441 2885 2009 2963; baseline -0.001 -18"><span class='ocrx_word' id='word_1_372' title='bbox 441 2912 470 2940; x_wconf 84' lang='lat'><strong>«</strong></span> <span class='ocrx_word' id='word_1_373' title='bbox 518 2891 584 2946; x_wconf 86' lang='lat' dir='ltr'><strong>In</strong></span> <span class='ocrx_word' id='word_1_374' title='bbox 639 2890 829 2945; x_wconf 88' lang='lat' dir='ltr'><strong>eadem</strong></span> <span class='ocrx_word' id='word_1_375' title='bbox 884 2891 1128 2947; x_wconf 79' lang='lat' dir='ltr'><strong>oratione</strong></span> <span class='ocrx_word' id='word_1_376' title='bbox 1150 2889 1219 2963; x_wconf 76' lang='grc' dir='ltr'><strong>(ο)</strong></span> <span class='ocrx_word' id='word_1_377' title='bbox 1247 2906 1260 2945; x_wconf 88' lang='lat'><strong>:</strong></span> <span class='ocrx_word' id='word_1_378' title='bbox 1292 2889 1356 2944; x_wconf 88' lang='grc' dir='ltr'>Ἡ</span> <span class='ocrx_word' id='word_1_379' title='bbox 1414 2885 1471 2943; x_wconf 76' lang='grc' dir='ltr'><strong>δὲ</strong></span> <span class='ocrx_word' id='word_1_380' title='bbox 1512 2885 1833 2944; x_wconf 85' lang='grc' dir='ltr'>διδασκαλία</span> <span class='ocrx_word' id='word_1_381' title='bbox 1894 2885 2009 2943; x_wconf 79' lang='grc' dir='ltr'>οἶδε</span> 
     </span>
    </p>
   </div>
   <div class='ocr_carea' id='block_1_45' title="bbox 357 2976 2007 3056">
    <p class='ocr_par' dir='ltr' id='par_1_45' title="bbox 357 2976 2007 3056">
     <span class='ocr_line' id='line_1_45' title="bbox 357 2976 2007 3056; baseline 0.001 -24"><span class='ocrx_word' id='word_1_382' title='bbox 357 2977 588 3053; x_wconf 80' lang='grc' dir='ltr'>Πατέρα,</span> <span class='ocrx_word' id='word_1_383' title='bbox 638 2976 729 3031; x_wconf 83' lang='grc' dir='ltr'><strong>καὶ</strong></span> <span class='ocrx_word' id='word_1_384' title='bbox 790 2977 935 3048; x_wconf 72' lang='grc' dir='ltr'>Υἱὸν,</span> <span class='ocrx_word' id='word_1_385' title='bbox 982 2977 1073 3032; x_wconf 83' lang='grc' dir='ltr'><strong>καὶ</strong></span> <span class='ocrx_word' id='word_1_386' title='bbox 1122 2977 1307 3056; x_wconf 78' lang='grc' dir='ltr'>σοφὸν,</span> <span class='ocrx_word' id='word_1_387' title='bbox 1340 2978 1429 3032; x_wconf 84' lang='grc' dir='ltr'><strong>καὶ</strong></span> <span class='ocrx_word' id='word_1_388' title='bbox 1478 2978 1690 3056; x_wconf 74' lang='grc' dir='ltr'>σοφίαν,</span> <span class='ocrx_word' id='word_1_389' title='bbox 1725 2978 1816 3033; x_wconf 85' lang='grc' dir='ltr'><strong>καὶ</strong></span> <span class='ocrx_word' id='word_1_390' title='bbox 1856 2978 2007 3048; x_wconf 85' lang='grc' dir='ltr'>Θεὸν,</span> 
     </span>
    </p>
   </div>
   <div class='ocr_carea' id='block_1_46' title="bbox 353 3063 2008 3145">
    <p class='ocr_par' dir='ltr' id='par_1_46' title="bbox 353 3063 2008 3145">
     <span class='ocr_line' id='line_1_46' title="bbox 353 3063 2008 3145; baseline 0 -23"><span class='ocrx_word' id='word_1_391' title='bbox 353 3067 446 3122; x_wconf 86' lang='grc' dir='ltr'><strong>καὶ</strong></span> <span class='ocrx_word' id='word_1_392' title='bbox 477 3064 675 3141; x_wconf 84' lang='grc' dir='ltr'>Λόγον·</span> <span class='ocrx_word' id='word_1_393' title='bbox 707 3063 946 3122; x_wconf 79' lang='grc' dir='ltr'>καθόλου</span> <span class='ocrx_word' id='word_1_394' title='bbox 983 3068 1076 3140; x_wconf 88' lang='grc' dir='ltr'><strong>μέν</strong></span> <span class='ocrx_word' id='word_1_395' title='bbox 1125 3087 1213 3122; x_wconf 84' lang='grc' dir='ltr'><strong>τοι</strong></span> <span class='ocrx_word' id='word_1_396' title='bbox 1260 3065 1519 3145; x_wconf 74' lang='grc' dir='ltr'><strong>φυλάττει</strong></span> <span class='ocrx_word' id='word_1_397' title='bbox 1568 3065 1870 3143; x_wconf 79' lang='grc' dir='ltr'>ἀδιαίρετον</span> <span class='ocrx_word' id='word_1_398' title='bbox 1918 3067 2008 3123; x_wconf 83' lang='grc' dir='ltr'><strong>καὶ</strong></span> 
     </span>
    </p>
   </div>
   <div class='ocr_carea' id='block_1_47' title="bbox 358 3152 2009 3233">
    <p class='ocr_par' dir='ltr' id='par_1_47' title="bbox 358 3152 2009 3233">
     <span class='ocr_line' id='line_1_47' title="bbox 358 3152 2009 3233; baseline 0.003 -24"><span class='ocrx_word' id='word_1_399' title='bbox 358 3152 739 3229; x_wconf 74' lang='grc' dir='ltr'>ἀδιάσπαστον,</span> <span class='ocrx_word' id='word_1_400' title='bbox 772 3155 863 3210; x_wconf 85' lang='grc' dir='ltr'><strong>καὶ</strong></span> <span class='ocrx_word' id='word_1_401' title='bbox 896 3156 1185 3233; x_wconf 78' lang='grc' dir='ltr'>ἀμέριστον</span> <span class='ocrx_word' id='word_1_402' title='bbox 1218 3157 1355 3211; x_wconf 85' lang='grc' dir='ltr'><strong>κατά</strong></span> <span class='ocrx_word' id='word_1_403' title='bbox 1383 3157 1576 3214; x_wconf 83' lang='grc' dir='ltr'>πάντα.</span> <span class='ocrx_word' id='word_1_404' title='bbox 1618 3163 1803 3217; x_wconf 85' lang='grc' dir='ltr'><strong>Ναηη.</strong></span> <span class='ocrx_word' id='word_1_405' title='bbox 1839 3176 1852 3213; x_wconf 87' lang='lat'><strong>:</strong></span> <span class='ocrx_word' id='word_1_406' title='bbox 1884 3160 2009 3214; x_wconf 83' lang='lat' dir='ltr'><strong>Ad-</strong></span> 
     </span>
    </p>
   </div>
   <div class='ocr_carea' id='block_1_48' title="bbox 359 3246 2009 3319">
    <p class='ocr_par' dir='ltr' id='par_1_48' title="bbox 359 3246 2009 3319">
     <span class='ocr_line' id='line_1_48' title="bbox 359 3246 2009 3319; baseline -0.001 -15"><span class='ocrx_word' id='word_1_407' title='bbox 359 3251 627 3304; x_wconf 88' lang='lat' dir='ltr'><strong>versatur</strong></span> <span class='ocrx_word' id='word_1_408' title='bbox 654 3246 812 3302; x_wconf 89' lang='lat' dir='ltr'><strong>enim</strong></span> <span class='ocrx_word' id='word_1_409' title='bbox 845 3246 984 3303; x_wconf 90' lang='lat' dir='ltr'><strong>huic</strong></span> <span class='ocrx_word' id='word_1_410' title='bbox 1030 3247 1295 3319; x_wconf 90' lang='lat' dir='ltr'><strong>opinioni</strong></span> <span class='ocrx_word' id='word_1_411' title='bbox 1327 3264 1628 3304; x_wconf 88' lang='lat' dir='ltr'><strong>sacrarum</strong></span> <span class='ocrx_word' id='word_1_412' title='bbox 1678 3247 2009 3305; x_wconf 87' lang='lat' dir='ltr'><strong>litterarum</strong></span> 
     </span>
    </p>
   </div>
   <div class='ocr_carea' id='block_1_49' title="bbox 2114 2350 3772 2423">
    <p class='ocr_par' dir='ltr' id='par_1_49' title="bbox 2114 2350 3772 2423">
     <span class='ocr_line' id='line_1_49' title="bbox 2114 2350 3772 2423; baseline 0.002 -18"><span class='ocrx_word' id='word_1_413' title='bbox 2114 2350 2558 2423; x_wconf 89' lang='lat' dir='ltr'><strong>injudaismum</strong></span> <span class='ocrx_word' id='word_1_414' title='bbox 2582 2351 3057 2422; x_wconf 89' lang='lat' dir='ltr'><strong>depravantibus,</strong></span> <span class='ocrx_word' id='word_1_415' title='bbox 3085 2350 3186 2423; x_wconf 89' lang='lat' dir='ltr'><strong>qui</strong></span> <span class='ocrx_word' id='word_1_416' title='bbox 3218 2350 3403 2407; x_wconf 91' lang='lat' dir='ltr'><strong>Deum</strong></span> <span class='ocrx_word' id='word_1_417' title='bbox 3435 2352 3506 2406; x_wconf 89' lang='lat' dir='ltr'><strong>de</strong></span> <span class='ocrx_word' id='word_1_418' title='bbox 3536 2352 3652 2407; x_wconf 92' lang='lat' dir='ltr'><strong>Deo</strong></span> <span class='ocrx_word' id='word_1_419' title='bbox 3676 2368 3772 2408; x_wconf 82' lang='lat' dir='ltr'><strong>ne-</strong></span> 
     </span>
    </p>
   </div>
   <div class='ocr_carea' id='block_1_50' title="bbox 2115 2439 3771 2513">
    <p class='ocr_par' dir='ltr' id='par_1_50' title="bbox 2115 2439 3771 2513">
     <span class='ocr_line' id='line_1_50' title="bbox 2115 2439 3771 2513; baseline 0.001 -17"><span class='ocrx_word' id='word_1_420' title='bbox 2115 2444 2340 2513; x_wconf 89' lang='lat' dir='ltr'><strong>gantes,</strong></span> <span class='ocrx_word' id='word_1_421' title='bbox 2358 2441 2543 2496; x_wconf 91' lang='lat' dir='ltr'><strong>Deum</strong></span> <span class='ocrx_word' id='word_1_422' title='bbox 2566 2457 2751 2495; x_wconf 90' lang='lat' dir='ltr'><strong>unum</strong></span> <span class='ocrx_word' id='word_1_423' title='bbox 2773 2457 2900 2497; x_wconf 89' lang='lat' dir='ltr'><strong>esse</strong></span> <span class='ocrx_word' id='word_1_424' title='bbox 2924 2439 3326 2505; x_wconf 89' lang='lat' dir='ltr'><strong>aiunt,itidem</strong></span> <span class='ocrx_word' id='word_1_425' title='bbox 3352 2444 3417 2496; x_wconf 90' lang='lat' dir='ltr'><strong>ut</strong></span> <span class='ocrx_word' id='word_1_426' title='bbox 3440 2440 3771 2510; x_wconf 65' lang='lat' dir='ltr'><strong>Judieimon</strong></span> 
     </span>
    </p>
   </div>
   <div class='ocr_carea' id='block_1_51' title="bbox 2117 2528 3766 2602">
    <p class='ocr_par' dir='ltr' id='par_1_51' title="bbox 2117 2528 3766 2602">
     <span class='ocr_line' id='line_1_51' title="bbox 2117 2528 3766 2602; baseline 0 -17"><span class='ocrx_word' id='word_1_427' title='bbox 2117 2531 2273 2601; x_wconf 91' lang='lat' dir='ltr'><strong>quod</strong></span> <span class='ocrx_word' id='word_1_428' title='bbox 2305 2529 2467 2587; x_wconf 86' lang='lat' dir='ltr'><strong>solus</strong></span> <span class='ocrx_word' id='word_1_429' title='bbox 2492 2531 2572 2585; x_wconf 88' lang='lat' dir='ltr'><strong>sit</strong></span> <span class='ocrx_word' id='word_1_430' title='bbox 2600 2529 2921 2602; x_wconf 90' lang='lat' dir='ltr'><strong>ingenitus,</strong></span> <span class='ocrx_word' id='word_1_431' title='bbox 2953 2533 3011 2585; x_wconf 89' lang='lat' dir='ltr'><strong>et</strong></span> <span class='ocrx_word' id='word_1_432' title='bbox 3037 2528 3199 2586; x_wconf 90' lang='lat' dir='ltr'><strong>solus</strong></span> <span class='ocrx_word' id='word_1_433' title='bbox 3229 2530 3361 2587; x_wconf 85' lang='lat' dir='ltr'><strong>fons</strong></span> <span class='ocrx_word' id='word_1_434' title='bbox 3390 2529 3647 2600; x_wconf 89' lang='lat' dir='ltr'><strong>deitatis,</strong></span> <span class='ocrx_word' id='word_1_435' title='bbox 3665 2530 3766 2587; x_wconf 90' lang='lat' dir='ltr'><strong>sed</strong></span> 
     </span>
    </p>
   </div>
   <div class='ocr_carea' id='block_1_52' title="bbox 2117 2619 3053 2693">
    <p class='ocr_par' dir='ltr' id='par_1_52' title="bbox 2117 2619 3053 2693">
     <span class='ocr_line' id='line_1_52' title="bbox 2117 2619 3053 2693; baseline 0 -18"><span class='ocrx_word' id='word_1_436' title='bbox 2117 2620 2258 2693; x_wconf 90' lang='lat' dir='ltr'><strong>quia</strong></span> <span class='ocrx_word' id='word_1_437' title='bbox 2287 2619 2644 2676; x_wconf 88' lang='lat' dir='ltr'><strong>fecunditate</strong></span> <span class='ocrx_word' id='word_1_438' title='bbox 2674 2619 2802 2675; x_wconf 90' lang='lat' dir='ltr'><strong>Filii</strong></span> <span class='ocrx_word' id='word_1_439' title='bbox 2838 2623 3053 2676; x_wconf 86' lang='lat' dir='ltr'><strong>careat.</strong></span> 
     </span>
    </p>
   </div>
   <div class='ocr_carea' id='block_1_53' title="bbox 2191 2708 3769 2780">
    <p class='ocr_par' dir='ltr' id='par_1_53' title="bbox 2191 2708 3769 2780">
     <span class='ocr_line' id='line_1_53' title="bbox 2191 2708 3769 2780; baseline 0.004 -21"><span class='ocrx_word' id='word_1_440' title='bbox 2191 2731 2219 2759; x_wconf 82' lang='lat'><strong><em>«</em></strong></span> <span class='ocrx_word' id='word_1_441' title='bbox 2252 2711 2315 2765; x_wconf 91' lang='lat' dir='ltr'><strong>In</strong></span> <span class='ocrx_word' id='word_1_442' title='bbox 2357 2709 2588 2780; x_wconf 86' lang='lat' dir='ltr'><strong>epistola</strong></span> <span class='ocrx_word' id='word_1_443' title='bbox 2633 2708 2699 2766; x_wconf 90' lang='lat' dir='ltr'><strong>de</strong></span> <span class='ocrx_word' id='word_1_444' title='bbox 2744 2711 3019 2765; x_wconf 78' lang='lat' dir='ltr'><strong>sententia</strong></span> <span class='ocrx_word' id='word_1_445' title='bbox 3067 2710 3323 2780; x_wconf 83' lang='lat' dir='ltr'><strong>Dionysii</strong></span> <span class='ocrx_word' id='word_1_446' title='bbox 3368 2718 3559 2765; x_wconf 77' lang='lat' dir='ltr'><strong>contra</strong></span> <span class='ocrx_word' id='word_1_447' title='bbox 3607 2708 3769 2765; x_wconf 82' lang='lat' dir='ltr'><strong>Aria-</strong></span> 
     </span>
    </p>
   </div>
   <div class='ocr_carea' id='block_1_54' title="bbox 2115 2796 3770 2872">
    <p class='ocr_par' dir='ltr' id='par_1_54' title="bbox 2115 2796 3770 2872">
     <span class='ocr_line' id='line_1_54' title="bbox 2115 2796 3770 2872; baseline 0 -19"><span class='ocrx_word' id='word_1_448' title='bbox 2115 2815 2213 2855; x_wconf 88' lang='lat' dir='ltr'><strong>nos</strong></span> <span class='ocrx_word' id='word_1_449' title='bbox 2274 2798 2520 2870; x_wconf 78' lang='grc' dir='ltr'><strong>(9);Μὴ</strong></span> <span class='ocrx_word' id='word_1_450' title='bbox 2580 2798 2683 2872; x_wconf 73' lang='grc' dir='ltr'>γὰρ</span> <span class='ocrx_word' id='word_1_451' title='bbox 2739 2796 2803 2867; x_wconf 78' lang='grc' dir='ltr'><strong>δή</strong></span> <span class='ocrx_word' id='word_1_452' title='bbox 2858 2817 2942 2859; x_wconf 90' lang='grc' dir='ltr'><strong>τις</strong></span> <span class='ocrx_word' id='word_1_453' title='bbox 3002 2797 3280 2872; x_wconf 88' lang='grc' dir='ltr'>Ἀρειανὸς</span> <span class='ocrx_word' id='word_1_454' title='bbox 3344 2798 3418 2871; x_wconf 76' lang='grc' dir='ltr'><strong>μη</strong></span> <span class='ocrx_word' id='word_1_455' title='bbox 3480 2796 3531 2853; x_wconf 83' lang='grc' dir='ltr'><strong>έν</strong></span> <span class='ocrx_word' id='word_1_456' title='bbox 3589 2797 3770 2871; x_wconf 78' lang='grc' dir='ltr'>τούτῳ</span> 
     </span>
    </p>
   </div>
   <div class='ocr_carea' id='block_1_55' title="bbox 2121 2884 3774 2961">
    <p class='ocr_par' dir='ltr' id='par_1_55' title="bbox 2121 2884 3774 2961">
     <span class='ocr_line' id='line_1_55' title="bbox 2121 2884 3774 2961; baseline 0.002 -21"><span class='ocrx_word' id='word_1_457' title='bbox 2121 2885 2419 2941; x_wconf 83' lang='grc' dir='ltr'>ὑπονοείτω</span> <span class='ocrx_word' id='word_1_458' title='bbox 2466 2886 2583 2941; x_wconf 84' lang='grc' dir='ltr'>κατ’</span> <span class='ocrx_word' id='word_1_459' title='bbox 2632 2885 2819 2955; x_wconf 73' lang='grc' dir='ltr'>αὐτοῦ,</span> <span class='ocrx_word' id='word_1_460' title='bbox 2852 2885 2927 2948; x_wconf 85' lang='grc' dir='ltr'>ὡς</span> <span class='ocrx_word' id='word_1_461' title='bbox 2978 2884 3120 2940; x_wconf 74' lang='grc' dir='ltr'>οὕτω</span> <span class='ocrx_word' id='word_1_462' title='bbox 3150 2884 3430 2961; x_wconf 83' lang='grc' dir='ltr'>λέγοντος·</span> <span class='ocrx_word' id='word_1_463' title='bbox 3465 2885 3705 2943; x_wconf 79' lang='grc' dir='ltr'>σύνεστιν</span> <span class='ocrx_word' id='word_1_464' title='bbox 3744 2890 3774 2945; x_wconf 82' lang='grc' dir='ltr'>ὁ</span> 
     </span>
    </p>
   </div>
   <div class='ocr_carea' id='block_1_56' title="bbox 2118 2973 3765 3054">
    <p class='ocr_par' dir='ltr' id='par_1_56' title="bbox 2118 2973 3765 3054">
     <span class='ocr_line' id='line_1_56' title="bbox 2118 2973 3765 3054; baseline 0.002 -26"><span class='ocrx_word' id='word_1_465' title='bbox 2118 2974 2245 3037; x_wconf 75' lang='grc' dir='ltr'>Υἱὸς</span> <span class='ocrx_word' id='word_1_466' title='bbox 2272 2978 2351 3046; x_wconf 79' lang='grc' dir='ltr'>τῷ</span> <span class='ocrx_word' id='word_1_467' title='bbox 2380 2975 2572 3049; x_wconf 75' lang='grc' dir='ltr'>Πατρί,</span> <span class='ocrx_word' id='word_1_468' title='bbox 2605 2974 2766 3037; x_wconf 85' lang='grc' dir='ltr'>ὡςτά</span> <span class='ocrx_word' id='word_1_469' title='bbox 2793 2974 2887 3047; x_wconf 74' lang='grc' dir='ltr'><strong>μὲν</strong></span> <span class='ocrx_word' id='word_1_470' title='bbox 2921 2973 3163 3047; x_wconf 83' lang='grc' dir='ltr'>ὀνόματα</span> <span class='ocrx_word' id='word_1_471' title='bbox 3179 2977 3445 3054; x_wconf 80' lang='grc' dir='ltr'>συνῆφθαι</span> <span class='ocrx_word' id='word_1_472' title='bbox 3467 2974 3765 3051; x_wconf 76' lang='grc' dir='ltr'>ἀλλήλοις,</span> 
     </span>
    </p>
   </div>
   <div class='ocr_carea' id='block_1_57' title="bbox 2117 3061 3765 3140">
    <p class='ocr_par' dir='ltr' id='par_1_57' title="bbox 2117 3061 3765 3140">
     <span class='ocr_line' id='line_1_57' title="bbox 2117 3061 3765 3140; baseline 0.002 -22"><span class='ocrx_word' id='word_1_473' title='bbox 2117 3064 2185 3118; x_wconf 74' lang='grc' dir='ltr'>τὰ</span> <span class='ocrx_word' id='word_1_474' title='bbox 2214 3061 2271 3118; x_wconf 74' lang='grc' dir='ltr'><strong>δὲ</strong></span> <span class='ocrx_word' id='word_1_475' title='bbox 2301 3064 2597 3140; x_wconf 80' lang='grc' dir='ltr'>πράγματα</span> <span class='ocrx_word' id='word_1_476' title='bbox 2624 3062 2880 3119; x_wconf 84' lang='grc' dir='ltr'>πλεῖστον</span> <span class='ocrx_word' id='word_1_477' title='bbox 2914 3061 3181 3135; x_wconf 78' lang='grc' dir='ltr'>ἀλλήλων</span> <span class='ocrx_word' id='word_1_478' title='bbox 3216 3061 3508 3125; x_wconf 76' lang='grc' dir='ltr'>διεστᾶναι.</span> <span class='ocrx_word' id='word_1_479' title='bbox 3560 3069 3765 3126; x_wconf 82' lang='grc' dir='ltr'><strong>Ναηη.;</strong></span> 
     </span>
    </p>
   </div>
   <div class='ocr_carea' id='block_1_58' title="bbox 2121 3154 3773 3227">
    <p class='ocr_par' dir='ltr' id='par_1_58' title="bbox 2121 3154 3773 3227">
     <span class='ocr_line' id='line_1_58' title="bbox 2121 3154 3773 3227; baseline 0.003 -18"><span class='ocrx_word' id='word_1_480' title='bbox 2121 3154 2245 3211; x_wconf 93' lang='lat' dir='ltr'><strong>Imo</strong></span> <span class='ocrx_word' id='word_1_481' title='bbox 2277 3171 2349 3211; x_wconf 91' lang='lat' dir='ltr'><strong>ne</strong></span> <span class='ocrx_word' id='word_1_482' title='bbox 2369 3154 2463 3210; x_wconf 90' lang='lat' dir='ltr'><strong>hic</strong></span> <span class='ocrx_word' id='word_1_483' title='bbox 2487 3155 2725 3227; x_wconf 87' lang='lat' dir='ltr'><strong>quidem</strong></span> <span class='ocrx_word' id='word_1_484' title='bbox 2748 3154 3043 3227; x_wconf 88' lang='lat' dir='ltr'><strong>quispiam</strong></span> <span class='ocrx_word' id='word_1_485' title='bbox 3062 3155 3413 3212; x_wconf 87' lang='lat' dir='ltr'><strong>Arianorum</strong></span> <span class='ocrx_word' id='word_1_486' title='bbox 3438 3156 3590 3212; x_wconf 90' lang='lat' dir='ltr'><strong>male</strong></span> <span class='ocrx_word' id='word_1_487' title='bbox 3611 3158 3682 3213; x_wconf 92' lang='lat' dir='ltr'><strong>de</strong></span> <span class='ocrx_word' id='word_1_488' title='bbox 3705 3173 3773 3214; x_wconf 89' lang='lat' dir='ltr'><strong>eo</strong></span> 
     </span>
    </p>
   </div>
   <div class='ocr_carea' id='block_1_59' title="bbox 2122 3243 3775 3314">
    <p class='ocr_par' dir='ltr' id='par_1_59' title="bbox 2122 3243 3775 3314">
     <span class='ocr_line' id='line_1_59' title="bbox 2122 3243 3775 3314; baseline 0.002 -15"><span class='ocrx_word' id='word_1_489' title='bbox 2122 3243 2337 3299; x_wconf 88' lang='lat' dir='ltr'><strong>sentire</strong></span> <span class='ocrx_word' id='word_1_490' title='bbox 2369 3244 2562 3314; x_wconf 89' lang='lat' dir='ltr'><strong>debet,</strong></span> <span class='ocrx_word' id='word_1_491' title='bbox 2594 3260 2729 3299; x_wconf 90' lang='lat' dir='ltr'><strong>cum</strong></span> <span class='ocrx_word' id='word_1_492' title='bbox 2760 3244 2920 3314; x_wconf 86' lang='lat' dir='ltr'><strong>dicit,</strong></span> <span class='ocrx_word' id='word_1_493' title='bbox 2946 3245 3027 3299; x_wconf 90' lang='lat' dir='ltr'><strong>ita</strong></span> <span class='ocrx_word' id='word_1_494' title='bbox 3058 3261 3175 3301; x_wconf 87' lang='lat' dir='ltr'><strong>una</strong></span> <span class='ocrx_word' id='word_1_495' title='bbox 3199 3262 3334 3300; x_wconf 91' lang='lat' dir='ltr'><strong>cum</strong></span> <span class='ocrx_word' id='word_1_496' title='bbox 3369 3246 3537 3302; x_wconf 88' lang='lat' dir='ltr'><strong>Patre</strong></span> <span class='ocrx_word' id='word_1_497' title='bbox 3561 3246 3775 3303; x_wconf 88' lang='lat' dir='ltr'><strong>Filium</strong></span> 
     </span>
    </p>
   </div>
   <div class='ocr_carea' id='block_1_60' title="bbox 360 3332 3775 3409">
    <p class='ocr_par' dir='ltr' id='par_1_60' title="bbox 360 3332 3775 3409">
     <span class='ocr_line' id='line_1_60' title="bbox 360 3332 3775 3409; baseline 0 -19"><span class='ocrx_word' id='word_1_498' title='bbox 360 3334 720 3404; x_wconf 89' lang='lat' dir='ltr'><strong>constitutio,</strong></span> <span class='ocrx_word' id='word_1_499' title='bbox 755 3351 881 3406; x_wconf 68' lang='lat' dir='ltr'><strong>quae</strong></span> <span class='ocrx_word' id='word_1_500' title='bbox 925 3336 1157 3391; x_wconf 88' lang='lat' dir='ltr'><strong>Patrem</strong></span> <span class='ocrx_word' id='word_1_501' title='bbox 1206 3340 1263 3392; x_wconf 93' lang='lat' dir='ltr'><strong>et</strong></span> <span class='ocrx_word' id='word_1_502' title='bbox 1312 3335 1526 3392; x_wconf 89' lang='lat' dir='ltr'><strong>Filium</strong></span> <span class='ocrx_word' id='word_1_503' title='bbox 1578 3337 1924 3409; x_wconf 88' lang='lat' dir='ltr'><strong>sapientem,</strong></span> <span class='ocrx_word' id='word_1_504' title='bbox 1957 3341 2014 3393; x_wconf 92' lang='lat' dir='ltr'><strong>et</strong></span> <span class='ocrx_word' id='word_1_505' title='bbox 2056 3401 2087 3409; x_wconf 70' lang='lat'>_</span> <span class='ocrx_word' id='word_1_506' title='bbox 2124 3348 2275 3399; x_wconf 91' lang='lat' dir='ltr'><strong>esse,</strong></span> <span class='ocrx_word' id='word_1_507' title='bbox 2299 3337 2363 3386; x_wconf 94' lang='lat' dir='ltr'><strong>ut</strong></span> <span class='ocrx_word' id='word_1_508' title='bbox 2392 3332 2523 3403; x_wconf 90' lang='lat' dir='ltr'><strong>ipsa</strong></span> <span class='ocrx_word' id='word_1_509' title='bbox 2552 3332 2813 3398; x_wconf 90' lang='lat' dir='ltr'><strong>nomina,</strong></span> <span class='ocrx_word' id='word_1_510' title='bbox 2832 3348 2962 3403; x_wconf 77' lang='lat' dir='ltr'><strong>quae</strong></span> <span class='ocrx_word' id='word_1_511' title='bbox 2990 3348 3124 3387; x_wconf 93' lang='lat' dir='ltr'><strong>cum</strong></span> <span class='ocrx_word' id='word_1_512' title='bbox 3147 3332 3397 3389; x_wconf 87' lang='lat' dir='ltr'><strong>invicem</strong></span> <span class='ocrx_word' id='word_1_513' title='bbox 3421 3334 3775 3406; x_wconf 76' lang='lat' dir='ltr'><strong>cohaereant,</strong></span> 
     </span>
    </p>
   </div>
   <div class='ocr_carea' id='block_1_61' title="bbox 364 3401 3775 3496">
    <p class='ocr_par' dir='ltr' id='par_1_61' title="bbox 364 3401 3775 3496">
     <span class='ocr_line' id='line_1_61' title="bbox 364 3401 3775 3496; baseline 0 -18"><span class='ocrx_word' id='word_1_514' title='bbox 364 3401 1287 3496; x_wconf 61' lang='lat' dir='ltr'><strong>sapientiam,ljeum,etVerbum</strong></span> <span class='ocrx_word' id='word_1_515' title='bbox 1313 3443 1326 3492; x_wconf 89' lang='lat'><strong>;</strong></span> <span class='ocrx_word' id='word_1_516' title='bbox 1353 3425 1570 3496; x_wconf 90' lang='lat' dir='ltr'><strong>ubique</strong></span> <span class='ocrx_word' id='word_1_517' title='bbox 1590 3401 1788 3481; x_wconf 74' lang='lat' dir='ltr'><strong>tamen</strong></span> <span class='ocrx_word' id='word_1_518' title='bbox 1811 3401 2014 3496; x_wconf 80' lang='lat' dir='ltr'><strong>quem-</strong></span> <span class='ocrx_word' id='word_1_519' title='bbox 2046 3401 2089 3468; x_wconf 58' lang='grc' dir='ltr'><strong>(ἶ</strong></span> <span class='ocrx_word' id='word_1_520' title='bbox 2126 3437 2187 3476; x_wconf 89' lang='lat' dir='ltr'><strong>re</strong></span> <span class='ocrx_word' id='word_1_521' title='bbox 2220 3401 2433 3477; x_wconf 68' lang='lat' dir='ltr'><strong>tamen</strong></span> <span class='ocrx_word' id='word_1_522' title='bbox 2454 3420 2607 3476; x_wconf 89' lang='lat' dir='ltr'><strong>inter</strong></span> <span class='ocrx_word' id='word_1_523' title='bbox 2654 3436 2716 3476; x_wconf 90' lang='lat' dir='ltr'><strong>se</strong></span> <span class='ocrx_word' id='word_1_524' title='bbox 2746 3401 3066 3490; x_wconf 81' lang='lat' dir='ltr'><strong>plurimum</strong></span> <span class='ocrx_word' id='word_1_525' title='bbox 3118 3420 3359 3477; x_wconf 80' lang='lat' dir='ltr'><strong>distant.</strong></span> <span class='ocrx_word' id='word_1_526' title='bbox 3400 3423 3726 3479; x_wconf 84' lang='lat' dir='ltr'><strong>Vertendum</strong></span> 
     </span>
    </p>
   </div>
   <div class='ocr_carea' id='block_1_62' title="bbox 367 3509 3775 3586">
    <p class='ocr_par' dir='ltr' id='par_1_62' title="bbox 367 3509 3775 3586">
     <span class='ocr_line' id='line_1_62' title="bbox 367 3509 3775 3586; baseline 0.001 -19"><span class='ocrx_word' id='word_1_527' title='bbox 367 3528 479 3583; x_wconf 89' lang='lat' dir='ltr'><strong>que</strong></span> <span class='ocrx_word' id='word_1_528' title='bbox 511 3513 570 3567; x_wconf 91' lang='lat' dir='ltr'><strong>in</strong></span> <span class='ocrx_word' id='word_1_529' title='bbox 602 3529 711 3567; x_wconf 89' lang='lat' dir='ltr'><strong>sua</strong></span> <span class='ocrx_word' id='word_1_530' title='bbox 740 3516 955 3568; x_wconf 89' lang='lat' dir='ltr'><strong>natura</strong></span> <span class='ocrx_word' id='word_1_531' title='bbox 983 3512 1422 3580; x_wconf 89' lang='lat' dir='ltr'><strong>indivisibilem,</strong></span> <span class='ocrx_word' id='word_1_532' title='bbox 1454 3512 2017 3586; x_wconf 89' lang='lat' dir='ltr'><strong>indiremptumque,</strong></span> <span class='ocrx_word' id='word_1_533' title='bbox 2128 3509 2210 3563; x_wconf 89' lang='lat' dir='ltr'><strong>Ne</strong></span> <span class='ocrx_word' id='word_1_534' title='bbox 2239 3525 2373 3566; x_wconf 90' lang='lat' dir='ltr'><strong>vero</strong></span> <span class='ocrx_word' id='word_1_535' title='bbox 2406 3509 2498 3564; x_wconf 89' lang='lat' dir='ltr'><strong>hic</strong></span> <span class='ocrx_word' id='word_1_536' title='bbox 2530 3510 2704 3565; x_wconf 83' lang='lat' dir='ltr'><strong>etiam</strong></span> <span class='ocrx_word' id='word_1_537' title='bbox 2729 3509 3023 3581; x_wconf 90' lang='lat' dir='ltr'><strong>quispiam</strong></span> <span class='ocrx_word' id='word_1_538' title='bbox 3050 3509 3399 3565; x_wconf 88' lang='lat' dir='ltr'><strong>Arianorum</strong></span> <span class='ocrx_word' id='word_1_539' title='bbox 3424 3511 3577 3567; x_wconf 87' lang='lat' dir='ltr'><strong>male</strong></span> <span class='ocrx_word' id='word_1_540' title='bbox 3607 3513 3679 3568; x_wconf 90' lang='lat' dir='ltr'><strong>de</strong></span> <span class='ocrx_word' id='word_1_541' title='bbox 3708 3529 3775 3570; x_wconf 84' lang='lat' dir='ltr'><strong>eo</strong></span> 
     </span>
    </p>
   </div>
   <div class='ocr_carea' id='block_1_63' title="bbox 367 3597 3777 3673">
    <p class='ocr_par' dir='ltr' id='par_1_63' title="bbox 367 3597 3777 3673">
     <span class='ocr_line' id='line_1_63' title="bbox 367 3597 3777 3673; baseline 0.001 -18"><span class='ocrx_word' id='word_1_542' title='bbox 367 3604 424 3655; x_wconf 90' lang='lat' dir='ltr'><strong>et</strong></span> <span class='ocrx_word' id='word_1_543' title='bbox 452 3599 873 3671; x_wconf 88' lang='lat' dir='ltr'><strong>impartibilem</strong></span> <span class='ocrx_word' id='word_1_544' title='bbox 913 3615 1017 3671; x_wconf 92' lang='lat' dir='ltr'><strong>per</strong></span> <span class='ocrx_word' id='word_1_545' title='bbox 1046 3600 1245 3656; x_wconf 90' lang='lat' dir='ltr'><strong>omnia</strong></span> <span class='ocrx_word' id='word_1_546' title='bbox 1276 3601 1511 3673; x_wconf 87' lang='lat' dir='ltr'><strong>agnovit</strong></span> <span class='ocrx_word' id='word_1_547' title='bbox 1539 3605 1596 3657; x_wconf 91' lang='lat' dir='ltr'><strong>et</strong></span> <span class='ocrx_word' id='word_1_548' title='bbox 1645 3606 1855 3659; x_wconf 89' lang='lat' dir='ltr'><strong>servat.</strong></span> <span class='ocrx_word' id='word_1_549' title='bbox 1894 3604 2020 3659; x_wconf 85' lang='lat' dir='ltr'><strong>Ver-</strong></span> <span class='ocrx_word' id='word_1_550' title='bbox 2129 3599 2345 3654; x_wconf 87' lang='lat' dir='ltr'><strong>sentiat</strong></span> <span class='ocrx_word' id='word_1_551' title='bbox 2393 3598 2476 3654; x_wconf 88' lang='lat' dir='ltr'><strong>ita</strong></span> <span class='ocrx_word' id='word_1_552' title='bbox 2522 3599 2768 3655; x_wconf 86' lang='lat' dir='ltr'><strong>dicente.</strong></span> <span class='ocrx_word' id='word_1_553' title='bbox 2802 3597 2981 3654; x_wconf 90' lang='lat' dir='ltr'><strong>Filius</strong></span> <span class='ocrx_word' id='word_1_554' title='bbox 3030 3598 3184 3654; x_wconf 87' lang='lat' dir='ltr'><strong>Patri</strong></span> <span class='ocrx_word' id='word_1_555' title='bbox 3233 3600 3570 3671; x_wconf 85' lang='lat' dir='ltr'><strong>coexsistit;</strong></span> <span class='ocrx_word' id='word_1_556' title='bbox 3605 3602 3777 3673; x_wconf 87' lang='lat' dir='ltr'><strong>quasi</strong></span> 
     </span>
    </p>
   </div>
   <div class='ocr_carea' id='block_1_64' title="bbox 369 3686 3775 3762">
    <p class='ocr_par' dir='ltr' id='par_1_64' title="bbox 369 3686 3775 3762">
     <span class='ocr_line' id='line_1_64' title="bbox 369 3686 3775 3762; baseline 0.001 -18"><span class='ocrx_word' id='word_1_557' title='bbox 369 3688 593 3745; x_wconf 81' lang='lat' dir='ltr'><strong>tendum</strong></span> <span class='ocrx_word' id='word_1_558' title='bbox 630 3706 650 3744; x_wconf 92' lang='lat'><strong><em>:</em></strong></span> <span class='ocrx_word' id='word_1_559' title='bbox 694 3688 873 3745; x_wconf 86' lang='lat' dir='ltr'><strong>Sacra</strong></span> <span class='ocrx_word' id='word_1_560' title='bbox 925 3705 1059 3747; x_wconf 90' lang='lat' dir='ltr'><strong>vero</strong></span> <span class='ocrx_word' id='word_1_561' title='bbox 1113 3690 1378 3746; x_wconf 90' lang='lat' dir='ltr'><strong>doctrina</strong></span> <span class='ocrx_word' id='word_1_562' title='bbox 1423 3691 1656 3762; x_wconf 87' lang='lat' dir='ltr'><strong>agnovit</strong></span> <span class='ocrx_word' id='word_1_563' title='bbox 1704 3695 1935 3748; x_wconf 89' lang='lat' dir='ltr'><strong>Patrem</strong></span> <span class='ocrx_word' id='word_1_564' title='bbox 1965 3697 2023 3748; x_wconf 88' lang='lat' dir='ltr'><strong>et</strong></span> <span class='ocrx_word' id='word_1_565' title='bbox 2126 3686 2266 3743; x_wconf 88' lang='lat' dir='ltr'><strong>velit</strong></span> <span class='ocrx_word' id='word_1_566' title='bbox 2295 3687 2505 3757; x_wconf 89' lang='lat' dir='ltr'><strong>dicere,</strong></span> <span class='ocrx_word' id='word_1_567' title='bbox 2539 3688 2778 3744; x_wconf 90' lang='lat' dir='ltr'><strong>nomina</strong></span> <span class='ocrx_word' id='word_1_568' title='bbox 2807 3687 3045 3759; x_wconf 89' lang='lat' dir='ltr'><strong>quidem</strong></span> <span class='ocrx_word' id='word_1_569' title='bbox 3078 3689 3231 3745; x_wconf 91' lang='lat' dir='ltr'><strong>inter</strong></span> <span class='ocrx_word' id='word_1_570' title='bbox 3260 3707 3323 3746; x_wconf 89' lang='lat' dir='ltr'><strong>se</strong></span> <span class='ocrx_word' id='word_1_571' title='bbox 3352 3689 3602 3747; x_wconf 88' lang='lat' dir='ltr'><strong>invicem</strong></span> <span class='ocrx_word' id='word_1_572' title='bbox 3635 3708 3775 3749; x_wconf 90' lang='lat' dir='ltr'><strong>con-</strong></span> 
     </span>
    </p>
   </div>
   <div class='ocr_carea' id='block_1_65' title="bbox 367 3777 2019 3851">
    <p class='ocr_par' dir='ltr' id='par_1_65' title="bbox 367 3777 2019 3851">
     <span class='ocr_line' id='line_1_65' title="bbox 367 3777 2019 3851; baseline 0.003 -20"><span class='ocrx_word' id='word_1_573' title='bbox 367 3777 604 3845; x_wconf 87' lang='lat' dir='ltr'><strong>Filium,</strong></span> <span class='ocrx_word' id='word_1_574' title='bbox 654 3777 1003 3850; x_wconf 86' lang='lat' dir='ltr'><strong>sapientem,</strong></span> <span class='ocrx_word' id='word_1_575' title='bbox 1048 3783 1105 3835; x_wconf 93' lang='lat' dir='ltr'><strong>et</strong></span> <span class='ocrx_word' id='word_1_576' title='bbox 1153 3778 1508 3851; x_wconf 75' lang='lat' dir='ltr'><strong>sapientum,</strong></span> <span class='ocrx_word' id='word_1_577' title='bbox 1540 3786 1743 3848; x_wconf 91' lang='lat' dir='ltr'><strong>Deum,</strong></span> <span class='ocrx_word' id='word_1_578' title='bbox 1777 3784 1834 3836; x_wconf 90' lang='lat' dir='ltr'><strong>et</strong></span> <span class='ocrx_word' id='word_1_579' title='bbox 1878 3780 2019 3837; x_wconf 91' lang='lat' dir='ltr'><strong>Ver-</strong></span> 
     </span>
    </p>
   </div>
   <div class='ocr_carea' id='block_1_66' title="bbox 366 3866 2019 3941">
    <p class='ocr_par' dir='ltr' id='par_1_66' title="bbox 366 3866 2019 3941">
     <span class='ocr_line' id='line_1_66' title="bbox 366 3866 2019 3941; baseline 0.002 -18"><span class='ocrx_word' id='word_1_580' title='bbox 366 3866 507 3923; x_wconf 88' lang='lat' dir='ltr'><strong>bum</strong></span> <span class='ocrx_word' id='word_1_581' title='bbox 526 3884 539 3937; x_wconf 91' lang='lat'><strong>;</strong></span> <span class='ocrx_word' id='word_1_582' title='bbox 557 3866 799 3923; x_wconf 90' lang='lat' dir='ltr'><strong>omnino</strong></span> <span class='ocrx_word' id='word_1_583' title='bbox 816 3869 1012 3924; x_wconf 86' lang='lat' dir='ltr'><strong>tamen</strong></span> <span class='ocrx_word' id='word_1_584' title='bbox 1032 3871 1224 3924; x_wconf 84' lang='lat' dir='ltr'><strong>servat</strong></span> <span class='ocrx_word' id='word_1_585' title='bbox 1239 3876 1555 3941; x_wconf 81' lang='lat' dir='ltr'><strong>utrumque</strong></span> <span class='ocrx_word' id='word_1_586' title='bbox 1578 3870 2019 3941; x_wconf 90' lang='lat' dir='ltr'><strong>indivisibilem,</strong></span> 
     </span>
    </p>
   </div>
   <div class='ocr_carea' id='block_1_67' title="bbox 365 3956 1707 4029">
    <p class='ocr_par' dir='ltr' id='par_1_67' title="bbox 365 3956 1707 4029">
     <span class='ocr_line' id='line_1_67' title="bbox 365 3956 1707 4029; baseline 0.004 -18"><span class='ocrx_word' id='word_1_587' title='bbox 365 3956 789 4029; x_wconf 89' lang='lat' dir='ltr'><strong>indiremptum</strong></span> <span class='ocrx_word' id='word_1_588' title='bbox 820 3959 879 4012; x_wconf 92' lang='lat' dir='ltr'><strong>et</strong></span> <span class='ocrx_word' id='word_1_589' title='bbox 907 3957 1325 4029; x_wconf 85' lang='lat' dir='ltr'><strong>impartibilem</strong></span> <span class='ocrx_word' id='word_1_590' title='bbox 1356 3974 1460 4029; x_wconf 93' lang='lat' dir='ltr'><strong>per</strong></span> <span class='ocrx_word' id='word_1_591' title='bbox 1484 3958 1707 4017; x_wconf 89' lang='lat' dir='ltr'><strong>omnia.</strong></span> 
     </span>
    </p>
   </div>
   <div class='ocr_carea' id='block_1_68' title="bbox 435 4044 2017 4124">
    <p class='ocr_par' dir='ltr' id='par_1_68' title="bbox 435 4044 2017 4124">
     <span class='ocr_line' id='line_1_68' title="bbox 435 4044 2017 4124; baseline 0.003 -27"><span class='ocrx_word' id='word_1_592' title='bbox 435 4066 467 4097; x_wconf 84' lang='grc'><strong>‹‹</strong></span> <span class='ocrx_word' id='word_1_593' title='bbox 494 4047 559 4102; x_wconf 83' lang='lat' dir='ltr'><strong>In</strong></span> <span class='ocrx_word' id='word_1_594' title='bbox 580 4044 764 4102; x_wconf 88' lang='lat' dir='ltr'><strong>eodem</strong></span> <span class='ocrx_word' id='word_1_595' title='bbox 810 4047 1028 4102; x_wconf 77' lang='lat' dir='ltr'><strong>ratione</strong></span> <span class='ocrx_word' id='word_1_596' title='bbox 1073 4045 1151 4119; x_wconf 73' lang='grc' dir='ltr'><strong>(ἀ)</strong></span> <span class='ocrx_word' id='word_1_597' title='bbox 1186 4064 1199 4101; x_wconf 85' lang='lat'><strong>:</strong></span> <span class='ocrx_word' id='word_1_598' title='bbox 1251 4046 1531 4124; x_wconf 78' lang='grc' dir='ltr'>Ἐπιφέρει</span> <span class='ocrx_word' id='word_1_599' title='bbox 1560 4050 1691 4116; x_wconf 80' lang='grc' dir='ltr'>γοῦν</span> <span class='ocrx_word' id='word_1_600' title='bbox 1719 4065 1731 4079; x_wconf 78' lang='grc'><strong><em>⁸</em></strong></span> <span class='ocrx_word' id='word_1_601' title='bbox 1792 4050 1909 4102; x_wconf 86' lang='grc' dir='ltr'>Ἵνα</span> <span class='ocrx_word' id='word_1_602' title='bbox 1932 4069 2017 4123; x_wconf 88' lang='grc' dir='ltr'>γι-</span> 
     </span>
    </p>
   </div>
   <div class='ocr_carea' id='block_1_69' title="bbox 362 4131 2016 4213">
    <p class='ocr_par' dir='ltr' id='par_1_69' title="bbox 362 4131 2016 4213">
     <span class='ocr_line' id='line_1_69' title="bbox 362 4131 2016 4213; baseline 0.003 -26"><span class='ocrx_word' id='word_1_603' title='bbox 362 4133 611 4203; x_wconf 87' lang='grc' dir='ltr'>νώσκητε</span> <span class='ocrx_word' id='word_1_604' title='bbox 667 4131 753 4188; x_wconf 77' lang='grc' dir='ltr'><strong>ὅτι</strong></span> <span class='ocrx_word' id='word_1_605' title='bbox 812 4131 922 4208; x_wconf 81' lang='grc' dir='ltr'>ἐγὼ</span> <span class='ocrx_word' id='word_1_606' title='bbox 980 4132 1032 4188; x_wconf 79' lang='grc' dir='ltr'>ἐν</span> <span class='ocrx_word' id='word_1_607' title='bbox 1090 4138 1171 4207; x_wconf 76' lang='grc' dir='ltr'>τῷ</span> <span class='ocrx_word' id='word_1_608' title='bbox 1229 4136 1427 4207; x_wconf 82' lang='grc' dir='ltr'>Πατπὶ,</span> <span class='ocrx_word' id='word_1_609' title='bbox 1488 4135 1579 4190; x_wconf 78' lang='grc' dir='ltr'><strong>καὶ</strong></span> <span class='ocrx_word' id='word_1_610' title='bbox 1636 4136 1665 4190; x_wconf 89' lang='grc' dir='ltr'>ὁ</span> <span class='ocrx_word' id='word_1_611' title='bbox 1725 4138 1911 4213; x_wconf 77' lang='grc' dir='ltr'>Πατὴρ</span> <span class='ocrx_word' id='word_1_612' title='bbox 1965 4137 2016 4192; x_wconf 85' lang='grc' dir='ltr'><strong>έν</strong></span> 
     </span>
    </p>
   </div>
   <div class='ocr_carea' id='block_1_70' title="bbox 365 4219 2019 4300">
    <p class='ocr_par' dir='ltr' id='par_1_70' title="bbox 365 4219 2019 4300">
     <span class='ocr_line' id='line_1_70' title="bbox 365 4219 2019 4300; baseline 0.004 -24"><span class='ocrx_word' id='word_1_613' title='bbox 365 4219 511 4295; x_wconf 81' lang='grc' dir='ltr'>ἐμοί.</span> <span class='ocrx_word' id='word_1_614' title='bbox 549 4222 620 4276; x_wconf 91' lang='grc' dir='ltr'>Τὸ</span> <span class='ocrx_word' id='word_1_615' title='bbox 682 4222 787 4299; x_wconf 76' lang='grc' dir='ltr'>γὰρ</span> <span class='ocrx_word' id='word_1_616' title='bbox 839 4221 894 4277; x_wconf 84' lang='grc' dir='ltr'>ἓν</span> <span class='ocrx_word' id='word_1_617' title='bbox 956 4221 1413 4298; x_wconf 76' lang='grc' dir='ltr'>ἐπεξηγούμενος,</span> <span class='ocrx_word' id='word_1_618' title='bbox 1475 4223 1574 4280; x_wconf 82' lang='grc' dir='ltr'><strong>οὐκ</strong></span> <span class='ocrx_word' id='word_1_619' title='bbox 1630 4224 1681 4281; x_wconf 82' lang='grc' dir='ltr'>ἐν</span> <span class='ocrx_word' id='word_1_620' title='bbox 1737 4230 1816 4298; x_wconf 79' lang='grc' dir='ltr'>τῷ</span> <span class='ocrx_word' id='word_1_621' title='bbox 1874 4225 2019 4300; x_wconf 79' lang='grc' dir='ltr'>αὐτῷ</span> 
     </span>
    </p>
   </div>
   <div class='ocr_carea' id='block_1_71' title="bbox 365 4308 2015 4388">
    <p class='ocr_par' dir='ltr' id='par_1_71' title="bbox 365 4308 2015 4388">
     <span class='ocr_line' id='line_1_71' title="bbox 365 4308 2015 4388; baseline 0.003 -22"><span class='ocrx_word' id='word_1_622' title='bbox 365 4312 501 4367; x_wconf 78' lang='grc' dir='ltr'>εἶναι</span> <span class='ocrx_word' id='word_1_623' title='bbox 532 4310 705 4366; x_wconf 81' lang='grc' dir='ltr'>έκεῖνο</span> <span class='ocrx_word' id='word_1_624' title='bbox 735 4312 872 4387; x_wconf 88' lang='grc' dir='ltr'>πρὸς</span> <span class='ocrx_word' id='word_1_625' title='bbox 894 4311 922 4366; x_wconf 79' lang='grc' dir='ltr'>ὃ</span> <span class='ocrx_word' id='word_1_626' title='bbox 952 4308 1006 4367; x_wconf 74' lang='grc' dir='ltr'>ἓν</span> <span class='ocrx_word' id='word_1_627' title='bbox 1040 4310 1091 4367; x_wconf 84' lang='grc' dir='ltr'><strong>έν</strong></span> <span class='ocrx_word' id='word_1_628' title='bbox 1127 4311 1465 4382; x_wconf 78' lang='grc' dir='ltr'>ἐστιν,εἶπεῖν</span> <span class='ocrx_word' id='word_1_629' title='bbox 1498 4311 1645 4369; x_wconf 86' lang='grc' dir='ltr'>ἀλλᾶ</span> <span class='ocrx_word' id='word_1_630' title='bbox 1676 4315 1726 4371; x_wconf 81' lang='grc' dir='ltr'>ἐν</span> <span class='ocrx_word' id='word_1_631' title='bbox 1757 4320 1836 4388; x_wconf 80' lang='grc' dir='ltr'>τῷ</span> <span class='ocrx_word' id='word_1_632' title='bbox 1858 4315 2015 4371; x_wconf 79' lang='grc' dir='ltr'>αὐτὸν</span> 
     </span>
    </p>
   </div>
   <div class='ocr_carea' id='block_1_72' title="bbox 365 4400 2016 4483">
    <p class='ocr_par' dir='ltr' id='par_1_72' title="bbox 365 4400 2016 4483">
     <span class='ocr_line' id='line_1_72' title="bbox 365 4400 2016 4483; baseline 0.004 -28"><span class='ocrx_word' id='word_1_633' title='bbox 365 4400 417 4456; x_wconf 76' lang='grc' dir='ltr'>ἐν</span> <span class='ocrx_word' id='word_1_634' title='bbox 447 4404 528 4473; x_wconf 79' lang='grc' dir='ltr'>τῷ</span> <span class='ocrx_word' id='word_1_635' title='bbox 558 4400 730 4477; x_wconf 85' lang='grc' dir='ltr'>Πατρὶ</span> <span class='ocrx_word' id='word_1_636' title='bbox 758 4400 849 4455; x_wconf 78' lang='grc' dir='ltr'><strong>καὶ</strong></span> <span class='ocrx_word' id='word_1_637' title='bbox 880 4402 971 4456; x_wconf 91' lang='grc' dir='ltr'><strong>τὸν</strong></span> <span class='ocrx_word' id='word_1_638' title='bbox 1005 4403 1217 4479; x_wconf 81' lang='grc' dir='ltr'>Πατέρα</span> <span class='ocrx_word' id='word_1_639' title='bbox 1264 4402 1316 4458; x_wconf 85' lang='grc' dir='ltr'><strong>έν</strong></span> <span class='ocrx_word' id='word_1_640' title='bbox 1345 4407 1425 4475; x_wconf 81' lang='grc' dir='ltr'>τῷ</span> <span class='ocrx_word' id='word_1_641' title='bbox 1457 4404 1567 4476; x_wconf 70' lang='grc' dir='ltr'><strong>1⁸ἱῷ</strong></span> <span class='ocrx_word' id='word_1_642' title='bbox 1595 4405 1695 4474; x_wconf 81' lang='grc' dir='ltr'>τὴν</span> <span class='ocrx_word' id='word_1_643' title='bbox 1730 4406 2016 4483; x_wconf 78' lang='grc' dir='ltr'>συνάφειαν</span> 
     </span>
    </p>
   </div>
   <div class='ocr_carea' id='block_1_73' title="bbox 361 4492 2016 4569">
    <p class='ocr_par' dir='ltr' id='par_1_73' title="bbox 361 4492 2016 4569">
     <span class='ocr_line' id='line_1_73' title="bbox 361 4492 2016 4569; baseline 0.004 -22"><span class='ocrx_word' id='word_1_644' title='bbox 361 4492 453 4547; x_wconf 85' lang='grc' dir='ltr'><strong>καὶ</strong></span> <span class='ocrx_word' id='word_1_645' title='bbox 481 4492 543 4546; x_wconf 83' lang='grc' dir='ltr'><strong>τὸ</strong></span> <span class='ocrx_word' id='word_1_646' title='bbox 584 4492 915 4568; x_wconf 85' lang='grc' dir='ltr'>ἀχώριστον.</span> <span class='ocrx_word' id='word_1_647' title='bbox 968 4497 1224 4552; x_wconf 81' lang='lat' dir='ltr'><strong>Nannius</strong></span> <span class='ocrx_word' id='word_1_648' title='bbox 1253 4512 1267 4550; x_wconf 90' lang='lat'><strong>:</strong></span> <span class='ocrx_word' id='word_1_649' title='bbox 1298 4495 1481 4551; x_wconf 86' lang='lat' dir='ltr'><strong>Infert</strong></span> <span class='ocrx_word' id='word_1_650' title='bbox 1510 4511 1646 4569; x_wconf 88' lang='lat' dir='ltr'><strong>ergo</strong></span> <span class='ocrx_word' id='word_1_651' title='bbox 1681 4512 1693 4551; x_wconf 93' lang='lat'>:</span> <span class='ocrx_word' id='word_1_652' title='bbox 1732 4498 1795 4554; x_wconf 87' lang='lat' dir='ltr'><strong>Ut</strong></span> <span class='ocrx_word' id='word_1_653' title='bbox 1823 4513 2016 4568; x_wconf 89' lang='lat' dir='ltr'><strong>cogno-</strong></span> 
     </span>
    </p>
   </div>
   <div class='ocr_carea' id='block_1_74' title="bbox 366 4582 2019 4658">
    <p class='ocr_par' dir='ltr' id='par_1_74' title="bbox 366 4582 2019 4658">
     <span class='ocr_line' id='line_1_74' title="bbox 366 4582 2019 4658; baseline 0.001 -18"><span class='ocrx_word' id='word_1_654' title='bbox 366 4585 533 4640; x_wconf 77' lang='lat' dir='ltr'><strong>scatis</strong></span> <span class='ocrx_word' id='word_1_655' title='bbox 579 4582 721 4655; x_wconf 86' lang='lat' dir='ltr'><strong>quod</strong></span> <span class='ocrx_word' id='word_1_656' title='bbox 769 4599 865 4652; x_wconf 88' lang='lat' dir='ltr'><strong>ego</strong></span> <span class='ocrx_word' id='word_1_657' title='bbox 896 4585 956 4639; x_wconf 86' lang='lat' dir='ltr'><strong>in</strong></span> <span class='ocrx_word' id='word_1_658' title='bbox 1000 4585 1166 4640; x_wconf 83' lang='lat' dir='ltr'><strong>Patre</strong></span> <span class='ocrx_word' id='word_1_659' title='bbox 1212 4592 1264 4641; x_wconf 77' lang='lat' dir='ltr'><strong>et</strong></span> <span class='ocrx_word' id='word_1_660' title='bbox 1289 4586 1457 4640; x_wconf 83' lang='lat' dir='ltr'><strong>Pater</strong></span> <span class='ocrx_word' id='word_1_661' title='bbox 1503 4586 1567 4641; x_wconf 90' lang='lat' dir='ltr'><strong>in</strong></span> <span class='ocrx_word' id='word_1_662' title='bbox 1593 4602 1719 4649; x_wconf 89' lang='lat' dir='ltr'><strong>me;</strong></span> <span class='ocrx_word' id='word_1_663' title='bbox 1750 4586 1891 4658; x_wconf 89' lang='lat' dir='ltr'><strong>quid</strong></span> <span class='ocrx_word' id='word_1_664' title='bbox 1942 4587 2019 4643; x_wconf 90' lang='lat' dir='ltr'><strong>sit</strong></span> 
     </span>
    </p>
   </div>
   <div class='ocr_carea' id='block_1_75' title="bbox 362 4672 2015 4745">
    <p class='ocr_par' dir='ltr' id='par_1_75' title="bbox 362 4672 2015 4745">
     <span class='ocr_line' id='line_1_75' title="bbox 362 4672 2015 4745; baseline 0.002 -16"><span class='ocrx_word' id='word_1_665' title='bbox 362 4689 551 4729; x_wconf 88' lang='lat' dir='ltr'><strong>unum</strong></span> <span class='ocrx_word' id='word_1_666' title='bbox 585 4689 716 4729; x_wconf 90' lang='lat' dir='ltr'><strong>esse</strong></span> <span class='ocrx_word' id='word_1_667' title='bbox 771 4672 1185 4745; x_wconf 87' lang='lat' dir='ltr'><strong>interpretans,</strong></span> <span class='ocrx_word' id='word_1_668' title='bbox 1218 4690 1332 4729; x_wconf 89' lang='lat' dir='ltr'><strong>non</strong></span> <span class='ocrx_word' id='word_1_669' title='bbox 1364 4673 1423 4730; x_wconf 92' lang='lat' dir='ltr'><strong>in</strong></span> <span class='ocrx_word' id='word_1_670' title='bbox 1473 4691 1540 4730; x_wconf 93' lang='lat' dir='ltr'><strong>eo</strong></span> <span class='ocrx_word' id='word_1_671' title='bbox 1572 4675 1890 4731; x_wconf 89' lang='lat' dir='ltr'><strong>consistere</strong></span> <span class='ocrx_word' id='word_1_672' title='bbox 1918 4692 2015 4733; x_wconf 88' lang='lat' dir='ltr'><strong>vo-</strong></span> 
     </span>
    </p>
   </div>
   <div class='ocr_carea' id='block_1_76' title="bbox 2120 3776 3775 3851">
    <p class='ocr_par' dir='ltr' id='par_1_76' title="bbox 2120 3776 3775 3851">
     <span class='ocr_line' id='line_1_76' title="bbox 2120 3776 3775 3851; baseline 0.005 -21"><span class='ocrx_word' id='word_1_673' title='bbox 2120 3776 2329 3847; x_wconf 89' lang='lat' dir='ltr'><strong>juncta</strong></span> <span class='ocrx_word' id='word_1_674' title='bbox 2356 3793 2506 3849; x_wconf 89' lang='lat' dir='ltr'><strong>esse,</strong></span> <span class='ocrx_word' id='word_1_675' title='bbox 2540 3794 2630 3833; x_wconf 90' lang='lat' dir='ltr'><strong>res</strong></span> <span class='ocrx_word' id='word_1_676' title='bbox 2661 3792 2795 3833; x_wconf 89' lang='lat' dir='ltr'><strong>vero</strong></span> <span class='ocrx_word' id='word_1_677' title='bbox 2839 3778 2997 3850; x_wconf 90' lang='lat' dir='ltr'><strong>ipsas</strong></span> <span class='ocrx_word' id='word_1_678' title='bbox 3044 3777 3365 3851; x_wconf 91' lang='lat' dir='ltr'><strong>plurimum</strong></span> <span class='ocrx_word' id='word_1_679' title='bbox 3398 3781 3549 3837; x_wconf 92' lang='lat' dir='ltr'><strong>inter</strong></span> <span class='ocrx_word' id='word_1_680' title='bbox 3595 3797 3658 3839; x_wconf 91' lang='lat' dir='ltr'><strong>se</strong></span> <span class='ocrx_word' id='word_1_681' title='bbox 3687 3781 3775 3839; x_wconf 88' lang='lat' dir='ltr'><strong>di-</strong></span> 
     </span>
    </p>
   </div>
   <div class='ocr_carea' id='block_1_77' title="bbox 2129 3870 2305 3922">
    <p class='ocr_par' dir='ltr' id='par_1_77' title="bbox 2129 3870 2305 3922">
     <span class='ocr_line' id='line_1_77' title="bbox 2129 3870 2305 3922; baseline 0 -1"><span class='ocrx_word' id='word_1_682' title='bbox 2129 3870 2305 3922; x_wconf 89' lang='lat' dir='ltr'><strong>stare.</strong></span> 
     </span>
    </p>
   </div>
   <div class='ocr_carea' id='block_1_78' title="bbox 2200 3956 3772 4031">
    <p class='ocr_par' dir='ltr' id='par_1_78' title="bbox 2200 3956 3772 4031">
     <span class='ocr_line' id='line_1_78' title="bbox 2200 3956 3772 4031; baseline 0.007 -24"><span class='ocrx_word' id='word_1_683' title='bbox 2200 3978 2227 4007; x_wconf 88' lang='grc'>‹‹</span> <span class='ocrx_word' id='word_1_684' title='bbox 2259 3958 2323 4012; x_wconf 83' lang='lat' dir='ltr'><strong>In</strong></span> <span class='ocrx_word' id='word_1_685' title='bbox 2369 3956 2551 4013; x_wconf 84' lang='lat' dir='ltr'><strong>libello</strong></span> <span class='ocrx_word' id='word_1_686' title='bbox 2580 3957 2647 4013; x_wconf 86' lang='lat' dir='ltr'><strong>de</strong></span> <span class='ocrx_word' id='word_1_687' title='bbox 2684 3959 2963 4013; x_wconf 86' lang='lat' dir='ltr'><strong>communi</strong></span> <span class='ocrx_word' id='word_1_688' title='bbox 2997 3959 3233 4014; x_wconf 79' lang='lat' dir='ltr'><strong>essentia</strong></span> <span class='ocrx_word' id='word_1_689' title='bbox 3272 3960 3480 4030; x_wconf 80' lang='lat' dir='ltr'><strong>Patris,</strong></span> <span class='ocrx_word' id='word_1_690' title='bbox 3521 3968 3572 4017; x_wconf 84' lang='lat' dir='ltr'><strong>et</strong></span> <span class='ocrx_word' id='word_1_691' title='bbox 3618 3962 3772 4031; x_wconf 86' lang='lat' dir='ltr'><strong>Filii,</strong></span> 
     </span>
    </p>
   </div>
   <div class='ocr_carea' id='block_1_79' title="bbox 2128 4044 3771 4124">
    <p class='ocr_par' dir='ltr' id='par_1_79' title="bbox 2128 4044 3771 4124">
     <span class='ocr_line' id='line_1_79' title="bbox 2128 4044 3771 4124; baseline 0.002 -24"><span class='ocrx_word' id='word_1_692' title='bbox 2128 4052 2179 4100; x_wconf 76' lang='lat' dir='ltr'><strong>et</strong></span> <span class='ocrx_word' id='word_1_693' title='bbox 2208 4044 2450 4116; x_wconf 73' lang='lat' dir='ltr'><strong>Spiritus</strong></span> <span class='ocrx_word' id='word_1_694' title='bbox 2476 4048 2656 4101; x_wconf 80' lang='lat' dir='ltr'><strong>sancti</strong></span> <span class='ocrx_word' id='word_1_695' title='bbox 2685 4046 2761 4117; x_wconf 72' lang='grc' dir='ltr'><strong>(ἡ)</strong></span> <span class='ocrx_word' id='word_1_696' title='bbox 2796 4063 2807 4100; x_wconf 92' lang='lat'>:</span> <span class='ocrx_word' id='word_1_697' title='bbox 2843 4045 3149 4121; x_wconf 71' lang='grc' dir='ltr'>Μαρτυρίαι</span> <span class='ocrx_word' id='word_1_698' title='bbox 3198 4045 3256 4101; x_wconf 81' lang='grc' dir='ltr'><strong>ἐκ</strong></span> <span class='ocrx_word' id='word_1_699' title='bbox 3283 4053 3386 4116; x_wconf 84' lang='grc' dir='ltr'>τῆς</span> <span class='ocrx_word' id='word_1_700' title='bbox 3417 4053 3639 4124; x_wconf 78' lang='grc' dir='ltr'>Γραφῆς</span> <span class='ocrx_word' id='word_1_701' title='bbox 3668 4056 3771 4119; x_wconf 78' lang='grc' dir='ltr'>τῆς</span> 
     </span>
    </p>
   </div>
   <div class='ocr_carea' id='block_1_80' title="bbox 2128 4132 3776 4213">
    <p class='ocr_par' dir='ltr' id='par_1_80' title="bbox 2128 4132 3776 4213">
     <span class='ocr_line' id='line_1_80' title="bbox 2128 4132 3776 4213; baseline 0.005 -27"><span class='ocrx_word' id='word_1_702' title='bbox 2128 4133 2264 4187; x_wconf 80' lang='grc' dir='ltr'><strong>κατά</strong></span> <span class='ocrx_word' id='word_1_703' title='bbox 2292 4132 2445 4210; x_wconf 73' lang='grc' dir='ltr'>φύσιν</span> <span class='ocrx_word' id='word_1_704' title='bbox 2494 4134 2781 4196; x_wconf 85' lang='grc' dir='ltr'>κοινωνίας</span> <span class='ocrx_word' id='word_1_705' title='bbox 2813 4132 2872 4189; x_wconf 81' lang='grc' dir='ltr'>ἐκ</span> <span class='ocrx_word' id='word_1_706' title='bbox 2906 4138 3003 4189; x_wconf 77' lang='grc' dir='ltr'>τοῦ</span> <span class='ocrx_word' id='word_1_707' title='bbox 3034 4135 3244 4208; x_wconf 88' lang='grc' dir='ltr'>ὁμοίως</span> <span class='ocrx_word' id='word_1_708' title='bbox 3276 4135 3411 4191; x_wconf 84' lang='grc' dir='ltr'>εἶναι</span> <span class='ocrx_word' id='word_1_709' title='bbox 3438 4137 3529 4191; x_wconf 90' lang='grc' dir='ltr'><strong>τὸν</strong></span> <span class='ocrx_word' id='word_1_710' title='bbox 3563 4139 3776 4213; x_wconf 85' lang='grc' dir='ltr'>Πατέρα</span> 
     </span>
    </p>
   </div>
   <div class='ocr_carea' id='block_1_81' title="bbox 2126 4222 3775 4301">
    <p class='ocr_par' dir='ltr' id='par_1_81' title="bbox 2126 4222 3775 4301">
     <span class='ocr_line' id='line_1_81' title="bbox 2126 4222 3775 4301; baseline 0.003 -25"><span class='ocrx_word' id='word_1_711' title='bbox 2126 4222 2215 4276; x_wconf 85' lang='grc' dir='ltr'><strong>καὶ</strong></span> <span class='ocrx_word' id='word_1_712' title='bbox 2249 4222 2337 4277; x_wconf 91' lang='grc' dir='ltr'><strong>νὸν</strong></span> <span class='ocrx_word' id='word_1_713' title='bbox 2366 4222 2486 4277; x_wconf 78' lang='grc' dir='ltr'>Υἱὸν</span> <span class='ocrx_word' id='word_1_714' title='bbox 2538 4222 2627 4277; x_wconf 87' lang='grc' dir='ltr'><strong>καὶ</strong></span> <span class='ocrx_word' id='word_1_715' title='bbox 2674 4222 2736 4277; x_wconf 86' lang='grc' dir='ltr'><strong>τὸ</strong></span> <span class='ocrx_word' id='word_1_716' title='bbox 2767 4223 2919 4297; x_wconf 77' lang='grc' dir='ltr'>ἅγιον</span> <span class='ocrx_word' id='word_1_717' title='bbox 2953 4228 3173 4297; x_wconf 73' lang='grc' dir='ltr'>Πνεῦμα</span> <span class='ocrx_word' id='word_1_718' title='bbox 3218 4224 3355 4300; x_wconf 87' lang='grc' dir='ltr'>πρὸς</span> <span class='ocrx_word' id='word_1_719' title='bbox 3386 4225 3615 4301; x_wconf 83' lang='grc' dir='ltr'>Θεωρίαν</span> <span class='ocrx_word' id='word_1_720' title='bbox 3649 4224 3775 4281; x_wconf 80' lang='grc' dir='ltr'>δυσ-</span> 
     </span>
    </p>
   </div>
   <div class='ocr_carea' id='block_1_82' title="bbox 2128 4309 3778 4389">
    <p class='ocr_par' dir='ltr' id='par_1_82' title="bbox 2128 4309 3778 4389">
     <span class='ocr_line' id='line_1_82' title="bbox 2128 4309 3778 4389; baseline 0.005 -23"><span class='ocrx_word' id='word_1_721' title='bbox 2128 4312 2341 4389; x_wconf 73' lang='grc' dir='ltr'>έφικτον</span> <span class='ocrx_word' id='word_1_722' title='bbox 2393 4313 2485 4367; x_wconf 78' lang='grc' dir='ltr'><strong>καὶ</strong></span> <span class='ocrx_word' id='word_1_723' title='bbox 2532 4311 2655 4386; x_wconf 83' lang='grc' dir='ltr'>μίαν</span> <span class='ocrx_word' id='word_1_724' title='bbox 2707 4309 2851 4388; x_wconf 75' lang='grc' dir='ltr'>ἔχειν</span> <span class='ocrx_word' id='word_1_725' title='bbox 2913 4312 3202 4388; x_wconf 80' lang='grc' dir='ltr'>ἐνέργειαν.</span> <span class='ocrx_word' id='word_1_726' title='bbox 3253 4317 3546 4373; x_wconf 77' lang='lat' dir='ltr'><strong>Nannius:</strong></span> <span class='ocrx_word' id='word_1_727' title='bbox 3587 4318 3778 4374; x_wconf 75' lang='lat' dir='ltr'><strong>Testi~</strong></span> 
     </span>
    </p>
   </div>
   <div class='ocr_carea' id='block_1_83' title="bbox 2128 4404 3775 4477">
    <p class='ocr_par' dir='ltr' id='par_1_83' title="bbox 2128 4404 3775 4477">
     <span class='ocr_line' id='line_1_83' title="bbox 2128 4404 3775 4477; baseline 0.004 -18"><span class='ocrx_word' id='word_1_728' title='bbox 2128 4404 2327 4460; x_wconf 91' lang='lat' dir='ltr'><strong>monia</strong></span> <span class='ocrx_word' id='word_1_729' title='bbox 2351 4421 2420 4460; x_wconf 83' lang='lat' dir='ltr'><strong>ex</strong></span> <span class='ocrx_word' id='word_1_730' title='bbox 2436 4407 2644 4460; x_wconf 87' lang='lat' dir='ltr'><strong>sancta</strong></span> <span class='ocrx_word' id='word_1_731' title='bbox 2663 4405 2966 4477; x_wconf 91' lang='lat' dir='ltr'><strong>Scriptura</strong></span> <span class='ocrx_word' id='word_1_732' title='bbox 2990 4406 3061 4460; x_wconf 90' lang='lat' dir='ltr'><strong>de</strong></span> <span class='ocrx_word' id='word_1_733' title='bbox 3082 4405 3336 4462; x_wconf 87' lang='lat' dir='ltr'><strong>naturali</strong></span> <span class='ocrx_word' id='word_1_734' title='bbox 3359 4407 3775 4465; x_wconf 88' lang='lat' dir='ltr'><strong>communione</strong></span> 
     </span>
    </p>
   </div>
   <div class='ocr_carea' id='block_1_84' title="bbox 2129 4492 3773 4569">
    <p class='ocr_par' dir='ltr' id='par_1_84' title="bbox 2129 4492 3773 4569">
     <span class='ocr_line' id='line_1_84' title="bbox 2129 4492 3773 4569; baseline 0.003 -20"><span class='ocrx_word' id='word_1_735' title='bbox 2129 4492 2342 4549; x_wconf 89' lang='lat' dir='ltr'><strong>similis</strong></span> <span class='ocrx_word' id='word_1_736' title='bbox 2384 4508 2513 4549; x_wconf 89' lang='lat' dir='ltr'><strong>esse</strong></span> <span class='ocrx_word' id='word_1_737' title='bbox 2562 4492 2715 4550; x_wconf 89' lang='lat' dir='ltr'><strong>inter</strong></span> <span class='ocrx_word' id='word_1_738' title='bbox 2762 4493 2992 4549; x_wconf 89' lang='lat' dir='ltr'><strong>Patrem</strong></span> <span class='ocrx_word' id='word_1_739' title='bbox 3041 4499 3098 4550; x_wconf 89' lang='lat' dir='ltr'><strong>et</strong></span> <span class='ocrx_word' id='word_1_740' title='bbox 3126 4494 3337 4550; x_wconf 90' lang='lat' dir='ltr'><strong>Filium</strong></span> <span class='ocrx_word' id='word_1_741' title='bbox 3387 4500 3444 4551; x_wconf 91' lang='lat' dir='ltr'><strong>et</strong></span> <span class='ocrx_word' id='word_1_742' title='bbox 3485 4496 3773 4569; x_wconf 82' lang='lat' dir='ltr'><strong>Spiritum</strong></span> 
     </span>
    </p>
   </div>
   <div class='ocr_carea' id='block_1_85' title="bbox 2128 4581 3770 4642">
    <p class='ocr_par' dir='ltr' id='par_1_85' title="bbox 2128 4581 3770 4642">
     <span class='ocr_line' id='line_1_85' title="bbox 2128 4581 3770 4642; baseline 0.001 -3"><span class='ocrx_word' id='word_1_743' title='bbox 2128 4587 2420 4639; x_wconf 89' lang='lat' dir='ltr'><strong>sanctum.</strong></span> <span class='ocrx_word' id='word_1_744' title='bbox 2460 4581 2782 4639; x_wconf 75' lang='lat' dir='ltr'><strong>Vertendum</strong></span> <span class='ocrx_word' id='word_1_745' title='bbox 2809 4600 2828 4638; x_wconf 92' lang='lat'><strong><em>:</em></strong></span> <span class='ocrx_word' id='word_1_746' title='bbox 2859 4582 3219 4639; x_wconf 89' lang='lat' dir='ltr'><strong>Testimonia</strong></span> <span class='ocrx_word' id='word_1_747' title='bbox 3268 4598 3339 4639; x_wconf 83' lang='lat' dir='ltr'><strong>ex</strong></span> <span class='ocrx_word' id='word_1_748' title='bbox 3387 4590 3592 4641; x_wconf 86' lang='lat' dir='ltr'><strong>sancta</strong></span> <span class='ocrx_word' id='word_1_749' title='bbox 3621 4586 3770 4642; x_wconf 88' lang='lat' dir='ltr'><strong>Scri-</strong></span> 
     </span>
    </p>
   </div>
   <div class='ocr_carea' id='block_1_86' title="bbox 2128 4671 3773 4745">
    <p class='ocr_par' dir='ltr' id='par_1_86' title="bbox 2128 4671 3773 4745">
     <span class='ocr_line' id='line_1_86' title="bbox 2128 4671 3773 4745; baseline 0.003 -18"><span class='ocrx_word' id='word_1_750' title='bbox 2128 4676 2303 4745; x_wconf 87' lang='lat' dir='ltr'><strong>ptura</strong></span> <span class='ocrx_word' id='word_1_751' title='bbox 2333 4672 2403 4728; x_wconf 89' lang='lat' dir='ltr'><strong>de</strong></span> <span class='ocrx_word' id='word_1_752' title='bbox 2433 4671 2685 4728; x_wconf 88' lang='lat' dir='ltr'><strong>naturali</strong></span> <span class='ocrx_word' id='word_1_753' title='bbox 2725 4671 3138 4729; x_wconf 89' lang='lat' dir='ltr'><strong>communione</strong></span> <span class='ocrx_word' id='word_1_754' title='bbox 3181 4689 3249 4728; x_wconf 82' lang='lat' dir='ltr'><strong>ex</strong></span> <span class='ocrx_word' id='word_1_755' title='bbox 3274 4689 3363 4743; x_wconf 91' lang='lat' dir='ltr'><strong>eo,</strong></span> <span class='ocrx_word' id='word_1_756' title='bbox 3398 4675 3552 4745; x_wconf 91' lang='lat' dir='ltr'><strong>quod</strong></span> <span class='ocrx_word' id='word_1_757' title='bbox 3584 4673 3773 4732; x_wconf 89' lang='lat' dir='ltr'><strong>Patris</strong></span> 
     </span>
    </p>
   </div>
   <div class='ocr_carea' id='block_1_87' title="bbox 359 4760 3772 4837">
    <p class='ocr_par' dir='ltr' id='par_1_87' title="bbox 359 4760 3772 4837">
     <span class='ocr_line' id='line_1_87' title="bbox 359 4760 3772 4837; baseline 0.001 -21"><span class='ocrx_word' id='word_1_758' title='bbox 359 4761 494 4830; x_wconf 87' lang='lat' dir='ltr'><strong>luit,</strong></span> <span class='ocrx_word' id='word_1_759' title='bbox 528 4763 699 4835; x_wconf 87' lang='lat' dir='ltr'><strong>quasi</strong></span> <span class='ocrx_word' id='word_1_760' title='bbox 732 4762 791 4817; x_wconf 90' lang='lat' dir='ltr'><strong>in</strong></span> <span class='ocrx_word' id='word_1_761' title='bbox 818 4763 1025 4819; x_wconf 91' lang='lat' dir='ltr'><strong>eodem</strong></span> <span class='ocrx_word' id='word_1_762' title='bbox 1057 4763 1135 4819; x_wconf 92' lang='lat' dir='ltr'><strong>sit</strong></span> <span class='ocrx_word' id='word_1_763' title='bbox 1164 4762 1332 4832; x_wconf 90' lang='lat' dir='ltr'><strong>illud,</strong></span> <span class='ocrx_word' id='word_1_764' title='bbox 1354 4764 1510 4835; x_wconf 89' lang='lat' dir='ltr'><strong>quod</strong></span> <span class='ocrx_word' id='word_1_765' title='bbox 1544 4781 1678 4820; x_wconf 92' lang='lat' dir='ltr'><strong>cum</strong></span> <span class='ocrx_word' id='word_1_766' title='bbox 1711 4764 1893 4821; x_wconf 89' lang='lat' dir='ltr'><strong>altero</strong></span> <span class='ocrx_word' id='word_1_767' title='bbox 1926 4770 2015 4821; x_wconf 89' lang='lat' dir='ltr'><strong>est</strong></span> <span class='ocrx_word' id='word_1_768' title='bbox 2044 4772 2090 4837; x_wconf 87' lang='lat' dir='ltr'><strong>D</strong></span> <span class='ocrx_word' id='word_1_769' title='bbox 2122 4766 2180 4819; x_wconf 89' lang='lat' dir='ltr'><strong>et</strong></span> <span class='ocrx_word' id='word_1_770' title='bbox 2210 4761 2339 4817; x_wconf 89' lang='lat' dir='ltr'><strong>Filii</strong></span> <span class='ocrx_word' id='word_1_771' title='bbox 2371 4765 2427 4817; x_wconf 87' lang='lat' dir='ltr'><strong>et</strong></span> <span class='ocrx_word' id='word_1_772' title='bbox 2457 4761 2712 4834; x_wconf 66' lang='lat' dir='ltr'><strong>Spiritus</strong></span> <span class='ocrx_word' id='word_1_773' title='bbox 2732 4760 2920 4817; x_wconf 89' lang='lat' dir='ltr'><strong>sancti</strong></span> <span class='ocrx_word' id='word_1_774' title='bbox 2946 4761 3072 4834; x_wconf 88' lang='lat' dir='ltr'><strong>pari</strong></span> <span class='ocrx_word' id='word_1_775' title='bbox 3099 4761 3322 4819; x_wconf 88' lang='lat' dir='ltr'><strong>ratione</strong></span> <span class='ocrx_word' id='word_1_776' title='bbox 3347 4761 3604 4819; x_wconf 84' lang='lat' dir='ltr'><strong>difﬁcilis</strong></span> <span class='ocrx_word' id='word_1_777' title='bbox 3631 4780 3772 4822; x_wconf 90' lang='lat' dir='ltr'><strong>con-</strong></span> 
     </span>
    </p>
   </div>
   <div class='ocr_carea' id='block_1_88' title="bbox 360 4851 2011 4926">
    <p class='ocr_par' dir='ltr' id='par_1_88' title="bbox 360 4851 2011 4926">
     <span class='ocr_line' id='line_1_88' title="bbox 360 4851 2011 4926; baseline 0.002 -19"><span class='ocrx_word' id='word_1_778' title='bbox 360 4868 571 4921; x_wconf 90' lang='lat' dir='ltr'><strong>unum,</strong></span> <span class='ocrx_word' id='word_1_779' title='bbox 594 4851 695 4907; x_wconf 92' lang='lat' dir='ltr'><strong>sed</strong></span> <span class='ocrx_word' id='word_1_780' title='bbox 719 4852 871 4924; x_wconf 91' lang='lat' dir='ltr'><strong>quod</strong></span> <span class='ocrx_word' id='word_1_781' title='bbox 890 4851 1015 4924; x_wconf 90' lang='lat' dir='ltr'><strong>ipse</strong></span> <span class='ocrx_word' id='word_1_782' title='bbox 1044 4852 1104 4908; x_wconf 91' lang='lat' dir='ltr'><strong>in</strong></span> <span class='ocrx_word' id='word_1_783' title='bbox 1134 4854 1301 4909; x_wconf 89' lang='lat' dir='ltr'><strong>Patre</strong></span> <span class='ocrx_word' id='word_1_784' title='bbox 1318 4857 1376 4909; x_wconf 90' lang='lat' dir='ltr'><strong>et</strong></span> <span class='ocrx_word' id='word_1_785' title='bbox 1406 4853 1574 4910; x_wconf 90' lang='lat' dir='ltr'><strong>Pater</strong></span> <span class='ocrx_word' id='word_1_786' title='bbox 1603 4854 1663 4908; x_wconf 91' lang='lat' dir='ltr'><strong>in</strong></span> <span class='ocrx_word' id='word_1_787' title='bbox 1685 4853 1814 4926; x_wconf 93' lang='lat' dir='ltr'><strong>ipso</strong></span> <span class='ocrx_word' id='word_1_788' title='bbox 1836 4858 2011 4922; x_wconf 87' lang='lat' dir='ltr'><strong>esset,</strong></span> 
     </span>
    </p>
   </div>
   <div class='ocr_carea' id='block_1_89' title="bbox 361 4942 2010 5015">
    <p class='ocr_par' dir='ltr' id='par_1_89' title="bbox 361 4942 2010 5015">
     <span class='ocr_line' id='line_1_89' title="bbox 361 4942 2010 5015; baseline 0.003 -20"><span class='ocrx_word' id='word_1_789' title='bbox 361 4942 811 5012; x_wconf 89' lang='lat' dir='ltr'><strong>coaptationem,</strong></span> <span class='ocrx_word' id='word_1_790' title='bbox 848 4942 1531 5015; x_wconf 88' lang='lat' dir='ltr'><strong>inseparabilitatemque</strong></span> <span class='ocrx_word' id='word_1_791' title='bbox 1574 4943 2010 5001; x_wconf 89' lang='lat' dir='ltr'><strong>demonstrans.</strong></span> 
     </span>
    </p>
   </div>
   <div class='ocr_carea' id='block_1_90' title="bbox 364 5028 2013 5106">
    <p class='ocr_par' dir='ltr' id='par_1_90' title="bbox 364 5028 2013 5106">
     <span class='ocr_line' id='line_1_90' title="bbox 364 5028 2013 5106; baseline 0.004 -22"><span class='ocrx_word' id='word_1_792' title='bbox 364 5028 687 5084; x_wconf 80' lang='lat' dir='ltr'><strong>Vertendum</strong></span> <span class='ocrx_word' id='word_1_793' title='bbox 726 5047 744 5085; x_wconf 93' lang='lat'><em>:</em></span> <span class='ocrx_word' id='word_1_794' title='bbox 793 5032 974 5086; x_wconf 84' lang='lat' dir='ltr'><strong>Infert</strong></span> <span class='ocrx_word' id='word_1_795' title='bbox 1018 5031 1219 5105; x_wconf 90' lang='lat' dir='ltr'><strong>igitur,</strong></span> <span class='ocrx_word' id='word_1_796' title='bbox 1252 5034 1316 5090; x_wconf 80' lang='lat' dir='ltr'><strong>Ut</strong></span> <span class='ocrx_word' id='word_1_797' title='bbox 1357 5034 1689 5104; x_wconf 81' lang='lat' dir='ltr'><strong>cognoscatis</strong></span> <span class='ocrx_word' id='word_1_798' title='bbox 1734 5033 1874 5106; x_wconf 86' lang='lat' dir='ltr'><strong>quod</strong></span> <span class='ocrx_word' id='word_1_799' title='bbox 1920 5049 2013 5105; x_wconf 88' lang='lat' dir='ltr'><strong>ego</strong></span> 
     </span>
    </p>
   </div>
   <div class='ocr_carea' id='block_1_91' title="bbox 358 5118 2011 5192">
    <p class='ocr_par' dir='ltr' id='par_1_91' title="bbox 358 5118 2011 5192">
     <span class='ocr_line' id='line_1_91' title="bbox 358 5118 2011 5192; baseline 0.005 -21"><span class='ocrx_word' id='word_1_800' title='bbox 358 5118 420 5173; x_wconf 88' lang='lat' dir='ltr'><strong>in</strong></span> <span class='ocrx_word' id='word_1_801' title='bbox 449 5119 637 5187; x_wconf 80' lang='lat' dir='ltr'><strong>Patre,</strong></span> <span class='ocrx_word' id='word_1_802' title='bbox 667 5126 719 5174; x_wconf 80' lang='lat' dir='ltr'><strong>et</strong></span> <span class='ocrx_word' id='word_1_803' title='bbox 745 5125 915 5176; x_wconf 83' lang='lat' dir='ltr'><strong>Pater</strong></span> <span class='ocrx_word' id='word_1_804' title='bbox 943 5122 1005 5175; x_wconf 88' lang='lat' dir='ltr'><strong>in</strong></span> <span class='ocrx_word' id='word_1_805' title='bbox 1031 5137 1157 5184; x_wconf 87' lang='lat' dir='ltr'><strong>me;</strong></span> <span class='ocrx_word' id='word_1_806' title='bbox 1190 5122 1332 5192; x_wconf 90' lang='lat' dir='ltr'><strong>quid</strong></span> <span class='ocrx_word' id='word_1_807' title='bbox 1363 5122 1521 5177; x_wconf 89' lang='lat' dir='ltr'><strong>enim</strong></span> <span class='ocrx_word' id='word_1_808' title='bbox 1554 5123 1632 5178; x_wconf 91' lang='lat' dir='ltr'><strong>sit</strong></span> <span class='ocrx_word' id='word_1_809' title='bbox 1663 5140 1848 5179; x_wconf 92' lang='lat' dir='ltr'><strong>unum</strong></span> <span class='ocrx_word' id='word_1_810' title='bbox 1880 5139 2011 5180; x_wconf 90' lang='lat' dir='ltr'><strong>esse</strong></span> 
     </span>
    </p>
   </div>
   <div class='ocr_carea' id='block_1_92' title="bbox 358 5206 2010 5285">
    <p class='ocr_par' dir='ltr' id='par_1_92' title="bbox 358 5206 2010 5285">
     <span class='ocr_line' id='line_1_92' title="bbox 358 5206 2010 5285; baseline 0.004 -22"><span class='ocrx_word' id='word_1_811' title='bbox 358 5206 678 5278; x_wconf 85' lang='lat' dir='ltr'><strong>explicans,</strong></span> <span class='ocrx_word' id='word_1_812' title='bbox 702 5224 819 5263; x_wconf 88' lang='lat' dir='ltr'><strong>non</strong></span> <span class='ocrx_word' id='word_1_813' title='bbox 849 5209 908 5263; x_wconf 91' lang='lat' dir='ltr'><strong>in</strong></span> <span class='ocrx_word' id='word_1_814' title='bbox 940 5226 1005 5265; x_wconf 92' lang='lat' dir='ltr'><strong>eo</strong></span> <span class='ocrx_word' id='word_1_815' title='bbox 1037 5211 1357 5267; x_wconf 89' lang='lat' dir='ltr'><strong>consistere</strong></span> <span class='ocrx_word' id='word_1_816' title='bbox 1387 5211 1591 5280; x_wconf 90' lang='lat' dir='ltr'><strong>voluit,</strong></span> <span class='ocrx_word' id='word_1_817' title='bbox 1613 5216 1678 5268; x_wconf 91' lang='lat' dir='ltr'><strong>ut</strong></span> <span class='ocrx_word' id='word_1_818' title='bbox 1709 5212 1833 5285; x_wconf 90' lang='lat' dir='ltr'><strong>ipse</strong></span> <span class='ocrx_word' id='word_1_819' title='bbox 1856 5213 2010 5269; x_wconf 89' lang='lat' dir='ltr'><strong>idem</strong></span> 
     </span>
    </p>
   </div>
   <div class='ocr_carea' id='block_1_93' title="bbox 358 5295 2006 5373">
    <p class='ocr_par' dir='ltr' id='par_1_93' title="bbox 358 5295 2006 5373">
     <span class='ocr_line' id='line_1_93' title="bbox 358 5295 2006 5373; baseline 0.003 -21"><span class='ocrx_word' id='word_1_820' title='bbox 358 5296 455 5365; x_wconf 92' lang='lat' dir='ltr'><strong>sit,</strong></span> <span class='ocrx_word' id='word_1_821' title='bbox 485 5295 584 5368; x_wconf 91' lang='lat' dir='ltr'><strong>qui</strong></span> <span class='ocrx_word' id='word_1_822' title='bbox 616 5295 714 5351; x_wconf 89' lang='lat' dir='ltr'><strong>ille</strong></span> <span class='ocrx_word' id='word_1_823' title='bbox 764 5298 836 5354; x_wconf 88' lang='lat' dir='ltr'><strong>ad</strong></span> <span class='ocrx_word' id='word_1_824' title='bbox 868 5314 1045 5369; x_wconf 91' lang='lat' dir='ltr'><strong>quem</strong></span> <span class='ocrx_word' id='word_1_825' title='bbox 1077 5300 1345 5369; x_wconf 85' lang='lat' dir='ltr'><strong>refertur,</strong></span> <span class='ocrx_word' id='word_1_826' title='bbox 1380 5301 1481 5356; x_wconf 90' lang='lat' dir='ltr'><strong>sed</strong></span> <span class='ocrx_word' id='word_1_827' title='bbox 1513 5302 2006 5373; x_wconf 81' lang='lat' dir='ltr'><strong>conjunctionem,</strong></span> 
     </span>
    </p>
   </div>
   <div class='ocr_carea' id='block_1_94' title="bbox 355 5384 2010 5463">
    <p class='ocr_par' dir='ltr' id='par_1_94' title="bbox 355 5384 2010 5463">
     <span class='ocr_line' id='line_1_94' title="bbox 355 5384 2010 5463; baseline 0.004 -22"><span class='ocrx_word' id='word_1_828' title='bbox 355 5384 1037 5459; x_wconf 87' lang='lat' dir='ltr'><strong>inseparabilitatemque</strong></span> <span class='ocrx_word' id='word_1_829' title='bbox 1086 5388 1417 5460; x_wconf 83' lang='lat' dir='ltr'><strong>significare</strong></span> <span class='ocrx_word' id='word_1_830' title='bbox 1446 5390 1547 5459; x_wconf 88' lang='lat' dir='ltr'><strong>ait,</strong></span> <span class='ocrx_word' id='word_1_831' title='bbox 1582 5407 1647 5446; x_wconf 91' lang='lat' dir='ltr'><strong>eo</strong></span> <span class='ocrx_word' id='word_1_832' title='bbox 1699 5393 1854 5463; x_wconf 90' lang='lat' dir='ltr'><strong>quod</strong></span> <span class='ocrx_word' id='word_1_833' title='bbox 1882 5391 2010 5463; x_wconf 91' lang='lat' dir='ltr'><strong>ipse</strong></span> 
     </span>
    </p>
   </div>
   <div class='ocr_carea' id='block_1_95' title="bbox 354 5473 1329 5546">
    <p class='ocr_par' dir='ltr' id='par_1_95' title="bbox 354 5473 1329 5546">
     <span class='ocr_line' id='line_1_95' title="bbox 354 5473 1329 5546; baseline 0.002 -15"><span class='ocrx_word' id='word_1_834' title='bbox 354 5473 414 5531; x_wconf 91' lang='lat' dir='ltr'><strong>in</strong></span> <span class='ocrx_word' id='word_1_835' title='bbox 446 5474 636 5546; x_wconf 83' lang='lat' dir='ltr'><strong>Patre,</strong></span> <span class='ocrx_word' id='word_1_836' title='bbox 672 5478 731 5530; x_wconf 93' lang='lat' dir='ltr'><strong>et</strong></span> <span class='ocrx_word' id='word_1_837' title='bbox 760 5478 932 5531; x_wconf 91' lang='lat' dir='ltr'><strong>Pater</strong></span> <span class='ocrx_word' id='word_1_838' title='bbox 960 5475 1022 5532; x_wconf 90' lang='lat' dir='ltr'><strong>in</strong></span> <span class='ocrx_word' id='word_1_839' title='bbox 1052 5476 1197 5533; x_wconf 91' lang='lat' dir='ltr'><strong>Filio</strong></span> <span class='ocrx_word' id='word_1_840' title='bbox 1230 5478 1329 5534; x_wconf 91' lang='lat' dir='ltr'><strong>sit.</strong></span> 
     </span>
    </p>
   </div>
   <div class='ocr_carea' id='block_1_96' title="bbox 446 5579 1335 5657">
    <p class='ocr_par' dir='ltr' id='par_1_96' title="bbox 446 5579 1335 5657">
     <span class='ocr_line' id='line_1_96' title="bbox 446 5579 1335 5657; baseline 0.006 -21"><span class='ocrx_word' id='word_1_841' title='bbox 446 5584 508 5657; x_wconf 80' lang='grc' dir='ltr'><strong>ᾳ)</strong></span> <span class='ocrx_word' id='word_1_842' title='bbox 538 5579 664 5657; x_wconf 62' lang='lat' dir='ltr'><strong>:I_‘._I</strong></span> <span class='ocrx_word' id='word_1_843' title='bbox 698 5582 880 5657; x_wconf 80' lang='lat' dir='ltr'><strong>[nune</strong></span> <span class='ocrx_word' id='word_1_844' title='bbox 900 5586 957 5657; x_wconf 90' lang='lat' dir='ltr'><strong>_t.</strong></span> <span class='ocrx_word' id='word_1_845' title='bbox 990 5583 1085 5656; x_wconf 90' lang='lat' dir='ltr'><strong>II],</strong></span> <span class='ocrx_word' id='word_1_846' title='bbox 1118 5600 1177 5657; x_wconf 92' lang='lat' dir='ltr'><strong>p.</strong></span> <span class='ocrx_word' id='word_1_847' title='bbox 1209 5584 1335 5641; x_wconf 90' lang='lat'><strong>608.</strong></span> 
     </span>
    </p>
   </div>
   <div class='ocr_carea' id='block_1_97' title="bbox 455 5652 941 5725">
    <p class='ocr_par' dir='ltr' id='par_1_97' title="bbox 455 5652 941 5725">
     <span class='ocr_line' id='line_1_97' title="bbox 455 5652 941 5725; baseline 0.002 -16"><span class='ocrx_word' id='word_1_848' title='bbox 455 5653 505 5722; x_wconf 89' lang='lat' dir='ltr'><strong>b)</strong></span> <span class='ocrx_word' id='word_1_849' title='bbox 529 5652 779 5725; x_wconf 49' lang='lat' dir='ltr'><strong>ibid.*p.</strong></span> <span class='ocrx_word' id='word_1_850' title='bbox 816 5654 941 5711; x_wconf 77' lang='grc'><strong>491.</strong></span> 
     </span>
    </p>
   </div>
   <div class='ocr_carea' id='block_1_98' title="bbox 423 5723 930 5958">
    <p class='ocr_par' dir='ltr' id='par_1_98' title="bbox 423 5723 930 5958">
     <span class='ocr_line' id='line_1_98' title="bbox 425 5723 930 5853; baseline 0.008 -74"><span class='ocrx_word' id='word_1_851' title='bbox 425 5723 497 5853; x_wconf 51' lang='lat'><strong>((02</strong></span> <span class='ocrx_word' id='word_1_852' title='bbox 528 5723 677 5805; x_wconf 80' lang='lat' dir='ltr'><strong>Ibid.</strong></span> <span class='ocrx_word' id='word_1_853' title='bbox 711 5723 769 5797; x_wconf 74' lang='lat' dir='ltr'><strong>p.</strong></span> <span class='ocrx_word' id='word_1_854' title='bbox 803 5725 930 5783; x_wconf 83' lang='grc'><strong>494.</strong></span> 
     </span>
     <span class='ocr_line' id='line_1_99' title="bbox 487 5794 930 5871; baseline 0.011 -18"><span class='ocrx_word' id='word_1_855' title='bbox 487 5798 506 5871; x_wconf 91' lang='grc'>)</span> <span class='ocrx_word' id='word_1_856' title='bbox 535 5794 683 5855; x_wconf 67' lang='grc' dir='ltr'>Ιϋιᾱ.</span> <span class='ocrx_word' id='word_1_857' title='bbox 716 5813 775 5870; x_wconf 83' lang='grc' dir='ltr'><strong>Ρ.</strong></span> <span class='ocrx_word' id='word_1_858' title='bbox 806 5797 930 5858; x_wconf 81' lang='grc'><strong>490.</strong></span> 
     </span>
     <span class='ocr_line' id='line_1_100' title="bbox 423 5799 929 5958; baseline 0.012 -32"><span class='ocrx_word' id='word_1_859' title='bbox 423 5799 497 5958; x_wconf 59' lang='grc' dir='ltr'><strong>ξε)</strong></span> <span class='ocrx_word' id='word_1_860' title='bbox 526 5866 678 5931; x_wconf 75' lang='lat' dir='ltr'><strong>Ibid.</strong></span> <span class='ocrx_word' id='word_1_861' title='bbox 708 5884 769 5944; x_wconf 81' lang='lat' dir='ltr'><strong>p.</strong></span> <span class='ocrx_word' id='word_1_862' title='bbox 798 5868 929 5932; x_wconf 83' lang='lat'><strong>732.</strong></span> 
     </span>
    </p>
   </div>
   <div class='ocr_carea' id='block_1_99' title="bbox 447 5794 931 5953">
    <p class='ocr_par' dir='ltr' id='par_1_99' title="bbox 447 5794 931 5953">
     <span class='ocr_line' id='line_1_101' title="bbox 447 5794 931 5871; baseline 0.01 -18"><span class='ocrx_word' id='word_1_863' title='bbox 447 5794 506 5871; x_wconf 82' lang='grc' dir='ltr'><strong>ά)</strong></span> <span class='ocrx_word' id='word_1_864' title='bbox 535 5794 683 5855; x_wconf 92' lang='lat' dir='ltr'><strong>Ibid.</strong></span> <span class='ocrx_word' id='word_1_865' title='bbox 711 5794 775 5870; x_wconf 63' lang='lat' dir='ltr'><strong>‘p.</strong></span> <span class='ocrx_word' id='word_1_866' title='bbox 806 5797 931 5858; x_wconf 71' lang='lat'><strong>1.90.</strong></span> 
     </span>
     <span class='ocr_line' id='line_1_102' title="bbox 447 5866 929 5953; baseline 0.01 -26"><span class='ocrx_word' id='word_1_867' title='bbox 447 5867 497 5953; x_wconf 78' lang='grc' dir='ltr'><strong>θ)</strong></span> <span class='ocrx_word' id='word_1_868' title='bbox 526 5866 678 5931; x_wconf 81' lang='lat' dir='ltr'><strong>Ibid.</strong></span> <span class='ocrx_word' id='word_1_869' title='bbox 708 5884 769 5944; x_wconf 88' lang='lat' dir='ltr'><strong>p.</strong></span> <span class='ocrx_word' id='word_1_870' title='bbox 798 5868 929 5932; x_wconf 83' lang='lat'><strong>732.</strong></span> 
     </span>
    </p>
   </div>
   <div class='ocr_carea' id='block_1_100' title="bbox 2122 4850 3099 4924">
    <p class='ocr_par' dir='ltr' id='par_1_100' title="bbox 2122 4850 3099 4924">
     <span class='ocr_line' id='line_1_103' title="bbox 2122 4850 3099 4924; baseline -0.003 -15"><span class='ocrx_word' id='word_1_871' title='bbox 2122 4850 2448 4924; x_wconf 87' lang='lat' dir='ltr'><strong>templatio,</strong></span> <span class='ocrx_word' id='word_1_872' title='bbox 2481 4856 2540 4907; x_wconf 90' lang='lat' dir='ltr'><strong>et</strong></span> <span class='ocrx_word' id='word_1_873' title='bbox 2570 4868 2687 4907; x_wconf 90' lang='lat' dir='ltr'><strong>una</strong></span> <span class='ocrx_word' id='word_1_874' title='bbox 2715 4851 2793 4908; x_wconf 90' lang='lat' dir='ltr'><strong>sit</strong></span> <span class='ocrx_word' id='word_1_875' title='bbox 2822 4850 3099 4922; x_wconf 91' lang='lat' dir='ltr'><strong>operatio.</strong></span> 
     </span>
    </p>
   </div>
   <div class='ocr_carea' id='block_1_101' title="bbox 2198 4941 3773 5017">
    <p class='ocr_par' dir='ltr' id='par_1_101' title="bbox 2198 4941 3773 5017">
     <span class='ocr_line' id='line_1_104' title="bbox 2198 4941 3773 5017; baseline 0.004 -26"><span class='ocrx_word' id='word_1_876' title='bbox 2198 4963 2225 4991; x_wconf 84' lang='grc'><strong>‹‹</strong></span> <span class='ocrx_word' id='word_1_877' title='bbox 2256 4946 2325 4997; x_wconf 87' lang='lat' dir='ltr'><strong>In</strong></span> <span class='ocrx_word' id='word_1_878' title='bbox 2353 4941 2603 4997; x_wconf 85' lang='lat' dir='ltr'><strong>oratione</strong></span> <span class='ocrx_word' id='word_1_879' title='bbox 2662 4943 2695 4995; x_wconf 82' lang='grc'>4</span> <span class='ocrx_word' id='word_1_880' title='bbox 2750 4949 2939 4997; x_wconf 80' lang='lat' dir='ltr'><strong>contra</strong></span> <span class='ocrx_word' id='word_1_881' title='bbox 2985 4942 3214 4997; x_wconf 85' lang='lat' dir='ltr'><strong>Arianos</strong></span> <span class='ocrx_word' id='word_1_882' title='bbox 3270 4941 3334 5015; x_wconf 89' lang='lat' dir='ltr'><strong>(i)</strong></span> <span class='ocrx_word' id='word_1_883' title='bbox 3384 4958 3397 4996; x_wconf 89' lang='lat'><strong>:</strong></span> <span class='ocrx_word' id='word_1_884' title='bbox 3448 4941 3513 4996; x_wconf 77' lang='lat' dir='ltr'><strong>Ei</strong></span> <span class='ocrx_word' id='word_1_885' title='bbox 3548 4942 3652 5017; x_wconf 82' lang='grc' dir='ltr'>γὰρ</span> <span class='ocrx_word' id='word_1_886' title='bbox 3704 4943 3773 4998; x_wconf 75' lang='grc' dir='ltr'>τὰ</span> 
     </span>
    </p>
   </div>
   <div class='ocr_carea' id='block_1_102' title="bbox 2120 5026 3769 5106">
    <p class='ocr_par' dir='ltr' id='par_1_102' title="bbox 2120 5026 3769 5106">
     <span class='ocr_line' id='line_1_105' title="bbox 2120 5026 3769 5106; baseline 0.002 -23"><span class='ocrx_word' id='word_1_887' title='bbox 2120 5033 2216 5083; x_wconf 79' lang='grc' dir='ltr'>τοῦ</span> <span class='ocrx_word' id='word_1_888' title='bbox 2246 5029 2456 5104; x_wconf 85' lang='grc' dir='ltr'>Πατρὸς</span> <span class='ocrx_word' id='word_1_889' title='bbox 2487 5033 2581 5082; x_wconf 77' lang='grc' dir='ltr'>τοῦ</span> <span class='ocrx_word' id='word_1_890' title='bbox 2615 5029 2743 5083; x_wconf 80' lang='grc' dir='ltr'><strong>Υἱοῦ</strong></span> <span class='ocrx_word' id='word_1_891' title='bbox 2776 5027 2937 5099; x_wconf 79' lang='grc' dir='ltr'>ἐστιν,</span> <span class='ocrx_word' id='word_1_892' title='bbox 2972 5028 3052 5083; x_wconf 86' lang='grc' dir='ltr'><strong>ἀεὶ</strong></span> <span class='ocrx_word' id='word_1_893' title='bbox 3076 5026 3133 5083; x_wconf 74' lang='grc' dir='ltr'><strong>δὲ</strong></span> <span class='ocrx_word' id='word_1_894' title='bbox 3154 5033 3322 5083; x_wconf 74' lang='grc' dir='ltr'>ταῦτα</span> <span class='ocrx_word' id='word_1_895' title='bbox 3352 5026 3469 5106; x_wconf 82' lang='grc' dir='ltr'>ἔχει</span> <span class='ocrx_word' id='word_1_896' title='bbox 3500 5032 3527 5085; x_wconf 90' lang='lat'><strong>6</strong></span> <span class='ocrx_word' id='word_1_897' title='bbox 3558 5033 3769 5105; x_wconf 77' lang='grc' dir='ltr'>Πατήρ-</span> 
     </span>
    </p>
   </div>
   <div class='ocr_carea' id='block_1_103' title="bbox 2123 5112 3768 5196">
    <p class='ocr_par' dir='ltr' id='par_1_103' title="bbox 2123 5112 3768 5196">
     <span class='ocr_line' id='line_1_106' title="bbox 2123 5112 3768 5196; baseline 0.002 -23"><span class='ocrx_word' id='word_1_898' title='bbox 2123 5115 2381 5189; x_wconf 79' lang='grc' dir='ltr'>δηλονότι</span> <span class='ocrx_word' id='word_1_899' title='bbox 2412 5116 2446 5171; x_wconf 74' lang='grc' dir='ltr'><strong>ἀ</strong></span> <span class='ocrx_word' id='word_1_900' title='bbox 2485 5114 2603 5193; x_wconf 82' lang='grc' dir='ltr'>ἔχει</span> <span class='ocrx_word' id='word_1_901' title='bbox 2634 5119 2661 5173; x_wconf 88' lang='lat'><strong>6</strong></span> <span class='ocrx_word' id='word_1_902' title='bbox 2692 5118 2816 5179; x_wconf 70' lang='grc' dir='ltr'>Υἱὸς</span> <span class='ocrx_word' id='word_1_903' title='bbox 2863 5122 3031 5172; x_wconf 78' lang='grc' dir='ltr'>ταῦτα</span> <span class='ocrx_word' id='word_1_904' title='bbox 3081 5112 3210 5173; x_wconf 72' lang='grc' dir='ltr'>ὅντα</span> <span class='ocrx_word' id='word_1_905' title='bbox 3255 5122 3351 5173; x_wconf 77' lang='grc' dir='ltr'>τοῦ</span> <span class='ocrx_word' id='word_1_906' title='bbox 3402 5120 3632 5196; x_wconf 86' lang='grc' dir='ltr'>Πατρὸς,</span> <span class='ocrx_word' id='word_1_907' title='bbox 3686 5121 3768 5176; x_wconf 80' lang='grc' dir='ltr'><strong>ἀεὶ</strong></span> 
     </span>
    </p>
   </div>
   <div class='ocr_carea' id='block_1_104' title="bbox 2121 5205 3771 5284">
    <p class='ocr_par' dir='ltr' id='par_1_104' title="bbox 2121 5205 3771 5284">
     <span class='ocr_line' id='line_1_107' title="bbox 2121 5205 3771 5284; baseline 0.002 -22"><span class='ocrx_word' id='word_1_908' title='bbox 2121 5206 2260 5263; x_wconf 80' lang='grc' dir='ltr'>ἐστὶν</span> <span class='ocrx_word' id='word_1_909' title='bbox 2286 5207 2336 5262; x_wconf 82' lang='grc' dir='ltr'><strong>έν</strong></span> <span class='ocrx_word' id='word_1_910' title='bbox 2370 5206 2536 5280; x_wconf 68' lang='grc' dir='ltr'>αὐτῷ,</span> <span class='ocrx_word' id='word_1_911' title='bbox 2572 5206 2633 5262; x_wconf 76' lang='grc' dir='ltr'><strong>οὐ</strong></span> <span class='ocrx_word' id='word_1_912' title='bbox 2667 5205 2755 5262; x_wconf 79' lang='grc' dir='ltr'><strong>διὰ</strong></span> <span class='ocrx_word' id='word_1_913' title='bbox 2782 5208 2843 5261; x_wconf 90' lang='grc' dir='ltr'><strong>τὸ</strong></span> <span class='ocrx_word' id='word_1_914' title='bbox 2879 5208 2954 5280; x_wconf 78' lang='grc' dir='ltr'>μὴ</span> <span class='ocrx_word' id='word_1_915' title='bbox 2999 5206 3288 5284; x_wconf 83' lang='grc' dir='ltr'>ἐσχηκέναι</span> <span class='ocrx_word' id='word_1_916' title='bbox 3320 5206 3411 5263; x_wconf 76' lang='grc' dir='ltr'><strong>οὖν</strong></span> <span class='ocrx_word' id='word_1_917' title='bbox 3442 5229 3576 5264; x_wconf 86' lang='grc' dir='ltr'>ποτε</span> <span class='ocrx_word' id='word_1_918' title='bbox 3603 5214 3771 5265; x_wconf 78' lang='grc' dir='ltr'>ταῦτα</span> 
     </span>
    </p>
   </div>
   <div class='ocr_carea' id='block_1_105' title="bbox 2121 5292 3771 5375">
    <p class='ocr_par' dir='ltr' id='par_1_105' title="bbox 2121 5292 3771 5375">
     <span class='ocr_line' id='line_1_108' title="bbox 2121 5292 3771 5375; baseline 0.002 -24"><span class='ocrx_word' id='word_1_919' title='bbox 2121 5292 2328 5372; x_wconf 79' lang='grc' dir='ltr'>ἔλεγεν,</span> <span class='ocrx_word' id='word_1_920' title='bbox 2379 5295 2505 5352; x_wconf 89' lang='grc' dir='ltr'>ἀλλ’</span> <span class='ocrx_word' id='word_1_921' title='bbox 2537 5296 2621 5352; x_wconf 78' lang='grc' dir='ltr'>ὅτι</span> <span class='ocrx_word' id='word_1_922' title='bbox 2669 5292 2811 5373; x_wconf 78' lang='grc' dir='ltr'>ἔχων</span> <span class='ocrx_word' id='word_1_923' title='bbox 2848 5294 3038 5360; x_wconf 83' lang='grc' dir='ltr'>ἀϊδίως</span> <span class='ocrx_word' id='word_1_924' title='bbox 3070 5298 3098 5351; x_wconf 90' lang='lat'><strong>6</strong></span> <span class='ocrx_word' id='word_1_925' title='bbox 3130 5298 3252 5359; x_wconf 78' lang='grc' dir='ltr'>Υἱὸς</span> <span class='ocrx_word' id='word_1_926' title='bbox 3282 5296 3315 5351; x_wconf 76' lang='grc' dir='ltr'>ἃ</span> <span class='ocrx_word' id='word_1_927' title='bbox 3343 5294 3464 5374; x_wconf 69' lang='grc' dir='ltr'>ἔχει</span> <span class='ocrx_word' id='word_1_928' title='bbox 3505 5299 3651 5375; x_wconf 87' lang='grc' dir='ltr'><strong>παρά</strong></span> <span class='ocrx_word' id='word_1_929' title='bbox 3674 5304 3771 5355; x_wconf 75' lang='grc' dir='ltr'>τοῦ</span> 
     </span>
    </p>
   </div>
   <div class='ocr_carea' id='block_1_106' title="bbox 2118 5386 3770 5462">
    <p class='ocr_par' dir='ltr' id='par_1_106' title="bbox 2118 5386 3770 5462">
     <span class='ocr_line' id='line_1_109' title="bbox 2118 5386 3770 5462; baseline 0.004 -21"><span class='ocrx_word' id='word_1_930' title='bbox 2118 5389 2329 5462; x_wconf 86' lang='grc' dir='ltr'>Πατρὸς</span> <span class='ocrx_word' id='word_1_931' title='bbox 2363 5386 2501 5462; x_wconf 78' lang='grc' dir='ltr'>ἔχει.</span> <span class='ocrx_word' id='word_1_932' title='bbox 2528 5389 2781 5444; x_wconf 83' lang='lat' dir='ltr'><strong>Nannius</strong></span> <span class='ocrx_word' id='word_1_933' title='bbox 2814 5406 2826 5442; x_wconf 90' lang='lat'><strong>:</strong></span> <span class='ocrx_word' id='word_1_934' title='bbox 2860 5388 2921 5444; x_wconf 91' lang='lat' dir='ltr'><strong>Si</strong></span> <span class='ocrx_word' id='word_1_935' title='bbox 2952 5388 3109 5444; x_wconf 91' lang='lat' dir='ltr'><strong>enim</strong></span> <span class='ocrx_word' id='word_1_936' title='bbox 3141 5405 3269 5460; x_wconf 74' lang='lat' dir='ltr'><strong>quae</strong></span> <span class='ocrx_word' id='word_1_937' title='bbox 3310 5388 3498 5446; x_wconf 89' lang='lat' dir='ltr'><strong>Patris</strong></span> <span class='ocrx_word' id='word_1_938' title='bbox 3529 5393 3669 5447; x_wconf 87' lang='lat' dir='ltr'><strong>sunt</strong></span> <span class='ocrx_word' id='word_1_939' title='bbox 3698 5391 3770 5446; x_wconf 91' lang='lat' dir='ltr'><strong>ad</strong></span> 
     </span>
    </p>
   </div>
   <div class='ocr_carea' id='block_1_107' title="bbox 2121 5476 3770 5550">
    <p class='ocr_par' dir='ltr' id='par_1_107' title="bbox 2121 5476 3770 5550">
     <span class='ocr_line' id='line_1_110' title="bbox 2121 5476 3770 5550; baseline 0.002 -18"><span class='ocrx_word' id='word_1_940' title='bbox 2121 5476 2331 5533; x_wconf 87' lang='lat' dir='ltr'><strong>Filium</strong></span> <span class='ocrx_word' id='word_1_941' title='bbox 2377 5478 2690 5550; x_wconf 87' lang='lat' dir='ltr'><strong>pertinent,</strong></span> <span class='ocrx_word' id='word_1_942' title='bbox 2721 5482 2779 5534; x_wconf 92' lang='lat' dir='ltr'><strong>et</strong></span> <span class='ocrx_word' id='word_1_943' title='bbox 2808 5494 3041 5550; x_wconf 89' lang='lat' dir='ltr'><strong>semper</strong></span> <span class='ocrx_word' id='word_1_944' title='bbox 3086 5476 3187 5533; x_wconf 83' lang='lat' dir='ltr'><strong>illa</strong></span> <span class='ocrx_word' id='word_1_945' title='bbox 3216 5481 3388 5534; x_wconf 90' lang='lat' dir='ltr'><strong>Pater</strong></span> <span class='ocrx_word' id='word_1_946' title='bbox 3417 5478 3615 5550; x_wconf 86' lang='lat' dir='ltr'><strong>habet,</strong></span> <span class='ocrx_word' id='word_1_947' title='bbox 3648 5495 3770 5536; x_wconf 82' lang='lat' dir='ltr'><strong>cer-</strong></span> 
     </span>
    </p>
   </div>
   <div class='ocr_carea' id='block_1_108' title="bbox 2187 5584 3077 5657">
    <p class='ocr_par' dir='ltr' id='par_1_108' title="bbox 2187 5584 3077 5657">
     <span class='ocr_line' id='line_1_111' title="bbox 2187 5584 3077 5657; baseline -0.002 -14"><span class='ocrx_word' id='word_1_948' title='bbox 2187 5585 2257 5656; x_wconf 77' lang='lat' dir='ltr'><strong>(f)</strong></span> <span class='ocrx_word' id='word_1_949' title='bbox 2286 5586 2353 5641; x_wconf 91' lang='lat' dir='ltr'><strong>T.</strong></span> <span class='ocrx_word' id='word_1_950' title='bbox 2386 5585 2434 5641; x_wconf 96' lang='grc' dir='ltr'>ΙΙ</span> <span class='ocrx_word' id='word_1_951' title='bbox 2466 5586 2643 5656; x_wconf 88' lang='lat' dir='ltr'><strong>[nunc</strong></span> <span class='ocrx_word' id='word_1_952' title='bbox 2674 5588 2716 5639; x_wconf 93' lang='lat' dir='ltr'><strong>t.</strong></span> <span class='ocrx_word' id='word_1_953' title='bbox 2750 5584 2866 5657; x_wconf 81' lang='lat' dir='ltr'><strong>IV],</strong></span> <span class='ocrx_word' id='word_1_954' title='bbox 2900 5601 2957 5657; x_wconf 94' lang='lat' dir='ltr'><strong>p.</strong></span> <span class='ocrx_word' id='word_1_955' title='bbox 2986 5584 3077 5641; x_wconf 92' lang='lat'><strong>28.</strong></span> 
     </span>
    </p>
   </div>
   <div class='ocr_carea' id='block_1_109' title="bbox 2210 5656 3079 5783">
    <p class='ocr_par' dir='ltr' id='par_1_109' title="bbox 2210 5656 3079 5783">
     <span class='ocr_line' id='line_1_112' title="bbox 2210 5656 3079 5783; baseline -0.001 -70"><span class='ocrx_word' id='word_1_956' title='bbox 2210 5659 2267 5783; x_wconf 53' lang='grc' dir='ltr'><strong>Ξ)</strong></span> <span class='ocrx_word' id='word_1_957' title='bbox 2292 5658 2358 5713; x_wconf 88' lang='grc' dir='ltr'><strong>Τ.</strong></span> <span class='ocrx_word' id='word_1_958' title='bbox 2394 5657 2417 5712; x_wconf 96' lang='grc' dir='ltr'>Ι</span> <span class='ocrx_word' id='word_1_959' title='bbox 2445 5657 2626 5728; x_wconf 85' lang='lat' dir='ltr'><strong>[nunc</strong></span> <span class='ocrx_word' id='word_1_960' title='bbox 2655 5660 2701 5712; x_wconf 89' lang='lat' dir='ltr'><strong>t.</strong></span> <span class='ocrx_word' id='word_1_961' title='bbox 2734 5656 2829 5727; x_wconf 90' lang='lat' dir='ltr'><strong>II],</strong></span> <span class='ocrx_word' id='word_1_962' title='bbox 2862 5656 2919 5728; x_wconf 77' lang='lat' dir='ltr'><strong>p.</strong></span> <span class='ocrx_word' id='word_1_963' title='bbox 2951 5657 3079 5712; x_wconf 88' lang='lat'><strong>203.</strong></span> 
     </span>
     <span class='ocr_line' id='line_1_113' title="bbox 2253 5728 3064 5783; baseline 0 0"><span class='ocrx_word' id='word_1_964' title='bbox 2253 5728 2268 5783; x_wconf 86' lang='lat' dir='ltr'><strong>l</strong></span> <span class='ocrx_word' id='word_1_965' title='bbox 2301 5729 2367 5783; x_wconf 91' lang='lat' dir='ltr'><strong>T.</strong></span> <span class='ocrx_word' id='word_1_966' title='bbox 2404 5728 2450 5783; x_wconf 95' lang='grc' dir='ltr'>ΙΙ</span> <span class='ocrx_word' id='word_1_967' title='bbox 2485 5729 2663 5783; x_wconf 73' lang='grc' dir='ltr'>[ιιι]ηο</span> <span class='ocrx_word' id='word_1_968' title='bbox 2692 5730 2736 5782; x_wconf 91' lang='lat' dir='ltr'><strong>t.</strong></span> <span class='ocrx_word' id='word_1_969' title='bbox 2770 5728 2885 5783; x_wconf 76' lang='lat' dir='ltr'><strong>IV].</strong></span> <span class='ocrx_word' id='word_1_970' title='bbox 2919 5744 2975 5783; x_wconf 83' lang='grc' dir='ltr'>ι).</span> <span class='ocrx_word' id='word_1_971' title='bbox 3009 5730 3064 5783; x_wconf 90' lang='lat'><strong>2.</strong></span> 
     </span>
    </p>
   </div>
   <div class='ocr_carea' id='block_1_110' title="bbox 2250 5728 3064 5800">
    <p class='ocr_par' dir='ltr' id='par_1_110' title="bbox 2250 5728 3064 5800">
     <span class='ocr_line' id='line_1_114' title="bbox 2250 5728 3064 5800; baseline -0.001 -14"><span class='ocrx_word' id='word_1_972' title='bbox 2250 5728 2268 5800; x_wconf 92' lang='lat'>)</span> <span class='ocrx_word' id='word_1_973' title='bbox 2301 5729 2367 5785; x_wconf 90' lang='lat' dir='ltr'><strong>T.</strong></span> <span class='ocrx_word' id='word_1_974' title='bbox 2391 5728 2450 5800; x_wconf 15' lang='lat' dir='ltr'><strong>VII</strong></span> <span class='ocrx_word' id='word_1_975' title='bbox 2485 5729 2663 5800; x_wconf 91' lang='lat' dir='ltr'><strong>[nunc</strong></span> <span class='ocrx_word' id='word_1_976' title='bbox 2692 5728 2885 5800; x_wconf 80' lang='lat' dir='ltr'><strong>t._IV],</strong></span> <span class='ocrx_word' id='word_1_977' title='bbox 2918 5744 2975 5799; x_wconf 90' lang='lat' dir='ltr'><strong>p.</strong></span> <span class='ocrx_word' id='word_1_978' title='bbox 3009 5730 3064 5785; x_wconf 90' lang='lat'><strong>2.</strong></span> 
     </span>
    </p>
   </div>
   <div class='ocr_carea' id='block_1_111' title="bbox 2210 5798 3710 5879">
    <p class='ocr_par' dir='ltr' id='par_1_111' title="bbox 2210 5798 3710 5879">
     <span class='ocr_line' id='line_1_115' title="bbox 2210 5798 3710 5879; baseline 0.005 -22"><span class='ocrx_word' id='word_1_979' title='bbox 2210 5798 2255 5879; x_wconf 73' lang='grc' dir='ltr'><strong>ἱ)</strong></span> <span class='ocrx_word' id='word_1_980' title='bbox 2281 5800 2347 5864; x_wconf 91' lang='grc' dir='ltr'><strong>Τ.</strong></span> <span class='ocrx_word' id='word_1_981' title='bbox 2379 5799 2402 5857; x_wconf 93' lang='grc' dir='ltr'>Ι</span> <span class='ocrx_word' id='word_1_982' title='bbox 2432 5798 2611 5875; x_wconf 83' lang='lat' dir='ltr'><strong>[nunc</strong></span> <span class='ocrx_word' id='word_1_983' title='bbox 2638 5803 2681 5858; x_wconf 92' lang='lat' dir='ltr'><strong>t.</strong></span> <span class='ocrx_word' id='word_1_984' title='bbox 2716 5798 2810 5873; x_wconf 93' lang='lat' dir='ltr'><strong>II],</strong></span> <span class='ocrx_word' id='word_1_985' title='bbox 2842 5798 2901 5875; x_wconf 80' lang='lat' dir='ltr'><strong>p.</strong></span> <span class='ocrx_word' id='word_1_986' title='bbox 2920 5798 3059 5859; x_wconf 65' lang='lat'><strong>1464.</strong></span> <span class='ocrx_word' id='word_1_987' title='bbox 3092 5803 3290 5861; x_wconf 80' lang='lat' dir='ltr'><strong>Graeca</strong></span> <span class='ocrx_word' id='word_1_988' title='bbox 3318 5800 3522 5860; x_wconf 83' lang='lat' dir='ltr'><strong>vitiata</strong></span> <span class='ocrx_word' id='word_1_989' title='bbox 3551 5802 3710 5865; x_wconf 81' lang='lat' dir='ltr'><strong>sunt.</strong></span> 
     </span>
    </p>
   </div>
  </div>
