4170 6392
381 373 468 428 XX.

1785 338 2401 430 PROLEGOMENA.
3821 347 3834 374 ι

385 499 511 550 tum
534 495 623 549 est
656 489 866 546 Filium
899 502 1132 559 semper
1148 482 1364 540 habere
1395 500 1465 539 ea
1493 499 1616 552 quze
1651 485 1789 536 sunt
1806 479 1993 534 Patris
2021 497 2034 546 ;
2070 481 2119 545 Α
2155 499 2352 549 tamen
2387 492 2647 562 ipsorum
2679 487 2853 543 verba
2883 490 3046 544 sunt.
3083 482 3404 542 [vertendum
3431 484 3615 540 autem
3644 499 3662 534 ε
3693 476 3802 544 Qui

384 583 599 656 quippe
619 579 721 652 qui
745 575 1054 650 semperin
1079 591 1145 631 eo
1173 574 1268 630 sit.
1289 573 1572 638 Quocirca
1595 587 1708 625 non
1730 569 1858 623 ideo
1877 567 2032 638 quod

383 670 698 743 aliquando
729 683 851 723 non
875 665 1148 721 habuerit
1175 661 1513 718 istiusmodi
1540 659 1774 715 locutus
1803 660 1914 726 est,
1935 656 2036 711 sed

382 777 510 833 quae
541 757 800 832 possidet
829 759 894 812 ut
922 760 1168 819 Deus,ea
1196 750 1456 825 postulat
1486 754 1551 804 ut
1582 747 1786 804 Filius.
1819 748 2036 802 Verten-

377 851 512 907 dum
543 866 561 904 :
596 846 878 914 Quocirca
908 860 1020 899 non
1066 842 1195 896 ideo
1227 841 1382 913 quod
1415 837 1738 911 aliquando
1785 852 1901 890 non
1934 835 2036 890 ha-

379 937 574 994 buerit
603 932 935 992 istiusmodi
960 931 1190 986 locutus
1220 933 1329 995 est,
1361 929 1464 984 sed
1493 927 1631 999 quia
1657 925 1880 981 habens
1907 939 2036 996 per-

379 1031 560 1099 petuo
593 1024 773 1081 Filius
805 1039 932 1096 quae
961 1021 1156 1091 habet,
1190 1035 1258 1076 ea
1287 1036 1321 1074 a
1351 1019 1518 1075 Patre
1550 1017 1746 1072 habet.

455 1137 484 1166 ‹‹
514 1116 580 1170 Et
605 1111 840 1170 secunda
878 1111 1124 1166 oratione
1169 1114 1363 1164 contra
1415 1108 1651 1162 Arianos
1702 1103 1776 1176 (a)
1808 1099 1907 1155 Καὶ
1937 1121 2035 1178 φα-

380 1204 534 1278 νερὸν
568 1200 626 1256 ἐκ
653 1199 847 1255 τούτου
879 1195 1169 1268 δείκνυται,
1199 1195 1283 1251 ὅτι
1331 1194 1494 1256 αὐτὸς
1533 1193 1628 1268 μὲν
1662 1193 1689 1246 ὁ
1720 1193 1844 1252 Υἱὸς
1878 1185 2033 1244 οὔδε-

379 1277 470 1354 νὸς
506 1291 746 1366 μετέχει,
775 1287 838 1341 τὸ
872 1285 929 1342 δὲ
963 1286 1022 1342 ἐκ
1071 1290 1170 1342 τοῦ
1199 1285 1411 1360 Πατρὸς
1465 1282 1829 1358 μετεχόμενον
1872 1277 2033 1334 τοῦτό

383 1379 525 1436 ἐστιν
558 1381 586 1434 ὁ
617 1377 764 1440 Υἱός.
795 1381 1047 1435 Nannius
1081 1395 1092 1431 :
1126 1381 1318 1448 Atque
1365 1375 1501 1430 inde
1543 1373 1769 1428 clarum
1812 1388 1878 1427 ac
1910 1369 2034 1426 evi-

379 1472 523 1528 dens
545 1469 722 1526 fuerit
752 1467 966 1524 Filium
989 1465 1212 1521 nullius
1236 1464 1318 1521 rei
1351 1462 2033 1532 extraneze,diversmque

382 1577 416 1616 a
432 1559 602 1615 Patre
622 1555 1170 1630 participatuimbui
1193 1569 1260 1610 ac
1280 1553 1452 1626 tingi,
1468 1552 1568 1608 sed
1592 1550 1852 1623 idipsum
1874 1549 2031 1621 quod

388 1665 458 1705 ex
488 1646 841 1721 participatu
862 1645 1048 1701 Patris
1063 1643 1292 1699 exsistit
1320 1641 1530 1697 Filium
1551 1639 2035 1696 esse.Vcriendum

383 1745 565 1794 autem
585 1755 605 1792 :
634 1735 780 1792 Huic
801 1751 971 1807 porro
988 1732 1211 1788 clarum
1233 1748 1299 1788 ac
1323 1731 1559 1787 evidens
1596 1730 1791 1796 fuerit,
1838 1729 2034 1800 ipsum

2146 581 2290 638 talia
2332 578 2695 636 contentiosa
2747 576 2930 644 aiunt,
2977 579 3236 631 mentem
3285 590 3457 631 suam
3508 569 3801 644 aperiunt,

2146 671 2304 744 quod
2337 670 2484 726 duas
2516 668 2574 724 in
2594 667 2827 723 Christo
2859 666 3202 739 hypostases
3225 679 3355 720 esse
3371 661 3553 718 velint
3580 679 3594 730 ;
3622 664 3681 718 et
3706 675 3804 718 co-

2147 765 2366 816 nantur
2409 758 2801 828 undecunque
2832 773 2898 811 eo
2952 772 3058 811 nos
3090 753 3373 825 redigere,
3407 755 3472 807 ut
3517 766 3704 807 unum
3734 765 3806 806 ex

2147 849 2308 906 hisce
2339 847 2616 904 absurdis
2663 845 3072 910 concedamus,
3103 842 3191 899 vel
3242 857 3456 914 corpus
3487 856 3615 897 esse
3659 837 3803 912 quid

2147 937 2455 995 absolvens
2485 941 2542 993 et
2561 950 2983 992 consummans
3005 947 3317 1006 personam
3343 929 3542 998 Verbi,
3563 927 3650 985 vel
3673 943 3804 986 esse

2145 1027 2262 1084 Deo
2293 1023 2816 1092 consubstantiale,
2849 1027 2952 1078 aut
2980 1025 3133 1078 certe
3185 1025 3489 1077 externum
3525 1017 3667 1094 quid
3699 1020 3804 1074 aut

2145 1116 2402 1173 alienum
2419 1114 2661 1171 omnino
2688 1131 2721 1170 a
2741 1110 3072 1170 substantia
3089 1109 3217 1168 Filii
3246 1127 3258 1166 :
3287 1109 3444 1183 quod
3467 1107 3579 1182 ipsi
3603 1121 3803 1166 conce-

2143 1206 2293 1261 dunt
2320 1209 2378 1260 et
2405 1208 2494 1260 est
2522 1202 2758 1258 illorum
2791 1199 3102 1257 sententia.

2219 1317 2246 1344 ‹‹
2276 1293 2478 1351 Ibidem
2511 1310 2523 1347 :
2556 1287 2746 1353 Οὐδεὶς
2777 1290 2881 1364 γὰρ
2911 1292 3017 1342 τῶν
3070 1285 3498 1364 εύφρονούντων,
3530 1285 3566 1353 ἢ
3599 1284 3796 1362 νήφειν

2145 1380 2293 1444 ὅλως
2317 1382 2405 1436 καὶ
2437 1386 2578 1434 νοεῖν
2612 1377 2908 1451 δυνάμενος
2942 1374 3086 1431 εἷ’ποι
3117 1376 3178 1430 ἃν
3213 1374 3297 1430 ὅτι
3343 1374 3523 1450 ὥσπερ
3556 1375 3584 1428 ὁ
3621 1373 3800 1452 Λόγος

2141 1469 2353 1533 τέλειος
2386 1468 2458 1524 ὢν
2491 1469 2579 1523 καὶ
2614 1467 2971 1530 ἐνυπόστατος
3004 1465 3065 1520 οὐ
3097 1463 3414 1542 προσεδεῖτο
3447 1464 3669 1539 σαρκὸς,
3708 1460 3803 1517 ἵνα

2144 1561 2276 1622 Θεὸς
2305 1557 2517 1621 τέλειος
2550 1560 2794 1635 γενηται,
2830 1557 3003 1618 οὕτως
3036 1553 3161 1610 οὐδὲ
3192 1556 3253 1609 τὸ
3285 1559 3445 1627 σῶμα
3473 1556 3570 1607 τοῦ
3619 1551 3802 1630 Λόγου

2145 1648 2399 1727 ἔχρῃζεν,
2445 1647 2539 1704 ἵνα
2585 1646 2795 1708 τέλειος
2842 1647 2932 1701 καὶ
2975 1644 3333 1706 ὲνυπὸστατος
3383 1642 3666 1720 ἅνθρωπος
3707 1642 3799 1717 γὲ-

2144 1761 2325 1809 νηται.
2360 1742 2652 1796 Nannius:
2686 1737 2894 1794 Nullus
2931 1736 3088 1792 enim
3120 1751 3324 1792 eorum
3357 1733 3456 1807 qui
3499 1737 3652 1790 recte
3701 1750 3800 1790 sa-

384 1826 626 1916 QUiflem
651 1821 1643 1916 Ῑδίίίιιξημηυητιω-Γξδωρανὲ-(ξξρετθἓ
1666 1819 1822 1892 (ἰυοά
1839 1821 2032 1874 autem
2065 1851 2112 1916 B
2145 1831 2334 1904 piunt,
2369 1834 2469 1885 aut
2499 1827 2770 1900 quisquis
2801 1825 3035 1883 sobrius
3066 1829 3174 1894 est,
3199 1829 3303 1880 aut
3323 1827 3519 1880 mente
3549 1838 3669 1878 non
3702 1822 3803 1878 de-

383 1933 453 1972 ex
481 1915 651 1970 Patre
678 1912 1083 1986 participatur,
1117 1910 1175 1965 id
1206 1925 1335 1967 esse
1369 1909 1601 1965 Filium.

457 2026 485 2054 ‹‹
516 2004 580 2059 1η
609 2005 856 2060 oratione
902 2004 1103 2073 quarta
1149 2003 1342 2055 contra
1391 1999 1619 2055 Arianos
1650 1998 1725 2068 (ὁ)
1761 2015 1772 2051 :
1808 1995 1897 2056 Ὠς
1929 1995 2034 2069 γὰρ

386 2091 642 2169 ὁΚὺριος
701 2089 1060 2162 ἐνδυσάμενος
1097 2089 1159 2143 τὸ
1213 2091 1373 2160 σῶμα
1434 2086 1653 2162 γέγονεν
1712 2082 2036 2160 ἅνθρωπος,

386 2177 561 2240 οὕτως
590 2181 756 2252 ἡμεῖς
783 2179 835 2232 οἱ
865 2173 1139 2245 ἄνθρωποι
1170 2175 1315 2250 παρὰ
1344 2178 1440 2228 τοῦ
1476 2173 1652 2246 ,λόγου
1683 2171 2038 2244 θεοποιούμε-

387 2270 452 2323 θα
497 2265 940 2345 προσληφθέντες
985 2263 1074 2320 διὰ
1120 2271 1222 2333 τῆς
1268 2264 1462 2338 σαρκὸς
1513 2262 1677 2317 αὑτοῦ
1726 2265 1975 2318 Nannius
2021 2279 2034 2317 ε

388 2363 464 2415 Ut
490 2358 647 2414 enim
680 2356 959 2413 Dominus
990 2356 1198 2411 induto
1230 2371 1468 2426 corpore
1499 2355 1690 2409 factus
1720 2357 1810 2408 est
1840 2352 2040 2421 homo,

387 2451 471 2504 ita
491 2453 548 2504 et
576 2464 682 2503 nos
703 2447 973 2502 homines
989 2463 1058 2501 ex
1076 2445 1266 2500 Verbo
1290 2443 1388 2499 Dei
1410 2443 1775 2505 deiﬁcamur,
1795 2458 1860 2498 eo
1883 2441 2039 2514 quod

389 2536 536 2592 illud
568 2541 866 2609 receptum
907 2535 983 2590 sit
1014 2535 1072 2588 in
1124 2550 1318 2590 carne.
1358 2533 1678 2589 Vertendum
1707 2539 1891 2586 autem
1920 2547 1938 2584 :
1972 2530 2044 2586 Ut

389 2626 546 2682 enim
578 2626 732 2682 Deus
762 2625 968 2679 induto
1001 2640 1239 2696 corpore
1270 2624 1458 2678 tactus
1489 2626 1577 2677 est
1607 2621 1804 2691 homo,
1825 2621 1905 2675 ita
1934 2636 2041 2675 nos

390 2715 660 2771 homines
693 2731 728 2770 a
755 2713 943 2769 Verbo
973 2712 1317 2768 deiﬁcamur
1347 2710 1639 2783 assumpti
1674 2726 1776 2782 per
1805 2725 2040 2765 carnem

391 2803 603 2877 ipsius.

467 2915 494 2943 ‹‹
524 2895 582 2949 In
614 2892 799 2947 eadem
826 2893 1074 2947 oratione
1101 2890 1170 2962 (ε)
1204 2907 1217 2944 :
1251 2887 1313 2941 Ei
1346 2888 1450 2963 γὰρ
1482 2886 1570 2940 καὶ
1606 2887 1634 2940 ὁ
1687 2884 1862 2960 Λόγος
1914 2884 2042 2959 σὰρξ

397 2980 631 3054 ἐγένετο,
667 2976 812 3033 ἀλλᾶ
837 2985 940 3047 τῆς
972 2977 1167 3053 σαρκὸς
1198 2972 1310 3030 ἴδια
1329 2976 1396 3029 τὰ
1426 2976 1590 3045 πάθη.
1629 2974 1726 3028 Καὶ
1762 2973 1806 3028 εἰ
1836 2976 1870 3043 ἡ
1915 2973 2042 3049 σὰρξ

399 3071 739 3148 θεοφορεῖται
770 3067 822 3122 ἐν
851 3072 930 3139 τῷ
961 3066 1146 3142 Λόγῳ,
1181 3062 1306 3119 ἀλλ’
1335 3066 1369 3134 ἡ
1399 3065 1560 3140 χάρις
1591 3063 1679 3118 καὶ
1727 3065 1762 3132 ἡ
1815 3060 2043 3136 δύναμίς

403 3158 635 3214 ἐστιτοῦ
665 3157 864 3233 Λόγου.
898 3159 1147 3213 Nannius
1179 3173 1192 3210 :
1227 3156 1286 3212 Si
1316 3155 1469 3211 enim
1506 3155 1760 3211 Verbum
1793 3170 1926 3209 caro
1960 3153 2042 3208 fa-

400 3254 560 3306 ctum
592 3253 699 3314 est,
731 3264 867 3320 ergo
897 3245 1059 3303 carni
1090 3250 1146 3302 et
1177 3263 1286 3302 sua
1312 3244 1587 3318 qualitas,
1622 3245 1978 3315 diversaeque
2010 3259 2044 3298 a
2073 3220 2116 3286 (ἶ

397 3337 586 3394 Verbo
628 3337 961 3393 affectiones
1009 3338 1169 3390 sunt.
1205 3335 1483 3398 Rursum,
1518 3333 1564 3388 si
1598 3349 1732 3388 caro
1763 3332 1820 3386 in
1853 3331 2046 3386 Verbo

398 3432 583 3483 Deum
627 3429 832 3498 gestat,
865 3424 1112 3498 gratiam
1145 3423 1279 3478 inde
1325 3421 1748 3492 commodaque
1781 3419 2045 3492 percipit.

406 3515 728 3576 Vertendum
755 3522 933 3570 autem
965 3531 983 3566 :
1016 3511 1135 3567 Etsi
1186 3512 1342 3567 enim
1372 3511 1627 3565 Verbum
1661 3526 1794 3566 caro
1828 3509 2046 3564 factum

401 3608 508 3673 est,
526 3603 830 3677 passiones
849 3606 1051 3658 tamen
1074 3601 1318 3673 propriae
1343 3604 1481 3656 sunt
1501 3599 1715 3654 carnis.
1735 3599 1983 3668 Rursus,
1999 3597 2049 3652 si

401 3711 537 3751 caro
563 3711 596 3749 a
631 3694 743 3749 Deo
764 3695 1028 3764 gestatur
1047 3691 1107 3746 in
1138 3690 1345 3757 Verbo,
1364 3689 1550 3762 gratia
1569 3693 1764 3744 tamen
1789 3692 1846 3742 et
1865 3687 2052 3742 virtus

401 3783 579 3839 Verbi
609 3786 718 3838 est.

483 3895 512 3923 «
545 3873 604 3928 In
636 3873 900 3938 oratione,
928 3893 956 3921 «
989 3869 1139 3938 Quod
1188 3885 1330 3924 unus
1374 3869 1450 3924 sit
1495 3866 1740 3922 Christus
1770 3865 1846 3938 (ά)
1880 3881 1892 3918 :
1931 3887 1957 3913 »
1990 3863 2055 3916 Οἱ

401 3963 574 4014 ταῦτα
625 3961 1057 4033 κατηγοροῦντες
1114 3957 1215 4025 τήν
1275 3955 1475 4011 ἑαυτῶν
1535 3955 1764 4029 γνώμην
1825 3952 2054 4031 φανερὰν

407 4049 753 4121 καθιστῶσιν,
788 4046 872 4102 ὅτι
903 4043 998 4101 δύο
1033 4045 1350 4106 ὑποστάσεις
1377 4048 1475 4098 τοῦ
1505 4042 1704 4120 Κυρίου
1755 4045 1916 4115 ἡμῶν
1956 4043 2060 4114 Ἰη-

409 4141 506 4192 σοῢ
557 4141 812 4214 Χριστοῦ,
852 4135 942 4190 καὶ
991 4137 1142 4208 ἡμᾶς
1191 4137 1584 4212 συκοφανῦοὖσι
1633 4132 1722 4186 καὶ
1777 4131 2059 4208 πείρονται

409 4227 526 4300 ἅμα
577 4225 913 4302 πανταχόθεν
966 4224 1043 4286 εἷς
1088 4223 1143 4278 ’ὲν
1185 4227 1290 4277 τῶν
1345 4221 1559 4278 ἀτόπων
1610 4223 1888 4299 περιάγειν
1929 4219 2058 4283 τοὺς

409 4316 714 4392 ἡμετέρους
745 4313 948 4391 λόγους
979 4311 1444 4388 συμπληρωτικὸν
1481 4311 1647 4366 εἰπεῖν
1689 4317 1790 4380 τῆς
1827 4310 2059 4364 ὑποστά-

412 4425 550 4467 σεως
580 4408 677 4458 τοῦ
703 4403 882 4478 Λόγου
911 4404 974 4457 τὸ
1005 4407 1185 4476 σῶμα,
1218 4402 1252 4471 ἢ
1287 4399 1580 4475 ὁμοούσιον
1611 4404 1690 4471 τῷ
1740 4403 1876 4471 Θεῷ,
1912 4399 1946 4468 ἢ
1981 4397 2062 4469 Et-

410 4514 500 4549 vov
548 4493 640 4548 καὶ
700 4490 992 4569 ἀλλότριον
1049 4492 1355 4546 παντάπασι
1407 4497 1508 4559 τῆς
1569 4480 1914 4550 ὑποστάσεως
1966 4491 2064 4542 τοῦ

2146 1919 2432 1985 stituitur,
2464 1918 2535 1972 de
2563 1933 2631 1973 ea
2660 1933 2720 1971 re
2750 1915 2968 1971 dubius
3000 1930 3128 1970 esse
3159 1916 3372 1986 potest,
3406 1911 3559 1984 quod
3593 1927 3801 1982 quem-

2145 2007 2466 2064 admodum
2497 2006 2754 2062 Verbum
2790 2005 3112 2077 peri‘ectum
3146 2006 3236 2058 est
3277 2007 3334 2057 et
3365 2018 3473 2056 sua
3504 1999 3803 2074 hypostasi

2146 2095 2504 2162 absolutum,
2539 2094 2882 2165 neutiquam
2915 2109 3064 2164 opus
3094 2090 3302 2146 habuit
3332 2105 3527 2154 carne,
3553 2094 3617 2144 ut
3651 2093 3806 2148 Deus

2147 2183 2436 2257 perfectus
2467 2186 2658 2249 esset;
2695 2181 2775 2236 ita
2825 2196 3012 2250 neque
3043 2195 3257 2251 corpus
3304 2178 3493 2232 Verbo
3526 2177 3802 2250 indignit,

2148 2278 2211 2328 ut
2268 2273 2558 2344 integrum
2594 2288 2695 2342 pro
2745 2287 2852 2325 sua
2895 2268 3193 2341 hypostasi
3242 2268 3424 2323 ﬁeret.
3480 2267 3806 2323 l’ertendum

2147 2365 2329 2418 autem
2349 2366 2422 2416 est
2453 2379 2471 2415 :
2503 2359 2710 2415 Nullus
2728 2357 2884 2413 enim
2916 2358 3013 2430 qui
3049 2356 3374 2429 sapiat,aut
3405 2373 3560 2411 sane
3583 2355 3803 2412 mentis

2150 2451 2347 2517 homo,
2369 2456 2424 2506 et
2441 2450 2538 2522 qui
2566 2449 2784 2504 ratione
2807 2447 2889 2502 uti
2916 2447 3102 2519 possit
3123 2445 3335 2501 dixerit
3361 2471 3374 2514 ;
3399 2445 3577 2517 quod,
3601 2461 3803 2517 quem-

2151 2541 2468 2597 admodum
2496 2539 2542 2590 ἰ’
2585 2547 2927 2604 .-bum,cum
2960 2536 3283 2609 perfectum
3303 2538 3459 2590 esset
3486 2539 3543 2589 et
3572 2550 3681 2589 sua
3705 2532 3808 2604 hy-

2152 2629 2375 2702 postasi
2411 2627 2765 2696 subsistens,
2791 2643 2905 2680 non
2937 2623 3240 2695 indigebat
3261 2638 3522 2694 corpore,
3556 2625 3620 2677 ut
3650 2621 3807 2677 Deus

2151 2716 2458 2774 absolutus
2477 2718 2802 2772 efﬁceretur
2829 2740 2843 2781 ;
2875 2714 2957 2769 ita
2978 2727 3167 2784 neque
3199 2727 3413 2783 corpus
3448 2709 3632 2765 Verbo
3655 2709 3806 2764 indi-

2150 2807 2345 2882 gebat,
2378 2818 2442 2861 ut
2473 2805 2762 2878 perfectus
2793 2807 2849 2858 et
2880 2802 3214 2856 subsistens
3246 2800 3423 2856 homo
3455 2800 3640 2854 ﬁeret.

2225 2919 2252 2946 ‹‹
2285 2897 2347 2950 1η
2376 2897 2627 2951 oratione
2654 2894 2728 2948 De
2755 2892 2994 2947 salutari
3030 2890 3265 2944 adventu
3293 2889 3418 2944 Iesu
3448 2887 3653 2943 Christi
3681 2885 3754 2959 (ε)
3788 2904 3808 2941 :

2153 2988 2278 3045 Πῶς
2306 2981 2396 3036 οὖν
2430 2979 2656 3057 ἴσχυσαν
2685 2981 2738 3034 οἱ
2768 2975 3022 3033 Ἰουδαῖοι
3055 2973 3214 3030 λῦσαι
3244 2976 3366 3030 ναὸν
3402 2979 3536 3030 Θεοῦ
3585 2976 3673 3029 καὶ
3704 2975 3804 3044 τὴν

2154 3071 2350 3128 ἄλυτον
2386 3070 2676 3145 σύγκρασιν
2717 3074 2818 3136 τῆς
2869 3067 3065 3142 σαρκὸς
3118 3066 3253 3140 πρὸς
3292 3066 3383 3118 τὸν
3438 3065 3612 3138 Λόγον
3655 3084 3808 3139 γενο-

2159 3162 2326 3236 μένην
2359 3157 2618 3235 χωρίσαι,
2655 3153 2767 3231 εἶ’γε
2795 3156 2909 3210 καθ’
2943 3155 3081 3228 ὑμᾶς
3135 3149 3262 3230 ἔσχε
3313 3158 3504 3208 τοῦτον
3554 3153 3643 3208 τὸν
3677 3151 3805 3226 τρό-

2155 3271 2256 3306 πον
2306 3251 2340 3318 ἡ
2385 3252 2482 3302 τοῦ
2533 3247 2786 3318 σώματος
2834 3245 3094 3320 νέκρωσις
3123 3271 3136 3312 ;
3168 3245 3424 3300 Nannius
3458 3261 3470 3299 ε
3505 3243 3808 3310 Quomodo

2156 3342 2338 3413 igitur
2357 3342 2603 3410 possunt
2621 3336 2805 3391 Judaai
2837 3335 3059 3392 solvere
3089 3333 3374 3406 templum
3399 3333 3519 3404 Dei,
3545 3338 3601 3389 et
3622 3332 3808 3389 indis-

2157 3426 2409 3487 solubile
2427 3431 2953 3499 temperamentum
2973 3424 3165 3481 carnis
3182 3441 3314 3480 cum
3334 3423 3520 3479 Verbo
3547 3423 3812 3493 dissepa-

2159 3532 2310 3586 rare,
2343 3515 2456 3572 nisi
2485 3515 2668 3571 instar
2699 3515 2899 3580 nostri,
2934 3529 3153 3586 proque
3194 3516 3397 3569 nostra
3426 3510 3648 3567 ratione
3678 3524 3810 3568 sese

2160 3605 2465 3662 habuisset
2495 3604 2754 3677 corporis
2804 3600 3221 3659 mortiﬁcatio?
3256 3600 3580 3657 Vertendum
3627 3606 3814 3654 autem

2159 3704 2238 3753 est
2266 3714 2283 3749 :
2313 3694 2612 3759 Quomodo
2643 3693 2822 3765 igitur
2851 3693 3167 3764 potuerunt
3203 3687 3386 3744 Judaei
3418 3685 3636 3742 solvere
3666 3689 3818 3740 tem-

2162 3784 2327 3857 plum
2362 3781 2456 3838 Dei
2479 3787 2535 3838 et
2564 3778 3036 3836 indissolubilem
3063 3775 3258 3832 carnis
3289 3791 3424 3830 cum
3457 3773 3646 3828 Verbo
3678 3788 3820 3828 con-

2157 3872 2525 3946 junctionem
2577 3868 2917 3934 dissolvere,
2951 3867 2999 3922 si
3051 3882 3210 3922 mors
3241 3861 3501 3936 corporis
3550 3878 3616 3918 eo
3645 3861 3820 3917 modo

2166 3963 2318 4018 facta
2343 3965 2432 4018 est
2457 3976 2573 4033 quo
2597 3974 2700 4013 vos
2723 3955 2940 4024 dicitis,
2959 3954 3242 4010 nimirum
3260 3970 3362 4028 per
3389 3951 3821 4025 separationem

2166 4050 2402 4107 deitatis
2437 4066 2470 4104 a
2498 4061 2740 4120 corpore
2764 4046 2792 4099 ‘I

2240 4162 2269 4190 ‹‹
2320 4141 2385 4195 In
2435 4139 2682 4194 oratione
2731 4137 2805 4191 De
2858 4134 3261 4199 incarnatione,
3292 4133 3486 4187 contra
3538 4129 3824 4202 Apollina-

2169 4231 2315 4285 rium
2457 4242 2471 4283 :
2503 4224 2603 4279 Καὶ
2631 4222 2716 4284 τίς
2748 4224 2783 4292 ἡ
2819 4221 2870 4276 ἐν
2902 4218 3118 4282 τούτοις
3170 4217 3467 4293 εὐεργεσία,
3497 4214 3541 4269 ὦ
3579 4217 3825 4289 μάταιοι,

2171 4315 2217 4372 εἷ
2246 4319 2414 4369 ταῦτα
2444 4312 2496 4368 ἐν
2527 4315 2744 4388 Χριστῷ
2775 4309 2835 4364 ού
2867 4309 3110 4384 γέγονεν,
3146 4306 3179 4360 ’ἁ
3208 4307 3426 4381 γέγονεν
3460 4304 3512 4360 ἐν
3543 4309 3622 4376 τῷ
3671 4324 3826 4380 πρω-

2170 4401 2466 4476 τοπλάστῳ
2496 4399 2711 4475 Ἀδάμ;
2744 4403 2997 4458 Nannius
3031 4417 3043 4454 :
3077 4401 3148 4454 At
3177 4414 3446 4470 quaenam
3477 4395 3694 4451 isthinc
3724 4394 3828 4450 be-

2173 4494 2502 4562 neﬁcentia,
2535 4510 2567 4548 ο
2617 4489 2836 4560 stolidi,
2869 4489 2917 4546 si
2948 4506 3016 4545 ea
3063 4488 3122 4543 in
3172 4487 3401 4542 Christo
3432 4481 3826 4551 constituatis,

410 4584 561 4656 ΙἼοῦ,
595 4582 728 4658 ὅπερ
761 4581 912 4636 αὑτοὶ
943 4579 1216 4657 λέγουσιν,
1251 4578 1428 4649 ἄλλην
1476 4578 1763 4633 ὑπόστασιν
1816 4577 2049 4650 εἰσάγον-

2175 4601 2302 4657 quae
2333 4584 2391 4637 in
2418 4580 2776 4656 protoplasto
2797 4580 2826 4634 ?
2861 4577 3183 4635 Vertendum
3205 4580 3390 4631 autem
3410 4579 3487 4631 est
3513 4591 3525 4629 :
3551 4576 3831 4660 Quasnam

411 4692 502 4734 τες
529 4678 632 4742 τῆς
666 4671 883 4747 σαρκός.
918 4674 1172 4729 Nannius
1198 4689 1210 4727 :
1235 4674 1539 4736 Ceterum,
1563 4669 1663 4742 qui
1682 4669 1794 4724 ista
1815 4668 2066 4740 loquun-

416 4767 534 4831 tur,
567 4778 736 4818 suam
777 4763 1043 4834 ipsorum
1078 4765 1332 4816 mentem
1384 4775 1746 4830 sensumque
1776 4757 2068 4829 aperiunt,

417 4853 574 4924 quod
607 4852 753 4907 duas
774 4851 1122 4924 hypostases
1145 4850 1263 4906 sive
1293 4865 1572 4921 personas
1602 4847 1661 4902 in
1685 4845 1912 4902 Christo
1935 4863 2069 4902 con—

420 4941 690 5008 stituant,
715 4945 772 4996 et
800 4941 1114 4996 adversum
1141 4955 1246 4994 nos
1269 4937 1582 4994 calumniis
1615 4941 1951 5004 utantur,et
1971 4954 2072 4992 un-

423 5031 730 5102 dequaque
753 5033 1025 5102 satagant
1046 5034 1278 5084 nostros
1306 5042 1608 5082 sermones
1635 5026 1706 5082 ad
1730 5024 1954 5098 aliquid
1977 5027 2075 5082 ab-

423 5119 587 5175 surdi
634 5120 1004 5191 detorquere,
1037 5117 1205 5189 quasi
1238 5133 1449 5189 corpus
1495 5115 1822 5172 diceremus
1852 5115 2072 5187 aliquid

427 5208 688 5265 conferre
709 5209 780 5264 ad
807 5207 1220 5263 absolvendam
1247 5203 1414 5262 Verbi
1439 5204 1779 5274 essentiam,
1808 5209 1910 5260 aut
1932 5204 2074 5261 illud

427 5313 556 5354 esse
577 5297 845 5368 ejusdem
867 5312 1002 5352 cum
1024 5300 1133 5350 Deo
1157 5293 1519 5362 substantiae,
1550 5297 1651 5348 aut
1682 5310 1795 5348 non
1818 5293 2074 5349 alienum

431 5390 857 5455 externumque
889 5383 1164 5440 omnibus
1196 5382 1384 5438 modis
1424 5399 1458 5438 a
1490 5398 1741 5454 persona
1772 5381 1921 5453 Filii,
1950 5399 2076 5454 qua:

521 5495 580 5560 a)
609 5491 734 5563 Τ.γί
767 5492 967 5562 [nunc.
999 5495 1042 5547 t.
1076 5491 1171 5563 II],
1205 5507 1263 5562 p.
1295 5491 1420 5545 331.

527 5565 578 5631 b)
610 5562 782 5631 Ibid.,
814 5580 872 5635 p.
907 5564 1028 5618 463.

525 5635 576 5702 ο)
610 5634 780 5702 Ibid.,
814 5634 870 5702 p.
903 5635 1028 5689 468.

613 5705 681 5765 Τ.
715 5704 766 5766 Il
796 5704 976 5781 [anno
1002 5710 1046 5764 t.
1077 5704 1195 5780 IV],
1229 5720 1288 5781 p.
1321 5705 1411 5763 40.

2178 4673 2393 4730 isthinc
2422 4668 2824 4740 beneficentia,
2857 4685 2890 4724 o
2920 4666 3136 4736 stolidi,
3162 4665 3210 4721 si
3242 4681 3310 4720 ea
3331 4668 3543 4720 natura
3572 4661 3630 4717 in
3663 4658 3833 4717 Chri-

2179 4767 2268 4818 sto
2302 4778 2416 4817 non
2459 4760 2589 4827 fuit,
2621 4775 2747 4830 qum
2780 4758 2930 4812 facta
2977 4761 3065 4812 est
3094 4755 3154 4810 in
3205 4752 3570 4826 protoplasto
3602 4745 3836 4806 Adam?

2254 4873 2280 4899 ι(
2316 4852 2377 4906 In
2407 4849 2635 4921 epistola
2683 4847 2753 4901 ad
2799 4847 3099 4917 Epictetum
3146 4845 3458 4914 episcopum
3507 4841 3582 4912 (g)
3618 4856 3631 4893 :
3663 4838 3836 4890 Τοῦτο

2180 4939 2245 5007 ἧν
2278 4938 2341 4992 τὸ
2382 4936 2432 4990 ἐν
2470 4933 2723 5008 μνημείῳ
2751 4933 2918 5004 τεθὲν,
2952 4931 3042 4986 ὅτε
3089 4930 3248 4990 αὑτὸς
3299 4926 3568 5002 ἐπορεύθη
3607 4927 3681 4999 μὴ
3716 4944 3836 5000 χω-

2184 5025 2385 5100 ρισθεὶς
2417 5023 2600 5096 αὑτοῦ,
2634 5022 2862 5097 κηρύξαι
2892 5022 2981 5076 καὶ
3012 5025 3128 5081 τοῖς
3161 5019 3211 5073 ἐν
3246 5017 3465 5097 φυλακῇ
3510 5015 3838 5088 πνεύμασιν.

2185 5119 2470 5174 Nannius:
2486 5115 2709 5186 Corpus
2730 5118 2855 5168 tum
2881 5112 3096 5184 quippe
3128 5111 3185 5165 in
3201 5107 3511 5182 sepulchro
3534 5110 3660 5162 erat
3681 5101 3845 5176 posi-

2185 5211 2334 5278 tum,
2368 5222 2501 5262 cum
2549 5204 2805 5260 Verbum
2853 5201 2996 5257 abiit
3044 5205 3108 5255 ut
3137 5199 3481 5273 praedicaret
3530 5193 3846 5268 spiritibus

2187 5295 2288 5368 qui
2315 5295 2374 5350 in
2425 5309 2656 5350 carcere
2685 5291 3035 5348 tenebantur
3066 5307 3077 5344 :
3129 5287 3452 5347 Vertcndum
3502 5285 3687 5340 autem
3718 5285 3797 5337 est
3827 5296 3846 5337 :

2188 5386 2413 5458 Corpus
2431 5383 2539 5439 hoc
2557 5386 2700 5450 erat,
2718 5381 2874 5454 quod
2893 5380 3070 5435 fuitin
3085 5376 3397 5452 sepulchro
3414 5373 3694 5448 positum,
3709 5385 3848 5427 cum

2283 5494 2334 5559 ε)
2365 5491 2432 5546 Τ.
2469 5491 2488 5544 Ι
2523 5490 2703 5559 [nunc
2734 5492 2774 5543 t.
2809 5489 2901 5558 ll],
2936 5506 2994 5560 p.
3023 5489 3150 5542 760.

2283 5566 2334 5634 ί)
2368 5561 2538 5634 lbid.,
2572 5578 2629 5634 p.
2656 5562 2783 5634 740A.

2378 5633 2550 5706 Ibid.,
2573 5629 2640 5707 'p.
2675 5632 2802 5689 723.
2832 5629 2980 5688 Vide
3011 5629 3114 5686 ibi.
