4170 6336
1325 377 1746 439 PREFATIO
1790 371 2188 438 EDITIONIS
2233 373 2810 440 BENEDICTIN/E.

3667 387 3781 444 XXI

347 522 544 583 ipsum
564 509 824 572 Verbum
856 525 974 567 non
998 515 1335 583 separatum
1358 530 1391 567 a
1413 510 2012 583 corpore,prol‘ectum
2047 512 2099 576 A
2132 508 2353 566 litteras
2387 512 2458 566 ad
2487 511 2713 568 Julium
2737 511 3156 582 mittit,rogans
3188 515 3254 567 ut
3275 511 3346 566 ab
3367 510 3496 583 ipso
3553 512 3779 585 synodo

342 604 435 655 est
466 603 532 655 ut
561 599 923 671 prcedicaret.

408 712 436 738 «
454 691 517 744 In
536 688 905 760 disputatione
925 690 986 744 in
1003 690 1229 746 Nicaeae
1247 690 1480 746 amicitia
1500 697 1692 745 contra
1705 691 1739 744 A
1753 688 2005 761 rium(a):

340 775 460 853 οὐχ
495 777 572 838 ὡς
615 776 745 838 Θεὸς
812 775 991 852 Λόγος
1052 777 1358 847 ἐκοπίασεν,
1418 775 1542 832 ἀλλ’
1593 775 1686 832 τινα
1736 781 1874 855 φανῇ
1923 777 2007 831 δτι

336 866 512 941 σάρκα
541 866 601 934 ἣν
637 865 736 919 οὐκ
785 866 902 941 εἶχε
945 866 1210 942 πρότερον
1255 868 1282 921 ὁ
1318 866 1494 942 Λόγος
1543 867 1633 921 καὶ
1666 868 1817 938 Θεὸς,
1873 866 2003 920 ταύ-

332 976 434 1026 την
473 949 754 1010 ἀνέλαϐενσ
791 953 880 1009 διὰ
901 960 1062 1010 τἰὖτο
1087 961 1156 1030 τῇ
1181 957 1334 1032 σαρκῗ
1361 957 1713 1032 συνεχώρησε
1743 957 1994 1030 πάσχειν.

335 1047 599 1102 Nan-nius
656 1065 668 1102 :
719 1045 843 1102 Non
879 1046 1125 1101 herhum
1159 1049 1314 1118 quod
1365 1049 1515 1102 Deus
1576 1053 1665 1101 est
1718 1046 2004 1102 laboravit

332 1135 712 1197 lassitudine.
743 1137 842 1191 sed
878 1136 1006 1192 ideo
1034 1137 1251 1192 factum
1275 1142 1385 1205 est,
1421 1141 1486 1191 ut
1516 1137 1853 1192 ostenderet
1881 1153 2002 1191 car-

337 1241 502 1296 nem,
536 1241 714 1297 quam
749 1225 911 1297 prius
943 1243 1058 1280 non
1107 1226 1383 1293 habebat,
1436 1243 1570 1281 cum
1632 1226 1885 1281 Verbum
1944 1229 2002 1281 et

325 1315 494 1370 Deus
525 1321 701 1380 esset,
736 1332 863 1370 eam
898 1332 959 1370 se
990 1316 1181 1370 denuo
1210 1315 1622 1387 resumpsisse.
1680 1315 2000 1371 Vertendum

325 1415 522 1459 autem
554 1413 648 1460 est:
683 1405 805 1460 Non
843 1404 1001 1460 enim
1034 1421 1151 1476 qua
1182 1410 1270 1460 est
1301 1406 1456 1460 Deus
1490 1404 2001 1471 Verbum,lassitu-

329 1493 473 1550 dine
514 1494 756 1549 ali'ectus
788 1499 876 1549 est
911 1513 923 1561 ;
959 1495 1060 1550 sed
1092 1494 1224 1549 ideo
1247 1495 1558 1560 factum,ut
1589 1495 2000 1550 ostenderetur

331 1584 494 1656 quod
526 1599 968 1655 carnem,quam
1005 1584 1168 1655 prius
1199 1600 1311 1638 non
1345 1583 1880 1651 habebat,Verbum
1907 1585 1993 1639 di-

333 1671 544 1729 vinum
575 1673 919 1745 assumpsit.

412 1782 433 1810 c
464 1764 528 1818 In
566 1763 817 1818 oratione
868 1762 934 1818 de
963 1763 1312 1818 sanctissima
1346 1764 1606 1835 Deipara,
1643 1780 1759 1834 quae
1807 1767 1995 1818 tamen

336 1868 514 1924 neque
541 1853 766 1924 stylum,
797 1869 970 1924 neque
997 1861 1251 1909 exactum
1288 1854 1453 1908 illum
1489 1853 1763 1908 scribendi
1785 1868 1994 1908 morem

338 1943 629 1998 Athanasii
655 1957 776 2014 pra?
797 1959 856 1997 se
883 1945 990 2013 fert
1014 1961 1025 1998 :
1054 1960 1188 1998 nam
1227 1944 1306 1998 ibi
1333 1944 1617 1998 Platonico
1644 1959 1793 1998 more
1810 1941 1997 2014 philo-

345 2033 609 2104 sophatur
636 2036 831 2088 auctor
854 2033 919 2088 de
947 2033 1206 2088 cocatmlo
1239 2029 1423 2093 ούσιας
1473 2037 1528 2087 et
1576 2033 1792 2088 videtur
1831 2035 2000 2088 etiam

340 2129 528 2193 aperte
557 2120 1094 2190 docere,tlistinctum
1110 2121 1240 2192 quid
1260 2139 1376 2177 esse
1395 2124 1454 2176 in
1483 2121 1689 2177 divinis
1706 2123 1999 2177 essentiam

337 2211 407 2266 ab
433 2211 716 2266 attributis
777 2219 828 2268 et
888 2212 1199 2267 actionibus
1253 2212 1839 2282 essentialibus;qu;e
1885 2213 1997 2283 fuit

333 2309 674 2371 posterorum
711 2301 1026 2357 ercorum
1045 2302 1308 2371 cpinio,ct
1332 2301 1568 2355 multum
1595 2305 1788 2356 contra
1807 2302 1996 2357 divum

341 2389 610 2446 Thomam
637 2391 852 2457 agitata
893 2407 928 2444 a
957 2390 1187 2462 quodam
1236 2389 1508 2460 Graagorio
1553 2390 1805 2461 Palama,
1838 2407 1997 2461 quem

331 2480 507 2551 fuisse
562 2480 720 2534 aiunt
771 2479 946 2534 Marci
1021 2480 1284 2551 Ephesini
1354 2488 1740 2551 praeceptorem
1796 2498 1814 2534 :
1870 2496 1996 2535 cum

332 2569 662 2624 Athanasius
694 2571 807 2640 ipse
833 2569 1093 2640 pluribus
1124 2571 1183 2623 in
1227 2570 1360 2624 locis
1403 2571 1751 2624 contrarium
1777 2569 1985 2627 doceat.

332 2658 479 2712 Dicit
521 2661 790 2729 praeterea
843 2659 986 2712 sicut
1046 2657 1256 2712 beatam
1312 2658 1606 2725 Virginem.
1666 2658 1752 2711 ita
1807 2658 1988 2728 ipsam

302 2799 309 2806 .
336 2748 584 2801 animam
607 2747 814 2802 Christi
842 2762 954 2802 non
984 2746 1238 2802 habuisse
1291 2746 1500 2800 claram
1545 2745 1699 2802 Verbi
1727 2747 1994 2802 visionem

337 2852 551 2892 necnon
583 2837 797 2891 beatam
832 2837 1112 2906 Virginem
1140 2837 1421 2892 hxsitasse
1461 2835 1535 2890 ad
1564 2837 1728 2890 verba
1777 2837 1988 2905 angeli,

335 2927 505 2980 etiam
531 2941 657 2980 cum
686 2924 840 2980 dixit
870 2942 888 2978 .·
915 2925 1054 2980 Ecce
1087 2925 1298 2980 ancilla
1351 2925 1580 2980 Domini
1612 2943 1634 2990 ;
1663 2926 1992 2996 cptandique

333 3015 501 3070 modo
527 3014 752 3084 dixisse,
789 3013 914 3068 F'iat
945 3014 1089 3068 mihi
1135 3015 1460 3071 secundum
1517 3015 1761 3070 verbum
1796 3019 1986 3071 tuum.

335 3105 591 3176 Refertur
618 3120 742 3160 vero
775 3104 855 3158 ibi
903 3106 1206 3176 propositio
1255 3105 1363 3159 illa
1420 3121 1587 3174 quam
1639 3104 1881 3175 Cyrillus
1927 3106 1990 3160 in

334 3193 568 3265 epistola
596 3193 665 3247 ad
683 3191 1002 3247 Successum
1057 3194 1341 3263 epicopum
1397 3193 1882 3248 Diocaesariensem
1907 3195 1988 3248 ait

2117 606 2532 655 convocaretur
2562 604 2664 655 aut
2685 601 2732 656 si
2757 600 3206 672 vcllet,ipsemet
3228 600 3509 672 praeberet
3541 601 3776 672 sejudi-

2117 706 2264 755 cem,
2297 694 2510 760 putans
2541 707 2603 745 se
2651 689 2945 745 terriculis
2975 689 3138 744 hisce
3168 706 3284 745 non
3318 693 3776 762 commoturum,

2188 803 2213 828 ‹‹
2249 779 2490 850 Explicii
2508 796 2742 835 censura
2766 781 2825 834 in
2844 781 3094 851 primum
3111 787 3320 834 tomum
3337 778 3580 850 Operam
3595 781 3780 836 sancti

2111 869 2404 924 Athanasii
2435 868 2618 924 eroe
2647 875 2697 924 et
2727 871 2923 925 Latine
2961 868 3233 924 editorum
3275 885 3426 923 anno
3481 868 3643 938 4599,
3703 884 3776 924 ea:

2109 959 2471 1012 translatione
2497 959 2650 1013 Petri
2679 959 2914 1014 Nannii.

2182 1070 2208 1096 ι(
2248 1047 2491 1102 Censura
2517 1049 2577 1102 in
2606 1048 2908 1102 secundum
2927 1051 3134 1103 tomum
3161 1047 3304 1102 deest
3330 1049 3391 1102 in
3404 1048 3776 1120 manuscripto

2107 1136 2315 1192 codice.
2357 1159 2384 1186 ››

2184 1227 2267 1282 11.
2302 1227 2431 1281 Haec
2462 1227 2639 1298 probe
2673 1227 2996 1282 observata.
3052 1230 3270 1282 Verum
3321 1225 3478 1281 haud
3513 1225 3767 1296 felicius,

2107 1315 2167 1369 ni
2190 1315 2441 1384 l'allor,in
2475 1315 2864 1385 historicis,ut
2894 1319 3060 1386 putat
3081 1315 3193 1371 iste
3223 1315 3495 1388 quisquis
3528 1315 3605 1370 sit
3634 1333 3772 1374 ano-

2109 1422 2346 1477 nymus,
2381 1409 2647 1460 versatus
2676 1405 2941 1460 Nannius
2972 1408 3079 1472 est,
3098 1421 3275 1476 quam
3308 1406 3369 1459 in
3403 1404 3765 1478 iheologicis.

2106 1494 2400 1566 Exemplis
2429 1494 2488 1549 id
2533 1494 2728 1566 palam
2779 1495 2882 1549 ﬁat
3051 1512 3064 1551 :
3097 1488 3285 1555 Ωὕτως
3319 1491 3421 1546 εἰσὶ
3458 1497 3645 1567 πρᾶοι,
3677 1493 3769 1548 καὶ

2105 1579 2506 1658 φιλάνθρωποι,
2556 1582 2647 1635 καὶ
2695 1581 2786 1636 τὸν
2836 1580 3036 1657 τρόπον
3087 1580 3364 1644 ἐπιεικεῖς·
3417 1579 3629 1654 μᾶλλον
3685 1580 3770 1653 δὲ,

2105 1670 2379 1746 εἰρήσεται
2420 1672 2522 1746 γὰρ
2566 1672 2828 1743 τάληθὲς,
2886 1671 3124 1748 πονηροὶ
3170 1671 3262 1726 καὶ
3311 1671 3520 1748 πικροὶ,
3569 1671 3660 1726 καὶ
3710 1670 3772 1728 ἐκ

2143 1754 2208 1813 όϐ
2416 1757 2686 1813 “’)”
2780 1753 3142 1813 i‘”’6l
3332 1757 3416 1814 ’ἐ
3601 1758 3616 1813 ί
3735 1758 3758 1778 ’⁸

2103 1780 2138 1836 φ
2215 1781 2287 1814 ων
2342 1781 2432 1813 και
2487 1780 2750 1829 απεικων,
2805 1781 2906 1830 δες
2935 1780 3054 1813 ευσε
3097 1780 3209 1821 εας
3259 1780 3348 1813 και
3418 1779 3594 1814 πιεικε
3621 1780 3704 1830 ας,
3735 1779 3770 1813 α

2105 1855 2223 1911 τοῖς
2274 1848 2592 1911 ἐπισκόποις
2644 1849 2863 1926 πρέπει,
2914 1850 3244 1924 τιμώμενοι.
3297 1850 3404 1907 Ubi
3450 1850 3764 1908 Nannius:

2108 1941 2360 1996 Homines
2415 1942 2622 1996 scilicet
2677 1941 2974 1996 admodum
3057 1942 3351 2007 mansueti,
3410 1949 3462 1996 et
3518 1940 3763 1996 moribus

2105 2033 2300 2101 aequis,
2337 2031 2419 2085 rel
2451 2030 2589 2103 quod
2618 2032 2802 2085 verius
2832 2034 2910 2086 est
2941 2030 3182 2102 improbi
3222 2039 3274 2086 et
3310 2047 3582 2102 perquam
3611 2045 3766 2086 acer-

2108 2119 2182 2187 bi,
2218 2123 2315 2190 qui
2345 2121 2645 2175 terroribus
2691 2128 2741 2175 et
2797 2120 2967 2174 minis
3018 2121 3218 2189 potius,
3277 2135 3445 2190 quam
3474 2121 3684 2192 pietate
3715 2122 3769 2176 et

2105 2211 2373 2280 (equitate,
2411 2208 2553 2280 quod
2572 2210 2854 2280 episcapos
2881 2209 3058 2276 decet,
3093 2207 3170 2263 ad
3180 2224 3372 2279 paenas
3400 2208 3768 2281 deproperant

2104 2298 2280 2354 Vides
2309 2315 2486 2370 quam
2521 2298 2856 2370 importune
2886 2296 3053 2364 illud,
3083 2296 3414 2370 τιμώμενοι,
3447 2297 3519 2354 ad
3572 2315 3766 2372 pwnas

2104 2387 2485 2459 deproperant,
2515 2387 2934 2460 interpretatur
2966 2405 2979 2455 ;
3014 2386 3113 2442 ubi
3165 2388 3532 2454 vertendum,
3593 2388 3766 2445 hono-

2103 2487 2322 2544 rantur,
2355 2478 2459 2544 vel,
2491 2477 2757 2532 honorari
2792 2476 3028 2532 student.
3065 2477 3132 2532 Et
3163 2475 3335 2548 paulo
3367 2481 3500 2548 post
3532 2493 3545 2532 :
3580 2482 3761 2547 Κατη-

2103 2565 2267 2641 γορία
2312 2566 2416 2641 γὰρ
2469 2562 2711 2637 ἀληθῶς,
2763 2565 3057 2639 ἀγαπητοὶ,
3106 2564 3174 2619 τὰ
3202 2570 3328 2641 παρ’
3376 2564 3552 2621 αὐτῶν
3603 2565 3760 2642 γενό-

2108 2675 2260 2729 μενα,
2307 2654 2397 2708 καὶ
2448 2658 2633 2709 πασῶν
2689 2654 2947 2708 ἀνωτάτω
2995 2653 3320 2729 κατηγορίαν
3375 2651 3513 2709 ὅπου
3562 2676 3626 2731 γε
3671 2657 3762 2712 καὶ

2101 2746 2316 2799 πάντων
2376 2748 2485 2797 τῶν
2547 2741 2899 2819 ἀνθρωπίνων
2959 2742 3218 2797 ἀνωτάτω
3277 2743 3346 2797 τὰ
3413 2740 3762 2821 δικαστήρια·

2099 2833 2152 2888 τί
2211 2836 2314 2910 γὰρ
2373 2831 2514 2888 ἄλλο
2565 2831 2728 2895 τέλος
2783 2839 2884 2902 τῆς
2943 2831 3030 2886 ἐπὶ
3085 2831 3303 2895 τούτοις
3358 2831 3672 2903 ἐξετάσεως,
3722 2835 3760 2906 ἢ

2101 2925 2324 2986 θάνατος
2384 2921 2445 2977 ἐκ
2507 2920 2797 2997 βασιλικῆς
2851 2922 3119 2992 κινήσεως
3179 2920 3520 2997 ἐπαγόμενος
3583 2943 3597 2994 ;
3653 2926 3759 2983 Ca-

2099 3027 2322 3080 lumnza
2352 3016 2503 3070 enim
2534 3016 2631 3081 est,
2663 3013 2871 3078 dilecti,
2903 3030 3070 3083 quam
3122 3017 3358 3079 tentant,
3416 3031 3587 3086 eaque
3616 3033 3760 3084 gra-

2096 3105 2327 3159 vissima
2351 3107 2403 3158 et
2423 3103 2669 3157 maxime
2696 3104 2947 3157 omnium
2983 3103 3240 3173 capitalis
3270 3103 3434 3174 idque
3479 3106 3542 3160 in
3607 3123 3762 3161 sum-

2095 3195 2202 3248 mis
2231 3193 2482 3248 omnium
2521 3207 2712 3246 rerum
2755 3190 3132 3244 humanarum
3174 3191 3568 3248 tribunalibus.
3621 3195 3762 3262 Quis

337 3263 450 3338 esse
482 3287 708 3338 Patrum
739 3282 1094 3352 antiquorum
1122 3283 1208 3335 his
1265 3281 1534 3351 verbis(b)
1568 3299 1586 3334 :
1620 3279 1712 3332 Διὸ
1742 3280 1832 3332 καὶ
1865 3284 1992 3342 τοῦς
2025 3263 2067 3329 C
2105 3283 2253 3338 enim
2283 3281 2429 3334 alius
2453 3281 2609 3334 istius
2656 3281 2979 3350 qut'L’sticnis
3023 3280 3170 3350 ﬁnis.
3227 3281 3341 3334 nisi
3388 3286 3448 3337 ut
3498 3298 3646 3339 mors
3675 3299 3763 3339 re-

338 3367 600 3444 λεγοντας
635 3367 758 3440 μίαν
793 3368 948 3444 φύσιν
1000 3372 1098 3422 τοῦ
1139 3372 1271 3422 Θεοῦ
1320 3365 1499 3442 Λόγου
1551 3369 1990 3443 σεσαρκωμένην,

336 3457 427 3511 καὶ
464 3458 538 3530 μή
575 3455 926 3533 ἐπιφέροντας
977 3455 1341 3531 ἐψυχωμὲνην
1393 3453 1623 3532 λογικήν
1655 3477 1713 3510 τε
1760 3457 1850 3510 καὶ
1879 3477 1993 3511 νοε-

341 3545 539 3620 ρὰν,οὐ
571 3546 710 3599 πάνυ
743 3541 1146 3621 ἀποδεχόμεθα.
1189 3547 1440 3602 Nannius
1471 3564 1484 3602 :
1519 3548 1770 3618 Ideoque
1798 3552 1857 3603 et
1895 3565 1994 3603 eos

347 3637 448 3708 qui
482 3636 711 3704 dicunt,
745 3635 930 3691 solam
965 3640 1237 3691 naturam
1273 3636 1371 3690 Dei
1404 3636 1576 3691 Verbi
1608 3636 1992 3702 incarnatam,

340 3742 532 3797 neque
561 3726 790 3780 addunt
819 3742 948 3780 eam
976 3725 1297 3780 animatam
1323 3730 1537 3797 esse,et
1567 3726 1998 3794 rationalem,et

341 3821 536 3871 mente
566 3813 894 3886 praeditam,
928 3832 1044 3870 non
1075 3815 1396 3871 admodum
1423 3815 1994 3887 recipimus.Verten-

338 3905 474 3961 dum
496 3907 650 3960 autes
679 3908 758 3960 est
790 3919 803 3960 :
839 3904 1091 3976 Ideoque
1125 3921 1224 3960 eos
1255 3904 1356 3976 qui
1396 3905 1602 3960 dicunt
1660 3923 1836 3961 unam
1868 3922 1997 3962 esse

343 3993 442 4049 Dei
472 3993 632 4049 verbi
668 3997 942 4048 naturam
973 3993 1337 4048 incarnatam
1371 4010 1561 4065 neque
1591 3994 1817 4049 addunt
1872 4012 1999 4050 car-

342 4099 477 4140 nem
510 4087 880 4155 assumptam
912 4099 1042 4138 esse
1061 4083 1383 4139 animatam
1407 4083 1750 4140 rationaliet
1773 4084 1999 4140 intelle-

341 4173 494 4230 ctiva
523 4172 741 4239 anima,
776 4189 891 4228 non
921 4172 1240 4228 admodum
1275 4172 1614 4244 recipimus.

413 4284 442 4313 ‹‹
475 4264 756 4318 Postremo
790 4264 923 4332 quia
944 4263 1002 4317 in
1034 4263 1188 4317 verti
1206 4262 1503 4318 Athanasii
1533 4266 1594 4317 in.
1626 4263 1886 4334 Apologia
1913 4279 2000 4318 se-

341 4351 548 4419 cunda,
573 4355 767 4406 auctor
787 4352 882 4406 ille
912 4353 1010 4422 qui
1048 4352 1279 4422 confecit
1336 4351 1539 4406 indices
1581 4359 1721 4408 tome
1771 4352 2003 4408 secundo

342 4441 545 4512 a/fixos
573 4439 842 4496 deducere
869 4440 983 4494 vult
1011 4455 1170 4494 suam
1201 4439 1343 4495 itam
1397 4441 1813 4508 conclusionem,
1862 4440 2005 4513 quod

340 4530 527 4586 Julius
552 4530 823 4601 ponti/ica:
851 4530 920 4584 ab
979 4530 1211 4585 Eusebio
1267 4532 1513 4602 epise0po
1573 4531 1778 4585 Ariano
1826 4529 2006 4601 judex

2100 3371 2188 3440 gio
2217 3369 2458 3424 tumultu
2501 3370 2776 3440 inferatur
2819 3369 2846 3423 ?
2890 3367 3060 3439 Illud,
3101 3367 3315 3422 πάντων
3343 3372 3450 3423 τῶν
3485 3368 3758 3444 ἀνθρωπί-

2101 3478 2206 3511 νων
2242 3456 2500 3510 ἀνωτάτω
2528 3455 2595 3508 τᾶ
2625 3452 2966 3530 δικαστήρια,
3004 3457 3198 3528 palam
3252 3466 3338 3514 est
3396 3460 3752 3532 signiﬁcare,

2103 3548 2354 3602 omnium
2372 3546 2739 3602 humanorum
2760 3563 3019 3617 suprema
3039 3546 3436 3615 tribunalia,éx
3457 3546 3752 3623 βασιλικῆς

2102 3636 2392 3707 κινήσεως,
2426 3652 2603 3707 quam
2630 3653 2824 3707 prave,
2873 3637 3024 3706 regio
3072 3637 3330 3704 tumultu,
3363 3637 3574 3706 reddit,
3621 3656 3756 3696 cum

2104 3726 2233 3781 luce
2265 3724 2483 3780 clarius
2509 3725 2586 3780 sit
2613 3725 2957 3780 vertendum
2991 3742 3140 3796 esse,
3171 3743 3242 3782 ea:
3262 3727 3614 3799 imperatoris
3641 3731 3758 3797 ira,

2105 3816 2213 3881 vel,
2247 3831 2281 3869 a
2309 3820 2575 3870 commoto
2605 3815 2953 3885 imperatore.
2987 3816 3075 3886 Et,
3109 3816 3315 3888 paucis
3343 3817 3763 3889 interjectis,ut

2106 3904 2306 3960 videas
2337 3903 2533 3971 lector,
2569 3920 2747 3976 quam
2791 3903 3070 3976 frequens
3131 3910 3264 3961 ruat
3320 3905 3608 3976 Nannius,
3664 3912 3765 3960 Και

2109 3991 2349 4070 φονεύειν
2400 3990 2792 4067 ἐπιχειροῦσιν,
2845 3991 2933 4046 ἐὰν
2985 3997 3404 4070 συγχωρῶνται,
3445 3993 3538 4048 καὶ
3586 4000 3764 4050 ποιεῖν

2108 4080 2433 4157 ἐξορίστους·
2496 4081 2958 4156 συνεχωρήθησαν
3031 4081 3134 4156 γὰρ
3190 4085 3287 4135 τοῦ
3342 4081 3764 4161 Θεοφιλεστάτου

2108 4171 2313 4245 πατρὸς
2341 4174 2447 4224 τῶν
2488 4168 2757 4244 βασιλέων
2792 4169 2909 4224 ἀντὶ
2963 4171 3194 4225 Θανάτου
3241 4175 3311 4245 τῇ
3365 4173 3643 4245 μεταθέσει
3671 4177 3769 4228 τοῦ

2109 4259 2279 4315 τόπου
2310 4259 2400 4313 τὸν
2435 4259 2602 4332 θυμὸν
2652 4259 2825 4314 αὐτῶν
2879 4257 3274 4329 ἐκπλήσαντος.
3327 4263 3432 4317 Hic
3479 4263 3766 4336 Nannius,

2112 4369 2229 4407 non
2261 4351 2566 4406 advertens
2598 4351 2667 4406 de
2689 4350 2868 4406 unius
2887 4351 3195 4406 Athanasii
3227 4351 3431 4407 exsilio
3463 4352 3770 4425 agi,impe-

2113 4442 2221 4496 rite
2240 4440 2414 4496 vertit
2453 4458 2465 4496 :
2495 4440 2599 4496 Aut
2625 4456 2815 4495 necem
2842 4441 3174 4508 moliuntur,
3207 4442 3257 4495 si
3281 4443 3416 4513 ipsis
3445 4441 3628 4498 liceat.
3660 4445 3762 4498 aut

2111 4531 2308 4587 saltem
2337 4530 2551 4585 exsules
2570 4531 2770 4601 facere.
2805 4529 2955 4598 Quod
2985 4537 3035 4585 et
3064 4531 3508 4602 impetraverunt
3535 4533 3607 4586 ab
3640 4532 3770 4587 reli-

340 4621 515 4691 [uerit
577 4621 925 4691 constitutus,
994 4623 1186 4674 notata
1259 4623 1387 4674 sunt
1452 4620 1750 4676 Athanasii
1810 4620 1994 4676 verba.
2029 4645 2077 4712 D
2111 4621 2419 4692 giosissimo
2453 4619 2735 4675 Cazsarum
2763 4623 2938 4692 patre,
2962 4620 3060 4690 qui
3086 4622 3201 4675 iras
3231 4621 3472 4691 ipsorum
3503 4621 3770 4692 offensas-

340 4709 537 4780 quibus
604 4709 708 4763 illa
773 4709 1079 4780 oppositum
1143 4709 1341 4764 asserit
1397 4727 1414 4762 :
1446 4710 1630 4780 inquit
1683 4711 1836 4764 enim
1885 4710 1992 4781 .(c),

344 4796 441 4850 Καὶ
473 4798 525 4850 οἱ
553 4796 678 4873 περὶ
704 4791 962 4851 Εὗσὲϐιον
1003 4795 1093 4850 καὶ
1142 4797 1279 4871 πρὸς
1318 4795 1548 4851 Ἰούλιον
1600 4793 1860 4872 ἔγραψαν,
1905 4797 1996 4852 καὶ

343 4884 661 4958 νομίζοοτες
691 4887 840 4958 ἡμᾶς
891 4883 1140 4964 ἐκφοϐεῖν
1195 4884 1432 4956 ἠξίωσαν
1480 4882 1700 4941 σύνοδον
1749 4888 1994 4960 καλέσαι,

344 4975 434 5028 καὶ
493 4972 649 5028 αὐτὸν
709 4973 965 5046 Ἰούλιον,
1024 4975 1071 5029 εἰ
1135 4973 1415 5048 βούλοιτο,
1476 4977 1666 5050 κριτήν
1729 4976 1996 5050 γενέσθαι.

347 5066 598 5121 Nannius
621 5084 640 5119 :
671 5065 820 5130 Quin
853 5069 911 5120 et
939 5065 1252 5121 Eusebiani
1285 5067 1355 5121 ad
1387 5065 1606 5122 Julium
1641 5065 1865 5122 litteras
1897 5067 2001 5122 mi-

350 5171 498 5222 sere,
533 5158 590 5208 et
620 5161 685 5208 ut
717 5170 822 5208 nos
854 5157 1160 5221 terrerent,
1181 5155 1790 5226 synodumjusserunt
1821 5173 2001 5211 convo

351 5244 492 5313 cari,
525 5247 583 5299 et
614 5242 725 5315 ipsi
755 5240 935 5310 Julio,
971 5241 1021 5298 si
1051 5242 1238 5311 vellel,
1273 5243 1580 5298 arbitrium
1613 5261 1804 5301 causa:
1835 5247 2002 5300 detu-

347 5332 562 5389 lerunt.
600 5331 923 5388 Vertendum
973 5336 1156 5388 autem
1187 5341 1264 5388 est
1323 5350 1335 5388 :
1398 5332 1548 5398 Quin
1607 5337 1664 5388 et
1715 5335 2004 5392 Eusebius

447 5511 502 5583 a)
535 5511 602 5566 T.
638 5511 687 5566 ΙΙ
719 5511 899 5583 [nunc
930 5516 973 5566 t.
1005 5511 1124 5583 IV].
1161 5527 1217 5583 p.
1249 5509 1375 5566 462.

450 5581 500 5653 b)
530 5583 598 5637 T.
627 5584 682 5654 VII
716 5581 898 5654 [nunc
928 5587 970 5640 t.
1003 5581 1118 5654 IV],
1154 5581 1210 5654 p.
1244 5583 1370 5638 340.

445 5653 661 5781 9)
697 5671 752 5726 p.
790 5655 914 5710 110.

615 5729 680 5781 1t.
711 5730 914 5781 Comm

483 5724 992 5802 )Edithommel.
1031 5743 1088 5799 p.
1136 5726 1266 5782 562.
1305 5725 1444 5796 edit,
1504 5726 1817 5789 Parisiens.
1868 5747 2002 5811 pag.

674 5856 946 5924 PATBOL.
991 5855 1106 5923 Gn.
1150 5853 1348 5937 XXV;

422 5510 441 5726 ἕ

424 5729 444 5801 (

2109 4726 2234 4783 que,
2266 4725 2391 4764 cum
2419 4709 2756 4780 supplicium
2783 4709 3020 4780 capitale
3072 4713 3404 4780 posceretur,
3450 4710 3647 4765 exsilio
3677 4710 3772 4767 da-

2107 4803 2423 4854 mnatorum
2453 4799 2708 4870 explevit.
2742 4797 2824 4853 Ne
2855 4797 3129 4866 multa,si
3161 4798 3294 4870 quis
3327 4797 3520 4854 Graece
3540 4815 3766 4871 gnarus

2107 4893 2165 4945 et
2192 4887 2447 4944 historiae
2479 4887 2855 4943 ecclesiaticze
2888 4887 3135 4958 peritus,
3165 4889 3594 4961 subsequentia
3643 4905 3775 4962 per-

2109 4977 2423 5045 currat,vix
2444 4976 2702 5048 aliquam
2723 4977 3026 5049 periodum
3048 4977 3374 5033 Nannianis
3402 4977 3668 5048 lapsibus
3682 4995 3775 5036 va-

2110 5083 2283 5123 cuam
2315 5066 2998 5138 deprehendat.1nferius
3028 5083 3160 5122 vero
3189 5083 3365 5139 quam
3398 5066 3770 5140 incommode

2113 5157 2258 5212 illud
2291 5157 2384 5228 (ϐ),
2419 5155 2515 5208 Καὶ
2561 5154 2874 5228 καθαίρεσιν
2932 5151 3214 5222 ὀνειδίζειν
3267 5153 3411 5227 αύτῷ
3439 5153 3644 5229 τολμᾷ,
3674 5177 3773 5212 κα-

2113 5244 2375 5320 Οαιρεοεὶς
2407 5242 2590 5315 αὐτὸς,
2639 5243 2728 5298 καὶ
2781 5244 3027 5320 μάρτυρα
3071 5250 3172 5313 τῆς
3223 5245 3582 5320 καθαιρέσεως
3624 5241 3771 5321 ἔχων

2111 5336 2211 5405 τὴν
2262 5335 2372 5388 ἀντ’
2423 5332 2584 5388 αὐτοῦ
2762 5334 3107 5390 κατάστασιν.
3165 5337 3292 5396 Πῶς
3343 5334 3436 5390 οὖν
3468 5336 3502 5405 ἢ
3548 5334 3706 5399 αὐτὸς
3736 5335 3773 5408 ἢ

2113 5515 2243 5582 723,
2276 5513 2396 5570 edit
2424 5513 2624 5570 Venet.
2660 5528 2792 5584 pag,
2825 5512 2915 5569 99.

2185 5589 2257 5659 (e)
2287 5586 2439 5659 Edit.
2471 5584 2781 5659 Parisiens.
2815 5602 2878 5659 p_,
2907 5585 3036 5659 727.

2209 5655 2390 5732 f)Sic‘
2406 5658 2588 5732 probe
2617 5655 2760 5732 legit
2814 5655 3100 5732 Nannius,
3133 5674 3250 5716 non
3305 5656 3411 5711 ἀντ’
3471 5657 3645 5714 αὐτῶν
3707 5663 3769 5718 et

2118 5728 2296 5791 habet
2325 5729 2504 5789 editio
2535 5728 2907 5788 Pariéiensis.

3460 5857 3496 5938 ὰ
