4170 6428
374 471 510 519 XXII

1790 457 2397 521 PROLEGOMENA.

376 585 632 663 Θεόγνιος
680 587 950 659 ἠδύναντο
993 591 1267 666 καθαιρεῖν
1316 588 1483 645 ἄλλον
1515 634 1528 653 ,
1576 588 1726 644 αὐτοὶ
1775 592 2026 667 καθαιρε-

2143 592 2310 647 multi
2343 593 2462 648 sint
2491 592 2587 665 qui
2621 592 2836 648 librum
2869 592 3143 648 eumdem
3163 595 3384 647 vertere
3413 589 3661 647 seet-sim
3692 603 3791 662 ag-

374 675 575 746 θέντες,
606 677 698 731 καὶ
736 683 859 741 ταῖς
908 679 1018 733 ἄντ’
1069 678 1240 732 αὐτῶν
1288 678 1667 733 καταστάσεσιν
1720 675 2027 754 ἐλεγχόμε-

373 785 459 819 νοι
511 783 525 833 ;
575 763 770 822 Οἴδατε
824 768 927 842 γὰρ
1000 762 1238 843 ἀκριϐῶς
1274 811 1287 835 ,
1342 766 1425 821 ὅτι
1484 766 1733 843 Ἀμφίων
1798 767 1891 839 μὲν
1973 765 2024 820 ἐν

373 852 735 927 Νικομηδείᾳ,
767 857 1012 932 Χρηστὸς
1045 854 1101 910 δὲ
1151 856 1202 909 ἐν
1244 854 1439 927 Νικαέᾳ
1467 857 1867 924 κατεστάθησαν
1916 857 2027 909 ἀντ’

374 942 573 999 αὐτῶν·
617 946 727 1002 Ubi
785 947 1005 1003 Nanius
1048 950 1205 1003 :Nec
1247 955 1462 1002 veretur
1511 949 1564 1002 ei
1620 949 1857 1019 objiccre
1910 948 2028 1018 ejus

374 1033 665 1103 dignitatis
696 1038 1222 1105 exauctorationem,
1256 1038 1370 1109 iqse
1399 1038 1629 1092 interim
1655 1039 1903 1091 maxime
1931 1054 2027 1091 ea:-

372 1128 702 1180 auctoratus.
736 1134 796 1181 ut
824 1128 924 1197 qui
951 1143 1064 1181 suae
1117 1128 1585 1181 exauctorationis
1651 1128 2027 1181 testimonium

372 1221 422 1267 et
449 1222 833 1285 argumentum
862 1216 923 1269 in
952 1217 1072 1286 ipsa
1100 1217 1191 1270 sui
1218 1217 1600 1271 constitutione
1624 1215 1887 1269 ostendat.
1922 1216 2029 1283 Qui

373 1302 547 1372 igitur
574 1302 660 1357 vel
685 1303 801 1373 ipse
828 1303 913 1359 vel
944 1304 1241 1375 Theognius
1269 1307 1564 1375 potuerunt
1593 1304 1734 1358 alios
1762 1303 2029 1374 deponere

372 1392 479 1461 ipsi
503 1391 736 1463 depositi
763 1400 815 1448 et
861 1394 1234 1459 exauctorati,
1290 1398 1343 1450 et
1390 1396 1523 1448 vitio
1568 1410 1679 1447 suae
1734 1393 2026 1448 creationis

369 1480 599 1550 famosi?
614 1482 760 1537 Bene
787 1482 1062 1554 siquidem
1095 1484 1379 1554 cognitum
1408 1483 1637 1549 habetis,
1672 1482 2027 1553 Amphionem

369 1570 696 1626 Nicomedia
722 1573 785 1627 in
811 1588 1001 1628 eorum
1030 1574 1356 1628 Iocum......
1388 1574 1660 1643 episcopos
1705 1573 2026 1627 constitutos

370 1674 503 1715 esse.
537 1659 642 1717 Ubi
672 1661 1017 1716 vertendum
1041 1660 1515 1734 tuit,utquisque
1535 1660 1624 1717 vel
1656 1660 2028 1716 mediocriter

373 1747 597 1819 peritus
650 1749 953 1806 advertat:
1002 1750 1075 1805 Ac
1120 1750 1514 1822 depositionem
1574 1752 1683 1821 ipsi
1738 1752 2026 1821 (Eusebius

369 1836 689 1907 Athanasio)
708 1839 1040 1910 exprobrare
1064 1856 1172 1896 non
1204 1845 1570 1910 veretur,cum
1599 1841 1716 1912 ipse
1745 1839 2026 1912 depositus

368 1927 560 1997 fuerit,
591 1943 657 1983 ac
685 1943 745 1982 eo
774 1928 887 1999 ipso
918 1932 1107 1984 testem
1135 1929 1492 2001 depositionis
1512 1946 1624 1984 sua:
1643 1930 1860 1995 habeat,
1883 1929 2025 2001 quod

368 2015 512 2071 alter
540 2017 657 2085 eius
695 2017 812 2074 loco
837 2019 1093 2091 suffectus
1120 2020 1211 2086 sit,
1258 2019 1532 2088 Quomodo
1580 2021 1754 2090 igitur
1782 2019 1867 2073 vel
1912 2020 2027 2091 ipse

370 2104 462 2161 vel
492 2105 793 2177 Theognius
834 2108 1009 2163 alium
1036 2108 1321 2180 deponere,
1378 2113 1699 2181 potuerunt.
1759 2124 1886 2163 cum
1918 2109 2028 2180 ipsi

368 2194 599 2267 depositi
622 2197 740 2252 sint
767 2213 789 2258 ;
819 2202 881 2252 ut
906 2198 1139 2253 velhinc
1193 2201 1475 2267 arguitur,
1510 2199 1648 2269 quod
1677 2199 1783 2253 alii
1837 2214 2025 2253 eorum

374 2284 487 2341 loco
515 2286 627 2341 sint
650 2288 929 2343 constituti
957 2287 984 2342 ‘l
1012 2289 1185 2344 Probe
1212 2291 1413 2344 etenim
1450 2290 1642 2359 nostis,
1668 2289 2027 2359 Amphionem

370 2374 721 2444 Nicomediae,
755 2376 1038 2433 Chrestum
1065 2378 1269 2435 Nicaeae
1296 2394 1497 2434 eorum
1529 2379 1643 2434 loco
1665 2380 1842 2448 fuisse
1870 2377 2022 2432 ordi-

366 2465 651 2521 natos.Est
683 2466 780 2520 ubi
811 2466 1076 2523 Nannius
1100 2468 1340 2523 nomina
1355 2468 1591 2540 prOpria
1611 2484 1726 2524 non
1760 2469 2026 2524 advertat

371 2558 431 2610 et
458 2554 625 2627 quasi
656 2554 818 2612 aliud
847 2571 1026 2629 quam
1046 2574 1259 2613 nomen
1280 2558 1389 2613 viri
1413 2557 2022 2629 signiﬁcarent,inter-

379 2644 760 2715 pretetur,Sic
778 2644 837 2700 in
860 2644 1107 2717 epistola
1135 2645 1447 2701 Alexandri
1476 2646 2025 2702 Thessalonicensis

374 2732 495 2789 haec
528 2776 543 2803 ,
590 2733 779 2794 Ὅπως
831 2733 926 2806 μὲν
976 2731 1067 2788 οὖν
1118 2730 1426 2807 διεκείμεθα
1471 2735 1595 2807 περί
1644 2735 1733 2789 τὸν
1791 2737 2018 2807 μνήμης

366 2820 514 2898 ῃξιον
567 2822 842 2892 Σώζοντα,
893 2822 1053 2885 αὐτὸς
1102 2823 1340 2898 ἀγνοεῖς,
1398 2826 1482 2880 ita
1530 2825 1701 2880 vertit
1749 2826 1825 2897 (a)
1859 2842 1872 2880 :
1908 2827 2026 2893 Quo

368 2914 546 2982 igitur
562 2929 663 2969 nos
691 2914 893 2985 aﬂeclu
919 2930 1036 2969 esse
1062 2930 1193 2985 erga
1224 2930 1369 2983 eum,
1402 2917 1499 2986 qui
1554 2916 1633 2969 ita
1670 2916 1859 2970 virum
1908 2930 2024 2970 me-

365 3004 550 3058 moria
568 3001 800 3071 dignum
828 3004 890 3057 in
934 3018 991 3058 se
1026 3008 1313 3059 conservat
1367 3005 1670 3060 existimas.
1736 3002 1841 3059 Ubi
1903 3003 2023 3058 haec

364 3108 502 3147 vera
530 3092 930 3164 interpretatio
964 3111 976 3149 :
1011 3094 1127 3162 Quo
1157 3095 1329 3164 igitur
1356 3094 1547 3163 eﬂectu
1594 3095 1868 3165 fuerimus
1891 3109 2022 3164 erga

370 3181 656 3238 Sozantem
684 3183 947 3239 memoria
974 3182 1205 3253 dignum
1263 3186 1472 3251 virum,
1522 3200 1632 3239 non
1665 3188 1905 3253 ignoras.
1951 3183 2019 3238 Et

371 3270 432 3327 in
460 3272 705 3345 Epistola
733 3274 1006 3346 encyclica
1037 3273 1135 3346 (b),
1169 3272 1308 3329 olim
1340 3274 1409 3329 ad
1449 3273 1778 3330 orthodoxos
1808 3272 2016 3329 inscri-

2138 682 2483 753 grediantur
2512 699 2582 737 ne
2614 683 2730 737 duo
2760 684 2998 754 quidem
3031 682 3296 738 eamdem
3343 698 3584 753 prorsus
3610 680 3790 736 inter-

2139 773 2525 843 pretationem
2555 773 2836 827 edant.Ea
2865 790 3034 845 porro
3063 771 3172 827 luit
3200 771 3454 826 instituti
3490 769 3673 826 nostri
3706 787 3794 824 ra-

2137 861 2240 928 tio,
2273 866 2336 915 ut
2364 862 2802 933 interpretando
2834 861 3088 920 mediam
3121 875 3225 915 cen
3256 862 3410 914 viam
3456 864 3793 914 teneremus

2136 949 2290 1005 inter
2346 952 2791 1025 παραυξραστεκῆν
2850 949 3093 1005 vertenti
3163 949 3475 1014 rationem,
3535 954 3593 1003 et
3649 948 3793 1004 stri-

2137 1056 2340 1111 gosam
2378 1039 2537 1094 illam
2572 1040 2769 1110 alium,
2798 1056 2924 1111 quia
2982 1039 3181 1094 Graeca
3237 1055 3267 1092 e
3300 1038 3541 1109 vestigio
3571 1041 3627 1093 et
3654 1036 3793 1090 κατὰ

2138 1123 2278 1179 πόδα
2309 1133 2679 1183 consectatur
2711 1144 2725 1181 :
2758 1134 2937 1200 atque
2968 1128 3048 1182 ita
3079 1129 3278 1182 Graeca
3309 1126 3697 1197 reddidimus,
3726 1130 3794 1181 ut

2137 1218 2327 1288 quoad
2364 1216 2608 1273 facultas
2633 1217 2785 1281 tulit,
2812 1236 2845 1272 a
2875 1217 3302 1272 consuetudine
3336 1217 3547 1272 Latinae
3578 1217 3791 1289 linguae

2139 1324 2253 1361 non
2286 1306 3052 1361 deﬂecteremus.Avocilms
3071 1311 3266 1362 tamen
3289 1312 3565 1378 perpetuo
3592 1323 3703 1361 usu
3731 1306 3792 1361 in

2139 1395 2391 1451 Ecclesia
2421 1395 2721 1465 admissis,
2756 1395 2865 1451 etsi
2918 1396 3120 1451 Latine
3154 1396 3349 1451 minus
3390 1395 3645 1463 usitatis,
3673 1412 3791 1451 non

2137 1484 2558 1549 abstinuimus,
2594 1492 2655 1539 ut
2685 1490 2827 1540 sunt
2866 1484 3114 1557 exempli
3166 1502 3366 1553 causa,
3418 1487 3790 1557 mortiﬁcatio,

2136 1574 2445 1641 tribulatio,
2477 1576 2794 1647 persecutio,
2827 1579 2883 1629 et
2913 1574 3040 1631 alia:
3070 1575 3127 1629 id
3161 1592 3368 1647 genus,
3391 1575 3532 1647 quia
3554 1575 3793 1647 potissi-

2139 1681 2300 1718 mum
2333 1668 2564 1719 exstant
2593 1664 2651 1718 in
2705 1663 2956 1737 Vulgata
2986 1668 3181 1720 nostra
3214 1669 3270 1719 et
3298 1682 3333 1719 a
3376 1664 3647 1720 Patribus
3682 1664 3792 1720 fre-

2136 1757 2471 1825 quentatur.
2506 1758 2622 1809 Nec
2656 1754 2977 1825 morigeros
3011 1770 3141 1809 esse
3186 1754 3378 1809 visum
3438 1757 3528 1809 est
3560 1753 3656 1821 iis,
3689 1754 3792 1826 qui

2135 1842 2343 1898 oblitas
2374 1842 2535 1898 Latio
2555 1859 2724 1898 voces
2752 1846 2875 1897 tam
2905 1842 3108 1898 sedulo
3122 1847 3582 1914 aucupantur,ut
3611 1845 3792 1899 etiam

2136 1931 2473 2003 importuno
2496 1949 2556 1987 sc
2573 1932 2782 2004 rupulo
2812 1949 2846 1987 a
2876 1932 3125 2002 suavi,et
3151 1932 3221 1987 ab
3246 1932 3389 2004 ipsis
3412 1932 3679 1988 Ecclesia:
3704 1933 3794 1988 in-

2135 2021 2448 2078 cunabulis
2481 2022 2699 2093 ubique
2731 2027 2963 2095 recepta
3002 2023 3363 2077 SALVATORIS
3418 2039 3555 2078 voce
3602 2022 3789 2078 absti-

2137 2116 2335 2166 neant.
2367 2111 2583 2167 Contra
2605 2129 2739 2166 vero
2771 2111 2975 2183 religio
3006 2112 3116 2167 fuit
3145 2128 3380 2167 sacrum
3405 2128 3616 2167 nomen
3652 2128 3788 2167 cum

2136 2200 2269 2256 aliis
2302 2204 2666 2255 commutare
2697 2200 2804 2255 etsi
2839 2201 3028 2273 magis
3051 2201 3122 2255 ad
3158 2201 3373 2256 Latinas
3398 2199 3614 2272 lingum
3648 2200 3791 2257 idio-

2138 2306 2231 2343 ma
2262 2291 2677 2346 accedentibus
2726 2307 2745 2344 :
2779 2306 2912 2345 cum
2976 2290 3227 2345 maxime
3284 2289 3651 2362 exploratum
3714 2290 3796 2344 sit

2134 2379 2255 2433 voci
2290 2380 2485 2452 Σωτήρ
2517 2379 2739 2435 nullam
2767 2395 2795 2434 e
2824 2380 3046 2435 Latinis
3078 2381 3256 2452 probe
3286 2380 3789 2453 congruere.Audi

2133 2467 2390 2523 Tullium
2421 2470 2488 2539 (c)
2517 2487 2530 2524 :
2562 2471 2750 2541 Itaque
2779 2485 2903 2524 eum
2930 2486 3041 2524 non
3071 2470 3247 2524 solum
3276 2479 3571 2542 patronum
3630 2471 3793 2526 istius

2136 2558 2340 2614 insqu
2367 2558 2459 2612 sed
2488 2561 2657 2613 etiam
2680 2575 2891 2614 eorum
2923 2560 3251 2630 inscriptum
3290 2560 3407 2614 vidi
3469 2560 3790 2631 Syracusis.

2137 2651 2252 2702 lloc
2275 2655 2542 2719 quantum
2571 2654 2653 2701 est
2682 2648 2710 2701 ?
2745 2652 2826 2703 Ito
2857 2664 3138 2718 magnum,
3170 2652 3227 2701 ut
3262 2649 3457 2702 Latino
3488 2665 3602 2702 uno
3632 2649 3793 2703 verbo

2134 2738 2375 2808 exprimi
2403 2752 2511 2791 non
2537 2738 2704 2809 possit
2732 2738 2781 2792 Is
2811 2741 2890 2793 est
2918 2738 3189 2791 nimirum
3211 2754 3390 2791 sorsa
3430 2739 3528 2808 qui
3554 2737 3793 2793 salutem

2134 2825 2299 2881 dedit.
2334 2825 2574 2881 Frustra
2604 2826 2784 2897 igitur
2813 2842 3040 2898 quaeras
3071 2826 3224 2898 apud
3258 2826 3535 2899 antiquos
3568 2827 3789 2882 Latini-

2136 2914 2275 2970 tatis
2306 2919 2573 2971 auctores
2597 2931 2797 2971 vocem
2830 2931 2958 2987 quae
2991 2915 3087 2970 isti
3137 2916 3332 2989 Σωτήρ
3392 2917 3742 2989 respondeat
3777 2933 3789 2972 :

2135 3009 2490 3076 quapropter
2522 3004 2695 3077 vulgo
2727 3004 3028 3061 Saluatoris
3059 3021 3186 3060 eam
3220 3004 3455 3062 nomine
3486 3005 3791 3062 reddimus

2135 3110 2265 3148 rare
2291 3094 2593 3149 Servaloris
2623 3110 2655 3147 a
2689 3093 2929 3166 reliquis
2977 3110 3110 3149 vero
3170 3112 3356 3167 nuper
3415 3095 3783 3168 excogitatiis

2136 3187 2336 3251 utpote
2358 3180 3256 3249 insolentioribus,abstinemus.
3277 3184 3473 3239 Sicubi
3503 3201 3675 3256 porro
3691 3201 3793 3241 su—

2135 3271 2373 3327 blimior
2402 3288 2495 3327 res
2551 3272 2765 3344 agitur,
2802 3276 2863 3326 ut
2893 3270 3200 3327 Trinitatis
3247 3272 3791 3345 Incarnationisque

369 3364 515 3433 ptat,
550 3360 742 3415 Πιστόν
776 3378 988 3418 nomen
1012 3362 1339 3435 preprium,
1372 3362 1541 3419 ﬁdum
1567 3379 1869 3435 perperam
1924 3362 2014 3417 in—
2050 3348 2093 3415 C
2133 3361 2278 3416 ratio
2309 3365 2432 3416 tum
2458 3360 2816 3433 simpliciore
2848 3378 3052 3417 vocum
3086 3378 3198 3417 usu
3226 3360 3791 3432 omniainterpreta-

367 3457 725 3527 terpretatus
754 3462 841 3509 est
868 3468 882 3509 :
916 3470 1044 3525 quae
1076 3468 1175 3508 vos
1205 3452 1537 3508 inconsulte
1566 3458 1656 3508 est
1684 3452 1989 3508 aParisien
2013 3480 2034 3493 -

368 3544 539 3600 sibus
569 3542 894 3600 editoribus
924 3542 983 3596 in
1014 3540 1314 3615 Γρηγόριον
1349 3546 2022 3598 commutata.lnnume-

385 3648 453 3688 ra
480 3632 735 3705 proferre
783 3648 1018 3704 possem
1071 3632 1286 3704 quibus
1340 3632 1606 3688 eruditus
1665 3631 1846 3687 lector
1900 3633 2029 3689 luce

386 3720 602 3778 clarius
627 3722 686 3777 id
716 3722 1071 3794 perspiceret
1099 3738 1215 3776 non
1240 3720 1479 3777 licuisse
1523 3722 1692 3777 nobis
1723 3722 2030 3778 Nanniana

389 3810 471 3867 uti
506 3810 772 3867 versione
803 3827 817 3879 ;
853 3810 1088 3882 quando
1119 3814 1240 3864 tam
1272 3810 1455 3866 muita
1477 3810 1849 3867 immutanda
1863 3828 2031 3883 opor-

383 3900 517 3972 tuit,
551 3904 616 3955 ut
643 3899 736 3956 vix
764 3899 984 3956 Nannit
1007 3899 1195 3954 versio
1217 3899 1422 3954 exinde
1452 3900 1640 3954 vocari
1663 3904 1859 3971 posset
1892 3916 1905 3956 :
1934 3916 2031 3956 ve-

381 4006 514 4045 rum
545 4004 616 4045 ne
644 3989 704 4045 in
737 4006 798 4045 re
828 3993 966 4045 nota
993 3993 1051 4045 et
1081 3988 1420 4061 pervulgata
1437 3987 1660 4043 multus
1696 3997 1748 4043 et
1769 3988 2031 4044 insolens

380 4080 494 4137 sim
524 4080 772 4136 libenter
817 4078 1046 4152 ingrato
1104 4077 1301 4134 labore
1356 4079 1731 4151 supersedeo.
1791 4078 2034 4134 Miretur

381 4175 579 4227 autem
611 4174 820 4226 acutus
849 4168 1099 4241 quilibet
1128 4168 1280 4224 inter
1307 4168 1820 4240 praestantissimas
1843 4185 2030 4223 annu-

382 4265 690 4328 meratatn,
721 4264 779 4316 et
807 4259 1045 4333 quidem
1075 4275 1110 4314 a
1150 4258 1335 4314 doctis
1381 4258 1543 4325 viris,
1574 4257 1784 4313 Nannii
1816 4257 2031 4313 versio-

384 4366 519 4407 nem
551 4354 655 4406 :ut
682 4348 984 4422 propalam
1016 4349 1093 4405 sit
1124 4347 1455 4405 istiusmodi
1476 4347 1709 4418 judices
1751 4348 1808 4403 in
1834 4348 2028 4403 confe-

383 4440 566 4497 renda
593 4455 729 4495 cum
760 4439 973 4494 Graecis
1004 4437 1107 4494 illa
1127 4437 1611 4510 interpretatione
1641 4454 1757 4492 non
1778 4437 2031 4493 multum

383 4530 487 4585 otii
518 4528 979 4600 consumpsisse.
1013 4527 1307 4583 Nimirum
1351 4527 1567 4599 decipit
1622 4526 1783 4583 frons
1843 4527 2035 4599 prima

384 4620 626 4687 multos;
656 4635 789 4675 cum
818 4619 973 4673 enim
997 4618 1056 4673 in
1086 4617 1217 4673 loca
1244 4620 1511 4689 quaedam
1536 4616 1778 4673 feliciter
1808 4616 2036 4672 reddita

2147 3468 2279 3506 mur
2307 3468 2441 3506 nam
2474 3451 2532 3506 in
2566 3451 2746 3521 hisce,
2781 3451 2862 3507 ait
2901 3450 3100 3508 Julius
3130 3469 3301 3524 papa,
3346 3469 3461 3507 non
3494 3452 3792 3525 specimen

2138 3539 2488 3613 eloquentia“:
2521 3541 2901 3612 qumreudum
2933 3541 3447 3597 est.Sioccurrunt
3476 3542 3792 3615 Srripturaa
3828 3610 3833 3613 _

2140 3647 2319 3685 sacrae
2352 3629 2499 3696 loca,
2524 3629 2917 3703 Vulgatatam,
2954 3630 3053 3685 ubi
3088 3646 3180 3686 res
3199 3630 3307 3685 fert
3335 3630 3662 3701 sequimur:
3688 3630 3792 3687 sed

2140 3721 2378 3791 quando
2408 3737 2476 3775 ex
2508 3719 2698 3774 Veteri
2720 3720 3095 3774 Testamento
3125 3718 3427 3773 sententiae
3449 3719 3794 3789 all‘eruntur,

2141 3808 2280 3879 quia
2311 3808 2656 3879 plerumque
2685 3806 2937 3878 Vulgata
2965 3823 3093 3878 quae
3152 3823 3222 3862 ex
3254 3808 3490 3861 llebrmo
3519 3823 3798 3878 expressa

2142 3897 2253 3951 fuit
2273 3913 2407 3951 cum
2438 3896 2652 3951 Grmcis
2683 3894 3067 3967 Septuaginta
3097 3912 3211 3950 non
3239 3895 3512 3951 convenit
3536 3900 3662 3952 tum
3687 3912 3791 3952 ne-

2142 4002 2303 4042 cesse
2334 4002 2575 4058 prorsus
2603 3990 2693 4039 est
2725 3984 2925 4039 litterae
2957 3985 3222 4056 obsequi,
3257 3984 3791 4057 aliamquoversio-

2143 4092 2275 4131 nem
2309 4090 2513 4147 parare
2564 4091 2577 4130 :
2613 4074 2731 4128 imo
2780 4074 2954 4128 etiam
2987 4090 3122 4128 cum
3182 4073 3435 4146 Vulgata
3470 4081 3671 4131 nostra
3725 4091 3795 4131 ex

2143 4165 2357 4221 Graecis
2386 4163 2735 4236 exprimitur
2755 4179 2870 4217 non
2890 4179 3020 4218 raro
3046 4163 3119 4218 ab
3141 4178 3209 4218 ea
3231 4163 3499 4219 nonnihil
3522 4165 3794 4221 deﬂecte—

2143 4272 2205 4310 re
2234 4257 2480 4326 oportet.
2514 4252 2633 4309 sive
2665 4250 2834 4307 lectio
2864 4252 3112 4319 diversa,
3137 4252 3256 4308 sive
3285 4254 3589 4309 Athanasii
3623 4270 3791 4311 mens

2142 4343 2317 4400 aliam
2350 4341 2891 4414 interpretationem
2920 4341 3177 4413 postulet
3208 4359 3220 4397 :
3256 4343 3413 4415 quoi
3469 4342 3627 4399 haud
3658 4359 3792 4400 raro

2143 4433 2355 4490 evenit.

2213 4524 2492 4579 Ordinem
2523 4520 2677 4592 quod
2700 4524 2945 4591 spectat,
2974 4537 3093 4576 una
3123 4520 3292 4577 nobis
3343 4520 3455 4576 fuit
3510 4521 3799 4594 temporis

2142 4611 2583 4681 ratio,omnium
2615 4608 3344 4683 scilicetcpportunissima
3369 4626 3503 4666 cum
3518 4611 3589 4666 ad
3605 4610 3795 4666 histo-

383 4726 524 4766 casu
548 4709 976 4780 incidissent(et
997 4712 1137 4763 sunt
1159 4707 1411 4762 fatemur
1426 4707 1715 4777 ejusmodi
1750 4723 1863 4761 non
1888 4723 2033 4779 pau-
2068 4728 2115 4792 Β
2147 4705 2293 4759 riam
2327 4706 2385 4792 et
2400 4697 2807 4792 cbonplogiam
2844 4704 2985 4792 tum.
3001 4700 3071 4754 ad
3121 4699 3416 4792 judicium
3466 4697 3800 4792 poesla‘cuvel

383 4800 494 4872 ca),
527 4800 598 4855 de
627 4798 850 4854 caeteris
890 4798 1288 4867 conjecturam
1346 4798 1626 4853 fecerunt.
1677 4797 2030 4852 Auctoribus

383 4888 565 4962 igitur
594 4892 653 4944 et
681 4887 1139 4943 consuasoribus
1169 4885 1264 4942 cll.
1296 4887 1410 4956 VV,
1445 4886 1672 4958 Bigotio
1701 4891 1759 4941 et
1788 4885 2027 4958 Cangio,

384 4995 533 5052 quos
564 4981 990 5035 memorantem

793 5155 1041 5213 Χαλεπὸν
1076 5155 1174 5230 ἐμὲ
1203 5157 1396 5219 πένθος
1428 5157 1618 5229 ἱκάνει,

385 5339 457 5396 ad
488 5356 696 5396 novam
727 5339 1015 5395 edendam
1047 5339 1373 5394 versionem
1392 5337 1660 5392 animum
1693 5336 2035 5409 appulimus

381 5433 441 5484 et
458 5429 506 5485 si
528 5445 650 5485 rem
670 5429 912 5485 arduam
931 5429 1052 5484 fore
1073 5427 1835 5500 prospiciebamus.Etenim
1854 5441 2033 5497 quam

383 5517 622 5574 difficile
651 5518 732 5574 sit
759 5518 832 5573 ad
857 5522 942 5573 tot
970 5517 1336 5574 eruditorum
1354 5521 1565 5571 nutum
1598 5532 1663 5570 ac
1682 5515 2031 5571 sententiam

384 5610 582 5667 Graeca
604 5608 808 5664 Latine
838 5608 995 5678 dare,
1025 5606 1163 5662 hinc
1193 5605 1412 5679 palam,
1465 5605 1620 5676 quod
1653 5605 2035 5677 quantumvis

461 5755 540 5902 ‘3‘}
561 5752 719 5885 ἓξὲξ·
743 5749 1049 5885 ξεῖἓὲἐὲἒὲ
1079 5765 1137 5899 ’i;
1168 5747 1297 5879 iii;

2146 4781 2511 4858 γνησιότητος
2544 4779 2874 4835 ferendum.
2904 4780 3353 4835 Admonitiones
3386 4780 3599 4852 cuique
3644 4779 3796 4835 libro

2140 4879 2245 4931 aut
2268 4870 2526 4944 epistolae
2564 4895 2577 4935 ς
2610 4868 2700 4924 vel
2730 4868 2918 4924 sicubi
2949 4870 3120 4940 plura
3148 4868 3434 4942 opuscula
3461 4873 3667 4924 mutuo
3699 4884 3797 4924 co-

2141 4965 2366 5020 haerent
2396 4959 2665 5033 pluribus
2695 4958 3110 5029 praemisimus.
3148 4960 3227 5014 lbi
3260 4964 3495 5031 tempus
3541 4956 3796 5014 investi-

2142 5070 2353 5127 gamus
2384 5068 2402 5121 ;
2433 5066 2580 5123 Opus
2611 5063 2961 5121 germanum
2993 5066 3144 5115 esse,
3196 5066 3331 5105 cum
3390 5064 3485 5104 res
3515 5047 3796 5121 postulat,

2142 5144 2335 5217 palam
2360 5143 2609 5200 iacimus
2635 5162 2647 5211 ;
2672 5160 2799 5215 quas
2832 5139 3181 5196 difﬁcillima
3201 5142 3518 5195 occurrunt
3547 5135 3798 5210 explica-

2147 5251 2282 5290 mus
2312 5239 2595 5306 quantum
2631 5235 2690 5289 in
2724 5233 2895 5288 nobis
2927 5232 3110 5285 situm
3141 5234 3249 5285 est.
3302 5227 3591 5284 Monitum
3626 5242 3798 5299 porro

2145 5324 2419 5380 lectorem
2450 5324 2723 5380 volumus
2753 5338 2861 5378 nos
2891 5320 2974 5375 sic
2997 5318 3195 5374 omnia
3214 5323 3597 5390 temperasse,
3632 5321 3699 5372 ut
3726 5332 3799 5372 ne

2144 5414 2329 5469 nimia
2383 5419 2656 5469 notarum
2716 5409 3047 5485 prolixitatc
3105 5408 3219 5481 ipsi
3271 5421 3557 5463 nauseam
3612 5403 3797 5462 molo-

2144 5504 2386 5559 stiamve
2412 5519 2788 5566 crearemus;
2823 5517 2888 5556 ac
2923 5497 3110 5554 multa
3168 5495 3439 5552 consulto
3471 5495 3799 5568 praetermi-

2143 5593 2313 5661 sisse,
2345 5593 2486 5665 quia
2508 5591 2594 5648 vel
2624 5592 2684 5646 in
2743 5590 3086 5646 Onomastico
3146 5584 3464 5659 explanata
3521 5588 3682 5654 sunt,
3741 5583 3794 5640 si

2213 5737 2284 5817 (ο)
2312 5738 2375 5795 In
2409 5738 2560 5795 Verr.
2595 5752 2670 5795 IV.
