4170 6410
1309 417 1724 480 PRAEFATIO
1769 418 2165 482 EDITIONIS
2209 419 2787 482 BENEDICTINJE.

3590 417 3750 479 χχιιι

333 567 450 624 qua
474 567 642 607 voces
673 553 974 622 spectant;
1008 550 1097 606 vel
1127 552 1187 606 in
1221 553 1519 608 Athanasii
1573 553 1708 621 vita,
1757 550 1806 606 si
1864 568 1981 622 qua
2009 555 2064 620 Α
2096 552 2220 608 loco
2245 554 2336 624 (α).
2374 552 2763 609 Athanasium
2793 551 3028 624 Basilio,
3059 550 3332 625 Gregorio
3346 547 3751 623 etAppollina—

329 641 636 697 historiam
672 640 792 709 ;vcl
827 640 885 695 in
915 641 1136 696 Monitis
1183 640 1231 696 si
1291 658 1407 712 qua
1464 658 1556 696 res
1616 640 1876 696 diversas
1927 645 1984 696 et

329 729 670 797 insolentes;
687 735 750 784 ut
781 729 1229 801 possitquisque
1245 731 1514 785 animum
1537 729 1764 801 explere
1782 747 1980 786 suum.

330 819 519 875 Dubia
549 822 606 874 et
636 818 842 889 spuria
870 818 928 872 in
949 817 1628 890 secundumtomum(l),
1661 817 1984 889 praemissis

328 905 538 968 νοθείας
569 906 1206 978 signis,ablegavimns.
1257 907 1480 970 Quanto
1540 911 1737 962 autem
1788 907 1984 963 labore

332 1015 398 1054 ac
429 997 624 1053 studio
655 996 1150 1066 contenderimus,
1176 999 1240 1050 ut
1271 997 1319 1052 si
1355 1014 1473 1067 qua
1504 995 1753 1050 laterent
1784 997 1843 1050 in
1891 1013 1986 1050 va-

331 1087 434 1143 riis
463 1092 700 1157 Europae
731 1085 1099 1141 bibliothecis
1129 1085 1433 1141 Athanasii
1460 1102 1634 1157 opera
1666 1102 1781 1140 non
1830 1085 1987 1141 edita

330 1175 877 1231 transmitterentur
931 1174 1125 1241 nobis,
1190 1175 1363 1230 fidem
1422 1191 1591 1246 spero
1657 1174 1695 1228 ii
1753 1174 1984 1240 facient,

332 1267 623 1336 quotquot
653 1262 979 1318 ministerio
1012 1268 1188 1335 atque
1219 1263 1427 1318 officiis
1461 1280 1528 1318 ea
1561 1263 1619 1319 in
1652 1280 1713 1318 re
1744 1263 1836 1318 usi
1895 1281 1988 1317 su-

332 1371 487 1409 mus.
521 1354 591 1408 Et
616 1369 755 1407 sane
788 1353 933 1407 bene
966 1352 1153 1407 multa
1175 1353 1300 1424 jam
1335 1353 1590 1424 primum
1645 1352 1991 1407 Athanasia~

333 1443 425 1499 nis
443 1442 728 1498 accedunt
757 1441 878 1496 sive
901 1441 1189 1497 hactenus
1222 1441 1462 1509 inedita,
1499 1441 1618 1497 sive
1648 1441 1744 1496 hic
1776 1440 1897 1496 illic
1929 1440 1988 1494 in

333 1532 506 1588 editis
523 1530 702 1587 variis
733 1530 1032 1586 distracta.
1066 1531 1203 1594 Quae
1247 1530 1448 1586 omnia
1501 1531 1809 1585 observare
1856 1528 1990 1584 licet

332 1622 393 1677 in
425 1620 688 1693 catalogo
718 1620 843 1676 suis
874 1620 1153 1675 distincta
1186 1619 1358 1675 notis.
1393 1619 1456 1674 In
1490 1614 1798 1679 ἀνεκδότοις
1854 1634 1990 1675 vero

333 1711 486 1767 mole
515 1714 572 1765 et
627 1709 812 1781 pretio
872 1707 1054 1764 anteit
1109 1709 1551 1765 Commentarius
1602 1709 1660 1762 in
1720 1708 1988 1778 Psalmos,

332 1800 432 1871 qui
463 1816 532 1855 ex
562 1797 967 1870 compluribus
1001 1797 1560 1869 manuscriptisjam
1617 1797 1876 1868 primum
1931 1796 1990 1851 in

2091 642 2178 697 rio
2210 643 2827 714 comparatum,instar
2859 643 3024 714 pueri
3054 641 3394 697 habendum
3415 654 3566 696 esse.
3593 639 3747 695 Sane

2095 731 2241 786 tanti
2301 732 2566 787 facienda
2617 731 2986 804 Philostorgii
3045 731 3117 786 de
3170 729 3493 786 Athanasio
3547 728 3746 794 verba,

2095 820 2301 892 quanti
2334 821 2454 875 haec
2484 819 2757 877 Eunumii
2791 821 2860 876 de
2891 820 3106 876 Basilio
3139 836 3152 874 :
3186 836 3383 891 quem,
3413 822 3477 874 ut
3506 818 3588 873 ait
3607 817 3747 874 Gre-

2094 908 2294 980 gorius
2321 909 2641 980 Nyssenus,
2677 908 2782 964 lib.
2819 927 2836 963 1
2866 915 3060 964 contra
3100 908 3448 976 Eunomium,
3501 905 3750 962 vocabat

2092 996 2355 1069 πονηρὸν,
2405 998 2672 1066 κακοήθη,
2726 997 2982 1070 ψευστὴν,
3043 995 3133 1050 καὶ
3191 994 3270 1050 ἔτι
3317 995 3455 1065 πρὸς
3503 992 3746 1062 τούτοις,

2096 1085 2313 1161 Opas-iw,
2375 1086 2554 1158 ἀμαθῆ
2594 1130 2608 1153 ,
2660 1087 3084 1160 παράγραπτον,
3132 1089 3240 1139 τῶν
3291 1084 3449 1140 θείων
3498 1082 3746 1158 ἀμύητον

2100 1177 2157 1230 Id
2190 1180 2280 1230 est
2313 1191 2325 1229 :
2357 1174 2916 1246 Malum,improbum
2945 1176 3222 1241 moribus,
3253 1174 3588 1230 mendacem
3615 1189 3628 1228 :
3689 1176 3750 1226 et

2095 1271 2374 1334 praeterea
2393 1264 3014 1332 audacem,indoctum,
3029 1265 3362 1335 falsiﬁcum,
3413 1263 3751 1318 divinarum

2098 1370 2293 1409 rerum
2324 1355 2676 1422 imperitum.
2712 1353 2886 1408 Misso
2908 1352 3106 1424 itaque
3138 1350 3500 1424 iniquissimi
3532 1349 3751 1406 rabulas

2093 1443 2421 1515 judicio,ad
2452 1443 2725 1498 Photium
2746 1443 3314 1513 veniamus,aequum
3361 1441 3754 1513 peritumque,

2101 1533 2151 1588 si
2184 1532 2316 1600 quis
2347 1532 2832 1604 aiius,judice1n.
2867 1532 2922 1587 Is
2953 1533 3037 1587 ait
3087 1531 3146 1586 in
3205 1530 3541 1586 Bibliotheca
3597 1546 3707 1586 sua
3739 1544 3753 1585 :

2102 1623 2291 1698 Σαφὴς
2328 1620 2421 1694 μὲν
2455 1616 2564 1674 ἔστι
2597 1621 2696 1688 τὴν
2753 1620 2969 1696 φράσιν,
3019 1619 3110 1673 καὶ
3153 1618 3437 1693 ἆπὲριττος
3489 1618 3580 1672 καὶ
3631 1619 3757 1695 ἀφε-

2103 1708 2231 1782 λής,
2279 1708 2476 1787 δριμὺς
2522 1706 2580 1763 δὲ
2623 1709 2714 1763 καὶ
2770 1707 2955 1782 βαθὺς,
2986 1707 3076 1762 καὶ
3129 1704 3249 1762 λίαν
3298 1712 3416 1769 τοῖς
3470 1704 3759 1783 ἐπιχειρή-

2107 1820 2263 1872 μασιν
2317 1795 2572 1861 εὕτονος.
2623 1832 2692 1840 -
2737 1797 2837 1852 Καὶ
2893 1799 2957 1852 τὸ
3013 1796 3242 1871 γόνιμον
3301 1795 3496 1866 αὐτοῦ,
3556 1792 3755 1864 ἡλίκον

333 1888 526 1945 lucem
557 1887 770 1960 prodit,
805 1890 863 1942 et
893 1885 1131 1959 quidem
1164 1886 1386 1958 ingenti
1421 1885 1618 1942 labore
1640 1885 1987 1958 exscriptus,

2101 1889 2225 1944 ὃσον
2256 1890 2345 1943 καὶ
2375 1889 2694 1962 Οαυμὰσιον.
2727 1888 2845 1944 Hoc
2867 1893 2956 1945 est
2989 1906 3002 1944 :
3037 1886 3266 1957 Clarus,
3322 1886 3479 1943 nihil
3555 1886 3758 1942 redun-

334 1985 397 2034 ut
428 1977 698 2050 pluribus
719 1977 789 2031 ad
821 1975 1068 2031 frontem
1088 1976 1281 2048 operis
1303 1974 1620 2030 indicatur.
1640 1974 1752 2029 Sed
1785 1974 1990 2046 quanti

333 2066 724 2140 quanti,bene
757 2064 975 2120 emitur
1005 2065 1159 2137 quod
1193 2080 1431 2120 necesse
1453 2067 1562 2119 est.
1596 2063 1677 2119 Ne
1708 2063 1850 2134 quid
1908 2062 1990 2119 le-

333 2157 509 2213 ctoris
539 2155 864 2211 commodis
895 2155 1144 2222 deesset,
1184 2155 1602 2223 Onomaslicon,
1654 2153 1845 2225 quoad
1905 2153 1990 2208 fa-

332 2246 523 2302 cultas
562 2244 716 2312 tulit,
751 2243 1265 2299 accuratissimum
1295 2243 1507 2298 damus
1539 2260 1603 2298 ac
1636 2259 1752 2297 non
1808 2241 1990 2298 Atha-

333 2335 484 2392 nasii
516 2334 711 2403 modo,
740 2332 842 2388 sed
874 2331 1124 2387 aliorum
1148 2332 1327 2387 etiam
1359 2335 1603 2387 Patrum
1637 2331 1871 2403 scriptis
1901 2330 1989 2386 in-

333 2423 668 2496 telligendis
691 2425 1214 2494 peropportunum.
1247 2421 1454 2476 Varias
1504 2420 1785 2476 lectiones
1837 2421 1990 2475 notis

332 2513 698 2570 intermistas
720 2512 792 2567 ad
827 2510 1014 2565 imum
1048 2509 1277 2582 pagina:
1308 2509 1618 2578 locamus;
1653 2527 1780 2580 qua:
1841 2510 1990 2564 ratio

331 2604 598 2660 omnium
632 2604 720 2657 est
749 2599 1562 2655 commodissima.Lectiones
1594 2603 1789 2654 autem
1813 2599 1989 2654 etiam

329 2708 449 2759 eas,
485 2709 611 2764 quae
645 2689 804 2763 parvi
838 2689 1007 2760 pretii
1030 2687 1321 2756 videntur,
1347 2705 1463 2743 non
1497 2688 1774 2743 duximus
1805 2687 1990 2760 negli-

331 2781 588 2855 gendas;
627 2781 681 2834 id
713 2779 850 2834 licet
880 2783 1150 2833 nostrum
1174 2777 1475 2834 Gallorum
1495 2777 1736 2850 genium
1760 2795 1874 2833 non
1896 2795 1985 2832 sa-

331 2872 475 2943 piat,
508 2875 574 2925 ut
601 2867 866 2935 minutis,
902 2868 949 2922 si
979 2884 1104 2938 quis
1139 2867 1219 2922 ita
1248 2867 1721 2938 videntur,rebus
1752 2883 1987 2938 operam

328 2962 577 3016 demus:
613 2958 710 3030 qui
744 2957 1134 3029 quodcunque
1166 2957 1354 3028 primo
1385 2961 1620 3028 aspectu
1667 2955 1790 3012 leve
1829 2961 1991 3028 puta-

327 3049 654 3120 tur,statim
687 3063 820 3102 cum
852 3045 1084 3117 fastidio
1131 3046 1469 3118 respuimus
1525 3048 1814 3111 Quorsum
1874 3045 1986 3099 illa:

327 3135 943 3208 naaniaa,aientcs,quis
976 3153 1119 3191 usus
1148 3135 1414 3190 lectionis
1444 3135 1810 3206 hujusmodi,
1843 3135 1985 3204 quin

325 3229 534 3284 isthaec
556 3227 739 3281 missa
769 3224 1037 3280 faciunt?
1068 3224 1284 3279 Verum
1313 3223 1369 3277 in
1405 3229 1681 3294 promptu
1714 3228 1802 3278 est
1831 3223 1984 3295 quod

2099 1981 2262 2046 dans,
2284 1978 2572 2051 simplex;
2607 1985 2809 2035 acutus
2839 1979 3030 2032 lumen
3056 1983 3113 2033 et
3139 1979 3312 2046 altus,
3344 1979 3409 2032 in
3451 1992 3761 2046 argumen-

2100 2071 2420 2126 tationibus
2450 2085 2737 2124 nervosus.
2770 2067 2940 2138 Cujus
2971 2075 3138 2123 tanta
3167 2074 3247 2123 est
3274 2067 3502 2122 ubertas
3527 2070 3590 2121 ut
3644 2064 3759 2121 ad-

2097 2160 2380 2216 mirabilis
2407 2159 2501 2214 sit.
2535 2159 2602 2213 Et
2633 2161 2838 2213 caetera
2867 2175 2994 2229 quae
3025 2155 3331 2212 fusiusille
3361 2153 3756 2228 prosequitur:

2101 2250 2380 2320 additque
2410 2249 2468 2303 iu
2501 2247 3019 2320 subsequentibus,
3048 2244 3759 2316 BasiliumetﬁGregorium

2100 2339 2531 2394 Nazianzenum
2563 2354 2633 2393 ex
2662 2337 2791 2408 ejus
2813 2342 3018 2392 contra
3043 2333 3288 2390 Arianos
3319 2332 3554 2406 scriptis
3597 2332 3761 2390 theo-

2100 2427 2319 2500 logiam
2353 2426 2626 2482 hausisse
2657 2441 2850 2480 suam.

2171 2520 2223 2571 :3.
2250 2515 2674 2572 Sublimiorum
2705 2513 2899 2569 adhuc
2921 2512 3154 2568 dicendi
3187 2510 3456 2568 facultate
3497 2510 3757 2568 Athana-

2101 2607 2256 2663 sium
2291 2605 2523 2661 exhibet
2551 2605 2854 2669 Erasmus,
2887 2603 2988 2674 qui
3014 2602 3247 2657 videtur
3300 2618 3436 2657 eum
3484 2600 3758 2657 Patribus

2101 2697 2282 2752 ferme
2305 2695 2582 2750 omnibus
2609 2692 2917 2748 anteferre.
2953 2689 3046 2746 Sic
3105 2689 3205 2746 illa
3261 2690 3322 2744 in
3381 2688 3633 2761 epistola
3683 2689 3757 2746 ad

2097 2788 2382 2842 Joannem
2412 2783 2751 2854 episcopum
2783 2779 3288 2835 Lincolniensem:
3331 2780 3461 2834 Erat
3515 2780 3606 2834 vir
3658 2778 3759 2834 ille

2097 2876 2298 2933 saeculo
2326 2871 2780 2944 tranquilissimo
2802 2868 3021 2939 dignus,
3053 2867 3285 2924 dedisset
3324 2868 3486 2922 nobis
3515 2867 3759 2937 egregios

2098 2965 2311 3035 ingenii
2333 2961 2713 3034 facundiaque
2733 2974 2851 3015 sua;
2879 2957 3112 3030 fructus.
3149 2956 3386 3012 Habebat
3423 2958 3576 3011 enim
3624 2971 3753 3012 vere

2097 3055 2274 3111 dotem
2314 3053 2491 3117 illam,
2549 3066 2711 3122 quam
2758 3048 2964 3102 Paulus
3017 3049 3078 3100 in
3124 3048 3368 3118 episcopo
3426 3049 3586 3116 putat
3639 3061 3753 3101 esse

2095 3145 2450 3215 pi'wcipuam,
2480 3139 2543 3192 τὸ
2575 3134 2902 3207 διδακτικόν,
2953 3135 3084 3191 adeo
3139 3135 3419 3190 dilucidus
3456 3138 3554 3203 est,
3613 3149 3749 3189 acu-

2097 3242 2206 3299 tus,
2262 3231 2494 3295 sobrius,
2554 3232 2812 3291 attentus,
2873 3226 3107 3280 breviter
3158 3224 3409 3278 omnibus
3463 3223 3638 3278 modis
3676 3221 3750 3278 ad

325 3322 662 3390 opponatur
693 3331 707 3371 :
745 3332 850 3369 nos
881 3313 1146 3368 omnium
1178 3313 1461 3367 inservire
1487 3313 1832 3379 commodis,
1882 3329 1981 3367 ne-

2101 3321 2361 3378 docendus
2385 3319 2682 3390 appositus.
2710 3314 2860 3370 Nihil
2903 3313 3067 3368 habet
3112 3312 3332 3381 duram,
3379 3311 3523 3383 quod
3575 3312 3748 3383 o/Ten-

327 3423 447 3480 que
468 3407 640 3461 modo
673 3419 878 3458 curare
909 3407 973 3456 ut
997 3401 1276 3473 theologi,
1311 3403 1411 3456 sed
1440 3403 1616 3456 etiam
1678 3418 1975 3473 gramma-

318 3495 448 3563 tici,
482 3492 776 3559 rhetdrici,
811 3495 868 3546 ct
899 3491 947 3545 si
971 3491 1069 3561 qui
1103 3489 1218 3557 alii,
1254 3489 1398 3544 nihil
1423 3489 1483 3544 in
1516 3489 1625 3546 hac
1655 3507 1825 3562 opere
1885 3490 1979 3544 de-

318 3585 606 3641 siderent.
635 3583 705 3637 Et
733 3585 1011 3653 praeterea
1041 3596 1156 3634 non
1189 3579 1402 3634 desunt
1431 3595 1499 3635 ex
1521 3579 1592 3635 iis
1624 3580 1764 3652 quin
1799 3579 1856 3633 in
1882 3594 1974 3634 re-

314 3669 864 3748 publicalitteraria
892 3669 1044 3724 inter
1073 3668 1386 3740 primarios
1417 3673 1854 3740 computantur,
1875 3669 1972 3740 qui

312 3764 375 3819 id
409 3777 648 3818 summe
678 3762 1036 3830 expectante
1060 3757 1251 3812 nobis.
1283 3757 1350 3812 Et
1384 3758 1443 3812 ni
1475 3774 1542 3813 ea
1565 3775 1656 3813 res
1691 3775 1796 3814 nos
1857 3758 1978 3814 lon-

311 3852 460 3926 gius
492 3851 564 3905 ab
591 3849 823 3920 incepto
847 3845 1125 3912 traheret,
1159 3845 1443 3902 utilitates
1483 3847 1673 3902 varias
1722 3847 1977 3903 diversa-

311 3957 461 3998 rum
491 3939 811 3995 lectionum
860 3936 1036 3992 etiam
1097 3935 1631 3991 minutissimarum
1687 3953 1982 3993 common-

309 4036 516 4090 strare
545 4028 606 4083 in
638 4030 908 4099 promptu
933 4027 1106 4080 esset.
1143 4023 1299 4082 Nihil
1331 4025 1591 4091 demum,
1624 4026 1870 4082 candide
1901 4027 1978 4082 le—

310 4125 473 4188 ctor,
509 4117 663 4189 quod
710 4116 863 4170 vires
906 4114 1142 4184 quidem
1191 4114 1426 4186 terrent,
1485 4115 1870 4187 negleximus,
1923 4123 1985 4171 ut

311 4224 480 4283 opus
511 4210 704 4263 totum
727 4209 954 4260 sartum
986 4207 1042 4258 et
1064 4207 1307 4272 tectum,
1345 4207 1408 4258 ut
1427 4203 1612 4271 aiunt,
1663 4205 1767 4260 tibi
1823 4205 1986 4261 offer-

313 4313 557 4357 remus.

1133 4382 1183 4437 II

858 4477 939 4528 De
966 4472 1103 4544 stylo
1158 4471 1466 4528 Athanasii.

394 4569 452 4624 1,
484 4566 530 4619 Α
560 4563 771 4636 priscis
802 4561 1042 4634 perinde
1072 4565 1246 4633 atque
1277 4578 1309 4615 a
1332 4560 1571 4632 nuperis
1601 4561 1990 4634 scriptoribus

2089 3411 2172 3467 dit
2200 3412 2261 3466 in
2290 3409 2621 3464 Tertulliano
2650 3423 2662 3460 :
2695 3404 2840 3459 nihil
2888 3398 3269 3469 ἐπιδεικτικόν,
3319 3400 3460 3472 quod
3506 3398 3750 3456 vidimus

2089 3503 2150 3556 in
2208 3503 2578 3568 Hieronymaz
2629 3494 2775 3549 nihil
2831 3507 3136 3564 operosum,
3188 3490 3328 3562 quod
3374 3491 3435 3544 in
3482 3489 3748 3544 Hilario:

2086 3591 2234 3646 nihil
2261 3583 2753 3656 laciniosum,quod
2780 3587 2860 3638 est
2888 3583 2948 3636 in
3010 3581 3336 3652 Augustino,
3362 3582 3524 3651 atque
3575 3578 3746 3634 etiam

2091 3679 2464 3750 Chrysoslomo
2489 3693 2508 3728 :
2539 3673 2694 3729 nihil
2723 3672 3041 3729 Isocraticos
3085 3683 3365 3739 numeros,
3415 3675 3511 3723 ant
3560 3667 3740 3739 Lysiae

2087 3767 2529 3840 compositionem
2565 3763 2839 3828 redoleas,
2897 3762 3048 3832 quod
3093 3767 3172 3815 est
3224 3761 3287 3814 in
3336 3758 3590 3827 Cregorio
3636 3755 3747 3812 Na.

2089 3860 2373 3927 nianzcno,
2396 3854 2489 3910 sed
2521 3861 2658 3908 totus
2687 3854 2764 3907 est
2792 3853 2855 3905 in
2879 3848 3212 3921 explicanda
3239 3864 3320 3903 re.

2162 3948 2216 4001 3.
2250 3944 2395 4011 Quid
2429 3944 2478 3998 si
2510 3941 2815 3997 incidisset
2845 3941 3126 3995 Erasmus
3168 3937 3229 3992 in
3283 3935 3750 4009 exquisitissime.

2093 4035 2195 4091 illa
2226 4051 2403 4106 opera
2431 4037 2551 4087 tam
2584 4029 2774 4086 multa
2804 4046 2930 4101 quae
2954 4043 3258 4099 nunquam
3277 4025 3507 4094 vidit,in
3539 4027 3752 4096 Episto-

2096 4127 2178 4181 las
2209 4123 2435 4180 scilicct
2465 4123 2538 4177 De
2593 4121 2864 4175 sententia
2918 4117 3192 4188 Dionysii,
3253 4115 3321 4170 atl
3376 4116 3749 4179 Dracontiam,

2095 4214 2168 4270 ad
2195 4217 2507 4282 monachos,
2540 4210 2611 4265 ad
2640 4210 2968 4281 Epictetum,
3001 4209 3060 4261 in
3107 4205 3288 4262 libros
3346 4205 3544 4261 Contra
3588 4203 3756 4258 Aria-

2098 4302 2426 4370 nos,Contra
2455 4299 2903 4371 Appollinarium
2925 4299 2950 4349 ?
2976 4295 3125 4360 Quid
3155 4293 3205 4349 si
3236 4293 3296 4348 in
3329 4293 3545 4349 librum
3561 4293 3763 4348 Contra

2099 4396 2306 4464 gentes,
2340 4391 2400 4445 in
2434 4390 2749 4462 Apologiam
2774 4387 2846 4442 ad
2906 4385 3335 4442 Constantium?
3386 4387 3596 4438 Annon
3627 4384 3760 4437 tan-

2100 4486 2296 4538 torum
2319 4495 2560 4551 operum
2594 4477 2877 4533 artificem
2909 4473 3180 4530 omnium
3211 4470 3763 4543 eloquentissimum

2107 4571 2509 4641 nuncupasset
2531 4565 2558 4620 ‘?
2581 4566 2690 4620 Sed
2722 4563 2966 4637 paulum
2989 4561 3134 4619 libet
3170 4560 3412 4634 spatiari
3448 4577 3460 4615 ε
3521 4563 3579 4614 et
3622 4557 3766 4628 quia

314 4652 712 4716 admirationi
744 4651 946 4707 habita
974 4654 1064 4706 est
1092 4649 1396 4706 Athanasii
1437 4650 1788 4723 eloquentia.
1849 4653 1992 4723 Ejus
2028 4674 2072 4738 ι)
2105 4663 2332 4715 tantam
2364 4657 2598 4712 laudem
2630 4653 2764 4709 tulit
2780 4652 3162 4724 Athanasius,
3195 4655 3252 4707 et
3279 4649 3516 4722 quidem
3575 4664 3609 4703 a
3635 4645 3763 4703 lau-

316 4747 559 4817 scripta
588 4746 730 4814 quot
751 4741 1107 4814 quantisque
1135 4744 1392 4796 veterum
1427 4740 1779 4796 testimoniis
1809 4741 1994 4796 laudi-

317 4839 569 4904 busque
597 4831 989 4896 celebrantur,
1020 4831 1214 4886 videre
1246 4834 1335 4886 est
1357 4829 1417 4885 in
1442 4829 1823 4885 collectionne
1845 4830 1995 4886 loco-

322 4940 495 4989 rum,
529 4937 656 4991 quae
688 4921 835 4976 bene
866 4920 1051 4976 multa
1087 4920 1516 4993 congessimus.
1541 4923 1614 4974 At
1643 4924 1707 4974 ut
1764 4937 1997 4992 semper

322 5015 502 5070 fuere
533 5009 798 5080 quaedam
833 5015 1023 5081 pestes
1057 5009 1363 5064 hominum
1399 5007 1772 5064 laudealiena
1793 5009 1993 5065 dolen-

324 5103 515 5166 tium,
551 5113 707 5152 unus
737 5101 1004 5168 repertus
1035 5102 1124 5153 est
1153 5097 1702 5170 Philostorgius,qui
1737 5097 1995 5153 Athana-

326 5186 850 5250 siuminnumeris
883 5203 1060 5257 prope
1118 5185 1442 5241 maledictis
1497 5186 1555 5241 in
1604 5189 1842 5243 Historia
1891 5204 1999 5243 sua

326 5280 671 5339 insectatus
701 5279 792 5332 est
818 5291 831 5331 :
861 5279 919 5330 et
948 5273 1093 5330 nihil
1124 5275 1332 5346 agebat
1353 5275 1531 5344 aliud,
1569 5293 1747 5347 quam
1780 5281 1846 5331 ut
1892 5277 1997 5331 do-

328 5369 531 5425 lorem
563 5381 738 5421 suum
771 5362 830 5419 in
850 5363 1037 5442 talem
1067 5362 1276 5430 virum,
1320 5381 1440 5419 suae
1472 5369 1640 5420 sectae
1658 5364 1998 5436 perniciem,

328 5453 625 5516 conviciis
653 5457 1012 5510 exoneraret.
1075 5453 1129 5508 Is
1190 5453 1563 5526 impudenter
1611 5454 1692 5510 ait
1745 5455 1998 5526 quodam

407 5614 492 5688 (a)
518 5613 728 5673 Suidas
759 5615 820 5672 in
849 5631 988 5674 voce
1017 5611 1324 5677 Βασίλειος.

409 5755 501 5837 (1)
527 5755 697 5837 Apud
725 5773 834 5822 nos
857 5761 1159 5833 quartum,
1189 5758 1351 5822 Enrr.

2105 4747 2259 4804 datis
2288 4746 2450 4814 viris,
2485 4749 2551 4800 ut
2583 4742 3044 4816 elegantissimis
3095 4739 3325 4796 Graeciae
3382 4735 3765 4809 scriptoribus

2105 4838 2510 4900 anteferretur,
2536 4835 2664 4904 jam
2704 4849 2822 4904 qua
2885 4831 2945 4886 in
2980 4848 3041 4886 re
3089 4834 3389 4903 priestare,
3449 4843 3567 4899 qua
3622 4826 3766 4881 item

2107 4925 2237 4981 aliis
2271 4922 2535 4979 nonnihil
2567 4922 2770 4977 cedere
2800 4920 3070 4977 videatur
3091 4918 3490 4989 expendamus
3523 4917 3618 4970 :et
3639 4931 3768 4986 quae

2106 5014 2306 5069 crebro
2336 5009 2640 5067 Athanasii
2673 5009 2895 5080 scripta
2934 5006 3293 5080 regustando
3347 5003 3768 5076 comperimus,

2108 5117 2506 5175 proponamus
2565 5098 2829 5154 studioso
2889 5096 3108 5153 lectori.
3172 5095 3370 5149 Primo
3430 5091 3670 5164 quidem
3721 5089 3774 5146 si

2108 5189 2368 5263 Gregorii
2400 5187 2746 5245 Nazianzeni
2778 5186 2938 5241 illam
2973 5185 3325 5257 quadrandae
3355 5180 3640 5238 orationis
3684 5179 3776 5235 in-

2109 5280 2418 5345 dustriam,
2452 5279 2802 5334 sinumeros
2835 5280 3085 5347 spectes,
3135 5274 3207 5328 ab
3258 5273 3367 5328 hoc
3419 5270 3767 5342 eloquentiae

2109 5382 2320 5439 genere
2351 5364 2575 5421 alienus
2606 5379 2840 5436 semper
2869 5361 2979 5416 fuit
3004 5358 3570 5431 Athanasius,cujus
3590 5357 3767 5414 dictio

2110 5455 2244 5530 plus
2293 5455 2472 5512 habet
2500 5452 2703 5510 nativae
2734 5450 3034 5525 elegantia:
3053 5466 3232 5524 quam
3260 5447 3587 5505 artificiosae
3647 5443 3784 5503 dili-
