4170 6440
380 432 530 484 XXIV

1773 417 2388 482 PROLEGOMENA.

378 555 607 628 gestias.
637 556 710 612 Et
733 554 784 611 si
815 555 1049 627 quando
1080 553 1175 611 hic
1205 554 1542 628 plusculum
1572 553 2023 621 artisadbibcat,
2055 554 2110 619 Α
2137 552 2205 606 ab
2235 553 2488 608 omnibus
2529 553 2696 608 simul
2742 556 3018 609 servatum
3073 554 3375 624 intueatur,
3421 550 3558 623 quin
3610 566 3796 609 secum

382 648 450 700 ut
476 645 537 700 in
572 645 833 702 Oratione
861 647 1055 700 contra
1081 652 1283 716 gentes,
1314 646 1549 716 epistola
1578 644 1649 699 ad
1668 644 2031 699 Dracontium

378 733 647 804 Apologia
674 732 753 789 ad
781 732 1159 789 Constantium
1192 735 1308 802 ,ita
1334 739 1529 791 tamen
1562 732 1762 789 omnia
1810 736 2031 804 tempe-

380 826 490 892 rat,
510 826 576 876 ut
605 820 783 877 lateat
803 822 1139 893 artiﬁcium,
1174 827 1232 879 et
1263 824 1447 880 oratio
1478 839 1595 878 non
1637 821 1870 878 astricte
1928 821 2031 876 sed

379 912 627 967 remisse
655 927 973 967 numerosa
991 912 1067 968 sit
1096 930 1109 968 :
1143 917 1345 969 contra
1372 929 1507 969 vero
1535 909 2034 983 Gregorius,ultra

384 1000 699 1072 aliquando
728 1017 904 1073 quam
945 1002 1091 1057 satis
1122 1001 1768 1073 sit,circumseriptione
1799 1004 1855 1053 ct
1907 1016 2028 1053 am-

381 1090 505 1145 bitu
548 1090 754 1161 utitur,
789 1095 854 1145 ut
890 1091 1068 1147 certis
1112 1092 1377 1147 numeris
1432 1090 1693 1159 deﬁnita,
1748 1094 2034 1160 tanquam

383 1179 524 1236 orbe
553 1179 782 1236 inclusa
806 1184 1004 1236 currat
1040 1182 1245 1237 oratio.
1269 1178 1668 1253 Chrysostomi
1696 1194 1830 1234 vero
1856 1194 1867 1233 :

450 1288 555 1339 Τοῦ
580 1284 670 1339 καὶ
702 1284 806 1341 ἀπὸ
853 1283 1113 1360 γλώττης
1161 1283 1383 1358 μέλιτος
1428 1285 1671 1361 γλυκίων
1726 1282 1837 1360 ῥέεν
1872 1279 2033 1351 αὐδή,

382 1373 544 1431 illam
577 1375 904 1449 expeditam
935 1378 992 1431 et
1016 1375 1402 1447 proﬂuentem
1430 1376 1741 1432 verborum
1786 1373 2034 1446 copiam,

381 1463 796 1521 concinnitatis
824 1463 1155 1537 leporisque
1186 1463 1562 1537 plenam,non
1594 1461 1826 1535 attingit
1857 1462 2037 1517 Atha-

382 1553 611 1621 nasius,
644 1552 745 1624 qui
777 1551 1124 1624 plerumque
1155 1568 1397 1626 pressus
1438 1570 1503 1609 ac
1563 1552 1757 1607 brevis
1814 1556 1921 1619 est,
1981 1556 2040 1607 et

383 1641 609 1713 majore
664 1640 1088 1698 sententiarum
1138 1658 1317 1714 quam
1376 1643 1690 1698 verborum
1751 1642 2035 1697 ubertate.

380 1729 599 1787 Verum
632 1730 803 1803 longe
834 1735 1073 1803 praestat
1103 1729 1348 1799 salibus,
1381 1731 1577 1787 nervis
1616 1735 1673 1785 et
1700 1732 1779 1800 τῷ
1836 1727 2037 1800 εὖτόνῳ

380 1819 832 1877 redundantiam
863 1834 1101 1875 omnem
1133 1824 1449 1876 resecante.
1487 1819 1773 1876 Nimirum
1787 1824 2039 1891 possunt

382 1925 512 1966 esse
541 1908 784 1977 summi,
819 1909 919 1982 qui
952 1909 1103 1965 inter
1133 1926 1194 1965 se
1217 1909 1337 1965 sint
1356 1908 1677 1965 dissimiles
1714 1924 1727 1961 :
1762 1909 1918 1981 quod
1976 1908 2035 1963 in

381 1997 717 2071 eloquentia
744 1998 963 2070 pariter
989 2002 1047 2054 et
1075 1999 1136 2053 in
1167 1998 1348 2054 mutis
1391 1999 1615 2055 artibus
1671 2000 2035 2054 observatur.

381 2088 596 2145 Basilio
618 2092 816 2144 autem
849 2104 1021 2144 nemo
1051 2087 1294 2160 propius
1324 2088 1397 2143 ad
1437 2087 1743 2144 Athanasii
1804 2087 2036 2144 dicendi

383 2193 572 2251 genus
603 2177 847 2235 accedit.
909 2178 1022 2233 Sed
1079 2178 1249 2251 prazit
1300 2176 1399 2233 ille
1456 2177 1899 2245 elaboratione;
1942 2176 2038 2232 hic

384 2266 558 2339 longe
588 2270 827 2338 praestat
857 2265 1198 2323 acrimonia.
1231 2265 1297 2321 Et
1336 2266 1445 2322 hac
1473 2265 1532 2321 in
1566 2271 1886 2339 partequa;
1919 2265 2038 2323 sci-

384 2355 521 2412 licet
554 2371 762 2413 nervos
818 2359 1065 2428 spectat,
1126 2354 1297 2424 sales,
1344 2355 1721 2412 acrimoniam
1757 2374 1771 2422 ;
1810 2371 2035 2423 omnes,

386 2462 517 2502 mea
546 2444 786 2517 quidem
817 2445 1126 2514 sententia,
1157 2444 1327 2518 longe
1348 2444 1643 2501 antecellit
1658 2445 2038 2512 Athanasius,

384 2538 590 2607 estque
620 2533 729 2589 hoc
758 2533 818 2589 in
846 2549 1055 2606 genere
1080 2532 1372 2605 princeps.
1407 2533 1638 2606 Figuris
1670 2538 1891 2601 autem,
1924 2532 2037 2588 sic-

385 2623 487 2679 ubi
517 2622 818 2679 hasreticos
856 2623 1199 2689 insectatur,
1234 2623 1507 2694 frequens
1538 2628 1647 2692 est,
1681 2628 1815 2695 apte
1841 2626 1898 2678 et
1937 2638 2040 2695 ap-

385 2713 576 2786 posite
598 2711 1067 2779 distributis,etsi
1097 2712 1293 2785 potius
1322 2717 1531 2784 suopte
1564 2712 1801 2785 ingenio
1861 2726 2039 2782 quam

387 2802 783 2860 elaboratione
814 2801 1115 2858 adhibitis.
1146 2801 1335 2873 Hujus
1374 2801 1563 2857 dratio
1604 2817 1911 2872 nunquam
1960 2800 2041 2855 ef-

392 2891 541 2965 ﬂuit,
573 2907 879 2963 nunquam
911 2889 1146 2964 longius
1170 2894 1441 2964 vagatur.

462 3000 514 3055 4.
547 3002 697 3055 Sunt
727 3001 925 3054 autem
953 2997 1277 3064 Athanasii,
1303 3001 1369 3052 ut
1397 3001 1453 3053 et
1484 2995 1725 3052 alterius
1755 2996 2045 3069 cujusque

391 3104 568 3160 opera
609 3103 727 3143 non
776 3086 901 3159 pari
954 3085 1244 3159 elegantia
1292 3084 1658 3141 concinnata.
1717 3087 1853 3152 Quae
1913 3084 2045 3141 aliis

397 3176 774 3245 antecellunt,
814 3192 942 3232 meo
974 3176 1213 3248 quidem
1234 3175 1461 3247 judicio
1492 3181 1633 3231 sunt
1666 3191 1677 3230 :
1715 3176 1911 3232 Oratio
1925 3192 2047 3231 con-

392 3271 484 3323 tra
510 3268 714 3339 gentes,
745 3265 1023 3322 eximium
1068 3282 1264 3339 opus;
1324 3270 1382 3321 et
1439 3265 1557 3334 cui,
1601 3264 1792 3321 dicere
1849 3263 2042 3332 liceat,

394 3373 501 3430 par
519 3356 581 3412 in
610 3355 813 3413 eodem
840 3372 1049 3427 genere
1078 3355 1173 3410 vix
1202 3354 1607 3427 deprehendas
1640 3380 1654 3421 ;
1688 3355 1735 3410 si
1764 3354 2043 3427 respicias

391 3446 511 3502 vim
542 3450 1045 3518 argumentorum,
1079 3461 1324 3513 nervos;
1357 3444 1405 3500 si
1427 3445 1698 3500 advertas
1720 3460 1898 3516 quam
1914 3460 2043 3517 per-

396 3536 607 3608 picuus
637 3534 733 3603 sit,
766 3550 944 3607 quam
968 3533 1192 3589 nitidus
1225 3550 1239 3588 :
1273 3550 1452 3605 quam
1483 3533 1635 3589 salse
1667 3534 1878 3601 rideat,
1939 3533 2039 3589 ubi

389 3641 483 3683 res
515 3623 645 3692 fert,
679 3622 985 3696 gentilium
1016 3621 1484 3695 superstitiones,
1504 3639 1681 3694 quam
1714 3623 2041 3679 concinnus

395 3711 475 3770 sit
503 3712 564 3768 in
598 3710 1115 3783 descriptionibus:
1151 3710 1266 3766 Nec
1296 3711 1571 3783 pceniteat
1626 3712 1896 3782 quadam
1948 3710 2044 3767 hic

394 3817 686 3874 apponere
714 3800 794 3872 (ρ.
825 3800 918 3871 27)
953 3817 966 3855 :
998 3796 1091 3859 Τίς
1137 3797 1240 3872 γὰρ
1290 3799 1434 3873 ὁρῶν
1465 3797 1556 3852 τὸν
1591 3797 1820 3871 οὐρανοῦ
1840 3797 2042 3852 κύκλον

388 3890 479 3945 καὶ
507 3888 598 3943 τὸν
650 3885 854 3964 δρόμον
895 3884 1062 3956 ἡλίου
1111 3887 1202 3941 καὶ
1252 3884 1513 3957 σελήνης,
1560 3886 1651 3941 καὶ
1692 3891 1799 3940 τῶν
1857 3884 2044 3941 ἄλλων

396 3978 632 4053 ἀστέρων
680 3978 777 4040 τὰς
824 3977 996 4039 θέσεις
1044 3976 1134 4031 καὶ
1182 3976 1278 4039 τὰς
1327 3974 1742 4053 περιπολήσεις,
1800 3974 2045 4038 ἐναντίας

402 4067 496 4141 μὲν
555 4067 645 4123 καὶ
705 4064 997 4145 διαφόρους
1054 4066 1406 4142 γιγνομένας,
1468 4065 1520 4120 ἐν
1582 4063 1639 4119 δὲ
1685 4068 1753 4138 τῇ
1813 4062 2049 4142 διαφορᾷ

401 4155 597 4232 ὁμοίαν
622 4157 721 4227 τὴν
751 4156 898 4227 τάξιν
946 4156 1094 4231 παρά
1139 4156 1354 4211 πάντων
1389 4156 1530 4228 ὁμοῦ
1574 4154 1915 4227 σωζομένην,
1952 4153 2050 4209 οὐκ

399 4244 703 4321 ἐνθυμεῖται
735 4244 820 4301 ὅτι
868 4245 968 4301 οὐκ
1017 4245 1153 4300 αὐτά
1200 4245 1380 4318 ἑαυτὰ,
1434 4242 1558 4299 ἀλλ’
1608 4239 1789 4320 ἕτερός
1840 4243 1983 4298 ἐστιν
2020 4244 2048 4298 ὁ

400 4331 711 4410 διακοσμῶν
745 4333 881 4391 αὐτά
908 4337 1146 4406 ποιητής
1173 4354 1186 4405 ;
1216 4334 1301 4397 τίς
1332 4332 1390 4390 δὲ
1420 4334 1561 4409 ὁρῶν
1592 4331 1754 4404 ἥλιον
1793 4333 1886 4407 μὲν
1922 4332 2047 4388 ἀνα-

394 4423 666 4482 τέλλοντα
721 4426 837 4479 καθ’
886 4425 1136 4500 ἡμέραν,
1184 4421 1420 4494 σελήνην
1465 4421 1523 4478 δὲ
1571 4422 1862 4501 φαίνουσαν
1914 4423 2051 4477 κατά

395 4514 580 4586 νύκτα,
630 4514 720 4569 καὶ
770 4514 1076 4593 φθίνουσαν,
1126 4513 1216 4568 καὶ
1273 4510 1667 4588 πληρουμένην
1729 4509 2047 4587 ἀπαραλλά-

396 4624 564 4673 κτως,
620 4603 756 4657 κατὰ
791 4603 882 4657 τὸν
934 4606 1043 4656 τῶν
1092 4603 1315 4675 ἡμερῶν
1366 4599 1479 4655 ἴσον
1530 4601 1745 4662 πάντως
1797 4599 2046 4673 ἀριθμὸν,

2140 644 2334 712 cogitet
2364 642 2480 697 haec
2504 658 2617 698 non
2646 659 2681 697 a
2700 645 3022 716 semetipsis,
3055 643 3147 698 sed
3175 642 3243 698 ab
3291 643 3425 710 alio,
3479 657 3674 713 nempe
3727 642 3797 698 ab

2142 731 2794 800 Auctore,administrari
2820 740 2871 788 et
2902 731 3207 803 regi?Quis
3234 731 3403 786 solem
3444 731 3535 786 die
3587 733 3803 788 exoriri

2142 827 2196 874 et
2227 822 2418 875 lunam
2472 825 2629 876 nocte
2683 837 2973 893 apparere,
3034 820 3480 891 immulabilique
3535 821 3651 891 lege
3698 836 3803 893 per

2142 910 2413 979 aequalem
2463 912 2686 965 omnino
2742 910 2958 966 dierum
3014 927 3309 965 numerum
3365 909 3678 965 decrescere
3734 926 3801 965 ac

2142 1015 2385 1053 crescere
2417 1023 2431 1065 ;
2466 1004 2626 1070 atquc
2653 1017 2722 1053 ea:
2749 999 3033 1055 sideribus
3057 1000 3170 1054 alia
3219 999 3442 1070 quidem
3469 999 3799 1068 discurrere,

2142 1103 2439 1159 cursusque
2468 1091 2621 1144 varie
2666 1092 2980 1153 immolare,
3013 1089 3130 1144 alia
3170 1105 3293 1143 vero
3346 1090 3489 1146 citra
3549 1105 3793 1145 errorem

2144 1178 2360 1232 moveri
2378 1179 2855 1244 conspiciens,non
2887 1179 3163 1245 intelligat
3217 1178 3317 1232 illa
3374 1180 3678 1234 necessario
3732 1177 3802 1233 ab

2146 1267 2341 1335 opi/ice
2394 1268 2578 1338 aliquo
2629 1268 2973 1335 gubernari?
3030 1268 3160 1335 Quis
3215 1268 3524 1323 contrarias
3574 1275 3803 1323 naturas

2146 1364 2335 1411 mutuo
2390 1356 2656 1428 conjungi
2708 1372 2772 1410 ac
2824 1372 3124 1411 consonam
3180 1355 3394 1427 efﬁcere
3449 1355 3799 1413 harmoniam

2145 1459 2406 1499 cernens:
2442 1446 2565 1515 quis
2592 1446 2771 1516 ignem
2799 1460 2924 1499 cum
2949 1444 3162 1518 frigido
3193 1446 3568 1515 conjunctum,
3602 1449 3653 1500 et
3677 1447 3791 1501 sic-

2144 1550 2270 1589 cum
2301 1533 2527 1589 humido
2557 1536 2921 1601 commistum,
2952 1549 3054 1590 nec
3082 1542 3267 1589 tamen
3324 1550 3508 1589 secum
3562 1534 3799 1590 invicem

2142 1639 2412 1695 pugnare,
2442 1622 2536 1679 sed
2557 1640 2730 1678 unum
2756 1625 2920 1695 quasi
2972 1640 3043 1679 ex
3097 1640 3207 1679 uno
3262 1640 3458 1695 corpus
3514 1623 3802 1693 conﬁcere,

2146 1729 2254 1768 non
2284 1713 2529 1782 colligat,
2561 1713 2737 1767 alium
2767 1712 2838 1767 ab
2870 1713 2956 1768 his
2983 1729 3097 1768 esse
3126 1715 3222 1785 qui
3252 1715 3353 1768 illa
3381 1713 3547 1769 simul
3575 1713 3804 1786 copula-

2145 1801 2269 1855 vit?
2300 1802 2433 1870 Quis
2460 1803 2669 1869 videns,
2701 1805 2811 1857 etc.
2860 1800 3088 1866 Quibus
3147 1802 3288 1873 quid
3346 1800 3598 1859 validius
3659 1803 3803 1876 quid

2150 1890 2495 1946 concinnius
2515 1891 2542 1946 ‘t
2576 1892 2792 1946 Ilorum
2817 1890 3169 1963 elegantiam
3202 1892 3395 1948 Greece
3417 1891 3586 1964 periti
3609 1891 3804 1949 solum

2151 1978 2319 2051 plene
2351 1980 2649 2036 advertere
2676 1984 2942 2053 possunt.

2216 2104 2273 2158 5.
2315 2103 2471 2160 Mira:
2530 2109 2671 2161 sunt
2726 2105 3073 2178 eloquentiae
3114 2105 3361 2178 Epistola
3416 2106 3484 2163 de
3536 2108 3808 2164 sententia

2148 2195 2424 2265 Dionysii,
2459 2194 2698 2265 Epistola
2728 2194 2798 2248 ad
2837 2195 3194 2250 Dracontium
3221 2212 3243 2258 ;
3300 2195 3620 2267 itidemque
3677 2195 3808 2251 Ora-

2148 2284 2320 2338 tiones
2347 2288 2539 2340 contra
2569 2284 2837 2340 Arianos:
2874 2283 2971 2339 ubi
3004 2283 3063 2340 in
3096 2283 3429 2339 altercando
3487 2301 3623 2340 cum
3686 2284 3805 2339 ba:-

2149 2372 2366 2438 rcticis,
2400 2372 2618 2428 aculeis
2660 2372 3017 2444 frequenter,
3076 2372 3402 2429 maledictis
3450 2373 3631 2430 facete
3690 2374 3806 2429 uti-

2147 2465 2244 2516 tur
2277 2478 2290 2517 :
2324 2463 2525 2518 creber
2554 2462 2611 2517 in
2639 2462 3022 2533 reperiendis,
3053 2468 3262 2518 acutus
3292 2462 3352 2517 in
3384 2462 3678 2519 solvendis
3708 2479 3809 2519 ar-

2149 2550 2467 2619 gumentis.
2500 2552 2774 2621 Apologia:
2805 2550 2871 2606 de
2898 2554 3031 2622 fuga
3061 2556 3117 2605 ct
3147 2552 3215 2606 ad
3257 2552 3639 2607 Constantium
3693 2551 3809 2607 ele-

2150 2644 2379 2712 gantes,
2412 2640 2631 2712 quibus
2682 2639 2816 2711 plus
2847 2640 3000 2695 inest
3024 2656 3201 2711 quam
3227 2640 3471 2712 reliquis
3496 2639 3813 2713 diligentia;

2151 2734 2207 2783 et
2236 2729 2402 2794 artis,
2436 2729 2623 2800 tropis
2653 2728 2921 2801 apposite
2947 2732 3005 2784 et
3032 2728 3224 2784 sobrie
3255 2744 3555 2800 respersae,
3583 2728 3811 2785 salibus

2153 2817 2675 2889 frequentissimis.
2710 2817 2943 2874 Salsum
2974 2822 3064 2874 est
3095 2816 3237 2873 illud
3271 2817 3331 2873 in
3366 2817 3640 2890 priore(p.
3673 2819 3801 2889 254)

2154 2903 2305 2973 Μόνη
2340 2901 2397 2959 δὲ
2441 2908 2644 2978 γνῶσις
2691 2903 2742 2959 ἐν
2796 2904 2981 2966 αὐτοῖς
3030 2903 3140 2959 ἐστι
3188 2909 3286 2959 τοῦ
3333 2905 3668 2977 κακοποιεῖν,
3714 2906 3808 2960 καὶ

2152 2994 2269 3048 καθ’
2309 2993 2520 3069 ἡμέραν
2570 2992 2797 3068 χείρονα
2844 2993 3088 3070 χείροσιν
3141 2992 3492 3072 ἐφευρίσκειν.
3550 2994 3647 3049 Καὶ
3700 2996 3805 3071 γὰρ

2152 3082 2242 3137 καὶ
2290 3084 2389 3152 τήν
2430 3086 2521 3136 νῦν
2581 3084 2756 3160 ιρυγὴν
2816 3085 2977 3155 ἡμῶν
3040 3083 3138 3138 οὐκ
3195 3082 3278 3138 ἐπ’
3332 3084 3492 3160 ἀρετῇ
3553 3081 3805 3148 Θέλοντες

2154 3174 2305 3244 ἡμᾶς
2379 3168 2880 3247 ἀνδραγαθήσασῦαι
2956 3167 3318 3227 διαϐάλλουσι
3381 3189 3394 3203 ⁸
3454 3172 3613 3227 πόθεν
3686 3174 3811 3250 γὰρ’

2157 3259 2294 3335 εὐχὴ
2344 3259 2568 3330 τοιαύτη
2619 3261 2746 3337 παρ’
2788 3260 3060 3336 ἐχθοροῖς,
3115 3262 3246 3336 ὑπὲρ
3295 3266 3402 3316 τῶν
3458 3263 3535 3335 μὴ
3586 3281 3807 3336 συντρε-

2154 3348 2365 3425 χόντων
2426 3349 2608 3412 αὐτοῖς
2666 3354 2734 3424 τῇ
2793 3350 3171 3429 κακοφροσύνῃ
3216 3369 3229 3419 ;
3284 3348 3460 3406 Ἀλλά
3522 3354 3812 3421 κακοήθεις

2153 3435 2304 3500 ὄντες
2335 3439 2769 3514 σχηματίζονται
2799 3443 3022 3494 τοιαῦτα
3050 3434 3430 3515 περιϐομϐεῖν,
3463 3439 3809 3513 νομίζοντες,

2154 3528 2366 3599 εὐήθεις
2416 3524 2563 3591 ὄντες
2610 3526 2830 3598 ἀληθῶς
2882 3528 3055 3601 αὐτοὶ,
3103 3529 3179 3591 ὡς
3230 3529 3331 3602 ἄρα
3379 3526 3486 3584 δέει
3533 3537 3635 3598 τῆς
3674 3528 3810 3603 πήρ⁹

2152 3617 2325 3672 αὐτῶν
2388 3615 2670 3695 λοιδορίας
2727 3618 3068 3693 προσάξομεν
3130 3617 3353 3679 ἑαυτούς
3411 3637 3545 3673 ποτε
3600 3617 3810 3681 αὐτοῖς.

2153 3705 2382 3761 Θέλουσι
2416 3706 2542 3780 γὰρ,
2573 3706 2663 3760 καὶ
2708 3702 2797 3760 διὰ
2842 3709 3006 3760 τοῦτο
3057 3709 3227 3759 ταῦτα
3258 3706 3666 3781 περιτρέχουσι,
3700 3712 3813 3764 etc.

2154 3804 2273 3859 Hoc
2327 3808 2463 3859 est:
2525 3805 2642 3861 Una
2697 3812 2886 3859 autem
2940 3810 3020 3860 est
3071 3803 3195 3859 illis
3253 3805 3503 3871 scientia,
3563 3806 3814 3875 maligne

2154 3908 2334 3964 agere,
2364 3908 2428 3948 ac
2456 3893 2696 3963 quotidie
2738 3892 2932 3965 peiora
2971 3892 3251 3965 pejoribus
3286 3894 3648 3949 comminisci.
3704 3894 3817 3950 No-

2155 3982 2334 4035 stram
2378 3981 2578 4052 quippe
2602 3983 2800 4052 fugam
2827 3996 2939 4036 non
2963 3997 3027 4035 eo
3050 3982 3425 4037 criminantur
3478 3998 3583 4053 quo
3640 3983 3816 4039 velint

2156 4085 2260 4125 nos
2288 4085 2409 4124 cum
2438 4071 2638 4126 virtute
2665 4086 2728 4125 ac
2756 4070 2978 4144 fortiter
3005 4087 3169 4140 agere
3202 4086 3215 4125 :
3248 4088 3379 4127 nam
3399 4071 3540 4128 unde
3572 4073 3817 4128 inimicis

2158 4167 2340 4215 votum
2353 4157 2687 4231 hujusmodi,
2716 4175 2817 4231 pro
2846 4161 2985 4216 viris
3010 4162 3111 4231 qui
3153 4176 3263 4216 non
3294 4176 3404 4217 uno
3456 4178 3637 4217 secum
3693 4178 3819 4218 nia-

2159 4250 2439 4320 lignitatis
2467 4266 2634 4305 cursu
2655 4251 2956 4320 ferantur?
2978 4250 3043 4306 At
3074 4250 3312 4322 improbi
3365 4266 3491 4306 cum
3543 4253 3677 4321 sint,
3730 4251 3817 4308 si-

2157 4338 2461 4394 mulatione
2490 4340 2598 4407 usi,
2628 4339 2745 4396 haec
2772 4339 2975 4409 ubique
3000 4348 3267 4412 spargunt
3294 4357 3313 4394 :
3334 4342 3469 4407 rati,
3503 4342 3582 4396 ita
3622 4357 3820 4414 nempe

2156 4427 2315 4484 stulti
2341 4430 2489 4498 sunt,
2523 4444 2620 4483 nos
2658 4435 2808 4484 metu
2837 4428 3105 4500 ejusmodi
3152 4430 3378 4484 illorum
3433 4431 3663 4484 convitii
3707 4430 3818 4485 ati-

2158 4517 2379 4589 quando
2400 4519 2532 4588 ipsis
2555 4532 2893 4573 occursuros.
2924 4516 2984 4573 Id
3027 4522 3317 4589 peroptant
3369 4519 3597 4585 scilicet,
3648 4531 3823 4590 eaque

2158 4604 2225 4661 de
2252 4622 2416 4661 causa
2445 4606 2647 4677 ubique
2674 4607 3131 4673 circumcursant,
3157 4612 3268 4662 etc.
3304 4608 3373 4663 Et
3402 4606 3650 4662 inferius
3695 4605 3823 4663 hac

399 4692 490 4748 καὶ
536 4697 644 4747 τῶν
694 4688 903 4766 ἄστρων
965 4691 1034 4744 τὰ
1084 4691 1178 4764 μὲν
1231 4687 1589 4766 διατρέχοντα
1634 4689 1723 4743 καὶ
1778 4685 2042 4749 ποικίλως

2161 4712 2341 4767 quam
2373 4694 2820 4768 pulchre,quam
2852 4700 3057 4768 argute
3086 4696 3244 4752 dicta
3290 4696 3372 4768 (p.
3421 4695 3593 4766 257):
3642 4697 3823 4749 Ταῦτα

403 4778 802 4837 ἐναλλάττοντα
850 4778 977 4841 τοὺς
1037 4776 1296 4853 δρόμους,
1344 4779 1410 4832 τὰ
1469 4775 1527 4832 δὲ
1574 4775 1831 4840 ἀπλανῶς
1868 4776 2051 4832 κινού-

406 4889 558 4945 μενα·
590 4869 690 4925 οὐκ
720 4868 777 4924 ἂν
830 4864 1032 4924 ἔννοιαν
1082 4862 1265 4940 λάϐοι,
1317 4866 1398 4921 ὅτι
1448 4867 1665 4929 πάντως
1716 4866 1855 4921 ἐστὶν
1891 4868 1919 4921 ὁ
1957 4888 2051 4920 κυ-

400 4955 604 5037 ϐερνῶν
652 4958 787 5014 αὖτά
842 4955 1181 5032 δημιουργός
1226 4976 1241 5027 ;
1289 4957 1380 5019 Τίς
1426 4957 1566 5030 ὁρῶν
1611 4956 1678 5010 τὰ
1725 4954 1938 5010 ἐναντία
1983 4958 2053 5029 τῇ

400 5049 554 5130 φύσει
587 5048 909 5124 συνημμένα
937 5046 1029 5102 καὶ
1060 5046 1350 5125 σύμφωνον
1385 5040 1582 5121 ἔχοντα
1620 5047 1718 5115 τήν
1763 5047 1936 5122 ἀρμον
1949 5044 2050 5116 ίαν,

400 5140 538 5213 οἷον,
581 5139 665 5202 τίς
718 5136 847 5194 ίδὼν
879 5142 985 5213 πῦρ
1036 5140 1255 5212 ψυχρῷ,
1305 5136 1395 5190 καὶ
1443 5136 1604 5211 ξηρὸν
1662 5135 1813 5210 ὑγρῷ
1859 5154 2053 5207 κεκρα-

406 5231 565 5304 μένον
599 5276 613 5302 ,
663 5229 753 5284 καὶ
804 5232 973 5283 ταῦτα
1028 5229 1104 5301 μὴ
1158 5226 1573 5281 ἀντιστατοῦντα
1619 5225 1755 5300 πρὸς
1806 5222 2052 5297 ἄλληλα,

403 5318 530 5377 ἀλλ’
586 5319 643 5375 ’ὲν
703 5316 1071 5374 ἀποτελοῦντα
1128 5317 1204 5379 ὠς
1266 5316 1318 5387 ἐξ
1370 5317 1486 5379 ἑνὸς
1538 5316 1601 5371 τὸ
1653 5319 1831 5389 σῶμα,
1866 5312 1965 5369 οὐκ
1995 5312 2053 5368 ἃν

391 5408 733 5483 ἐνθυμηθείη
765 5404 1098 5480 ἕξωθενεῖναι
1127 5407 1334 5463 τούτων
1367 5407 1457 5461 τὸν
1500 5410 1668 5461 ταῦτα
1706 5405 2013 5478 συνάψαντα
2039 5422 2054 5473 ;

401 5500 494 5563 Τίς
528 5498 656 5555 ἰδών
690 5506 799 5556 etc.
836 5500 897 5555 Id
941 5504 1076 5555 est:
1138 5500 1343 5571 Ecquis
1392 5501 1543 5553 enim
1597 5498 1720 5552 σατιί
1767 5496 2056 5562 ambitum,

402 5591 642 5662 solisque
669 5605 733 5644 ac
762 5590 908 5644 lanx
936 5602 1181 5655 cursum,
1215 5587 1520 5642 aliorumve
1571 5584 1816 5639 siderum
1839 5584 2058 5655 positio-

403 5697 500 5738 nes
525 5696 592 5738 ac
619 5678 1087 5742 circumvectines,
1143 5676 1456 5732 contrarias
1506 5673 1723 5746 quidem
1774 5689 1838 5728 ac
1891 5672 2054 5729 dissi-

400 5779 562 5838 miles
594 5785 607 5828 :
640 5767 732 5829 sed
760 5769 823 5826 in
851 5769 973 5845 ipsa
999 5765 1458 5825 dissimilitudine
1485 5764 1753 5842 wgualem
1805 5763 2059 5822 ordinem

2163 4781 2397 4859 δρῶντες
2471 4784 2561 4837 καὶ
2646 4783 2722 4856 μὴ
2811 4781 3159 4857 ἐντραπέντες
3233 4780 3313 4861 ἐφ’
3391 4783 3472 4844 οἷς
3551 4781 3817 4858 πρότερον

2161 4873 2279 4928 καθ’
2329 4874 2489 4946 ἡμῶν
2550 4870 2832 4946 ὲτύρευσαν
2890 4878 3101 4943 κακοῖς,
3158 4868 3233 4927 ἔτι
3290 4871 3381 4927 κεί
3438 4875 3531 4927 νῦν
3576 4892 3816 4948 κατηγο-

2164 4965 2371 5038 ροῦσιν,
2424 4960 2673 5038 ἐκφυγεῖν
2736 4957 3055 5030 δυνηθέντας
3100 4959 3276 5016 αὐτῶν
3322 4960 3420 5023 τὰς
3452 4957 3817 5039 ἀνδροφόνους

2163 5056 2355 5127 χεῖρας
2389 5068 2402 5081 ·
2461 5047 2673 5123 μᾶλλον
2726 5047 2784 5104 δὲ
2831 5047 3118 5125 ὀδύρονται
3176 5054 3410 5125 πικρῶς,
3461 5049 3543 5105 δτι
3598 5052 3673 5124 μὴ
3726 5048 3819 5105 καὶ

2165 5136 2407 5194 ἐκποδὼν
2438 5136 2622 5194 τέλεον
2672 5142 3023 5210 πεποιήκασι,
3072 5139 3163 5194 καὶ
3214 5136 3408 5194 λοιπὸν
3447 5140 3817 5217 προφασίζον-

2163 5250 2249 5284 ται
2310 5227 2515 5283 δειλίαν
2579 5226 2859 5297 ὀνειδίζειν
2895 5275 2909 5299 ,
2970 5229 3254 5303 ἀγνοῦντες
3317 5228 3448 5301 ὅτι,
3508 5229 3599 5284 καὶ
3656 5232 3819 5283 τοῦτο

2165 5318 2564 5396 γογγύζοντες,
2612 5318 2688 5381 εἷς
2745 5316 2967 5380 ἑαυτοὺς
3020 5317 3398 5397 ἐπιστρέφουσι
3454 5315 3667 5386 μαλλον
3716 5318 3818 5386 τὴν

2171 5409 2397 5483 μέμψιν.
2432 5407 2495 5463 Εἰ
2538 5409 2641 5484 γὰρ
2691 5405 2895 5485 φαῦλον
2948 5407 3011 5462 τὸ
3044 5407 3258 5486 φεύγειν
3310 5405 3509 5480 πολλῷ
3537 5412 3726 5483 χεῖρον
3757 5406 3818 5460 τὸ

2165 5496 2404 5555 διώκειν.
2456 5499 2517 5554 Id
2551 5502 2684 5554 est:
2748 5499 2873 5555 Haec
2918 5515 3042 5554 cum
3097 5498 3196 5554 illi
3223 5507 3412 5571 agant,
3468 5515 3568 5555 nec
3616 5497 3821 5571 pudeat

2166 5590 2443 5646 malorum
2472 5603 2590 5660 quae
2617 5587 2907 5642 adversum
2934 5603 3032 5643 nos
3059 5586 3249 5644 moliti
3273 5596 3421 5655 sunt,
3468 5604 3569 5645 nos
3621 5586 3821 5645 etiam-

2165 5697 2303 5735 num
2330 5678 2448 5733 ideo
2503 5677 2899 5748 criminantur,
2960 5677 3103 5748 quod
3146 5678 3544 5748 sanguinarias
3592 5677 3825 5735 illorum

2167 5784 2366 5827 manus
2394 5767 2635 5845 eﬂ'ugere
2659 5767 3009 5845 potuerimus
3040 5784 3054 5841 ;
3098 5767 3209 5829 imo
3257 5768 3442 5847 potius
3494 5764 3695 5830 acerbe
3730 5764 3826 5829 ἰιι-
