4170 6540
1292 616 1712 689 ΡΒΛΕΡΑΤῙΟ
1753 613 2151 685 EDITIONIS
2192 615 2771 690 BENEDIGTINJE.

3633 628 3761 688 XXV

337 758 484 830 gent,
515 749 658 830 quod
682 771 770 814 me
793 769 904 815 non
934 771 964 817 ϐ
1003 751 1183 817 medio
1225 775 1454 832 prorsus
1506 758 1831 814 sustulerint
1857 774 1874 810 :
1925 772 1989 810 ac
2015 755 2072 820 Α
2101 752 2390 819 homines,
2415 755 2580 810 fateri
2612 759 2738 811 erat
2762 755 3028 812 difﬁsum
3068 770 3131 812 se
3187 770 3377 811 causa;
3426 770 3566 810 sum.
3628 751 3759 810 Etsi

337 844 590 919 deinceps
619 848 878 904 simulate
909 849 1261 905 timiditatem
1295 849 1675 917 exprobrant;
1730 861 1842 900 non
1902 846 1987 899 in-

340 937 642 1008 telligentes
670 952 746 1005 se,
777 937 908 992 dum
938 940 1017 994 ita
1046 939 1489 1006 obmurmurant,
1538 939 1596 992 in
1639 952 1756 992 sese
1810 951 1989 1003 magis

339 1026 518 1098 ipsam
546 1030 756 1082 vertere
782 1028 1250 1084 criminationem.
1281 1029 1422 1083 Nam
1461 1028 1511 1082 si
1569 1033 1725 1098 turpe
1770 1034 1848 1081 est
1903 1024 1992 1094 fu-

335 1130 482 1186 gere,
512 1116 685 1170 multo
714 1116 954 1172 deterius
985 1118 1259 1188 persequi,
1291 1120 1349 1171 et
1370 1120 1577 1172 caetera
1602 1116 1748 1170 bene
1781 1113 1986 1184 multa,

338 1202 618 1276 praclara
672 1204 872 1276 etiam,
934 1222 1064 1278 quae
1113 1205 1380 1261 consulto
1435 1204 1735 1260 brevitatis
1812 1219 1992 1258 causa

340 1293 868 1364 praetermittimus.

409 1383 462 1434 6.
497 1381 774 1437 Limatior
859 1382 1036 1438 etiam
1126 1384 1392 1455 ApolOgia
1466 1383 1538 1438 ad
1614 1383 1992 1438 Constantium

339 1485 518 1541 quam
542 1487 676 1526 cum
691 1470 819 1543 lego
835 1472 1030 1527 videor
1046 1472 1190 1528 mihi
1205 1472 1643 1528 Ciceronianam
1669 1471 1991 1528 orationem

337 1559 411 1614 ob
444 1558 646 1615 oculos
676 1560 911 1616 habere.
944 1563 1152 1616 Annon
1185 1561 1562 1617 Ciceroniana
1594 1562 1816 1627 isthmc,
1841 1578 1988 1632 quae,

338 1662 473 1703 cum
497 1648 890 1704 mentirentur
915 1650 1136 1717 Ariani,
1171 1650 1407 1706 misisse
1437 1649 1605 1705 illum
1635 1650 1860 1705 litteras
1919 1649 1990 1704 ad

341 1739 656 1808 tyrannum
689 1737 1114 1810 Magnentium,
1143 1738 1474 1810 depellendi
1506 1737 1772 1794 criminis
1816 1755 1995 1794 causa

337 1824 476 1881 dicit
506 1825 586 1898 (p.
637 1825 768 1894 237)
803 1843 815 1880 :
848 1824 988 1879 Ποία
1047 1846 1113 1899 με
1155 1825 1422 1903 πρόφασις
1474 1826 1623 1880 εἷλκε
1673 1826 1876 1902 γράψαι
1915 1829 1994 1898 τῷ

331 1911 831 1986 τοιούτῳ;ΙΠοῖον
883 1915 1177 1988 προοίμιον
1237 1920 1336 1984 τῆς
1395 1911 1690 1984 ἐπιπολῆς
1750 1910 1989 1985 ἔτασσον,

333 2004 558 2080 γράφων
607 2001 754 2075 αὐτῷ
786 2021 798 2072 ;
831 2005 951 2057 Ὅτι
997 2003 1088 2058 τὸν
1121 2005 1368 2077 τιμῶντά
1422 2025 1506 2078 με,
1564 2004 1627 2058 οὗ
1675 2008 1782 2059 τῶν
1839 2003 1989 2081 εὐερ-

333 2094 530 2166 γεσιῶν
574 2090 672 2145 οὐκ
722 2088 782 2146 ἄν
841 2113 977 2154 ποτς
1039 2091 1430 2168 ἐπιλαθοίμην,
1480 2098 1671 2148 τοῦτον
1731 2093 1990 2173 φονεύσας
2027 2131 2076 2196 Β

403 2177 476 2196 ‘IU
552 2178 566 2196 9
658 2179 669 2196 1
949 2182 962 2196 \
1029 2183 1042 2196 ς
1132 2179 1179 2196 Nl
1355 2182 1367 2196 1
1591 2182 1603 2196 \
1840 2182 1850 2196 Ι

329 2177 517 2243 καλῶς
549 2178 829 2253 ἐποίησας,
875 2182 964 2236 καὶ
1018 2179 1367 2258 ἀποδέχομαί
1420 2203 1477 2237 σε
1522 2182 1650 2245 τοὺς
1677 2182 1992 2260 γνωρίμους

332 2271 498 2344 ἡμῶν
532 2270 890 2346 Χριστιανοὺς
920 2272 1011 2326 καὶ
1049 2273 1406 2334 πιστοτάτους
1439 2270 1635 2349 ἄνδρας
1685 2270 1945 2328 ἀνελόντα
1978 2294 1990 2344 ;

329 2359 422 2416 καί
461 2357 805 2436 ἆποδὲχομαί
854 2381 911 2415 σε
943 2361 1211 2440 σφάξαντα
1255 2361 1384 2424 τοὺς
1435 2361 1486 2416 ἐν
1543 2363 1709 2436 Ρώμῃ
1743 2363 1994 2436 γνησίως

331 2445 482 2524 ήμὸἱς
558 2446 1022 2524 ὑποδεξαμένους
1085 2453 1202 2508 Hoc
1259 2458 1385 2509 est:
1471 2452 1722 2520 Quanam
1799 2454 1967 2509 ductu

331 2541 614 2596 occasione
636 2542 757 2596 viro
826 2541 1154 2608 huiusmodi
1185 2543 1398 2598 litteras
1427 2543 1703 2598 misissem
1732 2547 1757 2597 .9
1784 2544 1997 2616 Ecquod

325 2629 579 2700 [ecissem
616 2629 885 2701 epistolae
930 2631 1000 2684 ad
1053 2632 1219 2686 talem
1271 2633 1456 2687 virum
1502 2632 1788 2690 mittenda:
1829 2649 1990 2688 exor-

329 2717 488 2773 dium
508 2721 533 2772 .9
559 2719 701 2774 Num
732 2719 903 2774 illud:
938 2720 1110 2775 Probe
1136 2722 1322 2792 fecisti
1371 2736 1496 2776 eum
1552 2721 1838 2777 occidendo
1896 2725 1994 2793 qui

326 2822 418 2862 me
439 2823 565 2863 cum
593 2806 794 2864 honore
824 2810 1080 2879 excipere
1107 2809 1334 2877 solebat,
1367 2817 1419 2865 et
1483 2811 1639 2881 cujus
1700 2810 1989 2881 beneﬁcio-

326 2913 455 2952 rum
505 2913 795 2969 nunquam
840 2897 1178 2954 obliviscar:
1229 2907 1388 2970 teque
1432 2899 1596 2954 laudo
1648 2902 1789 2971 quod
1844 2904 1990 2957 viros

324 2984 485 3040 nobis
508 2986 840 3056 familiares,
874 3002 1066 3057 eosque
1127 2986 1465 3042 Christianos
1521 3004 1585 3042 ac
1642 2989 1988 3059 ﬁdelissimos

323 3075 662 3141 sustuleris;
695 3083 744 3130 te
767 3077 1204 3146 acceptissimum
1236 3076 1432 3147 habeo,
1483 3077 1626 3149 quod
1670 3095 1756 3134 eos
1803 3081 1990 3137 Romae

325 3163 685 3219 obtruncaris
740 3182 776 3219 a
832 3167 1032 3236 quibus
1079 3165 1508 3236 perhumaniter
1567 3173 1820 3240 exceptus
1855 3169 1988 3240 fui?

323 3253 578 3308 Prorsus
613 3252 806 3308 simile
836 3253 1019 3311 habes
1045 3255 1201 3327 apud
1233 3254 1492 3310 Tullium
1535 3257 1594 3310 in
1659 3259 1887 3313 Verrine
1910 3276 1945 3314 v
1971 3277 1982 3314 :

325 3343 468 3412 Quae
487 3359 657 3415 porro
683 3342 943 3417 prwfatio
967 3352 1072 3400 tua:
1101 3344 1414 3400 donationis
1443 3346 1596 3415 fuit?
1625 3348 1731 3401 Illa
1775 3348 1986 3402 scilicet

323 3435 484 3488 vetus
515 3440 675 3504 atque
704 3433 1097 3502 imperatoria:
1134 3435 1362 3502 Quando
1394 3437 1454 3488 tu
1484 3435 1713 3506 quidem.
1738 3438 1798 3490 in
1839 3453 1981 3507 pra:-

2098 857 2232 898 vero
2267 843 2493 898 mordet
2519 844 2745 912 acriter,
2782 861 2917 900 cum
2951 843 3268 902 insolentia
3297 843 3614 900 criminum
3647 846 3753 899 aut

2099 930 2387 988 haeresum
2421 934 2722 990 temeritas
2752 951 2945 991 acrem
2976 933 3237 1007 postulat
3284 937 3612 1002 oratorem;
3647 932 3752 988 ubi

2098 1023 2295 1076 tamen
2317 1038 2408 1077 res
2441 1021 2524 1077 illi
2555 1027 2643 1078 est
2687 1040 2822 1078 cum
2882 1023 3231 1079 adversariis
3287 1023 3548 1094 aliquam
3597 1021 3750 1095 aequi

2100 1110 2360 1181 bonique
2383 1111 2666 1167 rationem
2695 1112 3056 1180 tenentibus,
3088 1111 3280 1169 sobrie
3336 1129 3402 1168 ac
3431 1113 3754 1184 prudenter

2100 1199 2276 1255 verba
2311 1200 2464 1267 fecit,

2577 1291 2866 1362 mollitque
2896 1293 3108 1348 animos
3138 1301 3187 1347 et
3209 1300 3476 1364 temperat
3506 1293 3642 1346 iras.

2103 1378 2235 1434 Fuit
2254 1381 2452 1434 autem
2478 1378 2624 1434 illud
2657 1381 2836 1437 sobrii
2856 1381 3359 1454 temperantisque
3372 1380 3552 1436 animi
3576 1397 3752 1453 argu-

2103 1471 2391 1537 mentum,
2425 1485 2560 1524 cum
2593 1474 2831 1541 rogatus
2854 1487 2887 1525 a
2911 1470 3223 1542 Serapione
3246 1474 3309 1525 ut
3361 1469 3480 1524 Arii
3503 1474 3754 1525 mortem

2107 1557 2418 1613 mandaret
2443 1557 2675 1625 litteris,
2701 1557 2958 1614 hominis
2981 1559 3275 1629 Deojuxta
3294 1557 3757 1630 hominibusque

2104 1645 2312 1714 invisi;
2347 1645 2666 1718 perniciem
2691 1647 2979 1703 divinitus
3011 1646 3342 1704 immissum
3373 1663 3524 1720 aegre
3549 1664 3753 1703 recen-

2104 1751 2234 1791 sere
2264 1751 2326 1791 se
2356 1735 2712 1792 testiﬁcatur
2741 1737 2825 1809 (p.
2864 1737 3033 1810 269),
3068 1753 3139 1792 ne
3199 1737 3539 1809 quatumvis
3570 1736 3753 1810 impio

2104 1828 2237 1896 post
2267 1825 2495 1880 obitum
2527 1825 2814 1881 insultare
2845 1825 3149 1895 videatur;
3176 1826 3482 1893 nimirum,

2104 1961 2318 2020 Ζῶντας
2349 1956 2600 2026 κολάζειν
2634 1958 2733 2013 οὐκ
2762 1952 2995 2021 εὐσεϐὲς·

2105 2045 2178 2100 Οὐ
2207 2049 2311 2122 γὰρ
2345 2047 2511 2103 ἐσθλὰ
2538 2050 2857 2103 κατθανοῦσι
2898 2051 3181 2122 κερτομεῖν
3218 2046 3302 2102 ἐπ’
3333 2048 3393 2102 ἄν
3425 2044 3610 2124 δράσιν
3654 2048 3753 2122 (α).

2177 2183 2230 2237 8.
2265 2182 2352 2236 Ad
2381 2182 2805 2238 mansuetiores
2836 2199 2970 2238 vero
2997 2198 3201 2236 musas
3231 2198 3302 2236 an
3339 2181 3652 2253 aliquando
3695 2196 3758 2236 se

2106 2269 2419 2326 contulerit
2449 2271 2822 2337 Athanasius,
2845 2288 3046 2339 necne,
3082 2271 3240 2326 haud
3257 2269 3426 2326 facile
3441 2270 3600 2326 dictu
3627 2273 3754 2326 est:

2104 2359 2381 2432 augurari
2412 2365 2611 2416 tamen
2641 2360 2775 2415 licet
2805 2365 3078 2416 sanctum
3101 2361 3422 2431 Doctorem,
3448 2377 3582 2416 cum
3609 2376 3756 2432 quo-

2101 2449 2342 2505 tidiante
2371 2466 2522 2505 cura:
2552 2453 2834 2522 angerent
2863 2450 3151 2518 animum,
3222 2453 3279 2505 et
3327 2467 3430 2522 pro
3488 2449 3749 2506 Ecclesia

2101 2555 2334 2611 semper
2364 2539 2482 2610 ille,
2515 2557 2620 2612 pro
2652 2539 2859 2612 capite,
2894 2556 2998 2612 pro
3033 2540 3146 2595 fide
3168 2540 3526 2607 decerneret,
3561 2539 3752 2595 modi-

2102 2644 2231 2683 cam
2262 2628 2608 2699 hujusmodi
2630 2629 2843 2685 studiis
2866 2646 3103 2702 operam
3126 2629 3377 2700 dedisse,
3401 2629 3754 2702 descriptio-

2101 2718 2278 2773 nibus
2308 2717 2596 2786 videlicet,
2655 2719 2957 2790 encomiis,
3017 2718 3422 2792 philosophias.
3481 2719 3755 2775 Carmina

2097 2823 2233 2863 vero
2259 2823 2328 2863 ne
2348 2808 2663 2863 minimum
2687 2807 2952 2880 attigisse
2974 2807 3225 2863 videtur.
3249 2807 3435 2864 Dictio
3455 2809 3583 2880 ejus
3604 2825 3755 2881 pura

2098 2900 2156 2952 et
2183 2896 2419 2969 elegans
2449 2900 2629 2953 estut
2687 2897 3053 2968 plurimum:
3110 2913 3216 2953 nec
3274 2897 3504 2954 inficior
3552 2902 3754 2954 tamen

2098 2984 2402 3040 nonnullis
2433 2986 2562 3056 ejus
2623 2987 2904 3058 Operibns
2957 2986 3218 3058 aliquam
3275 2986 3754 3060 peregrinitatem

2097 3074 2370 3130 attulisse
2404 3075 2620 3130 Latinae
2654 3074 2868 3148 linguae
2929 3093 3147 3142 usum;
3209 3075 3382 3148 quale
3438 3076 3585 3132 illud
3644 3080 3754 3144 est,

2098 3160 2423 3233 Ἐκκλησίαν
2455 3161 2650 3217 ἔδωκεν
2705 3163 2781 3224 εἰς
2841 3159 3062 3238 πρέὃαν,
3125 3164 3429 3237 βετεράνος,
3463 3169 3522 3221 et
3551 3165 3667 3222 alia
3695 3165 3756 3222 id

2095 3269 2302 3325 genus.
2333 3253 2415 3308 Im
2424 3257 2717 3325 petratum
2742 3253 2961 3308 scilicet
2984 3269 3018 3307 a
3039 3253 3512 3310 consuetitudine
3544 3254 3752 3326 fuerat,

2096 3345 2162 3397 ut
2190 3341 2242 3396 si
2271 3357 2341 3398 ex
2373 3342 2717 3413 quotidiana
2750 3341 3087 3397 Latinorum
3112 3342 3508 3398 familiaritate
3541 3344 3754 3416 aliquae

2095 3430 2440 3502 hujusmodi
2473 3431 2760 3487 dictiones
2796 3432 2854 3486 in
2883 3431 3129 3486 buccam
3160 3431 3445 3500 venirent,
3480 3449 3554 3488 ne
3574 3434 3645 3488 ab
3676 3433 3748 3491 iis

319 3522 510 3588 tio,in
540 3522 700 3588 bello,
723 3523 782 3575 in
811 3538 873 3576 re
901 3522 1176 3576 militari:
1209 3524 1367 3594 cujus
1397 3539 1466 3576 ne
1512 3525 1717 3582 mentio
1759 3505 1984 3594 quidem
2014 3505 2056 3572 (ἶ
2092 3519 2183 3575 vel
2203 3521 2395 3576 Graece
2409 3521 2712 3592 peritiores
2746 3519 3125 3576 abstinerent.
3163 3519 3322 3576 Licet
3355 3523 3554 3577 autem
3604 3520 3746 3578 insi-

319 3613 375 3664 te
388 3613 634 3681 praetore
663 3610 782 3665 ulla
810 3611 956 3679 facta
977 3618 1055 3665 est
1079 3614 1104 3664 .9
1131 3611 1214 3664 An
1244 3611 1346 3664 illa
1371 3627 1382 3664 :
1420 3611 1870 3684 Quandoquidem
1922 3621 1981 3668 tu

316 3699 488 3754 nulla
544 3714 793 3770 unquam
853 3698 994 3753 mihi
1040 3700 1097 3753 in
1155 3700 1456 3771 cupiditate
1503 3716 1566 3755 ac
1633 3701 1980 3772 turpitudine

316 3788 578 3860 defuisti,
613 3787 975 3859 omnibusque
1002 3790 1063 3842 in
1092 3789 1289 3844 iisdem
1317 3790 1550 3858 ﬂagitiis
1578 3806 1792 3846 mecum
1819 3795 1871 3846 et
1918 3793 1980 3847 in

314 3877 596 3950 legatione
621 3881 670 3932 et
728 3878 786 3930 in
833 3880 1105 3948 praetura,
1163 3885 1216 3933 et
1244 3878 1338 3933 hic
1388 3879 1446 3932 in
1495 3877 1691 3933 Sicilia
1739 3883 1978 3936 versatus

319 3983 378 4025 es
398 3966 432 4022 ?
489 3969 599 4022 etc.
1835 3975 1839 3978 ’

387 4057 452 4111 7.
487 4057 750 4127 Tempus
773 4072 865 4110 me
896 4055 1188 4127 deficeret,
1222 4055 1272 4111 si
1302 4055 1431 4112 loca
1465 4057 1682 4113 similia
1702 4075 1979 4132 congrere

310 4145 558 4212 vellem,
589 4143 639 4199 si
673 4144 952 4200 adnotare
982 4161 1111 4216 quae
1143 4149 1343 4200 notatu
1368 4146 1546 4218 digna
1576 4151 1750 4203 sunt:
1799 4165 1977 4220 quam

312 4234 481 4294 salse
511 4232 794 4288 nimirum
820 4233 1083 4289 mordeat
1112 4250 1375 4290 aversam
1399 4235 1760 4300 enuchorum
1786 4236 1981 4293 libidi-

313 4340 487 4391 nem,
520 4322 790 4378 admistis
822 4322 1067 4395 facetiis,
1111 4341 1240 4396 quae
1267 4328 1466 4380 tamen
1500 4325 1648 4380 nihil
1679 4327 1749 4382 de
1795 4327 1980 4399 gravi—

309 4416 443 4471 tate
459 4412 774 4484 decerpant
796 4430 809 4480 ;
835 4428 1011 4483 quam
1044 4413 1255 4468 acriter
1277 4413 1595 4469 insectetur
1641 4414 1978 4471 Meletiano-

310 4518 455 4559 rum
480 4500 805 4572 avaritiam,
834 4501 934 4572 qui
959 4501 1278 4574 dignitates
1301 4503 1727 4560 ecclesiasticas
1749 4505 1979 4562 venales

308 4588 682 4664 quibuslibet
701 4589 842 4645 viris
864 4591 1286 4662 proponebant,
1311 4595 1421 4648 etc.
1449 4594 1817 4650 Acutissimae
1840 4599 1980 4651 sunt

303 4679 495 4736 etiam
524 4679 807 4736 Orationes
839 4687 1030 4735 contra
1058 4680 1488 4754 Apollinarium,
1512 4681 1568 4737 in
1602 4682 1795 4755 iisque
1816 4683 1974 4740 inve-

295 4769 507 4827 nimus
537 4769 930 4825 Athanasium
961 4769 1286 4826 Athanasio
1319 4767 1664 4846 δριμῦτερον.
1707 4773 1770 4828 In
1816 4773 1976 4846 pole-

304 4857 487 4915 micis
517 4859 677 4914 enim
697 4857 950 4916 maxime
981 4863 1213 4916 (etatem
1245 4860 1537 4928 contrivit,
1576 4878 1792 4918 curans
1823 4879 1976 4918 sem-
2008 4881 2056 4945 Β

302 4963 416 5020 per
441 4964 514 5003 ne
531 4947 724 5004 aliena
745 4948 1024 5021 dogmata
1055 4949 1521 5022 Arianorumque
1581 4967 1764 5006 ausus
1822 4950 1974 5023 plebi

305 5035 616 5093 catholicae
649 5037 789 5109 quid
825 5042 1207 5110 apportarent
1250 5038 1409 5094 mali.
1460 5039 1582 5094 Etsi
1611 5055 1745 5096 vero
1809 5057 1979 5112 asper

302 5131 420 5196 est,
459 5129 516 5179 et
537 5125 742 5182 sannis
773 5127 1221 5201 maledictisque
1250 5127 1480 5200 plenus,
1501 5130 1735 5201 quando
1767 5145 1862 5184 res
1890 5133 1979 5185 est

297 5215 391 5274 illi
412 5217 620 5270 contra
637 5215 936 5271 haereticos
963 5234 976 5272 :
1003 5233 1174 5272 nemo
1197 5222 1401 5274 tamen
1425 5219 1642 5290 est,qui
1669 5223 1976 5291 perspecta

301 5303 748 5371 haereticorum,
785 5306 1038 5362 maxime
1067 5307 1188 5361 Arii
1223 5308 1567 5379 sequacium
1630 5309 1973 5380 pertinacia,

307 5393 937 5461 turore,immanilate
976 5395 1034 5449 .in
1095 5396 1480 5466 Christianos,
1531 5397 1590 5452 in
1649 5398 1974 5470 episcopos,

309 5483 646 5559 proborum
681 5483 823 5538 item
855 5483 1167 5540 hominum
1198 5484 1562 5554 carnificina,
1599 5486 1660 5541 in
1721 5486 1974 5541 nefarios

305 5572 542 5645 aliquid
629 5572 1045 5630 inclementius
1092 5573 1314 5629 dictum
1358 5574 1694 5631 arbitretur.
1760 5581 1976 5648 Aspero

304 5662 543 5720 scilicet
571 5662 693 5735 agit
721 5662 988 5735 Arianos,
1023 5663 1164 5736 quia
1193 5662 1339 5718 nihil
1370 5669 1574 5720 contra
1602 5668 1825 5720 tantam
1849 5665 1968 5718 vim

307 5753 449 5812 sine
478 5750 535 5807 vi
567 5751 692 5809 ﬁeri
715 5755 980 5824 poterat:
1013 5757 1069 5810 et
1124 5753 1372 5810 remisse
1414 5753 1706 5826 depellere
1757 5755 1978 5810 feroces

386 5963 476 6040 (α)
501 5965 874 6028 Archilocus.

2092 3608 2219 3665 dias
2249 3609 2492 3665 auribus
2523 3609 2765 3666 minime
2789 3613 2973 3682 paret,
2998 3608 3230 3664 lectoris
3253 3609 3365 3665 sibi
3387 3609 3742 3677 tamen,ille-

2089 3698 2278 3754 cebris
2301 3698 2495 3754 nescio
2519 3699 2757 3769 quibus,
2792 3697 3258 3755 benevolentiam
3317 3702 3530 3772 captat.
3580 3699 3738 3755 Nihil
3813 3728 3824 3734 κ

2089 3803 2360 3843 morosus
2391 3788 2450 3842 in
2482 3788 2734 3842 exordiis
2765 3792 2872 3856 est,
2909 3788 3009 3842 sed
3072 3787 3271 3843 statim
3323 3789 3396 3843 ab
3449 3787 3616 3844 initio
3673 3789 3734 3845 in

2089 3893 2282 3933 arcem
2324 3893 2514 3933 caussa
2576 3877 2818 3947 invadit,
2869 3881 2925 3932 et
2977 3881 3180 3932 contra
3223 3877 3525 3934 haereticos
3582 3878 3740 3935 canit

2098 3967 2537 4037 quodammodo
2569 3965 3170 4022 classicum.Platonis
3191 3967 3739 4040 llomeriquelibros

2085 4055 2229 4127 legit
2254 4055 2509 4123 assidue,
2540 4072 2764 4111 necnon
2791 4055 3040 4111 aliorum
3071 4060 3351 4125 veterum,
3385 4059 3452 4111 ut
3487 4072 3558 4113 ex
3606 4057 3743 4115 Ora-

2086 4146 2234 4200 tione
2265 4152 2451 4200 conlra
2480 4149 2669 4214 gentes
2701 4149 2758 4200 et
2788 4161 2857 4200 ex
2889 4144 3018 4199 aliis
3051 4145 3179 4216 ejus
3211 4145 3487 4218 operibus
3525 4164 3739 4219 propa-

2087 4234 2204 4290 lam
2238 4238 2346 4290 est.
2381 4234 2545 4298 Quod
2577 4235 2624 4290 si
2659 4234 2970 4306 Gtegorius
2999 4234 3403 4291 Nazianzenus
3433 4235 3600 4292 illum
3631 4236 3741 4292 hac

2088 4323 2147 4378 in
2203 4327 2365 4396 parte
2425 4323 2799 4380 mediocriter
2858 4325 3145 4379 duntaxat
3199 4324 3498 4380 eruditum
3557 4325 3742 4383 fuisse

2088 4412 2371 4480 narret,id
2395 4412 2678 4469 nimirum
2695 4413 2972 4486 Gregorio
2987 4412 3176 4468 visum
3195 4413 3436 4486 fuit,qui
3463 4430 3741 4486 magnam

2088 4502 2276 4557 aetatis
2307 4519 2424 4559 suae
2451 4506 2677 4574 partem
2728 4501 2821 4558 his
2875 4502 2934 4556 in
2989 4501 3202 4557 studiis
3251 4501 3542 4558 contrivit.
3593 4503 3743 4562 Aliis

2089 4595 2286 4646 autem
2311 4592 2446 4662 jure
2477 4592 2744 4646 videatur
2773 4591 3132 4647 Athanasius
3158 4586 3484 4667 φιλολόγος,
3537 4596 3595 4649 et
3649 4593 3742 4651 his

2087 4679 2148 4735 in
2171 4680 2347 4736 rebus
2371 4698 2549 4753 prope
2580 4682 2866 4737 eruditus.

2866 4770 2960 4826 IIl.

2444 4861 2519 4915 De
2547 4862 2768 4916 amissis
2797 4861 3086 4916 Athanasii
3105 4860 3378 4932 operibus.

2160 4949 2210 5003 1.
2237 4949 2361 5004 Etsi
2391 4953 2511 5005 tam
2532 4950 2783 5022 peritum
2807 4949 3038 5006 dicendi
3066 4949 3330 5022 opificem
3349 4949 3739 5006 Athanasium

2085 5038 2269 5102 fuisse
2303 5055 2436 5094 mox
2468 5040 2877 5107 narrabamus,
2911 5043 2976 5095 ut
3006 5055 3077 5094 ne
3110 5057 3218 5096 nos
3248 5039 3527 5111 paeniteat
3573 5039 3737 5112 dicti,

2082 5127 2173 5182 vel
2205 5128 2262 5183 id
2299 5146 2484 5184 unum
2518 5128 2661 5185 satis
2691 5129 2786 5198 sit,
2825 5130 2979 5200 quod
3010 5132 3175 5184 tanta
3226 5129 3384 5185 vario
3445 5129 3739 5185 scribendi

2084 5234 2296 5290 genere
2323 5219 2631 5274 Athanasii
2656 5219 2874 5292 scripta
2896 5219 3118 5275 amissa
3141 5219 3376 5286 fuerint,
3404 5223 3470 5274 ut
3503 5217 3740 5274 nonnisi

2088 5312 2314 5380 partem
2347 5309 2557 5363 debitae
2589 5307 2782 5364 laudis
2813 5307 3018 5364 tulisse
3067 5307 3163 5364 ille
3219 5308 3504 5363 videatur.
3565 5307 3738 5378 Quot,

2086 5398 2317 5465 amabo,
2352 5415 2529 5469 opera
2558 5398 2756 5454 emisit
2785 5399 2844 5453 in
2878 5398 3088 5469 lucem,
3123 5397 3221 5470 qui
3255 5397 3496 5452 ineunte
3541 5397 3737 5454 adole-

2088 5485 2315 5540 scentia
2344 5486 2638 5556 ejusmodi
2669 5485 2875 5541 ludum
2909 5486 3231 5557 ingressus,
3257 5501 3390 5539 mox
3413 5485 3742 5557 specimina

2089 5574 2267 5629 dabat
2290 5574 2570 5647 magistro
2604 5575 2819 5647 digna;
2855 5574 2952 5646 qui
2976 5575 3223 5629 decursa
3246 5575 3363 5644 iam
3388 5579 3570 5630 aetatis
3594 5575 3739 5630 adeo

2088 5663 2314 5719 naviter
2331 5668 2389 5718 et
2421 5663 2572 5719 salse
2585 5663 2854 5720 Ecclesiae
2878 5663 3076 5719 hostes
3101 5662 3459 5736 aggreditur,
3484 5669 3550 5719 ut
3576 5663 3738 5718 dicas

2086 5753 2210 5809 haec
2241 5752 2472 5809 dicendi
2503 5756 2854 5808 ornamenta
2882 5753 3202 5809 accrevisse
3227 5752 3373 5822 viro,
3413 5753 3556 5809 dum
3611 5766 3739 5807 cor-
