4170 6392
394 488 551 545 XXVI

1810 481 2427 548 PROLEGOMENA.‘

395 628 588 687 porcae
616 614 767 672 vires
797 614 1158 673 deﬁcerent?
1188 619 1357 687 Quot,
1393 622 1585 691 putas,
1608 622 1695 674 tot
1752 635 2041 673 annorum
2078 621 2127 684 Α
2159 618 2394 672 tudines
2425 616 2839 684 Ecclesiarum,
2865 616 2937 673 ad
2962 632 3190 673 morum
3207 610 3809 689 praeceptahinolucis

398 702 593 775 spatio
625 702 1011 773 elucubravit,
1044 706 1122 761 ita
1178 706 1428 780 diligens
1459 713 1516 764 et
1564 724 1772 775 navus,
1823 706 2045 779 advigi-

397 788 529 847 lans
546 808 778 865 semper
794 794 1130 867 frangendis
1145 795 1551 853 haereticorum
1573 796 1832 853 consiliis
1848 795 1876 850 ?
1896 794 2047 850 Anni

398 883 553 937 certe
610 881 902 939 intersunt
956 885 1029 940 ab
1073 884 1230 940 edita
1288 886 1546 942 Oratione
1590 889 1786 941 contra
1840 887 2044 955 gentes,

399 969 472 1025 ad
520 970 822 1027 absolutos
877 989 1065 1045 usque
1119 975 1318 1030 Contra
1369 976 1781 1046 Apollinarium
1840 973 2048 1042 libros,

398 1057 532 1131 plus
562 1062 812 1132 quatuor
851 1066 909 1118 et
964 1061 1409 1136 quinquaginta,
1471 1063 1689 1135 quibus
1739 1063 2050 1118 innumera

397 1146 556 1203 haud
586 1147 764 1205 dubie
792 1150 1048 1223 scripsit,
1083 1152 1142 1206 in
1174 1153 1313 1219 otio,
1358 1152 1416 1207 in
1479 1152 1712 1225 negotio
1773 1151 2049 1207 homilias

395 1236 680 1305 videlicet,
729 1239 1032 1312 epistolas,
1091 1241 1567 1311 commentarios,
1640 1241 2048 1297 haereticorum

398 1326 851 1384 confutationes.
883 1329 1113 1394 Quanta
1142 1330 1397 1386 aestimas
1420 1330 1676 1387 edidisse
1702 1331 1760 1385 in
1793 1331 2047 1397 deserto,

398 1415 543 1471 dum
591 1415 919 1485 calamitas,
954 1422 1172 1483 metus,
1230 1418 1483 1475 solitudo
1541 1418 1912 1491 prohiberent
1977 1418 2050 1474 ab

401 1504 682 1573 ofﬁcio,et
704 1506 879 1578 spatii
902 1506 1161 1563 multum
1172 1513 1327 1564 esset
1347 1509 1419 1563 ad
1440 1509 1838 1577 scribendum;
1873 1512 2051 1580 atque

402 1593 639 1650 aliunde
667 1595 827 1651 curis
856 1598 1157 1653 confectus
1188 1597 1423 1654 animus
1455 1598 1692 1654 nonnisi
1724 1598 2050 1654 litterarum

403 1698 518 1739 usu
548 1698 679 1740 sese
706 1700 1019 1741 exonerare
1050 1686 1296 1759 posset?
1327 1687 1473 1743 Hinc
1504 1687 1806 1760 propalam
1830 1687 2052 1759 est,etsi

404 1771 596 1829 multa
624 1773 698 1829 ab
730 1773 989 1847 antiquis
1018 1774 1337 1832 laudantur
1364 1776 1667 1833 Athanasii
1705 1793 1899 1850 opera,
1924 1778 2051 1848 jam

403 1860 623 1934 injuria
641 1866 978 1935 temporum
1004 1864 1310 1934 exstincta,
1346 1864 1531 1922 multo
1562 1866 1733 1939 plura
1762 1882 1893 1924 esse
1923 1883 2055 1939 qua:

404 1966 441 2007 a
461 1950 847 2023 scriptoribus
876 1951 1055 2009 tacita
1087 1952 1291 2010 relicta
1320 1958 1479 2009 sunt.

473 2041 530 2095 2.
560 2039 927 2097 Paucissima
947 2057 1090 2097 sane
1115 2047 1421 2099 enumerat
1441 2043 1850 2118 Hieronymus,
1882 2045 1932 2102 si
1962 2046 2049 2102 vel

406 2127 601 2185 solum
632 2130 895 2187 conferas
924 2147 1061 2186 cum
1090 2130 1164 2187 iis
1195 2148 1323 2203 quae
1346 2132 1473 2203 jam
1499 2133 1655 2190 edita
1679 2138 1909 2191 exstant
1933 2152 1946 2191 :
1994 2140 2055 2191 et

403 2232 475 2274 ex
499 2216 620 2274 illis
648 2222 847 2276 tamen
877 2220 950 2276 ab
980 2235 1048 2276 eo
1080 2221 1423 2278 memoratis
1453 2223 1721 2294 quaedam
1756 2241 2053 2296 nusquam

406 2311 769 2380 comparent,
801 2307 951 2365 liber
975 2325 1187 2381 nempe
1216 2309 1417 2367 Contra
1448 2314 1736 2370 Ursacium
1764 2322 1815 2369 et
1862 2315 2055 2369 Valen-

406 2400 539 2467 tem,
573 2396 740 2453 liber.
776 2399 849 2454 De
876 2400 1221 2468 virginitate,
1255 2399 1407 2455 alius
1437 2400 1658 2457 scilicet
1699 2403 1773 2458 ab
1830 2419 1895 2459 eo
1952 2402 2051 2475 qui

405 2484 563 2542 inter
590 2485 769 2543 dubia
816 2492 1194 2560 computatur
1251 2490 1507 2546 secundo
1563 2492 1814 2563 [quarto]
1873 2496 2052 2548 torno.

406 2574 566 2631 Duos
598 2575 800 2632 Contra
824 2584 1006 2648 gentes
1036 2576 1219 2633 libros
1247 2577 1405 2633 idem
1436 2579 1639 2635 doctor
1696 2597 2054 2638 commemo-

406 2665 574 2734 ravit,
599 2683 754 2722 unus
771 2668 895 2739 jam
913 2672 1183 2740 superest
1212 2685 1281 2725 ea
1305 2669 1687 2741 inscriptione
1714 2689 1727 2739 ;
1763 2688 1835 2727 ne
1857 2676 2055 2728 tamen

408 2756 731 2813 secundum
765 2756 1053 2813 amissum
1093 2756 1449 2814 existimato.
1483 2759 1629 2814 Nam
1690 2760 1792 2833 qui
1836 2760 2056 2817 librum

409 2844 611 2901 Contra
638 2853 821 2914 gentes
850 2845 1080 2917 excipit,
1112 2848 1186 2902 De
1221 2848 1606 2904 incarnatione
1660 2855 2054 2923 nuncupatus,

408 2934 598 3006 quoad
633 2950 910 3008 magnam
940 2939 1163 3008 partem
1187 2941 1245 2991 et
1273 2936 1288 2991 i
1297 2953 1398 3009 pse
1415 2942 1619 2993 contra
1657 2943 1859 3012 gentes
1881 2940 2057 2996 datus

406 3026 519 3091 est,
550 3027 608 3078 et
638 3023 787 3079 serie
815 3028 1023 3079 mutua
1078 3024 1329 3081 cohaeret
1386 3042 1519 3081 cum
1574 3028 1960 3099 praecedenti;
1996 3033 2061 3084 ut

407 3111 769 3185 exploratum
802 3113 879 3168 sit
907 3112 1017 3168 hos
1047 3128 1176 3169 esse
1205 3114 1377 3171 binos
1404 3120 1607 3171 contra
1622 3121 1823 3189 gentes
1855 3117 2056 3175 libros.

411 3200 582 3258 Liber
608 3203 685 3258 De
710 3202 1058 3259 Psalmorum
1088 3203 1266 3259 titulis
1315 3205 1390 3259 ab
1446 3206 1651 3261 eodem
1709 3205 2060 3279 Hieronymo

406 3289 560 3346 inter
585 3290 986 3347 Athanasiana
1015 3296 1493 3364 connumeratus,
1528 3293 1579 3349 si
1627 3311 1745 3350 non
1800 3294 2060 3366 idipsum

409 3383 500 3436 est
529 3381 681 3452 quod
715 3380 1142 3452 argumentain
1173 3353 1634 3453 expositionibus
1665 3353 2060 3451 Psalmorum,
2092 3353 2134 3421 Ο

409 3468 482 3525 ad
507 3467 760 3524 frontem
789 3469 1078 3541 cujusque
1107 3469 1319 3542 psalmi
1345 3471 1556 3543 posita,
1586 3472 1674 3527 vel
1702 3472 1860 3545 quod
1887 3489 2060 3545 expo-

410 3556 654 3614 sitiones
683 3556 845 3630 ipsae,
869 3557 1193 3615 exstinctus
1214 3560 1433 3632 pariter
1460 3560 1571 3616 fuit
1597 3561 1698 3633 (1).

481 3646 534 3701 3.
569 3645 684 3701 Sed
714 3643 898 3711 nulla,
930 3646 1262 3718 opinamur,
1285 3648 1513 3719 jactura
1529 3650 1716 3720 major
1736 3666 1914 3722 quam
1938 3651 2060 3722 Epi-

404 3734 677 3791 stolarum
713 3733 1099 3809 ἑορταπικῶν,
1131 3741 1234 3792 aut
1282 3738 1586 3809 festalium,
1637 3738 1758 3794 sive
1789 3740 1847 3794 in
1906 3743 2058 3796 coetu

405 3823 673 3880 Ecclesiae
695 3822 1254 3897 legendarum,quas
1270 3825 1411 3880 item
1427 3826 1626 3882 laudat
1648 3826 2056 3901 Hieronymus.

404 3910 522 3969 Has
552 3912 777 3985 ingenti
799 3929 1042 3969 numero
1058 3913 1443 3984 Athanasius,
1468 3931 1600 3970 cum
1623 3916 1878 3973 Arianici
1901 3918 2057 3973 furo-

399 4000 484 4057 ris
514 4000 846 4058 declinandi
877 4018 1057 4058 causa
1078 4001 1139 4057 in
1197 4003 1427 4059 deserto
1481 4002 1797 4060 Thebaidis
1855 4005 2049 4062 latens

399 4094 617 4165 ageret,
647 4090 720 4146 ad
750 4090 981 4163 plebem
1012 4091 1362 4148 catholicam
1387 4090 1841 4150 Alexandrinam
1870 4096 2054 4151 misit.

395 4182 593 4251 Atque
621 4182 687 4234 ut
705 4196 774 4235 ex
793 4179 866 4236 iis
886 4197 1013 4252 quae
1038 4181 1332 4253 hodieque
1346 4187 1665 4254 supersunt
1687 4184 2058 4257 fragmentis,

398 4268 1278 4343 conjectarelicet,magnapars
1319 4270 1378 4326 in
1412 4272 1739 4327 enarranda
1779 4278 1837 4327 et
1866 4273 2061 4347 deplo-

399 4358 588 4414 randa
644 4358 913 4414 Ecclesiae
974 4358 1311 4415 calamitate
1366 4361 1754 4417 versabantur
1796 4363 1893 4434 (2).
1955 4363 2059 4418 Hic

401 4447 760 4519 quaestiones
806 4449 878 4504 ab
908 4449 1144 4504 Arianis
1170 4448 1418 4522 injectzn,
1451 4453 1517 4505 ut
1555 4449 1787 4522 plebem
1821 4451 2062 4509 absente

403 4540 638 4608 pastore
668 4552 702 4593 a
732 4537 917 4609 proba
946 4538 1237 4593 sententia
1257 4542 1612 4606 excuterent,
1633 4544 1691 4595 et
1718 4540 2061 4597 vacillantes

403 4625 603 4681 animo
643 4626 717 4681 ad
746 4625 1090 4682 deteriorem
1123 4630 1349 4698 partem
1368 4626 1750 4698 applicarent,
1778 4630 1850 4684 ab
1873 4629 2056 4685 Atha-

2082 1987 2132 2053 B

2156 706 2498 763 accederet!
2537 707 2603 761 Et
2664 706 2932 762 fortassis
2992 707 3186 763 adhuc
3236 704 3453 761 alicubi
3512 703 3697 760 latent
3743 702 3804 759 in

2155 794 2516 863 Oriente,ubi
2539 796 2686 851 bene
2709 794 2895 850 multa
2924 800 3170 851 exstant.
3206 795 3354 850 Nam
3379 793 3513 850 licet
3541 791 3809 865 complu-

2156 901 2249 940 res
2270 884 2405 940 inde
2425 885 2497 939 ad
2522 902 2627 940 nos
2656 883 2865 956 perlati
2897 885 3126 940 codices
3143 883 3382 950 fuerint,
3417 887 3476 938 at
3501 899 3637 937 cum
3682 881 3808 954 ple-

2158 989 2407 1045 rumque
2440 978 2505 1029 ut
2537 974 2655 1030 fore
2688 973 2841 1041 tulit,
2867 973 2993 1029 sine
3014 973 3240 1030 delectu
3271 976 3327 1028 et
3357 976 3643 1045 apparatu
3671 988 3811 1043 quo-

2156 1062 2337 1135 piam,
2369 1063 2441 1118 ad
2489 1079 2619 1118 eam
2677 1079 2799 1118 rem
2854 1067 3052 1118 tamen
3112 1078 3397 1135 perquam
3457 1060 3808 1129 necessario,

2157 1151 2384 1207 codices
2406 1152 2836 1207 accumularint
2866 1152 2965 1224 qui
3000 1167 3201 1207 curam
3238 1150 3578 1223 hujusmodi
3609 1166 3809 1205 susce-

2156 1256 2330 1312 pere;
2365 1239 2501 1295 hinc
2533 1240 2752 1295 factum
2785 1244 2851 1296 ut
2880 1257 3033 1310 saepe
3066 1256 3319 1312 quorum
3377 1241 3503 1310 jam
3563 1255 3809 1310 operum

2159 1328 2328 1384 multi
2360 1328 2590 1384 codices
2623 1330 2933 1385 exstabant
2992 1329 3049 1383 in
3109 1327 3485 1384 bibliothecis
3542 1327 3803 1395 nostris;

2158 1418 2495 1475 eorumdem
2522 1418 2668 1473 alios
2699 1418 2929 1473 codices
2962 1418 3089 1473 sine
3122 1420 3236 1473 fine
3262 1422 3672 1489 compararent
3704 1435 3718 1486 ;
3752 1420 3812 1473 et

2159 1512 2365 1563 contra
2393 1523 2641 1577 quorum
2672 1506 2761 1562 vel
2805 1508 2919 1562 rari
2953 1506 3040 1563 vel
3065 1506 3212 1562 nulli
3243 1524 3422 1578 penes
3454 1523 3563 1562 nos
3619 1510 3809 1575 erant,

2160 1613 2228 1652 ea
2253 1598 2788 1668 praetermitterent.
2827 1597 2912 1652 Ad
2936 1598 3210 1668 Episiolas
3236 1597 3457 1667 [estates
3486 1599 3552 1650 ut
3610 1595 3811 1652 redea-

2162 1702 2296 1742 mus
2324 1690 2514 1742 exstat
2536 1690 2628 1741 sat
2651 1684 2943 1759 prolixum
2967 1677 3269 1741 tricesima;
3291 1703 3458 1742 none
3515 1688 3808 1759 fragmen-

2164 1778 2311 1842 tum,
2344 1791 2462 1847 quo
2484 1774 2827 1830 Arianorum
2854 1773 3020 1830 falsis
3041 1773 3479 1845 rumoribus,de
3500 1775 3812 1848 Scripturaa

2163 1881 2340 1921 sacrae
2371 1863 2557 1933 libris,
2590 1867 2945 1919 commotam
2986 1863 3332 1920 catholicam
3390 1864 3619 1935 plebem
3649 1864 3817 1919 sedat

2166 1958 2404 2009 sanctus
2426 1953 2655 2019 Doctor,
2689 1957 2745 2009 et
2764 1969 2965 2007 verum
3026 1951 3464 2024 Scripturarum
3511 1966 3813 2008 sacrarum

2160 2041 2302 2098 texit
2329 2040 2683 2113 catalogum.
2715 2040 2801 2095 Ad
2860 2040 2983 2096 haec
3043 2040 3444 2097 Colbertinum
3496 2039 3813 2112 quemdam

2162 2130 2420 2187 codicem
2438 2129 2918 2203 antiquissimum
2938 2127 3337 2193 evolvendo,in
3353 2128 3512 2184 aliud
3526 2128 3816 2202 fragmen-

2161 2224 2287 2275 tum
2332 2220 2649 2274 incidimus
2697 2219 2897 2275 Latine
2954 2235 3023 2274 ex
3069 2222 3264 2273 Graeco
3319 2233 3577 2284 versum,
3659 2217 3813 2289 quod

2163 2326 2446 2382 perquam
2474 2308 2876 2381 gratissimum
2910 2307 3140 2363 accidit.
3166 2306 3310 2362 Hinc
3341 2324 3545 2363 cernas
3575 2306 3634 2361 in
3656 2306 3819 2362 Occi-

2162 2398 2395 2453 dentem
2441 2414 2630 2469 usque
2696 2396 2952 2469 perlatas
3011 2395 3191 2452 fuisse
3249 2396 3541 2467 ejusmodi
3594 2396 3817 2468 [estates

2161 2488 2434 2559 epistolas.
2460 2490 2588 2541 Hac
2617 2492 2838 2552 autem,
2863 2485 3036 2555 cujus
3068 2484 3458 2558 fragmentum
3500 2486 3628 2556 jam
3689 2484 3812 2558 pri-

2165 2593 2331 2632 mum
2361 2575 2758 2649 publicamus,
2780 2574 2850 2630 ab
2881 2574 3205 2629 Athanasio
3239 2579 3372 2646 post
3400 2574 3618 2629 tradita
3659 2590 3814 2629 anno

2163 2666 2270 2721 356
2298 2664 2530 2721 Arianis
2560 2664 2858 2733 ecclesias,
2892 2663 3309 2719 consolationis
3341 2679 3539 2730 causa,
3596 2663 3667 2717 ad
3695 2661 3819 2735 ple-

2166 2753 2671 2811 bemcatholicam
2721 2751 2905 2808 missa
2960 2756 3069 2809 est.
3124 2752 3290 2807 Haud
3353 2750 3821 2823 improbabiliter

2166 2846 2588 2917 conjectamus,
2622 2844 3016 2913 fragmentum
3046 2840 3187 2896 item
3219 2858 3253 2896 a
3281 2840 3643 2896 Theodoreto
3674 2839 3817 2896 alla-

2166 2938 2316 3006 tum,
2349 2935 2421 2988 ab
2450 2948 2636 3003 eoque
2666 2931 2743 2986 Ad
2774 2934 3015 3001 virgines
3044 2935 3474 3003 nuncupatum,
3517 2929 3697 2985 fuisse
3754 2929 3817 2985 in

2168 3026 2320 3079 coetu
2352 3020 2619 3077 Ecclesiae
2650 3021 2963 3093 legendum
2990 3038 3003 3075 :
3039 3036 3175 3076 nam
3206 3027 3420 3075 emtum
3464 3018 3817 3091 populorum

2169 3111 2493 3183 alloquitur
2513 3110 2571 3165 in
2594 3109 2920 3165 masculino
2951 3124 3183 3182 genere.
3242 3110 3312 3164 Et
3368 3109 3509 3180 quia
3562 3108 3818 3181 virgines

2169 3201 2424 3256 maxime
2454 3200 2719 3255 omnium
2743 3200 2814 3255 ab
2836 3199 3068 3254 Arianis
3089 3203 3299 3255 vexatis
3324 3199 3575 3267 fuerant,
3608 3197 3819 3253 cumin

2171 3288 2290 3346 illis
2348 3289 2818 3364 παραμνϐντικοῖς
2877 3284 3090 3361 λογοις,
3151 3288 3209 3343 id
3267 3292 3357 3343 est
3441 3287 3823 3342 consolatoriis

2169 3380 2530 3444 sermonibus,
2562 3379 2836 3451 frequens
2865 3377 3157 3451 virginum
3192 3382 3349 3432 esset
3400 3374 3705 3445 memoria,
3763 3377 3823 3430 et

2169 3484 2322 3539 saepe
2376 3467 2622 3524 fortasse
2676 3466 2931 3540 virgines
2984 3465 3390 3538 alloqueretur
3433 3462 3817 3529 Athanasius,

2168 3556 2305 3613 hinc
2337 3557 2553 3613 factum
2586 3561 2653 3611 ut
2679 3555 2758 3611 Ad
2777 3558 3021 3627 virgines
3051 3553 3819 3627 nuncuparetur.Festalium

2168 3645 2308 3702 item
2339 3646 2699 3718 epistolarum
2729 3645 2949 3701 mentio
2975 3647 3066 3700 est
3086 3643 3352 3698 inferius.

2240 3736 2293 3789 4.
2325 3734 2685 3789 Athanasius
2717 3733 2842 3804 ipse
2893 3733 2952 3787 in
3010 3748 3122 3787 sua
3170 3732 3243 3787 De
3299 3732 3538 3786 Nicaanis
3592 3729 3823 3786 decretis

2166 3825 2397 3896 epistola
2430 3821 2801 3895 prolixiorem
2826 3820 3031 3876 laudat
3062 3820 3134 3875 ab
3159 3836 3220 3875 se
3243 3820 3315 3875 ad
3328 3819 3583 3875 amicum
3599 3820 3820 3891 datam,

2169 3930 2296 3986 qua:
2358 3912 2584 3982 iamdiu
2644 3910 2867 3965 interiit
2908 3914 2965 3965 et
2995 3926 3029 3965 a
3078 3909 3311 3965 nemine
3369 3908 3610 3980 antiquo
3661 3908 3820 3981 quod

2164 4004 2426 4059 sciamus
2456 4002 2780 4056 memorata
2811 3999 2937 4054 fuit.
2971 3998 3113 4055 Item
3146 3998 3205 4053 in
3238 3999 3481 4070 Epistola
3532 3998 3601 4053 ad
3630 3998 3821 4053 Palla-

2165 4092 2340 4159 dium,
2375 4090 2618 4146 alterius
2642 4088 2929 4154 meminit,
2961 4089 3029 4143 ad
3085 4089 3375 4144 monachos
3435 4087 3818 4144 Caesarienses.

2238 4182 2293 4236 5.
2332 4182 2409 4236 Ad
2441 4179 2563 4235 haec
2594 4178 3041 4249 Basilius,cujus
3058 4177 3316 4250 epistola:
3335 4177 3404 4232 ad
3429 4176 3821 4232 Athanasium

2167 4287 2281 4326 non
2316 4286 2512 4342 pauca:
2544 4270 2883 4341 supersunt,
2926 4284 3060 4322 cum
3122 4283 3336 4339 magna
3383 4264 3823 4339 signiﬁcatione

2167 4358 2610 4426 familiaritatis,
2656 4356 2885 4429 aliquas
2943 4361 3228 4412 memorat
3284 4357 3359 4429 (a)
3400 4356 3474 4411 ab
3506 4372 3574 4411 co
3624 4355 3695 4410 ad
3758 4369 3824 4409 se

2167 4448 2575 4513 transmissae,
2609 4464 2757 4517 quas
2785 4447 2908 4519 ipse
2940 4446 3278 4502 asservabat
3296 4462 3480 4519 penes
3505 4460 3601 4514 se;
3630 4442 3825 4515 iisque

2166 4538 2324 4593 velut
2354 4554 2561 4594 norma
2591 4536 2867 4609 quadam,
2902 4535 3089 4591 sicubi
3122 4553 3216 4590 res
3285 4534 3635 4607 postularet,
3696 4535 3821 4587 ute-

2170 4628 2363 4683 batur.
2427 4627 2570 4681 Nam
2627 4626 2700 4681 ad
2759 4642 2852 4682 res
2908 4624 3340 4681 ecclesiasticas
3379 4621 3822 4693 componendas

405 4713 572 4770 nasio
593 4712 992 4770 solvebantur.
1027 4715 1129 4771 Hic
1161 4732 1288 4780 quae
1320 4716 1647 4771 doctrinam
1697 4734 1824 4789 quae
1880 4718 2055 4773 disci-
2090 4726 2137 4791 D
2170 4717 2391 4772 dabant
2420 4716 2503 4770 illi
2531 4732 2737 4787 operas
2768 4721 3025 4770 mutuas.

404 4801 652 4875 plinam,
686 4819 814 4874 quae
848 4818 1037 4858 mores
1060 4803 1427 4875 spectabant,
1450 4820 1554 4875 per
1573 4803 1757 4859 otium
1789 4804 2057 4861 solitudi-

404 4891 499 4947 nis
528 4890 881 4963 explanabat
900 4890 1020 4946 ille.
1042 4892 1110 4946 Et
1138 4891 1398 4948 demiror
1419 4891 1588 4963 plane
1604 4893 2055 4950 amanuensium

403 4979 807 5038 Graeculorum
837 4984 1078 5053 gustum
1107 4998 1120 5049 ;
1155 4980 1255 5053 qui
1287 4981 1430 5036 dum
1456 4981 1641 5036 aniles
1674 4982 1929 5051 fabulas,
1953 4984 2055 5039 fce-

402 5068 1450 5141 dissimaqueeommenta,Athanasii
1474 5071 1711 5127 nomine
1735 5071 2050 5143 publicata,

400 5158 541 5230 plus
562 5157 782 5213 millies
812 5159 1226 5231 exscriberent,
1281 5176 1408 5231 quae
1458 5175 1632 5215 nemo
1690 5178 1872 5217 sanus
1930 5162 2056 5218 sine

406 5246 711 5303 stomacho
740 5246 932 5320 legere
992 5249 1198 5320 possit,
1248 5249 1371 5304 haec
1402 5249 1484 5304 ita
1530 5249 1929 5322 neglexerunt,
1990 5256 2057 5307 ut

405 5335 640 5392 incuria
694 5336 990 5408 perierint.
1052 5338 1157 5394 Hoi
1208 5338 1342 5394 hei!
1396 5355 1574 5410 quam
1632 5340 1841 5411 pungit
1892 5340 2058 5396 dolor

403 5425 607 5482 amissi
624 5425 884 5481 thesauri
910 5426 923 5482 l
959 5433 1245 5500 quantum
1277 5429 1349 5483 ad
1369 5428 1783 5499 historiam,ad
1809 5446 2057 5486 consue-

483 5576 565 5650 (α)
585 5576 769 5650 Epist.
802 5578 894 5633 75.

2236 4805 2391 4860 6.Ait
2410 4805 2772 4877 Epiphanius
2795 4803 3193 4859 Athanasium
3212 4807 3415 4857 contra
3436 4799 3816 4857 Manicheum

2165 4895 2491 4967 scripsisse,
2527 4895 2682 4965 quod
2715 4911 2866 4966 opus
2889 4892 3157 4948 funditus
3189 4891 3380 4963 periit.
3412 4891 3553 4962 Ejus
3585 4891 3823 4947 nomine

2164 5000 2456 5056 perpauca
2475 4983 2644 5039 affert
2673 4983 2983 5038 Facundus
3009 4981 3450 5037 Hermianensis
3472 4980 3619 5037 libro
3641 4982 3827 5037 unde-

2165 5073 2465 5145 timo,qua3
2498 5071 3011 5144 suntSerapionis,
3044 5088 3160 5126 non
3202 5088 3336 5126 vero
3371 5070 3697 5129 Athanasii.
3757 5070 3825 5126 ut

2165 5163 2463 5218 adnotavit
2493 5161 2864 5226 Sirmondus,
2897 5162 3157 5232 Dialogus
3183 5161 3339 5216 enim
3399 5170 3587 5217 contra
3645 5159 3823 5215 Mani-

2163 5252 2360 5319 chaeos,
2393 5251 2492 5323 qui
2528 5251 2682 5306 inter
2703 5250 3043 5305 Damasceni
3078 5268 3252 5320 opera
3279 5254 3486 5321 exstat,
3518 5250 3577 5305 in
3610 5265 3815 5305 manu-

2166 5340 2381 5412 scripto
2413 5339 2670 5411 quodam
2693 5337 3009 5394 ascribitur
3054 5338 3398 5406 Athanasio,
3459 5337 3561 5392 sed
3616 5351 3821 5409 perpe-

2167 5446 2327 5487 ram:
2363 5432 2453 5484 est
2477 5428 2635 5483 enim
2665 5444 2866 5484 revera
2885 5429 3150 5500 ejusdem
3178 5426 3542 5483 Damasceni.
3574 5428 3697 5492 Qua
3746 5426 3820 5482 de

477 5674 556 5819 Et;
585 5676 641 5731 Is
671 5680 762 5731 est
791 5691 967 5760 quem
996 5678 1385 5761 publicijuris
1408 5678 1542 5734 fecit
1571 5678 1861 5734 Antonelli
1887 5696 1900 5734 :
1935 5679 2080 5735 Vide
2109 5680 2239 5751 ejus
2261 5678 2659 5760 praefationem
2692 5678 2875 5746 hujus
2906 5678 3179 5734 editionis
3212 5682 3351 5733 tcm.
3378 5677 3472 5733 lll.
3505 5676 3712 5759 (Eam)

501 5748 535 5801 2
584 5747 890 5803 Athanasii
945 5750 1218 5819 Epistolas
1275 5749 1502 5819 [estates
1544 5750 1775 5819 Syriaco
1831 5750 2072 5806 Londini
2131 5767 2317 5819 nuper
2370 5751 2555 5806 edidit
2608 5750 2673 5805 D.
2734 5749 3074 5806 Willelmus
3131 5751 3378 5807 Cureton
3406 5767 3420 5817 ;
3480 5749 3712 5819 Syriaco

501 5747 554 5823 2)
584 5747 890 5823 Athanasii
945 5747 1502 5823 Epistolas—[estates
1544 5750 1798 5823 Syriaco,
1831 5747 2317 5823 Londininuper
2370 5750 2561 5823 edidit
2608 5750 2673 5805 D.
2734 5749 3074 5806 Willelmus
3131 5751 3420 5817 Cureton;
3480 5748 3714 5821 Syriaco
3763 5751 3823 5805 et

409 5819 610 5877 Latine
640 5820 798 5877 card.
824 5819 1044 5894 Angelo
1065 5822 1197 5890 Mai,
1231 5819 1299 5880 ex
1331 5840 1446 5895 quo
1477 5839 1575 5879 cos
1589 5819 1963 5896 accepimus.
1998 5822 2109 5879 Adi
2139 5819 2366 5880 tomum
2401 5824 2494 5878 Ill.
2524 5822 2683 5878 Enrr.
