4170 6408
1267 470 1684 539 ΡΒΕΡΑΤΙΟ
1727 466 2126 536 EDITIONIS
2167 467 2746 537 BENEDIGTINJE.

3564 468 3745 533 xxvﬂ

329 616 392 662 re
420 601 481 662 in
516 603 852 680 praefatione
880 606 1125 666 secundi
1157 604 1395 685 [quarti]
1425 612 1588 666 torni.
1624 611 1980 666 Memnratur
2012 612 2057 674 A
2087 607 2210 673 jam
2247 613 2493 673 exstant,
2533 610 2723 664 verbis
2759 608 2996 680 paulum
3033 604 3380 663 immutatis.
3435 605 3498 660 In
3548 601 3745 659 codice

329 693 472 751 item
500 698 654 769 apud
677 697 1067 771 Epiphanium
1089 700 1164 772 (a)
1189 701 1246 756 in
1270 700 1518 771 epistola
1544 699 1748 773 synodi
1774 699 1978 754 Diocaa-

327 785 608 841 sariensis
640 787 886 858 epistola
913 789 1215 845 Athanasii
1250 791 1320 845 ad
1355 791 1620 861 ejusdem
1653 787 1857 859 synodi
1883 788 1978 842 Pa-

323 876 464 928 tres.
499 876 565 929 In
594 880 864 933 Ancorato
895 879 1162 948 ejusdem
1193 879 1252 933 in
1286 879 1536 950 epistola
1564 877 1816 944 Tarsini,
1861 877 1978 932 Ma-

324 961 453 1018 tidii
485 967 543 1019 et
573 964 821 1020 aliorum
856 968 1036 1021 lertur
1067 968 1419 1023 Athanasius
1446 967 1656 1023 litteris
1677 967 1802 1022 suis
1826 965 1978 1020 mul-

322 1055 436 1118 tos,
487 1054 585 1125 qui
619 1054 1001 1111 circumventi
1035 1057 1092 1110 in
1127 1074 1380 1113 errorem
1414 1057 1562 1129 lapsi
1601 1058 1851 1127 fuerant,
1903 1057 1974 1112 ad

324 1157 536 1197 sanum
567 1144 880 1199 consilium
913 1146 1234 1202 reduxisse.

393 1232 448 1285 7.
482 1233 543 1285 In
577 1233 838 1288 Chronico
870 1234 1243 1290 Alexandrino
1272 1235 1531 1308 epistola:
1569 1234 1871 1290 Athanasii
1903 1235 1974 1289 ad

322 1319 717 1391 Epiphanium
752 1327 1087 1394 excerptum
1119 1324 1392 1397 legimus,
1441 1325 1664 1380 editum
1696 1342 1813 1379 una
1842 1341 1974 1378 cum

322 1407 454 1464 aliis
487 1410 832 1482 fragmentis
863 1413 934 1467 ad
967 1413 1208 1468 calcem.

391 1501 447 1553 8.
481 1500 748 1556 Meminit
775 1500 1018 1572 insuper
1047 1503 1444 1558 Theodoretus
1475 1504 1750 1558 Sermonis
1780 1503 1846 1557 de
1874 1501 1979 1572 ﬁde

319 1588 568 1659 majoris,
619 1589 866 1661 ejusque
896 1589 1025 1646 loca
1057 1591 1341 1647 nonnulla
1372 1594 1556 1657 affert,
1607 1609 1733 1662 qua:
1765 1608 1871 1646 nos
1903 1591 1974 1646 ad

321 1675 543 1732 calcem
575 1676 729 1733 inter
758 1678 1088 1751 fragmenta
1117 1679 1436 1736 locavimus
1469 1683 1567 1752 (1).

389 1766 445 1819 9.
506 1767 774 1839 Synodus
831 1785 886 1823 VI
946 1769 1306 1824 :ecumenica
1365 1770 1683 1826 maximam
1751 1774 1974 1842 partem

319 1854 484 1910 aflert
513 1855 705 1927 operis
736 1857 795 1912 in
828 1857 949 1912 haec
982 1857 1293 1930 Scriptura;
1324 1862 1535 1916 verba:
1581 1861 1737 1915 Nunc
1782 1861 1974 1915 anima

317 1959 438 1999 mea
467 1946 689 2001 turbata
716 1954 813 2002 est.

393 2033 480 2086 10.
541 2035 852 2090 Faeundus
884 2035 1022 2090 item
1056 2036 1493 2092 Hermianensis
1523 2037 1645 2092 haec
1674 2037 1975 2093 Athanasii

319 2120 540 2193 scripta
560 2124 689 2194 jam
721 2123 942 2180 amissa
971 2132 1279 2192 memorat,
1334 2127 1666 2198 horumque
1709 2132 1977 2199 excerpta

319 2211 488 2266 affert
534 2229 662 2282 quae
713 2230 820 2268 nos
870 2214 1166 2270 edidimus
1197 2216 1267 2270 ad
1313 2216 1532 2272 calcem
1564 2217 1708 2273 tomi
1778 2217 1970 2287 primi,

319 2301 620 2371 Epistolam
666 2303 736 2357 ad
781 2304 1080 2359 Diodorum
1128 2307 1438 2360 Tarsensem
1479 2306 1612 2378 Tyri
1641 2310 1766 2362 tum
1799 2322 1973 2377 agen-

319 2391 1025 2461 tem,Epistolametiamad
1039 2394 1109 2449 ad
1119 2395 1502 2450 Antiochenos:
1525 2395 1694 2465 cujus
1714 2395 1850 2450 item
1869 2395 1977 2450 fra-

319 2483 627 2550 gmentum
645 2480 897 2536 habetur
918 2483 1145 2539 inActis
1158 2482 1388 2539 concilii
1403 2484 1828 2540 Lateranensis.
1845 2490 1977 2538 Am-

318 2567 392 2623 bo
409 2568 566 2624 edita
582 2575 722 2625 sunt
739 2572 810 2626 ad
834 2571 1051 2627 calcem
1069 2572 1246 2643 primi
1267 2572 1430 2628 tomi.
1447 2572 1622 2628 Aliud
1648 2574 1783 2628 item
1799 2573 1974 2629 Atha-

315 2656 468 2712 nasii
499 2660 850 2730 rescriptum
881 2661 940 2714 in
971 2662 1174 2716 eodem
1207 2661 1455 2718 concilio
1489 2667 1850 2718 memoratur
1876 2664 1970 2734 (b).

392 2747 477 2802 11.
497 2748 1143 2822 Leontius-gByzantinus
1163 2750 1222 2806 in
1239 2750 1388 2806 libro
1410 2753 1680 2807 Adversus
1699 2751 1976 2824 Apollina-

317 2836 583 2892 ristarum
604 2837 850 2909 fraudes,
877 2841 1270 2910 quorumdam
1292 2840 1596 2896 Athanasii
1619 2843 1973 2913 scriptorum

317 2925 610 2981 meminit.
662 2927 793 2982 Haec
826 2933 966 2983 sunt
996 2930 1126 3000 ejus
1154 2931 1365 2986 verba:
1402 2931 1696 3002 Sufﬁciunt
1738 2933 1857 2988 hazc
1903 2933 1976 2987 iis

315 3016 416 3086 qui
461 3031 573 3070 non
617 3020 746 3071 sunt
789 3019 1032 3072 nimium
1076 3018 1238 3074 rudes
1280 3023 1332 3074 et
1373 3021 1542 3086 tardi,
1592 3019 1663 3074 ad
1692 3022 1974 3076 ostenden-

314 3103 450 3159 dum
504 3105 839 3176 Apollin’arii
896 3123 1011 3163 esse
1067 3108 1322 3180 epistolas
1378 3125 1504 3180 quae
1559 3112 1782 3165 nomine
1837 3110 1978 3165 Julii

312 3195 592 3264 feruntur,
639 3205 845 3267 praeter
891 3213 981 3252 eas
1009 3198 1265 3268 epistolas
1295 3198 1656 3267 Apollinarii,
1687 3200 1752 3254 de
1781 3200 1976 3270 quibus

312 3285 662 3340 Athanasius
690 3295 741 3341 et
771 3285 1022 3342 historici
1068 3288 1462 3342 meminerunt.
1512 3288 1784 3358 Discipuli
1827 3289 1977 3342 enim

2005 1988 2052 2051 B

2091 695 2434 751 Felkmanni
2458 699 2714 770 quodam
2737 701 2978 755 affertur
3000 698 3162 754 locus
3184 715 3252 753 ex
3272 696 3422 752 libro
3443 690 3748 751 Athanasii

2089 784 2164 840 De
2193 788 2507 842 honorabili
2535 790 2806 859 conjugio.

2167 876 2251 929 14.
2287 874 2530 932 Photius
2562 878 2620 932 in
2654 879 2956 934 Biblioteca
2987 895 3096 934 sua
3126 881 3409 932 memorat
3453 878 3746 931 Commen-

2090 964 2298 1018 tarium
2325 965 2628 1022 Athanasii
2658 969 2721 1022 in
2751 969 3130 1034 Ecclesiasten,
3157 968 3281 1038 jam
3307 965 3537 1038 penitus
3568 961 3750 1018 amis-

2089 1068 2242 1108 sum.
2279 1057 2421 1109 Item
2460 1057 2521 1109 in
2555 1056 2780 1111 Cantica
2808 1061 3167 1126 canticorum,
3219 1056 3388 1126 cujus
3419 1055 3748 1125 fragmenta

2089 1141 2379 1197 dedimus.
2416 1143 2544 1199 Alia
2574 1162 2746 1216 porro
2779 1147 3103 1218 fragmenta
3136 1145 3658 1201 Commentariorum
3685 1142 3747 1194 in

2084 1230 2279 1286 Jobum
2308 1237 2361 1287 et
2397 1235 2454 1287 in
2486 1235 2806 1302 Emmgelia,
2859 1253 2987 1307 quae
3038 1235 3240 1290 itidem
3285 1232 3378 1289 edi
3409 1231 3746 1288 curavimus

2087 1321 2158 1374 ad
2180 1320 2420 1393 calcem,
2445 1324 2821 1395 suspicamur
2836 1342 2906 1380 ex
2927 1325 3104 1380 variis
3122 1323 3426 1379 Athanasii
3445 1321 3743 1394 Operibus,

2085 1425 2220 1463 cum
2245 1410 2372 1481 jam
2396 1412 2785 1483 exstantibus,
2815 1417 2942 1468 tum
2965 1413 3302 1485 deperditis,
3338 1429 3371 1466 a
3391 1415 3742 1466 caatenarum

2087 1497 2497 1556 eollectoribus
2520 1506 2858 1573 excerpecta
2878 1502 3082 1567 fuisse,
3106 1519 3221 1557 non
3246 1505 3438 1557 autem
3461 1517 3529 1555 ex
3545 1515 3748 1572 perpes

2086 1586 2208 1641 tuis
2229 1589 2416 1643 sancti
2437 1591 2701 1646 Doctoris
2723 1592 3185 1647 commentariis.
3204 1591 3382 1662 Cujus
3404 1589 3486 1645 rei
3509 1594 3600 1644 sat
3615 1605 3745 1660 per-

2087 1675 2358 1746 spicuum
2393 1683 2812 1751 argumentum
2842 1679 2989 1735 illud
3017 1685 3124 1748 est,
3153 1681 3307 1753 quod
3331 1695 3533 1735 eorum
3559 1676 3749 1733 multa

2087 1764 2146 1818 in
2178 1767 2453 1836 operibus
2475 1768 2603 1838 jam
2635 1770 3002 1825 exstantibus
3035 1773 3430 1842 compareant.

2160 1855 2245 1908 15.
2281 1854 2516 1911 Librum
2549 1858 2865 1928 quemdam
2889 1863 2968 1914 De
2998 1860 3398 1915 incarnatione
3419 1856 3621 1912 laudat
3639 1855 3748 1911 Mi-

2085 1941 2248 1998 chael
2271 1943 2500 2016 Glycas,
2535 1963 2592 2017 p.
2613 1947 2740 2015 208,
2776 1949 3025 2018 ejusque
3048 1948 3184 2003 bina
3207 1947 3376 2003 affert
3396 1948 3746 2018 fragmenta,

2088 2048 2215 2103 quae
2246 2033 2304 2087 ni
2339 2033 2509 2089 fallor
2539 2052 2655 2090 non
2686 2040 2916 2092 exstant
2945 2037 3005 2091 in
3039 2037 3234 2092 editis.
3267 2037 3331 2091 In
3354 2035 3597 2091 concilio
3618 2033 3747 2090 Flo-

2085 2121 2311 2178 rentino
2343 2123 2465 2178 haec
2495 2123 2773 2196 leguntur
2806 2143 2818 2181 :
2853 2128 3023 2178 Τοῦτο
3059 2125 3162 2200 γὰρ
3206 2125 3268 2179 τὸ
3312 2128 3546 2196 πνεῦμα,
3580 2122 3742 2200 φησὶν

2085 2210 2113 2263 ὁ
2146 2210 2290 2283 ἱερὸς
2350 2212 2686 2283 Ἀθανάσιος,
2747 2216 2885 2284 πνοή
2948 2213 3058 2268 ἐστι
3108 2219 3205 2267 τοῦ
3249 2215 3397 2267 T106.
3445 2215 3562 2270 Hoc
3605 2217 3740 2268 est:

2084 2302 2183 2355 Hic
2210 2303 2361 2357 enim
2387 2305 2637 2373 spiritus,
2672 2310 2733 2359 ut
2764 2306 2844 2360 ait
2871 2309 3094 2360 sanctus
3126 2305 3476 2371 Athanasius,
3512 2303 3742 2374 spiratio

2085 2391 2218 2445 Filii
2237 2394 2337 2446 est.
2361 2393 2496 2456 Quae
2519 2392 2793 2449 videntur
2809 2410 2876 2449 ex
2899 2395 3155 2465 quodam
3177 2392 3551 2466 supposititio
3571 2407 3744 2463 opere

2084 2479 2362 2550 profecta.

2158 2569 2244 2623 16.
2296 2571 2599 2641 Disputatio
2648 2588 2774 2626 cum
2820 2571 3077 2628 Zacchaco
3123 2572 3445 2628 Iudaeorum
3490 2570 3741 2627 nomodi-

2083 2657 2322 2727 dascalo,
2357 2676 2485 2730 quae
2516 2665 2704 2716 exstat
2733 2661 2793 2715 in
2820 2660 3174 2717 bibliotheca
3195 2659 3656 2726 Vindobonensi,
3683 2662 3745 2717 et

2083 2747 2388 2803 Athanasii
2408 2750 2645 2806 nomine
2661 2754 3023 2806 memoratur
3040 2768 3072 2806 a
3086 2750 3252 2806 Petro
3275 2749 3580 2806 Lambecio
3597 2753 3740 2806 tom.

2085 2836 2154 2892 V.
2188 2854 2321 2909 pag.
2355 2839 2476 2894 135.

2157 2928 2244 2982 17.
2271 2928 2335 2982 In
2367 2927 2601 2983 schedis
2626 2929 2980 3000 quibusdam
3004 2929 3256 2985 Emerici
3277 2927 3487 3001 Bigotii
3508 2931 3605 2981 τοῦ
3641 2947 3744 2999 μα-

2083 3013 2329 3089 καρίτου,
2379 3033 2506 3088 quae
2539 3034 2716 3089 penes
2748 3035 2841 3074 me
2873 3023 3030 3083 sunt,
3086 3019 3270 3074 fertur
3318 3034 3444 3074 esse
3475 3017 3744 3088 quaedam

2087 3105 2264 3160 beatas
2300 3106 2526 3162 Thecla:
2560 3109 2683 3164 Vita
2728 3108 2787 3164 in
2820 3108 3173 3164 bibliotheca
3199 3106 3569 3174 Scorialensi,
3616 3124 3745 3179 qua:

2087 3194 2395 3250 Athanasii
2427 3212 2640 3251 nomen
2672 3198 2957 3268 praeferat.

2158 3285 2245 3338 18:
2277 3285 2477 3339 Exstat
2513 3285 2652 3340 item
2693 3283 3000 3358 Spicilcgii
3029 3290 3171 3342 tom.
3197 3288 3247 3343 ll
3289 3288 3530 3359 Epistola
3575 3289 3744 3343 Pota-

311 3372 656 3444 Apollinarii
710 3377 1050 3445 antiquiores
1103 3385 1233 3430 sunt
1291 3376 1540 3430 omnibus
1597 3377 1692 3448 qui
1746 3377 1832 3430 his
1888 3377 1978 3431 usi
2006 3358 2049 3423 Ο
2084 3373 2188 3426 mii
2216 3373 2286 3428 ad
2317 3374 2699 3446 Athanasium,
2733 3379 2791 3431 et
2821 3376 3078 3446 quidem,
3130 3376 3191 3431 ni
3239 3358 3405 3432 labor
3445 3376 3744 3448 opinione,

309 3464 463 3528 sunt,
496 3477 654 3532 quas,
699 3471 760 3517 ut
788 3463 1093 3518 verisimile
1122 3470 1217 3530 est,
1252 3465 1346 3533 qui
1376 3482 1408 3518 a
1438 3465 1584 3520 Julio
1607 3480 1708 3530 per
1739 3467 1977 3519 schisma

311 3550 700 3619 discesserunt,
750 3553 1097 3623 inscripsere.
1138 3555 1327 3622 Neque
1354 3553 1534 3608 solum
1561 3553 1694 3608 hoc:
1727 3553 1821 3608 sed
1849 3559 1980 3608 sunt

2087 3462 2309 3534 ingenti
2343 3464 2676 3536 suspicione
2705 3464 2952 3521 laborat.

2163 3551 2248 3605 19.
2301 3553 2362 3606 In
2419 3555 2548 3608 Vitis
2598 3559 2916 3611 sanctorum
2962 3555 3292 3623 Siculorum,
3346 3556 3584 3612 Octavio
3632 3555 3746 3612 Ca.-

311 3657 388 3696 ea:
434 3640 753 3696 orthodoxis
801 3643 916 3712 qui,
967 3641 1333 3712 inscriptione
1380 3642 1608 3714 decepti,
1665 3651 1838 3698 rectas
1888 3660 1980 3698 eas
2081 3641 2283 3712 jetano
2333 3643 2697 3714 Syracusano
2746 3643 3073 3711 collectore,
3131 3650 3221 3700 est
3273 3645 3510 3701 nomine
3561 3645 3746 3702 Atha—

314 3745 435 3786 esse
480 3730 796 3801 intelligere
843 3734 895 3784 et
942 3729 1124 3785 dicere
1166 3732 1543 3802 perverabant
1588 3741 1812 3804 praptcr
1849 3750 1977 3804 pcr-

312 3834 472 3876 sonaz
501 3821 889 3875 auctoritatem
918 3819 1018 3875 fide
1047 3819 1293 3890 dignam.
1325 3821 1548 3891 Alioqui
1585 3823 1764 3890 magis
1791 3827 1978 3877 ortho-

315 3908 592 3965 domorum
622 3913 702 3964 est
728 3925 1017 3979 agnoscere
1047 3909 1171 3964 illos
1203 3925 1482 3964 sermones
1507 3913 1730 3982 proprii
1748 3911 1982 3967 doctoris
2006 3931 2010 3935 θ

313 4014 452 4055 esse.
516 4001 598 4054 Nc
653 4006 839 4053 autem
890 4014 962 4052 ea:
1014 3999 1128 4053 solo
1184 4000 1499 4055 testimonio
1553 4000 1978 4072 discipulorum,

315 4103 596 4142 ser-mones
651 4089 825 4158 ipsius
885 4088 1217 4158 Apollinarii
1281 4104 1661 4158 agnoscamus,
1730 4093 1983 4160 quamvis

315 4177 502 4247 aliqui
549 4191 636 4231 eos
683 4177 853 4244 Julia,
903 4179 1148 4246 quamvis
1195 4177 1469 4247 Gregorio,
1525 4182 1783 4249 quamvis
1823 4180 1985 4235 Atha-

314 4266 480 4321 nasio
508 4266 650 4336 falso
688 4265 1042 4326 inscribant;
1090 4265 1180 4320 sed
1227 4267 1400 4320 etiam
1449 4283 1520 4320 ea;
1565 4267 1750 4322 eodem
1794 4285 1986 4337 genere

318 4355 597 4410 sermonis
629 4363 679 4410 et
696 4356 856 4425 style.
895 4356 954 4409 In
981 4353 1228 4410 concilio
1251 4355 1652 4422 Lateranensi,
1685 4362 1725 4410 t.
1751 4357 1821 4412 Vl
1848 4358 1982 4413 Con-

319 4444 606 4510 ciliorum,
638 4460 696 4516 p.
721 4444 846 4508 301,
871 4446 1059 4498 exstat
1080 4444 1475 4516 fragmentum
1506 4445 1763 4516 epistola:
1786 4447 1982 4518 cujus-

318 4534 460 4590 dam
493 4532 565 4588 ad
596 4532 994 4588 Antiochenos
1023 4533 1094 4587 de
1123 4533 1391 4588 doctrina
1473 4550 1610 4589 vera
1660 4536 1910 4607 agentis,
1953 4553 1987 4591 a

321 4621 496 4679 nobis
528 4622 747 4694 pariter
775 4639 986 4677 cusum
1020 4622 1091 4677 ad
1124 4621 1364 4678 calcem.

400 4714 484 4768 12.
517 4713 744 4768 Laudat
791 4713 1047 4768 Joannes
1096 4712 1498 4768 Damascenus
1544 4713 1603 4767 in
1638 4714 1894 4770 Oratione
1922 4715 1989 4771 de
2021 4733 2064 4796 ι)

320 4801 627 4872 defunctis,
680 4803 790 4857 sub
821 4801 1018 4867 linem,
1065 4799 1284 4855 librum
1314 4800 1616 4856 Athanasii
1649 4807 1729 4858 De
1755 4807 1986 4859 mortuis

320 4891 388 4946 in
417 4890 667 4959 Domino,
701 4891 804 4962 qui
831 4891 954 4962 jam
988 4907 1104 4945 non
1135 4895 1345 4945 exstat.
1381 4889 1520 4944 Item
1549 4889 1731 4946 alium
1756 4891 1864 4948 hac
1897 4893 1984 4948 in-

317 4977 661 5051 scriptione,
697 4978 791 5040 Εἰς
820 4977 948 5041 τοὺς
970 4978 1332 5051 κοιμηθέντας
1363 4978 1734 5053 παναρμόνιος
1793 4977 1982 5056 λόγος,

321 5067 431 5141 qui
463 5068 711 5125 fortasse
739 5069 916 5124 idem.

401 5159 487 5212 13.
515 5158 577 5214 In
602 5160 862 5214 secunda
882 5158 1118 5213 Nicaena
1133 5158 1353 5230 synodo
1371 5158 1564 5214 locum
1586 5163 1676 5215 sat
1693 5160 1984 5232 prolixum

318 5248 509 5305 habes
558 5265 627 5303 ex
676 5250 916 5320 Epistola
958 5247 1261 5303 Athanasii
1292 5246 1364 5302 ad
1390 5249 1763 5320 Eupsgchium
1798 5253 1985 5307 (3335a-

319 5353 443 5395 reaz
463 5339 864 5411 presbyterum,
890 5353 1066 5409 quem
1091 5337 1309 5408 pariter
1326 5337 1620 5392 edidimus
1647 5339 1718 5393 ad
1743 5339 1982 5407 calcem,

321 5444 448 5484 una
477 5445 613 5484 cum
646 5427 992 5500 fragmentis
1018 5443 1087 5481 ex
1108 5425 1336 5481 Gelasio
1358 5425 1720 5498 desumptis:
1756 5445 1882 5499 quae
1905 5433 1986 5483 ta-

324 5531 466 5573 men
497 5523 768 5590 exeerpta
797 5517 1073 5573 videntur
1100 5531 1170 5571 ex
1199 5514 1475 5587 operibus
1503 5515 1831 5586 Athanasii,
1859 5534 1984 5589 quae

404 5642 483 5715 (a)
515 5641 661 5698 Haar.
696 5659 859 5698 Lxxv.

2091 3729 2242 3784 nasii
2271 3729 2407 3785 Vita
2426 3731 2482 3785 S.
2510 3731 2760 3803 Philippi
2785 3733 3152 3804 Agyrrensis,
3187 3733 3256 3788 de
3280 3749 3400 3804 qua
3420 3735 3478 3788 in
3505 3733 3745 3804 spur-iis.

2161 3821 2250 3872 20.
2287 3820 2392 3873 Vir
2420 3818 2558 3874 clar.
2611 3825 2667 3875 et
2713 3822 2883 3876 nobis
2916 3821 3316 3877 amicissimus
3346 3822 3578 3878 Gabriel
3607 3826 3748 3878 Gro-

2092 3907 2315 3975 decius,
2385 3907 2598 3981 linguae
2666 3910 2957 3966 Hebraicis
3026 3910 3238 3982 Lipsiae
3302 3912 3616 3984 professor,
3687 3911 3749 3966 in

2092 3997 2354 4070 catalogo
2406 3999 2661 4069 quodam
2714 3999 2858 4054 mihi
2909 4001 3282 4064 transmisso,
3334 4001 3406 4056 de
3459 4017 3574 4072 quo
3606 4000 3750 4057 alias

2093 4087 2305 4152 fusius,
2351 4092 2599 4143 testatur
2646 4106 2708 4143 se
2758 4089 3068 4145 Mediolani
3118 4090 3177 4144 in
3225 4089 3575 4145 bibliotheca
3605 4095 3752 4145 Am-

2094 4176 2370 4230 brosiana
2425 4176 2642 4233 vidisse
2701 4178 2980 4248 codicem,
3048 4178 3108 4232 in
3169 4196 3284 4250 quo
3341 4183 3531 4234 exstat
3589 4181 3752 4236 Com-

2093 4267 2399 4320 mentarius
2429 4267 2664 4322 nomine
2704 4267 3006 4324 Athanasii
3054 4269 3114 4322 in
3143 4269 3425 4324 canticum
3471 4271 3671 4340 Moysis
3700 4272 3754 4326 et

2092 4355 2304 4411 Mariae.

2164 4445 2260 4499 21.
2301 4446 2525 4517 Agmen
2558 4445 2793 4502 claudat
2822 4464 2970 4519 opus
2995 4449 3169 4517 jussu
3203 4447 3506 4504 Athanasii
3538 4465 3572 4504 a
3599 4466 3751 4521 quo-

2096 4531 2232 4586 dam
2265 4533 2393 4601 ejus
2425 4533 2697 4588 familiari
2729 4534 3158 4606 elucubratum,
3188 4537 3259 4591 de
3290 4553 3404 4608 quo
3435 4537 3558 4592 haec
3589 4539 3754 4594 Lam-

2096 4620 2297 4676 becius
2328 4622 2399 4676 ad
2432 4622 2798 4678 tricesimum
2831 4624 3150 4696 septimum
3183 4625 3442 4680 codicem
3469 4625 3754 4700 theologi-

2096 4726 2253 4777 cum,
2289 4727 2344 4781 p.
2378 4711 2486 4765 58:
2544 4712 2705 4767 Valde
2757 4717 2940 4768 autem
2986 4713 3232 4769 notabile
3277 4717 3374 4781 est,
3426 4716 3488 4769 in
3514 4715 3628 4771 solo
3656 4715 3756 4772 hoc

2095 4799 2274 4855 codice
2303 4801 2371 4854 37
2401 4805 2532 4856 ante
2562 4802 2846 4873 epistolam
2875 4805 3053 4859 sancti
3079 4803 3266 4859 Jacobi
3292 4812 3508 4860 exstare
3535 4821 3755 4876 anony-

2094 4890 2174 4943 mi
2202 4889 2490 4958 cujusdam
2525 4894 2825 4962 pervclusti
2871 4895 3108 4948 auctoris
3133 4895 3463 4964 prowmium
3492 4896 3607 4950 sive
3643 4897 3756 4966 epi-

2094 4980 2290 5034 stolam
2341 4979 2730 5036 dedicatoriam
2777 4983 2848 5038 ad
2894 4985 3141 5038 sanctum
3171 4983 3530 5038 Athanasium
3571 4984 3753 5040 archi-

2096 5070 2408 5139 episcogum
2443 5070 2910 5142 Alexandrinum,
2963 5088 3072 5144 qua
3114 5072 3265 5128 clare
3314 5080 3475 5143 atque
3504 5088 3756 5144 expresse

2097 5161 2348 5226 testatur,
2371 5174 2426 5213 se
2447 5159 2765 5231 hypotheses
2790 5162 2919 5216 illas
2935 5166 2986 5216 et
3003 5163 3262 5217 lemmata
3281 5163 3521 5233 capitum
3543 5163 3754 5234 Episto-

2095 5249 2280 5303 larum
2299 5248 2699 5304 calholicarum
2727 5253 2975 5321 fraterno
2997 5253 3172 5322 ipsius
3193 5254 3354 5321 jussu
3375 5253 3752 5324 composuisse.

2099 5339 2305 5392 Titulus
2334 5339 2495 5393 istius
2523 5341 2794 5410 prosemii,
2847 5357 2961 5394 una
2991 5357 3113 5395 cum
3141 5343 3435 5413 principio,
3478 5350 3559 5397 est
3584 5344 3714 5398 talis
3734 5361 3757 5398 ,ο

2098 5423 2386 5500 Πρόλογος
2436 5430 2543 5479 τῶν
2594 5425 2898 5480 καθολικῶν
2953 5426 3310 5501 Ἐπιστολῶν,
3369 5434 3601 5503 ΝΙικροῖς
3658 5430 3753 5502 μὲν

2094 5515 2192 5569 κᾶν
2242 5515 2408 5590 μικρὰ
2437 5513 2740 5587 τολμῶσιν,
2775 5515 2873 5570 οὐκ
2904 5513 3076 5579 ἀδεές.
3110 5518 3167 5570 Ὁ
3211 5514 3269 5572 δὲ
3301 5515 3596 5593 ἐλάχιστος
3645 5518 3756 5592 ἐγὼ

2168 5641 2244 5712 (b)
2274 5638 2491 5696 Concil.
2525 5640 2819 5709 Lateran.,
2852 5646 2892 5697 t.
2924 5642 2997 5698 Vl
3021 5646 3208 5712 Conc.,
3243 5661 3302 5717 p.
3326 5643 3426 5698 301
3461 5647 3519 5700 et
3547 5659 3604 5715 ρ.
3629 5645 3755 5698 228.

405 5818 486 5890 (1)
518 5821 817 5894 [ntegrum
857 5823 1062 5895 postea
1090 5819 1275 5877 edidit
1303 5817 1780 5878 Montfauconius
1810 5821 1870 5876 in
1899 5820 2241 5878 Bibliotheca
2268 5834 2411 5875 nova
2439 5819 2672 5875 Patrum
2703 5819 3030 5879 Graecorum.
