4170 6376
412 430 606 493 una

1810 429 2422 497 PBOLEGOMENA.

408 560 528 623 τοῖς
560 559 693 637 ὑπὲρ
732 560 832 638 ἐμὲ
871 561 1061 631 πόνοις
1119 564 1385 644 ἐγχειρῶν
1443 565 1549 644 οὐχ
1604 559 1803 636 ἥκιστα
1848 567 2038 645 πέφυκε

2175 569 2259 624 sci
2290 584 2359 623 ex
2387 568 2694 626 concinnis
2722 574 2780 625 et
2807 586 2943 627 cum
2974 570 3197 628 ratione
3224 566 3527 629 adornatis
3563 568 3830 647 σοι-ρούς

410 647 731 717 ἀκινδύνως·
793 653 976 731 ὥσπερ
1022 657 1082 712 ἂν
1139 655 1193 712 εἷ’
1236 678 1339 721 τις.
1390 664 1499 716 etc.
1553 659 1614 715 Id
1644 664 1735 716 est
1766 678 1778 715 :
1815 682 1841 709 ‹‹
1871 661 2060 717 Prolo-

405 757 516 814 gus
545 744 604 800 in
630 746 925 803 catholicas
956 749 1242 820 Epistolas.
1285 750 1518 805 Pusilli:
1545 757 1598 805 et
1621 750 1835 822 pusilla
1862 765 2054 822 aggre-

405 828 699 902 dientibus,
749 852 837 892 res
870 845 1018 893 metu
1043 854 1154 894 non
1181 842 1353 894 vacat.
1408 839 1564 909 Quod
1592 841 1780 894 autem
1807 854 1901 910 ego
1927 855 2054 911 per-

403 936 570 993 quam
616 924 878 981 minimus
923 925 1081 982 homo
1127 928 1377 983 laborem
1423 930 1521 999 qui
1548 930 1692 983 vires
1719 944 1868 984 meas
1899 928 2056 999 longe

398 1016 619 1084 superet
637 1014 949 1085 aggrediar,
980 1032 1095 1073 non
1115 1017 1319 1074 modici
1334 1017 1584 1089 periculi
1612 1034 1700 1073 res
1727 1021 1826 1074 est.
1860 1018 2053 1085 Quem-

398 1099 692 1159 admodum
736 1105 789 1160 si
829 1107 970 1176 quis,
1006 1127 1036 1155 »
1085 1110 1194 1162 etc.
1244 1107 1351 1162 Nec
1379 1107 1556 1164 multo
1581 1110 1704 1178 post
1732 1115 1922 1163 auctor
1951 1106 2054 1162 hu-

395 1190 483 1262 ius
524 1194 781 1263 prowmii
828 1202 1078 1251 sanctum
1122 1195 1493 1252 Athanasium
1536 1196 1777 1268 appellat
1819 1199 2053 1267 fratrem

395 1279 483 1336 his
510 1282 689 1338 verbis
719 1299 739 1338 :
763 1283 877 1361 Ἐφ’
908 1283 991 1344 οἷς
1025 1282 1117 1336 οὗν
1152 1280 1331 1359 ἔγωγε
1358 1281 1557 1357 τολμῶ
1598 1285 1931 1360 συγγνώμην
1964 1284 2049 1339 αἰ-

390 1370 500 1423 τῶν
554 1368 783 1443 νέμειν,
843 1371 1062 1446 ἀγάπης
1117 1371 1275 1445 νόμῳ
1338 1367 1696 1449 βεϐιασμένος
1762 1374 1865 1428 ὑπὸ
1923 1379 2051 1429 ΣΟΥ

393 1460 671 1513 ΔΔΕΛΦΕ
731 1464 1081 1516 ΛΘΔΝΔΣΙΕ
1140 1463 1505 1519 ΤΙΜΙΩΤΑΤΕ
1540 1506 1554 1520 .
1614 1463 1714 1518 Οἴα
1787 1464 1892 1538 γὰρ
1962 1483 2048 1526 τις

390 1544 738 1619 ἢμιθνὴτών,
787 1554 897 1607 etc.
946 1551 1013 1606 Id
1061 1556 1199 1609 est:
1255 1553 1330 1609 De
1375 1553 1479 1609 tali
1515 1570 1657 1609 ausu
1682 1570 1802 1610 meo
1828 1556 2050 1611 veniam

390 1650 615 1709 rogans,
646 1639 705 1694 vi
732 1642 782 1697 et
811 1640 926 1712 lege
952 1640 1239 1698 charitatis
1259 1643 1356 1697 abs
1380 1647 1432 1699 te
1452 1644 1779 1716 compulsus,
1806 1660 2049 1700 vanam-

391 1742 679 1783 nmssms
725 1746 946 1787 PRATBB
992 1731 1303 1787 Arasmsr.
1356 1733 1498 1789 Nam
1545 1734 1708 1805 quasi
1753 1735 2045 1790 semimor-

390 1818 540 1875 tuus.
592 1816 881 1875 Clauditur
924 1818 1159 1892 denique
1198 1819 1345 1877 idem
1371 1824 1700 1894 prozmium
1727 1823 1826 1879 hoc
1852 1823 2008 1880 modo
2026 1841 2047 1881 :

389 1902 542 1974 Δίεαι
570 1909 884 1982 τοιγαροῦν,
934 1903 1079 1978 δέξαι
1125 1909 1253 1984 παρ’
1297 1910 1458 1982 ἡμῶν
1493 1910 1742 1983 ἀσμένως
1792 1915 1902 1966 τῶν
1935 1916 2044 1966 σῶν

410 1990 793 2070 ἐπιταγμάτων
843 1997 944 2066 τὴν
992 1998 1390 2074 πραγματείαν,
1438 1998 1578 2075 εὐχῇ
1605 2003 1675 2073 τῇ
1727 2000 1857 2075 ὑπὲρ
1889 2003 2050 2074 ἡμῶν

390 2081 549 2155 ἡμᾶς
600 2089 705 2153 τῆς
762 2086 984 2148 πειθοῦς
1040 2081 1306 2156 διηνεκῶς
1350 2081 1733 2160 ἀμειϐόμενος.
1795 2088 1937 2164 Ἐγὼ
1995 2084 2055 2144 δὲ

390 2169 685 2248 στοιχηδὸν
715 2174 810 2237 τὰς
891 2172 1196 2237 καθολικὰς
1249 2174 1474 2246 καθεξῆς
1543 2174 1867 2240 Ἐπιπολὰς
1925 2178 2052 2233 ἀνα-

391 2261 698 2337 γνώσομαι,
753 2263 854 2333 τὴν
882 2268 991 2319 τῶν
1023 2262 1334 2342 κεφαλαίων
1368 2260 1568 2320 ἔκθεσιν
1601 2266 1744 2340 ὁμοῦ
1771 2266 1862 2322 καὶ
1890 2266 2048 2325 θείων

405 2351 717 2426 μαρτυρίων
775 2350 984 2409 ἐνθένδε
1038 2352 1387 2427 ποιούμενος.
1424 2356 1483 2411 Id
1532 2359 1621 2412 est
1654 2374 1667 2413 :
1703 2358 1891 2427 Arx’ipe
1944 2360 2050 2430 igi-

390 2448 510 2514 tur,
549 2445 732 2516 accipe
760 2444 992 2500 libenter
1017 2461 1053 2501 a
1079 2446 1237 2501 nobis
1267 2460 1401 2517 opus
1419 2446 1585 2517 jussu
1610 2448 1703 2501 tuo
1730 2447 1961 2516 editum,
1993 2447 2054 2505 ei

379 2531 614 2588 assidue
651 2534 905 2604 precibus
946 2536 1061 2590 tuis
1088 2534 1495 2605 obsequentium
1521 2544 1766 2592 nostram
1794 2553 2050 2595 remune-

379 2635 465 2678 ra.
520 2622 631 2694 Ego
672 2638 798 2680 vero
842 2623 1147 2681 catholicas
1191 2624 1459 2695 Epistolas
1504 2624 1697 2681 ordine
1740 2626 2047 2698 perlegam,

376 2712 541 2781 atque
588 2712 835 2782 capitum
881 2727 995 2767 una
1046 2717 1214 2785 atque
1254 2713 1575 2769 divinorum
1603 2716 2052 2772 testimoniorum

375 2800 779 2871 expositionem
830 2802 1023 2856 edam.
1076 2801 1338 2874 Sequitur
1380 2802 1577 2859 deinde
1616 2802 1888 2875 hypotesis
1916 2806 2044 2877 Epi-

374 2888 536 2945 stolae
582 2889 765 2945 sancti
789 2889 985 2947 Jacobi
1024 2890 1109 2946 his
1156 2892 1337 2947 verbis
1369 2908 1382 2946 :
1420 2886 1639 2959 Ἐπειδὴ
1676 2890 1838 2954 αὐτὸς
1880 2892 1908 2946 ὁ
1942 2893 2042 2947 Ἰά-

383 2969 571 3038 κωϐος
625 2974 832 3047 ταύτην
893 2978 1087 3054 γράφει
1161 2984 1276 3041 τοῖς
1341 2978 1447 3033 ἀπὸ
1517 2983 1624 3033 τῶν
1682 2977 1892 3035 δώδεκα
1944 3003 2041 3059 φυ-

374 3059 514 3134 λῶν,
554 3069 663 3122 etc.
697 3066 759 3122 ld
793 3078 919 3124 est:
975 3070 1256 3138 Quoniam
1305 3069 1534 3127 Iacobus
1581 3070 1723 3127 hanc
1762 3070 2043 3129 duodecim

376 3155 632 3212 tribubus
660 3157 932 3226 rescribit,
962 3161 1072 3214 etc.

850 3355 928 3410 De
956 3264 1546 3411 doctrinlavdthanasii.

446 3460 497 3515 1.
531 3460 593 3515 In
622 3460 967 3518 Christianae
996 3460 1133 3517 ﬁdei
1163 3464 1367 3518 exortu
1399 3478 1516 3518 non
1557 3466 1682 3518 erat
1727 3464 1856 3535 ejus
1901 3480 2029 3539 my-

378 3547 564 3605 steria
589 3553 885 3606 certarum
910 3566 1119 3606 vocum
1144 3549 1435 3608 limitibus
1450 3550 2029 3627 circumscripta;sed

373 3637 812 3712 emergentibus
851 3639 1092 3695 demum
1121 3638 1420 3696 erroribus
1448 3641 1732 3697 vocabula
1761 3643 2028 3715 quaedam

373 3726 604 3783 deﬁniri
627 3742 937 3784 necessum
960 3726 1089 3800 fuit,
1113 3727 1331 3800 quibus
1352 3744 1453 3784 seu
1476 3728 1749 3786 claustris
1772 3731 2029 3789 contine-

372 3819 581 3873 rentur
615 3815 911 3873 temerarii
940 3816 1210 3873 homines
1240 3833 1434 3873 rerum
1468 3819 1867 3875 novandarum
1902 3825 2025 3877 stu-

373 3904 551 3964 diosi.
591 3904 661 3960 Et
688 3905 947 3962 indicem
980 3922 1049 3963 ne
1080 3906 1295 3979 pigeat,
1330 3923 1462 3962 cum
1496 3907 1642 3963 nihil
1674 3909 1913 3981 periculi
1958 3927 2026 3968 ex

370 3993 589 4051 indicio
619 3994 717 4063 sit,
760 3994 935 4051 salvis
966 4011 1199 4068 semper
1225 3999 1283 4052 et
1309 3995 1554 4069 integris
1585 3997 1781 4067 rebus,
1813 4015 1880 4054 ac
1912 3999 2026 4055 ﬁde

371 4081 520 4140 nihil
550 4086 797 4156 mutata,
831 4082 1019 4140 multa
1046 4083 1351 4140 Athanasii
1383 4102 1500 4141 aevo
1530 4086 1777 4158 ejusque
1805 4104 1913 4160 ope
1935 4088 2024 4145 in-

372 4172 551 4229 ducta
578 4174 755 4229 verba
784 4172 987 4241 fuisse,
1035 4177 1091 4229 et
1136 4174 1210 4230 ad
1257 4179 1477 4231 certam
1508 4174 1758 4231 formam
1791 4178 2025 4234 redacta

371 4261 510 4318 ﬁdei
539 4262 765 4335 capita;
803 4268 868 4319 ut
897 4267 1064 4336 pater
1100 4263 1393 4320 hodiernae
1441 4263 1746 4338 theologiaa
1777 4267 1906 4337 iure
1928 4267 2024 4325 ille

370 4351 562 4408 vocari
579 4351 785 4425 possit.
802 4354 926 4419 Quo
943 4352 1131 4423 major
1144 4351 1233 4407 vir
1249 4352 1477 4409 babend
1489 4370 1556 4409 us
1572 4359 1679 4425 est,
1697 4358 1759 4410 ut
1774 4355 1875 4427 qui
1894 4372 2023 4412 eam

370 4438 505 4496 ﬁdei
523 4441 862 4497 enarrandas
885 4441 1171 4497 rationem
1196 4440 1684 4514 priorinduxerit,
1703 4460 1772 4499 ex
1793 4461 1911 4516 qua
1932 4462 2023 4517 pe-

368 4527 641 4585 ritissimi
663 4528 902 4602 quique,
925 4533 1205 4602 tanquam
1227 4547 1297 4586 ex
1318 4529 1493 4599 fonte,
1513 4547 1714 4586 verum
1734 4532 2024 4589 sentiendi

369 4618 589 4691 pariter
617 4621 676 4673 et
703 4617 981 4692 loquendi
1016 4618 1258 4675 modum
1312 4618 1615 4675 haurirent
1646 4637 1659 4675 :
1694 4620 1846 4677 inter
1876 4638 2023 4694 quos

2168 657 2447 713 motibus.
2474 658 2583 714 Sed
2608 658 2883 730 quoniam
2903 660 3004 733 qui
3028 660 3352 734 proﬂigatis
3376 662 3642 719 moribus
3663 667 3826 732 sunt,

2164 763 2282 819 quo
2316 746 2557 803 liberius
2589 749 2819 805 vivendi
2848 750 2925 806 sit
2955 756 3233 823 potestas,
3266 755 3323 807 et
3355 752 3535 807 Deum
3585 768 3715 809 esse
3770 758 3831 810 et

2163 836 2422 892 animam
2442 853 2571 894 esse
2588 838 2981 895 immortalem
3007 840 3375 907 inﬁciantur;
3400 842 3702 899 contendit
3722 842 3821 899 ille

2161 923 2372 982 validis
2401 928 2767 999 argumentis
2799 928 2878 999 (p.
2910 929 3024 995 25),
3069 929 3328 984 animam
3379 946 3493 985 non
3524 930 3818 1001 exstingui

2171 1013 2457 1070 exstincto
2479 1031 2741 1087 corpore,
2774 1016 3275 1088 scelestorumque
3297 1019 3629 1090 perfugium
3661 1037 3825 1075 amo-

2159 1108 2253 1159 vet
2285 1121 2298 1171 ;
2350 1103 2473 1175 qui,
2510 1105 2659 1176 proh
2692 1105 2858 1161 dolor
2889 1106 2902 1159 Ι
2931 1106 2985 1159 id
3029 1107 3247 1162 summi
3280 1106 3416 1162 boni
3447 1106 3570 1163 loco
3598 1108 3827 1180 efflagi-

2162 1196 2310 1259 tant,
2345 1198 2409 1248 ut
2436 1193 2757 1265 aliquando
2788 1195 3104 1250 exsistendi
3139 1195 3315 1250 ﬁnem
3350 1196 3583 1252 faciant.
3640 1197 3825 1269 Cujus

2160 1281 2242 1337 rei
2274 1281 2331 1336 in
2365 1283 2602 1354 propria
2650 1283 2840 1339 salute
2886 1282 3217 1356 periculum
3264 1285 3454 1340 facere
3486 1302 3659 1359 grave
3707 1292 3818 1346 est.

2160 1370 2435 1426 Ferreum
2465 1387 2606 1427 sane
2636 1377 2865 1445 pectus,
2917 1373 3074 1445 quod
3120 1377 3282 1429 tanto
3330 1374 3672 1431 discrimine
3704 1393 3821 1432 non

2158 1463 2501 1529 moveatur;
2531 1478 2666 1517 cum
2702 1462 2792 1518 vel
2838 1462 2952 1535 ipsi
3009 1461 3260 1535 gentiles
3309 1467 3369 1519 et
3419 1464 3648 1535 profani
3680 1481 3826 1537 prae-

2157 1548 2280 1603 mia
2308 1554 2367 1605 et
2395 1566 2623 1622 poenas,
2670 1550 3007 1608 felicitatem
3039 1557 3096 1607 et
3125 1550 3452 1609 infortunia
3494 1554 3823 1610 secundum

2156 1636 2310 1693 hanc
2336 1638 2515 1694 vitam
2545 1655 2675 1696 esse
2706 1640 2973 1697 arbitrati
3005 1641 3142 1709 sint,
3169 1641 3337 1712 juxta
3373 1640 3520 1698 illud
3549 1642 3778 1716 Tragici
3803 1659 3817 1699 :

2226 1750 2681 1826 Εὐδαιμονοῖτον,
2716 1753 2843 1809 ἀλλ’
2878 1755 2988 1811 ἐκεῖ
3022 1777 3035 1790 ·
3066 1756 3134 1810 τὰ
3162 1752 3208 1810 δ’
3243 1753 3365 1811 ἔνθα
3396 1754 3453 1811 δὲ

2238 1824 2426 1899 Πατὴρ
2458 1824 2697 1905 ἀφείλετ’
2731 1828 2807 1900 (a)

2081 1947 2130 2014 Β
2160 1941 2414 1998 Furiosee
2438 1942 2645 1999 matris
2666 1942 2912 2010 dictum,
2944 1959 3074 2015 quae
3096 1944 3238 1999 dum
3263 1959 3465 2000 necem
3486 1944 3686 2001 liberis
3708 1962 3810 2018 pa-

2161 2034 2271 2100 rat,
2305 2030 2644 2087 felicitatem
2673 2031 2822 2104 ipsis
2853 2032 2913 2087 in
2946 2031 3144 2088 futura
3170 2031 3291 2090 vita
3317 2038 3607 2106 precatur,
3640 2050 3821 2107 quam

2160 2124 2327 2192 pater
2354 2121 2675 2176 abstulerat
2704 2120 2763 2175 in
2789 2121 3082 2193 praesenti.
3116 2125 3301 2178 Deum
3323 2139 3453 2179 esse
3475 2140 3658 2179 unum
3680 2123 3814 2196 plu-

2159 2209 2326 2266 ribus
2359 2214 2788 2266 commonstrat
2817 2215 3020 2266 contra
3045 2211 3317 2283 gentiles,
3363 2218 3699 2284 pugnatque
3730 2212 3821 2269 vel

2159 2314 2344 2354 unum
2376 2297 2462 2355 vel
2494 2298 2723 2355 nullum
2755 2315 2922 2355 esse:
2955 2299 3035 2354 ibi
3068 2300 3149 2372 (p.
3173 2300 3267 2369 30)
3299 2299 3450 2356 hanc
3475 2300 3817 2373 praeclaram

2156 2386 2278 2443 edit
2305 2388 2676 2457 sententiam,
2709 2404 2837 2460 quae
2886 2388 3072 2443 fertur
3123 2388 3181 2444 in
3232 2389 3462 2461 primis,
3511 2386 3814 2465 Ἐλὲγομεν

2152 2475 2253 2543 τὴν
2286 2472 2662 2543 πολυθεότητα
2692 2473 2955 2545 ἀθεότητα
2985 2475 3139 2529 εἶναι.
3169 2477 3284 2532 Hoc
3314 2481 3406 2533 est
3436 2494 3450 2533 :
3480 2479 3814 2535 Dicebamus

2158 2566 2624 2631 multiplicitatem
2653 2564 2903 2630 deorum,
2939 2581 3055 2621 esse
3085 2566 3403 2621 nullitatem
3430 2565 3675 2622 deorum.
3707 2566 3815 2624 Cui

2154 2654 2417 2711 alludere
2446 2656 2591 2710 forte
2621 2655 2890 2711 videatur
2917 2655 3235 2727 Gregorius
3263 2656 3644 2711 Nazanzenus
3683 2674 3813 2713 ora-

2154 2745 2311 2801 tione
2331 2747 2423 2815 24,
2445 2762 2580 2801 cum
2604 2743 2919 2817 gentilium
2942 2745 3420 2816 superstitionem
3442 2751 3607 2801 vocat
3635 2747 3819 2799 πολύ-

2152 2834 2271 2887 θεον
2305 2834 2504 2889 ἀθεῖαν.
2537 2834 2748 2907 Lepide
2779 2841 2974 2889 autem
3007 2850 3113 2889 nec
3144 2834 3271 2890 sine
3302 2834 3527 2891 facetiis
3557 2836 3816 2907 exagitat

2152 2923 2313 2979 illam
2343 2923 2653 2997 gentilium
2685 2924 2928 2979 deorum
2961 2924 3219 2991 turbam,
3268 2940 3519 2996 quorum
3553 2925 3807 2997 quisque

2151 3012 2391 3086 flagitiis
2404 3014 2529 3070 suis
2541 3011 3070 3081 nobilitabatur,ita
3082 3016 3147 3068 ut
3159 3012 3391 3069 nonnisi
3409 3018 3546 3069 nota
3558 3015 3813 3086 quadam

2148 3102 2537 3175 turpitudinis
2567 3102 2722 3158 alius
2751 3105 3152 3158 secerneretur
3179 3102 3252 3157 ab
3276 3101 3411 3158 alio.
3448 3102 3808 3176 Religionem

2148 3207 2290 3247 sane
2319 3190 2562 3265 pulchro
2609 3191 2682 3247 ad
2718 3190 3041 3264 perniciem
3082 3190 3393 3248 hominum
3424 3192 3805 3262 instructam,

2147 3297 2281 3336 cum
2312 3280 2513 3338 nullus
2546 3282 2758 3337 modus
2787 3279 3022 3337 sceleris
3052 3285 3226 3350 esset,
3246 3281 3394 3353 quin
3427 3281 3679 3354 alicujus
3712 3282 3811 3339 dei

2143 3370 2409 3444 exemplo
2436 3370 2743 3427 niteretur.

2212 3461 2265 3516 3.
2300 3461 2374 3517 De
2402 3461 2507 3517 Deo
2540 3476 2667 3515 uno.
2716 3490 2785 3500 —
2832 3459 2928 3515 Ait
2975 3459 3114 3515 item
3164 3464 3409 3516 sanctus
3462 3459 3674 3517 Doctor
3721 3462 3805 3534 (p.

2138 3550 2253 3620 30),
2302 3550 2351 3606 si
2403 3548 2576 3605 multi
2625 3553 2824 3605 essent
2871 3548 2980 3619 dii,
3032 3565 3272 3605 necesse
3326 3549 3447 3606 fore
3508 3553 3575 3605 ut
3630 3549 3809 3606 multi

2137 3637 2342 3692 mundi
2376 3640 2594 3703 essent,
2627 3653 2734 3692 nec
2763 3652 2936 3708 posse
2967 3635 3281 3709 ἀταράκτως
3315 3653 3351 3692 a
3379 3635 3595 3692 multis
3620 3655 3808 3694 unum

2137 3725 2259 3798 regi
2290 3726 2603 3782 mundum.
2637 3725 2858 3793 Unum,
2891 3725 3085 3797 inquit
3116 3726 3197 3797 (p.
3230 3725 3321 3793 49,
3351 3725 3494 3793 171),
3529 3729 3710 3781 Deum
3742 3730 3803 3782 et

2132 3829 2195 3884 in
2228 3816 2448 3871 mundo
2480 3818 2538 3870 et
2575 3819 2740 3871 extra
2790 3815 3082 3869 mundum
3130 3818 3339 3886 suapte
3388 3820 3601 3870 natura
3647 3831 3807 3884 esse,

2135 3904 2277 3977 quin
2330 3904 2521 3977 spatio
2570 3903 2693 3958 ullo
2749 3902 3293 3959 circumscribatur.
3358 3903 3604 3975 Depellit
3660 3904 3800 3961 item

2135 4009 2216 4089 (p.
2247 3993 2340 4065 38)
2384 3992 2805 4089 Epicureorum
2857 3997 3299 4089 commentum,
3336 3992 3440 4063 qui
3497 3993 3806 4089 nugaban-

2130 4080 2234 4144 iur
2265 4083 2554 4138 mundum
2588 4080 2828 4137 fortuito
2860 4081 3077 4137 factum
3105 4099 3118 4149 ;
3153 4086 3209 4137 et
3241 4080 3565 4154 Platonem,
3599 4082 3700 4156 qui
3733 4100 3806 4140 ex

2135 4171 2303 4244 prius
2333 4176 2598 4228 exstante
2629 4172 2874 4227 materia
2928 4171 3232 4227 conditum
3282 4172 3640 4228 afﬁrmabat.
3691 4174 3803 4229 Ge-

2133 4261 2330 4317 nesim
2379 4260 2499 4317 sive
2542 4259 3058 4334 genethlialogiam
3090 4260 3396 4317 exitiosam
3431 4266 3637 4331 artem,
3672 4278 3800 4334 quae

2144 4352 2215 4408 ad
2249 4351 2367 4406 haec
2400 4368 2587 4424 usque
2619 4355 2734 4407 tem
2746 4367 2888 4424 pora
2916 4354 3263 4423 perseverat,
3312 4351 3567 4425 graviter
3604 4352 3800 4427 exagi-

2132 4445 2223 4496 tat
2247 4441 2331 4514 (p.
2367 4442 2481 4511 46).

2206 4532 2258 4586 4.
2296 4531 2368 4587 Dc
2396 4532 2749 4603 generatione
2779 4532 2933 4586 Filii.
2969 4561 3029 4570 —
3070 4530 3299 4586 Passim
3351 4546 3417 4586 ac
3466 4545 3615 4603 pene
3660 4530 3801 4585 ubi-

2135 4635 2248 4692 que
2277 4619 2538 4676 locorum
2571 4620 2673 4692 ait,
2725 4620 2958 4675 Patrem
3010 4619 3220 4674 Filium
3268 4635 3447 4675 suum
3479 4619 3553 4674 ab
3586 4626 3799 4676 aeterno

369 4705 641 4764 Ecclesiae
677 4708 905 4763 lumina
931 4707 1186 4764 Basilius
1215 4712 1273 4763 et
1293 4708 1606 4780 Gregorius
1630 4710 2031 4769 Nazianzenus
2062 4698 2108 4762 D
2140 4709 2378 4782 gignere
2412 4727 2425 4764 :
2465 4709 2959 4781 generationeque
3008 4708 3170 4764 illam
3223 4724 3354 4763 esse
3395 4709 3656 4779 passione
3701 4725 3800 4764 va-

367 4812 474 4870 pro
505 4797 640 4854 ﬁdei
662 4797 947 4870 magistro
967 4796 1157 4853 virum
1180 4796 1456 4853 habuere.
1492 4802 1610 4853 Nos
1634 4803 1700 4853 ut
1718 4799 2023 4857 Athanasii

366 4886 645 4944 doctrinas
678 4887 974 4960 specimen
1006 4888 1237 4955 demus,
1289 4904 1323 4943 a
1368 4887 1485 4943 Deo
1517 4888 1737 4961 optimo
1769 4890 2024 4947 maximo

367 4976 509 5044 orsi,
543 4976 615 5032 ad
646 4981 854 5032 caetera
883 4977 1346 5050 progrediemur.

437 5064 492 5119 2.
516 5066 592 5121 De
608 5066 735 5121 Deo.
753 5096 819 5107 —-
833 5065 1030 5121 Primo
1046 5064 1217 5138 ait(p.
1234 5066 1305 5121 27
1322 5070 1531 5137 seqq),
1547 5066 1729 5122 Deum
1750 5070 2023 5140 cognosci

366 5169 437 5209 ex
449 5154 913 5227 opiﬁciis,exque
925 5153 1236 5211 harmonia
1253 5172 1606 5227 rerum,quze
1620 5156 1857 5228 quidem
1877 5158 2024 5214 ratio

367 5243 759 5317 cognoscendi
783 5243 881 5300 Dei
911 5244 1124 5316 cuique
1146 5245 1315 5300 obvia
1344 5249 1453 5313 est,
1489 5249 1554 5300 ut
1573 5244 1738 5301 nulla
1758 5246 1837 5302 sit
1856 5246 2027 5302 venia

368 5336 473 5388 aut
504 5333 800 5389 excusatio
831 5333 926 5399 iis,
954 5333 1053 5406 qui
1089 5339 1408 5405 tantarum,
1439 5339 1561 5389 tam
1586 5335 2023 5407 disparatarum

368 5437 564 5477 rerum
596 5427 942 5478 concentum
964 5428 1020 5478 et
1041 5427 1268 5479 motum
1302 5423 1550 5493 ἀνοήτως
1576 5428 1632 5479 et
1652 5425 1796 5479 citra
1821 5428 2021 5497 cujus-

368 5510 504 5566 dam
554 5509 953 5583 intelligentiae
1002 5514 1380 5569 moderamen
1423 5513 1544 5585 regi
1574 5517 1632 5568 et
1662 5514 1877 5569 servari
1912 5532 2024 5587 pu-

366 5601 510 5656 tent.
540 5601 578 5655 A
601 5598 785 5655 simili
815 5604 1013 5658 autem
1042 5602 1250 5674 probat
1277 5602 1495 5675 (p.29),
1530 5602 1789 5659 animam
1812 5618 2025 5675 cogno-

437 5775 771 5852 (a)3Eurip.,
796 5777 1004 5838 Medea.

2134 4817 2327 4857 suam.
2363 4798 2625 4873 Pugnam
2656 4798 2799 4854 item
2835 4800 3110 4870 frequens
3139 4798 3219 4869 (p.
3245 4797 3392 4868 341),
3430 4797 3640 4854 Filium
3670 4814 3799 4855 esse

2133 4887 2427 4957 ὁμοοῦσιον
2474 4891 2554 4959 τῷ
2602 4885 2794 4961 Ηατρί,
2847 4893 3151 4954 internum,
3205 4903 3319 4942 non
3368 4889 3604 4958 factum,
3659 4904 3797 4961 per-

2132 4979 2270 5035 inde
2290 4983 2465 5050 atque
2486 4979 2716 5034 Patrem
2740 4994 2753 5032 :
2790 4993 2895 5032 nec
2917 4975 3266 5033 insolentem
3291 4993 3419 5033 esse
3442 4994 3642 5033 vocem
3664 4977 3802 5047 ὁμο-

2133 5066 2339 5136 ούσιον,
2373 5067 2639 5139 exemplo
2672 5065 2924 5139 Dionysii
2947 5066 3319 5122 Alexandrini
3345 5070 3794 5135 commonstrat,

2133 5157 2226 5213 cui
2259 5157 2399 5212 vitio
2431 5158 2634 5212 datum
2676 5156 2807 5223 fuit,
2857 5156 3010 5229 quod
3064 5172 3131 5211 ca
3178 5173 3313 5212 voce
3365 5172 3482 5211 non
3532 5159 3803 5211 uteretur

2133 5263 2269 5302 cum
2327 5247 2398 5302 de
2455 5245 2679 5318 origine
2733 5244 2906 5299 Verbi
2970 5246 3063 5302 Dei
3126 5260 3463 5302 sermonem
3531 5243 3798 5299 haberet.

2136 5337 2196 5391 ld
2260 5340 2605 5408 argumento
2663 5338 2770 5404 est,
2831 5351 2957 5389 eam
3016 5351 3235 5401 vocem,
3312 5332 3451 5387 licet
3506 5349 3541 5387 a
3608 5331 3794 5388 Patri-

2134 5426 2244 5481 bus
2276 5429 2410 5480 ante
2446 5424 2783 5496 Dionysium
2813 5440 2929 5479 non
2964 5428 3345 5488 memoretur,
3383 5421 3562 5476 fuisse
3592 5424 3789 5477 tamen

2133 5519 2305 5570 antea
2327 5515 2777 5585 frequentatum.
2804 5513 3005 5568 Exstat
3027 5528 3198 5585 porro
3220 5512 3377 5565 inter
3398 5509 3800 5583 nugacissima

2133 5603 2677 5660 Valentinianorum
2700 5608 3037 5659 commenta
3057 5619 3164 5658 vox
3195 5600 3517 5672 ὁμοούσιον,
3548 5600 3649 5659 sed
3672 5598 3795 5658 lon-

2814 6368 2828 6371 —
2921 6367 2983 6374 ———
3088 6367 3123 6373 -—
3205 6367 3281 6376 .———
3372 6369 3392 6373 —
3488 6369 3555 6376 -κ
3653 6369 3692 6376 .-
