4170 6386
1311 439 1732 502 PRIEFATIO
1775 434 2173 499 EDITIONIS
2215 434 2790 498 BENEDICTINAE.

3618 444 3773 494 XXIX

347 592 419 654 ge
449 574 561 636 alio
591 594 724 635 usu.
758 573 1030 634 Afﬁrmat
1057 578 1262 632 contra
1280 576 1481 630 Arium
1513 578 1570 630 et
1591 572 1844 630 asseclas
1875 573 2003 642 eius
2033 570 2087 637 Λ
2116 573 2223 639 ter,
2278 588 2411 626 mox
2467 569 3006 642 interpretationem
3066 566 3269 639 adjicit
3321 566 3429 622 hoc
3492 567 3659 638 pacto
3689 567 3772 640 (p.

347 669 427 742 (p.
462 670 587 739 174,
614 669 739 741 398)
770 668 1027 723 Verbum
1079 684 1111 721 a
1170 670 1281 721 Deo
1341 681 1524 719 unum
1583 662 1846 735 proferri,
1880 678 1996 716 non

349 758 557 815 multa.
581 759 755 829 Deus,
782 757 977 828 inquit
999 760 1237 812 sanctus
1268 759 1471 810 Dector
1512 755 1590 826 (p.
1625 754 1718 818 31,
1752 752 1864 825 34),
1898 768 1999 823 per

346 849 603 903 Verbum
638 864 811 903 suum
844 846 1042 902 omnia
1074 844 1212 899 facit
1243 861 1308 899 ae
1339 844 1676 916 dispensat;
1713 860 1778 898 ac
1809 858 1911 914 per
1939 840 1995 893 id

346 936 593 1007 intelligi
626 936 817 1000 datur,
841 935 995 1007 quod
1020 935 1254 1004 dicitur,
1279 934 1470 1005 ipsum
1495 950 1623 987 esse
1644 931 1998 1003 principium

347 1026 578 1084 viarum
601 1025 834 1080 Domini
868 1042 880 1079 :
908 1041 1009 1096 per
1041 1024 1237 1094 ipsum
1264 1026 1455 1077 movet
1478 1023 1655 1077 etiam
1680 1019 2003 1075 invisibiles

347 1114 480 1169 illas
505 1119 838 1184 potestates.
864 1113 1175 1167 Contendit
1197 1112 1553 1167 Athanasius
1576 1112 1884 1165 adversum
1907 1109 2002 1163 Ju-

354 1204 513 1258 daos
544 1204 624 1274 (p.
656 1204 746 1272 36)
780 1203 1011 1257 Patrem
1044 1218 1177 1257 cum
1209 1200 1448 1266 diceret,
1487 1203 1787 1257 Faciamus
1820 1198 2005 1255 homi-

354 1308 483 1347 nem
512 1292 589 1346 ad
618 1291 1055 1346 similitudinem
1085 1296 1365 1357 nostram,
1393 1290 1604 1345 Filium
1627 1289 2008 1361 compellasse

356 1397 566 1447 suum;
590 1384 645 1435 et
667 1380 787 1435 hae
808 1379 945 1435 trita
968 1380 1078 1435 fuit
1100 1380 1360 1435 omnium
1376 1380 1751 1451 antiquorum
1769 1379 2007 1433 Patrum

356 1470 667 1526 sententia.
691 1469 763 1525 Ut
781 1472 1203 1524 commonstret
1226 1472 1421 1523 autem
1444 1469 1700 1523 Verbum
1734 1484 1848 1523 non
1881 1480 2011 1521 esse

356 1576 483 1616 rem
508 1559 744 1625 factam,
773 1574 841 1613 ex
877 1557 1218 1629 quotidiano
1266 1557 1535 1613 Ecclesiae
1566 1574 1673 1612 usu
1707 1554 2012 1629 progredi-

356 1651 475 1719 tur,
496 1651 671 1719 atque
692 1647 800 1702 hoc
833 1648 1021 1702 utitur
1051 1652 1401 1719 argumento
1450 1650 1530 1718 (p.
1587 1648 1711 1704 388)
1737 1662 1751 1703 :
1780 1646 1904 1701 Non
1937 1643 2013 1697 1i-

358 1740 450 1793 eet
472 1752 595 1792 rem
616 1736 829 1791 factam
851 1736 1125 1791 adorare:
1153 1736 1410 1791 Verbum
1450 1737 1727 1792 adoratur
1751 1752 1763 1789 :
1789 1751 1905 1789 non
1927 1738 2016 1789 est

358 1840 494 1897 ergo
526 1842 619 1880 res
651 1826 822 1880 facta.

2108 658 2292 730 4016),
2324 660 2392 713 ”Η
2438 657 2488 729 ἐξ
2521 659 2704 734 ἑτέρας
2754 657 3118 725 ὑποστάσεως,
3152 657 3187 725 ἢ
3230 654 3415 717 οὐσίας
3465 655 3776 733 φάσκοντας

2109 746 2245 801 εἶναι
2276 748 2366 801 τὸν
2396 750 2517 802 Υὶὸν
2569 752 2665 802 τοῦ
2715 752 2869 816 Θεοῦ,
2902 747 2935 816 ἢ
2970 747 3030 800 τὸ
3080 750 3303 819 Πνεῦμα
3329 745 3390 799 τὸ
3432 744 3607 819 ἅγιον,
3640 764 3763 821 τρε-

2108 837 2237 890 πτὸν
2273 838 2307 906 ἢ
2345 836 2675 907 ἀλλοιωτὸν,
2724 837 2957 898 τούτους
3008 834 3489 909 ἀναθεματίζομεν.
3526 837 3587 890 Id
3638 839 3772 892 est:

2111 929 2216 983 Aut
2247 931 2343 999 qui
2372 929 2557 984 dicunt
2587 946 2659 984 ea:
2689 930 2809 984 alia
2858 928 3139 998 hypostasi
3190 937 3274 981 vet
3322 927 3636 981 substantia
3666 941 3779 982 esse

2112 1018 2323 1072 Filium
2354 1020 2473 1084 Dei,
2527 1025 2622 1072 aut
2690 1018 2961 1089 Spiritum
3006 1025 3276 1081 sanctum,
3323 1016 3645 1071 mutabilem
3674 1032 3780 1083 aut

2114 1108 2462 1177 variabilem,
2523 1107 2617 1161 hos
2672 1106 3024 1161 anathemate
3060 1106 3415 1160 damnamus.
3450 1107 3520 1160 Et
3552 1105 3610 1160 in
3643 1107 3774 1176 Epi—

2115 1198 2257 1253 stola
2286 1198 2358 1251 ad
2400 1198 2560 1267 Afros
2619 1195 2888 1251 similiter
2942 1193 3231 1248 ὑπόστασιν
3286 1212 3385 1267 per
3434 1192 3615 1248 οὐσίαν
3659 1197 3780 1252 sive

2119 1287 2501 1342 smbstaniiam
2532 1285 2801 1358 explicat,
2828 1285 2908 1339 ita
2931 1290 2993 1339 ut
3018 1284 3116 1339 ubi
3141 1284 3483 1357 hypostasin
3509 1284 3778 1340 eamdem

2120 1392 2250 1432 esse
2283 1377 2340 1430 in
2371 1376 2542 1431 Patre
2572 1380 2629 1430 et
2652 1375 2710 1429 in
2733 1373 2878 1429 Filio
2928 1373 3223 1445 praedicat,
3268 1390 3402 1428 mox
3422 1374 3661 1444 adjiciat
3682 1372 3774 1427 οὐ·

2122 1462 2240 1525 σίας
2274 1465 2395 1521 sive
2417 1463 2759 1519 substantia
2785 1462 3252 1535 explicationem.
3284 1463 3635 1534 Hypostasin
3675 1481 3779 1520 au-

2123 1558 2243 1610 tem
2286 1554 2636 1625 simpliciter
2667 1570 2734 1608 ac
2782 1551 2907 1608 sine
2950 1552 3147 1608 addito
3197 1552 3562 1623 hujusmodi,
3594 1569 3776 1608 unam

2124 1644 2184 1699 in
2218 1649 2386 1700 Patre
2416 1648 2592 1715 atque
2648 1642 2916 1698 eamdem
2978 1641 3038 1696 in
3098 1640 3241 1697 Filio
3295 1658 3445 1710 esse,
3510 1660 3623 1700 non
3658 1660 3778 1700 me-

2125 1734 2273 1791 mini
2331 1750 2424 1789 me
2479 1733 2692 1805 legisse
2753 1732 2811 1786 in
2871 1732 3170 1805 germanis
3226 1732 3531 1789 Athanasii
3593 1732 3783 1806 operi-

2126 1825 2264 1880 bus.

427 1950 481 2004 5.
513 1950 589 2003 De
617 1950 830 2021 spiritu
859 1960 1081 2006 sancto.
1109 1951 1240 2005 Tres
1261 1950 1615 2021 hypostases.
1643 1982 1708 1992 —
1732 1950 2018 2023 Spiritum
2050 1950 2100 2016 B
2200 1951 2253 2003 6.
2288 1950 2525 2004 Patrum
2559 1947 2913 2020 antiquioris
2960 1948 3063 2002 avi
3095 1946 3315 2019 scripta
3336 1952 3780 2017 commemorat,

361 2041 635 2095 sanetum
665 2038 748 2093 ait
798 2040 878 2111 (p.
921 2039 1012 2110 86)
1062 2056 1191 2095 esse
1240 2037 1570 2113 ἐκπὸρευμα,
1632 2042 1801 2112 quasi
1864 2041 2026 2099 dicas

365 2129 729 2183 emissionem
754 2128 962 2182 Patris.
1002 2129 1083 2183 Ex
1119 2127 1238 2183 ﬁlio
1279 2145 1512 2200 quoque
1538 2130 1848 2201 procedere
1868 2131 2026 2187 haud

366 2217 614 2273 obscure
645 2216 943 2288 pradicet,
994 2234 1125 2272 cum
1160 2218 1242 2273 ait
1273 2234 1386 2273 non
1419 2218 1696 2291 semel(p.
1723 2221 1848 2291 701,
1872 2223 2027 2293 782),

367 2306 523 2379 apud
560 2310 739 2360 Deum
772 2307 999 2361 Patrem
1035 2306 1249 2362 Filium
1283 2325 1412 2363 esse
1474 2309 1719 2364 fontem.
1779 2311 2029 2382 Spiritus

370 2395 556 2451 sancti
585 2413 597 2449 :
628 2400 683 2449 et
709 2394 821 2450 alio
844 2395 969 2451 loco
992 2396 1071 2467 (p.
1104 2396 1248 2467 535),
1271 2396 1401 2452 ideo
1423 2397 1706 2469 Spiritum
1759 2404 2027 2456 sanctum

371 2502 406 2539 a
430 2488 602 2539 Patre
634 2485 963 2556 procedere,
999 2486 1136 2557 quia
1165 2502 1233 2540 ex
1262 2486 1404 2541 Filio
1447 2487 1703 2559 effulget,
1754 2493 1926 2561 atque
1958 2491 2030 2545 ab

381 2590 447 2629 eo
476 2573 730 2628 mittitur
752 2576 832 2645 (p.
857 2575 967 2645 81).
994 2575 1106 2630 Res
1130 2592 1261 2629 cum
1292 2575 1497 2647 primis
1525 2578 1832 2633 observatu
1855 2579 2034 2651 digna

380 2666 487 2731 est,
516 2679 620 2718 nec
643 2663 1162 2733 praetermittenda,
1186 2665 1342 2734 quod
1362 2665 1669 2737 Dionysius
1689 2667 2031 2723 Alexandri-

381 2769 494 2807 nus
526 2756 701 2823 atque
728 2751 1086 2808 Athanasius
1117 2754 1193 2824 (p.
1240 2754 1369 2824 200)
1402 2754 1618 2823 dicant,
1666 2756 1724 2810 in
1758 2757 2034 2813 manibus

380 2840 568 2896 Patris
600 2845 657 2896 et
689 2840 817 2895 Filii
848 2858 977 2897 esse
1008 2842 1296 2914 Spiritum
1328 2849 1621 2913 sanctum,
1669 2850 1725 2900 et
1774 2864 1963 2919 neque
2003 2866 2037 2903 a

382 2930 648 2985 mittente
671 2934 861 2995 Patre,
890 2948 1079 3002 neque
1100 2949 1133 2986 a
1175 2933 1395 2988 ferente
1446 2932 1573 2988 Filii
1617 2935 1819 2991 dividi.
1852 2936 2033 3008 Spiri-

380 3023 477 3074 tus
502 3036 736 3092 quoque
759 3018 1054 3091 ὁμοούσιος
1088 3025 1177 3076 est
1212 3021 1361 3076 Patri
1393 3026 1473 3094 (p.
1504 3024 1654 3095 540),
1688 3028 1744 3080 et
1765 3029 1887 3081 tota
1907 3025 2036 3081 Tri-

381 3108 536 3164 nitas
560 3106 857 3179 ὁμοοῦσιος
889 3110 1106 3165 dicitur
1134 3113 1214 3181 (p.
1246 3112 1397 3179 741).
1430 3111 1685 3183 Vulgare
1716 3119 1806 3169 est
1827 3120 1883 3169 et
1904 3132 2036 3187 pas-

383 3198 497 3254 sim
530 3197 767 3254 obvium
809 3203 888 3271 (p.
922 3200 1048 3270 700,
1076 3201 1205 3265 558,
1235 3201 1385 3271 718),
1448 3200 1506 3255 in
1560 3202 1748 3269 Patre,
1782 3203 1949 3272 Filio,
1983 3210 2039 3261 et

2136 2055 2202 2094 ac
2223 2041 2492 2110 excerpta
2515 2053 2715 2093 eorum
2756 2038 3024 2103 efferens,
3066 2037 3342 2092 doctrina
3384 2054 3502 2093 sua
3534 2037 3788 2093 auctori-

2135 2133 2313 2184 tatem
2340 2132 2525 2200 parat.
2551 2128 2857 2199 Origenem
2883 2143 3188 2198 nunquam
3212 2126 3338 2182 sine
3359 2126 3533 2183 laude
3567 2144 3789 2182 memo-

2138 2222 2249 2288 rat,
2310 2217 2428 2273 imo
2463 2221 2671 2289 purgat
2700 2233 2835 2272 eum
2866 2234 2900 2271 a
2930 2216 3367 2288 suspicionibus
3406 2216 3534 2287 jam
3590 2220 3793 2273 contra

2139 2308 2288 2363 tanti
2326 2307 2431 2362 viri
2464 2306 2790 2362 doctrinam
2821 2306 3074 2373 obortis;
3126 2305 3344 2377 aitque,
3378 2322 3526 2377 quas
3558 2310 3792 2362 senten-

2139 2397 2252 2452 tias
2279 2396 2661 2469 problematis
2691 2413 2849 2451 more
2881 2395 2908 2448 ὁ
2940 2392 3239 2472 φιλόπονος
3262 2395 3503 2463 dixerat,
3529 2412 3643 2450 non
3668 2413 3795 2467 per-

2140 2486 2279 2541 inde
2310 2504 2376 2541 ac
2404 2486 2453 2541 si
2476 2486 2825 2541 affirmando
2848 2486 3012 2541 dicta
3036 2485 3306 2551 fuissent,
3331 2490 3600 2557 acceptas
3623 2503 3794 2558 opor-

2141 2579 2280 2631 tere.
2307 2576 2570 2647 Idipsum
2590 2592 2725 2630 vero
2749 2575 3092 2647 Pamphilus
3114 2578 3354 2647 martyr,
3376 2573 3436 2629 in
3460 2576 3795 2647 Apologetico

2138 2682 2238 2737 pro
2272 2665 2521 2736 Origene.
2557 2667 2744 2730 Quare
2775 2681 2892 2720 non
2925 2669 3014 2720 est
3058 2665 3214 2736 quod
3246 2663 3630 2721 inclementer
3659 2683 3794 2721 eum

2144 2754 2268 2810 viro
2298 2758 2460 2809 tanto
2492 2758 2736 2825 agatur;
2771 2754 2819 2808 si
2852 2755 2992 2809 dum
3025 2754 3277 2808 liberum
3309 2758 3462 2809 esset
3489 2754 3645 2811 varie
3677 2772 3798 2827 my-

2145 2843 2326 2899 steria
2360 2860 2529 2897 sacra
2554 2842 2879 2913 enuntiare,
2912 2859 2981 2898 ea
3010 2842 3239 2908 dixerit,
3291 2859 3417 2915 qua
3460 2844 3530 2897 ad
3562 2844 3793 2900 hodier-

2146 2950 2287 2989 num
2321 2948 2497 2987 usum
2530 2949 2645 2987 non
2678 2932 2823 2987 satis
2856 2932 3156 2987 accedant.
3191 2932 3409 2987 Duram
3432 2933 3793 3004 provinciam

2146 3022 2320 3095 capit,
2355 3021 2454 3094 qui
2487 3022 2559 3076 ad
2590 3026 2779 3077 certos
2810 3022 3119 3077 verborum
3170 3021 3388 3077 limites
3434 3022 3559 3077 vult
3598 3025 3797 3081 omnia

2148 3111 2412 3168 omnium
2445 3111 2791 3166 saeculorum
2825 3111 2998 3165 effata
3033 3127 3319 3167 revocare.
3372 3111 3505 3182 Res,
3537 3115 3795 3185 tempus,

2148 3202 2385 3257 animus
2415 3204 2472 3255 et
2501 3205 2708 3256 catera
2737 3200 3152 3271 ponderanda:
3180 3204 3236 3255 et
3265 3200 3349 3255 sic
3380 3200 3512 3256 odia
3542 3201 3797 3259 minuas.

381 3287 603 3361 Spiritu
635 3292 840 3343 sancto
870 3305 1050 3343 unam
1099 3304 1228 3343 esse
1270 3289 1567 3356 deitatem,
1620 3308 1797 3345 unam
1830 3297 2037 3363 poten-
2069 3327 2111 3394 Ο
2149 3290 2361 3345 Prater
2379 3289 2709 3361 Origenem,
2732 3289 3169 3361 Theognostum
3192 3288 3329 3344 item
3351 3289 3696 3360 praclarum
3720 3291 3798 3347 vi-

383 3378 551 3444 tiam,
585 3393 763 3430 unam
799 3377 1215 3432 substantiam.
1247 3376 1414 3431 Pater
1436 3394 1538 3449 per
1553 3380 1809 3434 Verbum
1833 3382 1891 3435 in
1914 3382 2041 3454 Spi-

387 3466 499 3521 ritu
534 3466 734 3519 omnia
764 3465 1023 3519 condidit
1067 3467 1143 3536 (p.
1178 3466 1303 3536 540,
1356 3468 1506 3534 551),
1540 3484 1655 3522 non
1687 3468 1924 3540 quidem
1958 3471 2041 3525 ita

386 3560 454 3611 ut
482 3554 693 3619 Verbo,
718 3553 804 3609 vel
835 3554 1050 3626 Spiritu
1098 3560 1318 3626 sancto,
1361 3572 1465 3610 ceu
1498 3556 1905 3614 instrumentis
1938 3564 2040 3615 aut

389 3643 759 3700 administris
783 3642 1091 3715 spiritibus
1115 3645 1186 3698 ab
1210 3661 1269 3699 se
1288 3644 1558 3714 conditis,
1578 3646 1746 3701 Pater
1766 3664 1909 3703 usus
1924 3650 2001 3703 sit
2025 3666 2037 3703 :

386 3733 485 3789 sed
509 3738 628 3788 tres
667 3749 927 3804 persona
951 3732 1221 3805 principii
1245 3734 1422 3789 unius
1456 3734 1742 3790 rationem
1779 3741 2037 3807 tenuere,

384 3826 721 3894 tenentque.
756 3826 896 3877 Tres
918 3822 1282 3894 hypostases,
1312 3821 1652 3891 ὑποστάσεις,
1674 3825 1733 3879 in
1760 3826 2043 3882 Trinitate

385 3927 514 3968 esse
546 3928 661 3967 non
694 3911 871 3967 semel
902 3912 1090 3979 docet,
1138 3916 1196 3967 et
1245 3912 1479 3983 quidem
1524 3914 1806 3985 perfectas
1838 3917 1916 3987 (p.
1950 3917 2040 3988 86,

384 4001 511 4070 616,
543 4001 672 4072 701)
698 4017 709 4056 ;
744 4017 860 4056 non
893 4004 1090 4056 tamen
1114 4000 1267 4056 inter
1287 4018 1349 4057 se
1371 4001 1589 4059 divisas
1614 4006 1805 4075 (p.80)
1832 4023 1845 4073 ;
1875 4011 2044 4063 caute

387 4090 544 4146 enim
577 4091 778 4146 istbac
807 4089 1194 4162 explicantur,
1228 4108 1301 4146 ne
1336 4092 1675 4147 suboriatur
1716 4092 1917 4165 lapsus
1949 4113 2041 4151 oc-

388 4180 566 4236 casio.
600 4181 668 4236 Et
712 4183 982 4237 advertas
1041 4198 1220 4251 quam
1278 4180 1611 4237 inconsulte
1667 4183 1909 4255 quidam
1940 4187 2043 4241 avi

390 4270 574 4325 nostri
598 4270 913 4342 scriptores
934 4269 1326 4324 Athanasium
1341 4271 1539 4325 dicant
1552 4288 1847 4345 nusquam
1861 4274 2046 4347 hypo-

391 4362 579 4415 stascs
631 4375 1011 4414 memorasse.
1056 4358 1256 4414 Ariani
1290 4376 1521 4431 quoque
1551 4364 1668 4417 tres
1700 4362 2046 4434 hypostases

389 4448 816 4520 profitebantur
836 4464 983 4513 esse,
1002 4465 1204 4503 verum
1223 4447 1472 4504 subdolo
1495 4450 1770 4507 consilio:
1792 4468 1857 4507 eo
1881 4453 2048 4525 quip-

390 4554 462 4610 pe
492 4537 733 4593 nomine
751 4538 1012 4594 diversas
1033 4543 1090 4594 et
1110 4536 1328 4593 divisas
1352 4539 1717 4595 substantias
1752 4539 2046 4615 intellige-

386 4627 534 4684 bant
559 4631 920 4683 :monstrum
942 4627 1164 4684 scilicet
1188 4626 1421 4698 erroris,
1448 4645 1561 4700 quo
1592 4629 1679 4685 vel
1704 4630 1900 4687 unitas
1924 4632 2042 4701 Dei,

390 4805 736 4878 hypostases
750 4800 877 4863 esse
890 4806 1237 4878 plerumque
1250 4806 1405 4861 dicat
1426 4806 1807 4877 Athanasius,
1827 4827 2047 4881 nequa-

394 4911 571 4966 quam
602 4895 871 4967 repudiat
910 4912 1009 4951 eos
1067 4897 1147 4967 (p.
1205 4895 1332 4967 616)
1392 4896 1494 4967 qui
1552 4897 1786 4953 unicam
1822 4897 2051 4952 ὑπόστα-

394 5002 475 5036 σιν
508 4984 830 5039 admissam
859 4984 1075 5039 vellent
1104 4984 1164 5039 in
1194 4984 1498 5054 Trinitate,
1541 4986 1684 5041 dum
1716 4986 1773 5041 id
1806 4988 1877 5043 de
1909 4989 2047 5044 sub-

393 5072 609 5129 stantia
628 5074 927 5128 communi
952 5090 1335 5145 personarum
1361 5073 1710 5147 intelligant,
1730 5093 2050 5149 earumque

395 5159 835 5216 distinctionem
859 5166 1087 5217 servent
1107 5160 1352 5217 illasam
1374 5180 1386 5229 ;
1406 5160 1525 5218 imo
1549 5163 1673 5234 ipse
1690 5182 1924 5238 quoque
1946 5166 2052 5223 ali-

394 5249 528 5306 cubi
562 5250 639 5322 (p.
675 5251 799 5318 7M)
830 5250 933 5319 ait,
987 5249 1276 5304 ὑπόστασιν
1322 5251 1581 5323 idipsum
1615 5269 1744 5309 esse
1777 5257 1933 5327 quod
1963 5255 2051 5310 οὐ-

395 5337 537 5406 σίαο,
557 5356 660 5395 seu
684 5340 1103 5408 substantiam,
1128 5358 1193 5397 ea
1215 5340 1481 5397 videlicet
1502 5359 1681 5413 quam
1702 5362 1881 5416 supra
1898 5363 2053 5401 com-

394 5429 875 5499 memoravimus,
906 5430 1212 5486 sententia.
1250 5431 1311 5485 [n
1344 5432 1564 5502 synodo
1589 5437 1782 5488 autem
1804 5434 2049 5491 Alexan-

394 5518 566 5575 drina
584 5537 737 5575 anno
758 5521 863 5575 362
887 5525 1136 5593 utraque
1159 5520 1433 5590 formula,
1458 5521 1513 5576 id
1538 5527 1627 5576 est
1648 5540 1765 5578 una
1782 5524 2052 5596 hyposta-

395 5607 499 5677 sis,
535 5611 591 5664 et
618 5613 740 5665 tres
761 5609 1129 5683 hypostases,
1153 5609 1440 5666 catholica
1470 5610 1705 5679 dicitur,
1730 5612 1871 5669 dum
1893 5619 2053 5671 recta

393 5702 659 5756 servetur
685 5699 994 5757 sententia.
1030 5701 1102 5756 Et
1130 5701 1181 5757 si
1212 5700 1448 5772 quando
1488 5704 1644 5756 vetat
1671 5702 2048 5775 Athanasius,

397 5803 472 5845 ne
498 5785 733 5848 dicatur
759 5788 944 5849 Filias
980 5806 1050 5849 ex
1078 5789 1196 5849 alia
1225 5788 1532 5863 hypostasi
1561 5803 1691 5848 esse
1734 5806 1912 5863 quam
1944 5792 2050 5851 Pa-

2149 3396 2281 3434 rum
2313 3378 2579 3451 Origenis
2607 3377 2889 3449 aqualem
2912 3377 3132 3448 laudat,
3166 3381 3222 3433 et
3242 3378 3455 3451 scripta
3478 3380 3606 3449 ejus
3630 3381 3798 3437 affert

2149 3468 2207 3521 in
2232 3468 2638 3523 testimonium
2661 3467 2936 3522 doctrina
2959 3484 3099 3522 sua.
3125 3467 3317 3523 Utitur
3334 3484 3567 3539 quoque
3587 3469 3799 3544 Diony-

2150 3557 2221 3612 sii
2256 3557 2505 3611 Romani
2546 3556 2840 3628 pontificis
2898 3557 3023 3612 loco
3082 3556 3293 3612 eximio
3347 3559 3419 3613 ad
3450 3558 3800 3617 Arianorum

2151 3656 2481 3701 commenta
2512 3646 2931 3718 propulsanda.
2964 3647 3145 3718 /Eque
3168 3647 3307 3702 huic
3329 3648 3409 3702 rei
3437 3652 3804 3721 Opportunus

2151 3736 2467 3808 Dionysius
2488 3735 2942 3803 Alexandrinus,
2967 3738 3136 3807 cujus
3156 3738 3500 3793 auctoritate
3516 3736 3575 3791 τὸ
3600 3737 3805 3810 ὁμοσύ-

2153 3844 2266 3876 σιον
2299 3826 2627 3879 confirmat.
2659 3824 2777 3879 Etsi
2809 3825 2967 3880 enim
2995 3823 3091 3880 ille
3113 3824 3172 3879 in
3196 3824 3593 3898 suspicionem
3616 3844 3805 3899 prava

2153 3912 2305 3968 circa
2328 3913 2539 3967 Filium
2565 3914 2663 3968 Dei
2688 3914 2989 3969 sententia
3009 3918 3248 3970 vocatus
3268 3915 3474 3986 fuerat,
3495 3917 3805 3988 cujusdam

2153 4002 2290 4057 dicti
2325 4019 2505 4058 causa
2534 4019 2649 4074 quo
2679 4002 2889 4057 Filium
2948 4002 3242 4059 incaulius
3298 4003 3452 4060 inter
3498 4022 3591 4061 res
3622 4006 3806 4062 factas

2154 4108 2578 4147 connumerare
2609 4091 2932 4164 videbatur,
2996 4109 3111 4164 qua
3168 4093 3239 4148 de
3283 4110 3461 4149 causa
3489 4093 3550 4149 in
3582 4096 3805 4151 crimen

2154 4185 2393 4236 vocatus
2424 4199 2457 4237 a
2504 4181 2717 4236 Basilio
2762 4187 2888 4250 est;
2922 4186 2978 4237 et
3004 4199 3139 4237 cum
3172 4187 3372 4253 postea
3394 4183 3487 4238 sui
3514 4186 3807 4257 purgandi

2155 4270 2362 4343 gratia,
2396 4275 2453 4326 et
2509 4271 2651 4343 quid
2710 4288 2841 4327 vere
2892 4273 3131 4327 sentiret
3160 4274 3392 4341 effatus,
3424 4278 3481 4329 et
3509 4272 3569 4327 τὸ
3602 4272 3806 4345 ὁμοσύ-

2157 4379 2269 4413 σιον
2304 4361 2605 4433 professus
2632 4361 2827 4432 fuerit,
2854 4362 3166 4417 adversum
3190 4362 3437 4419 Arianos
3459 4362 3517 4417 in
3544 4364 3806 4419 medium

2157 4450 2447 4521 profertur
2476 4450 2547 4505 ab
2576 4449 3023 4522 Athanasio,qui
3044 4467 3150 4506 suo
3174 4451 3335 4523 ipsos
3361 4450 3477 4507 telo
3508 4452 3794 4508 confodit.

2156 4537 2305 4592 Nam
2355 4554 2489 4592 cum
2545 4537 2887 4611 Dionysium
2948 4538 3031 4592 illi
3090 4538 3307 4593 erroris
3365 4538 3477 4594 sibi
3510 4543 3809 4595 auctorem

2118 4696 2121 4697 ν
2159 4642 2287 4682 esse
2317 4626 2704 4693 clamitarent,
2738 4627 2867 4697 ejus
2889 4628 3236 4682 auctoritate
3266 4631 3558 4683 assertum
3599 4627 3810 4700 ὁμοού-

389 4716 478 4773 vel
510 4716 744 4773 trinitas
790 4733 1175 4790 personarum
1228 4716 1506 4773 elevatur.
1558 4719 1680 4773 Etsi
1730 4736 1901 4791 porro
1929 4725 2047 4779 tres
2077 4704 2123 4767 D

2156 4735 2269 4769 σιον
2301 4732 2406 4771 nec
2446 4716 2573 4770 sine
2602 4716 2823 4787 pudore
2864 4720 3312 4788 conspexerunt.
3364 4716 3589 4773 Eximia
3636 4735 3809 4790 porro

2158 4805 2419 4877 Dionysii
2448 4806 2777 4877 fragmenta
2799 4806 2967 4861 nobis
2988 4804 3576 4873 attulitAthanasius,
3601 4824 3666 4863 ac
3688 4825 3811 4879 per-

2159 4899 2357 4966 optato
2380 4895 2548 4949 nobis
2571 4894 2775 4948 datum
2798 4899 2906 4961 est,
2931 4898 2995 4949 ut
3025 4895 3291 4951 codicum
3331 4912 3438 4967 ope
3468 4895 3809 4967 praeclaram
3848 4958 3853 4963 ,

2160 4983 2528 5039 deTrinitate
2540 4982 2868 5039 clausulam
2884 4984 3350 5049 restitueremus,
3365 5002 3491 5056 qua
3508 4986 3593 5040 sic
3614 4987 3807 5043 habet:

2160 5071 2313 5125 Οὕτω
2352 5071 2442 5143 μὲν
2476 5072 2641 5142 ἡμεῖς
2675 5070 2751 5133 εἲς
2790 5091 2849 5124 τε
2877 5072 2975 5141 τὴν
3022 5070 3222 5144 Τριάδα
3267 5073 3367 5140 τὴν
3423 5070 3629 5144 μονάδα
3666 5072 3809 5129 πλα-

2156 5160 2405 5233 τύνωμεν
2459 5157 2785 5234 ἀδιαίρετον,
2829 5161 2918 5215 καὶ
2967 5164 3063 5230 τήν
3096 5159 3296 5237 Τριαδα
3338 5159 3503 5216 πάλιν
3539 5162 3808 5235 ἀμείωτον

2162 5250 2238 5313 εἷς
2270 5251 2370 5319 τὴν
2415 5246 2621 5323 μονάδα
2669 5248 3230 5327 συγκεφαλαιούμεθα.
3283 5252 3344 5307 Id
3389 5257 3478 5309 est
3511 5254 3641 5309 :Sic
3688 5258 3809 5327 qui-

2160 5343 2282 5398 dem
2314 5358 2411 5397 nos
2442 5343 2718 5396 unitatem
2776 5358 2893 5411 qua
2930 5342 3109 5396 dividi
3153 5343 3345 5413 nequit
3397 5344 3458 5397 in
3490 5344 3814 5399 Trinitatem

2161 5432 2478 5493 ditatamus,
2504 5439 2554 5485 et
2578 5447 2803 5485 rursum
2834 5432 3151 5486 Trinitatem
3182 5447 3308 5503 qua:
3336 5434 3601 5488 imminui
3626 5437 3815 5505 nequit

2162 5525 2222 5577 in
2242 5522 2509 5576 unitatem
2557 5520 2956 5575 contrahimus.
2995 5522 3149 5575 Hane
3181 5520 3558 5589 sententiam,
3592 5538 3721 5594 qua
3751 5524 3812 5579 in

2161 5610 2339 5667 nullis
2361 5612 2551 5664 exstat
2570 5608 2740 5664 editis
2764 5608 2997 5673 Gracia,
3020 5614 3077 5665 et
3102 5610 3377 5666 omnibus
3417 5610 3636 5682 quibus
3665 5612 3812 5670 bene

2162 5699 2365 5757 multis
2397 5695 2488 5753 usi
2519 5714 2728 5753 sumus
2758 5697 3057 5755 codicibus
3082 5701 3208 5771 jam
3256 5700 3547 5771 integram
3576 5699 3812 5769 damus,

2161 5788 2363 5863 magni
2393 5803 2541 5846 usus
2570 5801 2711 5847 sane
2742 5789 2946 5846 contra
2994 5806 3175 5849 novos
3217 5788 3489 5863 Arianos,
3523 5788 3626 5862 qui
3656 5790 3815 5849 tertii
