4170 6378
370 399 499 457 ιιι

1768 400 2351 469 PROLEGOMENA
2364 450 2380 469 .

367 525 570 584 saaculi
598 529 802 585 Patres
835 545 1035 587 secum
1084 534 1411 592 consentire
1456 536 1750 607 jactitant.
1783 538 1867 593 Ob
1900 539 2013 593 alia
2045 540 2093 605 Α
2128 540 2504 599 Nestorianos
2559 542 2669 599 fuit
2723 543 3028 603 Athanasii
3082 545 3191 605 hac
3242 548 3299 605 in
3346 565 3407 607 re
3435 548 3776 608 auctoritas.

368 630 505 713 vero
571 634 697 689 quae
760 618 959 676 minus
1019 621 1384 681 considerate
1436 625 1657 683 dixisse
1713 627 2021 684 videbatur
2127 628 2286 686 Duas
2315 632 2533 688 essein
2563 631 2795 690 Christo
2822 635 3150 694 voluntates
3194 636 3379 713 ῥητῶς
3409 640 3665 696 afﬁrmat
3694 641 3774 713 (p.

367 703 699 778 Dionysius,
724 706 782 761 in
824 708 1021 764 Basilii
1047 711 1556 783 reprehensionem
1597 716 1880 772 incurrit:
1917 734 2015 773 ve-

364 809 498 850 rum
530 800 621 851 sat
650 795 721 851 ab
751 796 1071 854 Athanasio
1099 806 1387 874 purgatur
1414 804 1486 859 ab
1519 805 1679 859 omni
1703 806 2010 862 adversum

361 884 714 956 suspicione.

427 1009 480 1064 7.
514 1009 589 1065 De
606 1011 1009 1067 Incarnatione.
1044 1044 1112 1054 —
1141 1014 1235 1069 Ait
1262 1016 1467 1071 Doctor
1488 1018 1900 1075 sanctissimus
1924 1022 2007 1093 (p.

356 1097 505 1168 737),
539 1098 732 1154 carnis
778 1116 909 1155 cum
970 1102 1159 1158 Verbo
1218 1105 1690 1176 coujunctionem
1747 1125 1816 1163 ex
1847 1114 2010 1165 utero

355 1185 570 1242 factam
595 1188 794 1244 fuisse.
823 1191 1136 1262 Freqneuti
1161 1196 1357 1248 autem
1381 1211 1514 1255 usu.
1549 1196 1743 1252 carnis
1773 1198 2009 1254 nomine

352 1275 700 1332 testiﬁcatur
720 1294 783 1333 se
802 1279 985 1335 totius
1012 1280 1291 1352 hominis,
1317 1283 1525 1338 animae
1555 1285 1778 1342 scilicet
1798 1292 1855 1341 et
1873 1304 2004 1343 cor-

353 1365 532 1436 poris,
557 1369 830 1422 naturam
848 1367 1152 1439 complecti
1178 1370 1258 1439 (p.
1278 1372 1426 1443 762).
1472 1373 1537 1427 Et
1558 1376 1857 1430 contendit
1887 1394 2004 1432 non

345 1453 537 1525 magis
569 1454 782 1510 rationi
813 1456 1103 1512 absonum
1135 1473 1264 1515 esse
1285 1459 1535 1517 Verbum
1560 1461 1880 1520 humanam
1902 1483 2004 1521 as-

349 1543 648 1614 sumpisse
678 1548 974 1615 naturam,
1008 1562 1187 1617 quam
1228 1549 1503 1606 omnibus
1550 1550 1608 1606 in
1644 1554 1816 1610 rebus
1846 1556 2003 1610 exsi-

349 1634 502 1687 stere
529 1631 610 1703 (p.
641 1632 754 1704 66).
789 1633 885 1688 Ait
917 1639 1113 1691 autem
1154 1636 1234 1709 (p.
1287 1638 1378 1707 42)
1408 1639 1537 1695 ideo
1567 1640 1776 1697 Filium
1818 1643 2003 1699 homi-

349 1734 484 1775 nem
510 1720 728 1776 factum
754 1722 955 1795 fuisse,
980 1723 1138 1795 quia,
1164 1742 1297 1781 cum
1344 1727 1542 1785 omnia
1566 1737 1843 1797 creasset,
1875 1749 2000 1788 om-

352 1808 450 1865 nia
473 1809 634 1866 solus
664 1810 993 1867 instaurare
1045 1814 1250 1886 potuit.
1300 1816 1597 1874 Christum
1630 1837 1759 1877 esse
1789 1818 1996 1876 τέλειον

2124 719 2271 789 709),
2304 723 2362 774 et
2389 728 2813 779 commonstrat
2843 740 2911 779 ex
2970 725 3265 799 plerisque
3322 727 3650 785 litterarum
3684 746 3778 786 sa-

2124 823 2357 865 crarum
2380 808 2545 865 locis.
2567 811 2850 868 Moriente
2863 813 3112 883 Christo,
3127 816 3401 872 deitatem
3416 834 3628 890 corpus
3648 819 3698 889 ej
3709 835 3778 875 us

2124 912 2236 952 non
2262 896 2570 970 reliquisse
2595 900 2750 956 haud
2783 902 2867 957 ait
2890 903 3070 958 semel
3097 906 3177 977 (p.
3214 908 3340 973 723,
3382 908 3509 973 748,
3530 908 3659 977 758)
3687 910 3777 974 ;et

2121 984 2171 1040 si
2203 987 2341 1058 quid
2374 988 2630 1044 alienum
2662 990 2853 1047 dicere
2884 991 3202 1065 aliquando
3245 995 3533 1066 videatur,
3565 1013 3657 1052 res
3685 1001 3775 1052 est

2120 1074 2253 1131 aliis
2282 1075 2427 1133 locis
2458 1078 2822 1150 explicanda.

2188 1184 2242 1239 8.
2274 1184 2484 1240 Christi
2507 1186 2823 1243 adventum
2855 1188 3280 1263 veritatemque
3312 1191 3653 1247 Christianae
3676 1208 3770 1248 re-

2117 1272 2353 1346 ligionis
2384 1275 2655 1347 pluribus
2685 1280 3063 1350 comprobat:
3110 1285 3314 1336 contra
3360 1281 3596 1337 Judanos
3635 1283 3765 1354 qui-

2115 1363 2249 1419 dem
2273 1365 2465 1435 (p.60,
2487 1366 2580 1435 64)
2612 1367 2899 1422 sexcentis
2934 1368 3163 1424 Veteris
3208 1370 3567 1426 Testameuti
3597 1369 3764 1439 locis,

2114 1469 2181 1507 ac
2214 1454 2587 1525 potissimum
2619 1473 2686 1510 ex
2716 1456 2942 1512 famosa
2999 1457 3101 1512 illa
3150 1458 3408 1515 Danielis
3437 1460 3764 1531 prophetia.

2112 1540 2328 1597 Contra
2357 1542 2604 1614 gentiles
2634 1549 2828 1600 autem
2852 1551 2932 1617 (p.
2953 1546 3048 1617 71)
3079 1546 3399 1603 Christiani
3442 1547 3637 1603 cultus
3670 1565 3766 1604 ve-

2111 1631 2341 1688 ritatem
2385 1638 2717 1706 propugnat
2775 1634 2866 1691 his
2926 1637 3326 1708 argumentis:
3387 1638 3541 1709 quod
3582 1638 3763 1694 Graeci

2111 1718 2446 1793 philosophi
2474 1727 2636 1776 tanta
2657 1739 2852 1777 rerum
2870 1723 3763 1798 peritia,totconscriptislihris,

2110 1825 2182 1864 ne
2205 1809 2491 1881 pauculos
2510 1811 2751 1882 quidem
2770 1811 3097 1868 vicinorum
3119 1813 3191 1868 ad
3217 1830 3385 1869 suam
3414 1814 3757 1886 pellexerint

349 1893 631 1971 ἄνθρωπον
675 1899 765 1953 καὶ
805 1896 1016 1955 τέλειον
1062 1902 1190 1956 Θεὸν
1241 1905 1317 1976 (ρ.
1350 1907 1502 1979 747),
1552 1909 1608 1963 id
1659 1914 1768 1976 est,
1814 1914 1981 1984 perfe-

2106 1898 2443 1969 opiuionem
2471 1924 2485 1966 ;
2509 1916 2643 1955 cum
2666 1905 2869 1955 contra
2889 1900 3225 1973 evangelica
3244 1902 3507 1959 doctrina
3526 1903 3763 1959 humili-

346 1990 497 2044 ctum
534 1990 812 2045 hominem
832 1999 884 2046 et
912 1994 1221 2063 perfectum
1246 1996 1442 2061 Deum,
1483 2014 1658 2068 quem
1691 2015 1826 2054 cum
1855 2002 1994 2056 ado-

346 2093 550 2134 ramus
580 2095 696 2134 non
728 2095 847 2135 rem
900 2086 1152 2138 creatam
1208 2083 1467 2156 aliquam
1525 2087 1862 2155 adoramus,
1894 2091 1993 2146 sed

339 2166 607 2222 omnium
631 2183 828 2223 rerum
851 2169 1118 2243 Opiﬁcem
1142 2173 1292 2245 (729,
1312 2175 1459 2245 732).
1490 2176 1702 2248 Estque
1730 2179 1992 2235 Athana-

337 2254 412 2343 sii
470 2256 615 2312 illud
676 2258 917 2314 effatum
976 2263 1359 2319 memorabile
1413 2265 1494 2338 (p.
1543 2268 1711 2337 703):
1762 2267 1993 2343 Χριστός

340 2342 480 2398 ἐστιν
512 2346 547 2414 ἡ
579 2345 705 2422 χεὶρ
750 2346 841 2400 καὶ
868 2347 923 2401 αἱ
954 2352 1139 2425 χεῖρες
1174 2354 1272 2404 τοῦ
1322 2352 1555 2428 Πατρός.
1612 2342 1861 2413 Christus
1915 2363 1992 2415 est

338 2434 528 2491 minus
553 2437 693 2507 ipsa,
717 2441 767 2492 et
795 2454 1000 2493 manus
1020 2440 1153 2510 ipsa
1177 2441 1408 2506 Patris;
1426 2459 1541 2515 quo
1580 2443 1820 2515 indicat,
1845 2447 1990 2503 nihil

339 2523 455 2580 nisi
487 2540 587 2595 per
632 2524 929 2581 Christum
961 2544 994 2582 a
1024 2532 1193 2584 Patre
1222 2530 1373 2586 efﬁci
1419 2531 1508 2587 vel
1556 2535 1757 2589 creari.
1792 2536 1992 2609 Neque

338 2611 541 2669 minus
571 2616 899 2670 memoratu
953 2615 1200 2688 dignum
1261 2624 1369 2690 est,
1420 2620 1735 2693 aliquando
1765 2641 1987 2692 vocem,

335 2702 622 2774 Dominus,
654 2702 716 2758 in
776 2703 957 2761 Veteri
1018 2706 1390 2764 Testamento
1443 2727 1546 2782 pro
1581 2712 1706 2767 Filii
1737 2730 1992 2785 persona

333 2789 603 2864 intelligi,
637 2808 772 2847 cum
803 2793 876 2848 ab
908 2794 1231 2852 Athanasio
1270 2796 1351 2869 (p.
1402 2800 1552 2870 707),
1594 2804 1720 2856 tum
1753 2802 1825 2858 ab
1858 2802 1989 2858 aliis

336 2878 632 2952 plerisque
660 2880 952 2938 Patribus.
984 2883 1183 2941 Multis
1213 2895 1639 2945 commonstrat
1674 2890 1756 2963 (p.
1783 2893 1898 2963 53),
1932 2896 1990 2948 et

339 2984 402 3025 re
455 2969 637 3025 fuisse
696 2974 762 3027 ut
814 2971 1080 3029 Christus
1136 2973 1581 3047 interﬁceretur,
1628 2996 1733 3037 nec
1762 2981 1987 3054 vulgari

332 3056 643 3114 hominum
684 3064 870 3117 morte
888 3060 1168 3119 interiret.
1197 3064 1453 3121 Verbum
1480 3067 1674 3138 ipsum
1698 3075 1903 3125 natum
1931 3074 1990 3127 et

326 3163 575 3219 passum
606 3163 737 3204 esse
768 3148 982 3206 dicitur
1010 3152 1089 3224 (p.
1122 3153 1236 3226 50),
1270 3153 1409 3226 quia
1439 3172 1653 3229 corpus
1694 3176 1809 3215 non
1840 3159 1983 3216 alte-

2106 1988 2218 2044 bus
2243 1987 2436 2055 dictis,
2468 1993 2643 2060 atque
2665 2005 2773 2044 usu
2808 1989 3032 2062 plebeio
3064 1991 3217 2047 tritis
3247 1991 3364 2047 late
3391 1998 3651 2065 serperet
3701 1993 3760 2048 in

2105 2075 2230 2132 dies
2262 2081 2320 2132 et
2374 2081 2563 2132 totum
2623 2079 2960 2149 pervaderet
3015 2079 3257 2136 orbem:
3312 2081 3467 2152 quod
3527 2097 3596 2136 ea
3628 2082 3760 2153 ipsa

2105 2166 2369 2222 doctrina
2399 2172 2479 2238 (p.
2511 2166 2624 2238 7t),
2657 2165 2973 2223 simulacra
3024 2168 3290 2235 deorum,
3343 2169 3633 2241 magicam
3665 2186 3759 2225 ar-

2102 2260 2243 2323 tem,
2278 2255 2660 2329 philosophos
2691 2272 2895 2312 omnes
2940 2257 3357 2329 protligaverit,
3402 2276 3516 2314 non
3544 2258 3756 2331 opibus

2103 2345 2421 2417 armisque,
2455 2346 2555 2402 sed
2588 2346 2791 2402 innata
2819 2347 2871 2400 vi
2914 2347 3217 2403 veritatis:
3267 2348 3424 2420 quod
3466 2348 3753 2405 falsorum

2101 2434 2412 2490 numinum
2435 2435 2630 2490 cultus
2647 2436 2720 2490 ab
2737 2436 2985 2491 adventu
3000 2435 3213 2492 Christi
3230 2435 3513 2509 paulatim
3533 2437 3753 2493 fractus

2099 2523 2322 2580 viribus
2343 2526 2416 2580 ad
2438 2524 2741 2580 interitum
2770 2530 3034 2597 pergeret
3052 2530 3132 2596 (p.
3155 2526 3247 2595 76)
3272 2543 3287 2587 ;
3309 2526 3453 2581 dum
3482 2525 3756 2582 homines

2097 2611 2209 2669 alio
2241 2614 2572 2669 conferrent
2610 2612 2877 2669 animum
2925 2614 3410 2686 conﬁuerentque
3455 2614 3527 2670 ad
3556 2632 3755 2671 veram

2099 2700 2462 2775 religionem.

2167 2793 2220 2846 9.
2252 2793 2329 2847 De
2346 2792 2637 2859 Scriptura
2656 2807 2812 2847 sacra
2832 2799 2882 2847 et
2901 2790 2968 2847 de
2985 2791 3113 2861 ﬁde.
3138 2823 3206 2833 —
3229 2791 3551 2864 Scripturze
3575 2810 3751 2849 sacrae

2098 2879 2444 2953 dignitatem
2506 2879 2661 2935 haud
2711 2879 2890 2936 semel
2946 2881 3243 2952 praedicat,
3302 2885 3477 2953 atque
3529 2883 3752 2939 cateris

2098 2968 2375 3025 omnibus
2408 2974 2682 3042 praestare
2712 2970 2792 3041 (p.
2823 2969 2988 3035 575):
3037 2987 3154 3026 non
3184 2987 3301 3043 quo
3358 2968 3524 3026 tollat
3574 2972 3752 3027 tradi-

2097 3059 2278 3115 tionis
2307 3063 2408 3113 aut
2439 3059 2795 3132 synodorum
2845 3059 3293 3127 auctoritatem;
3342 3058 3584 3115 minime
3614 3076 3751 3131 gen-

2096 3147 2245 3204 tium
2283 3165 2295 3213 ;
2325 3147 2443 3202 imo
2475 3164 2608 3203 vero
2640 3164 2756 3204 non
2789 3163 2904 3202 uno
2933 3146 3061 3203 loco
3092 3148 3174 3203 ait
3200 3151 3282 3220 (p.
3319 3149 3443 3215 166,
3475 3150 3599 3219 167)
3623 3148 3747 3204 lici~

326 3235 473 3304 rius,
496 3239 599 3293 sed
621 3239 751 3310 ejus
796 3239 961 3312 ipsus
1003 3247 1148 3298 erat.
1201 3245 1488 3309 Quoniam
1534 3264 1666 3303 vero
1685 3248 1978 3320 Apollina-

327 3324 479 3352 _:-s...
508 3326 689 3352 nu-..
716 3327 908 3352 :_-.-.._
961 3328 1016 3352 ελ
1050 3335 1130 3352 --ι
1158 3331 1509 3352 ΔΞ--3-Ξικι-κΑ
1801 3339 1823 3352 ,ι
1867 3339 1877 3347 -

2095 3241 2221 3293 tum
2244 3237 2483 3307 synodis
2506 3253 2634 3292 esse
2653 3252 2822 3293 voces
2861 3253 3184 3309 proponere
3235 3253 3302 3292 ex
3325 3236 3537 3293 litteris
3561 3238 3749 3295 sacris

2095 3344 2201 3352 --η
2224 3330 2520 3352 .....-s.-..a....
2566 3333 2586 3352 Α
2607 3326 2821 3352 (γι-..-ι
2845 3324 3231 3352 -...._.....l:-...~.
3254 3324 3575 3352 .L...s_:_-._
3597 3342 3720 3352 -..-

327 3324 480 3381 rista:
508 3326 692 3383 Deum
715 3327 939 3400 ipsum,
961 3328 1016 3384 id
1044 3335 1133 3386 est
1152 3331 1519 3389 divinitatem
1542 3352 1777 3407 passam
1797 3339 1979 3394 fuisse

324 3416 721 3488 nugabantur,
769 3416 890 3473 haec
948 3419 1231 3476 adversus
1287 3420 1577 3496 lucifugae
1633 3426 1811 3481 verba
1841 3427 1979 3483 facit

319 3504 679 3562 Athanasius
714 3506 795 3579 (p.
845 3508 976 3579 758)
1002 3525 1015 3563 :
1064 3508 1173 3564 Cur
1196 3525 1290 3580 ego
1317 3513 1617 3583 scripsistis
1644 3516 1815 3571 Deum
1841 3533 1974 3586 esse,

324 3594 424 3665 qui
450 3597 513 3648 in
555 3610 722 3651 carne
758 3611 952 3665 passus
990 3601 1069 3652 est
1097 3601 1149 3653 et
1178 3604 1485 3657 resurrexit
1504 3606 1530 3656 ?
1564 3605 1627 3659 Si
1653 3607 1802 3661 enim
1834 3611 1978 3663 Deus

318 3683 411 3751 sit,
435 3684 533 3755 qui
546 3700 650 3754 per
668 3699 893 3740 carnem
911 3701 1108 3756 passus
1122 3688 1193 3743 sit
1213 3704 1278 3743 ac
1312 3694 1635 3763 resurrexit,
1666 3695 1979 3764 passibilem

320 3787 450 3840 ergo
493 3772 683 3828 dicitis
710 3780 762 3828 et
804 3774 1029 3829 Patrem
1068 3783 1121 3831 et
1147 3777 1521 3849 Paractetum,
1551 3797 1677 3836 cum
1706 3798 1880 3837 unum
1906 3787 1979 3839 sit

317 3876 539 3927 nomen,
564 3869 616 3917 et
635 3862 953 3919 unadivina
973 3867 1198 3921 natura.
1223 3867 1369 3924 Ante
1389 3869 1794 3927 Nestorianam
1816 3874 1975 3929 enim

330 3948 603 4015 heresin,
636 3968 772 4006 cum
803 3953 1062 4009 nondum
1104 3971 1196 4011 res
1237 3959 1646 4015 controversiis
1677 3961 1976 4033 implicata

318 4043 495 4110 esset,
529 4057 632 4095 nec
664 4042 933 4098 cautione
984 4048 1142 4099 esset
1198 4062 1368 4118 opus,
1424 4048 1575 4104 bono
1605 4051 1823 4121 animo,
1856 4053 1971 4108 sal-

317 4144 506 4201 vaque
536 4128 650 4184 ﬁde
681 4130 803 4185 haec
832 4129 1028 4186 locum
1060 4132 1392 4192 habebant:
1442 4138 1583 4193 Dens
1636 4157 1832 4211 passus
1860 4158 1974 4198 non

315 4220 415 4273 est.
448 4218 591 4273 Deus
618 4234 731 4273 non
778 4227 857 4274 est
909 4224 1091 4289 natus,
1151 4221 1446 4297 intelligas
1500 4228 1743 4296 scilicet,
1777 4230 1972 4288 divina

317 4308 531 4362 natura
557 4312 661 4362 aut
692 4307 986 4377 divinitas,
1018 4315 1084 4365 ut
1102 4311 1352 4385 explicat
1372 4315 1730 4374 Athanasius
1751 4320 1830 4392 (p.
1852 4322 1966 4394 63),

316 4395 464 4451 Hinc
485 4395 683 4468 palma
710 4405 819 4466 est,
854 4415 969 4453 non
1001 4416 1130 4456 esse
1160 4404 1314 4474 quod
1347 4406 1795 4464 Nestorianismi
1829 4416 1969 4467 nota

314 4490 666 4557 aspergatur
694 4485 842 4542 liber
878 4487 974 4544 ille
1030 4491 1371 4563 Anonymus
1426 4497 1680 4552 secundo
1712 4499 1965 4572 [quarto]

312 4576 473 4629 tomo
503 4574 643 4647 quia
672 4574 824 4631 inter
867 4577 1011 4634 alias
1064 4579 1361 4637 clausulas
1418 4582 1622 4645 isthmc
1680 4587 1961 4658 rejicitur,

2090 3344 2205 3383 non
2224 3330 2541 3382 mutuatas.
2557 3326 2824 3382 Afﬁrmat
2841 3324 3235 3398 evangelicum
3251 3324 3577 3382 doctrinam
3593 3342 3750 3382 eam-

2086 3417 2219 3472 dem
2251 3431 2402 3486 esse,
2435 3431 2613 3488 quam
2645 3414 3023 3487 antiquorum
3055 3415 3317 3484 Patrum,
3340 3415 3571 3483 Adami,
3594 3416 3745 3473 Abe-

2085 3504 2179 3575 lis,
2209 3504 2446 3571 Enochi,
2470 3504 2625 3571 Noae,
2648 3504 2914 3571 Abrahae,
2940 3504 3177 3577 Moysis,
3206 3504 3406 3561 Libros
3427 3504 3747 3578 Scriptura

2086 3610 2264 3650 sacrae
2292 3592 2352 3647 in
2402 3610 2624 3650 canone
2675 3597 2937 3666 receptos
2966 3596 3273 3649 enumerat
3301 3593 3745 3651 accuratissime

2086 3682 2168 3755 (p.
2189 3682 2336 3754 768).
2360 3681 2669 3754 Eleganter
2689 3682 2759 3738 de
2778 3682 2892 3737 ﬁde
2912 3681 3161 3753 loquens
3181 3682 3267 3737 ita
3295 3683 3544 3756 fatur(p.
3560 3685 3689 3753 550)
3719 3700 3733 3741 :

2084 3770 2160 3824 Τὰ
2231 3770 2334 3845 γὰρ
2392 3769 2567 3823 πίστει
2643 3765 3053 3842 παραδιδόμενα
3124 3768 3546 3844 ἆπεριέργαπον
3621 3767 3739 3846 ἔχει

2082 3860 2182 3928 τήν
2215 3863 2437 3934 γνῶσιν.
2472 3864 2588 3915 lloc
2617 3864 2706 3915 est
2737 3876 2750 3914 :
2787 3860 2923 3929 Quae
2966 3860 3073 3930 ﬁde
3119 3860 3437 3927 traduntur,
3483 3863 3741 3917 notitiam

2083 3950 2283 4006 habent
2311 3966 2424 4005 non
2453 3951 2667 4005 curiose
2714 3950 3155 4018 investigandum
3199 3949 3599 4006 Mcmorabilia
3631 3950 3737 4006 ist-

2081 4040 2203 4095 haso
2257 4055 2495 4111 quoque
2543 4043 2683 4094 sunt
2728 4042 2809 4110 (p.
2841 4040 3012 4109 757):
3048 4034 3183 4091 Οὔτε
3226 4039 3329 4112 γὰρ
3361 4037 3543 4100 πίστις
3601 4040 3737 4093 κατᾶ

2082 4124 2260 4198 δήλου
2292 4127 2593 4204 φαινομένη
2627 4126 2808 4188 πίστις
2840 4126 2899 4181 ἃν
2945 4124 3188 4202 λέγοιτο·
3227 4125 3352 4181 ἀλλ’
3386 4123 3495 4181 ἔστι
3547 4128 3732 4189 πίστις

2078 4219 2115 4287 ἠ
2140 4217 2203 4271 τὸ
2239 4214 2498 4271 ἀδύνατον
2554 4216 2604 4271 ἐν
2641 4215 2866 4288 δυνάμει
2910 4215 3257 4285 πιστεύουσα,
3305 4216 3395 4271 καὶ
3423 4217 3485 4271 τὸ
3519 4218 3738 4280 ἀσθενὲς

2079 4304 2130 4361 ἐν
2196 4304 2368 4381 ἰσχύϊ,
2398 4306 2487 4359 καὶ
2537 4305 2599 4359 τὸ
2646 4305 2884 4376 παθητὸν
2938 4304 2987 4360 ἐν
3023 4306 3269 4378 ἀπαθείᾳ,
3319 4307 3408 4361 καὶ
3455 4308 3517 4361 τὸ
3563 4308 3732 4384 φθαρ-

2072 4395 2165 4450 τὸν
2215 4394 2267 4450 ἐν
2308 4394 2592 4473 ἀφθαρσίᾳ,
2652 4395 2741 4450 καὶ
2787 4395 2849 4449 τὸ
2908 4396 3100 4466 θνητὸν
3161 4394 3212 4450 ἐν
3274 4396 3552 4467 ἀθανασίᾳ.
3614 4399 3734 4455 Hoc

2074 4491 2182 4544 est.
2210 4487 2393 4558 Neque
2425 4488 2575 4540 enim
2609 4485 2741 4555 ﬁdes
2789 4486 3072 4542 evidenter
3116 4504 3416 4559 apparens,
3461 4488 3594 4557 ﬁdes
3624 4488 3739 4543 dici

2069 4579 2311 4649 potuerit
2331 4593 2351 4631 :
2398 4592 2588 4631 verum
2616 4576 2758 4645 ﬁdes
2784 4579 2884 4641 est,
2939 4593 3058 4647 quae
3115 4576 3259 4647 quod
3286 4576 3633 4647 impossibile
3660 4585 3742 4632 est

311 4667 546 4719 Passum
573 4666 650 4719 est
683 4665 912 4721 Verbum
940 4683 1145 4724 carne:
1182 4671 1453 4727 nundum
1504 4675 1721 4748 quippe
1766 4694 1860 4733 res
1890 4680 1962 4735 ad

2095 4684 2135 4721 η
2156 4666 2424 4738 potentia,
2484 4664 2629 4736 quod
2684 4666 2973 4735 inﬁrmum
3031 4668 3091 4721 in
3148 4667 3379 4733 virtute,
3440 4664 3588 4737 quod
3614 4681 3735 4722 cor—

311 4756 536 4808 certum
577 4770 785 4809 vocum
820 4772 995 4811 usum
1049 4758 1303 4815 deducta
1349 4762 1556 4818 fuerat.
1589 4765 1659 4820 Et
1686 4766 1830 4822 dum
1862 4770 1959 4824 Dei

310 4840 550 4898 nomine
579 4842 776 4899 divina
806 4849 1017 4901 natura
1048 4847 1488 4922 intelligeretur,
1509 4852 1691 4910 Deum
1719 4873 1958 4926 passum

308 4946 438 4986 esse
467 4948 679 5004 negare
707 4932 794 4988 fas
826 4939 987 4990 erat:
1035 4936 1145 4993 hoc
1186 4944 1352 5010 pacto
1403 4947 1575 5014 negat
1601 4943 1962 5005 Athanasius

308 5019 387 5092 (p.
407 5020 555 5093 351),
584 5026 763 5093 atque
792 5040 859 5080 eo
900 5026 1138 5083 nomine
1183 5028 1669 5099 Appolliuaristas
1713 5034 1961 5093 insecta-

304 5111 422 5164 tur.
455 5108 603 5165 Cum
633 5110 815 5168 Filius
843 5112 1090 5170 exaltari
1126 5115 1363 5187 dicitur,
1400 5120 1572 5189 jubet
1600 5121 1959 5182 Athanasius

303 5197 387 5270 (p.
407 5198 496 5267 47)
515 5197 810 5272 intelligas
825 5202 896 5257 de
917 5202 1147 5261 Christo
1169 5208 1492 5264 secundum
1518 5208 1841 5268 humanam
1861 5232 1959 5271 na-

307 5290 523 5342 turam.
553 5287 677 5350 Qua
708 5291 997 5347 sententia
1026 5310 1196 5365 porro
1232 5296 1461 5353 dicatur
1489 5298 1670 5355 Filius
1701 5302 1958 5361 hominis

300 5374 800 5448 ignorarejudicii
826 5378 1004 5448 diem,
1031 5381 1301 5453 pluribus
1334 5386 1605 5457 explanat
1628 5388 1743 5455 ille,
1770 5395 1827 5446 et
1850 5410 1956 5449 nos

303 5481 476 5536 spero
507 5481 623 5520 non
658 5465 1032 5539 indiligenter
1062 5472 1122 5526 in
1164 5473 1343 5541 notis,
1377 5476 1487 5531 etsi
1523 5478 1726 5549 paucis
1748 5496 1851 5551 pro
1874 5482 1959 5538 in—

302 5552 492 5609 stituti
524 5554 769 5611 ratione.
832 5557 1076 5615 Mariam
1140 5563 1433 5635 Virginem
1496 5568 1715 5637 passim
1762 5570 1952 5625 Θεοτό-

301 5662 420 5711 κον,
454 5642 574 5699 sive
604 5643 915 5718 Deiparam
948 5662 1288 5723 nuncupat:
1336 5655 1650 5727 sapienter,
1683 5658 1733 5713 si
1763 5662 1953 5717 consi-

301 5731 401 5805 lio,
437 5731 699 5801 feliciter,
738 5734 788 5791 si
828 5752 1007 5794 casu:
1042 5747 1474 5816 peropportuna
1506 5746 1722 5821 quippe
1749 5757 1954 5810 contra

2069 4756 2333 4826 ruptibite
2365 4756 2425 4810 iu
2456 4757 2890 4825 incorruptione,
2945 4754 3090 4827 quod
3134 4755 3366 4810 mortale
3425 4755 3486 4810 in
3514 4755 3740 4813 immor-

2066 4842 2296 4907 talitate
2323 4859 2439 4899 esse
2469 4842 2661 4899 credit.
2695 4843 2837 4899 Eam
2887 4842 3227 4899 Christiana:
3259 4842 3398 4899 ﬁdei
3427 4847 3736 4915 tesseram,

2067 4933 2227 4989 hunc
2258 4937 2580 5006 χαρακτῆρα
2639 4949 2768 4988 esse
2823 4931 2911 4988 ait
2968 4933 3049 5005 (p.
3108 4933 3255 5005 550),
3292 4933 3446 5007 quod
3475 4933 3736 4991 Verbum

2070 5022 2169 5079 Dei
2204 5022 2406 5093 Filius,
2439 5025 2675 5095 propter
2707 5029 2970 5078 nostram
3003 5022 3273 5093 salutem,
3309 5023 3367 5078 in
3402 5023 3515 5080 ﬁne
3547 5040 3735 5081 saecu-

2066 5112 2262 5169 lorum
2295 5112 2472 5168 homo
2506 5111 2695 5167 factus
2727 5111 2825 5167 sit.

2137 5223 2228 5275 10.
2267 5220 2336 5275 De
2364 5220 2766 5275 restauratione
2804 5218 3041 5275 humani
3089 5222 3322 5292 generis.
3382 5221 3459 5275 De
3522 5220 3732 5289 gratia.

2069 5311 2148 5364 De
2168 5309 2456 5381 baptismo.
2495 5338 2565 5348 —-
2596 5306 2906 5364 Hominem
2931 5313 3138 5382 suapte
3159 5309 3386 5366 malitia
3405 5307 3735 5379 collapsum

2073 5414 2205 5454 esse
2233 5398 2377 5455 dicit
2407 5398 2487 5470 (p.
2517 5397 2612 5468 5):
2645 5413 2783 5453 nam
2815 5414 2850 5453 a
2914 5402 3029 5454 Deo
3085 5403 3320 5455 creatus
3376 5414 3514 5453 cum
3545 5396 3733 5453 libero

2073 5487 2163 5544 vel
2195 5488 2357 5553 boni,
2388 5486 2477 5543 vel
2508 5486 2648 5542 mali
2681 5486 2892 5559 agendi
2950 5488 3214 5555 arbitrio,
3276 5487 3346 5543 ad
3381 5485 3733 5543 deteriorem

2068 5582 2294 5650 partem
2322 5574 2654 5631 declinavit.
2699 5574 2849 5630 Hinc
2881 5576 3096 5632 fcadata
3144 5576 3615 5647 labetactataque
3645 5574 3736 5629 di-

2061 5665 2199 5722 vina
2228 5666 2326 5721 illa
2356 5665 2429 5721 ab
2458 5669 2589 5720 ortu
2620 5663 2912 5737 imagine,
2971 5682 3122 5739 opus
3168 5665 3281 5721 fuit
3319 5665 3573 5722 adventu
3606 5663 3736 5736 Filii

2064 5756 2187 5827 Dei,
2221 5755 2324 5829 qui
2353 5754 2601 5815 sarciret
2629 5755 2937 5827 damnum,
2973 5760 3033 5813 et
3080 5758 3370 5815 recrearet
3405 5753 3735 5828 collapsum
