4170 6466
1357 634 1778 701 ΡΡιιΕῈΑΤῙΟ
1826 627 2221 696 EDITIONIS
2264 626 2840 693 BENEDICTIN/E.

3643 623 3807 690 xxxi

370 773 700 835 humanum
749 790 954 851 genus,
988 775 1462 845 instauraretque
1531 772 1787 825 divinam
1865 768 2024 822 illam
2058 771 2109 835 Α
2142 768 2305 820 rante
2337 765 2532 830 Hosio,
2564 767 2851 834 quotquot
2879 759 2981 817 tali
3013 760 3172 819 aditu
3204 760 3632 817 ecclesiasticos
3663 776 3805 833 gra-

372 867 735 940 imaginem:
770 865 1106 938 Sufﬁciebat,
1167 864 1361 936 inquit
1400 862 1763 917 Athanasius
1801 865 1882 931 (p.
1918 858 2028 929 46),

370 961 554 1029 gratia
612 973 719 1028 qua
749 957 818 1011 ad
847 958 1148 1025 imaginem
1178 956 1276 1010 Dei
1327 955 1464 1024 facti
1490 968 1701 1020 sumus,
1760 949 1830 1004 ad
1858 949 2032 1003 Deum

377 1047 627 1113 Verbum,
657 1048 706 1100 et
725 1047 946 1101 Patrem
963 1061 1062 1116 per
1092 1047 1272 1116 ipsum
1312 1044 1537 1101 Verbum
1584 1037 2029 1111 cognoscendum.

377 1139 588 1190 Verum
616 1135 778 1200 Deus,
839 1136 931 1188 cui
986 1134 1275 1189 hominum
1332 1133 1628 1203 inﬁrmitas
1686 1129 1848 1198 probe
1906 1130 2032 1181 nota

374 1231 512 1291 erat,
535 1239 725 1278 eorum
742 1223 1091 1293 negligentia
1105 1224 1427 1295 prospexit;
1458 1227 1519 1276 ut
1551 1234 1744 1291 nempe
1773 1219 1824 1272 si
1854 1222 2035 1272 Deum

373 1329 473 1386 per
498 1315 698 1385 seipsos
721 1329 1042 1384 cognoscere
1071 1314 1424 1384 negtigerent,
1452 1314 1670 1383 possent
1716 1325 1785 1364 ea:
1816 1311 2036 1362 natura?

377 1404 615 1475 opiﬁciis
673 1402 983 1458 Creatorem
1038 1419 1144 1457 non
1204 1403 1480 1473 ignorare.
1543 1400 1728 1456 Gratia
1785 1399 1864 1470 (p.
1908 1395 2034 1466 542)

377 1496 429 1549 et
477 1493 701 1558 donum,
753 1491 896 1562 quod
937 1509 970 1546 a
1021 1493 1290 1547 Trinitate
1336 1493 1523 1556 datur,
1573 1489 1744 1544 datur
1789 1505 1823 1541 a
1874 1488 2038 1540 Patre

377 1598 478 1653 per
506 1582 715 1636 Filium
766 1583 826 1636 in
855 1588 1042 1636 sancto
1086 1581 1318 1652 Spiritu.
1350 1579 1547 1634 Gratia
1575 1583 1770 1633 autem
1803 1578 2036 1648 peccato

388 1670 686 1726 amittitur
714 1670 1297 1742 (p.455),pmnitentia
1317 1672 1715 1740 recuperatur.
1749 1663 2037 1736 Baptismi

383 1759 795 1815 necessitatem
838 1759 1057 1830 ubique
1110 1758 1386 1829 praedicat
1415 1775 1429 1813 :
1467 1757 1567 1812 sed
1600 1756 1680 1812 ait
1711 1754 1924 1810 diserte
1955 1754 2034 1825 (p.

384 1848 508 1918 403)
539 1847 808 1903 inutilem
841 1864 970 1904 esse
1000 1848 1363 1919 baptismum
1417 1847 1764 1901 Arianorum
1799 1860 1862 1899 ac
1894 1859 2038 1914 quo-

384 1937 658 1992 rumdam
688 1936 1116 1991 haereticorum.
1172 1935 1276 1990 Ubi
1336 1935 1682 1990 meminisse
1715 1931 1944 2004 juvabit
1974 1947 2042 1986 ea

382 2028 732 2098 tempestate
765 2025 944 2080 moris
979 2026 1256 2093 fuisse,ut
1277 2025 1376 2096 qui
1397 2024 1757 2096 baptismum
1791 2021 2038 2086 adirent,

2143 855 2254 910 dus
2288 855 2640 924 invaserant,
2675 855 2746 909 ad
2779 853 3060 909 laicorum
3117 853 3510 910 conditionem
3571 851 3805 910 reducti

2142 947 2626 999 sunt.Memoratu
2661 943 2907 1015 dignum
2940 946 3050 1009 est,
3083 943 3407 1015 episcopos,
3442 960 3576 998 cum
3604 945 3664 998 in
3695 943 3805 999 lit—

2140 1032 2284 1088 teris
2316 1033 2440 1087 suis
2472 1033 2540 1087 de
2599 1034 2938 1105 presbytero
2999 1037 3101 1087 aut
3149 1033 3394 1088 diacono
3427 1036 3684 1105 agerent,
3718 1033 3805 1089 ita

2143 1137 2241 1177 eos
2274 1138 2613 1193 nuncupare
2665 1122 2872 1178 solitos
2927 1139 3078 1188 esse,
3139 1116 3634 1197 συμπρεσϐύτερος,
3681 1143 3803 1176 συν-

2145 1207 2395 1271 διάκονος
2451 1212 2634 1282 ἡμῶν,
2694 1212 3118 1283 compresbyter,
3170 1214 3538 1268 condiaconus
3592 1217 3802 1268 noster.

2145 1301 2308 1363 Quod
2341 1300 2577 1371 signum
2610 1305 2720 1370 est,
2754 1316 2822 1355 ea
2854 1299 2984 1356 illos
3034 1302 3215 1356 fuisse
3245 1302 3557 1370 sententia,
3588 1307 3654 1358 ut
3682 1303 3804 1376 epi-

2145 1390 2304 1460 scopi
2337 1389 2587 1461 gradum
2621 1390 2940 1462 presbyteri
2996 1395 3052 1444 et
3081 1391 3308 1446 diaconi
3343 1393 3608 1448 ordinem
3641 1409 3803 1448 com-

2145 1478 2316 1550 plecti
2351 1481 2642 1549 putarent.
2681 1478 2891 1534 Przeter
2943 1480 3268 1551 episcOpos,
3319 1483 3711 1554 presbyteros,
3748 1487 3809 1539 et

2147 1568 2446 1635 diaconos,
2507 1567 2874 1636 subdiaconi,
2934 1565 3315 1642 ύποδιακόνου,
3361 1571 3501 1627 item
3535 1571 3807 1628 meminit

2145 1657 2521 1712 Athanasius.

2222 1747 2307 1801 13.
2340 1747 2617 1803 Animam
2642 1748 2942 1819 justorum
2976 1748 3175 1805 statim
3200 1755 3332 1822 post
3350 1751 3576 1807 obitum
3607 1752 3668 1808 in
3699 1769 3807 1808 ca:-

2147 1836 2273 1891 lum
2304 1836 2440 1892 ferri
2464 1838 2676 1892 dicitur
2705 1837 2763 1891 in
2801 1840 2917 1893 Vita
2946 1839 3274 1912 Antonii(p.
3308 1841 3454 1913 675).
3489 1845 3808 1914 Suspectus

2150 1931 2348 1982 autem
2379 1931 2468 1981 est
2497 1926 2593 1982 ille
2627 1926 2788 1982 locus
2820 1944 2887 1982 ex
2921 1929 3276 1984 Damasceno
3309 1927 3522 1986 allatus
3552 1947 3611 2003 p.
3644 1933 3805 2001 1024,

2150 2032 2326 2088 quem
2360 2015 2452 2070 hic
2506 2009 2682 2071 etiam
2733 2017 2938 2072 afferre
2987 2035 3058 2073 ne
3107 2017 3344 2089 pigeat:
3381 2017 3510 2072 Εἶτα
3540 2019 3569 2073 ὁ
3611 2018 3661 2074 ἐν
3700 2020 3807 2095 βίῳ

385 2112 733 2169 Christianae
754 2114 1030 2170 doctrinae
1053 2115 1420 2170 addiscendaz
1454 2129 1556 2185 per
1592 2115 1816 2167 atatem
1847 2108 2042 2165 idonei

2160 2103 2239 2158 καὶ
2274 2102 2429 2178 λόγῳ
2459 2099 2845 2180 περίϐλεπτος,
2896 2105 2986 2159 καὶ
3026 2113 3126 2176 τῆς
3172 2111 3270 2161 τοῦ
3316 2112 3449 2162 Θεοῦ
3477 2106 3805 2179 Ἐκκλησίας

385 2206 582 2259 essent
616 2219 628 2257 :
661 2203 758 2255 "lv’
791 2201 851 2256 ἐκ
894 2208 998 2271 τῆς
1059 2204 1366 2275 μαθήσεως,
1427 2202 1622 2274 inquit
1659 2201 2040 2269 Athanasius,

382 2293 418 2360 ἡ
476 2289 658 2352 πίστις
717 2291 849 2366 ὀρθὴ
906 2293 1152 2366 γενηται,
1222 2291 1312 2344 καὶ
1371 2292 1504 2364 μετὰ
1559 2289 1794 2350 πίστεως
1852 2291 1887 2356 ἡ
1946 2291 2043 2341 τοῦ

389 2378 762 2455 βαπτίσματος
790 2379 1075 2442 τελείωσις
1108 2383 1393 2455 προστεθῃ.
1434 2384 1496 2438 Ut
1545 2398 1617 2436 ea:
1645 2380 1892 2436 doctrina
1930 2380 2044 2435 ori-

384 2473 538 2526 retur
568 2473 712 2526 recta
786 2471 940 2541 ﬁdes,
972 2479 1024 2526 et
1075 2488 1197 2526 cum
1247 2473 1352 2542 ﬁde
1391 2473 1650 2542 baptismi
1677 2471 1922 2525 initiatio
1951 2485 2046 2524 ac-

384 2559 876 2615 cederet.lnferius
908 2560 1204 2631 autem,de
1235 2559 1826 2631 hmresibusloquens
1851 2577 1862 2614 :
1891 2555 2045 2611 ’Λλυο

387 2647 618 2716 σιτελὲς,
679 2648 777 2717 ait,
839 2642 1027 2722 ἔχουσι
1089 2649 1178 2702 καὶ
1235 2649 1297 2702 τὸ
1350 2649 1476 2722 παρ’
1536 2647 1709 2702 αὐτῶν
1758 2645 2042 2720 διδόμενον

387 2733 554 2809 ὕδωρ,
590 2734 915 2809 λειπόμενον
947 2731 1208 2808 εὐσεϐείᾳ,
1257 2739 1315 2793 id
1349 2743 1476 2794 est:
1512 2740 1733 2794 Inutilis
1784 2747 1865 2794 est
1903 2755 2048 2809 aqua

385 2843 550 2898 quam
579 2828 808 2895 donant,
844 2829 1042 2899 quippe
1070 2831 1162 2883 cui
1188 2829 1324 2884 desit
1354 2831 1547 2900 pietas.
1594 2828 1884 2883 Nimirum
1917 2828 2045 2884 ideo

385 2914 636 2984 inutilis,
668 2917 947 2988 quoniam
979 2917 1078 2988 qui
1111 2917 1212 2972 illa
1257 2919 1589 2991 tinguntur,
1627 2917 1877 2973 salutem
1908 2934 2045 2972 con-

386 3006 551 3078 sequi
585 3023 702 3061 non
734 3006 948 3061 valent.
981 3006 1289 3062 Enimvero
1334 3009 1490 3080 quod
1545 3007 1905 3063 Athanasius
1937 3007 2046 3062 ite-

387 3096 639 3151 randum
670 3111 798 3150 esse
828 3095 1126 3166 baptisma
1155 3097 1467 3162 censuerit,
1491 3114 1606 3152 non
1639 3102 1901 3162 constat;
1928 3096 2046 3152 imo

386 3183 583 3256 potius
615 3185 918 3240 contrariae
977 3185 1281 3242 sententia:
1341 3202 1468 3242 esse
1501 3187 1730 3241 videtur
1758 3204 1827 3242 ex
1859 3187 2046 3241 Antio-

387 3275 577 3332 chenae
620 3276 823 3346 synodi
869 3280 1015 3331 tomo
1065 3279 1121 3330 et
1167 3293 1234 3330 ex
1277 3277 1504 3347 epistola
1548 3276 1618 3330 ad
1666 3277 2044 3346 Ruﬁnianum,

388 3363 490 3419 ubi
539 3364 612 3418 de
667 3365 999 3420 conditione
1058 3364 1313 3420 haeretici
1347 3365 1662 3436 recipiendi
1695 3365 1905 3436 agitur,
1940 3381 2046 3420 nec

389 3451 607 3507 dicitur
635 3453 931 3524 baptisma
961 3453 1032 3507 ab
1061 3454 1293 3508 Arianis
1349 3455 1551 3508 datum
1599 3455 1670 3507 de
1700 3454 1926 3525 integro
1957 3470 2044 3508 re-

391 3521 1104 3612 petendum‘oportereEt
1135 3542 1443 3606 sane,dum
1467 3542 1782 3598 aitibidem
1923 3542 2046 3613 403)
2080 3521 2122 3587 C

389 3627 452 3682 in
484 3627 814 3700 periculum
870 3629 1067 3684 venire
1099 3630 1350 3685 Arianos
1409 3632 1741 3686 amittendae
1772 3630 2052 3701 baptismi

391 3717 763 3791 integritatis,
817 3718 1152 3774 subindicat
1201 3735 1263 3774 se
1303 3736 1418 3774 non
1463 3737 1532 3774 ea
1577 3736 1705 3775 esse
1737 3719 2048 3788 sententia,

392 3805 729 3862 iterandum
787 3823 916 3862 esse
945 3824 1147 3863 eorum
1193 3808 1506 3880 baptisma.
1539 3808 1682 3864 Vide
1713 3815 1914 3865 notam
1945 3809 2051 3866 ibi.

385 3895 514 3950 Haec
543 3896 614 3950 de
648 3895 954 3952 iteratione
987 3897 1264 3969 baptismi
1317 3897 1459 3954 satis
1491 3904 1704 3966 sunto;
1739 3915 1862 3954 rem
1894 3898 2049 3954 enim

383 3985 655 4058 pluribus
689 3985 914 4058 agitare
937 4003 1040 4057 per
1067 3987 1252 4041 otium
1285 4003 1400 4041 non
1433 3986 1662 4043 1icet.Et
1686 3988 2050 4059 exploratum

384 4079 475 4130 est
503 4091 632 4130 eam
666 4075 850 4131 fuisse
881 4074 1021 4130 olim
1076 4080 1167 4131 sat
1206 4075 1405 4132 tritam
1459 4076 1519 4132 in
1553 4077 1786 4132 Oriente
1818 4083 2052 4133 senten-

384 4165 551 4229 tiam,
587 4164 992 4218 haereticorum
1041 4165 1340 4237 baptisma
1370 4181 1498 4222 esse
1531 4166 2051 4239 redintegrandum

390 4252 470 4325 (p.
509 4253 630 4320 100,
660 4253 1123 4325 706).Adeantur
1154 4253 1252 4325 qui
1284 4254 1406 4310 haec
1439 4256 1567 4310 fuse
1597 4260 2051 4328 pertractarunt,

387 4341 538 4397 inter
569 4359 715 4414 quos
747 4342 915 4398 facile
946 4343 1219 4415 princeps
1247 4345 1637 4416 Augustinus.

459 4449 650 4521 (11.De
678 4450 1046 4507 Eucharistia.
1075 4452 1381 4523 ——Corpus
1398 4452 1820 4524 etsanguinem
1835 4453 2052 4510 Christi

386 4536 447 4592 in
479 4538 850 4594 Eucharistia
907 4555 1034 4594 esse
1064 4540 1280 4596 diserte
1327 4558 1516 4612 neque
1541 4541 1722 4597 semel
1757 4543 2053 4614 praedicat,

388 4626 759 4699 apertissime
815 4645 947 4684 vero
1007 4628 1107 4684 ubi
1166 4629 1537 4702 ait,.corpus
1591 4633 1746 4703 quod
1806 4633 1966 4688 sedet
2019 4651 2054 4690 ει

388 4717 611 4773 dextris
637 4717 760 4787 Dei,
794 4717 941 4774 illud
997 4719 1192 4792 ipsum
1225 4737 1352 4777 esse
1394 4737 1510 4791 quo
1540 4721 1799 4793 pontifex
1827 4728 1883 4777 et
1913 4740 2051 4795 apo-

391 4806 578 4862 stolus
610 4811 719 4875 est,
777 4824 880 4878 per
929 4810 1273 4881 mysterium
1331 4811 1485 4882 quod
1543 4811 1701 4866 dedit
1740 4811 1928 4879 nobis,
1963 4812 2050 4867 di-

391 4911 568 4952 cens:
624 4897 731 4952 Hoc
787 4902 865 4953 est
920 4914 1116 4970 corpus
1148 4916 1347 4968 meum,
1410 4903 1518 4955 etc.
1583 4900 1688 4956 Ubi
1730 4918 1862 4956 vero
1890 4901 2049 4973 dicit,

390 4999 604 5056 corpus
635 4985 777 5041 illud
811 5003 938 5044 esse
967 4990 1318 5059 spiritualem
1367 4990 1569 5057 cibum,
1603 4995 1658 5045 et
1681 4992 2048 5063 spirituatiter

391 5073 521 5128 dari
573 5076 635 5128 in
663 5078 925 5144 escam,id
958 5078 1040 5133 ita
1067 5077 1381 5152 intelligas,
1408 5084 1472 5134 ut
1503 5079 1771 5151 pluribus
1800 5081 1860 5136 in
1894 5082 2048 5137 notis

391 5161 756 5235 explicatur:
791 5182 907 5221 non
938 5184 1098 5223 more
1129 5168 1244 5224 cibi
1276 5170 1535 5241 corporei
1575 5171 1752 5238 sumi,
1789 5187 1892 5226 nec
1922 5188 2051 5227 esse

396 5253 593 5309 cibum
643 5255 1025 5326 corporalem,
1082 5259 1184 5330 qui
1229 5276 1334 5330 per
1378 5260 1634 5330 partium
1703 5260 2048 5318 divisionem

396 5342 996 5401 comminutionemve
1053 5348 1432 5402 comedatur:
1468 5349 1602 5416 Quot
1632 5353 1781 5404 enim
1810 5351 2050 5406 homini-

397 5431 517 5498 bus,
576 5431 789 5502 inquit,
846 5448 1040 5504 corpus
1092 5436 1234 5490 satis
1289 5438 1426 5490 esset
1481 5435 1552 5489 ad
1588 5451 1761 5506 esum,
1794 5440 1854 5493 ut
1885 5439 2053 5494 totius

398 5521 595 5577 mundi
611 5521 768 5591 ﬁeret
789 5522 1118 5579 alimentum
1142 5525 1170 5578 ?
1200 5523 1284 5581 Ibi
1313 5522 1550 5580 videsis.

472 5631 560 5685 12.
584 5631 660 5685 De
687 5630 978 5686 ordine.-o
999 5631 1300 5687 Ordinatio
1322 5632 1643 5704 presbyteri
1663 5650 1695 5688 a
1717 5635 2054 5706 presbytero

396 5719 570 5790 facta,
603 5719 768 5776 nulla
823 5721 1172 5792 habebatur,
1229 5726 1296 5777 ut
1341 5720 1642 5792 propalam
1673 5726 1763 5777 est
1792 5723 2055 5794 exemplo

398 5807 651 5865 Colluthi
683 5811 1027 5882 presbyteri,
1092 5811 1192 5883 qui
1251 5828 1399 5866 ausu
1449 5811 1759 5867 temerario
1811 5817 1869 5867 et
1897 5813 2055 5868 inso-

399 5895 542 5952 lenti
596 5900 968 5972 presbyteros
1025 5901 1452 5957 constituendit
1479 5904 1829 5971 potestatem
1863 5902 2057 5957 vindi-

398 5987 568 6044 cabat
618 5988 750 6046 sibi.
786 5988 1004 6048 Verum
1028 5991 1206 6063 jussu
1237 5988 1644 6048 Alexandrinae
1671 5990 1899 6062 synodi,
1959 6007 2057 6046 cu-

2153 2191 2408 2265 Θεμέλιος
2465 2195 2806 2264 ’ΔΟανάσιος,
2861 2192 2989 2250 τάδε
3037 2196 3170 2274 φησὶ
3220 2197 3345 2272 περὶ
3396 2202 3504 2252 τῶν
3536 2197 3588 2252 ἐν
3621 2199 3806 2276 Κυρίῳ

2153 2288 2354 2355 νεκρῶν
2383 2303 2395 2314 ·
2428 2282 2511 2337 ὅτι
2550 2304 2650 2358 περ
2703 2283 2792 2338 διὰ
2837 2289 2998 2339 τοῦτο
3045 2285 3174 2347 τούς
3223 2288 3567 2360 σωζομένους
3599 2289 3627 2343 ὁ
3677 2289 3807 2352 Θεὸς

2153 2373 2472 2448 κεχάρισται
2502 2374 2563 2428 τὸ
2618 2375 2784 2449 μέχρι
2829 2381 2930 2444 τῆς
2980 2382 3168 2444 κοινῆς
3219 2376 3578 2450 ἀναστάσεως,
3635 2381 3803 2453 ψυχι-

2152 2465 2264 2523 κῶς
2330 2459 2607 2532 ἀλλήλοις
2688 2469 2920 2518 συνεῖναι
2975 2465 3064 2518 καὶ
3124 2466 3642 2544 συνευφραίνεσθαι,
3704 2469 3806 2522 ἀπ-

2157 2550 2393 2627 εκδοχήν
2438 2547 2660 2627 ἔχοντες
2690 2557 2795 2607 τῶν
2856 2551 3171 2627 μελλόντων
3227 2555 3410 2619 αὐτοῖς
3451 2554 3807 2632 ἀποκληροῦ-

2156 2643 2272 2695 otia:
2300 2641 2457 2695 Οείων
2501 2642 2745 2718 δωρεῶν,
2776 2645 2835 2700 id
2868 2649 2958 2701 est
2992 2663 3004 2700 :
3051 2652 3333 2704 Prmterea
3361 2649 3685 2720 conspicuus
3716 2651 3814 2706 ille

2154 2735 2267 2787 vita
2298 2737 2349 2788 et
2378 2734 2640 2803 moribus,
2673 2742 2835 2805 atque
2880 2736 3136 2793 Ecclesiae
3182 2737 3606 2808 fundamentum
3635 2739 3813 2794 Atha-

2154 2825 2348 2877 nasius
2405 2821 2522 2880 haec
2579 2824 2737 2879 habet
2787 2824 2853 2879 de
2907 2827 3140 2881 mortuis
3196 2828 3257 2881 in
3301 2828 3528 2883 Domino
3559 2845 3578 2883 :
3607 2827 3816 2885 Idcirco

2156 2912 2328 2967 Deum
2356 2913 2427 2967 iis
2460 2913 2558 2983 qui
2610 2913 2853 2969 salutem
2905 2920 3312 2987 consequuntur
3367 2919 3710 2983 concessisse,
3760 2927 3826 2974 ut

2158 3017 2326 3072 usque
2359 3000 2429 3056 ad
2458 3018 2803 3058 communem
2858 3007 3337 3074 resurrectionem,
3392 3007 3593 3062 animm
3621 3023 3730 3063 uno
3759 3008 3821 3062 in

2157 3091 2269 3146 loco
2328 3091 2498 3146 simul
2552 3097 2968 3158 commorantes,
3026 3095 3392 3162 cottaetentur,
3442 3113 3567 3151 cum
3622 3113 3713 3168 spe
3756 3105 3821 3153 ut

2153 3183 2465 3252 futurorum
2525 3182 2746 3236 tandem
2803 3183 3067 3238 bonorum
3140 3185 3474 3254 possessione
3528 3189 3817 3255 fruantur.

2157 3272 2291 3336 Quae
2350 3287 2484 3325 cum
2541 3269 3004 3326 millenariorum
3077 3272 3429 3328 sententiam
3491 3273 3702 3341 oleant,
3760 3277 3816 3329 et

2156 3366 2353 3430 aperte
2385 3363 2711 3431 repugnent
2741 3376 2873 3414 cum
2906 3358 3030 3415 loco
3073 3360 3378 3417 Athanasii
3434 3345 3568 3418 mox
3596 3380 3818 3420 memo-

2153 3452 2300 3513 rato,
2327 3448 2462 3519 jure
2493 3449 2552 3502 in
2587 3447 2981 3520 suspicionem
3011 3447 3220 3510 νοθείας
3251 3455 3549 3514 vocentur.

2230 3540 2572 3592 Juramento
2605 3553 2907 3609 perperam
2942 3545 3046 3592 aut
3077 3539 3511 3610 praecipitanter
3540 3542 3675 3598 dato
3703 3559 3820 3599 non

2161 3627 2441 3681 standum
2475 3642 2604 3682 esse
2634 3627 2802 3682 docet
2833 3644 2947 3683 non
2982 3627 3162 3683 semel
3193 3628 3554 3686 Athanasius
3574 3631 3656 3703 (p.
3688 3633 3819 3701 209,

2159 3716 2286 3781 210,
2318 3715 2466 3786 235).

2954 3827 3022 3879 V.

2163 3913 2234 3967 De
2281 3913 2555 3969 haereticis
2586 3913 2653 3968 ab
2684 3914 2981 3970 Athanasio
3026 3915 3364 3986 impugnatis
3394 3925 3444 3972 et
3471 3920 3812 3976 memoratis.

2235 4022 2285 4075 1.
2312 4020 2705 4092 Impugnandi
2737 4021 3042 4078 haereticos
3065 4023 3330 4080 studium
3352 4024 3570 4097 ubique
3594 4027 3825 4098 praefert

2162 4109 2562 4165 Athanasius:
2621 4111 2774 4181 quod
2834 4111 3130 4183 inceptum
3191 4131 3433 4185 aparvo
3473 4132 3608 4170 cum
3658 4119 3824 4173 aetate

2164 4198 2414 4253 accrevit
2435 4197 2634 4253 simul.
2668 4198 2845 4254 Arius
2878 4201 3033 4256 enim
3055 4218 3210 4257 unus
3236 4203 3601 4274 perniciosus
3629 4205 3823 4260 Eccle-

2163 4287 2261 4342 siae
2296 4293 2355 4342 et
2384 4287 2583 4359 patriae
2621 4305 2740 4344 sua:
2774 4288 2935 4360 civis,
2970 4293 3150 4345 totam
3183 4307 3330 4363 pene
3358 4293 3662 4350 Athanasii
3686 4299 3823 4351 aeta-

2161 4381 2281 4432 tem
2304 4376 2489 4442 bellis,
2528 4378 2762 4450 pugnis,
2796 4379 3674 4451 controversiis,calamitatibus
3692 4401 3826 4440 con-

2163 4466 2360 4521 trivit:
2393 4484 2529 4522 nam
2564 4469 2820 4523 defuncti
2845 4469 3204 4540 provinciam
3229 4470 3287 4525 in
3319 4472 3523 4527 eadem
3549 4472 3826 4544 palaestra

2162 4561 2533 4628 exceperunt,
2568 4556 2669 4628 qui
2701 4558 2839 4614 Ario
2870 4558 3017 4613 nihil
3059 4561 3458 4616 concedebant
3501 4562 3822 4632 ferocitate,

2162 4645 2399 4712 astutia,
2434 4648 2743 4718 protervis.
2778 4655 2860 4702 Ac
2885 4653 3094 4720 praeter
3140 4649 3306 4720 istos,
3340 4650 3436 4705 alii
3469 4650 3722 4707 haeretici
3755 4670 3827 4708 ex

2163 4738 2496 4790 transverso
2527 4736 2778 4791 subinde
2810 4736 3189 4808 inexspectati
3239 4740 3599 4806 accedentes,
3625 4739 3684 4795 in
3707 4741 3825 4797 dis-

2167 4825 2388 4879 crimen
2420 4825 2708 4881 vocabant
2762 4825 3032 4881 Ecclesiae
3090 4826 3598 4898 tranquillitatem.
3643 4828 3824 4886 Atha-

2083 4896 2129 4960 D
2163 4914 2369 4970 nasius
2400 4931 2532 4970 vero
2564 4932 2720 4970 unus
2753 4933 2898 4987 pene
2955 4916 3220 4972 omnium
3261 4916 3545 4989 impetum
3577 4919 3822 4992 excepit,

2159 5020 2315 5059 unus
2338 5004 2678 5059 innumeros
2701 5003 3026 5077 profligavit
3050 5011 3276 5061 .Annon
3295 5006 3642 5063 exstinctam
3667 5009 3824 5080 apud

2159 5093 2430 5149 homines
2460 5111 2605 5149 verae
2639 5094 2769 5149 ﬁdei
2800 5110 3003 5150 curam
3062 5095 3332 5161 dixisses,
3388 5113 3522 5150 cum
3555 5097 3813 5154 instante

2160 5184 2484 5240 Constantii
2517 5189 2679 5239 metu
2713 5184 2878 5240 fracti
2929 5201 3154 5251 omnes,
3188 5187 3289 5238 aut
3310 5185 3534 5251 cedere,
3567 5190 3670 5241 aut
3699 5186 3821 5242 dis-

2164 5272 2444 5330 simulare
2501 5273 2791 5344 compulsi
2851 5277 3029 5339 sunt;
3087 5271 3515 5344 Athanasiique
3569 5273 3824 5333 solitudo

2163 5367 2329 5419 tanta
2358 5368 2502 5431 erat,
2537 5367 2602 5418 ut
2633 5378 2704 5417 ne
2735 5363 3031 5418 desertum
3071 5361 3308 5433 quidem
3343 5367 3434 5418 sat
3461 5368 3656 5420 tutum
3708 5365 3824 5438 ipsi

2163 5459 2319 5510 esset
2349 5454 2422 5508 ab
2483 5452 2717 5508 insidiis
2766 5452 3295 5510 consceleratorum
3321 5455 3349 5510 ?
3398 5456 3468 5510 Et
3495 5458 3694 5511 tamen
3726 5455 3824 5512 ille

2167 5549 2445 5600 strenuus
2528 5559 2673 5598 vera:
2734 5541 2868 5597 ﬁdei
2899 5549 3206 5614 patronus,
3279 5562 3396 5600 non
3470 5546 3822 5601 Arianorum

2167 5634 2361 5703 modo,
2395 5632 2495 5688 sed
2529 5631 2779 5687 aliorum
2811 5648 3044 5703 quoque
3095 5638 3339 5690 conatus
3394 5634 3586 5706 fregit,
3617 5651 3819 5690 eorum

2166 5723 2388 5780 scilicet
2418 5721 2518 5793 qui
2551 5725 2863 5793 postquam
2898 5726 3246 5779 exoneratus
3290 5723 3385 5779 ille
3416 5725 3631 5780 Ariano
3662 5728 3819 5779 metu

2167 5814 2376 5877 fuerat,
2413 5826 2692 5865 novarum
2753 5809 3095 5880 opinionum
3156 5817 3426 5868 auctores
3476 5813 3657 5869 fuere.
3690 5813 3732 5868 E
3761 5830 3822 5868 re

2169 5905 2364 5956 autem
2425 5899 2546 5954 fore
2605 5898 3090 5969 speramus,si,de
3131 5900 3472 5967 haeresibus,
3534 5917 3683 5973 quas
3732 5901 3818 5956 vel

2170 5992 2306 6047 data
2359 6004 2536 6060 opera
2581 5987 2923 6056 conlutavit,
2953 5989 3045 6047 vel
3075 5989 3323 6063 carptim
3353 5991 3546 6064 tetigit
3571 5990 3822 6048 Athana-
