4170 6378
357 404 484 467 ω

1748 396 2366 464 PROLEGOMENA.

355 533 503 602 eius,
537 531 739 608 paucis
771 549 875 607 pro
908 549 1068 590 more
1119 533 1296 590 verba
1350 533 1655 591 faciamus.
1688 534 1833 591 Nam
1866 534 1998 606 Epi-
2027 535 2084 601 Α
2113 538 2476 610 injectasque
2507 538 2887 597 difﬁcultates
2916 538 3135 598 elevat:
3194 538 3442 598 Arianos
3481 553 3614 599 vero
3661 531 3772 594 hoc

352 625 629 699 phanius,
662 623 895 680 tametsi
929 641 1141 696 magno
1173 623 1367 680 labore
1397 629 1455 680 et
1485 624 1852 680 accuratione
1885 624 1998 679 hrc-

349 715 664 772 reticorum
695 713 1042 769 sententiam
1103 713 1351 786 collegit,
1409 719 1690 779 attamen,
1739 714 1821 769 uti
1856 713 2003 769 solet

347 803 409 860 in
465 803 808 876 bujusmodi
882 803 1421 858 enumerationibus
1502 804 1755 870 evenire,
1814 803 2002 858 multa

351 892 724 964 prmtermisit
756 893 990 961 intacta,
1027 909 1151 963 qua:
1176 893 1246 948 ab
1278 892 1598 949 Athanasio
1617 893 1866 963 aliisque
1893 896 1997 946 Pa-

349 981 538 1037 tribus
589 986 882 1037 notantur.
917 981 1201 1045 Quoniam
1231 998 1364 1037 vero
1395 982 1671 1037 Arianam
1730 981 1995 1037 haeresim

347 1070 718 1143 potissimum
750 1071 988 1124 adortus
1046 1073 1135 1125 est
1164 1069 1522 1125 Athanasius
1549 1088 1560 1124 :
1596 1075 1652 1126 et
1683 1070 1731 1125 si
1761 1071 1996 1142 quando

345 1159 492 1216 alias
527 1160 863 1225 insectatur,
897 1157 982 1213 vel
1037 1158 1339 1215 occasione
1393 1160 1766 1225 Arianorum,
1804 1159 1888 1214 vel
1924 1160 1994 1214 ab

341 1249 577 1306 Arianis
608 1249 1034 1322 proseminatae
1082 1247 1356 1320 exagitat,
1390 1249 1458 1303 de
1491 1249 1704 1304 Ariana
1739 1249 1992 1320 primum

344 1343 566 1411 agetur.

408 1432 461 1483 2.
495 1426 809 1484 Arianismi
869 1425 926 1481 in
977 1425 1106 1497 ipso
1163 1430 1364 1481 exortu
1419 1426 1538 1480 haec
1589 1426 1990 1496 fundamenta,

342 1516 429 1574 hee
460 1521 692 1573 tesserae
752 1517 1007 1572 fuerunt.
1065 1515 1173 1571 Ore
1229 1515 1410 1587 impio
1469 1516 1662 1586 Arius,
1697 1533 1844 1587 quos
1876 1516 1991 1588 prio

337 1606 520 1664 vatim
553 1605 697 1662 etin
751 1605 986 1677 angulis
1043 1609 1449 1676 consperserat
1505 1622 1750 1676 errores,
1799 1606 1857 1660 in
1891 1624 1989 1678 sy-

339 1697 490 1752 nodo
517 1696 754 1751 demum
775 1693 1169 1750 Alexandrina
1189 1693 1430 1766 protulit
1452 1695 1844 1767 audacterque
1857 1712 1989 1767 pro-

336 1785 638 1860 pugnavit.
696 1785 904 1840 Aiebat
958 1800 1118 1856 ergo,
1161 1783 1263 1839 Dei
1323 1782 1580 1839 Verbum
1613 1801 1727 1840 non
1759 1802 1991 1857 semper

337 1875 729 1942 fuisse,sedex
747 1873 930 1930 nihilo
950 1873 1164 1971 factum
1211 1876 1268 1928 et
1288 1875 1550 1971 creatum
1579 1873 1656 1945 (p.
1690 1874 1839 1945 314),
1872 1890 1987 1928 non
2020 1906 2068 1971 B

337 1969 643 2032 atternum,
667 1981 782 2020 non
812 1963 966 2020 Patri
990 1961 1181 2018 simile
1214 1962 1535 2018 secundum
1571 1963 1987 2031 substantiam,

337 2071 526 2127 neque
546 2071 747 2111 verum
777 2053 878 2110 Dei
909 2052 1191 2117 Verbum,
1224 2055 1327 2105 aut
1353 2051 1724 2124 sapientiam,
1760 2053 1859 2108 sed
1893 2071 1987 2104 κα-

335 2147 722 2220 ταχρηστικῶς
755 2144 838 2199 ita
866 2141 1054 2200 vocari
1087 2158 1099 2196 :
1134 2157 1264 2196 esse
1313 2145 1522 2197 natura
1552 2141 1854 2209 mutabile,
1893 2158 1988 2196 ne-

337 2249 451 2306 que
483 2251 654 2291 nosse
674 2233 1050 2300 Patrem,imo
1081 2247 1152 2286 ne
1182 2246 1364 2313 suam
1384 2231 1620 2301 quidem
1668 2231 1856 2303 ipsius
1886 2249 1988 2287 na-

336 2326 552 2379 turam.
613 2324 852 2394 Pr0pter
909 2338 1016 2377 nos
1073 2320 1289 2374 factum
1319 2319 1522 2387 fuisse,
1543 2326 1608 2376 ut
1636 2320 1734 2376 illo
1765 2338 1865 2376 ceu
1900 2321 1986 2376 in-

337 2415 662 2469 strumento
695 2429 800 2468 nos
857 2411 1132 2467 conderet
1183 2408 1373 2478 Deus;
1430 2426 1620 2481 neque
1668 2411 1984 2466 creandum

333 2518 598 2573 unquam
654 2502 855 2572 fuisse,
916 2499 1028 2556 nisi
1082 2515 1188 2555 nos
1221 2501 1375 2558 Deus
1405 2501 1652 2557 condere
1679 2499 1983 2555 voluisset.

333 2591 463 2648 Haec
483 2607 618 2646 vera
639 2591 761 2646 Arii
785 2591 1074 2658 doctrina,
1105 2592 1225 2648 haec
1274 2590 1544 2664 pluribus
1569 2588 1745 2644 illein
1775 2590 1982 2659 Thalia,

333 2697 511 2754 quam
543 2697 741 2737 vocem
774 2680 926 2736 inter
973 2698 1065 2737 res
1113 2687 1232 2739 tam
1281 2681 1464 2738 serias
1495 2697 1566 2734 ne
1597 2683 1982 2735 memoratam

338 2770 577 2843 quidem
609 2770 886 2842 oportuit.
916 2771 1052 2826 Erat
1081 2771 1299 2844 quippe
1340 2769 1442 2825 illa
1471 2767 1822 2824 effeminatis
1855 2767 1982 2839 qui-

328 2859 584 2916 busdam
607 2858 996 2930 acjoculariis
1029 2860 1218 2916 modis
1239 2860 1542 2924 adornata,
1574 2856 1838 2929 exemplo
1870 2857 1981 2911 sci-

328 2948 465 3005 licet
504 2948 892 3021 impurissimi
936 2951 1180 3017 Sotadae,
1232 2949 1448 3005 nobilis
1499 2948 1604 3002 hoc
1665 2947 1723 3003 in
1772 2962 1982 3018 genere

328 3041 532 3112 poetae.
588 3037 750 3094 Unde
805 3042 894 3094 est
945 3039 1098 3111 quod
1159 3056 1194 3094 a
1259 3037 1534 3110 Gregorio
1587 3037 1847 3108 Nysseno
1906 3037 1980 3106 (a)

327 3127 556 3183 Arianae
637 3127 847 3182 Thaliae
925 3127 1084 3182 dicta
1172 3125 1618 3202 παρατεθρυμὲνα
1702 3120 1981 3178 Σωτάδεια

325 3221 758 3289 nuncupentur.
785 3216 1006 3274 Callide
1028 3217 1166 3273 item
1197 3218 1372 3273 Arius
1422 3233 1556 3272 cum
1587 3215 1744 3288 vulgi
1777 3213 1975 3270 multi-

323 3307 466 3364 tudo
520 3305 783 3362 nascenti
837 3305 1042 3362 hzeresi
1093 3323 1303 3361 nomen
1355 3305 1537 3375 daret,
1607 3303 1868 3360 carmina
1917 3308 1974 3358 et
2008 3276 2052 3344 C

325 3401 534 3452 cantus
557 3394 938 3468 popularibus
962 3395 1280 3462 adornavit,
1315 3394 1530 3466 quibus
1559 3411 1812 3450 errorem
1847 3409 1974 3466 pro-

326 3486 556 3559 pinaret
584 3501 758 3540 suum
783 3503 796 3539 :
823 3500 958 3538 nam
991 3484 1246 3556 priscum
1275 3489 1361 3539 est
1386 3501 1398 3538 :

400 3583 508 3649 Τὴν
543 3583 648 3656 γὰρ
710 3577 901 3650 ἀοιδὴν
939 3578 1149 3653 μᾶλλον
1211 3578 1535 3635 ἐπικλείονο⁹
1566 3578 1656 3634 ἄνθ
1696 3601 1835 3634 ωποι

400 3657 547 3702 "II-nc
578 3652 919 3702 ἀκουόντεσσι
950 3653 1188 3702 νεωτάτη
1224 3650 1599 3702 ἀτλωιπὲλτται
1629 3600 1725 3702 (ἔκ-

391 3650 919 3714 ⁸Ἡτιξάἆωυόντεσσι
941 3650 1188 3720 vecordi-cn
1224 3650 1599 3729 ἀμφιπέληται

393 3755 448 3808 3.
474 3751 641 3808 Hisce
693 3752 870 3823 probe
911 3752 982 3806 ad
1025 3752 1342 3822 perniciem
1383 3752 1722 3818 instructus,
1766 3753 1968 3810 multis

321 3842 495 3899 exitio
519 3840 648 3896 fuit.
681 3842 734 3895 Si
785 3841 1021 3911 quando
1042 3857 1174 3895 vero
1202 3844 1333 3912 post
1358 3840 1478 3894 haec
1522 3840 1606 3895 vel
1629 3841 1752 3912 ipse
1772 3843 1968 3908 Arius,

319 3933 406 3988 vel
433 3934 561 4002 ejus
583 3946 882 4002 sequaces,
916 3931 972 3984 in
994 3929 1127 3984 fidei
1156 3929 1425 3985 formulis
1447 3946 1510 3984 ac
1542 3932 1970 4000 controversiis,

321 4022 593 4096 quaedam
617 4019 705 4075 vel
757 4019 1070 4076 celaverint
1099 4035 1359 4090 prorsus,
1393 4017 1481 4074 vel
1537 4019 1878 4092 mitigarint,
1911 4021 1968 4077 id

315 4112 476 4168 vaire
494 4115 551 4166 et
571 4108 1158 4174 fraudulenter,metu
1174 4107 1640 4180 impendentium
1656 4108 1968 4182 malorum,

318 4206 384 4257 ut
405 4199 647 4272 paulum
700 4198 946 4270 tempori
977 4197 1379 4253 concederent.
1410 4197 1479 4252 Et
1509 4198 1648 4269 quia
1686 4197 1834 4253 solet
1865 4199 1969 4254 ad-

314 4289 610 4346 versarius
668 4288 763 4344 ille
797 4287 1036 4343 humani
1094 4287 1326 4358 generis
1384 4286 1607 4343 litteras
1643 4304 1838 4342 sacras
1869 4289 1969 4344 ob-

314 4380 553 4435 tendere
570 4379 630 4433 in
650 4377 911 4432 velamen
935 4392 1222 4441 errorum,
1247 4376 1446 4443 Arius,
1479 4376 1692 4432 diaboli
1721 4379 1974 4434 versutia

319 4485 486 4533 usus,
519 4467 641 4523 haec
690 4483 758 4522 ex
778 4465 1074 4538 Scriptura
1097 4482 1263 4520 sacra
1284 4472 1632 4538 argumenta
1663 4469 1973 4524 mutuaba-

316 4563 416 4614 tur
444 4559 522 4630 (p.
557 4558 704 4627 405),
762 4556 855 4610 his
902 4555 1076 4610 Verbi
1126 4555 1488 4610 divinitatem
1536 4555 1661 4610 tolli
1693 4558 1970 4628 putabat;

2112 626 2448 684 dilemmate
2471 635 2771 703 oppugnat
2810 631 2890 702 (p.
2928 631 3090 701 167):
3132 631 3388 687 Verbum
3438 629 3524 686 vel
3557 632 3644 686 est
3683 626 3771 684 Fi-

2111 716 2227 773 lius
2250 717 2348 772 Dei
2375 718 2694 782 natura,vel
2720 720 2928 790 gratia,
2957 725 3171 776 utsunt
3193 719 3229 775 ii
3252 721 3323 775 de
3344 721 3563 792 quibus
3588 718 3766 774 Joan-

2111 824 2216 862 nes
2243 824 2254 861 :
2289 811 2560 877 Quotquot
2590 813 2773 862 autem
2813 815 3128 880 receperunt
3159 825 3283 865 eum
3313 809 3466 864 dedit
3510 811 3587 863 eis
3614 817 3765 880 pote-

2107 902 2305 952 statem
2336 898 2482 966 filios
2512 899 2610 952 Dei
2638 898 2847 966 ﬁeri.Si
2874 898 3062 969 priore
3089 899 3282 963 modo,
3302 903 3389 953 est
3416 897 3595 969 igitur
3614 898 3769 966 ejus-

2109 987 2240 1041 dem
2257 987 2599 1042 substantiae
2624 993 2796 1058 atque
2823 987 3018 1055 Pater;
3049 988 3098 1044 si
3147 988 3490 1060 posteriore,
3525 992 3589 1042 ut
3610 986 3763 1041 vole-

2108 1075 2249 1131 bant
2272 1076 2470 1131 Ariani
2496 1077 2728 1147 (p.168),
2757 1076 2899 1131 falso
2927 1077 3265 1148 unigenitus
3287 1084 3543 1144 vocatur,
3574 1093 3763 1147 neque

2107 1181 2140 1219 a
2171 1164 2339 1219 nobis
2366 1165 2421 1219 in
2449 1165 2573 1220 Filii
2611 1165 2833 1220 ratione
2865 1166 3074 1221 differt.
3113 1166 3490 1237 Reponebant
3521 1164 3718 1220 Ariani
3745 1180 3757 1219 :

2109 1253 2191 1308 Ita
2210 1252 2594 1325 intelligimus
2619 1253 2828 1309 Filium
2857 1255 3033 1310 rebus
3071 1255 3286 1309 creatis
3311 1254 3678 1320 antecellere,
3705 1257 3761 1308 et

2105 1342 2232 1396 ideo
2267 1343 2636 1415 unigenitum
2666 1343 2800 1410 dici,
2835 1344 2988 1413 quod
3049 1344 3173 1415 ipse
3224 1342 3386 1398 solus
3427 1361 3459 1399 a
3491 1341 3613 1398 solo
3643 1342 3760 1397 Deo

2103 1431 2292 1487 factus
2325 1433 2440 1499 sit;
2490 1438 2694 1487 caztcra
2737 1449 2868 1487 vero
2921 1432 3121 1487 omzia
3169 1450 3203 1486 a
3238 1433 3347 1487 Deo
3399 1447 3502 1503 per
3548 1430 3759 1486 Filium

2103 1520 2221 1575 sint
2241 1521 2520 1576 creata.Id
2544 1520 2783 1592 depellit
2803 1520 3164 1576 Athanasius
3187 1521 3348 1576 hisce
3369 1519 3757 1593 argumentis:

2100 1607 2155 1664 Si
2189 1613 2358 1664 Pater
2388 1609 2578 1664 solum
2611 1613 2768 1664 creat
2809 1608 3086 1677 Verbum,
3129 1626 3202 1665 an
3251 1627 3365 1682 prae
3409 1608 3759 1664 lassitudine

2099 1715 2132 1754 a
2162 1699 2384 1754 caeteris
2414 1699 2734 1754 condendis
2776 1697 3030 1754 abstinet
3072 1698 3282 1770 ?atqui
3318 1698 3566 1770 impium
3607 1697 3752 1751 illud

2099 1791 2187 1844 est
2211 1804 2223 1842 :
2250 1804 2323 1843 an
2347 1787 2484 1859 quia
2504 1804 2612 1842 sua
2634 1785 2894 1858 potentia
2911 1785 3218 1859 indignum
3243 1792 3453 1858 putans
3470 1804 3538 1842 ea
3558 1785 3758 1842 omnia

2098 1878 2366 1948 condere,
2396 1877 2813 1932 administrum
2873 1880 3006 1932 ante
3055 1875 3317 1931 creavit?
3346 1892 3547 1930 verum
3594 1874 3759 1930 nulla

2102 1967 2158 2022 in
2188 1968 2304 2023 Deo
2327 1967 2622 2039 superbia,
2657 1970 2854 2021 tumor
2876 1964 3110 2033 nullus;
3138 1970 3196 2020 et
3235 1964 3493 2036 alioquin
3535 1968 3759 2035 pugnat

2101 2055 2242 2111 illud
2268 2073 2401 2112 cum
2427 2054 2717 2110 sexcentis
2740 2054 3053 2125 Scripturae
3075 2053 3342 2120 locis,ubi
3368 2053 3567 2107 omnia
3584 2070 3617 2107 a
3638 2053 3756 2108 Deo

2099 2145 2252 2201 facta
2281 2145 2575 2214 dicuntur,
2613 2144 2831 2199 scilicet
2866 2161 2968 2216 per
2986 2143 3241 2198 Verbum
3270 2159 3476 2198 suum:
3512 2159 3582 2197 an
3615 2142 3758 2211 quia

2098 2239 2304 2290 caetera
2352 2233 2585 2306 opiﬁcia
2629 2234 2900 2288 invictam
2952 2233 3054 2288 Dei
3104 2235 3200 2284 τοῦ
3234 2230 3521 2303 ἀγενήτου,
3553 2230 3608 2284 id
3643 2235 3751 2300 est,

2095 2341 2205 2380 non
2233 2323 2643 2399 facti,manum
2671 2322 2816 2377 ferre
2840 2338 2954 2377 non
2986 2320 3265 2390 valerent,
3299 2337 3447 2392 opus
3479 2321 3586 2374 fuit
3613 2318 3751 2375 Filio

2097 2413 2196 2486 qui
2220 2414 2512 2480 conderet,
2541 2416 2604 2466 ut
2621 2411 2886 2466 Asterius
2905 2415 2961 2466 et
2978 2411 3152 2464 Arius
3169 2410 3454 2464 tradidere
3475 2409 3502 2462 ?
3533 2409 3749 2463 Verum

2096 2509 2300 2575 argute
2331 2501 2687 2557 Athanasius
2719 2501 2775 2555 id
2806 2499 3141 2572 propulsat:
3179 2500 3262 2566 Si,
3295 2499 3436 2570 quia
3465 2516 3556 2553 res
3589 2499 3750 2552 facta)

2095 2599 2376 2658 sunt,non
2410 2592 2545 2647 facti
2579 2607 2821 2645 manum
2849 2590 2996 2644 ferre
3030 2606 3142 2643 non
3176 2591 3461 2659 possunt;
3495 2602 3636 2641 sane
3660 2603 3753 2640 ne-

2094 2699 2209 2755 que
2242 2681 2443 2749 Filius,
2479 2679 2598 2752 qui,
2633 2683 2697 2734 ut
2729 2695 2827 2733 vos
2887 2678 3102 2744 dicitis,
3145 2677 3334 2732 factus
3366 2680 3472 2742 est,
3507 2691 3749 2730 manum

2092 2772 2220 2843 ejus
2243 2771 2390 2826 ferre
2414 2768 2638 2841 potuit:
2699 2772 2756 2823 et
2804 2767 2917 2822 alio
2951 2767 3142 2822 medio
3181 2766 3291 2820 erit
3320 2782 3490 2838 opus,
3550 2764 3747 2836 itaque

2091 2860 2202 2917 erit
2223 2860 2283 2914 in
2312 2857 2609 2913 infinitum
2644 2856 2998 2928 progressio.
3053 2854 3197 2910 Aliis
3221 2855 3359 2908 item
3385 2853 3748 2925 argumentis

2090 2950 2208 3005 Arii
2235 2947 2526 3004 insaniam
2549 2945 2787 3018 depellit
2814 2962 2825 2998 :
2852 2946 2910 3000 Si
2934 2944 3112 3000 Filius
3133 2943 3448 3015 aliquando
3473 2961 3585 2998 non
3615 2943 3744 3008 fuit,

2091 3057 2208 3096 non
2256 3039 2368 3093 fuit
2402 3051 2631 3106 semper
2661 3034 2920 3090 Trinitas
2954 3052 2968 3102 ;
3002 3034 3169 3088 Pater
3217 3034 3356 3088 item
3408 3049 3520 3088 non
3572 3032 3748 3087 fuerit

2090 3146 2323 3201 semper
2343 3128 2529 3192 Pater,
2565 3142 2677 3180 non
2729 3125 3045 3180 exsistente
3086 3121 3269 3189 Filio;
3304 3122 3543 3193 insuper
3580 3125 3748 3176 Pater

2093 3219 2264 3274 fuerit
2295 3217 2610 3288 aliquando
2662 3210 2888 3287 ἄλογος,
2949 3215 3069 3268 sine
3107 3211 3442 3267 verbo.Nam
3475 3210 3743 3265 animad-

2090 3313 2279 3364 vertas
2299 3306 2492 3376 velim,
2525 3322 2654 3361 eam
2688 3303 2809 3359 Arii
2843 3302 3178 3375 opinionem
3214 3300 3415 3366 fuisse,
3451 3300 3604 3371 quod
3639 3300 3745 3355 Pa-

2088 3402 2177 3453 ter
2203 3398 2378 3453 verba
2405 3395 2589 3450 multa
2620 3391 2977 3466 produxerit.
3011 3391 3145 3454 Quae
3199 3390 3508 3456 sententia,
3555 3393 3618 3443 ut
3642 3388 3746 3442 im-

2089 3488 2184 3560 pia
2206 3488 2278 3543 ab
2300 3484 2617 3541 Athanasio
2639 3483 2920 3553 rejicitur,
2937 3499 3002 3536 ac
3021 3480 3230 3535 merito
3251 3480 3488 3552 quidem
3515 3496 3527 3533 :
3556 3495 3743 3533 unum

2090 3577 2304 3650 quippe
2355 3575 2413 3628 in
2463 3574 2578 3629 Deo
2599 3571 2857 3626 Verbum
2887 3575 2995 3625 est.
3029 3570 3176 3624 Nam
3208 3567 3359 3622 Deus
3389 3567 3627 3639 sapiens
3657 3571 3746 3622 est

2088 3683 2191 3739 per
2207 3663 2556 3736 sapientiam
2576 3678 2769 3728 suam,
2799 3659 2856 3713 id
2881 3663 2970 3714 est
2993 3675 3094 3729 per
3115 3656 3328 3711 Filium
3353 3674 3364 3710 :
3399 3660 3456 3708 et
3489 3655 3742 3709 rationa-

2088 3756 2162 3812 lis
2186 3771 2288 3827 per
2307 3753 2594 3809 rationem
2635 3766 2827 3815 suam,
2859 3748 2917 3802 id
2967 3752 3056 3801 est
3101 3743 3300 3816 Λόγον,
3333 3760 3436 3799 seu
3469 3744 3742 3800 Verbum.

2091 3845 2339 3900 Demum
2363 3841 2411 3895 si
2431 3857 2499 3895 ex
2517 3838 2638 3894 Arii
2665 3838 2857 3892 furore
2907 3834 3140 3906 aliquod
3169 3837 3500 3905 erumperet
3528 3849 3740 3887 novum

2091 3926 2736 4006 argumentum,omnia
2767 3924 3082 3981 Athanasio
3112 3928 3278 3978 erant
3307 3923 3377 3978 ad
3412 3922 3554 3977 illud
3591 3924 3744 3978 fran-

2092 4022 2349 4097 gendum
2381 4018 2669 4090 expedita.

2162 4113 2212 4166 4.
2248 4107 2433 4165 Sentit
2482 4107 2726 4162 fortasse
2776 4103 2955 4160 lector
2984 4119 3159 4176 quam
3192 4101 3393 4175 procul
3427 4102 3743 4157 abducere-

2093 4199 2303 4270 mur,si
2334 4197 2531 4253 omnia
2555 4194 2852 4251 Athanasii
2903 4197 3272 4265 argumenta,
3307 4191 3356 4245 si
3387 4191 3742 4245 Arianorum

2092 4290 2458 4364 sophismata
2489 4299 2962 4341 recenseremus:
2987 4299 3188 4354 quare,
3225 4280 3424 4336 missis
3471 4279 3622 4347 aliis,
3657 4279 3743 4334 vi-

2090 4384 2334 4438 deamus
2357 4394 2470 4449 quo
2495 4380 2662 4448 pacto
2683 4372 2936 4445 depellat
2952 4376 3367 4444 argumentum
3389 4370 3744 4425 Arianorum

2089 4489 2158 4528 ex
2187 4470 2296 4525 hoc
2329 4466 2767 4522 Proverbiorum
2800 4463 2952 4517 dicto
2991 4462 3445 4533 depromptum:
3481 4460 3747 4515 Dominus

2090 4557 2656 4618 creavitmeinitium
2715 4555 2936 4606 viarum
2992 4567 3224 4606 suarum
3284 4552 3344 4604 in
3387 4564 3552 4619 opera
3583 4547 3745 4601 sua'.

317 4649 581 4704 Dilexisti
614 4647 902 4719 justitiam
956 4653 1007 4700 et
1047 4645 1214 4700 odisti
1261 4647 1630 4716 iniquitatem,
1684 4651 1975 4718 propterea
2005 4675 2051 4740 Β
2094 4650 2274 4708 Insita
2296 4645 2605 4703 hominum
2630 4641 2927 4698 mentibus
2957 4638 3300 4740 estopinio,
3326 4636 3748 4740 Athanasium,

318 4739 483 4792 unxit
515 4744 562 4793 te
590 4737 752 4805 Deus,
783 4736 923 4789 Deus
971 4742 1093 4789 tuus
1139 4734 1254 4789 oleo
1285 4735 1521 4803 lwtzti'e,
1553 4750 1670 4804 prae
1699 4738 1964 4792 consorti-

321 4826 418 4881 bus
464 4827 592 4880 tuis.
640 4828 728 4886 Et,
776 4824 1038 4878 Dominus
1083 4825 1287 4879 creavit
1332 4839 1420 4878 me
1466 4825 1693 4879 initium
1749 4828 1968 4881 viarum

317 4932 546 4971 suarum
577 4917 636 4970 in
667 4930 834 4986 Opera
861 4929 979 4967 sua.
1015 4913 1179 4981 Item,
1215 4911 1418 4967 Omnia
1446 4914 1590 4968 mihi
1617 4914 1823 4970 tradita
1843 4920 1969 4970 sunt

317 5023 356 5062 a
386 5008 548 5060 Patre
565 5005 779 5060 meo.Et
800 5025 817 5058 :
850 5003 1008 5058 Nunc
1034 5003 1230 5057 anima
1259 5019 1380 5056 mea
1414 5005 1636 5057 turbata
1664 5008 1762 5069 est,
1796 5009 1970 5076 atque

317 5095 447 5151 aliis
467 5097 610 5150 bene
631 5093 856 5157 multis,
890 5109 1016 5163 quae
1063 5091 1118 5145 in
1135 5091 1325 5146 indice
1347 5097 1623 5163 congesta
1646 5093 1835 5148 videre
1860 5100 1969 5148 est.

319 5185 566 5240 Aiebant
587 5185 760 5238 item:
789 5183 848 5237 Si
875 5181 1058 5236 Filius
1081 5197 1312 5252 semper
1333 5181 1560 5246 fuisset,
1586 5181 1763 5238 frater
1784 5183 1974 5238 Patris

317 5273 508 5330 vocari
529 5277 742 5344 posset,
776 5270 1109 5342 utpoteipsi
1138 5287 1384 5325 coaevus.
1417 5272 1501 5340 Et,
1537 5271 1595 5326 Si
1621 5270 1803 5326 Filius
1850 5288 1975 5342 per-

320 5363 472 5418 fecta
493 5366 649 5416 esset
675 5360 866 5430 imago
891 5359 1099 5424 Patris,
1135 5358 1310 5413 etiam
1337 5359 1615 5430 gignendi
1639 5359 1978 5414 facultatem

327 5450 712 5508 haberet.Eos
739 5449 1044 5520 perspicue
1071 5447 1313 5503 resfellit
1333 5447 1692 5503 Athanasius
1714 5449 1793 5520 (p.
1829 5449 1977 5517 240),

393 5623 409 5658 ι
442 5627 614 5677 Prov.
644 5636 768 5689 vni,
799 5619 891 5672 22.

391 5762 469 5839 (a)
501 5761 702 5821 Contra
725 5759 1089 5820 Eunomium.

2075 4743 2126 4808 si
2162 4737 2444 4796 Hebraice
2476 4733 2699 4806 peritus
2754 4730 2983 4794 fuisset,
3016 4727 3064 4784 si
3095 4743 3293 4782 veram
3326 4726 3577 4797 hujusce
3607 4724 3748 4780 dicti

2075 4827 2439 4906 sententiam
2476 4822 2766 4879 tenuisset
2799 4830 2955 4906 D'tp
2978 4827 3110 4879 1:11
3149 4827 3351 4876 mem
3411 4825 3535 4903 περ
3611 4825 3748 4874 mm

2079 4932 2204 4981 mm
2247 4901 2470 4980 Ἰηπυγεῇ
2499 4928 2628 4983 qua:
2661 4914 2785 4964 est:
2846 4901 3108 4963 Dominus
3135 4907 3373 4978 possedit
3403 4901 3747 4959 meinitium

2080 5012 2185 5065 via:
2211 5023 2328 5063 sua:
2358 5009 2490 5058 ante
2519 5017 2682 5072 Opera
2713 5016 2816 5054 sua
2845 5014 2914 5054 ea:
2945 5006 3092 5063 tunc,
3115 5013 3230 5051 non
3262 5000 3493 5050 tantum
3527 4993 3744 5050 laboris

2084 5101 2504 5166 suscepturum
2532 5091 2712 5144 fuisse
2733 5087 2790 5142 in
2805 5086 3128 5142 cnervando
3143 5089 3486 5156 argumento
3503 5084 3744 5138 Ariano-

2085 5203 2239 5255 rum,
2277 5183 2376 5256 qui
2429 5181 2651 5236 dictum
2685 5175 3023 5248 hujusmodi
3051 5192 3062 5230 :
3109 5177 3369 5230 Dominus
3399 5175 3602 5228 creavit
3631 5189 3740 5239 me,

2088 5276 2158 5331 ad
2192 5273 2400 5329 Filium
2449 5271 2600 5324 inter
2646 5271 2868 5323 creatas
2913 5281 3008 5320 res
3057 5261 3604 5322 connumerandum
3636 5261 3743 5314 de-

2087 5362 2463 5436 torquebant.
2514 5357 2728 5413 Verum
2763 5371 3045 5428 perquam
3081 5351 3246 5408 facile
3278 5348 3601 5405 Athanasio
3634 5345 3746 5401 fuit

2087 5470 2156 5508 ex
2186 5447 2557 5522 Origenianis
2607 5447 2882 5519 "emptis,
2940 5461 3068 5517 quae
3102 5458 3280 5516 penes
3329 5439 3527 5512 ipsum
3557 5439 3745 5502 erant,

2163 5620 2242 5693 (ὸ)
2273 5618 2464 5691 Odyss.
2499 5621 2568 5672 A.
