4170 6540
1298 610 1717 676 ΡΒιΕΡΑΤΙΟ
1762 608 2158 675 EDlTlONIS
2204 608 2779 674 BENEDICTINIE.

3581 625 3783 683 XXXIII.

355 764 698 823 germanam
725 745 1033 805 Hmbraicm
1053 746 1322 802 lectionis
1352 746 1704 803 sententiam
1726 745 2002 801 mutuari.
2037 749 2091 813 Α
2122 745 2391 799 hacreses.
2428 743 2528 798 Ille
2557 742 3090 814 vero,impietatom
3120 760 3286 799 suam
3320 764 3386 801 ex
3408 749 3783 820 superiorum

356 844 431 895 At
480 841 728 895 fortasse
763 839 821 894 id
881 855 996 893 non
1026 837 1171 892 tanti
1234 836 1510 908 ponderis
1566 836 1835 891 futurum
1873 837 2017 902 erat,

360 928 565 1002 quanti
599 926 1092 983 arbitranturilli.
1125 926 1271 981 Nam
1306 942 1424 980 una
1456 925 1839 997 Septuaginta
1869 924 2017 979 viro-

356 1035 490 1089 rum
520 1017 921 1089 interpretatio
950 1017 1009 1071 in
1042 1015 1295 1071 Ecclesia
1337 1016 1531 1071 Graeca
1562 1014 1880 1080 obtinebat,
1916 1030 2022 1068 nec

360 1087 630 1164 sedandae
655 1106 1061 1162 controversize
1104 1122 1272 1176 pares
1304 1108 1470 1160 erant
1498 1103 1717 1176 Aquila:
1743 1104 2022 1158 aliorum-

366 1214 476 1269 que
508 1198 893 1269 interpretum
943 1196 1265 1250 versiones.
1318 1195 1497 1265 Cujus
1530 1193 1607 1247 rei
1652 1192 2020 1259 idgindicium

369 1291 457 1342 est
490 1286 898 1356 conspicuum,
931 1284 1087 1356 quod
1120 1283 1409 1339 Eusebius
1440 1282 1875 1353 Pamphili,quo
1898 1298 2025 1335 sese

363 1392 430 1431 ex
458 1375 568 1432 hac
599 1374 945 1429 difﬁcultate
975 1372 1259 1445 expediat,
1302 1389 1415 1427 non
1450 1372 1795 1426 Hebraicam
1826 1370 2023 1425 lectio-

367 1482 524 1531 nem,
557 1481 673 1519 non
703 1463 1056 1536 Origeniana
1078 1462 1355 1533 Hexapla,
1384 1478 1509 1534 quae
1532 1466 1728 1519 tamen
1752 1461 2027 1532 frequens

369 1555 465 1610 ille
496 1554 715 1619 adibat,
743 1554 802 1608 in
836 1553 1097 1608 medium
1133 1551 1425 1619 attulerit;
1456 1551 1556 1606 sed
1591 1549 2025 1621 interpretatio-

368 1660 501 1699 nem
534 1641 1219 1709 dederit,Athanasiama3
1254 1640 1569 1695 ﬁnitimam
1593 1640 1692 1710 (a).
1726 1639 1942 1694 Verum
1966 1642 2032 1693 ut

377 1736 443 1787 ut
474 1732 569 1801 sit,
602 1736 993 1804 opportunam
1042 1730 1401 1786 Athanasius
1451 1728 1587 1784 huic
1609 1727 2033 1801 sententiaﬁex-

376 1821 750 1893 plicationem
781 1820 1137 1893 suppeditat,
1170 1821 1310 1874 dum
1345 1818 1426 1875 ait
1454 1819 1562 1874 has
1590 1819 2033 1889 voces,feci,pos—

370 1911 505 1977 sedi,
536 1910 1010 1983 peperi,idipsum
1042 1910 1099 1963 in
1124 1908 1446 1980 Scripturis
1476 1908 1824 1979 plerumque
1855 1906 2033 1979 signi-

370 2000 563 2071 ﬁcare,
618 2003 674 2054 et
732 2000 803 2053 ad
856 2015 977 2054 rem
1014 1997 1267 2069 perbelle
1300 1996 1411 2052 hoc
1442 1996 1732 2052 Geneseos
1764 1994 2033 2066 exemplo

369 2088 553 2143 utitur
583 2092 664 2160 (p.
705 2088 833 2159 373)
867 2104 880 2142 :
915 2086 1137 2142 Possedi
1192 2087 1474 2142 hominem
1525 2103 1626 2157 per
1682 2087 1874 2184 Deum,
1933 2084 2034 2192 ubji
2065 2128 2112 2192 Β

363 2178 601 2250 possedi,
636 2178 791 2233 idem
819 2180 909 2231 est
938 2178 1091 2248 quod
1124 2178 1334 2247 genui;
1364 2176 1520 2247 quod
1557 2174 1771 2230 referas
1798 2173 1938 2228 item
1959 2173 2031 2228 ad

370 2284 499 2324 eam
523 2268 875 2323 sententiam
910 2284 922 2322 :
956 2267 1221 2321 Dominus
1247 2265 1491 2337 possedit
1516 2281 1603 2319 me
1632 2266 1794 2319 initio
1818 2265 2036 2318 viarum

370 2373 618 2412 suarum.
652 2355 798 2411 Nam
833 2355 1145 2427 utrobique
1175 2354 1436 2410 Verbum
1470 2338 1574 2414 n15
1606 2353 1837 2425 legitur.
1874 2353 2036 2407 Aria-

375 2463 584 2503 norum
608 2462 740 2501 vero
763 2445 1070 2513 sententia,
1106 2461 1284 2516 quam
1309 2443 1512 2516 paucis
1542 2460 1722 2514 supra
1751 2442 2036 2513 complexi

375 2554 727 2603 sumus,non
757 2552 874 2590 una
906 2551 1139 2606 semper
1161 2534 1301 2589 fuit:
1334 2534 1477 2588 dum
1508 2533 1663 2587 enim
1689 2536 1955 2587 manaret
1977 2531 2034 2586 in

379 2624 502 2680 dies
532 2623 730 2691 latius,
764 2623 862 2679 alii
917 2623 1032 2679 alia
1063 2622 1596 2694 apprehenderunt,
1657 2626 1713 2677 et
1755 2622 1815 2676 in
1847 2621 2037 2677 varias

378 2713 682 2785 opiniones
712 2713 979 2768 distracti
1008 2716 1146 2768 sunt
1177 2728 1189 2767 :
1228 2711 1397 2766 multi
1450 2711 1684 2783 quippe,
1737 2728 1852 2766 non
1888 2729 2035 2783 qua-

376 2803 450 2858 lis
481 2802 648 2857 initio
688 2803 1001 2870 prodierat,
1034 2801 1282 2857 haeresin
1313 2801 1712 2869 vindicabant,
1759 2802 1857 2856 sed
1893 2818 2037 2873 quo-

379 2893 513 2948 dam
547 2891 851 2947 delinitam
882 2892 1192 2947 verborum
1223 2889 1432 2946 colore.
1493 2889 1611 2945 Soli
1642 2907 1778 2946 vero
1808 2891 2036 2946 Aetiani

379 2987 435 3037 et
466 2982 726 3037 Anomazi
757 2981 1301 3038 dissimilitudinem
1334 2980 1677 3036 substantiae
1711 2998 2042 3054 propugna-

380 3072 689 3142 bant,dum
723 3071 823 3128 alii
854 3076 1184 3144 temporum
1212 3070 1684 3126 conditionisese
1743 3070 2041 3143 adtempe-

380 3166 599 3232 rantes,
633 3166 698 3217 ut
727 3178 923 3217 rerum
956 3164 1198 3217 eventus
1226 3160 1465 3230 ferebat,
1493 3159 1625 3231 plus
1659 3159 1925 3215 minusve
1947 3160 2040 3215 de-

308 3298 309 3301 η
382 3250 681 3305 traherent
701 3267 769 3305 ex
791 3266 1056 3305 errorum
1088 3248 1353 3322 perﬁdia.
1379 3249 1522 3304 Orso
1548 3253 1741 3304 autem
1794 3248 2042 3305 dissidio

383 3340 737 3395 Semiariani
763 3341 833 3395 ab
882 3339 1135 3407 Arianis,
1168 3340 1427 3411 priscum
1474 3338 1885 3405 retinentibus,
1918 3339 2047 3395 abs-

386 3433 711 3485 cesserunt.
746 3430 927 3484 Erant
958 3444 1131 3501 porro
1162 3427 1507 3483 Semiariani
1539 3428 1579 3481 ii
1612 3427 2046 3499 qui,repudiate

2130 838 2365 889 aetatum
2394 832 2677 888 haereticis
2700 832 3062 904 hauserat,et
3082 834 3789 910 simplicioribus,quibus

2131 939 2234 995 per
2254 922 2433 977 animi
2458 920 2918 977 imbecillitatem
2947 939 3061 977 non
3082 922 3295 979 licebat
3314 925 3531 981 bonam
3555 944 3587 981 a
3610 945 3789 998 prava

2132 1012 2397 1067 doctrina
2427 1012 2843 1079 internoscere,
2884 1011 3165 1066 haustum
3196 1030 3483 1069 venenum
3516 1017 3791 1088 prOpina-

2133 1103 2251 1156 bat.
2290 1104 2354 1154 Et
2411 1116 2541 1154 vero
2600 1100 2740 1170 quid
2803 1116 2871 1153 ex
2923 1100 3184 1171 qualibet
3240 1101 3445 1158 haeresi
3480 1110 3790 1161 mutuatus

2136 1191 2311 1244 Arius
2342 1189 2627 1255 sit,obiter
2663 1194 3082 1243 commemorat
3113 1189 3485 1248 Athanasius.
3529 1196 3651 1249 llaec
3682 1212 3790 1251 nos

2137 1279 2342 1352 paucis
2376 1277 2577 1333 lectori
2612 1278 2684 1331 ob
2739 1277 2939 1332 oculos
2970 1295 3279 1349 ponemus,
3313 1282 3429 1336 orsi
3476 1284 3547 1337 ab
3587 1283 3657 1339 iis
3689 1285 3791 1356 qui

2139 1367 2345 1440 primis
2394 1366 2660 1421 Ecclesia:
2718 1366 3082 1437 temporibus
3141 1386 3319 1425 novas
3377 1371 3682 1444 opiniones
3730 1375 3790 1429 in

2140 1457 2538 1513 Christianum
2573 1456 2772 1510 orbem
2806 1456 3166 1513 invexerunt.

2210 1550 2263 1603 6.
2300 1546 2585 1601 Basilides
2617 1545 2861 1617 putabat
2891 1545 3129 1618 angelos
3161 1550 3451 1606 creavisse
3500 1553 3791 1609 mundum

2141 1639 2220 1708 (p.
2255 1637 2402 1707 386),
2436 1635 2528 1689 cui
2560 1634 2667 1689 hac
2700 1634 2757 1688 in
2792 1639 2954 1707 pa3te
2985 1636 3190 1692 afﬁnes
3221 1638 3415 1694 Ariani
3443 1644 3793 1714 erant,quod

2141 1726 2251 1798 ipsi
2276 1744 2308 1779 a
2340 1724 2480 1780 Filio
2510 1724 2786 1793 Dei,re,ut
2816 1724 2994 1796 impie
3018 1725 3307 1798 dicebant,
3341 1731 3593 1802 condita,
3630 1749 3799 1790 mun-

2143 1816 2285 1870 dum
2319 1818 2578 1869 creatum
2616 1814 2795 1868 fuisse
2822 1814 3266 1872 arbitrarentur.
3301 1817 3565 1891 Idipsum
3597 1821 3803 1877 docuit

2142 1906 2521 1976 Carpocrates
2580 1903 2659 1975 (p.
2703 1904 2851 1974 364),
2886 1904 3133 1975 ideoque
3176 1921 3309 1961 cum
3345 1907 3467 1962 Arii
3501 1911 3803 1982 magistris

2144 1995 2680 2049 connumerandus.

2216 2086 2271 2139 7.
2308 2081 2645 2139 Valentinus
2675 2100 2790 2138 non
2815 2084 2986 2138 modo
3020 2083 3217 2156 agelos
3248 2101 3476 2143 creasse
3508 2090 3797 2147 mundum

2145 2172 2510 2238 autumabat,
2544 2188 2748 2227 verum
2781 2172 2957 2228 ctiam
2988 2172 3284 2229 Christum
3316 2176 3582 2245 ejusdem
3622 2183 3800 2251 atque

2145 2261 2385 2333 angelos
2440 2261 2671 2332 generis
2721 2276 2871 2328 esse,
2934 2267 3108 2333 atque
3142 2263 3297 2318 eain
3344 2281 3402 2320 re
3433 2268 3696 2337 proxime
3725 2269 3799 2323 ad

2143 2351 2417 2405 Arianam
2466 2349 2713 2405 haeresim
2745 2351 2991 2406 accessit
3027 2352 3102 2423 (p.
3132 2352 3255 2420 364,
3290 2354 3436 2423 386).
3482 2355 3608 2411 Duo
3640 2357 3802 2427 prin-

2146 2440 2296 2512 cipia
2320 2441 2377 2494 in
2426 2440 2540 2495 Deo
2588 2440 2939 2511 nugabatur,
2974 2458 3091 2512 qua
3120 2442 3178 2496 in
3210 2448 3372 2513 parte
3403 2460 3537 2499 cum
3568 2446 3804 2504 Arianis

2146 2531 2285 2584 item
2314 2528 2604 2583 consentit
2636 2546 2649 2583 :
2686 2529 2725 2582 ii
2757 2545 3011 2601 namque
3061 2546 3194 2585 cum
3240 2531 3451 2588 Filium
3496 2534 3736 2591 diversae
3767 2554 3801 2592 a

2148 2619 2329 2673 Patrae
2366 2622 2587 2673 naturae
2618 2634 2746 2673 esse
2775 2619 3452 2687 comminiscerentur,ct
3481 2627 3677 2680 tamen
3711 2626 3802 2681 Fi-

2148 2708 2293 2762 lium
2324 2708 2525 2781 ἀρχτςν,
2578 2706 2931 2779 principium
2968 2726 3163 2765 rerum
3194 2716 3522 2767 creatarum
3556 2731 3683 2770 esse
3713 2716 3803 2771 di-

2150 2804 2347 2853 cerent
2376 2803 2455 2869 (p.
2492 2797 2640 2868 6l1),
2681 2797 2796 2852 duo
2848 2797 3138 2870 principia
3166 2816 3376 2871 genere
3410 2803 3807 2876 discrepantia

2154 2888 2527 2943 inducebant.
2585 2887 2672 2942 Ad
2726 2886 2845 2941 haec
2894 2887 3288 2944 Valentiniani
3345 2891 3567 2949 litteras
3608 2910 3807 2951 sacras

2152 2976 2662 3048 adulterabant(p.
2693 2977 2840 3048 303),
2866 2976 2924 3031 in
2949 2995 3063 3049 quo
3090 2978 3299 3035 iisdem
3334 2981 3569 3038 ﬁnitimi
3601 2984 3802 3041 Ariani

2151 3072 2335 3135 erant,
2374 3066 2472 3138 qui
2508 3065 2643 3121 licet
2671 3064 2860 3137 ipsam
2919 3067 3353 3138 Scripturarum
3394 3070 3649 3129 litteram
3692 3075 3807 3129 mi—

2155 3156 2311 3212 nime
2341 3156 2633 3222 vitiarent,
2667 3155 3073 3212 adulterabant
3103 3162 3300 3214 tamen
3333 3160 3403 3215 ad
3435 3179 3674 3234 pravam
3707 3166 3810 3221 do-

2154 3246 2401 3301 ctrinam
2451 3246 2870 3315 detorquendo.
2908 3247 3020 3301 Hac
3051 3247 3109 3301 in
3142 3265 3203 3303 re
3235 3266 3469 3321 quoque
3515 3269 3649 3308 cum
3679 3256 3816 3312 Ario

2155 3339 2440 3391 consonat
2468 3334 2815 3389 Valentinus
2846 3335 2925 3407 (p.
2957 3336 3105 3405 £86),
3140 3340 3295 3408 quod
3326 3340 3499 3397 Arius
3531 3342 3651 3399 sive
3682 3346 3813 3415 ejus

2157 3440 2438 3496 sequaces
2464 3423 2662 3478 Ariani
2696 3423 2810 3478 duo
2869 3424 3043 3479 verba
3093 3427 3477 3497 przedicarent
3511 3448 3523 3486 :
3557 3432 3718 3488 aliud
3749 3435 3810 3490 in

387 3515 687 3589 ὁμοουσίῳ,
720 3518 933 3574 Filium
965 3514 1336 3589 ὁμοιοούσιον,
1381 3517 1500 3573 sive
1529 3518 1858 3572 substantia
1886 3517 2040 3572 simi-

2162 3514 2350 3579 Patre,
2380 3508 2679 3565 ὲνδιάθετον
2714 3511 2952 3581 scilicet,
2985 3513 3107 3568 sive
3136 3515 3433 3573 internum
3467 3537 3479 3587 ;
3522 3519 3682 3576 aliud
3711 3540 3813 3578 ex-

384 3605 501 3661 lem
533 3622 663 3661 esse
694 3606 1329 3677 proﬁtebantur.Quam
1364 3605 1714 3661 sententiam
1749 3623 1864 3660 non
1889 3606 2048 3677 peni-

386 3699 480 3751 tus
500 3695 795 3766 improbat
817 3696 1311 3762 Athanasius,nec
1327 3696 1440 3751 nisi
1464 3700 1530 3751 ut
1553 3696 1750 3750 minus
1773 3696 2045 3751 idoneam

386 3785 633 3856 respuit.
667 3786 847 3840 Erant
898 3789 1096 3841 tamen
1155 3802 1225 3841 ex
1273 3785 1816 3841 Seminarianorum
1850 3802 2043 3858 grege,

384 3874 486 3945 qui
512 3873 749 3929 obtento
772 3875 1084 3929 verborum
1108 3874 1235 3930 fuco
1266 3875 1325 3928 in
1353 3874 1475 3928 Arii
1501 3874 1863 3946 impietatem
1888 3892 2048 3946 pror-

388 3981 491 4019 sus
525 3962 1073 4019 relaherentur.Etsi
1104 3964 1261 4020 enim
1309 3965 1543 4019 aiebant
1574 3964 1784 4019 Filium
1817 3981 1945 4020 esse
1974 3965 2048 4021 si-

390 4053 590 4108 milem
622 4053 803 4121 Patri,
838 4057 897 4109 at
926 4070 1220 4109 consensu
1245 4060 1301 4110 et
1324 4054 1623 4110 voluntate
1646 4059 1899 4124 tantum,
1931 4071 2047 4110 non

390 4146 585 4199 autem
618 4147 848 4198 natura.

470 4235 524 4288 5.
580 4233 664 4287 Ex
707 4233 1077 4305 inauspicata
1106 4233 1447 4303 huiusmodi
1479 4234 1675 4289 radice
1708 4234 2052 4306 prodierunt

395 4323 535 4378 item
566 4322 1380 4395 Pneumatomachi,principe
1411 4322 1750 4379 Macedonio
1780 4323 2052 4397 episcopo

393 4412 1135 4484 Constantinopolitanoﬂi
1158 4411 1425 4485 ingentes
1455 4413 1509 4468 in
1533 4413 1765 4468 Oriente
1796 4418 1971 4485 atque
1992 4416 2052 4471 in

393 4501 641 4574 Egypta
679 4502 885 4557 turbas
910 4502 1215 4569 dederunt,
1250 4503 1393 4557 dum
1452 4502 1720 4558 dicerent
1768 4503 2052 4574 Spiritum

396 4595 666 4647 sanctum
728 4604 857 4647 esse
889 4608 1010 4646 rem
1042 4595 1317 4659 creatam,
1352 4608 1656 4663 unumque
1685 4608 1753 4647 ex
1801 4592 2041 4648 admini-

397 4680 538 4737 stris
555 4679 1046 4752 spiritibus,Patri
1063 4681 1703 4738 dissimilem.etc.Rem
1718 4689 1779 4737 ut
1795 4682 2053 4753 primum

397 4767 621 4839 accepit
669 4767 1049 4833 Athanasius,
1079 4767 1376 4824 indicante
1434 4769 1752 4841 Serapione
1809 4769 2055 4826 Thmui-

2156 3608 2247 3659 tra
2294 3603 2523 3657 Patrem
2555 3599 2888 3677 προφορικὸν
2925 3609 3353 3676 nuncupatum,
3412 3608 3533 3664 sive
3570 3610 3809 3681 prolati-

2157 3693 2305 3747 tium
2354 3695 2455 3747 aut
2484 3697 2811 3757 externum,
2857 3708 2981 3763 qua:
3012 3697 3209 3748 tamen
3240 3712 3407 3752 voces
3442 3715 3554 3754 non
3587 3717 3655 3756 ex
3686 3703 3810 3757 Arii

2158 3781 2390 3837 ofﬁcina
2421 3780 2712 3853 profectae,
2738 3781 2838 3836 sed
2872 3780 3055 3837 multo
3088 3785 3451 3856 antiquiores
3487 3794 3625 3844 sunt
3654 3808 3666 3857 ;
3700 3790 3813 3847 Va-

2159 3870 2416 3927 lentinus
2449 3876 2643 3926 autem
2672 3871 3049 3943 Unigenitum
3070 3878 3235 3928 vocat
3259 3878 3381 3927 νοῦν
3405 3894 3509 3933 seu
3534 3887 3813 3953 mentem,

2159 3966 2334 4032 atque
2363 3961 2434 4016 ab
2467 3976 2533 4016 eo
2567 3956 2731 4034 λόγον
2764 3963 3074 4032 procedere
3126 3964 3288 4030 dicit,
3351 3983 3478 4038 quae
3528 3972 3822 4027 sententia

2161 4068 2295 4105 cum
2325 4051 2530 4131 Ariana
2562 4052 2741 4122 probe
2771 4057 3072 4108 consonat.
3093 4053 3239 4109 Cum
3260 4054 3816 4117 Pneumatomachis

2161 4139 2300 4195 item
2336 4140 2487 4195 mira
2519 4140 2822 4196 Valentino
2845 4142 3100 4197 afﬁnitas
3132 4142 3213 4215 (p.
3242 4145 3369 4217 527)
3398 4171 3411 4215 ;
3444 4146 3526 4202 ait
3555 4149 3773 4221 quippe
3798 4168 3812 4206 :

2162 4229 2341 4284 Misso
2375 4229 2686 4297 Paracleto,
2722 4247 2841 4285 una
2869 4248 3003 4286 cum
3060 4248 3127 4288 eo
3160 4250 3380 4290 cozevos
3432 4236 3546 4308 ipsi
3578 4240 3817 4310 angelos

2162 4318 2346 4374 fuisse
2377 4320 2613 4387 missos,
2665 4318 2750 4374 illi
2804 4336 2934 4375 vero
2967 4323 3439 4379 comministrum
3472 4326 3818 4399 angelorum

2164 4407 2449 4479 Spiritum
2482 4416 2750 4465 sanctum
2808 4426 2937 4467 esse
2986 4411 3164 4483 impie
3196 4415 3815 4475 comminiscebantur.

2162 4496 2542 4553 Valentinum
2584 4498 2642 4553 in
2696 4500 2913 4555 crimen
2974 4502 3258 4558 vocabant
3287 4503 3485 4559 Ariani
3543 4507 3622 4578 (p.
3664 4509 3815 4581 583),

2165 4587 2317 4658 quod
2342 4587 2638 4643 docuisset
2661 4586 2873 4643 Filium
2904 4606 3033 4645 esse
3054 4591 3242 4647 Patris
3271 4586 3579 4667 προϐολήν,
3604 4595 3662 4650 id
3707 4602 3817 4670 est,

2165 4692 2288 4731 rem
2314 4676 2615 4747 emissam,
2651 4695 2778 4749 quae
2808 4684 3004 4735 tamen
3038 4682 3346 4751 sententia,
3381 4684 3495 4739 nisi
3526 4685 3599 4740 ab
3631 4686 3814 4743 haare-

2163 4765 2597 4839 ticis,corrupta
2624 4773 2819 4823 mente
2850 4770 3204 4840 praeditis,ac
3234 4773 3326 4827 vix
3376 4774 3681 4846 quidpiam
3722 4793 3817 4833 sa--

394 4860 533 4912 tano
563 4857 780 4929 episco,
815 4861 1153 4913 nascentem
1214 4856 1508 4929 haeresim,
1542 4858 1743 4914 missis
1781 4859 1853 4914 ad
1889 4876 2053 4916 eum-
2082 4870 2135 4945 Π
2166 4872 2309 4910 num
2340 4856 2762 4912 admitentibus
2794 4859 3053 4929 profecta
3081 4865 3255 4933 esset,
3286 4862 3537 4935 benigne
3567 4865 3817 4924 fortasse

396 4946 529 5002 dem
561 4946 941 5018 Serapionem
973 4945 1203 5014 litteris,
1230 4947 1499 5019 pluribus
1527 4947 2053 5020 exagitavit.Novos

396 5037 591 5088 autem
624 5032 916 5106 lucifugae
982 5035 1364 5107 Tropicorum
1424 5035 1660 5091 nomine
1707 5035 2050 5104 insectatur,

397 5121 733 5194 quiatropis
748 5124 1073 5195 ﬁgurisque
1096 5141 1293 5180 sacras
1306 5125 1375 5179 ad
1387 5124 2052 5182 ulterabantlitteras.Hi

397 5211 727 5283 Tr0pici,ex
747 5212 883 5268 Ario
908 5213 1341 5285 prognati,cum
1367 5214 1600 5271 Arianis
1623 5216 1879 5271 maxima
1918 5233 2054 5288 pars

397 5299 861 5355 consentiebant.
894 5301 1039 5356 Nam
1064 5301 1304 5373 plurimi
1338 5303 1686 5359 Arianorum
1717 5305 1843 5374 pari
1874 5305 1933 5358 in
1961 5305 2052 5359 Fi-

396 5388 541 5445 lium
576 5394 754 5461 atque
776 5390 834 5444 in
866 5389 1149 5461 Spiritum
1173 5395 1442 5446 sanctum
1468 5393 1705 5447 vesania
1729 5394 2051 5449 debaccha-

397 5480 631 5536 bantur.
667 5480 840 5535 Arius
860 5479 1057 5552 igitur,
1089 5480 1190 5551 qui
1221 5484 1286 5535 ut
1311 5481 1506 5537 novati
1539 5483 1831 5554 dogmatis
1864 5484 2053 5557 suspi-

397 5569 622 5625 cionem
656 5568 992 5639 declinaret,
1044 5569 1103 5624 in
1136 5569 1283 5626 alios
1307 5570 1608 5627 haereticos
1639 5572 2055 5630 declamitabat

398 5658 655 5731 assidue,
687 5658 1097 5715 haereticorum
1138 5661 1264 5731 ipse
1294 5660 1647 5717 deterrimus
1677 5662 1805 5719 fuit.
1862 5668 1907 5719 A
1939 5680 2053 5736 quo

400 5747 580 5805 ferme
602 5752 796 5805 ortum
829 5749 1045 5805 duxere
1076 5765 1281 5805 omnes
1303 5750 1495 5820 quarti
1527 5754 1581 5807 et
1604 5752 1793 5823 quinti
1852 5752 2051 5809 saeculi

470 5962 548 6043 (a)
579 5964 787 6025 Euseb.
814 5964 1107 6043 Pamphil.
1138 5966 1330 6024 contra
1357 5965 1705 6039 Marcellum,
1734 5985 1792 6042 p.
1825 5970 1913 6035 45.

2164 4944 2437 5016 explicari
2463 4947 2821 5016 posset.Erat
2844 4949 2981 5004 item
2998 4949 3345 5007 Valentinus
3376 4968 3445 5008 ex
3474 4971 3676 5011 eorum
3699 4974 3816 5013 nu-

2164 5034 2451 5106 mero,qui
2475 5036 2736 5092 dicerent
2758 5036 3053 5095 Christum
3079 5034 3302 5109 δοκήσεῒ
3322 5046 3550 5099 tantum
3575 5046 3815 5120 (p.278),

2164 5122 2222 5178 id
2255 5124 2495 5195 est,sola
2526 5125 2719 5197 specie
2750 5132 2805 5182 et
2827 5127 3141 5199 phantasia
3159 5131 3389 5188 venisse
3410 5133 3469 5188 in
3498 5136 3813 5206 mundum;

2163 5218 2563 5269 commentum
2603 5215 2903 5272 Valentino
2936 5218 3259 5291 antiquius,
3312 5226 3368 5277 et
3399 5228 3531 5294 post
3560 5224 3818 5283 Valenti-

2165 5319 2306 5357 num
2342 5303 2494 5358 inter
2550 5302 2976 5361 Dimacritarum
3032 5325 3255 5364 errores
3303 5319 3813 5372 connumeratum.

2165 5392 2457 5446 Putabant
2486 5392 2625 5447 item
2660 5393 3052 5450 Valentiniani
3084 5401 3161 5468 (p.
3185 5399 3312 5470 743)
3346 5400 3573 5457 Patrem
3607 5408 3662 5459 et
3690 5406 3818 5478 Spi-

2165 5480 2344 5534 ritum
2370 5484 2639 5535 sanctum
2662 5488 2926 5553 gestasse
2951 5488 3284 5543 carnem.Et
3304 5489 3352 5543 si
3390 5508 3816 5564 nonnunquam

2165 5568 2236 5625 iis
2263 5570 2585 5642 pugnantia
2616 5574 2835 5628 sentire
2880 5574 3411 5650 deprehendantur,
3466 5581 3523 5637 id
3556 5582 3817 5641 solemne

2165 5660 2449 5715 haereticis
2480 5665 2589 5726 est,
2625 5665 2691 5715 ut
2736 5662 2955 5718 amisso
3013 5666 3192 5720 semel
3251 5670 3511 5727 veritatis
3558 5674 3815 5746 tramite,

2164 5749 2280 5805 huc
2310 5749 2449 5803 illuc
2478 5750 2768 5818 oberrent,
2801 5757 2858 5808 et
2891 5769 2962 5808 ne
2991 5770 3191 5811 secum
3224 5758 3461 5829 quidem
3495 5762 3817 5827 consistere
