4170 6398
364 395 559 444 xxxxv
1834 380 2444 446 PROLEGOMENA.

361 519 793 593 possintzatque
820 515 959 571 item
981 511 1271 585 contingit
1290 510 1727 585 plerumque,ut
1746 512 2013 584 ejusdem
2043 513 2098 582 Α
2127 512 2419 585 πόστατον,
2453 517 2509 572 id
2541 522 2648 589 est,
2707 520 2834 576 sine
2863 520 3187 594 hypostasi,
3219 526 3278 578 et
3308 521 3596 595 Spiritum
3645 539 3780 580 san~

360 612 531 666 sectis
557 606 826 663 homines
855 602 956 659 alii
1006 602 1161 658 aliud
1207 602 1667 674 apprehendant,
1696 606 1753 656 et
1782 601 2011 658 diversa

359 696 967 771 proferant.Ca3terum
988 691 1330 747 Ptolemmus
1363 690 1651 746 Valentini
1682 690 2011 763 discipulus

359 786 506 842 dixit
550 786 706 858 (pag.
744 784 892 854 482),
928 798 1061 836 cum
1103 780 1372 853 ἀγενήτῳ,
1404 779 1525 834 sive
1554 797 1688 835 cum
1723 780 1860 847 Deo,
1892 780 2009 836 duo

357 877 673 948 conjuncta
699 889 847 940 esse,
879 871 1160 927 nimirum
1192 869 1603 941 cogitationem
1655 874 1713 924 et
1740 868 2007 925 volunta-

354 969 473 1020 tem
497 980 511 1019 :
536 980 604 1018 ac
633 962 888 1036 primum
921 957 1447 1031 cogitasse,deinde
1469 958 1855 1029 voluisse,nec
1880 975 2007 1030 qua:

352 1053 632 1125 cogitaret
665 1052 921 1124 potuisse
949 1048 1228 1122 proferre,
1257 1047 1368 1103 nisi
1403 1052 1715 1119 postquam
1747 1046 2007 1103 volunta-

350 1143 428 1199 tis
460 1142 641 1198 virtus
670 1144 1014 1196 accesserat.
1044 1138 1188 1193 Hinc
1225 1154 1385 1202 sane,
1418 1136 1803 1208 subsequitur
1832 1137 2007 1193 Atha-

348 1229 907 1298 nasius,doctrinam
931 1244 1101 1284 suam
1126 1226 1376 1282 mutuati
1408 1225 2002 1294 Ariani,voluntatem

346 1325 404 1377 et
431 1321 711 1376 abitrium
752 1319 935 1376 Verbo
984 1316 1187 1389 praeire
1218 1315 1443 1372 volunt.
1476 1316 1622 1371 Nam
1654 1315 1834 1388 impie
1864 1332 2002 1372 cen-

344 1411 556 1469 sebant
581 1408 803 1477 Ariani,
835 1406 1134 1464 voluntate
1189 1410 1246 1462 et
1302 1404 1547 1463 consilio
1577 1406 1808 1462 Patrem
1842 1422 2000 1462 crea-

340 1501 497 1557 visse
523 1499 782 1555 Verbum
813 1514 1012 1554 suum.

412 1591 468 1646 8.
511 1588 764 1645 Marcion
814 1585 1241 1653 monarchiam,
1299 1583 1357 1640 id
1403 1590 1493 1641 est
1526 1584 1808 1640 unitatem
1839 1585 1999 1656 prin-

341 1679 481 1752 cipii
510 1677 572 1733 in
606 1679 738 1743 Deo,
774 1676 834 1731 in
866 1675 977 1731 tria
1007 1673 1294 1747 principia
1343 1675 1597 1745 secabat,
1655 1690 1772 1745 qua
1828 1673 1886 1729 in
1939 1690 1999 1730 re

340 1785 477 1825 cum
506 1767 739 1824 Arianis
797 1770 854 1822 et
897 1763 1449 1838 pneumatomachis
1478 1764 1809 1819 consentire
1839 1764 1996 1819 vide-

338 1863 457 1914 tur.
490 1858 547 1913 Is
576 1856 758 1912 Vetus
817 1856 1262 1911 Testamentum
1294 1853 1582 1925 negabat;
1612 1855 1670 1908 et
1697 1869 1829 1908 cum
1864 1852 1996 1908 aliis

338 1947 613 2021 superius
671 1944 1010 2002 memoratis
1068 1942 1359 1999 haereticis
1390 1942 1723 1998 afﬁrmabat
1755 1941 1995 2015 angelos

338 2053 569 2095 creasse
602 2033 1075 2091 mundum.Dixit
1105 2032 1609 2104 etiam,Cbristum
1642 2049 1756 2087 non
1789 2048 1991 2088 verum

336 2144 572 2200 corpus,
606 2125 706 2181 sed
731 2122 1181 2179 similitudinem
1212 2121 1471 2194 corporis
1521 2126 1803 2193 gestasse,
1836 2122 1990 2193 quod

334 2218 447 2273 fuit
474 2217 615 2271 item
652 2213 1076 2270 Dimieritarum
1133 2218 1535 2268 commentum
1590 2213 1674 2283 (p.
1734 2211 1854 2279 182,
1886 2212 1994 2265 215

332 2307 465 2375 386,
491 2306 644 2378 744).

403 2397 458 2450 9.
493 2394 790 2467 Phrygum
818 2410 920 2449 seu
946 2390 1436 2448 Montanistarum
1467 2390 1818 2447 sententiam
1840 2389 1991 2445 hanc

335 2486 418 2542 ait
445 2501 575 2541 esse
607 2484 684 2556 (p.
711 2483 835 2550 473,
868 2480 1189 2554 prophetas
1216 2484 1274 2537 et
1304 2479 1451 2536 alios
1475 2479 1633 2535 verbi
1668 2479 1990 2549 ministros,

332 2592 469 2632 cum
499 2590 569 2629 ea
597 2590 725 2645 qua:
763 2575 966 2644 agunt,
998 2574 1126 2626 tum
1175 2586 1246 2625 ea
1283 2586 1412 2642 quae
1442 2568 1796 2624 annuntiant
1826 2568 1990 2641 igno-

334 2680 484 2721 rare.

403 2755 491 2811 10.
521 2749 871 2809 Manichaeos
893 2748 1220 2822 saepissime
1253 2751 1680 2803 commemorat
1731 2746 1988 2802 Athana-

332 2845 478 2914 sius,
501 2841 870 2912 hisresiuque
901 2838 1159 2904 illorum,
1213 2841 1278 2892 ut
1307 2836 1672 2901 dicebamus,
1708 2836 1987 2908 peculiari

329 2933 588 3006 quodam
621 2946 793 3001 opere
823 2926 1160 2984 confutavit.
1198 2927 1237 2981 li
1272 2924 1391 2982 duo
1430 2926 1718 3000 principia
1745 2929 1989 2983 induce-

328 3027 493 3091 bant,
526 3023 760 3092 duoque
781 3016 1070 3091 ἀγέννητοι,
1094 3031 1276 3070 unum
1311 3017 1554 3087 bonum,
1580 3019 1831 3077 alterum
1863 3039 1993 3078 ma-

329 3114 476 3171 lum.
507 3114 572 3169 In
604 3111 713 3167 hoc
739 3109 947 3165 afﬁnes
977 3104 1223 3175 Arianis,
1277 3108 1433 3178 quod
1487 3109 1640 3164 sicut
1690 3110 1993 3168 Manichaai

341 3206 521 3262 Deum
552 3201 733 3258 alium
764 3194 1082 3255 commenti
1125 3201 1285 3266 sunt,
1320 3196 1418 3268 qui
1450 3198 1651 3253 omnia
1679 3201 1790 3255 sub
1820 3218 1990 3274 aspe-

330 3300 489 3352 ctum
523 3290 793 3349 cadentia
820 3286 1145 3344 condiderit
1174 3265 1357 3359 (p.4oi
1396 3288 1559 3358 1.02);
1596 3288 1674 3343 ita
1703 3297 1757 3345 et
1781 3265 1978 3347 Ariani
2011 3265 2053 3331 C

327 3387 535 3454 praeter
563 3380 819 3436 Verbum
851 3378 1009 3450 quod
1040 3380 1131 3432 est
1184 3376 1243 3430 in
1278 3380 1467 3444 Patre,
1501 3377 1659 3433 aliud
1694 3378 1806 3435 sibi
1840 3384 1978 3436 Ver-

326 3470 840 3541 bum,Filiumque
869 3466 1133 3524 omnium
1165 3466 1522 3522 conditorem
1553 3471 1975 3541 excogitarunt.

327 3564 408 3619 Ad
431 3562 554 3618 haec
583 3562 802 3625 autem,
833 3558 941 3613 bos
964 3556 1416 3612 Manichaeorum
1455 3573 1681 3613 errores
1712 3559 1887 3615 variis
1920 3561 1978 3615 in

327 3651 473 3707 locis
503 3650 583 3723 (p.
615 3649 742 3715 215,
782 3648 907 3714 302,
964 3646 1089 3716 303,
1142 3645 1270 3716 360,
1312 3646 1439 3712 724,
1478 3647 1605 3712 737,
1664 3648 1790 3717 743,
1850 3650 1976 3719 475,

326 3741 453 3812 583,
489 3739 615 3811 222)
641 3740 946 3793 enumerat
970 3735 1349 3803 Athanasius,
1384 3736 1683 3792 Manicbaii
1714 3738 1902 3810 legem
1927 3749 1981 3797 et

325 3830 505 3887 Vetus
552 3828 994 3884 Testamentum
1049 3824 1361 3896 negabant,
1407 3826 1736 3898 Scripturas
1783 3846 1980 3885 sacras

327 3917 757 3988 adulterabant,
787 3914 1046 3970 Verbum
1076 3930 1309 3969 carnem
1341 3931 1469 3971 esse
1499 3915 1739 3981 factum,
1774 3934 1977 3990 corpo-

329 4023 618 4079 reumque
639 4004 799 4061 illius
820 4004 1134 4060 adventum
1158 4002 1214 4057 in
1226 4003 1574 4060 ﬁciabantur
1597 4024 1611 4074 ;
1635 4006 1736 4062 sed
1758 4002 1979 4076 δοκήσει

327 4114 432 4155 seu
462 4095 655 4169 specie
684 4092 877 4150 solum
906 4091 1209 4148 advenisse
1228 4092 1776 4167 dictitabant.Cujus
1807 4102 1976 4154 natu-

327 4203 476 4257 ram,
510 4201 627 4241 non
655 4199 791 4239 vero
822 4178 1035 4254 πρᾶξιν,
1096 4185 1403 4253 peccatum
1447 4200 1577 4239 esse
1604 4184 1785 4258 impie
1816 4188 1977 4242 affir-

328 4275 573 4333 mabant
603 4291 616 4330 :
644 4289 780 4328 nam
803 4271 1039 4327 aiebant
1062 4277 1362 4343 peccatum
1396 4288 1465 4327 ex
1485 4277 1694 4329 natura
1713 4277 1981 4333 esse.Nu-

327 4366 621 4438 gabantur
648 4362 912 4433 insuper,
944 4376 1013 4415 ex
1040 4358 1377 4431 ignorantia
1423 4362 1729 4433 quassiisse
1768 4364 1975 4434 Deum,

326 4454 499 4510 Adam
527 4452 624 4508 ubi
650 4467 705 4507 es
729 4454 755 4505 .9
783 4454 841 4506 et
869 4466 882 4505 :
916 4450 1014 4507 Ubi
1042 4456 1122 4506 est
1164 4449 1291 4505 Abel
1318 4452 1497 4521 frater
1525 4459 1652 4507 tuus
1706 4456 1732 4506 .9
1786 4453 1846 4509 Si
1904 4455 1981 4511 sit

326 4541 559 4599 Arianis
583 4541 751 4607 ﬁdes,
785 4539 1030 4611 putabat
1087 4537 1465 4606 Manichacus,
1506 4540 1695 4596 Patris
1754 4542 1977 4614 prolem

2121 612 2281 665 ctum
2314 606 2672 683 ἀνύπαρκτον,
2704 610 2929 666 scilicet
2955 610 3082 667 sine
3109 611 3441 681 existentiaa

2195 700 2282 753 12.
2315 698 2532 755 Paulus
2563 701 2983 757 Samosatenus
3040 700 3364 757 doctrinam
3397 705 3661 758 sectatus
3689 703 3781 757 est

2116 788 2364 843 Artemaa
2395 789 2729 861 cujusdam,
2761 789 3112 847 affirmantis
3168 789 3467 846 Christum
3498 807 3628 846 esse
3658 807 3778 847 me-

2117 892 2250 931 rum
2285 876 2606 933 hominem.
2663 884 2707 933 A
2739 895 2855 950 quo
2885 882 3141 946 Artema,
3175 879 3292 935 sive
3328 881 3661 948 Artemone,
3694 879 3778 935 ait

2114 965 2473 1022 Athanasius
2489 967 2699 1038 (p.586)
2724 967 2913 1038 posita
2936 968 3117 1023 fuisse
3142 968 3525 1024 fundamenta
3546 969 3775 1024 Ariana

2115 1053 2389 1112 haereses.
2424 1056 2639 1112 Paulus
2670 1063 2866 1112 autem
2899 1057 3318 1114 Samosatenus
3349 1059 3561 1128 aiebat,
3611 1057 3773 1113 Chri-

2115 1150 2275 1200 stum
2308 1162 2421 1199 non
2453 1145 2633 1201 fuisse
2657 1152 2970 1218 antequam
3003 1146 3185 1215 ﬁeret,
3223 1152 3281 1203 et
3310 1146 3608 1203 hominem
3640 1151 3769 1202 tan-

2111 1239 2238 1291 tum
2269 1252 2399 1292 esse
2430 1235 2667 1307 perinde
2688 1241 2866 1306 atque
2895 1242 3133 1291 casteros
3161 1235 3634 1308 homines,atque
3658 1240 3768 1291 Pa-

2111 1327 2188 1383 tri
2219 1330 2519 1382 externum
2553 1326 2633 1397 (p.
2664 1326 2790 1395 339,
2823 1326 2948 1391 349,
2980 1326 3108 1391 379,
3140 1326 3266 1390 475,
3302 1326 3444 1393 180).
3480 1326 3562 1381 Ex
3591 1325 3769 1380 disci-

2110 1416 2268 1489 pulis
2299 1431 2468 1488 porro
2497 1416 2627 1485 ejus
2657 1418 2824 1469 erant
2844 1414 3087 1486 quidam
3115 1415 3397 1487 magistro
3421 1415 3549 1487 ipso
3582 1430 3767 1487 nuga-

2110 1503 2424 1575 ciores,qui
2452 1503 2711 1558 Verbum
2742 1520 2777 1558 a
2808 1502 2947 1558 Filio
2978 1509 3342 1575 separarent.
3362 1503 3431 1559 Ut
3460 1502 3541 1558 ait
3566 1507 3765 1558 autem

2109 1594 2467 1650 Athanasius
2497 1592 2729 1664 (p.606),
2762 1590 2859 1647 cui
2888 1591 3103 1647 accinit
3134 1590 3385 1647 Basilius
3406 1591 3644 1661 (a),ideo
3666 1591 3767 1647 Pa-

2107 1690 2225 1740 tres
2242 1682 2378 1738 Anti
2388 1681 2593 1737 ocheni
2616 1697 2816 1736 vocem
2845 1678 3137 1752 ὁμοούσιον
3157 1680 3766 1753 repudiaverunt,quia

2108 1774 2319 1829 Paulus
2338 1772 2593 1842 argutari
2611 1771 2767 1825 vellet
2787 1787 2852 1825 ac
2864 1770 3099 1826 diceret:
3121 1770 3179 1825 Si
3201 1770 3443 1826 Christus
3460 1786 3565 1826 non
3579 1786 3649 1825 ea:
3667 1769 3764 1825 ho—

2104 1865 2256 1918 mine
2282 1862 2424 1916 Deus
2447 1863 2626 1932 factus
2655 1862 2755 1927 est,
2809 1875 2937 1926 ergo
2967 1859 3445 1915 consubstantialis
3474 1863 3552 1914 est
3582 1860 3763 1925 Patri,

2104 1957 2264 2023 atque
2293 1952 2422 2006 hinc
2439 1965 2652 2005 necesse
2681 1957 2760 2004 est
2782 1957 2891 2003 tres
2918 1965 3032 2004 esse
3044 1949 3587 2015 substantias,unam
3611 1950 3766 2020 prio-

2100 2057 2237 2108 rem,
2270 2040 2408 2095 duas
2438 2054 2562 2093 vero
2592 2055 2661 2093 ex
2694 2039 2795 2092 illa
2817 2039 3193 2109 procedentes.
3245 2038 3479 2110 Ideoque
3508 2054 3616 2093 non
3650 2053 3764 2093 esse

2100 2131 2264 2187 Pauli
2302 2128 2579 2200 sophisma
2634 2135 2877 2183 caventes
2930 2127 3123 2183 dixere
3178 2126 3456 2182 Christum
3512 2142 3623 2180 non
3652 2142 3763 2182 esse

2100 2218 2651 2280 consubstantialem;
2682 2233 2859 2288 neque
2887 2220 3037 2273 enim
3058 2218 3230 2272 Filius
3252 2218 3335 2272 ita
3363 2233 3499 2286 erga
3530 2218 3762 2272 Patrem

2100 2327 2158 2367 se
2186 2310 2363 2374 habet,
2388 2313 2449 2363 ut
2477 2307 2579 2363 ille
2607 2307 2900 2377 cogitabat.

2175 2402 2260 2456 13.
2295 2397 2610 2455 Rhetorius
2638 2396 2938 2470 Egyptius
2968 2395 3214 2468 prodigii
3240 2394 3493 2451 similem
3528 2395 3759 2451 induxit

2103 2488 2475 2556 sententiam,
2525 2503 2704 2559 quam
2764 2489 3049 2541 memorat
3078 2485 3448 2541 Philastrius.
3508 2485 3758 2541 Putabat

2101 2579 2257 2637 enim
2289 2594 2494 2634 omnes
2536 2576 2787 2631 haereses
2845 2574 3120 2646 optimas,
3188 2591 3394 2630 omnes
3449 2574 3757 2631 haereticos

2102 2667 2281 2741 probe
2310 2663 2689 2727 sentire.0uze
2709 2662 3002 2720 sententia
3030 2662 3112 2718 ita
3134 2667 3471 2735 portentosa
3498 2662 3755 2719 Athana-

2101 2757 2188 2813 sio
2217 2757 2447 2813 videtur
2503 2756 2582 2826 (p.
2627 2754 2776 2825 739),
2827 2759 2892 2808 ut
2922 2769 2993 2808 ne
3022 2768 3482 2809 commemorare
3514 2754 3755 2825 quidem

2100 2845 2291 2919 ipsam
2311 2844 2470 2901 velit.
2502 2844 2688 2915 Aujus
2715 2846 3068 2898 sectatorum
3094 2859 3389 2898 summam
3416 2842 3750 2915 infrequen-

2099 2940 2244 2995 tiam
2277 2937 2459 2995 fuisse
2485 2933 2781 2991 verismile
2828 2938 2935 2989 est.
2988 2932 3133 2988 Nam
3193 2934 3401 3005 exigua
3431 2936 3754 3005 permansit

2101 3028 2357 3086 hominis
2378 3024 2682 3082 memoria.

2175 3120 2261 3174 H.
2296 3118 2603 3174 Hierascas
2626 3114 2763 3169 item
2784 3111 3085 3185 [Egyptius
3103 3111 3295 3167 aiebat
3318 3111 3524 3168 Filium
3550 3131 3618 3170 ex
3645 3114 3751 3170 Pa-

2106 3213 2190 3265 tre
2220 3225 2370 3275 esse,
2404 3212 2467 3261 ut
2496 3204 2793 3259 lucernam
2846 3218 2913 3257 ex
2945 3200 3203 3269 lucerna,
3237 3206 3297 3256 ut
3328 3200 3659 3275 lampadem
3688 3204 3749 3259 in

2091 3299 2206 3353 duo
2237 3295 2573 3352 distinctam
2631 3293 2709 3363 (p.
2757 3291 2907 3361 583).
2949 3293 3083 3353 Qua:
3111 3294 3304 3345 tamen
3335 3290 3569 3346 tolerari
3604 3293 3750 3349 forte

2090 3385 2439 3460 potuissent,
2472 3382 2584 3437 nisi
2620 3378 2930 3435 insolentia
2959 3379 3097 3433 dicti
3132 3378 3189 3433 in
3219 3379 3619 3451 suspicionem
3660 3399 3750 3437 er-

2091 3478 2238 3533 roris
2271 3477 2593 3530 vocaretur.
2627 3471 2711 3525 Ad
2737 3469 2856 3525 haec
2877 3468 3151 3535 autem,si
3177 3468 3322 3524 fides
3353 3470 3578 3527 auctori
3605 3472 3742 3528 libri

2091 3568 2289 3623 Contra
2316 3579 2499 3620 omnes
2529 3559 2889 3631 ha’reses,qui
2915 3557 3067 3614 inter
3090 3557 3294 3631 spuria
3322 3559 3627 3631 ablegatus
3651 3565 3743 3618 est

2089 3658 2155 3727 (t.
2187 3655 2235 3710 II
2264 3654 2403 3726 [1V],
2436 3670 2496 3724 p,
2531 3652 2673 3719 186),
2702 3648 2942 3720 nuptias
2999 3647 3301 3718 rejicie'oat
3346 3648 3645 3716 Ilieracas,
3675 3668 3744 3706 ac

2088 3745 2268 3801 Vetus
2289 3743 2735 3798 Testamentum
2767 3736 3035 3807 negabat.

2162 3835 2247 3889 15.
2277 3829 2488 3887 Mele‘ii
2520 3827 2722 3883 nullus
2751 3824 2919 3880 initio
2951 3840 3113 3879 error
3136 3829 3343 3879 contra
3372 3824 3546 3880 ﬁdem
3577 3830 3741 3883 erat:

2088 3925 2189 3982 sed
2220 3919 2478 3979 hominis
2499 3913 2998 3981 ambitus,scelus,
3019 3912 3326 3985 protervia,
3359 3918 3538 3969 totam
3570 3914 3742 3987 [Egy-

2087 4019 2254 4088 ptum
2287 4012 2346 4066 in
2380 4007 2773 4082 perniciosum
2805 4002 3119 4059 dissidium
3150 4002 3644 4073 conjecit.Verum
3677 4005 3737 4061 in

2087 4104 2354 4162 ordinem
2383 4117 2418 4156 a
2447 4098 2669 4170 synodo
2699 4093 2930 4149 Niceena
2951 4092 3168 4148 redacti
3200 4091 3738 4160 Meletiani,stimu-

2085 4194 2244 4250 laute
2268 4188 2466 4246 dolore
2494 4185 2727 4242 amisss:
2755 4180 3081 4255 dignitatis,
3143 4180 3479 4237 societatem
3537 4182 3745 4239 ineunt

2086 4299 2221 4340 cum
2254 4277 2474 4336 Arianis
2500 4294 2512 4344 ;
2537 4278 2596 4331 et
2614 4274 2755 4329 dum
2783 4271 3115 4327 communis
3147 4270 3227 4325 rei
3252 4271 3518 4342 gerendae
3543 4272 3740 4330 studio

2088 4376 2326 4428 mutuas
2342 4368 2549 4423 darent
2567 4361 3041 4436 operas,demum
3055 4358 3347 4415 Meletiani
3361 4376 3430 4415 ex
3451 4360 3741 4433 frequenti

2085 4460 2436 4518 Arianorum
2456 4471 2567 4510 usu
2606 4457 2665 4509 et
2694 4449 3089 4507 familiaritate
3118 4465 3267 4504 verte
3298 4449 3430 4504 fidei
3446 4450 3741 4519 jacturam

2089 4550 2597 4607 feceruntllorum
2630 4540 2879 4596 historia
2908 4536 3177 4609 pluribus
3195 4537 3259 4593 in
3286 4539 3405 4593 Vita
3429 4538 3743 4601 Athanasii,-

328 4647 459 4688 esse
487 4633 713 4703 partem
735 4629 863 4700 ejus
887 4628 997 4700 ipsi
1030 4624 1600 4699 euoobctovbemum
1622 4631 1705 4685 ait
1722 4631 1980 4711 Athana-
2013 4648 2057 4712 ι)
2088 4637 2474 4712 quamobrem
2505 4631 2708 4687 missis
2739 4628 3188 4693 aliis,famosam
3211 4624 3373 4681 illam
3395 4626 3466 4682 de
3498 4627 3748 4699 receptis

329 4717 661 4791 sius,penes
689 4715 1034 4772 Manichaeos
1080 4715 1300 4771 nullam
1336 4732 1465 4772 esse
1496 4718 1976 4792 misericordiam,

328 4824 571 4879 remque
602 4822 869 4879 perosam
904 4807 1051 4877 ipsis
1080 4822 1208 4860 esse
1234 4822 1551 4877 pauperem
1584 4807 1870 4864 misereri.

403 4898 488 4952 11.
521 4894 757 4951 Sabellii
791 4893 1031 4950 haeresis
1052 4894 1353 4966 disparata
1374 4896 1614 4952 omnino
1645 4898 1717 4952 ab
1752 4898 1981 4967 Ariana,

326 4984 387 5041 in
418 5002 485 5042 eo
515 4986 631 5041 sita
660 4988 803 5050 erat,
856 4984 1011 5055 quod
1066 4983 1307 5050 diceret,
1360 4983 1582 5040 nullam
1616 4987 1674 5041 in
1707 4987 1822 5042 Deo
1853 5004 1983 5043 esse

328 5091 713 5148 personarum
736 5072 1507 5145 distinctionem,Deumque
1525 5092 1640 5131 non
1664 5074 1979 5148 ὁμοούσιον,

329 5165 426 5220 sed
465 5161 783 5236 μονοούσιον
816 5179 965 5231 esse,
1012 5161 1071 5216 id
1105 5167 1196 5217 est
1229 5178 1345 5218 non
1392 5165 1980 5234 consubstantialem,

328 5254 433 5310 sed
454 5253 630 5308 unius
658 5256 716 5309 et
738 5252 1004 5324 ejusdem
1026 5251 1374 5307 substantiae
1398 5268 1513 5307 non
1538 5253 1827 5309 distinctae
1854 5272 1983 5326 per-

329 5341 513 5399 sonis.
544 5341 838 5396 Nimirum
871 5357 1055 5397 unum
1112 5345 1317 5411 Deum,
1351 5356 1531 5413 penes
1578 5343 1739 5398 varia
1769 5343 1981 5412 officia,

331 5432 582 5500 Patrem,
610 5430 861 5486 Verbum
886 5446 988 5486 seu
1024 5428 1260 5498 Filium,
1306 5434 1364 5485 et
1393 5430 1678 5502 Spiritum
1712 5437 1983 5489 sanctum

333 5518 661 5593 nuncupari
683 5520 763 5593 (p.
788 5520 911 5591 181,
943 5520 1089 5589 205).
1150 5519 1297 5577 Nam
1341 5520 1585 5577 vocabat
1614 5520 1827 5578 Filium
1859 5521 1983 5577 ἁνυ-

408 5730 493 5825 ςα)
519 5731 700 5797 Basil.
728 5731 903 5813 epist.
931 5730 1060 5797 300.

2089 4729 2150 4784 in
2189 4727 2423 4783 Nicaana
2443 4720 2663 4794 synodo
2695 4715 3019 4773 Meletianis
3044 4714 3426 4787 quaestionem
3460 4716 3648 4771 obiter
3666 4723 3748 4772 at-

2091 4817 2414 4888 tingamus.
2448 4805 3073 4881 Apud.Theodoretum
3100 4803 3283 4875 igitur
3302 4803 3361 4857 in
3385 4802 3632 4876 epistola
3650 4804 3743 4859 Ni-

2092 4921 2264 4962 caeum
2294 4899 2502 4975 synodi
2533 4898 2735 4961 fertur,
2758 4911 2857 4950 eos
2890 4893 2990 4966 qui
3020 4910 3053 4948 a
3084 4892 3310 4947 Meletio
3326 4893 3574 4949 ordinati
3597 4893 3743 4950 fuis-

2092 4998 2244 5063 sent,
2277 4990 2570 5048 sanctiore
2604 4999 2888 5039 manuum
2938 4981 3311 5053 impositione
3342 4983 3740 5051 confirmatos,

2097 5078 2468 5156 μυπικωτέρᾳ
2517 5071 2834 5150 χειροτονίᾳ
2902 5065 3293 5145 βεϐαιωθέν-τας
3359 5071 3430 5126 ad
3476 5088 3742 5128 commu-

2094 5174 2329 5229 nionem
2362 5168 2534 5225 statis
2565 5162 3002 5220 conditionibus
3033 5160 3326 5216 admissos
3359 5160 3562 5216 fuisse.
3595 5160 3743 5216 Hinc

2094 5256 2518 5326 controversiae,
2552 5254 2689 5309 hinc
2719 5267 2927 5324 pugnae
2958 5250 3127 5306 :aliis
3162 5249 3408 5305 collatas
3438 5265 3541 5321 per
3570 5249 3744 5305 Mele-

2095 5352 2242 5409 tium
2266 5346 2684 5408 ordinationes,
2715 5341 2883 5397 iritas
2914 5340 3342 5396 arbitrantibus
3368 5356 3382 5405 ;
3416 5337 3550 5394 aliis
3579 5354 3749 5394 veras

2095 5434 2601 5513 opinantibus,scd
2626 5432 2737 5487 rilu
2760 5429 3040 5502 quoniam
3062 5424 3751 5484 confirmatas.Nonnihil

2095 5531 2341 5590 fortasse
2358 5524 2506 5583 lucis
2528 5522 2665 5580 huic
2678 5518 3083 5579 controversiis
3101 5515 3482 5575 aﬂ‘eranthac
3492 5514 3750 5573 Pseudo-
