4170 6444
1376 478 1797 540 ΡΠᾹΞΡΑΤΙΟ
1844 478 2233 544 EDITIONIS
2279 480 2860 548 BENEDICTINIE.

3654 507 3828 561 XXXV

406 614 624 673 Justini
656 619 832 677 verba
975 641 986 678 :
1029 626 1131 677 Τοῦ
1162 623 1435 699 αἰρετικοῦ
1468 624 1554 681 ἐπὶ
1593 631 1692 698 τήν
1743 627 2048 705 ὀρθοδοξίαν

2166 605 2422 690 Hisilius
2434 617 2591 672 enim
2609 618 2808 673 multis
2826 619 2883 674 in
2906 619 3090 676 locisa
3106 638 3270 693 spere
3284 623 3582 683 hominem
3598 628 3826 685 violatae

406 704 710 781 ἐρχομένου
736 710 798 763 τὸ
839 708 1064 788 σφάλμα
1094 710 1404 787 διορθοῦται
1443 735 1454 746 ·
1480 724 1580 787 τῆς
1617 719 1710 792 μὲν
1744 718 2062 791 κακοδοξίας

405 802 472 864 τῆ
529 798 805 868 μεταθέσει
849 805 946 853 τοῦ
996 805 1349 880 φρονήματος
1385 826 1396 837 ’
1429 811 1526 860 τοῦ
1578 805 1635 862 δὲ
1689 808 2063 883 βαπτίσματος

405 889 471 952 τῆ
529 884 803 960 ἐπιχρίσει
852 893 946 942 τοῦ
1005 890 1162 965 ἁγίου
1217 892 1388 967 μύρου
1427 917 1438 928 ·
1470 903 1570 965 τῆς
1614 899 1956 972 χειροτονίας
1993 904 2060 973 τῇ

406 975 734 1048 χειροθεσίᾳ³
769 978 858 1031 καὶ
892 977 1045 1034 οὐδὲν
1075 985 1183 1035 τῶν
1207 981 1377 1038 πάλαι
1405 986 1549 1057 μένει
1584 984 1803 1044 ἄλυτον.
1835 992 1892 1044 Id
1925 995 2013 1045 est
2047 1008 2057 1045 ἶ

408 1066 543 1120 Cum
574 1066 861 1123 haereticus
892 1071 960 1125 ad
987 1089 1185 1128 sanam
1215 1074 1376 1143 ﬁdem
1407 1077 1632 1143 accedit,
1679 1080 1761 1133 sic
1816 1084 2064 1135 erratum

405 1158 522 1226 ejus
547 1160 826 1227 purgatur
855 1178 874 1213 .·
901 1177 1100 1230 prauae
1127 1163 1392 1222 doctrina:
1421 1169 1628 1222 scilicet
1657 1170 1922 1224 mutando
1938 1187 2060 1224 sen-

406 1247 636 1300 tentiam
665 1267 685 1312 ;
709 1247 1051 1319 baptismatis
1077 1269 1175 1322 per
1202 1257 1476 1322 unguenti
1518 1258 1666 1311 sacri
1695 1260 2012 1314 unctionem
2040 1277 2061 1321 ,°

407 1333 773 1392 ordinationis
805 1355 930 1394 vero
957 1355 1059 1410 per
1086 1358 1353 1398 manuum
1401 1346 1821 1416 impositionem,
1881 1350 1961 1403 ila
2002 1355 2062 1403 ut

404 1423 551 1479 nihil
579 1441 649 1480 ea:
705 1428 987 1498 prioribus
1016 1430 1326 1501 abrogetur.
1360 1433 1522 1497 Quod
1575 1436 1623 1490 si
1656 1435 2058 1493 haereticorum

406 1512 803 1571 ordinationes
827 1516 979 1573 inter
1000 1517 1218 1576 irrtitas
1232 1538 1346 1577 non
1380 1524 2060 1592 numerabuntur,multo

408 1602 606 1658 minus
637 1604 1144 1664 schismaticorum
1179 1609 1280 1682 qui
1323 1611 1470 1666 nihil
1500 1613 1556 1667 in
1590 1614 1703 1668 fide
1730 1619 2056 1686 pcccarent.

404 1692 791 1767 Μυστικωτὲρα
822 1700 1038 1765 autem,
1067 1698 1185 1753 sive
1217 1700 1476 1757 sanctior
1499 1706 1602 1758 aut
1622 1705 1901 1759 secretior
1931 1704 2059 1760 ideo

405 1783 734 1854 nuncupari
753 1784 1311 1844 videturiteratailla
1326 1806 1611 1846 manuum
1630 1791 2059 1866 impositio,qui

405 1887 439 1926 a
469 1872 690 1928 sanctis
719 1878 776 1928 et
806 1874 1108 1931 catholicis
1133 1878 1487 1949 prmsulibus
1519 1881 1749 1938 collata.
1799 1884 2059 1957 Ingentis

2172 720 2320 759 verte
2353 706 2629 762 doctrinae
2651 725 2829 764 causa
2846 709 3267 777 insectatur,ac
3282 713 3480 770 missis
3499 717 3820 774 Athanasio

2176 793 2286 848 sub
2317 799 2644 850 extremum
2678 797 2805 850 vitae
2833 799 2961 868 ejus
2991 797 3203 856 litteris
3235 803 3333 873 (b),
3381 803 3462 858 ait
3515 821 3824 862 necessum

2174 881 2352 936 videri
2381 882 2489 937 sibi
2524 885 2861 940 Marcellum
2897 888 3259 960 disparatam
3290 892 3515 947 Arianae
3575 893 3823 950 haeresim

2173 970 2564 1040 invehentem,
2603 976 2841 1045 perinde
2873 982 3048 1048 atque
3087 979 3290 1034 Arium
3340 981 3629 1037 damnari.
3661 983 3827 1039 Unde

2173 1059 2230 1113 id
2273 1064 2497 1115 certum
2531 1063 2815 1131 videatur,
2851 1065 3260 1134 Athanasium,
3315 1070 3423 1124 etsi
3481 1077 3824 1144 suspectam

2174 1149 2428 1203 Marcelli
2462 1151 2639 1205 ﬁdem
2671 1157 2816 1208 teste
2849 1153 3172 1226 Epiphanio
3204 1158 3519 1231 aliquando
3552 1161 3828 1218 habuerit

2175 1239 2436 1292 nondum
2455 1242 2648 1295 tamen
2673 1240 2860 1296 virum
2889 1247 3300 1303 communione
3323 1249 3694 1306 interdixisse
3717 1268 3826 1306 sua

2173 1343 2305 1380 cum
2340 1327 2590 1384 Basilius
2623 1328 2744 1385 haec
2775 1332 3073 1388 scriberet.
3110 1339 3177 1389 Et
3205 1352 3338 1392 vero
3371 1342 3623 1394 testatur
3652 1339 3826 1412 Ephi-

2173 1416 2446 1487 phanius,
2480 1436 2511 1472 a
2540 1419 2743 1474 multis
2773 1437 2879 1476 suo
2915 1439 3030 1477 aevo
3062 1423 3121 1478 in
3153 1428 3606 1484 controversiam
3649 1446 3823 1485 voca-

2170 1511 2296 1561 tum
2329 1507 2532 1575 fuisse,
2566 1509 2951 1568 hcereticusne
2999 1530 3069 1569 an
3131 1515 3454 1574 cotholicus
3512 1519 3822 1577 Marcellus

2171 1600 2345 1652 esset.

2251 1731 2552 1788 l8.Verum
2584 1733 2633 1788 si
2664 1735 2843 1792 dubia
2873 1738 3531 1812 Marcelli,apertissima
3551 1761 3690 1800 sane
3715 1745 3824 1801 fuit

2169 1820 2444 1893 discipuli
2466 1824 2593 1894 ejus
2617 1825 2848 1881 Photini
2877 1827 3279 1903 impietas,qui
3305 1833 3638 1888 affirmabat
3664 1834 3817 1889 Chri'

2168 1915 2326 1965 stum
2361 1929 2475 1968 non
2511 1914 2692 1969 luisse
2724 1922 2858 1971 ante
2890 1917 3156 1990 Mariam,
3190 1937 3374 1992 eaque
3405 1923 3477 1978 de
3508 1939 3686 1980 causa
3715 1926 3818 1980 da-

405 1976 590 2031 operae
610 1962 756 2017 foret
775 1981 895 2019 rem
926 1982 1027 2036 pro
1052 1967 1336 2038 dignitate
1355 1986 1681 2043 agere,quze
1697 1990 1802 2028 nos
1825 1990 2056 2030 acursu
2091 2000 2137 2064 B
2171 2007 2409 2056 matus
2440 2002 2550 2057 fuit
2583 2004 2637 2057 in
2669 2005 2845 2060 variis
2877 2009 3137 2078 synodis.

406 2049 709 2078 Ᾱηηεζηηι...
741 2053 841 2078 ..:....
875 2061 1167 2078 _..-.-___-L

405 2049 709 2106 destinatae
741 2053 842 2107 viae
875 2061 1190 2111 revocaret.

478 2140 558 2194 16.
602 2140 954 2198 Colluthiani
990 2146 1342 2216 aCollutho,
1403 2149 1504 2219 qui
1561 2152 1868 2224 presbyter
1923 2170 2059 2209 cum

403 2232 557 2284 esset
588 2234 842 2302 tantum,
874 2249 940 2288 eo
990 2234 1184 2306 erupit
1241 2237 1499 2292 audaciae
1554 2243 1618 2293 ut
1676 2241 2048 2314 presbyteros

404 2319 800 2375 constituendi
833 2321 944 2377 sibi
977 2323 1312 2380 facultatem
1344 2327 1671 2384 vindicaret
1704 2347 1717 2398 ;
1753 2347 1818 2386 ac
1851 2332 2058 2388 multis

403 2407 532 2477 ejus
563 2409 825 2480 cupidini
850 2412 1316 2485 suifragantibus
1340 2433 1587 2487 praeesse
1608 2418 1792 2476 invito
1808 2420 2056 2478 Alexan-

402 2495 506 2551 dro
537 2497 808 2571 episcopo
847 2518 925 2573 ip.
961 2503 1379 2576 153,154).lmo
1412 2506 1587 2564 etiam
1613 2517 1816 2566 contra
1846 2529 2053 2569 sanam

404 2587 580 2642 ﬁdem
613 2590 908 2661 peccabat,
939 2609 1071 2648 eum
1124 2595 1500 2666 perspicuum
1561 2599 1640 2654 sit
1696 2617 1810 2656 non
1861 2602 2055 2660 inesse

400 2677 740 2750 presbytero
772 2680 1115 2752 hujusmodi
1150 2685 1506 2742 facultatem.
1540 2688 1897 2746 Colluthiani
1928 2710 2055 2764 per-

401 2766 537 2822 inde
567 2774 742 2840 atque
773 2770 1066 2827 Meletiani
1097 2774 1169 2829 ad
1200 2775 1551 2833 Arianorum
1585 2785 1780 2851 partes
1828 2783 2050 2838 conflu-

402 2861 629 2912 xerunt.

472 2947 560 3001 17.
585 2947 895 3005 Marcellus
925 2951 1270 3024 Ancyranus
1308 2956 1388 3028 (p.
1425 2958 1545 3028 118,
1584 2959 1705 3027 130,
1741 2961 1865 3030 494,
1900 2963 2048 3035 506),

400 3034 636 3107 quicum
671 3037 992 3095 Athanasio
1026 3040 1344 3099 diuturnus
1407 3063 1551 3102 usus
1581 3052 1637 3103 et
1669 3049 2048 3109 familiaritas

398 3125 750 3198 intercessit,
786 3128 1138 3186 Arianorum
1171 3132 1357 3189 hostis
1383 3137 1795 3204 acerrimus,in
1828 3142 2047 3199 crimen

397 3220 618 3270 novata:
641 3216 916 3273 doctrinae
931 3219 1002 3274 ab
1021 3220 1166 3292 ipsis
1179 3228 1417 3279 vocatus
1438 3229 1544 3281 est.
1556 3227 1839 3286 Eusebius
1853 3237 2048 3289 autem

395 3303 961 3376 Caesariensisjussu
985 3310 1643 3384 Canstantinopolitanie
1676 3321 1879 3390 synodi
1916 3323 2048 3378 Aria

395 3409 502 3463 nae,
538 3397 602 3448 ut
631 3395 1143 3469 testiﬁcaturipse,
1175 3401 1430 3456 Marcelli
1484 3403 1702 3461 librum
1748 3408 1875 3483 Περέ
1909 3408 2046 3463 ὐπο-

393 3486 569 3552 ταγῆς
593 3487 809 3554 Κυριον,
842 3484 900 3538 id
937 3491 1043 3541 est.
1073 3489 1146 3542 De
1172 3489 1269 3542 sub
1272 3491 1508 3560 jectione
1567 3498 1798 3551 Domini
1836 3499 2048 3555 inscri-

393 3575 560 3642 ptum
594 3570 810 3643 insigni
841 3573 1137 3632 volumine
1163 3579 1692 3655 exagitavit.Atque
1723 3586 1780 3640 in
1804 3587 1931 3659 ipso
1955 3590 2046 3645 sui

393 3659 586 3730 operis
618 3662 874 3733 exordio,
907 3663 1106 3720 livoris
1139 3667 1373 3740 odiique
1403 3686 1543 3742 erga
1573 3672 1779 3731 fratres
1812 3676 2049 3734 Marcel-

393 3745 516 3803 lum
551 3749 782 3805 incusat
814 3750 906 3808 his
936 3754 1151 3826 verbis,
1203 3756 1265 3810 Ἡ
1301 3756 1550 3822 ὑπόθεσις
1601 3760 1748 3835 αὐτῷ
1775 3771 1877 3834 τῆς
1912 3787 2048 3841 γρα-

393 3842 500 3912 φῆς
535 3833 865 3916 μισαδελφία
893 3840 1120 3913 κατέστη
1160 3862 1171 3874 ο
1202 3845 1264 3897 τὸ
1316 3842 1373 3899 δὲ
1419 3847 1621 3918 ταύτης
1672 3849 1840 3907 αἴτιον
1876 3855 2045 3924 ζῆλος

390 3924 480 3978 καὶ
523 3925 738 4004 φθόνος.
797 3933 915 3986 Hoc
965 3938 1054 3988 est
1108 3949 1120 3988 :
1175 3936 1577 4004 Argumentum
1634 3941 1857 4014 hujusce
1915 3947 2048 4003 libri

391 4017 667 4073 scribendi
704 4020 814 4090 ipsi
834 4022 945 4092 [uit
979 4022 1167 4078 odium
1197 4026 1256 4079 in
1282 4027 1485 4096 fratres
1518 4045 1530 4083 :
1565 4047 1736 4087 causa
1772 4051 1898 4091 vero
1928 4038 2046 4104 eius

389 4106 587 4162 edendi
611 4109 752 4163 livor
778 4117 828 4164 et
851 4111 1083 4166 invidia.
1118 4114 1256 4184 Ejus
1286 4133 1457 4187 porro
1490 4122 1816 4178 doctrinam
1851 4124 1942 4181 his
1974 4128 2044 4183 de

386 4195 581 4251 causis
627 4198 686 4252 in
720 4199 939 4254 crimen
969 4207 1333 4274 vocat:quod
1357 4206 1892 4281 afﬁrmet,Verbum
1925 4234 2042 4274 non

387 4289 522 4340 ante
553 4285 735 4342 fuisse
765 4287 1184 4363 Filium,quam
1208 4310 1442 4351 carnem
1457 4304 2040 4371 assumeret;Patrem

383 4377 440 4427 et
467 4373 680 4431 Filium
715 4394 898 4434 unum
931 4396 1060 4436 esse
1093 4379 1408 4438 ὑποστάσει·
1445 4388 1669 4445 nullam
1730 4408 1859 4449 esse
1911 4396 2041 4453 Filii

383 4462 1082 4535 existentiam;Christum
1116 4475 1252 4528 ante
1283 4477 1686 4535 ascensionem
1720 4499 1832 4538 non
1860 4484 2041 4544 fuisse

380 4550 481 4606 Dei
513 4553 832 4627 imaginem
864 4573 876 4611 :
911 4557 994 4613 ait
1025 4559 1207 4617 etiam
1245 4562 1412 4619 illum
1443 4566 1654 4623 Sabelli
1708 4588 1900 4630 errore
1929 4574 2038 4631 im-

378 4641 586 4697 butum
620 4647 886 4715 esse,etsi
912 4664 1028 4703 non
1060 4650 1240 4706 semel
1266 4652 1363 4708 ille
1394 4654 1716 4713 Sabellium
1742 4670 2041 4736 oppugnet

2247 2137 2331 2190 17.
2367 2144 2589 2209 Agmen
2623 2139 2857 2196 claudat
2887 2142 3322 2201 Dimceritarum
3365 2148 3486 2204 sive
3518 2150 3819 2222 Apollina-

2172 2224 2449 2281 ristarum
2484 2227 2744 2294 haeresis,
2777 2232 3053 2287 extremis
3099 2234 3402 2292 Athanasii
3459 2238 3589 2294 vitze
3649 2239 3820 2298 annis

2170 2322 2369 2371 exorta
2401 2334 2414 2384 ;
2449 2318 2520 2372 de
2553 2319 2986 2377 Dimceritarum
3022 2325 3258 2380 nomine
3290 2344 3406 2382 non
3458 2329 3638 2385 semel
3671 2331 3820 2389 alias

2169 2413 2386 2462 actum.
2424 2407 2632 2463 Eorum
2665 2427 2838 2482 porro
2869 2415 3169 2468 sententiae
3201 2416 3493 2486 ejusmodi
3542 2426 3726 2489 erant,
3766 2424 3812 2476 1·

2168 2495 2419 2551 Verbum
2449 2515 2564 2553 non
2587 2502 2978 2572 assumpsisse
3010 2521 3244 2560 carnem
3275 2505 3815 2577 humanam;2'cor-

2166 2602 2275 2657 pus
2302 2603 2377 2642 ex
2403 2588 2586 2644 Maria
2616 2595 2846 2659 natum,
2896 2608 3025 2648 esse
3082 2597 3582 2654 consubstamiale
3640 2599 3815 2656 Verbi

2165 2675 2366 2730 deitati
2401 2694 2412 2731 :
2447 2678 2499 2729 3°
2535 2678 2791 2734 Verbum
2825 2680 2883 2735 in
2915 2699 3175 2755 carnem,
3211 2688 3636 2759 ossa,capillos,
3667 2697 3725 2746 et
3754 2692 3813 2746 in

2166 2769 2352 2819 totum
2384 2783 2596 2839 corpus
2629 2774 2923 2825 mutatum
2958 2772 3138 2829 fuisse
3171 2789 3182 2828 :
3217 2791 3376 2830 error
3405 2777 3542 2833 olim
3577 2780 3816 2837 Marcio-

2164 2854 2257 2908 nis
2291 2871 2304 2922 ;
2329 2856 2704 2912 h'Dominum
2729 2853 2948 2930 δοκήσει
2973 2862 3162 2918 solum
3178 2865 3525 2924 adventasse
3556 2869 3616 2924 in
3639 2887 3814 2928 mun-

2163 2945 2753 3018 dum,antiquissima
2773 2955 2831 3005 et
2860 2952 3136 3008 omnibus
3167 2959 3319 3010 retro
3343 2957 3573 3014 szeculis
3604 2961 3812 3034 vulga-

2160 3035 2390 3090 tissima
2418 3035 2659 3094 haeresis
2693 3042 2782 3107 ;5'
2810 3040 2998 3111 ipsam
3030 3043 3305 3100 deitatem
3336 3047 3745 3106 circumcisam
3760 3058 3816 3108 et

2162 3141 2396 3195 passam
2430 3127 2611 3183 fuisse
2642 3146 2654 3195 ;
2686 3131 2739 3183 6'
2777 3129 3030 3186 Verbum
3066 3149 3438 3206 nequaquam
3471 3155 3540 3193 ex
3601 3139 3811 3211 Maria’,

2161 3214 2262 3267 sed
2295 3230 2360 3268 ex
2395 3232 2503 3270 sua
2533 3216 2642 3271 sibi
2675 3219 3006 3274 substantia
3062 3237 3276 3293 corpus
3329 3225 3668 3286 etformasse
3704 3249 3717 3300 ;
3752 3234 3808 3286 7'

2162 3301 2264 3372 qui
2296 3304 2378 3357 ait
2411 3304 2643 3360 Domini
2671 3323 2885 3379 corpus
2915 3325 2983 3363 ex
3033 3311 3216 3367 Maria
3245 3330 3395 3380 esse,
3429 3334 3546 3372 non
3579 3319 3812 3379 trinita-

2081 3377 2122 3442 C
2166 3397 2304 3457 tem,
2341 3394 2441 3447 sed
2474 3377 2930 3464 quaternitatem
2957 3400 3289 3457 admittere.
3333 3377 3417 3459 Ab
3449 3377 3812 3479 argumentis

2160 3485 2354 3536 autem
2373 3482 2679 3539 adversum
2695 3488 3098 3558 pugnantibus
3112 3492 3428 3550 referendis
3441 3497 3808 3558 abstinemus

2159 3573 2436 3642 quoniam
2468 3573 2644 3629 hosce
2675 3591 2900 3631 errores
2933 3577 3188 3635 dilucide
3217 3584 3274 3636 et
3305 3583 3528 3640 naviter
3556 3587 3809 3645 Athana-

2157 3660 2284 3716 sius
2317 3662 2621 3733 propulsat
2653 3665 2710 3718 in
2744 3666 2984 3737 Epistola
3040 3669 3109 3724 ad
3158 3672 3479 3742 Epictetum,
3515 3680 3572 3731 et
3600 3677 3659 3732 in
3693 3678 3807 3735 ele-

2156 3753 2523 3822 gantissimis
2552 3760 2740 3811 contra
2764 3758 3210 3829 Appollinarium
3239 3760 3423 3819 libris.
3450 3768 3579 3836 Ipse
3611 3773 3806 3825 autem

2156 3845 2612 3917 Appollinarius,
2645 3849 2958 3920 superstite
2987 3850 3328 3907 Athanasio.
3350 3855 3478 3924 ejus
3502 3859 3805 3928 captandis

2157 3935 2424 3991 amicitiae
2453 3937 2660 4008 gratia,
2695 3938 3042 3995 catholicam
3091 3942 3267 3997 fidem
3329 3945 3756 4004 ementiebatur
3790 3967 3802 4017 ;

2155 4025 2237 4080 ita
2268 4031 2331 4079 ut
2359 4026 2536 4081 etiam
2567 4028 3804 4110 Athanasius,fraudeveteratorisdeceptus

2153 4116 2528 4172 Timotheum
2541 4118 2668 4187 ejus
2690 4118 3042 4191 discipulum
3058 4119 3306 4177 Damaso
3329 4141 3488 4195 papae
3510 4143 3805 4184 commen-

2154 4207 2321 4262 daret
2352 4212 2494 4263 teste
2553 4209 2824 4264 Facundo
2849 4209 3452 4284 Hermianensi,cujus
3485 4215 3605 4270 haec
3629 4219 3804 4274 verba

2155 4301 2294 4351 sunt
2322 4297 2392 4369 (c)
2427 4314 2439 4352 :
2471 4298 2611 4353 Nam
2639 4303 2689 4353 et
2715 4300 2766 4354 si
2797 4300 2973 4368 legere
3000 4300 3114 4354 alia
3135 4300 3437 4369 dignentur
3457 4307 3554 4376 qui
3571 4307 3800 4376 legenda

2153 4389 2520 4457 coascribunt,
2552 4390 2830 4444 invenient
2859 4391 3025 4445 etiam
3076 4390 3414 4447 Timotheum
3467 4393 3802 4465 Apollinaris

2151 4477 2485 4548 discipulum
2512 4495 2546 4532 a
2577 4477 2729 4533 beato
2755 4478 3048 4534 Athanasio
3074 4496 3174 4551 per
3203 4481 3579 4552 ignorantiam
3654 4493 3789 4541 tem-

2146 4568 2370 4638 poribus
2401 4569 2547 4623 beati
2578 4569 2819 4636 Damasi,
2845 4568 2962 4623 sedi
3001 4572 3305 4640 apostolica
3352 4572 3501 4627 rel-ut
3547 4573 3799 4631 orthodo-

2147 4673 2283 4712 xum
2312 4657 2744 4712 commendatum
2779 4675 2798 4712 :
2818 4665 2978 4728 atque
3007 4659 3082 4713 ab
3106 4660 3219 4729 ipso
3238 4676 3384 4730 papa
3418 4665 3651 4718 Domaso
3678 4665 3800 4720 sine

379 4730 562 4803 Imple
597 4750 833 4806 quoque
857 4737 916 4790 in
935 4739 1269 4796 Marcellum
1297 4730 2040 4818 invehitumquod—v—cpgum
2077 4751 2118 4815 D
2149 4747 2459 4802 cohibentia
2488 4749 2712 4802 hwresis
2733 4747 3058 4819 simpliciter
3085 4764 3196 4803 esse
3225 4759 3547 4820 susceptum.
3581 4751 3799 4809 Verum

375 4824 659 4878 aeternum
693 4841 823 4880 esse
852 4826 1028 4884 dicat.
1061 4829 1198 4885 Viro
1230 4831 1370 4888 item
1435 4835 1574 4891 vitio
1628 4844 1819 4910 vertit,
1881 4845 2037 4914 quod

379 4911 562 4964 Deum
595 4911 753 4967 dicat
781 4931 911 4970 esse
940 4917 1488 4994 rpmpbswnovquce
1518 4930 1715 4984 tamen
1748 4911 2038 4990 sententia

377 5012 446 5051 ex
479 5015 646 5071 aequo
678 5007 734 5056 et
768 5003 920 5060 bono
953 5014 1194 5080 accepta
1219 5027 1358 5067 vera
1387 5019 1476 5069 est
1504 5020 1562 5071 et
1592 5018 1898 5076 catholica.
1935 5027 2037 5080 Ve-

377 5102 506 5142 rum
540 5086 663 5144 hac
695 5093 896 5149 omnia
926 5095 1216 5154 Eusebius
1247 5117 1316 5155 ex
1348 5102 1605 5160 Marcelli
1631 5108 1865 5182 scriptis
1898 5112 2034 5170 hinc

373 5173 511 5233 inde
532 5184 804 5252 excerpta
826 5181 1312 5257 collegit,detorta
1333 5209 1591 5266 perswpe
1614 5197 1720 5251 viri
1744 5173 2035 5260 sententia

374 5268 548 5338 atque
578 5268 650 5323 ad
682 5286 924 5341 pravam
955 5273 1284 5334 doctrinam
1329 5280 1382 5335 vi
1415 5281 1700 5340 ratiocinii
1732 5287 1981 5347 deducta
2015 5310 2028 5362 ;

371 5353 661 5414 Eusebius
690 5359 912 5417 scilicet
933 5367 991 5418 et
1021 5363 1145 5436 ipse
1167 5374 1452 5440 suspecta
1484 5372 1618 5428 ﬁdei
1649 5353 2030 5450 homo,quem

371 5443 524 5500 inter
544 5447 895 5506 Arianorum
921 5453 1318 5527 primipilares
1338 5469 1643 5520 recensent
1670 5467 2029 5526 Athanasius

369 5536 426 5588 et
453 5533 734 5594 Hilarius.
768 5543 884 5596 Nec
916 5541 1152 5600 defuere
1183 5549 1378 5604 tamen
1407 5569 1476 5606 ex
1508 5553 1778 5611 Ecclesize
1842 5560 2030 5632 magi-

367 5624 529 5694 stris,
553 5626 656 5698 qui
682 5629 953 5688 Marcello
983 5639 1268 5710 corruptae
1289 5638 1426 5696 fidei
1465 5647 1665 5702 notam
1722 5624 2030 5707 inurerent

439 5749 518 5838 (ει)
543 5752 765 5838 gustia.
797 5756 935 5838 e_di_t.
957 5758 1156 5838 Raris.
1190 5779 1248 5838 p.
1269 5763 1395 5825 390.

439 5750 495 5821 (a
545 5752 765 5813 Justin.
797 5756 935 5816 edit.
972 5758 1083 5817 Par

439 5750 518 5905 (δέ
542 5823 717 5890 Basil.
748 5827 922 5908 epist.
953 5830 1046 5894 52.
1077 5833 1085 5842 '

2147 4835 2196 4892 si
2229 4837 2624 4908 fragmentum
2658 4835 2800 4890 illud
2835 4839 2897 4892 in
2912 4836 3354 4908 Matthaeumjam
3387 4839 3574 4911 primo
3605 4841 3800 4914 publi—

2145 4931 2344 4981 catum
2379 4943 2508 4999 pag.
2548 4927 2684 4981 1006
2714 4925 2837 4998 (ubi
2870 4926 2940 4981 ad
2973 4925 3093 4981 haec
3122 4928 3433 4999 Scriptura:
3469 4931 3800 5000 verba,Sur—

2141 5031 2271 5085 gens
2299 5017 2744 5086 accipepuerum,
2777 5015 2990 5070 dicitur
3021 5014 3112 5071 his
3155 5017 3319 5088 argui
3368 5018 3796 5090 Apollinarium

2144 5105 2244 5176 qui
2278 5105 2423 5160 dixit
2443 5104 2701 5160 animam
2738 5103 3138 5176 intelligentize
3167 5122 3439 5178 capacem
3475 5109 3800 5167 noninesse

2143 5194 2418 5266 Christo),
2450 5194 2756 5250 Athanasii
2787 5211 2918 5250 vere
2952 5195 3048 5260 sit,
3108 5197 3218 5250 sub
3276 5195 3449 5252 ﬁnem
3508 5198 3636 5253 vita:
3667 5201 3795 5272 ejus

2143 5284 2540 5356 conscriptum
2573 5285 2768 5352 fuerit,
2801 5302 2864 5340 ac
2892 5289 3044 5340 recte
3095 5285 3352 5357 arguerit
3405 5286 3791 5346 Athanasium

2142 5375 2251 5430 sub
2282 5380 2606 5429 extremum
2630 5375 2756 5431 vita:
2791 5374 3168 5447 Appollinarii
3211 5374 3570 5446 impietatem
3602 5379 3791 5435 edidi-

2139 5465 2429 5533 cisse;nisi
2463 5466 2608 5520 forte
2637 5465 2870 5520 dicatur
2898 5464 3161 5536 eum,qui
3185 5464 3358 5521 hasce
3389 5469 3450 5521 in
3480 5468 3792 5527 Matt/laeum

2138 5555 2530 5628 expositiones
2561 5571 2629 5610 ex
2657 5555 2833 5609 variis
2865 5556 2992 5626 ejus
3025 5554 3302 5626 operibus
3333 5555 3781 5636 consarcinavit,

2137 5661 2352 5701 nomen
2380 5643 2765 5718 Appollinarii
2797 5660 2904 5700 suo
2935 5649 3120 5700 marte
3151 5645 3456 5718 adjecisse.

2207 5770 2280 5848 (c)
2311 5770 2435 5829 Lib.
2467 5787 2568 5831 νη.
