4170 6396
361 409 559 461 XXXVI

1761 394 2293 461 PROLEGOMEN
2303 396 2349 457 Α
2362 442 2376 455 .

1148 527 1221 584 VI
1976 566 1983 572 -
2043 540 2097 603 Α
2129 560 2197 569 ——
2229 529 2354 583 Mos
2383 528 2524 583 item
2581 526 2640 583 in
2698 532 2937 601 Egypto
2982 527 3085 583 illa
3144 532 3313 584 aetate
3369 526 3502 595 fuit,
3533 530 3599 585 ut
3629 543 3781 585 non-

356 619 431 675 De
457 618 757 691 disciplina
781 616 1041 675 Ecclesia:
1071 617 1361 702 Athanasii
1385 634 1516 686 κυο,
1548 635 1618 673 ex
1640 620 1756 687 eius
1786 620 2015 691 scriptis

1020 709 1356 751 συνοπτικως

430 798 481 868 1,
511 796 763 853 Grandis
793 796 893 853 otii
927 814 1020 852 res
1065 800 1241 864 esset,
1266 797 1460 869 quarti
1500 796 1695 852 saeculi
1750 796 2012 869 discipli-

358 902 497 941 nam
528 885 1007 953 ecclesiasticam,
1039 890 1124 941 tot
1179 887 1593 942 controversiis
1626 886 2011 958 implicatam,

355 973 691 1030 minutatim
714 991 779 1030 ac
800 991 901 1046 pro
933 992 1127 1031 rerum
1144 974 1512 1047 singularum
1544 976 1832 1047 dignitate
1853 992 2009 1031 com-

357 1079 685 1120 memorare
721 1082 735 1120 :
769 1080 957 1136 neque
986 1069 1185 1120 tamen
1219 1064 1480 1120 horreret
1529 1065 1765 1120 animus
1797 1067 1868 1120 ab
1902 1064 2010 1119 hu-

348 1153 615 1224 jusmodi
644 1153 838 1209 studio
866 1159 922 1208 et
951 1154 1170 1222 labore,
1204 1153 1254 1209 si
1286 1153 1496 1225 aliquas
1539 1155 1803 1210 venirent
1833 1154 2007 1210 ferire.

358 1244 571 1298 Verum
603 1242 659 1297 in
694 1242 991 1316 praesenti,
1024 1260 1128 1314 pro
1160 1242 1413 1298 instituti
1476 1244 1588 1298 mei
1649 1243 1891 1310 ratione,
1952 1244 2009 1298 id

353 1330 499 1386 mihi
531 1331 752 1404 negotii
784 1332 957 1387 credo
989 1331 1180 1388 solum
1208 1332 1358 1402 dari,
1390 1337 1456 1388 ut
1486 1349 1617 1405 quae
1649 1334 1719 1388 de
1763 1350 2009 1389 consue-

352 1420 559 1476 tudine
588 1420 861 1478 Ecclesias
905 1421 1266 1479 Athanasius
1322 1422 1413 1477 vel
1446 1422 1718 1494 pluribus
1747 1423 1888 1495 agit,
1919 1422 2009 1479 vel

353 1510 546 1582 tangit
573 1510 753 1577 obite,
790 1527 1131 1567 recenseam
1173 1516 1463 1583 accurate,
1521 1511 1594 1566 iis
1660 1511 2009 1583 plerumque

352 1598 590 1670 additis,
624 1616 752 1671 quae
786 1599 933 1655 scitu
962 1616 1111 1671 opus
1142 1604 1283 1656 sunt
1302 1601 1372 1655 ad
1406 1599 1714 1655 Athanasii
1745 1599 2007 1655 locorum

353 1687 829 1761 intelligentiam.

419 1778 475 1833 2.
509 1778 807 1833 Sacrorum
833 1777 1124 1834 celebratio
1161 1778 1244 1850 (p.
1280 1778 1402 1849 107,
1434 1779 1561 1845 26-1,
1593 1780 1681 1845 88,
1719 1777 2003 1849 1l7,208).

348 1897 419 1907 —-
451 1866 577 1922 Mos
606 1871 730 1923 erat
757 1866 858 1922 illo
888 1884 1008 1923 ωνο
1038 1867 1098 1922 in
1127 1868 1441 1924 secretiore
1495 1867 1696 1940 aliqua
1747 1866 2005 1924 ecclesiae

350 1960 515 2028 parte
538 1972 705 2012 sacra
728 1956 1039 2028 facere,qui
1070 1956 1236 2012 locus
1270 1954 1528 2031 ἱερατεῖον
1555 1958 1675 2014 sive
1694 1960 2004 2013 sacrarium

350 2045 1053 2118 dicitur.Signiﬁcabatur
1080 2045 1219 2102 item
1248 2063 1314 2102 eo
1347 2046 1586 2102 nomine
1618 2052 1797 2103 castus
1830 2047 2006 2102 mini-

347 2139 603 2191 strorum
638 2134 1295 2207 altaris.Exemplavide
1325 2136 1383 2191 in
1418 2136 1781 2193 Onomastico.
1807 2136 2004 2193 Altare

348 2228 542 2282 autem
574 2240 679 2280 seu
713 2241 937 2292 mensa,
972 2230 1221 2296 utroque
1246 2224 1403 2280 enim
1451 2225 1687 2281 nomine
1746 2230 2004 2293 notatur,

346 2317 447 2369 aut
479 2312 676 2386 lignea
705 2318 830 2370 erat
863 2318 966 2370 aut
993 2313 1247 2387 lapidea,
1280 2319 1345 2369 ut
1372 2314 1616 2371 innuere
1645 2314 2003 2372 Athanasius

345 2401 576 2458 videtur
597 2419 733 2459 cum
754 2400 996 2459 ᾶίιῑεῖτα
1016 2401 1091 2464 ὡς
1112 2402 1174 2457 τὸ
1197 2398 1326 2456 ὅλον
1350 2409 1451 2471 τῆς
1475 2400 1704 2473 ἐντολῆς
1725 2401 2002 2477 πληροῦν-

342 2509 454 2559 τες,
484 2494 647 2545 τοῦτο
678 2490 780 2565 γὰρ
804 2491 870 2560 ἦν
912 2491 974 2545 τὸ
1006 2488 1467 2564 σπουδαζόμενον,
1501 2497 1661 2548 τοῦτο
1693 2493 1783 2547 καὶ
1820 2493 2001 2566 κόμης

343 2579 435 2634 καὶ
464 2580 492 2634 ὁ
524 2578 817 2642 καθολικὸς
838 2577 1255 2656 παρήγγελλον·
1290 2581 1627 2655 ἁρπάσαντες
1653 2584 1719 2637 τὰ
1760 2580 2003 2657 συμψέλ-

346 2665 459 2738 λια,
509 2669 723 2724 καὶτὸν
774 2669 988 2745 θρόνον,
1038 2670 1129 2725 καὶ
1176 2672 1275 2740 τὴν
1324 2672 1614 2747 τράπεζαν,
1668 2669 1858 2742 ξυλίνη
1896 2672 2000 2749 γὰρ

342 2757 433 2830 ἦν,
465 2758 556 2813 καὶ
586 2759 654 2813 τὰ
689 2756 838 2835 βῆλα
865 2766 968 2829 τῆς
999 2758 1315 2831 ἐκκλησίας,
1338 2761 1405 2814 τά
1422 2781 1481 2815 τε
1508 2758 1651 2815 ἄλλα
1673 2760 1771 2815 ὅσα
1800 2758 2003 2832 ἠδυνή-

345 2849 514 2919 θησαν
549 2846 917 2924 ἐξενέγκαντες
968 2843 1215 2906 ἔκαυσαν.
1248 2851 1309 2906 Id
1350 2857 1479 2908 est:
1512 2853 1654 2908 Hinc
1690 2868 1794 2925 quo
1842 2854 2001 2924 peni-

344 2942 433 2995 tus
460 2938 789 2994 mandatum
816 2948 1242 3013 exsequerentur
1262 2940 1381 3008 (hoc
1435 2958 1673 3012 namque
1714 2942 1830 2996 illis
1853 2941 2003 2997 cordi

343 3032 486 3084 erat.
518 3033 617 3084 hoc
662 3030 798 3084 item
853 3046 1035 3085 comes
1082 3031 1501 3101 catholicusque,
1556 3032 1998 3103 praecipiebant),

342 3117 630 3184 subsellia,
662 3119 939 3187 thronum,
974 3135 1240 3190 mensam,
1274 3136 1407 3175 nam
1456 3121 1643 3190 lignea
1688 3130 1825 3188 erat,
1876 3122 1997 3176 vela

342 3206 605 3273 ecclesia,
639 3223 699 3263 ac
728 3210 931 3264 caetera
961 3223 1087 3278 quae
1113 3211 1337 3279 potuere
1390 3208 1607 3281 direpta
1636 3214 1689 3265 et
1718 3214 2001 3282 asportata

344 3297 770 3364 combusserunt,
804 3296 908 3353 Ubi
944 3296 1046 3353 illa
1076 3298 1432 3367 exceptione,
1466 3316 1604 3354 nam
1635 3300 1815 3369 lignea
1854 3303 1994 3366 erat,
2028 3290 2070 3357 C

346 3385 568 3441 indicat
592 3401 661 3441 ex
690 3384 807 3441 alia
836 3386 1081 3442 materia
1105 3404 1532 3459 nonnunquam
1552 3390 1770 3443 exstrui
1793 3388 2000 3444 altaria

347 3472 571 3529 scilicet
600 3490 669 3528 ex
698 3473 910 3546 lapide.
977 3474 1212 3547 Ligeum
1267 3475 1450 3532 altare
1512 3481 1800 3533 memorat
1856 3477 1996 3533 item

347 3562 596 3635 Optatus
625 3562 1019 3619 Milevitamus
1049 3564 1126 3635 (a)
1166 3563 1265 3619 ubi
1297 3564 1377 3619 ait
1410 3581 1423 3619 :
1460 3566 1596 3633 Quis
1619 3566 1874 3637 ﬁdelium
1900 3583 1995 3623 ne-

346 3652 466 3718 scit,
498 3652 561 3706 in
585 3651 910 3722 peragendis
966 3654 1246 3724 mysteriis
1277 3654 1398 3724 ipsa
1452 3655 1606 3726 ligna
1663 3657 1988 3711 linteamine

346 3741 616 3812 cooperiri
641 3739 669 3795 ‘I
698 3742 847 3796 Inter
874 3743 998 3812 ipsa
1026 3750 1367 3797 sacramenta
1397 3744 1642 3798 velamen
1672 3747 1849 3816 potuit
1876 3748 1997 3799 tan-

345 3830 423 3901 gi,
454 3845 566 3884 non
596 3827 945 3899 lignum.Aut
973 3831 1025 3885 si
1053 3838 1203 3885 tactu
1230 3832 1403 3902 possit
1428 3836 1719 3903 penetrare
1750 3834 2000 3889 velamen

348 3935 473 3990 ergo
496 3926 864 3990 penetrantur
889 3921 939 3975 et
970 3919 1145 3990 ligna.
1181 3920 1243 3974 Si
1268 3922 1554 3990 penetrari
1570 3930 1792 3992 possunt
1823 3923 1999 3991 ligna,

342 4011 671 4081 penetratur
697 4012 751 4063 et
778 4016 946 4064 terra.
976 4009 1037 4064 Si
1063 4025 1094 4063 a
1128 4009 1276 4065 vobis
1297 4010 1513 4081 lignum
1531 4011 1754 4066 raditur
1777 4020 1827 4067 et
1857 4020 2000 4067 terra

346 4112 474 4170 quae
502 4098 695 4153 subter
722 4105 803 4154 est
831 4098 1100 4169 fodiatur.
1166 4100 1347 4155 Altam
1374 4102 1540 4171 facite
1577 4101 1837 4170 scrobem,
1870 4100 2004 4155 dum

341 4204 443 4260 pro
472 4196 648 4244 vestro
674 4188 908 4244 arbitrio
939 4191 1190 4261 quwritis
1216 4191 1535 4261 puritatem.
1568 4190 1675 4246 Sed
1724 4190 2005 4246 observate

346 4293 418 4332 ne
446 4279 679 4333 veniatis
709 4276 779 4333 ad
809 4279 1020 4349 inferos
1048 4287 1100 4335 et
1128 4280 1249 4335 illic
1277 4280 1575 4335 inveniatis
1608 4279 1758 4351 Core,
1787 4282 2005 4337 Dathan

351 4373 405 4422 et
456 4366 664 4424 Abiron
711 4369 1104 4437 schismaticos,
1162 4372 1427 4442 magistra
1510 4371 1716 4426 scilicet
1772 4374 1997 4427 vestros.

346 4456 490 4525 Ergo
517 4464 570 4512 et
595 4457 825 4527 fregisse
855 4473 944 4513 vos
972 4466 1023 4514 et
1050 4461 1250 4515 rasisse
1303 4462 1515 4514 constat
1571 4460 1798 4515 altaria.
1862 4459 2005 4529 Quid

347 4552 425 4601 est
452 4545 594 4616 quod
624 4548 686 4601 in
716 4546 817 4602 hac
848 4564 907 4603 re
934 4552 1106 4604 vester
1133 4550 1293 4622 quasi
1320 4549 1584 4619 languere
1630 4552 1778 4605 visus
1806 4558 1885 4606 est
1908 4549 2003 4623 fu-

347 4650 442 4690 ror
466 4634 495 4690 ‘I
531 4634 776 4693 Videmus
806 4638 955 4693 enim
980 4654 1071 4693 vos
1095 4648 1288 4710 postea
1334 4641 1583 4694 mutasse
1611 4639 1924 4711 consilium,
1956 4647 2008 4696 et
2038 4664 2082 4729 ο

350 4723 561 4778 altaria
588 4723 740 4779 vobis
758 4725 883 4796 jam
909 4741 1022 4780 non
1053 4728 1261 4795 frangi,
1302 4725 1396 4781 sed
1446 4728 1575 4798 rapi
1631 4726 2006 4783 tantummodo

347 4820 445 4868 aut
473 4812 762 4879 removeri,
796 4812 958 4870 Unde
985 4814 1287 4886 propalam
1315 4814 1869 4888 ﬁt,illatempestate
1892 4833 2002 4872 usu

347 4905 646 4973 receptum
680 4901 859 4958 fuisse
879 4908 946 4958 ut
974 4903 1184 4959 altaria
1208 4904 1633 4977 ligneaessent,
1660 4922 1773 4961 non
1808 4905 2006 4961 omnia

348 4989 609 5062 quidem,
633 4990 732 5047 sed
764 4990 997 5064 lapidea
1028 5009 1262 5065 quoque
1286 4992 1401 5049 alia
1431 4993 2007 5065 deprehenderentur

360 5083 426 5134 ut
454 5078 754 5136 Athanasii
786 5082 1125 5154 exceptione
1147 5082 1510 5154 exploratum
1544 5084 1792 5149 videtur,
1851 5089 1910 5139 et
1941 5089 2006 5140 ut

351 5167 565 5224 diserte
594 5168 676 5224 ait
703 5170 1156 5243 Chrysostomus
1186 5170 1348 5227 hom.
1385 5172 1456 5225 2O
1496 5173 1552 5226 in
1588 5174 1638 5227 II
1682 5173 1761 5228 ad
1812 5173 2005 5231 Corin-

347 5257 512 5312 thios.
696 5270 699 5271 '

423 5346 477 5402 3.
507 5349 755 5419 Synazcis
787 5351 868 5420 (p.
903 5351 1025 5418 105,
1073 5351 1194 5421 156,
1262 5350 1405 5421 116).
1466 5350 1642 5407 Lobus
1695 5352 1848 5422 plebi
1903 5352 2001 5407 de-

348 5443 575 5508 putatus
604 5438 664 5491 in
693 5438 918 5495 ecclesia
967 5438 1046 5512 (p.
1109 5441 1232 5511 105,
1291 5440 1439 5512 312).
1495 5441 1747 5496 Ehronus
1797 5443 2004 5514 cpisco-

346 5525 496 5597 palis
525 5525 606 5599 (p.
665 5527 792 5599 265,
858 5528 1005 5601 109).
1069 5527 1226 5586 Cerei
1281 5537 1333 5585 et
1388 5528 1721 5586 candelabra
1772 5530 2000 5604 (p.80).

424 5739 500 5827 (a)
527 5740 717 5819 Optat.
750 5740 853 5802 lib.
882 5760 941 5804 v1
968 5748 1167 5801 contra
1195 5744 1643 5805 Permenianum.

2127 617 2239 672 nisi
2263 617 2561 673 Dominico
2610 616 2703 672 die
2734 634 2899 673 sacra
2955 618 3258 673 adirentur
3291 634 3304 673 :
3339 616 3437 688 qui
3477 633 3782 673 sacrorum

2124 725 2272 764 usus
2338 705 2552 776 σῦναξις
2640 708 2837 764 ῦτωεθ
2918 708 3256 775 vocabatur,
3351 708 3511 763 varia
3574 706 3785 764 exinde

2123 796 2368 852 nomina
2424 802 2794 852 consecutus.
2854 798 2979 852 Non
3037 796 3262 852 licitum
3315 796 3778 864 catechumenie,

2122 886 2426 957 multoque
2458 886 2658 941 minus
2679 886 2999 957 gentilibus
3020 891 3076 940 et
3094 886 3315 942 Judazis
3344 886 3777 951 erat,oblationi

2122 980 2225 1030 aut
2249 976 2431 1031 sacris
2464 976 2639 1031 rebus
2671 976 2971 1031 interesse.
3007 977 3251 1031 Sacrum
3269 976 3509 1032 calicem
3544 974 3780 1049 populis

2120 1063 2375 1136 episcopi
2408 1064 3400 1136 pr0pinabant,ministrantibus,ut
3421 1083 3554 1121 vero
3584 1065 3778 1122 simile

2120 1156 2230 1217 est,
2260 1153 2732 1208 diaconis.Erant
2762 1152 3074 1225 p0pulares
3104 1160 3582 1228 omnes,excepto
3604 1156 3772 1212 cleri-

2119 1258 2321 1298 corum
2352 1247 2525 1310 coatu;
2561 1242 2979 1298 sacrariiaditu
3016 1243 3759 1301 interclusiJntrasacrarii

2120 1331 2410 1387 ambitum
2443 1336 2757 1404 suggestus
2786 1331 3018 1405 ligneus
3049 1333 3390 1405 eratﬂpévoc
3424 1334 3766 1402 dictus,edi-

2118 1419 2253 1485 tior,
2286 1436 2402 1491 quo
2429 1426 2769 1492 prospectus
2801 1423 3076 1493 episcopo
3135 1422 3205 1477 ad
3266 1420 3494 1494 plebem
3552 1427 3708 1479 esset
3743 1441 3758 1491 ;

2118 1513 2312 1581 atque,
2348 1514 2412 1564 ut
2438 1510 2686 1579 videtur,
2723 1509 2979 1581 proxime
3012 1510 3323 1583 populares
3381 1511 3630 1584 positus,
3694 1518 3762 1569 ut

2118 1597 2253 1653 hinc
2274 1597 2628 1666 clerus,inde
2647 1600 2898 1672 populus
2920 1601 3601 1675 episcopiconspectibus
3617 1608 3775 1675 pate-

2118 1687 2302 1743 ret.Ut
2316 1687 2643 1760 episcopale
2666 1706 2883 1745 munus
2897 1679 3289 1755 decebat,erat
3303 1692 3552 1748 thronus
3567 1692 3773 1764 tapeti-

2117 1776 2229 1831 bus
2259 1775 2770 1849 velaminibusque
2802 1778 3261 1850 circumquaque
3291 1784 3625 1847 exornatus,
3650 1777 3768 1833 ἐπι-

2118 1868 2398 1925 σκοπικῶς
2428 1861 2835 1937 ἐπολισμένοςσ
2872 1872 2928 1922 et
2960 1867 3221 1939 quidem,
3253 1873 3319 1923 ut
3370 1885 3439 1924 ex
3463 1868 3770 1925 Athanasii

2118 1953 2311 2009 verbis
2341 1956 2618 2027 augurari
2649 1954 2981 2023 licet,muro
3003 1957 3375 2030 defixus,quo
3409 1958 3638 2015 ﬁrmius
3659 1974 3769 2015 con

2116 2042 2367 2100 sisteret.
2404 2046 2539 2100 Erat
2568 2044 2813 2101 ecclesia
2840 2045 2983 2101 velis
3013 2051 3116 2101 aut
3146 2047 3218 2102 ad
3241 2052 3536 2115 ornatum,
3563 2053 3666 2104 aut
3693 2049 3768 2104 ad

2116 2149 2291 2189 usum
2314 2134 2638 2206 quemlibet
2667 2135 2953 2190 instructa
2982 2136 3238 2209 itemque
3268 2136 3569 2193 subselliis
3590 2143 3769 2210 atque

2114 2222 2391 2279 cancellis
2412 2224 2482 2278 ad
2507 2223 2707 2296 populi
2729 2225 3295 2281 commodum.Cerei
3329 2231 3385 2281 et
3413 2226 3769 2284 candelabra

2114 2311 2269 2366 baud
2302 2313 2482 2369 semel
2512 2319 2915 2370 memorantur
2947 2332 2959 2380 ;
2985 2319 3043 2370 ct
3072 2314 3405 2386 quidem,ut
3435 2315 3763 2385 videtur,ad

2113 2418 2234 2457 rem
2268 2420 2497 2459 sacram
2529 2404 2941 2476 deputata,nec
2966 2404 3077 2459 nisi
3096 2421 3231 2460 cum
3256 2405 3498 2462 homore
3522 2406 3760 2462 tractari

2113 2491 2305 2547 solita.
2344 2492 2486 2547 Hinc
2508 2493 2774 2564 queritur
2792 2493 3166 2562 Athanasius,
3200 2494 3555 2550 candelabra
3580 2495 3763 2551 eccle-

2114 2581 2212 2635 siaa
2246 2582 2316 2636 ad
2349 2580 2633 2654 parietem
2668 2581 2946 2638 reclinata
2976 2582 3179 2649 fuisse,
3238 2600 3306 2639 ac
3364 2584 3413 2639 si
3447 2585 3526 2640 rei
3585 2601 3763 2641 sacra:

2108 2669 2332 2725 violata:
2362 2670 2607 2726 Arianos
2638 2677 2956 2727 accusaret.
2992 2671 3175 2735 Quem
3220 2690 3396 2728 usum
3456 2690 3763 2730 cereorum

2112 2760 2183 2815 ad
2218 2776 2339 2815 rem
2371 2776 2598 2815 sacram
2631 2761 2689 2814 in
2722 2760 3029 2816 Occidente
3061 2778 3168 2817 suo
3199 2779 3316 2816 aevo
3350 2761 3528 2817 fuisse
3588 2767 3763 2835 negat

2110 2849 2501 2921 Hieronymus
2523 2849 2619 2919 (li),
2653 2849 3035 2921 conceditque
3065 2854 3259 2905 tamen
3309 2851 3366 2905 in
3392 2850 3621 2907 Oriente
3653 2853 3755 2907 ad-

2111 2938 2363 2994 missum
2399 2938 2599 2994 fuisse.
2638 2939 2947 3010 Frequenti
2979 2956 3045 2994 ac
3066 2938 3298 3011 vulgato
3332 2957 3616 3011 usu,cum
3644 2958 3761 2998 me-

2109 3032 2206 3084 tus
2234 3027 2499 3095 instaret,
2533 3034 2636 3084 aut
2667 3029 3022 3084 incursionis
3055 3029 3366 3085 formidine
3399 3031 3598 3103 pepuli
3633 3031 3758 3104 agi-

2108 3121 2395 3183 tarentur,
2416 3117 2631 3181 oleum,
2660 3119 2884 3184 vinum,
2920 3117 3226 3173 facultates
3275 3119 3665 3190 deportabant
3696 3122 3760 3175 in

2109 3206 2383 3263 ecclesias
2414 3224 2516 3261 ceu
2551 3206 2608 3261 in
2642 3206 2889 3279 perfugii
2922 3224 2988 3262 ac
3020 3207 3275 3279 praesidii
3308 3207 3454 3264 loca.

2180 3296 2231 3351 4.
2266 3297 2653 3368 Baptistcrium
2674 3300 2753 3367 (p.
2786 3296 2875 3368 90)
2906 3297 3059 3353 Fidei
3084 3298 3347 3368 confessio
3375 3300 3433 3353 in
3490 3300 3760 3371 baptismo

2108 3386 2186 3458 (p.
2219 3385 2334 3454 92).
2369 3417 2437 3425 —
2468 3385 2880 3457 Baptisterium
2915 3386 2972 3441 in
3003 3386 3247 3442 ecclesia
3303 3392 3429 3444 erat
3461 3405 3629 3444 muro
3657 3394 3761 3445 aut

2108 3474 2314 3532 saltem
2338 3480 2501 3548 septo
2532 3475 2725 3548 ligneo
2742 3476 3190 3533 clausum.Nam
3213 3478 3483 3550 queritur
3503 3478 3761 3535 Athana-

2109 3565 2253 3635 sius,
2281 3565 2514 3621 Judaros
2536 3565 2594 3620 in
2625 3565 3038 3638 baptisterium
3071 3567 3212 3622 dum
3254 3568 3642 3640 conﬂagraret
3671 3569 3760 3625 in-

2109 3671 2363 3727 gressos.
2396 3655 2502 3719 Qui
2534 3671 2702 3710 sacro
2752 3655 3105 3727 baptismate
3162 3655 3562 3728 tingebantur,
3612 3657 3765 3713 hanc

2112 3744 2449 3815 perbrevem
2482 3759 2587 3798 seu
2619 3743 2752 3797 fidei
2776 3743 3092 3799 formulam
3115 3743 3438 3799 recitabant
3464 3762 3477 3799 :
3516 3745 3681 3800 Credo
3703 3748 3766 3801 in

2109 3832 2281 3887 Deum
2311 3833 2533 3887 Patrem
2559 3833 3004 3898 omnipotentem,
3038 3840 3090 3888 et
3118 3833 3177 3887 in
3234 3835 3425 3888 Jesum
3484 3832 3767 3890 Christum

2110 3922 2322 3977 Filium
2372 3922 2491 3991 ejus
2516 3920 2888 3989 unigenitum,
2919 3928 2969 3975 et
2998 3921 3059 3974 in
3088 3919 3357 3991 Spiritum
3395 3925 3665 3976 sanctum.
3699 3922 3764 3977 In

2113 4014 2372 4065 extremo
2396 4010 2525 4064 vita:
2543 4008 3339 4081 baptismusquamplurimis
3359 4010 3768 4066 conferebatur

2113 4098 2173 4153 in
2197 4115 2373 4172 quam
2396 4098 2883 4155 consuetudinem
2916 4098 3231 4154 accerrime
3255 4098 3547 4155 invehitur
3566 4102 3764 4174 Augu-

2113 4188 2513 4244 stinus.Erant
2542 4193 2738 4243 tamen
2772 4187 2870 4259 qui
2902 4187 2973 4243 ad
3008 4187 3234 4244 obitum
3270 4205 3459 4260 usque
3490 4206 3611 4245 rem
3646 4206 3762 4245 non

2111 4276 2571 4345 extraherent,ut
2601 4277 2658 4332 in
2692 4276 2818 4333 loco
2850 4278 3128 4350 superius
3160 4276 3335 4333 allato
3367 4277 3561 4334 videre
3592 4282 3682 4335 est
3707 4283 3765 4334 et

2112 4367 2171 4423 in
2209 4368 2325 4423 Vita
2350 4367 2664 4423 Athanasii.

2182 4459 2237 4512 5.
2267 4456 2514 4512 Delectas
2544 4456 2806 4529 episcopii
2836 4454 2917 4529 (p.
2967 4458 3057 4525 88,
3122 4458 3242 4526 102,
3306 4457 3428 4523 H7,
3480 4458 3608 4524 207,
3656 4458 3766 4513 210

2111 4548 2460 4619 281).—Mos
2489 4550 2634 4616 erat,
2667 4550 2732 4600 ut
2761 4545 3072 4618 episcopus
3102 4545 3457 4616 deligeretur
3485 4563 3519 4601 a
3550 4546 3766 4619 populo

2114 4640 2169 4692 et
2201 4653 2234 4691 a
2256 4636 2406 4693 clero
2441 4653 2454 4691 ;
2490 4640 2547 4691 et
2578 4635 2816 4708 quidem
2848 4653 2918 4691 ex
2940 4639 3084 4691 caatu
3119 4634 3255 4690 cleri
3314 4636 3581 4707 ejusdem
3625 4636 3766 4692 civi-

2114 4726 2274 4797 tatis,
2297 4726 2357 4781 in
2388 4740 2571 4798 eaque
2602 4725 2958 4797 baptizatus,
2990 4725 3273 4781 educatus
3304 4723 3539 4797 populis
3592 4729 3768 4782 notus

2114 4815 2379 4888 ipsisque
2408 4813 2898 4871 acclamantibus.
2933 4813 3058 4877 Qua
3089 4814 3147 4869 in
3177 4830 3237 4869 re
3278 4818 3473 4869 tamen
3505 4831 3620 4870 non
3648 4832 3767 4871 una

2114 4905 2496 4971 consuetudo,
2532 4922 2648 4959 non
2678 4920 2806 4959 mos
2836 4904 3054 4975 ubique
3087 4903 3263 4958 idem.
3314 4903 3446 4958 Jam
3505 4903 3663 4961 enim
3694 4922 3763 4962 eo

2114 4997 2376 5065 tempore
2406 4994 2677 5048 homines
2706 4997 2875 5048 erant
2895 4993 3136 5048 honoris
3169 5010 3345 5065 quam
3379 4993 3556 5049 ofﬁcii
3593 4994 3766 5068 cupi-

2115 5082 2328 5150 diores,
2362 5082 2461 5155 qui
2494 5083 2554 5137 in
2589 5082 2960 5155 episcopatus
2992 5082 3335 5149 involarent,
3392 5083 3445 5137 vi
3492 5083 3762 5155 pecunia,

2114 5172 2303 5245 gratia
2324 5176 2381 5227 et
2407 5170 2823 5244 patrocinio.Et
2847 5170 3119 5243 frequens
3144 5170 3244 5227 illa
3260 5176 3607 5243 tempestate
3630 5171 3762 5240 fuit,

2116 5262 2386 5317 homines
2417 5261 2630 5326 videre,
2690 5260 2789 5333 qui
2822 5261 2892 5315 de
2919 5260 3143 5316 ambitu
3174 5259 3649 5333 postulabantur,
3704 5261 3767 5316 in

2116 5351 2495 5424 synodis.Nec
2526 5351 2768 5424 impune
2790 5354 2957 5406 erant
2986 5350 3083 5423 qui
3115 5366 3229 5407 non
3262 5350 3404 5404 trita
3432 5349 3524 5403 via
3545 5350 3766 5421 gradus

2115 5440 2547 5496 ecclesiasticos
2575 5438 2825 5496 adirent.
2860 5438 3155 5495 Exteriore
3187 5438 3447 5511 quadam
3478 5442 3616 5494 nota
3645 5438 3766 5510 epi-

2115 5530 2295 5604 scOpi,
2329 5529 2507 5587 etiam
2539 5545 2672 5586 cum
2705 5529 3123 5585 decumberent
3151 5545 3217 5584 ac
3264 5543 3543 5583 somnum
3599 5543 3768 5602 cape-

2183 5748 2262 5827 (b)
2290 5750 2358 5806 In
2385 5745 2491 5805 lib.
2520 5752 2713 5807 contra
2740 5744 3125 5822 Vigilantiam.
