4170 6442
345 494 580 550 XXXVIII

1738 484 2356 551 PROLEGOMENA.

348 621 422 678 ad
452 620 604 677 hanc
645 635 833 693 usque
882 636 1083 677 vocem
1139 620 1316 677 verba
1357 619 1513 688 fecit,
1573 636 1751 692 quam
1807 620 1989 675 Atha-
2021 630 2077 696 Α
2107 619 2307 693 egenis
2352 622 2411 676 et
2436 619 2629 677 viduis
2659 620 2722 678 in
2751 620 3050 695 assignato
3079 621 3229 690 loco,
3258 625 3318 679 et
3345 621 3584 696 quidem
3606 622 3764 680 intra

347 708 548 766 nasii?
589 709 753 775 Quod
803 712 1003 765 autem
1062 708 1327 765 Meletius
1383 709 1445 764 in
1504 707 1693 781 prima
1747 724 2003 781 persona

346 797 623 870 loquatur
652 798 820 854 initio
874 800 1171 869 Breviarii,
1230 798 1324 854 hic
1380 814 1514 855 vero
1544 798 1604 854 in
1633 797 1826 864 tertia,
1858 797 1999 870 quid

350 886 461 942 hac
492 883 772 960 ἐναλλαγῇ
831 887 1212 960 frequentius,
1266 892 1325 943 et
1371 892 1512 960 quot
1566 886 1653 942 vel
1713 902 1781 941 ex
1821 886 2001 942 Atha-

355 976 506 1032 nasii
528 975 762 1048 scriptis
821 978 1011 1033 afferri
1068 981 1311 1049 possent
1366 976 1698 1033 consimilia
1737 974 2004 1048 exempla

352 1064 547 1121 Unum
577 1070 701 1122 esto
760 1066 923 1123 satis.
959 1066 1021 1123 In
1052 1068 1292 1123 Historia
1321 1067 1653 1121 Arianorum
1703 1064 1775 1119 ad
1810 1080 2001 1119 mona-

352 1153 479 1211 chos
522 1154 603 1227 (p.
633 1155 761 1223 281)
807 1154 927 1212 haac
970 1155 1070 1211 ille
1101 1173 1115 1211 :
1152 1153 1284 1209 Εἶτα
1328 1155 1462 1227 μετὰ
1513 1157 1688 1226 μῆνάς
1737 1173 1843 1207 που
1874 1149 2003 1207 δέκα

348 1238 775 1313 τελευτήσαντος
824 1242 1134 1319 Γρηγορίου
1170 1288 1185 1313 ,
1240 1243 1645 1317 μεναπὲμπεται
1695 1242 1785 1297 καὶ
1840 1242 1999 1296 Ἀθα-

349 1332 531 1388 νάσιον
568 1334 703 1405 μετὰ
748 1334 928 1403 πάσης
972 1340 1165 1407 τιμῆς,
1218 1332 1324 1408 οὐχ
1364 1331 1520 1401 ἅπαξ,
1574 1328 1699 1386 οὖδέ
1731 1328 2001 1405 δεύτερον,

354 1417 499 1474 ἀλλὰ
528 1422 617 1476 καὶ
644 1421 828 1499 τρίτον
860 1424 1076 1499 γράψας
1106 1421 1251 1493 αὐτῷ
1284 1422 1380 1495 μὲν
1412 1420 1622 1500 φιλικά,
1666 1418 1735 1475 δι’
1766 1422 1838 1474 ὧν
1871 1420 1999 1496 θαρ-

353 1508 463 1585 ρεῖν
515 1511 607 1566 καὶ
651 1508 826 1566 ἐλθεῖν
875 1512 1175 1587 προέτρεπε
1226 1534 1237 1545 ·
1279 1512 1483 1585 πέμπει
1530 1531 1589 1565 τε
1638 1505 1999 1586 πρεσϐύτερον

351 1599 442 1654 καὶ
474 1596 747 1669 διάκονον,
772 1598 846 1655 ’ἔν’
879 1598 956 1655 ἔτι
1010 1598 1221 1675 μᾶλλον
1272 1601 1483 1677 0αρρὦ
1536 1597 1843 1669 ἐπανέλθοι,
1885 1597 2000 1653 ἐνο-

357 1689 481 1761 μιζε
509 1689 613 1765 γὰρ
646 1686 735 1744 διὰ
762 1690 853 1745 τὸν
878 1685 1044 1768 φόϐον
1076 1695 1184 1745 τῶν
1217 1689 1479 1765 πρότερον
1530 1690 1836 1763 γενομένων
1881 1685 2001 1742 ὀλι-

351 1783 552 1855 γωρεῖν
609 1799 676 1853 με
719 1779 844 1856 περὶ
873 1780 971 1849 τήν
1023 1777 1303 1835 ἐπάνοδον.
1338 1780 1537 1858 Γράφει
1568 1776 1625 1833 δὲ
1652 1782 1732 1850 τῷ
1781 1774 2004 1855 ἀδελφῷ

356 1865 550 1923 ἐαυτοῦ
606 1867 912 1924 Κώνσταντι
947 1913 962 1938 ,
1008 1866 1101 1924 ἵνα
1162 1868 1252 1924 καὶ
1328 1867 1488 1930 αὐτὸς
1562 1864 1871 1922 ἐπανελθεῖν
1937 1886 2003 1939 με

352 1957 748 2033 προτρέψηται.
781 1952 1160 2014 Διεϐεϐαιοῦτο
1215 1958 1319 2033 γὰρ
1379 1956 1618 2012 ἐνιαυτὸν
1671 1954 1800 2011 ὅλον
1861 1952 2003 2009 ἐκδὲ-

355 2048 548 2124 χεσθαι
574 2047 666 2102 τὸν
700 2048 1033 2105 Ἀθανάσιον.
1062 2049 1120 2104 Id
1154 2052 1244 2104 est
1275 2065 1288 2103 :
1329 2049 1469 2104 Hinc
1512 2050 1637 2120 post
1691 2046 1875 2103 decem
1900 2062 2008 2101 σιν·

353 2140 494 2196 citer
532 2141 798 2210 mensesf,
827 2138 1082 2210 defuncto
1138 2137 1411 2209 Gregorio,
1464 2136 1833 2193 Athanasium
1879 2151 2008 2191 cum

353 2244 569 2285 summo
597 2229 804 2285 honore
828 2229 1046 2300 accivit,
1105 2229 1201 2283 cui
1251 2243 1363 2284 non
1391 2242 1551 2295 unas,
1583 2229 1682 2281 aut
1710 2224 1893 2292 binas,
1915 2223 2006 2279 sed

353 2328 538 2376 ternas
565 2320 720 2374 misit
742 2318 956 2374 litteras
983 2318 1248 2373 amicitiae
1275 2317 1490 2389 plenas,
1520 2315 1717 2387 quibus
1744 2313 2005 2369 hortaba-

349 2417 443 2466 tur
473 2409 636 2464 illum
682 2412 743 2463 ut
799 2423 923 2463 cum
994 2406 1199 2477 ﬁducia
1253 2406 1547 2462 accederet.
1583 2406 1738 2461 Misit
1792 2418 2005 2474 quoque

347 2498 728 2572 presbyterum
753 2497 1169 2568 diaconumqae,
1198 2503 1261 2550 ut
1288 2495 1500 2567 majore
1535 2494 1717 2549 animi
1736 2493 2004 2547 securita-

354 2597 406 2646 te
432 2588 635 2645 rediret
658 2604 677 2643 :
708 2590 870 2643 ratus
899 2602 1006 2657 me,
1037 2585 1102 2641 ob
1132 2588 1261 2641 ante
1289 2589 1568 2655 gestarum
1594 2598 1782 2638 rerum
1808 2581 2002 2652 fanni-

351 2679 542 2736 dinem
569 2693 720 2748 mare
768 2691 1136 2733 reversurum.
1192 2674 1425 2746 Scripsit
1477 2673 1643 2729 etiam
1696 2671 1868 2743 fratri
1907 2684 2004 2724 suo

351 2767 726 2839 Constanti,ut
743 2781 830 2822 me
847 2772 900 2822 et
925 2765 1027 2820 ille
1054 2762 1125 2819 ad
1152 2761 1569 2835 remigrandum
1582 2761 1986 2817 cohortaretur.

347 2858 676 2933 Afﬁrmabat
705 2856 857 2914 enim
882 2871 938 2911 se
964 2868 1109 2910 anno
1140 2858 1356 2925 integro
1386 2851 1754 2907 Athanasium
1784 2863 2003 2919 exspec-

348 2951 562 3007 tavisse.
596 2946 702 3004 Hic
724 2945 889 3002 vides
919 2959 1239 3018 pancarum
1270 2940 1559 2997 linearum
1590 2939 1781 3014 spatio
1811 2956 1847 2996 a
1887 2943 2003 2995 ter-

353 3040 437 3097 tia
465 3039 538 3095 ad
570 3036 847 3111 primam,
877 3052 912 3091 a
939 3032 1132 3107 prima
1159 3048 1397 3089 rursum
1453 3030 1527 3086 ad
1585 3028 1819 3087 tertiam
1870 3044 2006 3102 per-

352 3144 562 3187 sonam
594 3141 925 3200 regressum
957 3123 1105 3180 dari.
1137 3122 1225 3178 Ad
1257 3122 1378 3177 haec
1398 3124 1615 3192 autem,
1647 3118 1697 3175 si
1745 3118 2005 3176 Athana-

358 3219 485 3276 sius
512 3217 637 3274 hec
665 3212 1039 3290 glossemalis
1081 3228 1240 3269 more
1287 3210 1617 3284 adiecisset,
1654 3225 1789 3265 cum
1838 3208 2004 3281 igno-

354 3307 645 3374 rantibus,
674 3303 865 3361 multo
894 3307 1027 3377 post
1059 3303 1264 3359 datum
1322 3300 1673 3357 Breviarium
1712 3314 2002 3354 annorum

349 3400 541 3477 spatio
569 3398 870 3463 scriberet,
900 3412 1018 3452 non
1075 3393 1307 3449 videtur
1355 3391 1440 3448 ita
1476 3389 1747 3464 perplexe
1775 3387 2005 3445 locutu-
2035 3377 2079 3445 C

354 3508 458 3548 rus
482 3489 684 3547 fuisse.
715 3488 929 3545 Contra
956 3480 1765 3551 Meletius,absolutaNica=.na
1788 3479 2010 3551 synodo

361 3597 496 3638 mxo
517 3579 870 3636 Breviarium
898 3574 1078 3643 dedit,
1104 3576 1161 3629 et
1190 3573 1261 3629 de
1298 3588 1362 3628 re
1405 3568 1895 3658 manifestissima
1924 3566 2008 3624 lo-

355 3686 544 3744 quens
572 3666 776 3741 paucis
795 3681 918 3722 rem
949 3662 1158 3736 tetigit.
1186 3661 1290 3718 His
1313 3677 1438 3717 com
1448 3658 1729 3732 probatis,
1762 3658 1858 3713 vix
1885 3673 2009 3713 cre-

355 3757 607 3814 diderim
640 3754 737 3811 hic
765 3768 965 3810 vocem
992 3748 1423 3825 ἀρχιεπίσκοπος
1480 3745 1726 3820 intelligi
1782 3746 1855 3801 de
1885 3744 2009 3801 Ale-

354 3847 601 3915 xandro,
633 3843 736 3901 sed
765 3843 839 3899 de
868 3840 1097 3898 Meletio
1128 3838 1404 3913 putarim.
1438 3837 1621 3909 quue
1649 3834 1898 3892 suadere
1926 3833 2011 3889 vi-

354 3937 529 3994 detur
553 3933 807 3991 historia
832 3931 1083 4002 hujusce
1109 3927 1393 4000 temporis
1417 3943 1431 3982 :
1464 3941 1602 3982 nam
1634 3924 1826 3981 tribus
1875 3926 2011 3996 post

357 4027 651 4083 Nicsnam
682 4021 969 4096 synodum
996 4018 1300 4075 mensibus
1327 4016 1583 4073 Joannes
1612 4014 1684 4069 ab
1734 4014 1863 4085 ipso
1891 4015 2007 4067 Me-

351 4114 503 4173 letio
531 4116 728 4171 orator
757 4111 828 4169 ad
859 4111 1273 4183 imperatorem
1306 4106 1527 4163 missus
1556 4108 1665 4161 est.
1685 4104 1758 4158 At
1786 4101 1837 4158 si
1872 4101 2005 4173 jus-

354 4204 531 4263 sisset
560 4199 983 4259 Constantinus
1006 4198 1293 4255 Joannem
1324 4194 1586 4269 proxime
1606 4192 2004 4248 Alexandrum

350 4292 714 4352 Alexandriae
743 4290 1083 4361 consistere,
1116 4304 1190 4344 an
1222 4285 1480 4359 legatum
1512 4300 1547 4340 a
1580 4280 1808 4338 Meletio
1837 4296 2005 4353 aequo

348 4384 548 4442 animo
576 4380 900 4455 excepisset
920 4382 1163 4435 i'Annon
1195 4374 1389 4449 potius
1418 4369 2003 4429 exstimesMeletium

349 4469 689 4546 imperatori
718 4470 976 4542 legatum
1018 4463 1198 4521 talem
1258 4461 1513 4529 misisse,
1541 4458 1642 4532 qui
1691 4459 1867 4530 jussu
1910 4457 2002 4530 ip-

349 4562 476 4619 sius
506 4576 685 4634 penes
709 4575 773 4617 se
801 4559 1037 4629 degeret
1057 4554 1086 4609 ‘I
1115 4553 1258 4610 Utra
1284 4551 1618 4623 conjectura
1654 4546 1859 4604 melior
1887 4546 2001 4603 lec-

346 4651 461 4709 tori
488 4650 719 4707 erudito
746 4645 1162 4704 aestimandum
1188 4639 1557 4713 relinquitur.

2033 2003 2082 2068 B

2109 708 2364 765 ecclesiae
2394 713 2650 782 septum,
2684 711 3023 768 sedentibus
3044 712 3261 768 victum
3285 716 3614 785 erogarent.

2184 798 2268 853 13.
2302 800 2559 855 Forenses
2579 800 2796 870 judices
2825 801 2905 873 (p.
2938 802 3064 868 424,
3093 802 3216 869 137,
3252 802 3396 873 141).
3429 833 3498 842 -
3542 801 3761 859 Foren-

2110 903 2204 943 ses
2226 888 2461 958 judices
2492 890 2847 946 arcebantur
2874 908 2909 946 a
2937 890 3132 947 causis
3170 890 3602 958 ecclesiasticis,
3634 907 3760 962 quae

2107 980 2304 1032 tamen
2338 979 2718 1046 consuetudo,
2779 996 2912 1034 cum
2968 996 3179 1051 magno
3238 997 3331 1036 res
3386 979 3448 1035 in
3479 984 3642 1036 motu
3670 996 3762 1036 es-

2110 1069 2240 1121 sent
2269 1083 2421 1139 saepe
2450 1067 2665 1123 violata
2695 1067 2826 1123 fuit.
2861 1068 3185 1142 Presbyteri
3245 1086 3310 1125 ac
3360 1068 3577 1142 clerici,
3605 1068 3763 1125 mul-

2108 1159 2286 1227 toque
2317 1155 2505 1228 magis
2532 1157 2811 1230 episcopi,
2843 1159 3179 1230 gaudebant
3222 1154 3669 1231 ἀλειτουργησῐᾳ,
3703 1156 3761 1214 id

2109 1248 2198 1299 est
2228 1244 2599 1300 immunitate
2631 1263 2666 1302 a
2694 1245 2946 1318 publicis
2976 1247 3273 1319 operibus.
3318 1246 3523 1303 Clerici
3570 1246 3629 1301 in
3669 1263 3764 1302 sa-

2109 1349 2340 1388 crorum
2372 1333 2564 1389 ofﬁcio
2595 1333 2892 1391 stichariis
2925 1334 3095 1391 lineis
3126 1337 3463 1405 utebantur,
3495 1336 3649 1408 quod
3675 1351 3768 1391 ve-

2109 1422 2218 1477 stis
2247 1438 2422 1477 sacraa
2453 1439 2638 1495 genus
2669 1410 2938 1496 pluribus
2969 1425 3320 1480 describitur
3350 1426 3405 1479 in
3440 1425 3768 1497 Euchotogio

2108 1510 2301 1566 Goari.

2178 1600 2270 1654 2h.
2302 1601 2615 1674 Pervigitia
2645 1602 2726 1675 (p.
2758 1603 2886 1673 205,
2919 1603 3068 1675 311).
3100 1635 3169 1643 -
3198 1604 3287 1658 Ab
3343 1602 3491 1676 ipsis
3512 1603 3761 1677 primor-

2110 1686 2224 1743 diis
2246 1705 2416 1746 more
2448 1695 2742 1763 receptum
2770 1696 2894 1747 erat
2923 1691 3226 1765 pervigilia
3273 1690 3589 1759 celebrare,
3636 1708 3767 1765 quas

2108 1774 2446 1852 παννυχίδας
2476 1780 2781 1836 vocabant.
2816 1780 2993 1838 Nocte
3050 1780 3276 1837 scilicet
3319 1798 3452 1838 cum
3487 1797 3767 1855 magnam

2111 1865 2731 1935 solemenitatem,tum
2767 1869 3129 1926 Dominicam
3163 1870 3221 1925 in
3251 1887 3374 1942 qua
3403 1870 3641 1943 synaxis
3669 1870 3772 1927 ha-

2111 1957 2306 2012 benda
2333 1961 2479 2025 erat,
2513 1959 2895 2030 praecedente,
2946 1958 3005 2014 in
3063 1958 3340 2016 ecclesias
3369 1958 3766 2032 confluebant,

2114 2047 2679 2120 pernoctabantque,
2714 2047 3081 2104 orationibus
3110 2052 3168 2105 et
3198 2047 3446 2121 psalmis
3473 2052 3768 2105 vacantes.

2110 2135 2437 2208 Episcopus
2467 2136 2525 2191 in
2554 2135 2768 2192 throno
2798 2137 3075 2193 sedebat:
3102 2138 3279 2208 jussu
3330 2138 3460 2209 ejus
3489 2136 3774 2193 diaconus

2113 2223 2409 2297 psalmum
2441 2225 2759 2298 incipiebat
2785 2226 2857 2281 ad
2890 2227 3151 2283 medium
3175 2242 3583 2299 usqueversus
3605 2242 3618 2283 :
3643 2230 3771 2283 tum

2112 2312 2315 2385 populi
2345 2313 2590 2370 diacono
2623 2316 3081 2387 respondebant,
3128 2320 3303 2387 atque
3348 2320 3608 2372 extrema
3636 2332 3772 2372 ver-

2114 2419 2288 2458 suum
2323 2404 2848 2475 prosequebantur.
2876 2405 3032 2460 Inter
3053 2406 3280 2461 cantica
3310 2404 3770 2478 Ecclesiae,prin-

2113 2491 2159 2545 ci
2170 2508 2300 2563 pem
2332 2492 2632 2549 obtinebat
2661 2492 2856 2549 locum
2881 2494 2917 2562 ἡ
2936 2490 3250 2568 δοξολογία,
3276 2494 3499 2551 scilicet
3527 2494 3622 2550 hic
3650 2510 3774 2550 ver-

2111 2597 2236 2649 sus,
2267 2581 2483 2654 Ἀγιος,
2512 2580 2693 2655 ἅγιος,
2719 2581 2898 2655 ἅγιος,
2956 2584 3206 2651 Sanctus,
3255 2588 3500 2650 sanctus,
3548 2591 3765 2639 sanctus

2112 2672 2194 2741 (p.
2225 2669 2338 2741 86),
2372 2670 2462 2725 cui
2495 2671 2672 2727 etiam
2701 2670 2982 2745 τρισάγιον
3017 2688 3229 2727 nomen
3274 2672 3405 2727 fuit.
3454 2669 3769 2743 Doxologia

2111 2774 2246 2813 vero
2278 2758 2811 2831 Hierosolymitana
2832 2759 2952 2816 haec
2971 2759 3656 2833 verbacomplectebatur
3679 2759 3767 2814 :'Q

2111 2843 2295 2921 Κύριε,
2332 2850 2505 2900 σῶσον
2541 2842 2631 2919 δὴ,
2665 2843 2711 2899 ὦ
2758 2845 2940 2921 Κύριε,
2974 2844 3242 2901 εὖόόωσον
3295 2843 3387 2916 δὴ,
3435 2843 3764 2922 ηύλογημὲ-

2111 2954 2205 2996 νος
2236 2935 2265 2989 ὁ
2298 2933 2601 3011 ἐρχόμενος
2633 2934 2685 2990 ἐν
2720 2934 2950 3009 ὀνόματι
2998 2934 3218 3012 Κυρίου·
3253 2936 3294 2993 0
3332 2938 3578 3007 Domine,
3604 2938 3767 2994 satu-

2114 3030 2226 3081 tem
2252 3024 2323 3081 da
2351 3041 2382 3082 ο
2415 3028 2673 3093 Domine,
2733 3026 2867 3082 bene
2918 3042 3260 3099 prosperare,
3320 3026 3630 3083 benedictus
3673 3028 3775 3101 qui

2112 3115 2261 3170 venit
2291 3115 2353 3170 in
2379 3116 2605 3171 nomine
2654 3115 2894 3171 Domini.
2948 3116 3076 3172 Mos
3129 3119 3254 3171 erat
3294 3114 3449 3173 inter
3476 3116 3768 3173 orandum

2115 3220 2328 3260 manus
2357 3204 2664 3261 extendere
2691 3203 2772 3277 (p.
2801 3204 2952 3277 244).

2190 3311 2280 3367 15.
2314 3312 2634 3368 Cwmetcria
2660 3314 2743 3384 (p.
2794 3311 2920 3377 581,
2982 3312 3131 3383 689).
3165 3342 3234 3353 ——-
3271 3311 3618 3369 Cmmeteria
3645 3310 3775 3369 loca

2119 3416 2285 3457 sacra
2316 3405 2505 3473 erant,
2543 3400 2602 3456 in
2633 3400 2849 3473 quibus
2873 3400 3304 3457 Catholicorum
3362 3404 3596 3457 tantum
3641 3416 3774 3457 cor-

2121 3508 2263 3563 pora
2300 3491 2554 3548 humare
2587 3490 2815 3548 licitum
2864 3495 3007 3549 erat.
3067 3492 3441 3549 Consuetudo
3497 3508 3532 3547 a
3560 3490 3773 3565 priscis

2121 3597 2307 3653 usque
2336 3581 2627 3637 idolorum
2661 3582 3049 3654 temporibus,
3075 3581 3389 3639 condiendi
3411 3597 3654 3654 corpora
3674 3580 3774 3637 de-

2119 3669 2476 3738 functorum,
2507 3675 2682 3742 atque
2711 3670 2771 3726 in
2800 3669 2966 3727 lectis
2997 3670 3342 3737 reclinandi,
3372 3669 3566 3726 adhuc
3619 3667 3772 3725 obti-

2120 3759 2297 3815 nebat
2325 3759 2482 3832 apud
2535 3758 2894 3816 Christianos
2950 3759 3264 3832 Egyptios.
3314 3759 3499 3823 Quem
3548 3773 3774 3815 morem

2118 3847 2496 3905 acerbissime
2525 3847 2925 3904 insectabatur
2949 3852 3192 3904 sanctus
3220 3847 3530 3919 Antonius,
3564 3862 3768 3903 mona-

2117 3936 2362 3994 chorum
2397 3940 2579 4010 pater,
2612 3940 2672 3993 et
2698 3936 2943 3994 curabat
2968 3937 3122 4010 apud
3154 3936 3489 4009 Episcopos,
3524 3939 3591 3992 ut
3634 3934 3777 3993 sub-

2117 4026 2271 4083 ditos
2301 4042 2442 4083 suos
2472 4043 2507 4083 a
2536 4025 2718 4082 simili
2749 4026 2864 4082 ritu
2894 4027 3274 4083 deterrerent.

2189 4134 2275 4190 16.
2309 4133 2538 4204 Signum
2568 4135 2752 4191 crucis
2781 4133 2861 4207 (p.
2920 4135 2975 4201 2,
3005 4134 3156 4203 642).
3188 4164 3258 4175 -
3286 4134 3530 4207 Signum
3580 4132 3774 4190 crucis

2116 4223 2340 4295 passim
2365 4240 2478 4280 usu
2506 4223 2778 4280 veniebat
2808 4224 2964 4296 apud
2990 4223 3378 4295 Christianos,
3409 4239 3595 4295 eoque
3624 4239 3763 4279 san-

2114 4313 2189 4369 cti
2222 4313 2329 4369 viri
2362 4314 2433 4369 ad
2467 4312 2763 4369 mirabilia
2786 4313 3074 4385 patranda
3101 4314 3515 4384 daemonesque
3557 4312 3772 4385 fugan-

2113 4402 2220 4459 dos
2249 4402 2585 4459 utebantur.
2621 4402 2718 4459 Vis
2750 4400 2912 4459 illius
2942 4419 3057 4459 non
3081 4401 3259 4459 semel
3285 4405 3648 4459 memoratur
3675 4417 3772 4459 ce-

2112 4490 2411 4564 lebraturq
2422 4509 2515 4548 ue.

2184 4582 2269 4637 17.
2303 4581 2646 4653 Synodorum
2673 4582 2815 4638 ritus
2842 4584 2925 4655 (p.
2958 4582 3083 4638 103.
3116 4582 3241 4649 118,
3273 4585 3331 4639 et
3359 4581 3421 4637 in
3454 4582 3579 4639 Vita
3608 4580 3774 4638 Atha-

2107 4672 2299 4744 nasii).
2324 4703 2391 4713 —
2421 4670 2637 4744 Synodi
2656 4687 2764 4745 pro
2780 4672 2929 4728 veris
2950 4687 3016 4728 ac
3038 4670 3320 4745 legitimis
3340 4687 3456 4727 non
3473 4671 3773 4728 habeban-

422 4762 510 4817 10.
541 4757 826 4815 Frumenti
859 4753 1086 4824 largitio
1116 4751 1195 4825 (p.
1231 4748 1378 4822 109).
1430 4779 1501 4789 —
1559 4746 1940 4802 Frumentum
1971 4760 2005 4800 a

2120 4767 2231 4834 tur,
2254 4762 2305 4818 si
2337 4761 2743 4834 episcoporum
2804 4762 3063 4818 maxima
3120 4778 3257 4834 pars
3312 4761 3443 4833 ejus
3503 4761 3602 4834 qui
3636 4776 3775 4817 reus

346 4849 727 4912 Constantino
757 4847 1015 4922 primum
1047 4843 1106 4899 in
1134 4856 1311 4898 usum
1341 4837 1650 4895 viduarum
1674 4850 2017 4908 egenorum-

349 4958 464 5017 que
493 4943 822 5013 erogatum,
856 4936 928 4992 ab
954 4932 1227 5006 episcopo
1256 4928 1434 4985 tribui
1466 4925 1710 4994 solebat,
1743 4923 1844 4997 qui
1891 4921 2009 4979 cle-

348 5032 489 5090 ricis
514 5030 625 5087 hac
652 5029 712 5084 in
735 5043 797 5084 re
823 5021 1193 5082 administris
1221 5018 1513 5075 utebatur.

419 5122 507 5177 12.
542 5118 804 5175 Memoria
840 5113 1232 5187 episcoporum.
1263 5138 1332 5148 —
1362 5106 1489 5162 Mos
1544 5107 1667 5161 erat
1704 5103 2008 5159 defuncto-

348 5227 486 5268 rum
517 5209 954 5283 episcoporum,
988 5201 1090 5274 qui
1119 5215 1255 5256 cum
1299 5196 1471 5253 laude
1510 5194 1689 5251 vitam
1745 5195 2008 5266 egerant,

349 5299 591 5356 nomina
615 5296 676 5352 in
701 5293 903 5352 album
934 5304 1232 5364 reponere.

418 5406 509 5463 12.
544 5403 897 5461 Clericorum
942 5396 1136 5471 ofﬁcia
1191 5394 1272 5468 (p.
1309 5389 1681 5462 13,300,301).
1728 5421 1788 5429 —
1837 5387 2010 5445 Cleri-

348 5511 574 5566 corum,
615 5491 839 5549 scilicet
868 5482 1754 5563 presbyterorum,diaconorum
1780 5482 1838 5534 et
1866 5478 2005 5535 sub-

350 5583 733 5640 diaconarum
765 5579 958 5636 ofﬁcia
984 5576 1106 5632 haec
1134 5577 1340 5630 erant:
1375 5586 1561 5642 aegros
1592 5566 1863 5638 invisere,
1907 5584 2006 5625 eos

351 5672 455 5744 qui
486 5672 543 5726 in
571 5676 828 5727 extremo
859 5667 1034 5741 positi
1094 5664 1345 5720 necdum
1388 5658 1662 5731 haptizati
1695 5661 1891 5713 essent
1919 5674 2008 5713 sa-

349 5774 454 5815 cro
478 5755 703 5816 lavacro
732 5759 974 5831 tingere,
1024 5754 1179 5827 quod
1238 5751 1309 5808 ad
1355 5749 1802 5822 presbyterosne
1850 5746 2006 5804 solos

348 5846 687 5931 pertineret,
715 5846 902 5910 altum
932 5842 1256 5906 silentium.
1279 5836 1484 5901 Clerici
1516 5836 1655 5895 item
1688 5839 1875 5909 erant,
1901 5836 2005 5913 qui

418 6158 441 6199 Σ

2123 4852 2406 4925 agebatur
2434 4849 2658 4906 inimici
2691 4854 2928 4920 essent;
2988 4849 3037 4907 si
3098 4849 3369 4924 depositi,
3400 4848 3490 4906 vel
3530 4848 3778 4906 idolola-

2120 4942 2244 4997 triae
2285 4939 2520 4995 crimini
2573 4939 2851 5009 obnoxii;
2905 4940 2954 4995 si
3020 4939 3110 4995 vis
3158 4940 3423 5012 quaedam
3475 4937 3778 4997 saecularis

2119 5033 2469 5087 conventum
2491 5029 2916 5086 moderaretur.
2952 5030 3015 5084 ln
3048 5027 3284 5102 templis
3313 5026 3593 5085 celebrari
3623 5027 3777 5086 sole-

2117 5120 2297 5176 bant:
2331 5119 2715 5191 quamobrem
2746 5117 2903 5175 haud
2926 5118 3218 5175 immerito
3248 5122 3572 5191 carpuntur
3600 5117 3776 5175 Ursa-

2116 5208 2244 5265 cius
2274 5211 2332 5264 et
2359 5206 2594 5274 Valens,
2622 5206 2723 5279 qui
2756 5205 2819 5263 in
2851 5207 3101 5281 Augusti
3143 5206 3427 5281 palatium
3478 5207 3774 5279 synodum

2117 5296 2616 5354 Mediolanensem
2646 5313 2715 5353 ex
2739 5294 2986 5353 ecclesia
3017 5295 3464 5352 transtulerunt.
3497 5295 3773 5351 Officium

2115 5386 2499 5444 diaconorum
2555 5390 2681 5441 erat
2745 5401 2846 5442 eos
2902 5386 2960 5440 in
3010 5387 3301 5459 synodum
3358 5383 3772 5455 intromittere,

2115 5492 2367 5550 quorum
2401 5491 2577 5531 causa
2608 5476 2907 5547 agebatur.
2951 5474 3322 5548 Synodorum
3373 5473 3773 5546 cogendarum

2114 5566 2201 5622 hae
2232 5582 2421 5622 causai
2454 5569 2657 5620 erant:
2691 5563 2930 5620 haeresis
2962 5565 3190 5631 oborta,
3220 5562 3462 5637 grandis
3501 5562 3772 5635 quaedam

2114 5656 2186 5711 de
2215 5652 2608 5711 ecclesiastica
2639 5652 2952 5724 disciplina
2985 5652 3401 5719 controversia,
3435 5649 3628 5723 qualis
3662 5650 3776 5707 fuit

2115 5744 2216 5801 illa
2243 5745 2316 5800 de
2337 5742 2616 5799 Paschate
2639 5741 2698 5797 in
2722 5742 2943 5815 synodo
2987 5740 3257 5809 Niccena;
3305 5740 3516 5813 ingens
3570 5739 3771 5811 cujus-

2113 5834 2272 5913 piam
2302 5832 2561 5911 episcopi
2581 5831 2902 5909 ﬂagitium;
2934 5829 3193 5893 encenia
3222 5827 3425 5910 templi
3448 5845 3652 5893 recens
3679 5845 3774 5893 ex-
