4170 6420
1376 414 1801 482 PRIEFATIO
1843 416 2237 480 EDl'l‘lONlS
2283 415 2859 481 BENEDIGTINJE.

3626 428 3826 483 XXXIX

407 541 569 601 citati
598 540 967 604 celebranda.
996 544 1061 603 In
1092 548 1332 620 synodis
1362 550 1538 621 vulgo
1568 551 1892 606 edebantur
1924 551 2055 605 fidei
2091 561 2139 623 Α
2171 566 2338 621 grare
2372 551 2542 621 ccepit
2580 549 2920 606 institutum
2950 548 3295 621 hujusmodi
3345 566 3499 606 anno
3528 552 3653 617 341,
3686 568 3824 608 cum

405 632 670 689 formulas
712 634 793 706 (p.
846 636 970 702 157,
999 636 1149 708 586).
1185 639 1551 710 Expericntia
1583 641 1776 711 quarti
1809 640 2059 695 maxime

404 721 603 779 saeculi
627 728 986 795 compertum
1013 725 1141 793 fuit,
1157 728 1513 800 synodorum
1534 728 1776 784 nimiam
1795 730 2061 801 frequen-

399 812 543 868 tiam
566 810 701 883 plus
733 813 805 867 ad
825 813 1141 885 perniciem
1173 832 1348 885 quam
1380 818 1451 872 ad
1475 818 1831 874 commolum
1862 819 2057 874 Eccle-

402 900 500 955 sia:
533 901 872 957 contulisse.
906 902 969 957 In
1002 903 1135 959 ﬁdei
1168 904 1435 962 formulis
1465 922 1581 963 non
1609 908 1889 978 temporis
1921 911 2060 963 nota

402 989 676 1060 praemitti
708 989 955 1057 solebat,
980 1009 1094 1047 non
1126 993 1500 1065 imperatoris
1528 997 1909 1052 consulumve
1942 1014 2057 1052 no-

403 1078 581 1133 mina.
645 1078 1006 1151 Quapropter
1052 1097 1186 1136 cum
1234 1081 1470 1152 Valens,
1519 1084 1791 1141 Ursacius
1841 1085 2058 1158 aliique

402 1166 705 1238 prmsules,
738 1168 1083 1239 quotidiano
1111 1170 1255 1225 aulae
1277 1175 1547 1228 Caesareae
1570 1192 1682 1229 usu
1716 1176 1789 1230 ad
1812 1175 2057 1231 nimiam

402 1256 857 1312 assentationem
882 1257 1447 1329 eruditi,Constantii
1464 1258 1839 1329 nomen,¢um
1857 1265 2060 1320 odiosa

398 1346 598 1402 aeterni
614 1347 1071 1418 nuncupatione,
1102 1348 1236 1403 ﬁdei
1270 1350 1534 1406 formulae
1560 1352 1962 1424 praeﬁxissent,
1995 1352 2055 1409 in

401 1434 623 1491 crimen
640 1451 708 1491 ea
724 1436 795 1491 de
812 1452 992 1492 causa
1008 1436 1165 1494 haud
1184 1439 1289 1494 abs
1320 1457 1380 1495 re
1404 1446 1687 1497 vocantur
1708 1443 1779 1498 ab
1792 1443 2058 1499 Athana-

400 1523 487 1580 sio
516 1524 597 1596 (p.
620 1524 770 1597 619).
804 1525 912 1591 Qui
947 1526 1206 1599 episcopi
1239 1529 1460 1600 synodo
1493 1530 1775 1586 interesse
1804 1549 1920 1587 non
1953 1549 2054 1604 po-

398 1615 592 1668 terant
634 1614 1007 1687 presbyteros
1036 1619 1140 1670 aut
1187 1617 1465 1674 diaconos
1514 1620 1828 1676 mittebant
1856 1626 2055 1677 actum

398 1717 529 1772 quae
557 1704 783 1776 agenda
812 1709 1105 1775 oporteret
1136 1722 1148 1759 :
1182 1705 1365 1779 aliqui
1394 1708 1572 1764 etiam
1604 1710 1946 1767 monachos.

470 1791 557 1846 18.
590 1792 821 1864 Synodo
843 1810 1076 1850 reorum
1107 1794 1381 1852 exsilium
1414 1802 1517 1853 aut
1537 1799 1754 1854 caedem
1786 1801 2057 1856 decerne-

395 1896 456 1935 re
482 1896 803 1953 curareque
826 1899 941 1938 non
973 1882 1201 1940 licitum
1218 1890 1345 1941 erat
1376 1887 1616 1959 (p.103).
1647 1888 1889 1945 Νἰοωηε.
1918 1907 2054 1963 syn-

393 1969 542 2025 odus
573 1970 863 2026 concessit
881 1972 962 2044 (p.
980 1972 1199 2041 112),ut
1222 1978 1351 2030 acta
1370 1975 1580 2047 prioris
1600 1978 1811 2049 synodi
1836 1978 1895 2034 in
1918 1978 2055 2034 sub-

390 2059 660 2130 sequenti
687 2060 1175 2133 expenderentur,
1194 2067 1259 2117 ut
1280 2069 1450 2120 caute
1472 2064 1695 2137 priores
1717 2067 2050 2136 delinirent,

392 2162 521 2218 quas
552 2152 685 2219 post
714 2149 966 2205 examini
998 2150 1332 2222 subjectum
1363 2153 1435 2208 iri
1480 2160 1781 2211 noverant.
1808 2156 2052 2228 Signum

394 2237 833 2294 communionis
852 2239 1174 2306 erat,alicui
1199 2240 1423 2298 litteras
1444 2244 1695 2307 mittere,
1722 2246 2055 2317 missasque

395 2324 469 2380 ab
486 2341 552 2381 eo
575 2326 1113 2399 reciperezquarein
1136 2331 1356 2402 synodo
1370 2332 1701 2389 Sardicensi
1716 2334 2057 2406 prohibetur

395 2413 731 2470 litterarum
763 2433 909 2472 usus
939 2433 1074 2473 cum
1106 2418 1414 2475 haereticis.
1449 2423 1675 2478 Precari
1706 2440 1841 2479 cum
1873 2424 2052 2479 haere-

401 2502 534 2559 ticis
564 2503 807 2560 vetitum
831 2510 956 2561 erat
988 2524 1002 2562 :
1034 2511 1093 2563 et
1121 2509 1171 2564 si
1203 2509 1336 2581 quis
1366 2509 1425 2566 id
1474 2511 1750 2568 facinoris
1782 2514 2053 2570 admitte-

400 2596 507 2663 ret,
541 2609 675 2648 cum
710 2593 808 2651 illo
840 2595 1058 2667 pariter
1087 2614 1324 2670 precum
1356 2616 1501 2656 usus
1530 2600 1877 2660 interdictus
1907 2609 2052 2660 erat.

399 2680 573 2753 Lapsi
605 2682 663 2737 in
697 2681 968 2740 haeresim
1000 2684 1110 2741 hac
1140 2686 1268 2759 lege
1301 2689 1750 2761 recipiebantur,
1778 2696 1843 2748 ut
1872 2694 1922 2748 si
1954 2693 2056 2765 qui

399 2769 720 2842 impietatis
743 2778 1008 2831 auctores
1031 2777 1329 2848 patronive
1348 2779 1617 2851 fuissent,
1639 2780 1712 2837 iis
1737 2783 1906 2839 venia
1927 2784 2055 2855 qui-

399 2858 553 2931 dem,
577 2876 691 2916 non
722 2860 886 2918 locus
917 2868 1115 2920 tamen
1138 2866 1547 2925 restitueretur
1568 2875 1671 2926 aut
1700 2873 1919 2944 gradus
1941 2873 2056 2944 pri-

396 2947 588 3005 stinus
619 2950 678 3005 in
702 2950 855 3007 clero
880 2970 893 3018 ;
927 2951 1000 3008 iis
1028 2970 1161 3010 vero
1184 2956 1285 3027 qui
1319 2956 1375 3012 vi
1406 2962 1509 3013 aut
1528 2960 1874 3017 necessitate
1895 2978 2054 3017 com-

395 3036 547 3108 pulsi
580 3039 651 3095 ad
684 3039 986 3098 haereticos
1016 3043 1483 3111 descivissent,et
1506 3049 1673 3104 venia
1705 3050 2053 3122 resipiscen-

396 3126 554 3183 tibus
583 3129 823 3186 daretur
853 3136 910 3187 et
939 3132 1104 3189 locus
1135 3133 1440 3206 pristinus.
1474 3137 1787 3195 Eunuchos
1820 3141 2057 3198 vetabat

397 3216 491 3273 lex
538 3217 609 3272 ad
658 3219 1119 3277 ecclesiasticum
1169 3240 1412 3294 prorsus
1462 3226 1775 3283 consilium
1824 3229 2053 3286 admitti

397 3307 479 3378 (p.
512 3306 603 3372 93,
634 3308 758 3375 uo,
787 3310 916 3375 772,
948 3310 1074 3378 768,
1103 3312 1229 3379 769,
1262 3313 1410 3384 290).

471 3396 557 3449 19.
573 3396 708 3451 Tria
730 3396 999 3452 videmus
1029 3398 1140 3454 isto
1172 3418 1289 3455 aevo
1312 3418 1414 3472 per
1444 3404 1681 3474 quidem
1704 3405 1856 3461 mira
1878 3410 2053 3479 atque

399 3481 731 3539 insolentia.
766 3484 1086 3555 Epistolam
1122 3488 1433 3545 Alexandri
1467 3493 1696 3563 (p.313)
1730 3496 1813 3550 sic
1837 3495 2050 3551 inscri-

398 3575 557 3643 ptam
585 3588 598 3627 :
631 3573 941 3629 Alexander
956 3576 1288 3649 presbyteris
1316 3579 1671 3654 diaconisque
1692 3585 2053 3643 Alexandria:

397 3668 449 3716 et
488 3661 755 3730 Mareotz,
788 3679 1034 3735 prxesens
1078 3671 1458 3737 praesentibus,
1491 3671 1704 3728 dilectis
1734 3675 1792 3729 in
1825 3676 2053 3731 Domino

394 3752 678 3821 fratribus,
712 3752 948 3807 salutem
977 3772 995 3806 :
1028 3754 1225 3810 datam
1258 3757 1479 3814 scilicet
1509 3759 1625 3815 illis
1665 3763 1762 3833 qui
1796 3781 2051 3836 praesen-

395 3841 482 3893 tes
508 3838 771 3895 aderant.
805 3840 1053 3897 Litteras
1078 3841 1484 3900 Alexandrina:
1507 3850 1734 3919 synodi,
1770 3868 1924 3906 anno
1946 3852 2053 3906 362

396 3927 610 3984 missas
640 3928 718 4001 (p.
749 3930 878 4001 619)
908 3931 981 3986 ab
1012 3932 1258 3989 Eusebio
1289 3939 1346 3989 et
1396 3937 1624 3992 Asterie
1656 3954 1790 3995 cum
1823 3940 1954 3997 aliis
1984 3960 2052 4000 ea

394 4016 452 4071 in
485 4018 707 4090 synodo
731 4023 855 4074 tum
879 4022 1274 4093 versantibus,
1292 4025 1363 4079 ad
1394 4025 1619 4098 seipses
1645 4029 1716 4083 ad
1740 4031 2049 4089 Antioche-

394 4122 532 4162 nam
566 4107 853 4179 synodum
878 4113 1400 4184 properantes,hac
1432 4115 1655 4173 forma:
1687 4120 2048 4190 Athanasius,

393 4196 681 4265 Eusebius,
757 4200 1092 4256 Asterius....
1152 4204 1426 4274 Lucifero,
1504 4207 1755 4277 Eusebio,
1817 4212 2048 4282 Asterie,

394 4288 505 4340 etc.
522 4283 784 4358 Denique
798 4303 1018 4344 morem
1038 4290 1436 4363 Egyptiorum
1457 4296 1775 4366 praesulum
1798 4302 2051 4356 subscri-

395 4372 572 4429 bendi
606 4391 709 4446 pro
740 4376 1104 4450 absentibus,
1129 4379 1179 4435 si
1211 4383 1446 4452 quando
1476 4386 1769 4457 synodum
1801 4388 2052 4446 celebra-

395 4466 525 4519 rent
552 4463 634 4536 (p.
665 4465 817 4537 718).

462 4553 554 4608 20.
604 4553 857 4624 Exrutes,
888 4564 1156 4630 martyres
1203 4559 1283 4630 (p.
1324 4561 1471 4633 261).
1503 4594 1573 4604 -—
1621 4566 1917 4638 Quotquot
1963 4572 2049 4642 ty-

2084 1932 2133 1997 B

2170 641 2527 695 Athanasius
2559 658 2624 695 eo
2672 640 2986 712 profectus,
3019 639 3397 695 Ammonium
3432 644 3489 695 et
3533 640 3822 695 Isidorum

2169 730 2488 785 monachos
2530 730 2760 785 virtutis
2808 729 3055 795 eximim,
3087 729 3195 784 vias
3248 729 3361 785 sibi
3405 729 3653 785 comites
3682 728 3827 784 asci-

2167 818 2246 873 vit
2276 819 2378 890 (a).
2414 822 2671 886 Quorum
2695 818 2853 885 prior
2872 823 3034 873 tanta
3057 822 3183 874 erat
3203 818 3602 873 humanarum
3628 833 3825 873 rerum

2170 908 2396 962 incuria
2423 928 2437 977 ;
2473 916 2553 976 ul,
2587 908 2695 963 etsi
2727 908 2921 963 Romae
2943 906 3271 979 amplitudo
3295 924 3500 963 omnes
3531 906 3619 963 vel
3652 906 3826 980 longe

2168 1000 2454 1051 terrarum
2488 996 2629 1051 sitos
2658 997 2926 1052 homines
2958 998 3029 1052 ad
3061 997 3152 1053 sui
3185 996 3586 1069 spectaculum
3619 1012 3821 1052 evoca-

2168 1089 2272 1153 ret,
2306 1084 2402 1141 ille
2431 1090 2626 1141 tamen
2667 1086 3118 1156 amphitheatra,
3152 1086 3376 1159 plateas
3424 1091 3481 1141 et
3510 1102 3685 1158 opera
3717 1101 3822 1158 pu-

2168 1173 2341 1241 blica,
2375 1175 2565 1229 Romae
2616 1175 2855 1245 degens,
2904 1192 2974 1229 ne
3022 1179 3400 1247 conspectum
3453 1175 3690 1247 quidem
3739 1174 3824 1230 ire

2165 1263 2353 1319 vellet.
2383 1264 2439 1319 Is
2471 1266 2593 1335 ipse
2621 1263 2968 1319 Ammonius
2999 1268 3106 1329 est,
3142 1265 3243 1335 qui
3278 1268 3479 1336 postea
3508 1266 3577 1319 ad
3604 1264 3825 1337 episco-

2168 1357 2364 1423 patum
2392 1358 2684 1418 evocatus,
2708 1353 2971 1409 abscissa
2993 1353 3104 1408 sibi
3132 1370 3295 1422 aure,
3318 1354 3390 1409 ad
3420 1371 3550 1409 eam
3573 1353 3825 1426 dignita-

2165 1446 2285 1497 tem
2332 1441 2701 1497 mutilatione
2748 1442 3009 1514 corporis
3058 1442 3170 1498 sibi
3225 1442 3452 1497 aditum
3503 1442 3819 1513 praeclusit.

2166 1530 2312 1586 Hinc
2342 1548 2473 1586 vero
2495 1530 2759 1603 colligas,
2788 1532 3080 1601 ejusmodi
3106 1530 3312 1586 vitium
3345 1546 3690 1602 corporeum
3710 1530 3822 1586 im-

2166 1619 2502 1691 pedimento
2536 1620 2827 1690 fuisse,ne
2844 1620 2978 1691 quis
3001 1620 3315 1692 episcopus
3345 1619 3822 1675 constitueretur.

2166 1708 2427 1764 Isidorus
2458 1713 2653 1765 autem
2689 1726 2804 1764 non
2837 1709 3064 1765 minore
3105 1709 3342 1765 virtutis
3372 1709 3529 1764 fama
3560 1712 3619 1764 et
3645 1708 3828 1764 ﬂuxa-

2165 1814 2297 1852 rum
2329 1815 2523 1854 rerum
2575 1797 2942 1853 abdicatione
2991 1798 3252 1853 florebat.
3282 1798 3434 1853 Tum
3490 1796 3663 1870 ccepit
3693 1813 3824 1853 mo-

2168 1887 2428 1942 nasticus
2460 1888 2599 1942 ordo
2632 1888 2688 1941 in
2720 1885 3030 1943 Occidente
3064 1886 3445 1960 frequentari,
3472 1886 3555 1942 ita
3582 1890 3646 1941 ut
3678 1903 3822 1959 pau-

2166 1978 2251 2032 cis
2269 1980 2401 2048 post
2429 1976 2600 2033 annis
2624 1976 2979 2032 monasteria
3000 1975 3295 2048 permulta
3316 1976 3536 2047 ubique
3559 1974 3821 2031 locorum

2162 2066 2577 2131 excitarentur,
2608 2082 2856 2137 quorum
2890 2065 3280 2137 frequentiam
3315 2080 3643 2120 memorare
3665 2064 3823 2120 vide-

2162 2160 2259 2211 tur
2307 2155 2663 2210 Athanasius
2690 2156 2800 2210 sub
2832 2154 3067 2210 initium
3105 2155 3239 2211 Vitae
3263 2156 3510 2210 Antonii.
3556 2151 3822 2209 Permul-

2161 2250 2254 2302 tos
2284 2244 2438 2301 circa
2482 2244 2741 2300 medium
2790 2243 2985 2315 quarti
3024 2242 3222 2298 saeculi
3254 2258 3389 2299 cum
3440 2242 3818 2311 Alexandriae,

2165 2340 2291 2390 tum
2325 2335 2385 2389 in
2412 2334 2555 2389 locis
2576 2334 2797 2389 circum
2823 2332 3033 2404 positis
3064 2332 3248 2387 fuisse
3280 2332 3601 2388 monachos
3624 2330 3819 2403 palam

2164 2424 2390 2479 videtur
2419 2440 2548 2479 esse
2580 2441 2593 2479 :
2630 2439 2764 2478 nam
2790 2423 2849 2477 in
2878 2420 3234 2477 tumultibus
3258 2438 3360 2493 per
3387 2421 3637 2478 Arianos
3666 2420 3816 2477 exci-

2162 2514 2301 2569 tatis
2358 2513 2631 2569 monacbi
2691 2528 2923 2584 semper
2981 2527 3185 2584 aspere
3252 2511 3473 2583 accepti
3532 2511 3819 2567 feruntur.

2162 2604 2349 2659 Tanta
2377 2607 2503 2658 erat
2531 2602 2763 2657 virtutis
2797 2599 3221 2657 monachorum
3273 2600 3450 2668 fama,
3484 2604 3549 2655 ut
3578 2598 3821 2656 honoris

2164 2709 2341 2749 causa
2371 2691 2625 2763 episcopi
2652 2692 2949 2746 interdum
2981 2689 3129 2762 ipsis
3159 2689 3219 2744 in
3251 2689 3508 2745 sacrario
3545 2706 3681 2745 cum
3712 2688 3824 2744 cle-

2162 2782 2301 2837 ricis
2348 2781 2541 2838 locum
2574 2782 2797 2836 darent.
2829 2779 2922 2835 Ait
2974 2779 3132 2834 enim
3165 2778 3526 2835 Athanasius
3555 2778 3635 2850 (p.
3667 2777 3821 2849 265),

2164 2871 2483 2927 monachos
2496 2876 2552 2926 et
2564 2868 2933 2941 clericos,qui
2948 2885 3146 2923 secum
3165 2867 3326 2923 intus
3340 2866 3821 2939 aderantquando

2162 2962 2440 3034 Syrianus
2489 2977 2622 3015 cum
2654 2959 2908 3015 exercitu
2962 2957 3272 3014 ecclesiam
3322 2956 3723 3024 circumsedit,
3759 2956 3820 3011 in

2164 3052 2438 3107 thronum
2473 3049 2573 3105 ubi
2630 3048 2869 3105 sedebat
2915 3047 3040 3119 ipse
3080 3047 3512 3114 conscendisse,
3544 3050 3720 3117 atque
3764 3044 3821 3101 vi

2164 3145 2487 3196 extractum
2530 3138 2665 3193 inde
2712 3138 2861 3193 ferro
2894 3135 3273 3190 inimicorum
3326 3135 3708 3207 proripuisse.
3740 3135 3823 3190 Ex

2165 3227 2588 3284 monachorum
2621 3242 2865 3281 numero
2892 3223 3166 3297 permulti
3198 3224 3257 3278 in
3290 3224 3596 3295 episcopos
3626 3223 3822 3280 allecti

2085 3304 2128 3371 C
2165 3316 2465 3372 Athanasii
2516 3332 2654 3383 aevo,
2688 3313 2791 3369 tali
2836 3329 3075 3368 munere
3124 3328 3257 3367 cum
3309 3311 3483 3368 laude
3531 3312 3823 3384 perfuncti

2163 3410 2303 3463 sunt
2340 3406 2421 3477 (p.
2451 3404 2599 3475 210).
2634 3404 2892 3467 Quorum
2925 3418 3080 3457 unus
3130 3401 3413 3472 Serapion
3442 3405 3589 3471 erat,
3614 3401 3665 3455 is
3695 3401 3825 3473 ipse

2163 3496 2429 3563 fortasse,
2463 3493 2703 3565 quicum
2750 3492 3104 3547 Athanasius
3135 3490 3621 3560 conjunctissime
3649 3490 3821 3559 vixit,

2161 3583 2429 3639 videlicet
2456 3582 2868 3637 Thmuitanus.
2895 3580 3162 3635 Monachi
3185 3595 3390 3635 omnes
3420 3584 3625 3635 asceta:
3649 3595 3824 3635 voca-

2162 3675 2409 3729 bantur:
2445 3673 2545 3728 sed
2581 3688 2653 3727 an
2677 3675 2881 3726 asceta:
2909 3686 3112 3724 omnes
3136 3669 3409 3725 monachi
3443 3673 3569 3724 tum
3594 3672 3815 3739 essent,

2162 3761 2699 3833 incertum.0pinor
2721 3776 2861 3815 sane
2892 3758 3108 3813 multos
3145 3758 3466 3829 fuisse,qui
3502 3757 3823 3813 Antonium

2162 3852 2464 3921 ἀσκήσεως,
2526 3850 2647 3905 sive
2693 3848 3126 3905 exercitationis
3186 3864 3364 3902 causa
3417 3847 3663 3918 adirent,
3721 3845 3823 3917 qui

2160 3942 2369 3997 exinde
2398 3945 2592 3996 tamen
2620 3939 2801 3993 vitam
2830 3937 3101 3992 monachi
3125 3953 3240 3992 non
3266 3936 3519 3991 inibant.
3544 3936 3824 4008 Talisquo

2162 4031 2341 4086 fuisse
2372 4029 2603 4085 videtur
2640 4027 3019 4093 Athanasius,
3055 4030 3251 4081 asceta
3299 4025 3524 4081 scilicet
3553 4042 3658 4080 nec
3689 4041 3821 4082 mo-

2160 4121 2290 4176 dico
2339 4124 2600 4191 tempore
2649 4133 2782 4173 cum
2834 4114 3085 4171 Antonio
3133 4119 3423 4185 versatus,
3472 4114 3571 4185 qui
3620 4118 3820 4169 tamen

2160 4226 2452 4281 nusquam
2486 4207 2811 4263 monachus
2845 4204 3025 4260 fuisse
3049 4204 3509 4276 memoratur(p.
3538 4203 3819 4275 102,663).

2228 4302 2318 4355 22.
2369 4298 2546 4353 (Icelus
2591 4297 2877 4365 virginum
2903 4295 2997 4366 ,‘(p.
3030 4295 3158 4360 634,
3190 4294 3282 4362 90,
3314 4297 3371 4348 et
3420 4294 3477 4348 in
3533 4294 3667 4348 Vita
3712 4292 3821 4347 An-

2160 4390 2340 4457 tonii).
2372 4417 2442 4428 —-
2469 4389 2553 4442 Ab
2585 4385 2714 4458 ipso
2746 4384 2917 4441 tertio
2973 4382 3186 4439 saaculo
3219 4386 3404 4437 coetus
3449 4385 3617 4437 erant
3643 4380 3823 4452 virgi-

2161 4494 2325 4549 num,
2359 4494 2487 4548 quze
2516 4477 2574 4531 in
2624 4474 2883 4546 corporis
2915 4472 3251 4544 integritate
3300 4469 3822 4527 consenescebant.

2160 4569 2224 4623 In
2255 4582 2458 4623 earum
2492 4580 2736 4620 numero
2757 4562 3102 4619 versabatur
3130 4576 3295 4616 soror
3324 4560 3388 4614 B.
3422 4557 3821 4629 Antonii,quts

394 4658 717 4739 rannorum
744 4643 1094 4739 Ehristianaa
1139 4647 1437 4721 religionis
1467 4651 1720 4710 furorem
1752 4655 2049 4713 declinan-
2082 4674 2128 4739 Ι)
2160 4658 2399 4712 demum
2433 4656 2492 4710 in
2540 4654 2869 4726 praefectam
2904 4650 3165 4706 coenobio
3219 4648 3426 4705 allecta
3473 4646 3602 4702 fuit.
3636 4647 3817 4702 Erant

393 4735 501 4799 tes,
526 4732 757 4805 profugi
792 4733 1119 4805 interirent,
1147 4742 1471 4812 martyrum
1504 4739 1630 4797 loco
1661 4742 2047 4804 habebantur.

2161 4747 2299 4802 item
2331 4745 2457 4800 aliae
2487 4744 2743 4817 virgines
2774 4758 2879 4814 per
2900 4740 3076 4796 urbes
3099 4744 3157 4795 et
3176 4753 3378 4811 pagos,
3399 4753 3526 4808 quae
3558 4753 3592 4791 a
3619 4740 3823 4791 tenera

464 4821 555 4874 21.
614 4822 873 4879 Monachi
914 4824 993 4898 (p.
1027 4826 1174 4897 634).
1231 4860 1300 4869 -
1346 4830 1612 4885 Monachi
1662 4834 1935 4905 perpauci
1989 4836 2049 4893 in
2151 4837 2461 4907 juventute
2502 4838 2633 4889 voto
2662 4831 3060 4904 virginitatem
3112 4844 3282 4885 suam
3311 4826 3426 4882 Deo
3474 4826 3814 4882 offerebant.

394 4907 657 4981 Egypto,
689 4928 756 4966 ac
795 4929 941 4984 pene
973 4916 1158 4987 Ignoti
1209 4917 1459 4987 fuerant,
1492 4920 1563 4976 ad
1594 4920 1829 4979 initium
1862 4941 2051 4998 usque

395 4998 588 5069 quarti
622 5000 840 5056 saeculi.
871 5002 947 5058 Eo
979 5021 1232 5077 namque
1264 5011 1525 5080 tempore
1556 5011 1845 5069 Antonius
1875 5014 2050 5071 innu-

396 5103 589 5143 meros
619 5089 883 5162 exemplo
914 5109 1020 5148 suo
1055 5096 1128 5149 ad
1159 5112 1287 5152 eam
1318 5098 1447 5153 vitae
1470 5099 1755 5157 rationem
1789 5104 2047 5161 deduxit.

394 5176 749 5234 Pachomius
797 5178 937 5236 item
992 5182 1052 5237 in
1083 5186 1361 5241 extremis
1404 5187 1735 5245 Thebaidos
1782 5193 2050 5264 partibus

394 5266 661 5323 ccenobia
700 5267 971 5326 excitavit
1026 5273 1467 5347 quamplurina,
1500 5294 1566 5332 ac
1615 5296 1890 5338 numeros
1935 5300 2048 5339 caa-

394 5355 729 5412 nobitarum
784 5359 1074 5416 sodalitia.
1122 5363 1470 5421 Ammonius
1521 5368 1696 5423 etiam
1754 5370 1811 5425 in
1864 5372 2050 5428 Nitria

393 5445 751 5501 monasteria
769 5448 1056 5505 exstruxit
1076 5450 1316 5524 frequen
1326 5453 1576 5523 tissime,
1592 5458 1691 5513 sed
1726 5476 2047 5532 paucorum

393 5532 628 5607 singula
676 5538 1122 5596 monachorum.
1176 5543 1256 5597 Ex
1304 5548 1547 5619 Egypto
1596 5547 1838 5607 Romam
1862 5551 2047 5607 demi-

463 5750 553 5830 (a)
573 5749 635 5809 In
671 5753 787 5812 Vita
813 5754 1107 5816 Athanasii
1135 5759 1208 5817 ad
1241 5758 1399 5818 hunc
1429 5776 1674 5825 annum.

2163 4925 2426 4996 Virgines
2475 4939 2647 4995 porro
2698 4922 2967 4987 maforte,
3025 4919 3146 4975 sive
3208 4913 3485 4993 μαφορίῳ,
3536 4918 3637 4969 aut
3690 4914 3819 4969 velo

2161 5016 2572 5087 aperiebantur
2605 5030 2617 5069 :
2651 5017 2708 5067 et
2738 5009 2979 5083 grandis
3028 5009 3255 5080 injuria:
3308 5005 3432 5060 loco
3460 5002 3816 5072 habebatur,

2159 5106 2209 5161 si
2242 5106 2374 5176 quis
2404 5102 2697 5175 virginum
2730 5099 2921 5172 capita
2952 5098 3219 5153 nudaret.

2928 5188 3046 5242 VII.

2478 5348 2493 5351 ,ν
2697 5280 2862 5336 Varia
2891 5277 3260 5348 explicantur.

2234 5375 2281 5428 1.
2313 5373 2398 5427 Ad
2433 5388 2562 5444 pag.
2584 5371 2677 5425 111
2715 5370 2786 5424 de
2809 5367 2993 5423 Danio
3024 5381 3209 5437 pauca
3230 5362 3567 5434 tetigimus;
3599 5362 3659 5413 et
3677 5357 3818 5430 quia

2158 5462 2414 5535 vulgaris
2446 5460 2642 5533 epinio
2676 5462 2889 5513 nostra:
2924 5454 3158 5528 penitus
3208 5453 3569 5519 adversatur,
3605 5463 3698 5503 res
3727 5450 3818 5503 est

2158 5534 2428 5625 pluribus
2458 5554 2514 5606 et
2542 5546 2877 5605 accuratius
2930 5542 3316 5618 explananda.
3347 5539 3566 5607 Julius,
3598 5534 3815 5595 litteris
