4170 6400
316 418 413 469 1n.
1729 401 2310 471 PROLEGOMENA
2326 455 2339 470 .
2391 407 2398 414 ’

332 537 722 596 Orientalium
744 538 1228 613 provocatus,qui
1260 539 1546 613 synodum
1579 540 1652 596 ad
1678 539 1984 596 Athanasii
2012 547 2068 613 Α
2094 543 2432 614 coepiscopos
2478 546 2686 600 nostros
2743 542 3007 615 (dicimus
3053 545 3234 602 autem
3277 543 3638 601 Athanasium
3691 547 3743 603 ει

332 645 573 684 causam
605 630 1046 702 expendendam
1068 629 1706 702 postulabant,eosdem
1739 629 1983 684 Romam
2093 631 2454 700 Marcellum),
2512 642 2571 688 ut
2626 635 2964 704 scripserunt
3007 650 3077 689 ea:
3131 635 3261 689 aliis
3317 635 3448 690 locis
3503 635 3744 706 episcopi

332 718 406 773 ad
437 720 727 791 synodum
758 719 977 776 ibidem
1024 719 1432 776 celebrandam
1483 724 1698 776 evocat.
1725 719 1984 791 Superbe

330 805 416 861 illi
447 807 776 863 Romanum
800 809 911 864 iter
937 809 1276 877 detrectant,
1292 813 1466 880 atque
1496 809 1649 864 inter
1675 807 1822 863 alias
1843 823 1983 878 que-

333 895 504 965 relas,
538 896 687 953 hanc
718 897 944 954 futilem
994 899 1263 966 afferunt,
1294 899 1520 954 Julium
1553 897 1774 954 scilicet
1805 897 1984 952 Euse-

333 984 430 1042 bio
487 985 620 1053 soli,
677 987 1052 1044 factiosorum
1101 988 1507 1061 antesignano,
1566 987 1788 1042 litteras
1844 1001 1983 1041 suas

334 1090 728 1147 nuncupasse.
764 1076 1011 1132 Litteras
1058 1076 1155 1132 ille
1185 1076 1376 1132 denuo
1426 1075 1603 1131 mittit
1635 1075 1741 1132 bac
1772 1073 1982 1130 inscri-

333 1163 532 1235 ptione
573 1180 586 1219 :
623 1166 806 1221 Julius
853 1167 1060 1237 Danio,
1102 1167 1351 1233 Flacillo,
1397 1166 1667 1234 Narcisso,
1731 1163 1979 1232 Eusebio,

333 1260 492 1330 Mari,
551 1263 893 1332 Macedonio,
955 1264 1240 1330 Theodoro,
1301 1267 1410 1320 etc.
1486 1262 1770 1328 Quaeritur
1847 1261 1982 1333 quis

332 1351 442 1407 iste
484 1351 705 1409 Danius
753 1354 946 1410 fuerit.
994 1355 1064 1409 Et
1109 1354 1299 1426 primo
1347 1353 1723 1409 manifestum
1771 1354 1861 1407 est
1907 1349 1982 1406 ab

333 1442 797 1500 amanuensibus
826 1442 1092 1498 vitiatum
1151 1443 1332 1499 fuisse
1363 1459 1597 1509 nomen,
1629 1458 1695 1497 ac
1734 1439 1891 1496 varie
1921 1439 1980 1494 in

335 1531 757 1604 manuscriptis
797 1536 1045 1588 exstare.
1080 1531 1344 1587 Nannius
1392 1531 1549 1586 enim
1581 1531 1795 1603 legisse
1822 1528 1979 1583 vide-

333 1623 432 1674 tur
479 1614 734 1690 διακόνῳ,
766 1621 940 1676 vertit
979 1621 1193 1693 quippe
1238 1621 1484 1676 diacono.
1538 1621 1752 1675 Putant
1801 1617 1982 1697 ferme

331 1709 684 1764 recentiores
709 1723 913 1764 omnes
945 1726 1078 1765 cum
1113 1710 1354 1766 Baronio
1383 1726 1512 1766 esse
1541 1709 1846 1765 Dianmum
1868 1707 1982 1763 Ces-

331 1812 510 1853 sareaa
541 1798 916 1871 Cappadocia:
946 1799 1306 1872 episcopum.
1336 1800 1405 1854 Et
1435 1815 1575 1855 sane
1606 1799 1687 1854 ait
1713 1802 1978 1855 Sozome-

331 1902 444 1942 nus
475 1885 577 1942 lib.
611 1902 696 1957 ιιι,
728 1903 780 1943 ο.
809 1889 863 1956 5,
899 1888 1202 1944 Dianceum
1254 1893 1521 1945 Caesareae
1553 1889 1813 1944 adfuisse
1844 1905 1978 1961 syn-

333 1974 444 2031 odo
493 1974 887 2049 Antiochense,
922 1995 1047 2050 qua:
1097 1995 1250 2034 anno
1299 1979 1397 2033 341
1436 1978 1636 2033 habita
1680 1982 1785 2033 est.
1821 1978 1982 2032 Nun-

331 2067 582 2137 cUpatur
606 2069 802 2122 autem
834 2066 950 2131 ille,
973 2084 1105 2123 cum
1129 2085 1167 2124 a‘
1192 2068 1532 2137 Sozomeno,
1565 2072 1692 2122 tum
1715 2085 1748 2122 a
1767 2066 1982 2123 Basilio

332 2149 392 2210 in
423 2153 668 2228 epistala
699 2157 770 2211 ad
795 2155 1140 2229 Bosporium
1171 2159 1534 2230 episcopum,
1558 2156 1824 2226 Διάνοιος,
1847 2157 1984 2212 Dia-

330 2258 507 2302 naeus.
540 2244 657 2300 Nos
695 2248 891 2301 autem
937 2245 1292 2302 arbitramur
1319 2262 1448 2303 esse
1490 2246 1828 2318 Diognium,
1861 2245 1982 2300 sive

331 2333 696 2406 Theognium
751 2334 1051 2392 Niczenum
1084 2335 1236 2392 inter
1258 2336 1530 2392 factiosos
1585 2335 1879 2408 insignem
1926 2337 1985 2389 et

331 2421 554 2494 passim
599 2428 1010 2495 memoratum,
1044 2425 1143 2496 qui
1182 2423 1340 2497 prior
1369 2439 1600 2497 semper
1647 2427 1984 2480 recensetur

328 2509 392 2567 in
420 2511 709 2583 legatione
754 2513 1081 2585 Mareotica,
1114 2514 1214 2569 ubi
1263 2530 1365 2570 sex
1409 2518 1574 2570 erant
1621 2513 1815 2585 legati,
1853 2513 1982 2570 Dio-

329 2599 527 2672 gnius,
560 2601 760 2673 Maris,
806 2601 1203 2670 Macedonius,
1231 2603 1592 2671 Theodorus,
1627 2602 1904 2659 Ursacius
1925 2605 1983 2659 et

329 2688 560 2746 Valens.
595 2689 757 2754 Quod
789 2695 983 2747 autem
1016 2691 1353 2765 Theognius
1385 2693 1482 2747 ille
1511 2693 1776 2762 Diognius
1806 2693 1981 2748 etiam

328 2782 650 2848 vocaretur,
684 2778 926 2852 planum
974 2785 1082 2838 est.
1117 2781 1210 2837 Sic
1260 2799 1318 2854 p.
1355 2781 1477 2848 106,
1519 2781 1618 2837 ubi
1651 2797 1980 2838 memoran-

328 2871 429 2922 tur
473 2867 648 2940 legati
698 2869 1014 2935 Mareotici,
1066 2870 1280 2943 legitur
1329 2887 1342 2926 :
1399 2872 1658 2944 Diognos,
1709 2869 1978 2944 Διόγνιος,

327 2955 513 3027 Maris,
564 2961 675 3014 etc.
735 2957 1130 3032 Similiterque
1187 2961 1402 3033 p.1i9,
1459 2959 1728 3034 Διόγνιος,
1782 2959 1978 3030 Μάρις,

327 3050 438 3104 etc.
473 3050 539 3102 Et
568 3062 626 3119 p.
662 3047 767 3102 129
815 3047 1029 3121 Regius
1082 3050 1280 3119 codex,
1313 3066 1486 3121 quem
1519 3049 1711 3105 solum
1763 3050 1822 3105 in
1851 3065 1981 3104 eam

328 3136 644 3208 Apologiam
685 3135 958 3210 legimus,
1010 3138 1205 3208 habet,
1257 3134 1498 3192 διάκονοι
1543 3137 1816 3213 Διογνίου,
1863 3138 1982 3194 dia-

2012 1933 2060 1999 B

2092 723 2290 788 nostri,
2321 737 2446 793 quae
2474 730 2656 777 autem
2683 723 2751 777 ab
2780 723 3009 780 Eusebio
3037 727 3184 796 facta
3227 728 3378 791 sunt,
3408 725 3554 780 nihil
3585 723 3743 780 aliud

2092 827 2258 880 quam
2307 812 2574 882 falsitatis
2629 820 2678 867 et
2706 813 2980 868 mendacii
3023 817 3194 884 fuisse
3233 815 3417 886 plena.
3460 815 3598 869 Nam
3643 815 3748 870 etsi

2090 915 2164 954 ea:
2203 916 2264 956 eo
2309 917 2414 973 quo
2462 903 2636 956 vocati
2680 905 2808 956 sunt
2851 919 2888 957 a
2934 904 3080 958 Iulio
3127 904 3372 975 episcopo
3419 904 3744 959 charissimo

2090 990 2264 1058 fratre
2308 997 2512 1056 nostro,
2543 990 2752 1045 claruit
2801 990 3051 1047 noluisse
3094 1007 3182 1047 eos
3228 993 3438 1047 venisse
3489 1008 3560 1048 ex
3608 993 3744 1064 ipsis

2093 1078 2314 1145 litteris,
2348 1079 2541 1149 quibus
2571 1095 2759 1135 eorum
2802 1079 3088 1136 mendacia
3138 1080 3343 1137 detecta
3370 1086 3520 1137 sunt.
3558 1082 3743 1139 Venis-

2089 1169 2209 1221 sent
2244 1168 2414 1232 enim,
2443 1169 2494 1222 si
2534 1169 2852 1224 habuissent
2895 1169 3173 1238 fiduciam,
3208 1175 3316 1225 etc.
3350 1171 3453 1226 His
3501 1171 3742 1228 omnino

2090 1260 2374 1311 consonat
2401 1255 2822 1323 Theodoretus,
2853 1258 2953 1329 qui
3003 1259 3271 1314 eamdem
3304 1260 3508 1333 synodi
3542 1260 3741 1316 Sardi-

2089 1345 2282 1400 censis
2309 1345 2617 1418 epistolam
2649 1347 2815 1402 affert
2843 1347 2992 1403 libro
3033 1365 3098 1414 ιι,
3131 1364 3260 1420 cap.
3295 1349 3350 1403 8.
3381 1349 3742 1408 Athanasius

2091 1437 2310 1501 autem,
2343 1435 2443 1506 qui
2492 1436 2757 1491 eamdem
2808 1437 2974 1492 atl‘ert
3004 1454 3061 1509 p.
3098 1437 3220 1506 127,
3263 1437 3455 1493 solum
3507 1439 3740 1495 Eusebii

2090 1539 2303 1580 nomen
2328 1524 2522 1592 habet,
2547 1524 2683 1596 quia
2709 1526 3009 1581 brevitatis
3033 1543 3208 1582 causa
3234 1528 3476 1583 nomina
3506 1527 3744 1601 prapria

2089 1629 2351 1668 resecare
2381 1613 2546 1685 solet,
2578 1618 2644 1668 ut
2688 1614 2881 1670 videre
2909 1619 3000 1670 est
3027 1615 3122 1670 hic
3171 1620 3229 1671 et
3258 1615 3418 1671 alibi.
3451 1617 3531 1672 Ex
3562 1634 3741 1690 supe-

2089 1700 2343 1756 rioribus
2374 1705 2567 1757 autem
2600 1708 2780 1775 patet,
2810 1703 3036 1760 litteras
3056 1703 3197 1760 Julii
3222 1706 3492 1777 superius
3516 1722 3738 1763 memo-

2091 1794 2247 1846 ratas
2278 1791 2588 1864 Diognium
2620 1793 2796 1848 etiam
2829 1797 3089 1865 spectare
3120 1798 3186 1848 ut
3210 1798 3266 1849 et
3296 1793 3441 1851 alios
3469 1795 3744 1852 Eusebia-

2090 1895 2197 1934 nos
2232 1897 2244 1934 :
2278 1881 2546 1952 queritur
2572 1881 2730 1937 enim
2764 1898 2863 1938 eos
2895 1881 3155 1937 noluisse
3189 1882 3430 1939 Romam
3463 1885 3534 1939 ad
3568 1902 3734 1957 syno-

2090 1967 2231 2023 dum
2280 1969 2573 2038 accedere,
2633 1971 2786 2042 quod
2837 1969 3075 2043 perinde
3122 1972 3420 2044 Theognio
3467 1973 3744 2046 competit

2091 2060 2266 2128 atque
2309 2056 2462 2115 aliis.
2514 2063 2594 2114 Re
2639 2059 2721 2115 sic
2771 2059 3002 2132 liquido
3047 2066 3335 2131 enarrata,
3377 2061 3605 2118 erudito
3655 2062 3741 2119 le-

2091 2147 2233 2201 ctori
2255 2147 2549 2218 judicium
2582 2149 3000 2221 permittimus.

2159 2256 2214 2309 2.
2248 2253 2384 2327 Pag.
2439 2257 2562 2321 112,
2615 2255 2957 2312 scholiastcs
3005 2256 3244 2330 quidam
3294 2259 3365 2314 ad
3414 2259 3740 2334 marginem

2091 2342 2252 2415 Regii
2301 2344 2518 2400 codicis
2563 2345 2725 2412 228i,
2779 2347 2836 2402 in
2887 2346 3009 2402 haec
3057 2347 3278 2402 verba:
3314 2347 3411 2401 Διὰ
3447 2351 3608 2402 τοῦτο
3647 2349 3740 2404 καὶ

2091 2431 2144 2484 οἱ
2194 2429 2246 2485 ἐν
2296 2435 2366 2505 τῇ
2404 2433 2542 2487 κατὰ
2590 2433 2810 2488 Νίκαιαν
2868 2432 3082 2510 μεγάλῃ
3133 2433 3343 2509 συνόδῳ
3392 2435 3738 2502 συνελθόντες

2092 2518 2418 2592 ἐπίσκοποι,
2471 2521 2570 2576 οὐκ
2616 2518 2739 2576 ἄνευ
2787 2527 2922 2578 Θεοῦ
2976 2521 3295 2596 βουλήσεως
3349 2525 3738 2600 συνεχώρησαν

2091 2607 2143 2662 ἐν
2176 2609 2331 2685 ἑτέρᾳ
2388 2608 2598 2682 συνόδῳ
2652 2611 2720 2664 τὰ
2776 2616 2877 2680 τῆς
2935 2611 3202 2687 προτέρας
3263 2611 3616 2682 ἐξετάζεσθαι.
3676 2614 3742 2669 Id

2091 2703 2199 2768 cst,
2260 2701 2524 2768 Quocirca
2579 2702 2822 2774 episcopi
2889 2703 2950 2757 in
3002 2719 3204 2773 magna
3251 2703 3460 2774 synodo
3513 2705 3745 2761 Nicm

2089 2792 2420 2861 congregati,
2477 2807 2587 2846 non
2632 2793 2774 2846 citra
2823 2792 2920 2846 Dei
2961 2793 3253 2847 consilium
3295 2794 3506 2864 prioris
3547 2793 3746 2865 synodi

2091 2887 2211 2934 acta
2239 2879 2296 2933 in
2328 2881 2446 2934 alia
2472 2880 2680 2952 synodo
2718 2878 2956 2951 disquiri
2983 2881 3380 2949 permiserunt,
3412 2880 3532 2937 haec
3561 2882 3743 2940 adno-

2093 2967 2234 3023 tavit
2285 2969 2356 3023 ab
2405 2968 2577 3024 annis
2629 2967 2857 3024 circiter
2886 2970 3184 3039 trecentis,
3215 2975 3279 3025 ut
3309 2986 3376 3025 ex
3414 2971 3746 3028 charactere

2091 3057 2379 3128 conjicere
2426 3055 2562 3112 licet
2595 3074 2608 3111 ε
2648 3054 2965 3128 Σημείωσαι
2998 3055 3082 3111 ὅτι
3115 3056 3213 3111 οὐκ
3247 3058 3462 3112 ἀπαιτεῖ
3505 3059 3604 3128 τήν
3658 3053 3744 3114 ἔκ-

2089 3141 2295 3214 κλητον
2339 3145 2415 3207 ὡς
2462 3145 2644 3206 πάπας
2692 3145 2780 3199 καὶ
2831 3144 2996 3222 ἄκρος
3036 3144 3345 3222 ἀρχιερεὺς,
3397 3144 3522 3200 ἀλλ’
3552 3145 3743 3210 ἁπλῶς

326 3225 457 3282 coni
482 3227 727 3297 Diognii,
760 3230 827 3282 ut
861 3227 1069 3283 exinde
1112 3227 1498 3297 conspicuum
1545 3229 1621 3284 sit
1649 3227 1983 3300 promiscue

2098 3232 2233 3302 ἆξιοῖ
2263 3233 2314 3288 ἐν
2359 3234 2512 3310 ἑτέρᾳ
2558 3231 2770 3308 συνόδῳ
2814 3236 2882 3289 τὰ
2919 3242 3019 3304 τῆς
3067 3235 3336 3309 προτέρας
3388 3235 3742 3310 ἐξετάζεσθαι,

327 3313 692 3388 Theognium
725 3332 790 3371 ac
842 3315 1151 3389 Diognium
1202 3315 1338 3372 dici.
1372 3316 1537 3372 Certe
1580 3315 1839 3372 Hilarius
1869 3315 1978 3371 col.

2098 3323 2226 3377 κατὰ
2280 3323 2370 3378 τὸν
2421 3305 2618 3378 δέανόνα
2646 3305 2751 3393 τῆς
2793 3322 2844 3378 ἐν
2907 3305 3120 3395 Νικαίᾴ
3160 3305 3434 3379 συνόδουί
3470 3328 3532 3382 Id
3583 3332 3676 3384 est

327 3403 466 3459 1284
516 3405 828 3479 Diognitum
861 3405 965 3471 ait,
996 3405 1364 3478 Theognium
1413 3405 1635 3461 scilicet
1684 3405 1976 3462 indicans.

329 3503 474 3557 Cum
505 3501 691 3574 igitur
711 3501 907 3558 Julius
938 3506 1162 3575 septem
1192 3503 1540 3559 Arianorum
1583 3501 1980 3575 primipilares

335 3589 431 3646 hic
462 3595 898 3658 commemoret,
927 3595 1066 3663 puto
1092 3592 1250 3648 hunc
1280 3592 1530 3648 Danium
1576 3597 1849 3665 corrupte
1879 3610 1980 3665 po-

333 3678 516 3735 situm
563 3679 744 3736 fuisse
792 3696 895 3752 pro
943 3680 1201 3753 Diognio.
1235 3679 1416 3736 Nemo
1467 3685 1560 3736 eat
1605 3681 1854 3748 inficias,
1886 3681 1982 3737 hic

329 3766 557 3825 Julium
596 3769 750 3824 inter
795 3767 1016 3825 multos
1063 3769 1389 3842 episcopos,
1423 3786 1520 3826 eos
1575 3769 1816 3826 consilio
1865 3787 1980 3826 non

333 3873 473 3914 casu
505 3873 870 3926 enumerare,
905 3857 1006 3930 qui
1034 3857 1189 3914 inter
1227 3859 1586 3915 Eusebianos
1615 3859 1983 3931 antesignani

335 3951 525 4004 erant.
566 3948 958 4014 Quamobrem
1008 3964 1170 4020 aeque
1219 3948 1437 4003 mirum
1485 3952 1640 4005 esset
1669 3947 1822 4004 inter
1850 3947 1984 4004 illos

335 4036 646 4106 recenseri,
671 4053 737 4093 ac
764 4036 986 4108 primas
1007 4042 1206 4093 tenere
1227 4037 1522 4094 Dianazum
1545 4037 1982 4108 Caesariensem,

333 4125 436 4199 qui
465 4127 740 4200 nuspiam
790 4127 944 4183 inter
989 4127 1370 4198 Eusebianos,
1402 4127 1489 4184 vel
1518 4128 1590 4183 ab
1638 4127 1980 4196 Athanasio,

333 4215 425 4274 vel
439 4216 510 4273 ab
532 4217 662 4274 aliis
675 4221 1252 4290 memoratur;atque
1280 4217 1646 4290 praetermitti
1676 4216 1983 4290 Diognium

333 4305 422 4362 vel
459 4306 823 4380 Theognium
853 4306 1177 4375 Nicaanum,
1209 4307 1310 4378 qui
1338 4311 1465 4362 tum
1515 4307 1573 4363 in
1604 4307 1747 4363 vivis
1779 4311 1904 4363 erat
1931 4311 1989 4364 et

333 4411 457 4452 rem
489 4399 726 4453 strenue
755 4397 994 4469 gerebat
1021 4401 1225 4452 contra
1258 4396 1667 4463 Athanasium,
1704 4397 1987 4469 facileque

335 4485 628 4543 secundas
664 4490 795 4558 post
836 4485 1151 4543 Eusebium
1181 4486 1290 4543 hoc
1337 4487 1397 4542 in
1447 4487 1673 4560 negotio
1727 4488 1985 4544 tenebat.

336 4571 584 4657 Fuitque
605 4584 853 4641 Eusebio
885 4589 1204 4658 superstes,
1228 4585 1346 4642 imo
1379 4585 1554 4642 etiam
1586 4589 1717 4658 post
1737 4591 1986 4643 mortem

2087 3418 2226 3471 Nota
2254 3431 2378 3470 eum
2400 3414 2642 3486 (scilicet
2661 3407 2886 3471 Julium
2909 3417 3078 3486 cujus
3109 3421 3249 3471 sunt
3271 3415 3543 3488 superius
3566 3416 3744 3473 allata

2087 3504 2285 3576 verba)
2330 3519 2442 3560 non
2487 3505 2709 3575 exigere
2755 3505 3200 3577 appellationem,
3235 3514 3414 3577 utpote
3456 3523 3663 3578 papam
3692 3507 3745 3562 et

2089 3610 2368 3649 summum
2393 3596 2730 3666 pontiﬁcem,
2755 3595 2849 3651 sed
2894 3595 3222 3666 simpliciter
3265 3596 3568 3667 postulare,
3598 3599 3659 3651 ut
3684 3597 3745 3651 in

2091 3684 2207 3738 alia
2251 3683 2454 3754 synodo
2498 3699 2622 3755 qua:
2649 3702 2684 3739 a
2724 3686 2908 3755 priore
2952 3684 3167 3739 decreta
3196 3685 3409 3753 fuerint
3449 3685 3749 3755 exquiran-

2093 3779 2207 3840 tur,
2268 3773 2438 3842 juxta
2507 3788 2773 3829 canonem
2846 3774 3065 3828 Nicena
3149 3771 3368 3843 synodi.
3441 3767 3747 3839 Ἐκκλητον

2093 3859 2248 3915 enim
2277 3860 2392 3916 dici
2445 3860 2900 3933 appellationem
2951 3861 3021 3917 ad
3073 3877 3375 3916 summum
3408 3859 3748 3933 pontiﬁcem

2093 3951 2300 4004 tritum
2322 3949 2747 4024 vulgatumque
2778 3955 2885 4007 est.

2167 4039 2303 4112 Pag.
2339 4040 2460 4095 113.
2495 4039 2760 4095 Diximus
2792 4041 2849 4094 in
2886 4040 3060 4110 notis,
3093 4038 3401 4112 epistolam
3432 4037 3744 4094 Alexandri

2095 4128 2351 4200 episcopi
2382 4127 2751 4184 Alexandrini
2800 4129 2871 4184 ad
2903 4128 3122 4184 calcem
3171 4144 3412 4201 cperum
3442 4127 3748 4184 Athanasii

2096 4217 2423 4273 cudendam
2456 4218 2594 4274 fore.
2627 4221 2700 4274 At
2727 4217 3055 4274 secundum
3087 4217 3208 4273 haec
3260 4222 3486 4272 mutata
3516 4221 3752 4274 senten-

2094 4305 2196 4374 tia,
2229 4321 2298 4361 ex
2328 4322 2387 4362 re
2419 4305 2609 4378 magis
2636 4305 2830 4362 visum
2853 4311 2942 4363 est
2970 4322 3098 4363 eam
3131 4311 3263 4362 ante
3294 4310 3548 4378 quatuor
3564 4310 3753 4363 contra

2097 4397 2343 4451 Arianos
2411 4397 2700 4469 orationes,
2762 4399 2962 4469 utpote
3019 4413 3146 4469 quas
3208 4394 3527 4452 Arianismi
3583 4395 3756 4453 initia

2098 4489 2341 4556 spectet,
2375 4483 2671 4542 collocare.
3469 4495 3498 4513 '

2170 4597 2290 4666 Pag
2343 4592 2465 4648 119.
2501 4595 2684 4659 Quam
2728 4593 2824 4650 hic
2856 4593 2916 4649 in
2949 4593 3104 4650 notis
3133 4609 3416 4650 vocamus
3447 4590 3756 4664 epistolam

337 4673 596 4742 Eusebii,
619 4673 884 4745 ejusdem
909 4678 1078 4730 sectae
1109 4678 1387 4731 strenuus
1415 4674 1808 4732 vindex.Nam
1831 4675 1884 4732 is
1905 4681 1993 4732 est
2021 4680 2068 4746 D
2101 4683 2173 4739 ad
2206 4682 2518 4751 solitarics,
2551 4700 2618 4739 ea
2645 4687 2734 4739 est
2763 4700 2892 4756 quae
2923 4701 3026 4739 suo
3076 4683 3199 4738 loco
3230 4701 3265 4739 a
3297 4681 3468 4738 nobis
3499 4680 3758 4739 Athana-

337 4762 439 4836 qui
470 4762 877 4819 Macedoniam
909 4769 1046 4820 tunc
1077 4764 1383 4830 Arianum,
1417 4769 1617 4837 postea
1648 4765 1992 4821 Pneumato-

338 4852 685 4908 macborum
733 4852 964 4921 ducem,
995 4852 1336 4925 episcopum
1387 4852 1990 4926 Constantinopolita-

341 4942 579 5011 num,in
607 4942 842 4999 Eusebii
859 4943 1115 4999 defuncti
1136 4942 1351 5012 locum,
1368 4943 1673 4999 ordinavit.
1698 4945 1840 4999 Tam
1863 4961 1992 5017 pro-

341 5033 474 5090 clivi
494 5037 682 5089 errato
702 5032 921 5088 Danius
937 5049 1005 5087 ex
1029 5031 1285 5106 Διογνίῳ,
1311 5049 1486 5104 quam
1513 5050 1582 5088 ex
1603 5032 1990 5106 Διανίῳ,οἷῐὶοί

341 5126 551 5196 potest.
597 5121 743 5185 Quid
793 5139 982 5178 causa:
1025 5121 1208 5194 igitur
1251 5120 1445 5189 fuerit,
1479 5123 1633 5194 quod
1684 5122 1989 5180 Dianceum

338 5221 458 5289 hic,
489 5220 836 5277 Eusebianis
878 5221 1276 5294 peregrinum,
1310 5221 1505 5293 potius
1557 5222 1991 5280 substituamus

341 5327 518 5384 quam
556 5309 885 5382 Diognium,
917 5311 978 5366 in
1011 5328 1186 5383 quem
1219 5328 1422 5367 omnes
1471 5313 1816 5382 conjecturae
1848 5331 1990 5385 qua-

339 5401 531 5455 drant.
565 5400 648 5454 Ad
681 5399 799 5455 haec
831 5400 1029 5455 Patres
1062 5400 1438 5456 Sardicenses
1488 5400 1544 5454 in
1577 5401 1825 5472 epistola
1855 5419 1989 5475 syn-

339 5489 492 5544 odali
525 5489 609 5544 sic
641 5487 859 5544 habent
887 5491 1041 5562 apud
1075 5489 1361 5544 Hilarium
1394 5489 1503 5546 col.
1535 5491 1693 5559 1284,
1728 5509 1890 5546 num.
1915 5495 1986 5548 2:

311 5576 482 5633 '0lim
532 5577 751 5650 quidem
789 5580 1150 5635 scribentibus
1183 5581 1431 5647 Eusebio,
1464 5580 1656 5648 Mario,
1693 5581 1987 5650 Theodoro,

337 5668 614 5737 Diognito,
673 5668 889 5725 Ursacio
964 5677 1014 5724 et
1088 5670 1322 5737 Valente,
1398 5670 1543 5726 Jutio
1621 5671 1992 5729 consacerdoli

337 5759 523 5816 nostro
554 5758 809 5815 Romanae
854 5759 1114 5817 Ecclesia
1136 5759 1378 5834 episcopo
1408 5759 1665 5818 adversus
1709 5761 1990 5836 praedictos

2099 4773 2170 4829 sii
2212 4771 2452 4845 vestigio
2484 4771 2862 4843 haerentibus,
2895 4775 3148 4829 Historia
3179 4774 3515 4828 Arianorum
3542 4772 3614 4828 ad
3639 4788 3752 4828 mo-

2098 4863 2298 4918 nachos
2343 4866 2681 4934 nuncupata
2729 4866 2837 4918 est.
2871 4862 2986 4917 Nec
3035 4861 3597 4934 praetermittendum
3647 4864 3756 4929 est,

2102 4953 2206 5008 abs
2255 4969 2314 5008 re
2361 4955 2629 5006 vocatum
2679 4950 2738 5006 in
2798 4952 3254 5007 controversiam
3302 4951 3512 5020 fuisse,
3557 4956 3756 5008 utrum

2101 5042 2211 5097 hoc
2241 5040 2582 5113 prazclarum
2616 5057 2763 5111 opus
2808 5039 3110 5096 Athanasii
3143 5040 3236 5107 sil,
3269 5059 3341 5096 an
3373 5040 3615 5097 alterius
3653 5041 3754 5113 qui

2092 5133 2268 5203 jussu
2301 5129 2604 5185 Athanasii
2637 5129 2758 5185 hinc
2789 5129 2998 5184 litteris
3056 5130 3374 5186 mandarit.
3419 5131 3564 5186 Nam
3596 5130 3753 5202 quod

2101 5222 2325 5287 dicunt,
2352 5219 2446 5275 hic
2465 5236 2767 5291 nunquam
2792 5219 2982 5290 prima
3004 5236 3251 5290 persona
3281 5220 3382 5275 sed
3407 5219 3579 5277 tertia
3599 5235 3752 5275 sem-

2104 5328 2202 5383 per
2231 5309 2389 5382 loqui
2423 5314 2716 5364 auctorem
2763 5308 3011 5378 hujusce
3041 5309 3253 5380 operis,
3287 5308 3455 5378 illud,
3489 5309 3752 5380 inquam,

2102 5418 2215 5456 non
2250 5399 2613 5455 considerate
2661 5399 2882 5452 dictum
2914 5402 3021 5452 est.
3055 5398 3201 5453 Nam
3253 5397 3525 5469 superius
3560 5397 3754 5454 locum

2099 5489 2407 5545 attulimus
2452 5503 2583 5559 pag.
2619 5504 2855 5554 xxxvni,
2890 5486 2949 5541 in
2997 5503 3112 5557 quo
3165 5485 3524 5542 Athanasius
3574 5486 3666 5543 bis
3697 5487 3756 5542 in

2097 5580 2289 5653 prima
2335 5593 2583 5650 persona
2613 5592 2941 5631 sermonem
2975 5575 3168 5630 habet.
3206 5575 3336 5631 Haec
3384 5574 3537 5630 ultra
3576 5590 3756 5647 quam

2097 5670 2244 5728 satis
2274 5669 2432 5723 dicta
2463 5669 2623 5721 sunt.

2169 5761 2222 5817 3.
2255 5763 2394 5833 Pag.
2427 5757 2549 5815 132.
2584 5756 2648 5812 In
2697 5752 3232 5829 subscriptionibus
3279 5751 3754 5827 Sardicensibus,
