4170 6404
1314 472 1884 541 ΡΒΕΡΑΤῙΟΝΕΒ
1928 470 2326 537 EDITIONIS
2368 470 2946 539 BENEDIGTINzE.

3697 483 3797 547 XL!

387 603 492 685 qui
515 606 888 685 septuaginta
916 613 1045 669 octo
1061 609 1239 686 primi
1258 612 1637 669 recensentur
1682 609 1720 664 ii
1771 608 2029 680 suntqui
2062 643 2076 674 λ

2173 609 2217 663 1d
2248 609 2534 664 Manachos
2564 607 2745 665 missa
2802 609 3000 682 igitur,
3059 604 3280 677 ῌαύλου
3337 602 3636 664 ἐπισκόπου
3664 611 3798 682 Τρι-

387 702 609 774 synodo
667 701 1077 771 interfuerunt,
1130 718 1319 773 neque
1377 704 1516 756 sunt
1572 716 1675 772 per
1711 697 2039 770 provincias

386 790 708 857 distributi,
741 796 806 846 ut
837 791 936 847 alii
968 792 1239 848 absentes
1270 791 1369 863 qui
1427 794 1561 863 post
1617 788 1868 843 salutem
1902 804 2038 858 syn-

382 880 563 937 odum
622 895 835 935 nomen
885 880 1229 952 ascripsere.
1262 879 1463 934 Palam
1496 894 1588 934 res
1617 881 1708 933 est
1738 894 1806 932 ex
1834 874 2038 931 Hilarii

382 969 1165 1044 subscriptionibus(a)quze
1186 970 1392 1025 eadem
1427 969 1609 1024 ferme
1658 970 1819 1032 sunt,
1865 970 2040 1037 atque

381 1059 494 1116 illa:
524 1060 586 1116 in
644 1059 841 1131 primu
898 1057 1086 1114 classe
1134 1059 1207 1114 ab
1238 1057 1560 1113 Athanasio
1592 1055 1815 1111 locatae.
1849 1055 2043 1110 Pauca

382 1154 581 1207 tamen
638 1149 862 1205 omissa
918 1148 1160 1203 nomina
1218 1150 1359 1203 sunt
1410 1146 1471 1201 in
1504 1144 2039 1216 subscriptionibus

382 1237 711 1308 Athanasii,
728 1254 855 1309 quae
884 1237 1041 1309 apud
1080 1236 1366 1292 Hilarium
1390 1234 1661 1307 legentur
1692 1252 1705 1302 ;
1736 1232 2041 1304 multoque

386 1327 560 1402 plura
590 1326 809 1382 omittit
837 1325 1118 1394 Hilarius,
1150 1342 1277 1398 quae
1323 1324 1682 1381 Athanasius
1710 1326 2037 1379 enumerat.

384 1418 522 1483 Quae
545 1416 700 1484 apud
721 1414 1112 1471 Athanasium
1151 1415 1530 1484 omittuntur,
1579 1412 1778 1467 isthaac
1803 1415 1943 1467 sunt
1972 1428 2042 1467 ex

380 1504 605 1560 Hilario
636 1504 983 1576 desumpta:
1018 1503 1330 1560 Marcellus
1358 1506 1727 1575 Ancyranus,
1757 1500 2040 1573 Evagrius

383 1611 419 1651 a
447 1593 790 1651 Macedonia
822 1593 892 1648 de
918 1592 1315 1661 Heraclianeo,
1346 1591 1541 1648 Julius
1572 1592 1644 1647 ab
1674 1590 1885 1646 Acacia
1905 1590 2041 1660 [lege

388 1681 649 1753 Achaia],
686 1682 758 1737 de
787 1682 985 1738 Thebe
1012 1684 1354 1754 Eptapyleos,
1388 1680 1501 1737 nisi
1534 1680 1613 1736 sit
1640 1679 1797 1735 idem
1820 1679 1918 1750 qui
1938 1679 2040 1734 Ju-

382 1771 581 1827 lianus
608 1771 762 1842 apud
781 1770 1166 1827 Athanasium
1187 1770 1418 1827 dicitur.
1442 1770 1621 1825 Miror
1642 1769 1940 1824 Labbeum
1966 1769 2041 1840 (b)

383 1859 493 1916 hoc
544 1859 669 1915 loco
727 1859 959 1915 restitui
1018 1859 1295 1928 voluisse,
1351 1859 1690 1931 Eplapoleos,
1750 1856 2043 1913 cumluce

381 1948 603 2007 clarius
650 1948 728 2005 sit
773 1964 903 2005 esse
957 1949 1195 2006 Theben
1226 1944 1568 2003 Ἑπτάπυλον
1603 1948 1661 2002 id
1693 1950 1803 2015 est,
1837 1954 2045 2019 septem

378 2046 693 2112 portarum,
722 2041 826 2093 aut
855 2037 1084 2094 Thebas
1140 2033 1521 2097 Ἑπταπύλους
1571 2052 1697 2108 quae
1726 2035 1809 2090 ita
1835 2051 2047 2089 vocan-

387 2131 488 2185 tur
538 2125 676 2201 πρὸς
730 2122 1148 2197 ἀντιδιαστολήν
1209 2127 1545 2183 Thebarum
1615 2123 2047 2197 lEgyptiarum,

383 2232 511 2289 quas
544 2211 942 2288 ἑκατόμπυλοι,
987 2216 1107 2271 sive
1136 2219 1373 2271 centum
1418 2216 1722 2286 portarum
1753 2215 1942 2268 erant.
1970 2216 2050 2267 De

381 2304 598 2363 Thebis
629 2304 875 2363 Graeciae
899 2304 1187 2361 Homerus
1218 2304 1310 2376 (ε),
1755 2293 1764 2301 ’

488 2414 679 2483 Ἡμεῖς
705 2410 795 2466 καὶ
825 2403 1015 2481 Θήϐἡς
1044 2406 1168 2472 ἕδος
1202 2405 1421 2483 εἷ’λομεν
1456 2406 1663 2464 ἐπταπύ
1695 2404 1819 2462 λοιο
1860 2426 1875 2477 ;

381 2519 464 2577 De
492 2518 846 2591 [Egyptiacis
871 2534 1005 2574 vero
1035 2518 1255 2575 Thebis
1298 2518 1399 2591 (ά),

1314 2620 1427 2677 οὐδ’
1457 2620 1558 2677 ὅσα
1588 2615 1796 2692 Θήϐας,

494 2710 819 2788 Αἰγυπτίας,
852 2710 936 2767 ὅθι
958 2709 1196 2767 πλεῖστα
1225 2710 1422 2787 δόμοις
1455 2710 1509 2767 ἐν
1539 2712 1803 2785 πτήματα
1848 2715 2045 2783 κεῖται,

496 2801 613 2856 Αἷθ’
645 2798 1021 2875 ἑκατόμπυλοί
1054 2800 1177 2856 εἰσι.

392 2926 646 2985 Cochras
677 2928 816 2984 item
848 2928 921 2984 ab
952 2927 1194 2996 Achaia,
1228 2927 1559 3002 Dionysius.
1593 2927 1741 2983 Nam
1774 2926 1887 2982 duo
1912 2930 2051 2982 sunt

392 3016 658 3090 Dionysii
690 3018 845 3089 apud
876 3016 1185 3086 Hilarium,
1219 3034 1375 3074 unus
1438 3018 1593 3089 apud
1636 3015 2043 3072 Athanasium.

394 3106 755 3163 Verissimus
785 3124 855 3164 ex
909 3106 984 3162 iis
1039 3107 1142 3179 qui
1199 3108 1421 3180 synodo
1479 3106 1870 3162 interfuerunt
1902 3104 2053 3160 inter

394 3194 593 3252 Gallos
624 3200 963 3253 recensetur
991 3196 1065 3251 ab
1119 3195 1461 3251 Athanasio.
1518 3196 1665 3251 Istos
1696 3211 1799 3251 sex
1828 3193 2050 3265 episco-

397 3301 505 3357 pos
535 3284 608 3339 ab
640 3284 961 3340 Athanasio
992 3283 1264 3349 omissos,
1300 3284 1350 3340 si
1386 3285 1607 3355 jungas
1637 3300 1773 3338 eum
1801 3284 1872 3337 78
1905 3299 2052 3354 quos

2151 690 2347 771 ϐἑρων,
2381 697 2480 753 ubi
2510 690 2784 773 Τριϐἑρων
2816 698 3050 755 videtur
3098 699 3376 755 mendose
3406 698 3664 770 positum
3694 712 3799 769 pro

2148 781 2386 858 Τιϐἑρων
2420 788 2491 843 ab
2526 788 3009 844 amanuensibus.
3068 788 3215 843 Nam
3272 789 3428 860 quod
3469 789 3677 843 Paulus
3707 786 3801 843 hic

2149 876 2398 943 dicatur,
2433 876 2534 948 qui
2594 877 2873 932 Paulinus
2927 877 3227 949 superiore
3265 877 3391 933 loco
3422 881 3661 933 vocatus
3689 879 3800 945 est,

2150 966 2296 1021 forte
2328 965 2780 1021 amanuensium
2810 966 2949 1021 vitio
2971 966 3237 1038 contigit,
3270 966 3389 1021 imo
3420 965 3667 1021 fortasse
3696 981 3805 1036 po-

2150 1054 2359 1110 sterior
2379 1053 2551 1109 lectio
2574 1058 2812 1125 praestat
2832 1055 3029 1126 priori.
3078 1056 3140 1111 In
3167 1057 3332 1111 Italia
3364 1070 3619 1127 namque
3648 1070 3809 1109 sacra

2148 1142 2367 1198 Paulus
2391 1142 2703 1215 episcopus
2724 1144 3073 1199 Tiburtinus
3100 1148 3489 1211 memoratur,
3516 1143 3616 1214 qui
3646 1142 3808 1200 Ursi-

2150 1231 2307 1288 cium
2330 1232 2899 1304 pseudopontificem
2934 1233 3291 1290 consecravit
3320 1249 3474 1289 anno
3503 1234 3629 1288 366.
3659 1231 3812 1288 Nan-

2150 1321 2286 1378 nius
2316 1321 2509 1388 vertit,
2561 1323 2809 1393 episcopo
2871 1322 3119 1394 Tyburis.
3178 1323 3394 1378 Eodem
3453 1326 3649 1378 autem
3680 1320 3807 1377 loco

2151 1410 2281 1467 dele
2310 1429 2361 1483 p,
2398 1416 2456 1466 et
2486 1410 2611 1483 lege
2653 1404 2916 1485 Τιϐἐρων.

2219 1501 2274 1554 5.
2308 1504 2447 1573 Pag.
2482 1501 2603 1555 157.
2636 1500 3084 1573 Augustaliana,
3135 1500 3245 1557 hoc
3300 1517 3516 1557 nomen
3548 1499 3809 1557 diximus

2151 1605 2221 1646 ex
2248 1589 2678 1662 Augustalibus
2707 1589 3053 1662 profectum.
3086 1591 3159 1645 At
3188 1589 3327 1645 licet
3346 1606 3455 1645 vox
3476 1588 3810 1662 Augustalis

2151 1678 2399 1734 antehac
2431 1677 2783 1751 plerumque
2814 1683 3101 1751 usurpata
3148 1678 3492 1751 reperiatur,
3522 1696 3639 1735 non
3669 1677 3813 1751 legi-

2151 1784 2285 1823 mus
2316 1772 2512 1823 tamen
2544 1768 2842 1840 praefectos
2870 1768 3102 1841 )Egypti
3135 1773 3267 1825 ante
3295 1785 3517 1825 annum
3541 1769 3669 1834 351,
3695 1784 3810 1840 quo

2151 1857 2273 1913 haec
2304 1858 2569 1928 Apologia
2599 1858 2818 1929 scripta
2872 1861 2980 1927 est,
3041 1857 3398 1930 Augustales
3456 1858 3583 1914 sine
3606 1857 3810 1913 addito

2152 1951 2407 2003 vocatos.
2442 1948 2635 2011 Quare
2664 1946 2726 2002 in
2758 1946 2978 2003 incerto
3012 1964 3103 2003 res
3135 1951 3421 2003 versatur.

2229 2036 2285 2090 6.
2318 2040 2458 2109 Pag.
2492 2036 2599 2091 288
2628 2036 2846 2091 dicitur
2874 2039 3060 2092 Roma
3086 2053 3216 2093 esse
3238 2035 3578 2109 metropolis
3603 2037 3816 2093 Roma-

2161 2123 2294 2196 niae,
2325 2128 2428 2192 τῆς
2458 2122 2791 2196 τΡωμανίας,
2848 2125 2949 2180 ubi
2981 2125 3247 2181 Nannius
3273 2125 3470 2192 vertit,
3498 2125 3821 2198 metropolis

2158 2214 2414 2270 Romanae
2444 2213 2692 2269 ditionis.
2726 2214 3064 2287 Eademque
3122 2214 3419 2271 sententia
3473 2231 3584 2271 vox
3613 2214 3815 2271 isthaec

2158 2302 2251 2360 bis
2281 2308 2603 2375 usurpatur
2631 2303 2703 2359 ab
2734 2303 3081 2376 Epiphanio,
3115 2303 3338 2360 scilicet
3367 2303 3577 2360 haeresi
3606 2320 3738 2363 va1
3758 2306 3817 2361 et

2159 2391 2366 2448 haeresi
2396 2409 2547 2449 LXIX.

2227 2482 2283 2537 7.
2316 2482 2450 2553 Pag.
2513 2481 2636 2538 3l8.
2698 2485 2913 2538 Praeter
2943 2481 3121 2540 allata
3148 2482 3208 2539 in
3265 2483 3465 2540 Manilo
3508 2483 3581 2539 ad
3611 2484 3817 2556 Episto-

2159 2572 2271 2627 lam
2298 2572 2373 2628 ad
2396 2572 2711 2639 monachos,
2744 2572 2962 2644 quibus
2992 2573 3327 2629 defenditur
3344 2572 3646 2629 diversum
3668 2572 3811 2630 illud

2159 2678 2309 2734 opus
2338 2677 2468 2717 esse
2525 2679 2561 2717 a
2614 2665 2869 2733 quatuor
2926 2661 3284 2718 Orationibus
3338 2670 3527 2719 contra
3556 2663 3812 2735 Arianos,

2160 2749 2285 2807 aliae
2318 2754 2641 2823 suppetunt
2671 2750 3031 2824 gravissimae
3086 2753 3343 2807 rationes
3391 2768 3521 2823 quae
3553 2752 3815 2824 idipsum

2159 2841 2467 2896 suadeant.
2501 2841 2649 2896 Nam
2708 2840 2853 2896 illud
2910 2841 2980 2896 ad
3012 2840 3336 2897 monachos
3386 2840 3638 2897 missum
3669 2858 3818 2914 opus

2162 2934 2316 2986 vetat
2334 2930 2694 2986 Athanasius
2724 2930 3002 3001 cuiquam
3028 2929 3290 2987 exhiberi
3316 2948 3328 2985 :
3354 2930 3442 2986 hae
3464 2935 3660 2988 autem
3683 2949 3822 3004 qua-

2163 3024 2297 3075 tuor
2326 3020 2641 3087 orationes,
2692 3024 2757 3075 ut
2787 3020 3004 3091 cuique
3061 3018 3277 3092 legenti
3331 3019 3525 3092 palam
3576 3021 3707 3088 erit,
3740 3020 3824 3077 ita

2161 3107 2521 3165 concinnatae
2554 3112 2712 3176 sunt,
2766 3113 2833 3163 ut
2888 3108 3142 3180 publicis
3194 3110 3611 3166 controversiis
3643 3109 3822 3167 desti—

2163 3200 2311 3252 natm
2341 3196 2500 3253 haud
2531 3197 2709 3252 dubie
2740 3195 2979 3252 fuerint.
3012 3199 3091 3252 Ac
3121 3197 3375 3253 secunde
3408 3198 3693 3255 adornata
3710 3198 3824 3254 fuit

2164 3286 2235 3339 ad
2267 3301 2336 3340 ea
2365 3286 2746 3353 confutanda,
2801 3302 2929 3356 quae
2986 3285 3268 3342 adversus
3324 3286 3580 3357 primam
3615 3285 3823 3343 Ariani

398 3368 784 3444 enumeravit,
818 3377 992 3428 erunt
1035 3373 1126 3426 84.
1186 3373 1311 3437 His
1347 3371 1398 3428 si
1454 3373 1636 3427 addas
1694 3371 2055 3444 Euphratam
2087 3358 2130 3426 C
2170 3373 2585 3430 obtendebant.
2668 3374 2866 3430 Tertia
2940 3373 3216 3430 similiter
3284 3374 3555 3431 secundae
3624 3374 3824 3431 defen-

398 3459 805 3516 Coloniensem
836 3465 894 3517 et
922 3460 1290 3534 Olympium,
1320 3454 1323 3459 ’
1351 3460 1452 3532 qui
1482 3460 1702 3533 synodo
1732 3459 2064 3518 Sardicensi

399 3549 740 3621 interfuere,
773 3553 830 3605 et
861 3550 933 3605 ab
981 3549 1302 3607 Athanasio
1334 3554 1389 3605 et
1448 3548 1666 3605 Hilario
1724 3548 2066 3622 praetermit-

399 3642 631 3707 tuntur,
663 3639 734 3694 86
761 3638 1038 3710 reperies.
1073 3637 1460 3694 Dominianus
1509 3639 1664 3694 idem
1706 3642 1795 3694 est
1824 3637 1925 3709 qui
1956 3643 2064 3693 Do-

398 3729 672 3784 mitianus
704 3728 778 3784 ab
809 3728 1035 3784 Hilario
1053 3726 1293 3799 dicitur,
1314 3728 1591 3796 Musaeus,
1614 3727 1771 3783 idem
1790 3727 1889 3799 qui
1911 3732 2068 3797 Moy-

398 3818 521 3874 sius
552 3816 781 3885 Hilarii,
821 3816 1204 3873 Fortunatius
1242 3817 1398 3872 idem
1449 3817 1551 3889 qui
1597 3818 2064 3878 Fortunatianus;

403 3911 660 3964 Irenazus
689 3906 848 3963 idem
906 3907 1140 3963 videtur
1191 3922 1322 3963 esse
1382 3907 1483 3979 qui
1542 3909 1806 3963 Lerenius
1835 3906 2060 3975 Hilarii,

406 3996 670 4053 Ursicius
700 3997 855 4052 idem
888 3997 991 4068 qui
1025 3996 1323 4059 Ursaeius;
1358 3996 1675 4069 Eutychius
1714 3996 1869 4051 idem
1899 3996 2063 4051 vide-

407 4089 507 4142 tur
545 4102 675 4142 esse
705 4086 803 4158 qui
841 4087 1139 4157 Eulhitius,
1188 4089 1246 4142 et
1300 4085 1599 4158 Eutychus
1630 4086 1876 4142 fortasse
1907 4086 2063 4141 idem

291 4177 297 4184 '
412 4174 513 4247 qui
560 4176 768 4231 Titius:
801 4192 939 4231 nam
961 4176 1117 4248 apud
1148 4174 1435 4231 Hilarium
1480 4175 1844 4247 corruptiora
1873 4176 2062 4231 nomi-

411 4280 491 4320 na
515 4267 656 4320 sunt
683 4280 864 4335 quam
923 4264 1080 4336 apud
1139 4262 1543 4320 Athanasium.
1571 4264 1875 4337 Asclepius
1907 4264 2063 4320 idem

413 4352 517 4425 qui
547 4352 795 4426 Asclepas
827 4353 1101 4411 Gazensis.

486 4442 542 4498 4.
561 4445 701 4516 Pag.
721 4442 847 4510 439,
863 4442 1175 4500 Paulinum
1189 4442 1310 4500 sive
1322 4443 1567 4499 Paulum
1581 4443 1943 4517 episcopum,
1963 4442 2065 4514 qui

404 4532 641 4608 litteras
671 4532 896 4590 Ursacii
926 4538 984 4590 et
1002 4532 1265 4590 Valentis
1286 4533 1357 4589 ad
1378 4532 1603 4591 Julium
1651 4550 1863 4605 papam
1888 4532 2066 4588 Atha-

414 4622 581 4681 nasio
601 4622 957 4693 transmisit,
980 4639 1109 4679 esse
1127 4623 1516 4679 Tiburensem
1539 4628 1640 4678 aut
1661 4623 2063 4693 Tiburtinum,

2173 3463 2282 3518 sio.
2308 3467 2375 3517 Et
2405 3479 2547 3518 sane
2574 3480 2687 3519 non
2712 3462 2960 3535 publica
2983 3463 3156 3518 modo
3176 3463 3337 3519 fuere
3362 3480 3375 3519 :
3398 3480 3602 3519 verum
3623 3463 3824 3534 etiam,

2176 3555 2240 3607 ut
2268 3567 2336 3606 ex
2367 3552 2631 3607 ordiendi
2661 3552 2884 3608 ratione
2904 3552 3311 3624 conspicuum,
3335 3551 3581 3609 diversis
3605 3556 3828 3625 tempo-

2174 3640 2359 3707 ribus,
2395 3644 2460 3696 ut
2489 3656 2582 3696 res
2612 3647 2669 3696 et
2699 3658 2845 3697 usus
2878 3641 3235 3713 postulabat,
3281 3642 3574 3698 adornata:
3602 3663 3617 3715 ς
3648 3642 3731 3699 ita
3760 3644 3828 3698 ut

2175 3729 2360 3785 altera
2371 3729 2614 3786 alterius
2628 3730 2854 3786 occasio
2877 3730 3070 3786 fuerit.

2246 3819 2382 3891 Pag.
2446 3819 2572 3874 632.
2632 3819 2714 3874 Ex
2765 3836 2882 3890 quo
2937 3822 3166 3876 Antonii
3220 3822 3347 3878 Vita
3393 3820 3551 3877 edita
3601 3820 3736 3890 luit,
3766 3820 3828 3875 in

2175 3908 2405 3964 codices
2434 3908 2670 3964 Latinos
2700 3907 2892 3964 varios
2950 3908 3150 3976 incidi,
3198 3908 3258 3964 in
3315 3910 3535 3981 quibus
3590 3908 3828 3982 legitur,

2171 4014 2284 4053 non
2308 3997 2606 4069 paululum
2639 3999 2897 4069 temporis
2926 4014 3053 4053 cum
3079 4013 3140 4055 eo
3168 3999 3292 4069 feci.
3329 3999 3457 4054 llaec
3488 4015 3659 4071 porro
3690 3999 3831 4055 Eva-

2172 4085 2285 4160 grii
2314 4086 2503 4142 versio
2532 4086 2770 4143 tametsi
2802 4085 2986 4143 libera
3032 4087 3379 4157 admodum,
3423 4091 3480 4143 et
3510 4088 3835 4144 sententias

2175 4177 2349 4232 modo
2401 4180 2647 4242 resecat,
2707 4177 2882 4232 modo
2940 4177 3213 4250 adauget,
3244 4176 3354 4233 hoc
3400 4177 3459 4231 in
3513 4175 3641 4233 loco
3698 4175 3839 4230 κατὰ

2172 4262 2319 4319 πόδα
2376 4269 2767 4321 consectatur.
2829 4264 2992 4321 Unde
3051 4266 3241 4338 magis
3296 4266 3607 4340 magisque
3646 4266 3835 4323 adau-

2172 4359 2343 4429 getur
2372 4353 2608 4410 animus
2640 4353 2805 4422 mihi,
2867 4358 2932 4411 ut
2969 4370 3100 4411 eam
3148 4354 3459 4412 lectionem
3482 4372 3836 4429 germanam

2174 4444 2528 4501 existimem.

2247 4536 2302 4588 8.
2336 4532 2402 4589 In
2446 4534 2657 4591 Manilo
2715 4532 2789 4588 ad
2825 4534 3007 4589 Vitam
3061 4534 3296 4589 Antonii
3351 4533 3663 4591 omisimus
3695 4552 3840 4607 pras-

2176 4622 2403 4678 clarum
2436 4621 2759 4677 Justiniani
2814 4620 3189 4694 imperatoris
3249 4621 3446 4679 locum
3491 4641 3561 4679 ex
3588 4627 3842 4679 tractatu

416 4728 536 4769 non
559 4711 961 4768 Trevirensem
985 4712 1330 4780 antistitem,
1370 4712 1465 4766 vix
1492 4716 1582 4767 est
1619 4713 1774 4783 quod
1799 4711 2065 4783 ambiga-
2103 4726 2150 4790 D
2183 4713 2448 4769 adversus
2478 4712 2734 4780 Origenis
2774 4727 3009 4779 errores,
3069 4711 3170 4782 qui
3231 4711 3317 4767 sic
3375 4711 3587 4768 habet:
3621 4706 3845 4766 Εἶπεδὲ

418 4816 576 4856 mus.
607 4800 756 4857 Nam
789 4816 996 4858 omnes
1050 4800 1436 4873 manuscripti
1492 4804 1550 4856 et
1605 4800 1767 4867 editi,
1808 4800 1918 4856 hoc
1950 4800 2103 4857 loco'

419 4880 660 4961 Τιϐἑρων
692 4889 930 4945 habent.
977 4890 1147 4962 Apud
1209 4889 1488 4946 Photium
1521 4894 1718 4945 autem
1749 4906 1818 4946 ex
1846 4891 2076 4962 Eulogio

422 4974 463 5033 ι.
506 4992 749 5046 CLxxxn,
773 4977 1082 5051 episcopus
1101 4978 1463 5047 Tiburensis,
1482 4983 1584 5036 aut
1602 4979 1968 5048 Tiburtinus,
1994 4980 2078 5036 sic

423 5069 667 5121 vocatur
722 5065 1085 5139 Ἀγαμέμνων
1140 5064 1436 5128 ἐπίσκοπος
1494 5061 1765 5141 Τιϐέρεως
1798 5086 1811 5125 :
1844 5074 1901 5124 et
1927 5069 2078 5124 veri-

426 5154 685 5213 similius
706 5159 796 5211 est
814 5155 1192 5211 Tiburtinum
1214 5156 1472 5211 vicinum
1496 5159 1691 5212 Romae
1714 5157 2078 5229 episcopum,

428 5260 605 5317 quam
639 5244 1043 5300 Trevirensem
1100 5248 1264 5300 tanto
1315 5245 1545 5301 itineris
1584 5246 1772 5317 spatio
1806 5246 2079 5302 dissitum

425 5332 654 5390 litteras
704 5332 846 5389 Julii
901 5332 1218 5389 Athanasio
1276 5334 1528 5390 misisse.
1573 5334 1852 5391 Paulinus
1882 5341 2079 5391 autem

425 5422 788 5479 Trevirensis
844 5440 998 5479 anno
1028 5424 1153 5491 349,
1214 5440 1329 5496 quo
1382 5424 1531 5479 datae
1559 5430 1844 5496 putantur
1872 5424 2078 5481 litterae

2184 4800 2274 4855 καὶ
2332 4800 2360 4853 ὁ
2420 4798 2470 4853 ἐν
2531 4798 2710 4873 ἁγίοις
2772 4799 3088 4861 ἈΟανάσιος
3157 4797 3453 4862 ἐπίσκοπος
3526 4800 3617 4854 καὶ
3682 4800 3844 4862 αὐτὸς

2187 4885 2598 4965 ’Δλεξανδρείας
2666 4887 2955 4963 γενόμινος
3022 4887 3074 4943 ἐν
3128 4893 3207 4961 τῷ
3273 4886 3428 4965 λόγῳ
3474 4893 3554 4961 τῷ
3601 4889 3696 4952 Εἷς
3748 4889 3841 4945 τὸν

2194 4977 2309 5053 βίον
2380 4982 2475 5033 τοῦ
2555 4976 2822 5054 μακαρίου
2901 4976 3198 5033 Ἀντωνίου
3255 4982 3442 5033 ταῦτα·
3505 5003 3533 5031 ‹‹
3603 4983 3731 5042 Πῶς
3789 4976 3847 5034 δὲ

2189 5065 2474 5143 χλευάζειν
2525 5069 2675 5140 ἡμᾶς
2726 5064 2971 5139 τολμᾶτε
3002 5064 3269 5140 λέγοντας
3322 5067 3413 5121 τὸν
3463 5068 3691 5144 Χριστὸν
3755 5065 3848 5123 ἄν·

2190 5156 2407 5230 θρωπον
2494 5156 2903 5233 πεφανερῶσθαι
2984 5154 3123 5210 ὅπου
3189 5176 3254 5230 γε
3326 5157 3482 5229 ὑμεῖς
3516 5155 3575 5211 ἐκ
3600 5160 3699 5212 τοῦ
3754 5158 3851 5211 νοῦ

2190 5246 2288 5314 τὴν
2349 5245 2532 5321 ψυχὴν
2594 5244 2890 5320 ὁρίζοντες,
2950 5244 3179 5322 φάσκετε
3246 5243 3626 5316 πεπλανῆσθαι
3682 5245 3850 5316 αὐτὴν

2191 5334 2280 5388 καὶ
2340 5334 2680 5388 πεπτωκέναι
2744 5333 2849 5388 ἀπὸ
2904 5339 3006 5401 τῆς
3067 5330 3262 5406 ἁψῖδος
3318 5339 3414 5389 τοῦ
3473 5334 3711 5412 οὐρανοῦ
3773 5334 3852 5397 εἷς

2195 5443 2396 5497 σωμα;
2431 5425 2492 5479 Id
2526 5428 2652 5479 est:
2685 5425 2842 5479 Dixit
2874 5426 3060 5478 autem
3109 5434 3334 5481 sanctus
3364 5426 3721 5495 Athanasius,
3758 5426 3856 5497 qui

427 5504 652 5568 Ursaoii
671 5516 727 5568 et
746 5511 1009 5569 Valentis
1022 5514 1093 5568 ad
1109 5512 1141 5568 J
1148 5512 1331 5568 ulium
1350 5514 2085 5586 papam,nonduminiisse
2195 5521 2247 5569 et
2269 5515 2385 5585 ipse
2415 5514 2697 5584 epiSCOpus
2724 5512 3082 5569 Alexandriae
3141 5514 3274 5585 fuit,
3324 5518 3385 5571 in
3442 5516 3586 5572 libro
3619 5520 3695 5572 De
3720 5516 3855 5570 Vita

427 5601 834 5674 episcOpatum
863 5602 1113 5659 videtur.
1145 5603 1208 5658 In
1254 5604 1496 5659 Historia
1549 5619 1723 5675 porra
1751 5604 2087 5660 Arianorum
2198 5601 2351 5659 beati
2378 5602 2657 5657 Antonii:
2715 5622 2743 5650 «
2785 5598 2895 5665 Qui
2954 5604 3151 5657 autem
3210 5620 3317 5660 nos
3374 5603 3619 5660 irridere
3670 5604 3858 5661 aude-

500 5743 581 5891 ίῗλ
610 5742 1379 5908 ῗξιέξηὲοὲοέὲἱῗὲὃωτᾲίο.

2270 5746 2351 5891 ti)
2374 5744 2637 5876 illitis.
