4170 6386
321 449 448 509 km

1729 443 2155 510 PROLEGOM
2167 445 2343 508 ENA.

319 579 416 648 tis,
451 581 591 653 quia
619 580 872 638 dicimus
923 582 1219 639 Christum
1269 580 1567 638 hominem
1625 582 1966 652 apparuisse
1995 581 2050 648 Α
2083 581 2355 638 Ludovici
2389 580 2607 655 Magni,
2629 579 2892 654 aliosque
2914 579 3140 654 passim
3161 581 3516 635 memoratos
3542 576 3724 635 inHo-

319 671 556 742 quando
585 688 686 726 vos
744 689 814 728 ex
870 675 1064 728 mente
1132 672 1390 726 animam
1446 688 1574 726 esse
1629 671 1972 726 deﬁnientes

321 759 520 832 dicitis
559 776 687 816 eam
744 777 994 828 errasse,
1050 765 1108 816 et
1161 777 1228 816 ex
1257 760 1386 817 ccin
1422 760 1638 816 fornice
1668 760 1729 815 in
1761 777 1972 833 corpus

324 846 630 918 delapsam
663 863 790 904 esse
807 848 836 902 ‘I
856 870 883 898 ››

395 981 450 1034 9.
484 983 827 1052 Quanquam
863 999 954 1038 res
985 987 1074 1038 est
1097 984 1343 1038 fortasse
1364 983 1521 1054 parvi
1566 982 1869 1047 momenti,
1902 998 1974 1037 ne

328 1069 526 1141 pigeat
548 1069 640 1124 hic
661 1070 961 1137 adnotare,
984 1087 1184 1126 vocem
1208 1065 1371 1124 Δαϐὶδ
1396 1073 1476 1126 ita
1496 1089 1629 1126 cum
1669 1073 1698 1145 β
1729 1071 1785 1125 in
1809 1071 1974 1142 prius

324 1157 494 1212 editis
517 1158 893 1230 haberi,quos
913 1159 1088 1214 etiam
1112 1160 1294 1214 secuti
1320 1177 1548 1216 sumus.
1572 1161 1786 1215 Verum
1811 1176 1974 1214 com-

324 1246 587 1317 perimus
616 1247 824 1303 exinde
857 1243 1018 1300 Δαυῗδ
1050 1248 1226 1320 vulgo
1257 1264 1292 1303 a
1319 1249 1532 1304 Graecis
1563 1249 1741 1304 scribi
1775 1265 1788 1303 :
1816 1247 1972 1319 quod

327 1340 520 1390 tamen
552 1353 683 1391 raro
716 1337 1102 1392 animadverti
1135 1342 1345 1408 potest,
1381 1339 1519 1410 quia
1549 1355 1781 1410 semper
1802 1337 1860 1393 in
1883 1353 1975 1392 co-

325 1422 555 1479 dicibus
587 1420 692 1477 Δᾶδ
725 1424 1026 1480 brevitatis
1056 1443 1236 1482 causa
1266 1427 1565 1483 scribitur.
1601 1426 1789 1482 Semel
1823 1433 1975 1479 Δαυΐ-

322 1514 514 1578 τικῶς,
544 1513 822 1580 οαυίιίἰεσ,
856 1514 1143 1585 scriptum
1203 1516 1547 1587 reperimus.
1591 1517 1660 1571 Et
1691 1517 1746 1570 in
1780 1515 1976 1571 codice

324 1600 504 1673 Regio
531 1602 658 1668 221,
691 1602 791 1657 ubi
842 1603 1024 1658 minio
1086 1603 1202 1658 vita
1256 1604 1491 1660 Davidis
1549 1604 1886 1678 depingitur
1914 1604 1974 1658 in

325 1689 562 1746 tabellis
586 1691 696 1746 sub
729 1691 964 1748 initium
996 1693 1314 1766 adornatis,
1350 1689 1514 1748 Δαυῖδ
1541 1711 1774 1767 semper
1789 1709 1922 1750 cum
1945 1713 1975 1746 υ

325 1779 625 1836 scribitur.

401 1912 488 1968 10.
523 1913 730 1970 Restat
759 1918 825 1970 ut
854 1915 1081 1971 erudito
1130 1915 1353 1986 lectori,
1387 1933 1640 1989 quorum
1672 1917 1972 1975 codicibus

326 2005 386 2057 et
413 2019 591 2075 opera
619 2004 710 2059 usi
741 2003 931 2060 simus
963 2005 1386 2077 signiﬁcemus,
1420 2011 1478 2062 et
1522 2007 1580 2061 in
1611 2008 1762 2078 grati
1795 2007 1978 2062 animi

327 2092 700 2162 obsequium,
734 2092 875 2164 quid
895 2097 950 2149 et
971 2099 1255 2165 quantum
1279 2095 1456 2150 ofﬁcii
1485 2112 1518 2150 a
1539 2095 1790 2168 singulis
1818 2112 1978 2150 acce-

328 2180 591 2251 perimus
621 2180 894 2236 litteratis
926 2182 1202 2238 omnibus
1235 2183 1335 2254 qui
1369 2183 1428 2237 in
1461 2189 1686 2256 partem
1712 2183 1976 2240 beneﬁcii

325 2267 585 2336 veniunt,
621 2268 815 2341 palam
849 2271 1156 2326 faciamus.
1190 2271 1358 2326 Praeit
1386 2278 1580 2328 autem
1615 2273 1721 2328 hoc
1752 2273 1809 2327 in
1842 2289 1978 2328 mu-

328 2373 466 2414 nere
497 2357 848 2415 bibliotheca
903 2359 1004 2415 illa
1033 2377 1163 2415 vere
1223 2361 1401 2433 Regia
1458 2362 1732 2417 Ludovici
1764 2361 1975 2434 Magni,

329 2446 594 2503 omnium
627 2464 728 2518 per
757 2450 957 2504 orbem
979 2449 1372 2521 amplissima,
1400 2449 1552 2506 unde
1575 2451 1644 2505 ad
1670 2450 1976 2507 arbitrium

330 2536 500 2593 ncbis
531 2536 762 2593 codices
791 2537 984 2592 omnis
1012 2538 1242 2609 generis
1298 2539 1654 2611 suppeditati
1699 2545 1839 2594 sunt
1867 2539 1977 2594 hu-

330 2625 610 2680 manitate
641 2625 780 2681 clar.
814 2626 919 2681 viri
979 2626 1208 2682 abbatis
1253 2628 1332 2682 De
1363 2628 1630 2695 Louvois,
1664 2628 1980 2684 bibliothe-

331 2714 471 2769 carii
504 2714 670 2786 regii,
704 2716 874 2785 cujus
904 2715 1184 2787 prolixam
1222 2717 1280 2771 in
1315 2734 1421 2772 nos
1450 2717 1806 2773 voluntatem
1841 2718 1978 2772 etin

333 2804 596 2859 fovendis
625 2803 838 2858 studiis
873 2805 1090 2861 nostris
1121 2807 1488 2877 propositum
1521 2806 1740 2878 passim
1762 2806 1981 2878 experti

335 2909 564 2948 sumus.
600 2893 806 2949 Ofﬁcia
835 2894 972 2949 item
1026 2896 1196 2950 nobis
1226 2896 1493 2950 certatim
1549 2896 1980 2967 impenderunt,

331 2983 434 3054 qui
468 2983 793 3037 secundum
825 2982 993 3038 illum
1025 3001 1152 3039 eam
1194 2984 1608 3040 bibliothecam
1647 2990 1856 3040 curant
1875 2985 1982 3039 viri

329 3069 716 3128 eruditissimi
747 3072 1104 3128 Clementius
1134 3078 1191 3129 et
1218 3074 1540 3142 Boivinius,
1575 3078 1696 3129 toto
1728 3075 1865 3130 orbe
1895 3073 1984 3128 lit-

329 3160 542 3216 terario
575 3161 889 3218 notissimi.
941 3163 1105 3218 Haud
1161 3163 1418 3219 minores
1473 3163 1753 3235 suppetiae
1785 3180 1980 3220 acces-

331 3266 459 3306 sere
490 3266 559 3306 ex
589 3250 942 3307 bibliotheca
975 3253 1178 3308 faustae
1201 3253 1495 3308 memoria
1516 3253 1624 3307 Vili
1651 3251 1789 3308 clar.
1810 3257 1981 3309 Joan-

330 3339 423 3395 nis
454 3340 618 3412 Bapt.
653 3339 924 3410 Colberti,
959 3341 1102 3413 regii
1143 3342 1420 3406 ministri,
1471 3342 1572 3414 qui
1623 3342 1682 3397 in
1717 3359 1890 3398 usum
1923 3348 1980 3399 et
2010 3321 2052 3388 C

330 3429 709 3485 commodum
740 3429 1089 3495 litterarum,
1121 3431 1419 3504 ingentem
1469 3432 1735 3488 codicum
1765 3432 1882 3488 vim
1914 3450 1984 3489 ex

332 3517 746 3574 remotissimis
774 3524 939 3575 terrae
959 3520 1224 3590 partibus
1248 3522 1316 3576 ad
1328 3525 1547 3576 vectam
1567 3521 1977 3578 accumulavit.

334 3605 556 3661 Horum
587 3607 757 3664 nobis
788 3609 858 3663 ad
893 3614 1104 3664 nutum
1136 3609 1360 3681 copiam
1416 3611 1550 3665 fecit
1589 3610 1678 3665 vir
1705 3611 1980 3667 eruditis-

332 3694 523 3750 simus
554 3711 620 3750 ac
651 3695 854 3752 multis
885 3698 1226 3753 nominibus
1260 3698 1428 3753 nobis
1460 3699 1982 3769 conjunctissimus

331 3782 667 3854 Stephanus
697 3783 992 3854 Baluzius,
1053 3802 1229 3856 quem
1287 3787 1521 3858 ignorat
1550 3789 1721 3842 nemo
1748 3788 1848 3860 qui
1879 3787 1981 3842 lit-

329 3875 486 3926 teras
513 3872 687 3926 norit.
721 3873 824 3928 Hic
856 3890 970 3928 non
996 3873 1296 3930 codicibus
1327 3875 1524 3940 modo,
1544 3891 1745 3930 verum
1771 3881 1830 3931 et
1850 3892 1984 3931 con-

329 3959 480 4015 siliis
511 3976 743 4032 semper
775 3959 965 4016 adfuit
995 3961 1357 4033 rogantibus,
1391 3963 1579 4018 sicubi
1603 3979 1696 4018 res
1717 3963 1981 4034 postula-

329 4049 431 4104 vit.
464 4048 683 4104 Grandi
744 4049 913 4106 nobis
970 4049 1184 4105 auxilio
1232 4050 1342 4105 fuit
1371 4051 1739 4123 Seguerianzs
1772 4052 1982 4109 biblio-

327 4137 507 4193 thecae
537 4139 736 4206 codex,
797 4137 1185 4194 illustrissimi
1245 4156 1310 4194 ac
1344 4139 1694 4195 nobilissimi
1726 4141 1984 4214 episcopi

330 4226 628 4290 Metensis,
665 4227 764 4298 qui
793 4231 920 4282 tum
945 4228 1128 4283 abbas
1149 4227 1463 4284 Coislinius
1487 4229 1782 4296 audiebat,
1805 4247 1980 4303 opera

327 4318 387 4371 et
417 4314 662 4370 consilio
697 4316 864 4371 nobis
895 4315 1233 4372 concrediti.
1257 4317 1361 4373 Cui
1385 4318 1563 4373 codex
1584 4319 1786 4390 quanti
1812 4321 1982 4376 nobis

328 4420 476 4460 usus
501 4404 695 4473 fuerit,
757 4406 1014 4461 advertet
1073 4405 1291 4477 passim
1332 4407 1598 4463 eruditus
1629 4406 1826 4464 lector.
1860 4410 1981 4465 Ca3-

328 4498 485 4548 teros
502 4492 743 4565 longum
763 4499 916 4550 esset
933 4511 1414 4567 commemorare,
1433 4513 1686 4567 quorum
1703 4497 1788 4554 vel
1804 4515 1981 4571 Opera

324 4581 413 4638 vel
445 4581 743 4638 codicibus
775 4585 863 4639 usi
897 4601 1125 4651 sumus,
1160 4583 1299 4639 clar.
1333 4585 1486 4640 viros
1520 4586 1976 4660 Renaudotium,

2079 675 2221 729 niti:
2252 673 2490 729 nostris.

2155 807 2340 862 Roma
2368 805 2646 862 lectiones
2679 804 3021 878 permultas,
3057 805 3408 878 fragmenta,
3451 801 3736 876 opuscula

2081 912 2151 951 ex
2208 895 2508 951 codicibus
2559 894 2861 950 Vaticanis
2919 893 3169 966 aliisque
3217 893 3508 965 exscripta
3565 891 3736 948 nobis

2081 983 2413 1040 transmisit
2441 983 2719 1039 dominus
2749 983 3025 1038 Claudius
3055 982 3492 1055 Stephanotius,
3524 998 3734 1054 procu-

2083 1077 2240 1129 rator
2260 1071 2548 1146 generalis
2567 1073 3034 1145 congregationis
3057 1077 3292 1136 nostras,
3315 1088 3492 1144 Opera
3513 1088 3658 1126 usus
3681 1073 3738 1125 et

2084 1180 2261 1218 manu
2296 1167 2360 1218 ut
2391 1161 2710 1233 plurimum
2740 1162 2986 1217 Joannis
3041 1160 3326 1232 Guillotii,
3372 1159 3589 1218 sodalis
3619 1159 3738 1226 sui,

2084 1252 2184 1324 qui
2216 1251 2372 1306 haud
2402 1251 2485 1306 ita
2515 1251 2742 1324 pridem
2779 1251 2944 1306 obiit.
2975 1255 3038 1306 ln
3070 1251 3279 1322 Anglia
3309 1247 3739 1321 verojuvandis

2083 1340 2300 1399 studiis
2333 1341 2548 1395 nostris
2568 1340 2830 1396 intentus
2851 1355 3083 1412 semper
3104 1339 3214 1394 fuit
3230 1337 3318 1394 vir
3338 1337 3659 1411 przeclurus
3679 1340 3740 1393 et

2082 1429 2411 1484 eruditione
2441 1428 2795 1500 conspicuus
2823 1429 3079 1484 Jacobus
3119 1427 3358 1496 Millius,
3393 1424 3735 1498 principalis

2083 1517 2310 1591 collegii
2343 1519 2401 1575 S.
2433 1518 2726 1574 Edmundi
2753 1517 3122 1586 Oxoniensis,
3158 1520 3224 1572 ut
3275 1515 3452 1572 variis
3497 1515 3557 1570 in
3588 1514 3736 1570 locis

2083 1607 2391 1664 observare
2421 1606 2669 1679 quisque
2700 1607 2946 1678 poterit:
2981 1623 3087 1662 nec
3117 1604 3232 1662 non
3283 1605 3425 1678 quid
3456 1603 3735 1660 collatum

2085 1695 2256 1752 nobis
2287 1695 2464 1752 fuerit
2491 1713 2527 1751 a
2554 1694 2694 1751 clar.
2724 1695 2866 1751 viris
2896 1694 3196 1762 Grodecio,
3230 1692 3553 1750 Muratorio
3575 1691 3738 1748 aliis-

2085 1800 2220 1858 qus.

2009 1953 2058 2019 B
2158 1919 2274 1975 Nec
2302 1917 2780 1991 prmtermittendi
2827 1916 3058 1974 silentio
3087 1921 3230 1973 sunt
3283 1915 3613 1984 domestici,
3637 1914 3738 1988 qui

2088 2007 2258 2064 nobis
2288 2007 2568 2064 harumce
2596 2006 3071 2063 lucubrationum
3103 2010 3374 2062 auctores
3404 2009 3461 2062 et
3487 2021 3737 2060 consua-

2089 2113 2250 2152 sores
2279 2097 2458 2167 fuere,
2487 2113 2635 2168 quos
2667 2096 3048 2151 memorando
3077 2095 3172 2150 vix
3202 2112 3237 2149 a
3282 2093 3558 2167 lacrymis
3589 2098 3738 2148 tem-

2089 2202 2385 2258 peramus,
2419 2185 2641 2242 scilicet
2696 2185 2762 2240 D.
2822 2184 3102 2241 Claudius
3158 2183 3444 2239 Martinus
3500 2180 3528 2235 ό
3566 2201 3738 2254 μακα-

2089 2272 2246 2348 ρίτης
2278 2275 2365 2330 vir
2407 2275 2620 2347 pietate
2673 2277 2732 2330 et
2787 2273 3068 2346 religione
3127 2271 3398 2345 insignis,
3455 2270 3739 2327 litterato-

2089 2380 2219 2418 rum
2252 2363 2310 2418 in
2344 2362 2613 2419 sodalitio
2645 2366 2844 2418 nostro
2878 2367 3177 2435 patronus,
3207 2376 3382 2432 quem
3406 2360 3592 2433 patris
3613 2359 3740 2416 loco

2086 2452 2513 2508 venerabamur
2541 2467 2766 2506 omnes.
2801 2455 2856 2506 Is
2901 2467 3053 2506 anno
3105 2449 3392 2521 praeterito
3422 2448 3742 2517 caelitibus,

2090 2545 2155 2595 ut
2183 2557 2511 2612 speramus,
2573 2540 2861 2611 ascriptus
2921 2538 3064 2595 fuit:
3119 2539 3212 2594 cui
3272 2538 3429 2593 enim
3472 2537 3587 2593 nisi
3615 2541 3737 2593 tam

2089 2629 2290 2701 probo,
2324 2632 2446 2684 tam
2480 2627 2596 2701 pio,
2658 2644 2786 2684 sors
2843 2626 2944 2681 illa
2998 2626 3346 2682 obvenerit?
3376 2626 3639 2698 Itemque
3668 2626 3737 2682 D.

2089 2717 2376 2773 Antonius
2407 2717 2665 2782 Durban,
2699 2715 3105 2771 coanobiarcha
3153 2719 3372 2782 noster,
3403 2715 3743 2788 nuperrime

2091 2806 2383 2874 sublatus,
2416 2806 2504 2860 vir
2533 2804 2708 2878 frugi,
2766 2805 3006 2877 probus,
3049 2803 3320 2860 litteratis
3350 2808 3740 2876 opportunus,

2091 2895 2335 2967 integris
2366 2894 2631 2950 maribus
2660 2902 2720 2949 ut
2775 2896 2962 2965 prisca
3009 2909 3139 2964 gens
3169 2893 3510 2948 mortalium.
3563 2893 3744 2963 Cujus

2091 2985 2253 3040 obitu
2284 2984 2377 3039 vix
2406 2983 2834 3039 consolabilum
2867 2981 3063 3037 animo
3093 2981 3354 3037 dolorem
3377 2995 3741 3053 caperemus,

2092 3073 2206 3128 nisi
2238 3072 2339 3144 qui
2373 3089 2590 3128 munus
2619 3071 2860 3143 excepit,
2894 3070 3019 3144 pari
3049 3069 3268 3138 animo,
3311 3068 3519 3142 aequali
3549 3068 3744 3126 studio

2090 3165 2149 3217 et
2177 3179 2354 3235 opera
2381 3161 2459 3217 rei
2491 3160 2784 3217 litterariae
2829 3160 3314 3233 patrocinaretur.

2160 3295 2425 3368 Ingemui
2457 3294 2717 3350 ablatum
2742 3292 2888 3348 mihi
2918 3296 3305 3366 symmystam
3329 3307 3528 3347 meum
3551 3291 3618 3348 D.
3642 3293 3739 3348 Ja-

2089 3386 2300 3441 cobum
2335 3384 2686 3457 L0ppinum,
2720 3383 2959 3455 quicum
2989 3381 3157 3437 initio
3186 3380 3434 3452 hujusce
3463 3381 3740 3438 editionis

2091 3475 2378 3530 dabamus
2433 3490 2640 3546 operas
2697 3476 2956 3528 mutuas.
2991 3471 3066 3536 ls,
3105 3470 3344 3526 vixdum
3377 3471 3449 3526 ad
3482 3471 3736 3551 mediam

2090 3564 2262 3636 primi
2297 3563 2439 3619 tomi
2471 3566 2694 3634 partem
2725 3562 3168 3620 deveneramus.
3203 3575 3340 3614 cum
3388 3564 3742 3631 praematura

2092 3656 2278 3708 morte
2299 3652 2596 3723 abreptus,
2621 3650 2766 3705 mihi
2792 3666 3028 3704 summo
3051 3648 3235 3703 dolori
3259 3648 3390 3714 fuit,
3437 3647 3524 3702 vir
3541 3649 3742 3706 Latine

2090 3745 2147 3798 et
2172 3744 2366 3795 Grzece
2398 3739 2598 3811 probe,
2629 3737 2910 3793 Hebraice
2945 3734 3182 3810 μετρίως
3211 3735 3499 3802 eruditus,
3533 3737 3591 3790 in
3619 3736 3743 3808 phi-

2093 3827 2412 3900 losophicis
2441 3825 2706 3898 apprime
2735 3829 3003 3882 versatus
3029 3841 3042 3880 :
3075 3823 3352 3879 comitate
3373 3827 3432 3879 et
3456 3823 3747 3880 modestia

2085 3917 2390 3990 jucundus
2420 3914 2743 3970 sodalibus.
2778 3913 2908 3969 Haec
2937 3913 3009 3969 de
3039 3911 3258 3968 nostris
3287 3915 3473 3968 morte
3494 3911 3745 3969 sublatis

2093 4005 2340 4063 dicenda
2371 4003 2540 4061 nobis
2571 4007 2756 4071 erant,

2483 4135 2553 4200 Τὸ
2579 4146 2683 4222 γὰρ
2716 4145 2882 4222 γέρας
2914 4143 3026 4199 ἐστὶ
3056 4143 3346 4199 θανόντων.

2087 4319 2217 4375 Jam
2240 4317 2310 4373 de
2334 4315 2677 4373 Commelini
2700 4313 3194 4387 Felckmannique
3214 4312 3582 4382 lectionibus,
3607 4329 3740 4368 nec-

2089 4425 2206 4464 non
2240 4409 2311 4463 de
2337 4405 2638 4463 codicibus
2693 4405 2911 4477 quibus
2969 4403 3061 4460 usi
3116 4420 3326 4460 sumus
3382 4404 3488 4460 hac
3526 4404 3585 4459 in
3619 4401 3741 4458 edi-

2087 4498 2262 4566 tione,
2295 4495 2588 4568 agendum
2622 4494 2790 4551 nol-is
2821 4498 2928 4549 est.
2964 4496 3042 4549 Ac
3074 4492 3332 4565 primum
3362 4492 3563 4549 lectori
3583 4491 3742 4547 Nan-

2090 4587 2196 4655 nii,
2227 4584 2571 4643 Commelini
2628 4588 2687 4640 et
2742 4582 3117 4640 Felckmanni
3176 4582 3286 4639 hac
3343 4579 3738 4638 dereMonita

325 4670 706 4741 Toinardum,
733 4673 1201 4743 Desmarexium,
1221 4674 1337 4730 RR.
1359 4675 1468 4730 PP.
1488 4674 1744 4733 Jesuitas
1760 4675 1989 4751 collegii
2019 4690 2066 4755 Ι)
2097 4675 2481 4748 subjicienda.

855 4934 1335 4996 EXCERPTUM
1387 4935 1491 4995 EX
1533 4937 2060 4999 PREFATIONE
2103 4937 2338 4998 PETRI
2382 4935 2652 4995 NANNII
2696 4933 3209 4994 ALCMARIANI.

391 5149 546 5204 Usus
576 5152 770 5203 autem
805 5165 937 5204 sum
991 5147 1182 5204 tribus
1232 5147 1688 5220 exemplaribus,
1723 5167 1975 5222 quorum

322 5237 581 5308 primum
611 5236 858 5291 cmnobii
893 5237 1339 5292 Prasdicatorum
1393 5237 1806 5293 Basiliensium
1845 5239 1974 5304 fuit,

319 5326 462 5381 adeo
496 5329 812 5391 vetustum,
852 5330 916 5380 ut
945 5325 1152 5381 litterae
1185 5326 1388 5381 multis
1420 5325 1478 5380 in
1518 5326 1661 5381 locis
1691 5327 1977 5384 exolesce-

322 5417 471 5483 rent,
506 5430 621 5484 quo
654 5413 971 5484 plurimum
1006 5433 1150 5471 usus
1182 5420 1272 5470 est
1300 5415 1554 5470 Joannes
1591 5415 1973 5472 Iteuchlinus.

321 5502 660 5557 Secundum
696 5501 1039 5558 fuitJustini
1071 5505 1322 5569 Goblcri,
1348 5504 1503 5574 juris
1538 5505 1745 5575 peritia
1766 5510 1822 5560 et
1850 5524 1976 5561 cru-

321 5591 542 5646 ditione
599 5590 959 5662 linguarum,
1021 5598 1076 5648 et
1117 5593 1474 5665 quibusdam
1510 5593 1976 5650 Demosthenicis

321 5680 508 5735 versis
533 5678 845 5735 clarissimi
881 5681 1152 5748 nominis,
1186 5681 1243 5736 id
1278 5699 1511 5753 quoque
1534 5681 1712 5737 nullis
1745 5682 1976 5739 mendis

317 5767 614 5840 vitiatum,
646 5768 749 5826 sed
803 5769 1024 5828 notulis
1083 5771 1412 5844 formisque
1469 5770 1975 5832 abbreviationum

2089 5167 2383 5223 nusquam
2415 5147 2553 5204 alibi
2585 5146 2747 5214 visis,
2780 5146 2862 5202 ita
2891 5145 3152 5214 difﬁcile,
3188 5151 3252 5202 ut
3282 5148 3480 5219 potius
3511 5163 3579 5202 ex
3609 5163 3742 5202 sen-

2084 5239 2286 5296 tentiis
2315 5240 2508 5309 verba,
2544 5252 2722 5308 quam
2755 5253 2824 5291 ex
2845 5235 3035 5291 verbis
3061 5236 3382 5292 sententias
3406 5235 3740 5292 divinarim.

2083 5323 3742 5398 ’l‘ertiumJoannisChristophorsoni,Angli,eruditissimi

2084 5424 2142 5476 et
2171 5416 2533 5490 integerrimi
2567 5415 2695 5483 viri,
2747 5415 3084 5487 graviorum
3143 5419 3450 5470 auctorum
3482 5414 3742 5470 transla-

2086 5508 2243 5562 tione
2273 5505 2564 5576 insignis;
2600 5503 2656 5557 id
2691 5501 2868 5558 simul
2899 5508 2956 5558 et
2982 5503 3358 5559 emendatum
3392 5507 3448 5557 ct
3477 5502 3630 5558 lectu
3665 5504 3742 5558 fa-

2085 5596 2192 5652 cile
2223 5600 2280 5652 et
2311 5594 2500 5650 verbis
2532 5594 2602 5648 ad
2632 5591 2872 5664 plenum
2909 5591 3166 5664 scriptis,
3203 5608 3317 5645 non
3353 5591 3433 5647 ita
3463 5591 3744 5663 interpre-

2083 5690 2202 5742 tem
2226 5682 2651 5740 remorabatur.
2676 5671 2745 5734 Hi
2771 5685 2890 5736 tres
2911 5679 3227 5736 clarissimi
3274 5679 3382 5735 viri
3423 5679 3496 5736 ad
3521 5679 3742 5737 multos

2084 5791 2271 5834 annos
2310 5771 2457 5831 mihi
2486 5787 2597 5830 sua
2623 5768 2981 5843 exemplaria
3012 5767 3443 5844 patientissime
3471 5784 3737 5828 commo-
