4170 6404
1294 412 1864 484 PREFATIONES
1906 414 2305 481 EDITIONIS
2349 412 2923 482 BENEDICTINE.

3661 426 3812 480 XLIII

399 544 705 621 daverunt,
738 568 991 627 quorum
1020 552 1443 629 benignitatem
1464 552 1696 610 silentio
1718 550 1862 607 mihi
1897 567 2043 623 prae-
2073 555 2129 623 Α
2156 554 2214 606 et
2270 551 2614 624 Episcopius
2674 549 3087 625 chalcographi
3135 548 3576 619 humanissimi,
3632 551 3814 607 unde-

399 641 841 699 termittendam
876 661 991 700 non
1024 644 1241 717 putavi.
1304 644 1547 699 Exstant
1602 646 1659 698 et
1713 640 1827 697 alia
1880 639 2056 712 vulgo
2166 656 2398 712 cunque
2428 641 2762 713 conquisita
2790 642 2849 697 in
2882 645 3159 714 quartum
3190 645 3421 698 tomum
3501 655 3811 713 congesse-

404 729 709 788 Athanasii
742 734 927 789 nostri
959 749 1173 789 nomen
1206 750 1322 805 prae
1354 749 1415 787 se
1444 731 1708 800 ferentia,
1738 747 1771 785 a
1808 728 2056 784 diversis
2166 735 2326 797 runt,
2360 746 2432 785 ne
2454 731 2593 801 quid
2623 731 2941 788 Athanasio
2970 732 3295 803 ascriptum
3327 731 3464 786 huic
3496 729 3656 802 operi
3714 730 3813 785 de-

396 817 818 894 interpretibus
848 822 908 879 in
945 822 1222 879 Latinum
1254 822 1545 889 traducta,
1579 836 1706 891 quae
1739 817 2055 874 Frobenius
2166 822 2343 874 esset.
2376 818 2629 876 Labores
2662 820 2841 893 igitur
2870 824 3101 878 nostros
3129 820 3239 878 tibi
3259 819 3511 892 debitos,
3542 823 3652 877 etc.

1070 1074 1442 1131 ΡΗᾸΞΕΑΤΙΟ
1478 1073 1572 1130 AD
1611 1070 1996 1128 LECTOREM
2034 1069 2054 1125 l

2156 1069 2492 1127 EDITIONE
2533 1071 3103 1132 COMMELINIANA.

468 1306 543 1364 Ut
562 1307 739 1376 scias,
788 1308 1012 1377 Lector,
1048 1307 1190 1379 quid
1220 1306 1282 1363 in
1303 1306 1411 1362 hac
1430 1304 1739 1361 Athanasii
1797 1302 2051 1360 editione

397 1397 731 1470 praestitum
755 1397 835 1453 sit
860 1413 873 1452 :

464 1486 760 1559 Principio
790 1489 1055 1541 Graecum
1085 1489 1311 1541 textum
1342 1489 1516 1542 antea
1571 1500 1881 1556 nunquam
1931 1481 2050 1539 edi-

398 1578 528 1632 tum
558 1576 630 1631 de
657 1574 826 1631 libris
858 1574 1277 1647 manuscriptis
1300 1575 1426 1646 jam
1457 1574 1716 1648 primum
1775 1589 1882 1628 nos
1932 1570 2049 1628 edi-

396 1663 616 1721 dimus.
646 1665 718 1720 Et
734 1664 973 1737 quidem
1005 1663 1090 1719 sic
1119 1663 1414 1719 edidimus
1435 1667 1499 1720 ut
1519 1678 1813 1736 perpauca
1830 1660 2043 1729 desint,

395 1770 524 1825 quae
553 1754 816 1809 nondum
849 1753 1103 1824 reperire
1131 1752 1315 1809 licuit.
1332 1754 1444 1810 Sed
1476 1770 1602 1825 quas
1633 1756 1687 1809 et
1718 1752 1850 1824 ipsa
1878 1768 2045 1823 sepa-

392 1842 537 1900 ratis
566 1841 813 1916 pagellis
842 1841 1078 1911 edituri,
1108 1845 1166 1898 et
1188 1842 1261 1899 ad
1309 1841 1605 1914 reliquum
1655 1858 1805 1914 opus
1832 1841 2045 1913 adjun-

2160 1302 2345 1375 4319),
2376 1307 2443 1359 ut
2462 1304 2586 1360 haec
2606 1304 2797 1376 ipsius
2819 1304 3120 1377 scriptoris
3142 1307 3318 1362 verba
3346 1304 3405 1362 in
3439 1305 3554 1362 ﬁne
3593 1304 3809 1363 codicis

2160 1391 2477 1449 indicant:
2528 1393 2680 1467 Χειρὶ
2757 1391 3073 1469 ἁμαρτωλῷ
3148 1394 3413 1468 Ῥωμανῷ
3489 1393 3808 1469 ἀναγνώστῃ

2160 1475 2310 1543 ἔτους
2360 1483 2552 1555 sumi)"
2604 1483 2729 1539 Fuit
2783 1485 2835 1540 is
2883 1484 3023 1540 olim
3068 1485 3287 1541 Justini
3334 1484 3565 1541 Gobleri
3599 1502 3611 1540 :
3648 1501 3807 1540 nunc

2159 1572 2329 1643 cujus
2361 1572 2439 1629 sit
2457 1574 2721 1629 nondum
2752 1573 3118 1645 exploratum
3150 1574 3459 1643 habemus,
3484 1590 3618 1630 cum
3652 1573 3808 1630 inter

2157 1677 2250 1716 res
2281 1661 2515 1717 Hieron.
2548 1661 2899 1719 Commelini
2929 1666 3197 1736 repertus
3224 1663 3305 1719 sit
3360 1663 3521 1720 nullo
3578 1678 3812 1735 posses-

2156 1748 2306 1806 soris
2337 1752 2574 1808 nomine
2605 1752 2851 1824 adjecto.
2884 1751 3170 1808 Caeterum
3218 1768 3349 1809 vere
3405 1754 3477 1809 de
3507 1753 3616 1810 hoc
3669 1751 3811 1808 scri-

2154 1838 2291 1895 bere
2320 1840 2510 1913 potuit
2538 1841 2805 1898 Nannius
2836 1841 2959 1914 (qui
3017 1848 3084 1897 eo
3117 1845 3184 1897 ut
3232 1845 3286 1897 et
3345 1840 3809 1914 praecedentibus

392 1930 544 1989 cturi
574 1948 805 2003 sumus,
839 1931 889 1987 si
921 1930 1157 2003 quando
1190 1930 1349 1987 nacti
1401 1930 1709 1999 fuerimus,
1760 1930 1832 1986 ad
1866 1946 2044 2001 quam
2075 1951 2124 2015 B
2156 1930 2390 1986 duobus
2417 1947 2562 1987 usus
2592 1932 2722 2003 est),
2755 1947 2891 1987 eum
2923 1931 3143 1987 notulis
3160 1931 3483 2003 formisque
3504 1931 3810 1987 abbrevia-

391 2037 516 2077 rem
546 2025 613 2077 ut
641 2020 811 2077 nobis
843 2020 1185 2091 adjumento
1217 2019 1337 2076 sint
1366 2019 1466 2092 qui
1497 2024 1766 2092 possunt,
1826 2019 2045 2092 publici

390 2110 685 2167 commodi
743 2127 943 2180 causa,
989 2109 1366 2166 vehementer
1421 2109 1596 2165 etiam
1639 2113 1817 2180 atque
1869 2109 2045 2164 etiam

389 2216 691 2273 rogamus.
726 2200 945 2255 Deinde
978 2199 1240 2255 Latinam
1292 2199 1623 2254 versionem
1653 2199 1890 2267 Nannii,
1918 2198 2044 2254 ubi-

391 2305 625 2362 cunque
653 2305 783 2345 eam
818 2288 1140 2344 habuimus
1174 2288 1465 2361 integram
1496 2292 1554 2343 et
1583 2288 1748 2344 nullo
1802 2306 2044 2361 prorsus

390 2377 556 2451 apice
612 2382 903 2433 mutatam
945 2378 1142 2434 Graeco
1173 2376 1525 2433 contextuie
1583 2378 1823 2450 regione
1878 2378 2042 2433 addi-

391 2467 618 2535 dimus,
652 2470 718 2522 ut
746 2467 818 2522 de
851 2467 981 2538 ejus
1012 2465 1345 2537 integritate
1375 2465 1673 2538 integrum
1705 2466 1914 2539 cuique
1961 2466 2041 2523 le-

391 2554 538 2611 ctori
553 2555 850 2626 judicium
882 2555 1665 2625 relinqueretur.Hahuimus
1694 2560 1890 2613 autem
1917 2573 2042 2612 ver-

386 2645 613 2701 sionem
646 2644 861 2700 Nannii
893 2648 1016 2700 toto
1046 2648 1205 2700 tomo
1238 2646 1450 2717 primo,
1483 2644 1685 2717 paucis
1714 2645 1885 2702 lineis
1935 2648 2043 2701 716

384 2739 444 2791 et
470 2736 575 2789 828
595 2734 871 2807 exceptis,
904 2752 1053 2806 quas
1084 2733 1202 2806 ille,
1238 2735 1536 2791 nescimus
1594 2753 1711 2809 qua
1756 2736 1827 2791 de
1862 2752 2042 2792 causa

388 2841 504 2880 non
538 2827 923 2879 converterat.
956 2824 1135 2879 Tomo
1173 2840 1307 2879 vero
1355 2825 1635 2894 secundo,
1686 2824 1783 2879 ubi
1825 2825 2039 2880 Nannii

384 2913 578 2970 versio
599 2912 771 2985 plane
802 2913 1034 2978 defecit,
1068 2912 1125 2968 in
1158 2914 1516 2985 quibusdam
1574 2913 1874 2987 opusculis
1934 2933 2037 2971 an-

389 3002 588 3074 tiquas
645 3002 874 3058 Erasmi
934 3001 1328 3074 Roterodami,
1407 3003 1653 3059 Joannis
1710 3003 2035 3074 Reuchlini,

382 3090 626 3147 Joannis
654 3089 923 3159 Curterii,
945 3095 1003 3146 et
1034 3089 1283 3146 aliorum
1305 3091 1610 3148 doctorum
1633 3092 1891 3148 virorum
1911 3109 2037 3148 ver-

384 3181 581 3237 siones
630 3179 986 3236 ascivimus:
1039 3179 1099 3234 in
1148 3179 1445 3251 plerisque
1506 3184 1703 3236 autem
1753 3181 2037 3237 hactenus

383 3270 651 3327 nondum
671 3269 857 3324 versis
886 3285 1066 3324 novas
1096 3267 1389 3324 versiones
1420 3268 1682 3325 studiose
1720 3269 1901 3325 factas
1930 3271 2035 3326 ad-

2157 2019 2387 2075 tionum
2428 2037 2725 2093 nusquam
2758 2020 2897 2077 alibi
2925 2020 3068 2077 visis
3098 2020 3182 2077 ita
3210 2019 3511 2077 difﬁcilem
3541 2036 3695 2089 esse,
3742 2023 3812 2077 ut

2156 2109 2354 2180 potius
2376 2126 2444 2165 ex
2472 2110 2783 2167 sententiis
2810 2111 2989 2167 verba
3018 2127 3196 2184 quam
3222 2127 3291 2167 ex
3318 2110 3512 2166 verbis
3568 2114 3807 2167 senten-

2153 2197 2246 2254 tiae
2277 2199 2608 2256 divinanda
2638 2199 2750 2273 ipsi
2784 2199 3021 2271 fuerint,
3056 2199 3373 2272 comperiet
3404 2200 3654 2272 quisque
3709 2198 3805 2255 cui

2154 2287 2204 2343 is
2237 2287 2377 2344 olim
2404 2289 2465 2343 in
2496 2305 2709 2345 manus
2736 2289 2978 2345 venerit.
3003 2289 3111 2345 Ubi
3132 2292 3330 2345 tamen
3362 2288 3565 2345 mirari
3617 2288 3801 2359 subit,

2153 2377 2293 2447 quid
2325 2378 2563 2433 tandem
2598 2395 2785 2435 causae
2816 2378 3009 2447 fuerit,
3034 2395 3138 2434 cur
3161 2378 3316 2434 hunc
3342 2377 3537 2450 potius
3562 2381 3803 2434 secutus

2152 2466 2250 2535 sit,
2285 2466 2673 2523 cumillorum
2692 2467 3004 2540 utriusque
3024 2467 3194 2524 lectio
3225 2467 3397 2539 longe
3426 2467 3506 2524 sit
3551 2466 3800 2540 facilior,

2152 2556 2605 2612 Observavimus
2637 2557 2792 2613 enim
2825 2558 2885 2613 in
2909 2556 3254 2614 lectionibus
3279 2556 3549 2613 codicum
3580 2557 3802 2614 discre-

2149 2646 2428 2717 pantibus
2459 2646 2727 2702 Latinam
2760 2647 2971 2703 Nannii
2999 2646 3327 2702 versionem
3358 2662 3493 2702 cum
3515 2646 3688 2702 istius
3710 2663 3802 2702 co-

2150 2733 2297 2789 dicis
2330 2734 2575 2791 lectione
2594 2751 2739 2807 pene
2770 2752 2874 2808 per
2903 2735 3103 2791 omnia
3132 2735 3484 2791 consentire.
3543 2735 3800 2801 Quartus

2146 2828 2313 2880 vetus
2347 2842 2464 2880 non
2498 2828 2607 2891 est,
2641 2840 2745 2881 nec
2776 2842 2809 2879 a
2838 2825 3036 2881 Graeca
3067 2842 3244 2881 manu
3279 2828 3571 2896 exaratus,
3592 2823 3801 2881 Goble-

2148 2912 2297 2969 riani
2319 2915 2542 2986 absque
2572 2914 2751 2970 dubio
2777 2914 3158 2986 descriptum,
3211 2931 3345 2970 cum
3400 2930 3515 2986 quo
3573 2914 3802 2987 (paucis

2145 3001 2290 3059 locis
2322 3008 2379 3059 et
2403 3004 2634 3060 mendis
2664 3004 3043 3077 descriptoris
3064 3003 3343 3077 exceptis)
3369 3004 3607 3077 penitus
3659 3020 3800 3060 con-

2146 3092 2344 3162 sentit,
2378 3094 2522 3148 adeo
2553 3096 2618 3147 ut
2646 3093 2888 3148 totidem
2918 3110 3153 3166 quoque
3178 3098 3236 3150 et
3262 3094 3498 3150 eosdem
3520 3093 3701 3151 libros
3733 3110 3800 3151 ac

2144 3181 2347 3237 eodem
2380 3181 2583 3237 ordine
2615 3197 2750 3236 cum
2768 3197 2834 3237 eo
2856 3182 3153 3253 depositos
3176 3182 3409 3254 habeat,
3432 3182 3642 3238 incerti
3662 3199 3797 3239 vero

2146 3268 2413 3324 dominii.
2445 3269 2694 3333 Quintus
2723 3271 2871 3325 bene
2898 3274 3187 3339 vetustus,
3220 3269 3477 3343 elegans,
3526 3272 3796 3329 obscuris

382 3357 712 3428 hibuimus,
738 3360 795 3411 et
824 3355 1028 3411 itidem
1053 3372 1257 3412 omnes
1288 3356 1484 3412 Graeco
1540 3358 1833 3417 contextui
1879 3375 1911 3414 e
1940 3375 2028 3413 re-
2064 3324 2107 3393 Ο
2144 3362 2341 3413 tamen
2374 3362 2431 3413 et
2458 3358 2824 3414 creberrimis
2845 3358 3351 3415 abbreviationum
3400 3359 3556 3416 notis
3614 3362 3791 3417 refer-

380 3447 555 3520 gione
585 3444 993 3517 opposuimus,
1025 3449 1412 3516 praeterquam
1433 3445 1493 3500 in
1512 3462 1630 3501 uno
1652 3446 1934 3519 opusculo
1958 3449 2031 3502 De

372 3537 637 3609 passione
659 3534 922 3605 imaginis
950 3535 1174 3589 Domini
1191 3536 1367 3590 nostri
1392 3536 1519 3591 Jesu
1542 3536 1765 3604 Christi,
1798 3536 1858 3590 in
1916 3553 2030 3608 quo

379 3626 581 3682 Greca
611 3622 987 3694 exemplaria:
1023 3638 1212 3694 neque
1236 3622 1389 3678 inter
1441 3640 1589 3690 sese,
1650 3640 1839 3696 neque
1896 3642 2031 3681 cum

379 3713 605 3770 Latinis
638 3712 1063 3784 congruebant,
1124 3711 1205 3767 ibi
1263 3713 1388 3768 Duo
1445 3713 1643 3768 Graeca
1700 3713 1853 3769 inter
1903 3731 2032 3771 sese

380 3801 819 3874 conjunximus,
855 3800 1128 3856 Latinum
1162 3818 1347 3856 unum
1389 3802 1848 3873 subjunximus:
1898 3805 2029 3873 rati,

380 3892 607 3966 gratius
637 3891 760 3946 fore
779 3889 1001 3957 lectori,
1034 3889 1084 3946 si
1115 3888 1273 3962 legat
1298 3888 1418 3961 illa,
1471 3890 1671 3962 qualia
1718 3892 1778 3948 in
1830 3893 2032 3949 biblio-

380 3981 568 4037 thecis
601 3979 865 4051 antiquis
897 3979 1285 4051 reperiantur,
1315 3997 1492 4052 quam
1526 3980 1724 4052 qualia
1753 3999 1787 4037 a
1833 3998 2032 4039 recen-

382 4070 542 4126 tibus
573 4068 1094 4142 interpolatoribus
1124 4069 1396 4124 adornari
1422 4074 1680 4141 possent.

455 4160 633 4215 Porro
665 4159 726 4214 in
766 4157 981 4214 Graecis
1012 4158 1369 4213 excudendis
1402 4159 1492 4215 usi
1515 4176 1723 4216 sumus
1739 4161 2034 4234 exempla-

381 4248 548 4304 ribus
580 4246 1003 4318 manuscriptis
1035 4246 1168 4318 plus
1195 4263 1375 4318 quam
1395 4246 1627 4319 viginti:
1649 4266 1901 4321 quorum
1925 4268 2033 4306 un-

381 4337 572 4394 decim
601 4337 674 4393 ad
704 4339 935 4391 tomum
968 4335 1226 4407 primum
1258 4336 1573 4408 pertinent,
1609 4338 1820 4409 reliqui
1852 4340 1923 4395 ad
1943 4355 2031 4395 se-

376 4427 660 4483 cundum.
685 4424 919 4480 Primus
949 4425 1149 4495 codex,
1173 4424 1345 4497 isque
1391 4426 1830 4483 vetustissimus
1852 4428 2033 4500 (ideo-

373 4532 489 4589 que
526 4515 681 4571 lectu
712 4513 1122 4586 perdifﬁcilis),
1154 4514 1415 4586 optimus
1446 4520 1504 4571 et
1534 4516 1635 4587 qui
1666 4516 1837 4588 plura
1894 4517 2033 4573 reli-

367 4605 504 4679 quis
535 4603 814 4661 omnibus
873 4603 1072 4671 habet,
1128 4607 1219 4659 est
1279 4604 1606 4659 Academias
1666 4605 2030 4672 Basiliensis,

2138 3449 2257 3518 tus,
2307 3446 2555 3518 ideoque
2614 3446 2946 3503 difﬁcilior:
2997 3448 3211 3504 bonam
3263 3465 3496 3522 quoque
3542 3465 3788 3523 operum

2138 3535 2445 3591 Athanasii
2504 3540 2729 3608 partem
2782 3537 3060 3604 continet,
3123 3538 3225 3593 sed
3279 3541 3336 3595 et
3382 3537 3509 3610 ipse
3579 3533 3786 3607 ἄδηλον

2141 3630 2241 3693 κτῆ
2255 3645 2345 3697 μοι.
2380 3626 2614 3697 Textus,
2639 3630 2839 3682 nostro
2862 3626 3107 3698 judicio,
3143 3627 3531 3683 centesimum
3564 3644 3787 3684 annum

2142 3732 2259 3771 non
2292 3719 2551 3787 superat,
2585 3714 2839 3787 eleganti
2858 3732 2923 3772 ac
2941 3715 3215 3788 aequabili
3244 3715 3553 3789 scriptura,
3587 3716 3788 3773 minus

2142 3807 2341 3860 tamen
2369 3808 2677 3860 accuratus
2707 3809 2765 3860 et
2792 3821 2978 3876 pauca
3006 3821 3242 3877 quoque
3298 3805 3583 3877 opuscula
3628 3822 3788 3862 com-

2142 3893 2425 3965 plectens.
2458 3893 2754 3966 Septimus
2795 3897 2853 3948 et
2910 3898 3153 3951 octavus
3209 3895 3476 3965 ejusdem
3516 3894 3725 3963 aetatis,
3756 3912 3793 3950 a

2142 3983 2372 4038 diversa
2398 3986 2597 4038 tamen
2629 3999 2807 4039 manu
2833 4000 2846 4039 :
2880 3982 2977 4039 ille
3004 3983 3191 4040 solam
3213 3983 3534 4040 oralionem
3556 3983 3790 4040 tertiam

2144 4076 2349 4129 contra
2370 4071 2612 4128 Arianos
2636 4072 3138 4145 comprehendens
3159 4073 3284 4129 :hic
3306 4076 3559 4145 quatuor
3569 4073 3793 4146 priores

2144 4165 2201 4218 et
2231 4179 2448 4235 paucas
2472 4163 2758 4234 quasdam
2777 4162 2947 4231 alias,
2972 4162 3244 4218 similiter
3264 4158 3552 4216 ἀδέσποτοι
3569 4166 3625 4219 et
3650 4162 3749 4217 isti
3774 4178 3789 4218 :

2144 4252 2647 4323 quemadmodum
2667 4251 2843 4307 etiam
2875 4268 3067 4308 nonus
3098 4256 3157 4307 et
3184 4252 3483 4308 decimus:
3515 4252 3614 4324 qui
3654 4250 3795 4323 quia

2145 4342 2464 4397 admodum
2492 4344 2754 4396 recentes
2790 4345 2948 4411 sunt,
2973 4358 3039 4396 ac
3070 4357 3173 4413 per
3202 4340 3401 4396 omnia
3423 4340 3648 4397 similes
3680 4339 3789 4397 Ba-

2144 4429 2389 4497 siliensi,
2404 4433 2460 4485 et
2481 4447 2548 4485 ex
2565 4446 2629 4485 eo
2644 4428 2918 4502 descripti
2930 4429 3615 4485 videntur.Undecimum
3629 4445 3793 4485 com-

2144 4519 2463 4575 municavit
2492 4519 2663 4575 nobis
2692 4536 2761 4575 ex
2781 4518 3135 4575 bibliotheca
3166 4518 3487 4591 Augustine
3514 4519 3604 4575 vir
3650 4517 3788 4573 clar.

2144 4608 2326 4664 David
2377 4607 2761 4663 Hoeschelius.
2822 4607 3088 4663 Continet
3144 4607 3196 4662 is
3244 4611 3452 4678 praeter
3505 4606 3794 4679 opuscula

370 4694 513 4752 olim
535 4691 767 4766 collegii
787 4692 1244 4748 Prmdicatorum
1293 4691 1463 4761 ibid.,
1525 4693 1584 4748 in
1644 4711 1756 4764 quo
1806 4700 2033 4770 praeter-
2062 4703 2111 4767 Ι)
2142 4699 2411 4772 quaedam
2444 4714 2571 4769 qua:
2602 4697 2661 4752 in
2692 4702 2835 4753 tom.
2870 4698 2917 4751 II
2942 4697 3154 4768 rejecta
3174 4699 3335 4767 sunt,
3356 4697 3794 4768 Disputationem

373 4800 554 4857 quam
587 4783 743 4856 quod
778 4782 932 4838 inter
958 4780 1152 4837 media
1172 4781 1477 4838 Athanasii
1501 4799 1677 4855 opera
1703 4802 1817 4840 non
1845 4802 2032 4857 pauca

371 4874 596 4930 inserta
625 4875 763 4928 sunt
786 4888 913 4944 qua:
945 4872 1018 4927 ad
1049 4870 1361 4927 historiam
1385 4874 1592 4944 synodi
1624 4873 1866 4929 Niccenze
1898 4892 2026 4945 per-

374 4961 586 5029 tinent,
618 4959 808 5016 multa
836 4975 1072 5032 quoque
1103 4959 1476 5016 continentur
1524 4961 1720 5033 Cyrilli
1777 4962 2026 5019 Alexan-

376 5049 551 5120 drini,
584 5048 934 5106 Theodoreti
966 5052 1023 5103 et
1050 5048 1398 5105 Damasceni
1429 5049 1738 5119 hactenus,
1759 5052 1848 5107 vel
1875 5070 2026 5108 nun-

374 5156 532 5213 qam,
563 5139 652 5195 vel
683 5142 836 5194 certe
871 5137 1068 5193 Latine
1096 5141 1328 5193 tantum
1360 5139 1534 5195 edita.
1587 5140 1891 5197 Secundus
1941 5148 2030 5199 est

373 5227 602 5301 collegii
627 5228 687 5284 S.
728 5226 1031 5283 Trinitatis
1061 5226 1122 5281 in
1171 5227 1485 5283 Academia
1533 5228 2026 5303 Cantabrigiensi,

373 5317 516 5376 olim
545 5318 613 5374 D.
646 5316 893 5374 Joannis
932 5315 1473 5388 Christophorsoni,
1532 5335 1708 5390 quem
1743 5319 1801 5374 in
1862 5320 2030 5376 Italia

375 5424 587 5481 magno
620 5405 805 5479 pretio
838 5405 979 5462 olim
1002 5410 1294 5461 coemerat
1318 5407 1439 5478 ;qui
1474 5412 1537 5463 ut
1563 5409 1919 5480 praecedente
1939 5415 2030 5466 est

376 5497 682 5567 recentior,
709 5495 790 5551 ita
821 5495 999 5551 etiam
1032 5493 1260 5550 facilior
1292 5500 1400 5564 est,
1437 5514 1501 5553 ac
1534 5496 1729 5553 minus
1787 5516 2026 5554 accura-

376 5590 495 5643 tus.
524 5586 758 5642 Tertius
787 5586 897 5641 hoc
919 5601 1035 5641 non
1069 5584 1244 5656 paulo
1274 5586 1560 5641 vetustior
1588 5591 1712 5643 est:
1773 5588 2028 5660 scriptus

379 5690 639 5746 namque
669 5678 759 5731 cst
783 5674 936 5730 circa
966 5690 1189 5730 annum
1226 5674 1432 5729 mundi
1472 5676 1638 5741 6829,
1700 5677 2025 5733 secundum

378 5768 711 5823 Graecorum
767 5762 1206 5837 chronologiam
1258 5763 1393 5835 (hoc
1453 5768 1543 5820 est
1606 5781 1758 5821 anno
1814 5765 2027 5821 Christi

2139 4787 2432 4843 Athanasii
2467 4804 2591 4842 cum
2618 4788 2749 4843 Ario
2809 4786 3011 4842 Nicaea:
3073 4785 3357 4842 habitam.
3413 4785 3792 4858 Conscriptus

2138 4892 2274 4932 vero
2304 4880 2394 4931 est
2426 4877 2497 4931 ab
2520 4876 2767 4931 Andraea
2804 4876 3099 4932 Dermario
3122 4874 3435 4947 Epidauria
3467 4874 3787 4931 annsl585.

2137 4965 2419 5021 Venetiis.
2453 4966 2522 5020 Et
2554 4966 2676 5021 haec
2717 4964 2955 5038 quidem
2983 4966 3054 5020 de
3103 4963 3423 5033 codicibus,
3470 4963 3688 5036 quibus
3729 4965 3790 5019 in

2138 5053 2329 5127 primo
2363 5058 2523 5109 tomo
2556 5054 2651 5109 usi
2686 5071 2918 5110 sumus.
2953 5058 3099 5108 Nam
3135 5054 3205 5109 ad
3238 5052 3562 5109 secundum
3621 5052 3791 5109 ador-

2137 5143 2399 5198 nandum
2433 5158 2581 5216 pene
2612 5143 2755 5200 solis
2774 5143 3077 5199 codicibus
3106 5140 3377 5198 biblioth.
3402 5139 3791 5213 Palat,adjuti

2137 5248 2369 5299 sumus,
2401 5239 2637 5305 excepto
2668 5250 2787 5288 uno
2816 5236 2991 5304 atque
3026 5230 3228 5299 altero,
3249 5229 3350 5303 qui
3381 5245 3450 5285 ex
3484 5228 3672 5285 Gallia
3717 5230 3789 5286 ad

2137 5338 2245 5377 nos
2270 5320 2478 5393 perlati
2511 5322 2770 5387 fuerunt,
2803 5322 2873 5377 de
2906 5321 3123 5391 quibus
3145 5318 3665 5376 monuimusinitio
3685 5335 3792 5375 cu-

2129 5412 2349 5482 jusque
2379 5410 2669 5482 opusculi,
2704 5415 2762 5464 et
2799 5410 2858 5464 in
2888 5409 3067 5464 variis
3100 5408 3474 5464 lectionibus.

2209 5500 2515 5565 Czeterum,
2549 5500 2689 5571 quia
2718 5501 2777 5553 in
2810 5503 2895 5555 tot
2925 5499 3227 5554 codicibus
3259 5515 3402 5554 mss.
3438 5499 3627 5570 major
3666 5504 3793 5555 erat

2135 5589 2388 5645 varietas
2411 5588 2817 5660 scriptionum,
2860 5604 3037 5659 quam
3070 5592 3135 5642 ut
3164 5604 3282 5643 una
3311 5589 3592 5658 perpetua
3622 5586 3791 5643 lectio

2138 5677 2470 5734 indubitata
2496 5678 2633 5733 inde
2664 5678 2787 5732 erui
2821 5682 3044 5749 posset,
3069 5694 3140 5733 ne
3168 5674 3256 5732 vel
3302 5672 3637 5746 reipublicae
3697 5691 3789 5731 ec-

2139 5766 2496 5839 clesiastica,
2522 5766 2612 5826 vel
2642 5765 2783 5834 tuis,
2827 5765 3078 5841 quisque
3109 5782 3193 5835 es,
3255 5763 3351 5837 pie
3407 5761 3610 5831 lector,
3670 5764 3792 5836 pri-
