4170 6408
349 433 489 488 XLIV

1771 424 2378 497 PROLEGOMENA.

348 565 500 620 vatis
530 561 744 622 studiis
772 563 1130 635 deessemus,
1154 567 1346 628 varias
1401 567 1678 628 lectiones
1729 571 1994 626 codicum
2028 571 2079 634 Α
2109 568 2519 626 tantummodo
2549 567 2852 630 Athanasii
2882 566 3106 628 Latinis
3127 564 3484 626 editionihus
3503 566 3752 625 exstant.

350 651 682 712 Graecorum
715 673 829 713 non
859 659 1090 715 tantum
1122 659 1482 732 scrupulose,
1516 659 1615 715 sed
1650 675 1799 733 pone
1820 659 1996 716 etiam

351 743 770 815 superstitione
800 747 1064 803 adnotari
1086 765 1220 804 cum
1243 749 1447 822 elogiis
1469 749 1796 819 Athanasii,
1819 766 1885 806 ac
1914 766 2000 807 re~

350 830 556 903 liquiis
584 838 641 889 et
682 833 1022 907 fragmentis
1067 837 1354 907 ejusdem,
1401 837 1556 894 inter
1592 839 1995 895 excudendum

351 920 578 979 diverso
607 925 869 995 tempore
896 924 1138 996 repertis
1159 926 1457 999 conjungi,
1476 926 1764 1000 tituloque
1787 944 1999 1002 appen-

349 1009 500 1068 dicis
527 1011 708 1068 simul
735 1012 827 1069 edi
857 1013 1212 1071 curavimus.

424 1145 552 1202 Haec
573 1147 644 1201 de
669 1147 914 1203 materia
943 1147 1296 1220 scriptorum
1325 1149 1880 1209 Athanasianorum.
1909 1154 1996 1209 Ad

354 1233 799 1305 dispositionem
845 1237 1001 1308 quod
1059 1237 1291 1310 attinet,
1351 1239 1873 1299 animadvertimus
1929 1259 1998 1298 ex

351 1321 583 1379 schedis
613 1323 1096 1382 Commelinianis
1127 1326 1380 1384 voluisse
1405 1327 1575 1384 illum
1605 1334 1740 1386 ante
1797 1331 1998 1387 omnia

345 1412 631 1468 excudere
659 1429 727 1470 ea
757 1430 886 1486 quae
915 1414 1178 1472 Nannius
1207 1417 1476 1473 vertisset
1496 1422 1554 1474 et
1581 1418 1827 1475 antehac
1887 1420 1996 1476 La-

343 1499 468 1557 tine
497 1500 802 1559 edidisset.
835 1504 896 1560 Id
931 1503 1113 1577 igitur
1142 1505 1370 1562 consilii
1430 1507 1605 1564 etiam
1653 1526 1760 1564 nos
1808 1510 1994 1566 secuti

348 1605 580 1660 sumus,
615 1594 672 1647 et
699 1591 760 1647 in
790 1591 1048 1664 primum
1081 1600 1303 1651 tomum
1336 1596 1535 1652 omnia
1556 1614 1623 1654 ea
1652 1614 1784 1669 quae
1837 1598 1994 1655 Nan-

348 1678 486 1735 nius
515 1685 892 1749 converterat,
923 1683 1300 1754 conjecimus,
1343 1684 1456 1742 alio
1510 1690 1708 1743 tamen
1769 1687 1994 1746 ordine.

347 1767 496 1824 Nam
529 1769 600 1825 ab
631 1769 836 1826 ordine
859 1771 1164 1829 Nannieno
1188 1774 1385 1846 (quem
1417 1779 1547 1847 post
1575 1776 1763 1848 ipsius
1782 1777 1996 1834 Nannii

348 1857 752 1929 praefationem
780 1859 976 1917 videre
1008 1862 1225 1934 poteris
1257 1862 1306 1919 si
1361 1864 1541 1934 voles)
1597 1866 1994 1924 Commelinus

346 1948 1094 2019 tempestive‘discesserat.
1125 1952 1265 2023 Ejus
1288 1952 1467 2026 igitur
1497 1948 1781 2028 vestigiis,
1816 1973 1998 2030 quan-

347 2037 478 2091 tum
509 2035 747 2108 quidem
775 2051 845 2094 ea
875 2039 1309 2112 deprehendere
1339 2041 1525 2111 licuit,
1550 2044 1914 2114 insistentes,
1936 2046 1998 2102 in

348 2123 540 2196 primo
566 2128 726 2182 tomo
747 2126 1005 2198 primum
1025 2128 1327 2200 elenctica,
1354 2132 1564 2189 deinde
1581 2133 1878 2203 historica,
1897 2152 1999 2191 va-

348 2212 453 2269 riis
485 2213 770 2288 apologiis
790 2219 847 2274 et
874 2217 1137 2290 epistolis
1168 2220 1616 2293 comprehensa,
1638 2239 1772 2280 mox
1791 2240 1995 2297 exege-

347 2300 464 2357 tica
491 2302 613 2359 sive
643 2307 1170 2365 commentationes
1199 2309 1258 2364 in
1291 2309 1579 2366 nonnulla
1612 2328 1788 2368 sacrae
1847 2313 1999 2370 Scri-

349 2393 534 2462 pturas
564 2391 741 2461 dicta,
774 2394 985 2452 deinde
1014 2395 1343 2454 homilitica
1375 2398 1494 2454 sive
1533 2401 1842 2458 conciones
1889 2418 1995 2473 po-

349 2479 588 2552 pulares
608 2483 937 2554 posuimus.
964 2486 1026 2540 In
1052 2485 1352 2543 elencticis
1377 2489 1637 2559 quidem,
1661 2489 1849 2561 primo
1875 2491 1997 2546 loco

350 2584 479 2640 quae
510 2575 712 2627 contra
740 2577 965 2645 gentes,
995 2573 1177 2630 altero
1207 2593 1335 2648 quae
1392 2583 1597 2633 contra
1643 2578 1891 2636 Arianos
1942 2584 1999 2636 et

350 2673 554 2714 eorum
586 2654 922 2734 compliCes,
954 2664 1123 2719 tertio
1156 2681 1282 2736 qua
1313 2670 1513 2722 contra
1527 2666 1998 2740 Apollinaristas,

348 2746 714 2805 Sabellianos
745 2755 802 2806 et
829 2753 1360 2820 Samosatenianos,
1385 2759 1592 2826 quarto
1617 2760 1673 2811 et
1700 2763 1998 2829 postremo

349 2853 477 2909 quae
511 2841 712 2894 contra
753 2855 955 2897 omnes
986 2841 1235 2898 haereses
1267 2843 1617 2901 Athanasius
1681 2846 2000 2920 scripserat

350 2924 637 2984 collocata
665 2927 982 2986 voluimus.
1016 2932 1126 2987 Sed
1159 2932 1315 2987 hunc
1343 2934 1605 2990 ordinem
1627 2952 1812 3006 operae
1833 2940 1998 3008 typo-

350 3015 640 3087 graphicas
691 3017 872 3073 semel
921 3024 1098 3091 atque
1139 3020 1349 3077 iterum
1416 3022 1876 3095 interruperunt,
1944 3027 2001 3080 et

350 3104 673 3161 orationem
704 3107 1010 3164 Athanasii
1043 3115 1248 3166 contra
1269 3126 1472 3166 omnes
1485 3111 1760 3180 haereses,
1784 3130 1849 3168 ac
1866 3130 1998 3186 pro-

350 3194 725 3250 testationem
769 3199 1088 3254 secundam
1141 3200 1342 3272 populi
1379 3199 1755 3256 Alexandrini
1794 3219 1827 3257 a
1873 3202 1999 3260 suis

351 3279 493 3338 locis
523 3283 782 3341 divulsas
813 3288 882 3342 ad
900 3291 1226 3343 extremum
1261 3288 1433 3359 primi
1467 3289 1608 3344 tomi
1631 3290 1996 3360 rejecerunt:
2029 3306 2072 3375 α

351 3370 410 3425 in
437 3374 694 3430 secundo
715 3379 895 3444 tomo,
918 3393 1092 3448 quem
1111 3377 1376 3434 ordinem
1408 3379 1854 3448 servaverimus,
1877 3382 2000 3454 ipse

350 3458 634 3518 librorum
659 3464 980 3536 catalogus,
1023 3465 1207 3522 altera
1228 3470 1359 3538 post
1379 3466 1616 3523 titulum
1648 3471 1862 3542 pagina
1882 3472 1997 3528 col-

352 3548 598 3620 locatus,
635 3554 778 3610 satis
807 3571 1102 3626 superque
1131 3557 1416 3612 ostendet.

428 3683 624 3753 Porro,
683 3685 734 3740 si
791 3702 938 3756 quos
991 3687 1195 3744 titulos
1252 3690 1312 3744 in
1361 3689 1621 3762 catalogo
1673 3691 1995 3749 editionum

353 3771 796 3830 Nannianarum
831 3775 1090 3847 priorum
1121 3780 1416 3832 exstantes
1435 3777 1531 3833 hic
1552 3795 1667 3834 non
1691 3781 1995 3852 repereris,

355 3875 427 3916 ne
453 3865 508 3917 te
532 3861 589 3917 id
623 3867 868 3920 moveat.
902 3863 1057 3920 Nihil
1105 3864 1435 3932 omisimus,
1493 3867 1595 3923 sed
1656 3883 1721 3923 ea
1766 3872 1996 3924 tantum

353 3966 480 4021 quas
511 3967 615 4023 per
645 3951 939 4009 inscitiam
965 3959 1135 4010 antea
1157 3971 1260 4027 pro
1283 3955 1676 4025 peculiaribus
1715 3956 1903 4022 libris,
1943 3961 2000 4013 et

351 4039 463 4094 sub
492 4040 890 4112 peculiaribus
921 4042 1112 4100 titulis
1151 4043 1389 4100 vendita
1451 4049 1639 4115 erant,
1697 4061 1830 4101 cum
1882 4063 1996 4102 non

352 4126 466 4183 nisi
495 4127 744 4185 aliorum
783 4129 1068 4186 librorum
1094 4132 1218 4203 jam
1253 4136 1426 4187 antea
1452 4131 1512 4188 in
1543 4132 1654 4188 hoc
1702 4131 1998 4190 volumine

352 4231 700 4274 excusorum
735 4219 1064 4291 fragmenta
1093 4225 1310 4292 essent,
1342 4221 1733 4277 sustulimus:
1786 4239 1858 4278 ne
1907 4223 1997 4279 bis

348 4307 550 4363 eadem
585 4308 801 4364 frustra
830 4309 920 4365 vel
971 4311 1439 4382 exprimerentur
1485 4315 1542 4367 et
1586 4312 1994 4381 venderentur,

346 4395 436 4452 vel
465 4401 802 4453 emerentur
830 4403 888 4453 et
917 4397 1266 4470 legerentur.
1319 4399 1506 4471 Hujus
1552 4401 1783 4472 generis
1832 4404 1998 4457 erant

346 4485 703 4558 opusculum
735 4489 807 4543 De
836 4487 1104 4559 doctrina,
1156 4490 1552 4560 fragmentum
1603 4490 1678 4546 De
1717 4491 1992 4562 passione,

347 4578 404 4630 et
433 4575 751 4632 Declaratio
784 4577 1028 4643 chitici,
1060 4577 1132 4632 de
1184 4577 1411 4633 diversa
1441 4579 1707 4650 ejusdem
1756 4579 1840 4634 rei
1888 4596 1992 4636 no-

2105 657 2184 712 Ac
2217 657 2476 730 primum
2507 660 2746 730 quidem
2774 663 2863 717 est
2911 661 3307 732 fragmentum
3364 657 3636 730 Epistolas
3690 655 3756 715 dc

2105 747 2312 818 synodo
2335 749 2578 815 Niczna,
2614 752 2677 804 ut
2705 748 2900 805 videre
2930 753 3017 805 est
3045 765 3102 820 p.
3137 747 3207 802 3O
3236 746 3379 802 tomi
3415 747 3456 802 Ι.
3489 746 3754 803 Alterum

2106 849 2240 891 vero
2275 838 2366 890 est
2395 835 2790 908 fragmentum
2822 835 3077 892 homiliae
3107 835 3182 890 De
3207 836 3476 906 passione,
3508 838 3576 890 ut
3595 837 3757 907 patet

2107 937 2176 979 ex
2195 915 2338 980 tom.
2374 924 2416 990 Ι,
2447 940 2584 998 pag.
2603 925 2730 980 790.
2763 925 3025 981 Tertium
3076 924 3328 997 denique
3357 924 3752 997 fragmentum

2106 1016 2200 1067 est
2226 1012 2510 1069 orationis
2540 1013 2758 1087 quintae
2779 1017 2968 1070 contra
2998 1012 3254 1079 Arianos,
3277 1016 3343 1069 ut
3370 1027 3440 1068 ex
3469 1027 3604 1086 pag.
3626 1012 3753 1081 321,

2105 1116 2255 1157 vers.
2281 1101 2372 1173 24,
2403 1106 2545 1158 tom.
2581 1103 2623 1174 Ι,
2657 1102 3040 1159 manifestum
3071 1102 3284 1158 evadit.
3313 1101 3561 1158 Unicum
3583 1097 3752 1176 λόγον

2107 1187 2374 1263 σύντομον
2401 1191 2503 1263 qui
2533 1191 2738 1248 itidem
2780 1195 2872 1248 est
2925 1192 3319 1264 fragmentum
3370 1191 3571 1264 prima
3620 1207 3755 1248 ora-

2105 1278 2282 1335 tionis
2311 1284 2504 1336 contra
2533 1282 2787 1350 Arianos,
2817 1286 2886 1336 ut
2914 1280 3108 1337 videre
3132 1283 3223 1337 est
3249 1296 3320 1336 ex
3347 1283 3490 1337 tom.
3525 1281 3570 1348 Ι,
3618 1295 3752 1354 pag.

2107 1368 2210 1424 125
2239 1369 2280 1424 Ε
2313 1373 2371 1424 et
2399 1386 2589 1443 seqq.,
2644 1370 2836 1426 denuo
2891 1369 3101 1426 excudi
3157 1369 3318 1442 passi
3349 1385 3592 1426 sumus:
3625 1373 3753 1426 tum

2105 1457 2260 1529 quod
2291 1458 2468 1516 verba
2493 1459 2764 1532 quaedam
2794 1459 2996 1516 Graeca
3024 1459 3118 1515 hic
3140 1462 3371 1515 mutata
3398 1462 3596 1516 essent
3614 1474 3758 1532 pra—

2104 1547 2309 1602 sertim
2339 1548 2412 1604 ab
2443 1547 2643 1604 initio:
2676 1548 2832 1604 unde
2879 1548 3119 1604 daretur
3160 1547 3535 1604 existimandi
3588 1547 3758 1620 copia

2103 1635 2260 1706 quod
2292 1635 2654 1693 Athanasius
2700 1637 2828 1709 ipse
2867 1636 2978 1694 hoc
3036 1637 3456 1710 compendium
3507 1651 3755 1694 suarum

2105 1724 2176 1781 de
2206 1725 2423 1782 deitate
2455 1725 2669 1782 Christi
2701 1725 3272 1783 demonstrationum
3333 1743 3602 1784 seorsum
3657 1743 3756 1784 ex-

2103 1817 2283 1881 stare,
2315 1819 2492 1886 atque
2549 1815 2626 1871 ita
2655 1815 2712 1870 in
2758 1819 3073 1888 conspectu
3121 1830 3252 1871 esse
3293 1813 3577 1872 voluerit:
3627 1819 3756 1872 tum

2025 1933 2076 2001 Β
2105 1903 2262 1975 quod
2291 1903 2616 1960 versionem
2649 1903 2804 1960 nacti
2843 1920 3112 1960 essemus
3160 1921 3368 1961 novam
3416 1905 3590 1976 cujus
3639 1903 3756 1961 eol-

2106 1991 2246 2048 latio
2296 2009 2431 2049 cum
2476 1993 2744 2049 versione
2789 1993 3099 2050 Nanniana
3145 2010 3262 2050 non
3295 1993 3590 2051 videretur
3635 1995 3758 2052 fore

2106 2081 2492 2139 infructuosa.

2177 2259 2287 2316 Sed
2317 2267 2372 2316 et
2400 2259 2546 2317 illud
2578 2261 2747 2332 scita,
2780 2259 3002 2334 Lector,
3033 2261 3093 2317 in
3115 2260 3431 2335 exemplari
3453 2278 3565 2320 ms.
3591 2263 3755 2322 Basi-

2108 2347 2299 2420 liensi,
2359 2351 2515 2422 quod
2572 2350 2794 2408 caeteris
2843 2350 3122 2407 omnibus
3173 2353 3310 2424 jure
3367 2352 3754 2426 praeferimus,

2109 2440 2299 2496 multa
2325 2441 2520 2498 inesse
2550 2459 2676 2514 quae
2708 2457 2897 2514 neque
2924 2442 3229 2498 Athanasii
3261 2443 3500 2499 titulum
3546 2460 3664 2516 prae
3691 2459 3758 2500 se

2107 2529 2316 2597 ferant,
2350 2534 2409 2585 et
2429 2531 2556 2601 jam
2589 2534 2781 2597 antea,
2815 2533 2936 2585 tam
2969 2530 3184 2601 Graece,
3216 2547 3397 2603 quam
3448 2530 3652 2587 Latine
3694 2531 3756 2586 in

2106 2622 2348 2676 Historia
2377 2621 2746 2676 ecclesiastica
2792 2622 3044 2690 exstent,
3095 2624 3270 2691 atque
3329 2620 3467 2676 inde
3513 2619 3757 2676 omnino

2105 2708 2166 2764 in
2189 2709 2369 2765 istum
2398 2707 2653 2764 codicem
2685 2707 3074 2780 transcripta:
3105 2706 3221 2764 ista
3244 2707 3425 2780 igitur
3443 2707 3758 2766 omisimus

2107 2796 2198 2853 vel
2241 2797 2440 2869 potius
2482 2796 2553 2851 ad
2604 2798 2911 2852 Historiam
2956 2797 3396 2869 ecclesiasticam,
3465 2797 3622 2854 unde
3682 2798 3754 2854 ad

2106 2886 2351 2942 verbum
2384 2885 2679 2956 descripta
2725 2889 2910 2956 erant,
2961 2884 3340 2954 remisimus;
3395 2887 3574 2959 idque
3625 2887 3757 2945 ideo

2109 2991 2217 3030 nos
2249 2974 2454 3030 fecisse
2484 2974 2838 3044 indicamus,
2861 2991 2934 3030 ne
2963 2973 3098 3046 quis
3126 2975 3296 3046 forte,
3341 2975 3442 3048 qui
3496 2975 3756 3034 codicem

2108 3061 2491 3118 Basiliensem
2514 3060 2831 3132 aliquando
2861 3060 3089 3128 viderit,
3127 3066 3387 3117 nostram
3420 3063 3572 3118 hanc
3630 3063 3756 3119 edi-

2107 3152 2326 3207 tionem
2345 3148 2612 3205 mutilam
2644 3165 2773 3206 esse
2796 3149 3084 3222 suspicari
3114 3150 3320 3222 possit.
3344 3153 3530 3218 Quam
3560 3153 3757 3226 suspi-

2109 3238 2339 3295 cionem
2372 3243 2437 3294 ut
2465 3237 2839 3306 evitaremus,
2873 3255 3237 3312 quaecunque
3267 3256 3519 3310 usquam
3575 3242 3758 3297 Atha-

2113 3328 2259 3384 nasii
2287 3329 2522 3384 nomine
2553 3327 2850 3399 divulgata
2879 3345 3009 3384 esse
3056 3329 3572 3400 comperissemus,
3619 3347 3755 3387 cum

2108 3418 2334 3475 caeteris
2363 3418 2667 3474 Athanasii
2699 3417 2887 3489 libris,
2920 3417 3047 3474 sine
3071 3418 3234 3474 omni
3268 3417 3357 3472 vel
3398 3419 3759 3477 detractione

2105 3507 2193 3564 vel
2215 3508 2540 3580 adjectione
2568 3507 3003 3580 eonjunximus,
3029 3506 3138 3563 etsi
3164 3511 3393 3563 certum
3412 3507 3584 3564 nobis
3601 3513 3760 3566 esset

2107 3597 2295 3654 multa
2323 3615 2393 3654 ex
2423 3597 2541 3654 illis
2571 3613 2699 3653 esse
2730 3595 3110 3669 supposititia
3141 3613 3156 3664 ;
3187 3595 3346 3668 quod
3378 3600 3434 3652 et
3489 3596 3759 3655 Nannius

2107 3688 2342 3752 fatetur,
2373 3692 2430 3743 et
2458 3703 2592 3742 cum
2627 3687 2753 3757 ipso
2784 3685 3127 3740 fatebuntur
3157 3700 3385 3755 omnes,
3419 3685 3757 3760 quicunque

2107 3776 2179 3831 ad
2211 3775 2362 3831 hanc
2391 3773 2701 3830 lectionem
2723 3777 2782 3829 et
2809 3772 3070 3828 scientia:
3100 3774 3160 3826 et
3185 3771 3559 3829 conscientia
3613 3792 3758 3832 non-

2109 3863 2254 3918 nihil
2285 3863 2614 3918 attulerint.
2642 3861 2759 3917 Nec
2788 3860 2947 3916 enim
2970 3859 3196 3916 felicior
3226 3860 3335 3916 hac
3363 3861 3420 3917 in
3453 3868 3616 3934 parte
3644 3881 3755 3920 ω-

2106 3951 2250 4007 teris
2279 3951 2553 4007 Patribus
2583 3950 2693 4005 fuit
2714 3949 3106 4006 Athanasius:
3139 3965 3389 4022 quorum
3420 3951 3622 4009 nullus
3645 3971 3756 4010 un-
3838 3945 3842 3951 ’

2107 4056 2286 4112 quam
2319 4039 2557 4107 claruit,
2609 4040 2701 4094 cui
2747 4039 2862 4095 ista
2909 4038 3416 4112 supposititiorum
3465 4039 3752 4099 librorum

2106 4127 2327 4200 injuria
2357 4126 2521 4184 illata
2540 4143 2657 4182 non
2687 4130 2860 4183 esset.
2891 4129 3028 4191 Qua
3057 4131 3252 4182 autem
3285 4126 3345 4183 in
3376 4125 3472 4184 his
3519 4129 3753 4186 duobus

2103 4217 2509 4274 voluminibus
2530 4216 2785 4289 genuina
2813 4215 3118 4272 Athanasii
3147 4215 3368 4288 scripta
3380 4215 3615 4283 sint,vel
3638 4231 3756 4275 non

2104 4305 2541 4379 sint,theologis
2563 4305 2980 4362 aestimandum
3002 4304 3418 4376 relinquimus.
3442 4305 3561 4364 Nos
3574 4306 3757 4365 nullis

2107 4397 2365 4470 partium
2388 4394 2602 4452 studiis
2623 4394 2888 4467 impliciti
2911 4398 3180 4450 nostrum
3203 4395 3263 4449 in
3280 4394 3544 4452 faciendo
3565 4395 3759 4455 ofﬁcio

2105 4491 2305 4543 nostro
2337 4483 2756 4558 typographico
2785 4484 3097 4540 candorem
3149 4483 3422 4540 universo
3469 4483 3760 4544 Christia-

2104 4591 2315 4633 norum
2347 4573 2564 4646 populo
2591 4573 2902 4646 probatum
2935 4587 3065 4628 esse
3095 4572 3390 4644 cupimus,
3423 4577 3483 4630 et
3522 4573 3607 4632 ita
3637 4576 3758 4633 fore

347 4663 744 4734 menolatura;
778 4682 1030 4737 quorum
1061 4671 1256 4723 tamen
1288 4666 1404 4722 alia
1425 4665 1486 4722 in
1514 4666 1650 4724 aliis
1669 4670 1846 4739 atque
1867 4666 1999 4725 aliis
2028 4678 2075 4744 D
2107 4665 2478 4722 conﬁdimus.
2509 4663 2578 4719 V.

621 4926 701 4986 Et
728 4924 808 4986 ad
839 4925 1109 4987 frontem
1143 4925 1461 4988 variarum
1491 4925 1858 5002 lectionum,
1893 4926 2031 4991 haec
2055 4926 2324 4990 adnotat
2375 4927 2602 4987 Petrus
2656 4921 3076 4986 Felckmanus
3105 4924 3473 4986 Coronaaus.

943 5155 1022 5211 Ad
1076 5157 1381 5211 Lcctorcm.

314 5237 317 5240 ’
414 5251 491 5301 De
521 5245 822 5302 codicibus
845 5246 1062 5317 quibus
1091 5245 1149 5300 in
1181 5245 1524 5301 adornanda
1571 5245 1680 5302 hac
1736 5248 1990 5318 Operum

340 5334 407 5391 D.
444 5333 745 5390 Athanasii
777 5334 1032 5390 editione
1075 5335 1164 5390 usi
1201 5351 1436 5405 sumus,
1493 5334 1638 5391 satis
1696 5351 1991 5407 superque

340 5423 614 5496 superius
645 5423 1071 5494 in'prmfationc
1098 5429 1257 5478 tomo
1287 5425 1306 5478 Ι
1332 5424 1691 5479 monuimus.
1725 5424 1843 5479 Hoc
1875 5423 1989 5478 sal-

341 5517 459 5566 tem
492 5529 648 5566 nunc
679 5515 876 5578 restat,
913 5517 974 5567 ut
995 5530 1168 5584 quem
1197 5513 1462 5568 codicum
1488 5513 1722 5568 illorum
1747 5529 1992 5585 quaeque

342 5601 535 5657 littera
566 5619 599 5656 a
629 5605 792 5673 tergo
822 5601 990 5656 varia:
1023 5602 1290 5658 lectionis
1321 5603 1510 5676 posito
1533 5602 1744 5674 signet,
1776 5601 1869 5657 hic
1892 5619 1990 5658 ex-

344 5707 653 5762 ponamus.
703 5691 798 5746 Sic
847 5691 1025 5763 igitur
1083 5693 1317 5764 accipe:
1377 5693 1419 5747 B
1479 5691 1674 5766 signat
1731 5692 1989 5748 codicem

345 5777 749 5849 Basiliensem,
775 5784 821 5834 A
850 5779 1245 5852 Anglicanam
1275 5781 1397 5839 sive
1425 5780 1988 5854 Cantabrigiensem,

2101 5157 2146 5214 G
2176 5155 2619 5223 Goblerianum,
2652 5155 2675 5211 Ι
2706 5154 2967 5228 primum
3025 5169 3390 5228 anonymum
3441 5158 3500 5210 et
3540 5153 3751 5212 incerti

2103 5245 2372 5312 dominii,
2405 5245 2464 5300 in
2497 5244 2702 5301 ordine
2758 5244 2905 5299 alias
2955 5247 3277 5314 quartum;
3331 5243 3381 5299 Il
3425 5245 3752 5302 secundum

2101 5351 2482 5409 anonymum,
2512 5335 2614 5390 sed
2647 5334 2702 5388 in
2730 5332 2932 5390 ordine
2955 5334 3230 5406 quintum
3259 5333 3610 5402 ;IIItertium
3633 5335 3754 5392 sive

2101 5431 2328 5482 sextum
2357 5442 2371 5491 ;
2396 5423 2468 5478 ιν
2499 5423 2818 5494 septimum
2847 5421 2932 5490 ;V
2949 5426 3315 5490 octavum,et
3333 5422 3418 5478 sic
3439 5421 3750 5496 deinceps:

2057 5564 2066 5572 .
2099 5513 2197 5569 AV
2229 5515 2485 5584 denique
2515 5511 2793 5567 ultimum
2817 5513 2936 5567 sive
2954 5511 3460 5586 Augustinum.Ad
3484 5511 3753 5569 haacFrJ

2101 5602 2272 5658 amici
2324 5617 2536 5657 nomen
2594 5606 2706 5666 est,
2764 5599 2865 5672 qui
2949 5601 3238 5673 quasdam
3315 5600 3752 5659 observationes

2101 5691 2271 5747 nobis
2292 5689 2749 5746 communicavit
2772 5706 2785 5745 :
2811 5694 2867 5745 at
2884 5690 2976 5749 Fr.
3012 5689 3079 5746 D.
3105 5689 3452 5748 Frontonem
3473 5689 3750 5750 Ducmum

2101 5780 2317 5856 signat.
