4170 6414
1570 450 2141 520 ΡΒΛΕΡΑΤῙΟΝΕΒ
2185 445 2567 515 VETERES.

3644 454 3769 511 ιιν

349 664 3015 696 W

686 871 1466 1011 VETEBUM
1576 866 2446 997 ATHANASII
2551 861 3423 995 EDITOBUM

1637 1178 2482 1271 PlifELIMINARIA.

704 1451 828 1523 (Ex.
864 1453 927 1505 D.
960 1447 1239 1505 Bernardi
1269 1447 1343 1503 de
1371 1446 1742 1502 Montfaucon
1776 1440 2107 1497 Cotlectione
2134 1454 2284 1495 nova
2315 1445 2555 1495 veterum
2582 1438 2817 1494 Patrum
2849 1440 3187 1506 Graecorum,
3226 1443 3269 1494 t.
3316 1439 3409 1513 ΙΙ.)

426 1823 721 1880 ΜοΝιτυΜ.
745 1854 816 1865 -
842 1824 981 1878 Dum
1008 1823 1139 1879 huic
1166 1821 1426 1878 audenda
1454 1836 1608 1877 nova:
1639 1814 1957 1875 Collectiom'
1984 1813 2390 1883 insudarmnus,
2423 1830 2453 1870 θ
2480 1830 2541 1871 re
2586 1816 2765 1870 visum
2818 1819 2895 1871 est
2948 1817 3068 1881 fore
3122 1824 3183 1873 ut
3234 1820 3407 1873 etiam
3462 1822 3767 1876 vetustissi-

355 1911 574 1951 morum
598 1896 887 1951 Athanaszi
914 1894 1183 1950 editocum
1209 1893 1622 1966 praeliminaria
1653 1890 2063 1946 adnecteremus
2090 1903 2112 1949 ;
2139 1902 2266 1959 quae
2292 1902 2425 1942 sane
2451 1903 2576 1966 cum
2603 1890 2906 1966 memoratu
2935 1887 3117 1959 digna
3146 1904 3255 1966 non
3297 1906 3482 1966 pauco
3533 1892 3767 1964 compte.

348 1970 595 2034 ctantur,
623 1982 723 2021 nec
750 1968 985 2037 ingrata
1016 1959 1224 2032 lectori,
1256 1982 1358 2020 nec
1386 1966 1729 2035 infructuosa
1756 1967 1917 2016 erunt
1944 1976 1963 2013 :
1987 1974 2111 2037 cum
2137 1959 2675 2037 mrtm_n_te_editiqnes
2696 1960 2825 2037 illa;
2850 1975 3101 2031 perrarae
3129 1963 3261 2037 sint,
3292 1959 3344 2037 et
3400 1964 3498 2017 vix
3554 1959 3770 2037 uspiam

349 2029 735 2110 compareant.
766 2029 960 2094 Pruna
987 2029 1234 2093 omnium
1265 2040 1344 2093 est
1376 2029 1676 2101 Vicentz'na,
1712 2049 1834 2106 quae
1863 2030 2073 2103 prodzz't
2102 2046 2250 2085 anno
2283 2031 2442 2096 1482,
2473 2038 2525 2086 et
2554 2029 2652 2087 has
2682 2029 3093 2104 initio'praz/ert
3118 2034 3398 2105 Epistolas
3453 2038 3504 2090 et
3558 2029 3771 2105 Pi'zfa-

344 2112 546 2167 tiones.

421 2416 632 2470 Petrus
659 2415 877 2468 Brutus
912 2411 1129 2467 artium
1180 2410 1382 2467 doctor
1428 2409 1739 2483 episcopus
1786 2407 2001 2465 Catha-
2028 2404 2087 2473 Α
2115 2404 2371 2463 ﬁrmavit
2391 2411 2449 2463 et
2478 2407 2779 2465 stabilivit.
2812 2411 2948 2477 Qum
2974 2427 3067 2468 res
3110 2427 3225 2467 non
3271 2411 3440 2469 latuit
3496 2413 3773 2472 Omnibo-

350 2502 560 2570 rensis,
587 2501 866 2559 Barnabas
897 2499 1162 2571 Celsano,
1195 2500 1254 2557 S.
1288 2499 1347 2555 P.
1373 2499 1440 2555 D.
1766 2568 1769 2569 ν

419 2591 546 2648 Non
576 2607 669 2646 me
709 2590 861 2664 fugit
888 2593 946 2646 te
977 2594 1169 2646 errata
1199 2590 1508 2663 corrigere,
1562 2587 1640 2643 mi
1696 2588 2001 2644 Barnaba:

346 2679 397 2737 si
427 2696 547 2752 qua
576 2683 715 2737 sunt
736 2680 1192 2736 exscribentium
1208 2679 1348 2736 vitio
1366 2678 1773 2750 imperitorum
1824 2678 2005 2733 divini

346 2769 538 2842 operis
569 2770 852 2826 adversus
867 2769 1117 2843 gentiles
1141 2767 1448 2843 Athanasii
1468 2768 1771 2841 scriptoris
1792 2767 2005 2824 doctis-

347 2858 525 2916 simi:
559 2860 715 2931 quod
741 2859 1104 2932 jampridem
1128 2858 1772 2932 magnolucubratione
1814 2863 1871 2914 et
1911 2858 2005 2913 in-

346 2948 576 3004 dustria
596 2965 666 3005 ex
686 2947 887 3005 Graeco
918 2948 976 3004 in
1004 2949 1277 3005 Latinum
1310 2948 1566 3003 traduxit
1600 2949 1880 3004 omnibus
1918 2948 2007 3002 vir

345 3037 584 3112 quidem
608 3054 677 3093 ex
710 3037 871 3094 omni
910 3043 1075 3111 parte
1124 3038 1316 3095 bonus
1364 3042 1539 3109 atque
1582 3038 1811 3093 dicendi
1852 3038 2005 3111 peri-

344 3132 464 3184 tus.
498 3127 663 3192 Quod
695 3127 934 3195 laboris,
961 3127 1320 3193 mihicrede,
1371 3127 1640 3200 religioni
1689 3132 1900 3183 nostris
1949 3132 2006 3183 et

344 3216 481 3273 ﬁdei
506 3216 760 3273 multum
783 3218 1040 3273 conferet
1065 3233 1079 3273 :
1109 3217 1334 3289 eritque
1364 3216 1699 3289 legentibus
1734 3221 1791 3272 et
1815 3217 2003 3272 curio-

344 3304 590 3362 sisutile
612 3322 678 3362 ac
736 3306 1186 3379 perjocundum.
1238 3306 1356 3378 Ego
1414 3306 1573 3360 enim
1633 3304 1734 3377 qui
1784 3304 2003 3362 librum

346 3395 698 3467 quandoque
729 3393 1002 3462 lectitavi,
1033 3394 1179 3448 mihi
1214 3411 1327 3449 non
1367 3410 1577 3465 parum
1622 3393 2004 3452 emolumenti

344 3482 566 3554 excepi.
601 3483 789 3548 Quare
810 3482 915 3537 tibi
948 3481 1171 3555 gratias
1192 3498 1301 3554 ago
1328 3486 1387 3537 et
1436 3481 1642 3550 habeo,
1688 3484 1843 3554 quod
1903 3487 2003 3538 tuo

340 3569 561 3640 labore,
595 3571 791 3627 studio
814 3575 989 3643 atque
1021 3570 1332 3643 operalegi
1365 3570 1570 3643 possit.
1604 3571 1783 3644 Perge
1826 3571 2006 3644 igitur

340 3663 406 3716 ut
436 3660 685 3733 coepisti,
720 3664 777 3715 et
794 3663 851 3716 te
881 3660 989 3716 hac
1013 3667 1286 3732 suscepta
1310 3659 1606 3732 provincia
1652 3660 2001 3717 mortalibus

2118 2512 2262 2553 num
2294 2498 2590 2553 doctorem
2622 2504 2791 2554 tuum
2826 2501 3031 2573 :cujus
3054 2502 3501 2559 beneolentibus
3524 2505 3768 2563 ﬂoribus

2117 2591 2295 2659 atque
2318 2588 2584 2646 doctrina
2612 2594 2668 2645 te
2699 2589 2915 2646 mirum
2947 2590 3007 2645 in
3032 2592 3273 2647 modum
3308 2596 3634 2665 perornasti
3664 2613 3678 2664 ;
3711 2599 3770 2654 et

2118 2677 2261 2732 adeo
2301 2678 2648 2750 perornasti,
2685 2682 2750 2735 ut
2792 2684 2848 2735 te
2897 2696 3101 2737 omnes
3132 2681 3232 2754 qui
3263 2681 3477 2738 virtute
3534 2685 3771 2756 praediti

2116 2770 2276 2833 sunt,
2298 2767 2488 2823 virum
2522 2769 2763 2840 bonum,
2791 2770 3026 2825 doctum
3046 2774 3221 2842 atque
3240 2771 3775 2845 peritumjudicent

2116 2855 2315 2911 dicant
2345 2861 2401 2911 et
2433 2857 2751 2913 afﬁrmant.
2784 2858 2954 2913 Novit
3004 2858 3131 2931 ipse
3175 2858 3485 2917 hominum
3542 2867 3772 2922 mentes

2117 2945 2688 3018 quamplurimorum
2704 2947 3438 3022 smpius,curiosaquadam
3452 2951 3771 3024 cUpiditate

2116 3034 2315 3090 divina
2345 3036 2695 3108 percontari,
2729 3041 2786 3092 et
2808 3037 3079 3093 dubitare
3104 3037 3421 3110 aliquando
3445 3042 3597 3112 quod
3645 3058 3769 3098 cer-

2114 3124 2240 3179 tum
2264 3128 2389 3180 est:
2425 3141 2551 3196 quae
2575 3142 2666 3180 res
2699 3130 2985 3197 quantum
3021 3125 3160 3180 mali
3200 3126 3541 3185 hominibus
3587 3129 3767 3186 inter-

2116 3212 2255 3267 dum
2290 3213 2481 3268 all‘erri
2514 3214 2701 3285 possit
2726 3215 2900 3269 corde
2930 3212 3200 3268 volutans
3222 3219 3278 3270 et
3309 3217 3592 3273 memoria
3612 3235 3771 3291 repe-

2112 3301 2576 3369 tens,Athanasii
2608 3302 2821 3357 litteris
2851 3302 3065 3357 Graecis
3095 3301 3459 3374 scriptumin
3490 3305 3766 3364 Latinum

2114 3389 2285 3445 edere
2316 3390 2829 3446 animuminduxit
2859 3408 2871 3446 :
2904 3406 3009 3445 nec
3030 3390 3219 3462 potuit
3240 3391 3329 3445 vir
3357 3392 3618 3463 optimus
3642 3395 3768 3468 ipse

2114 3478 2327 3534 addere
2358 3479 2513 3551 quod
2546 3479 2803 3547 obtahat,
2827 3480 3090 3535 minuere
3111 3480 3267 3552 quod
3297 3480 3544 3550 volebat,
3580 3489 3767 3541 morte

2113 3572 2415 3639 correptus
2449 3585 2461 3623 :
2498 3586 2613 3624 non
2645 3586 2787 3625 sane
2817 3574 2881 3624 ut
2902 3569 3203 3642 scriptoris
3233 3571 3583 3627 sententiam
3636 3590 3766 3645 per-

2111 3656 2394 3725 turbaret,
2431 3659 2532 3713 sed
2565 3662 2631 3713 ut
2662 3659 2815 3731 quod
2836 3658 3028 3713 Graece
3049 3656 3236 3723 dulce,
3282 3659 3481 3716 Latine
3538 3660 3769 3721 dulcius

338 3752 572 3822 gratum
605 3749 783 3804 redde
816 3750 1077 3821 :quippe
1108 3748 1208 3821 qui
1257 3766 1451 3805 mores
1490 3753 1643 3819 tuos,
1694 3749 1996 3823 ingenium
2028 3778 2077 3844 B
2112 3750 2473 3844 personaret.
2500 3746 2704 3803 Nonne
2735 3747 3004 3820 permisit
3034 3748 3142 3804 hoc
3174 3748 3375 3805 Deus?
3399 3749 3598 3807 Voluit
3636 3754 3767 3824 qui-

339 3842 516 3911 atque
546 3838 898 3908 doctrinam,
922 3842 979 3893 et
1009 3837 1068 3892 in
1123 3837 1333 3911 primis
1381 3837 1617 3893 litterati
1672 3856 1896 3907 omnes,
1943 3845 2000 3896 et
2028 3834 2074 3844 ”
2109 3834 2241 3889 dem
2264 3839 2439 3907 atque
2464 3836 2747 3892 decrevit:
2768 3838 3002 3908 quando
3024 3841 3079 3893 te
3101 3836 3347 3894 alterum
3368 3838 3766 3899 Omnibonum

342 3926 672 4001 approbant
699 3929 757 3982 et
784 3925 1242 3999 amplectuntur.
1275 3926 1401 3982 Non
1432 3927 1592 3982 enim
1614 3944 1815 3983 vereor
1853 3928 1997 4001 quin
2100 3923 2243 3994 jure
2270 3929 2327 3979 et
2356 3925 2562 3981 merito
2584 3925 2707 3981 haec
2736 3930 2939 3981 nostra
2959 3930 3101 3982 tetas
3156 3926 3370 3983 habeat
3411 3933 3467 3984 et
3515 3933 3768 3987 contem-

278 4034 285 4039 '
344 4016 416 4072 de
444 4015 660 4072 virtute
690 4015 1036 4071 benemeriti
1058 4031 1285 4087 omnes,
1318 4016 1759 4088 quamprimum
1808 4021 1864 4073 te
1920 4018 2000 4072 vi-

346 4116 478 4161 rum
519 4103 927 4161 doctissimum
971 4104 1227 4161 codicem
1282 4104 1601 4177 perlegisse
1648 4107 1999 4179 acceperint,

341 4210 478 4251 eum
504 4192 617 4250 sibi
651 4193 943 4264 peculiare
974 4211 1089 4267 pre
1119 4192 1397 4250 omnibus
1440 4193 1697 4250 habituri
1720 4195 1858 4251 sint.
1890 4195 1999 4252 De-

341 4281 653 4340 lectabitur
680 4282 938 4356 profecto
968 4282 1444 4339 studiosissimus
1492 4283 1844 4352 litterarum,
1897 4285 1999 4357 qui

339 4373 411 4430 de
439 4371 553 4429 ﬁde
575 4370 864 4428 catholica
884 4371 1031 4428 bene
1061 4371 1260 4439 sentit,
1294 4372 1469 4427 modo
1499 4388 1567 4428 ex
1596 4372 1705 4428 hoc
1744 4372 1996 4447 dialogo,

340 4461 516 4519 modo
546 4476 613 4517 ex
646 4459 766 4516 illo.
790 4460 949 4516 Inest
976 4460 1135 4515 enim
1182 4464 1346 4517 tanta
1402 4462 1714 4517 verborum
1763 4462 1999 4518 concin-

340 4550 517 4618 nitas,
548 4554 830 4622 tantaque
850 4549 1084 4608 dicendi
1107 4550 1274 4622 capia
1324 4567 1459 4605 cum
1518 4550 1799 4623 gravitate
1855 4569 1999 4608 con-

332 4640 567 4714 Juncta,
600 4643 667 4695 ut
690 4639 953 4696 divinum
986 4655 1136 4711 opus
1157 4638 1484 4711 quidem,et
1512 4639 1572 4695 in
1596 4657 1726 4697 arce
1756 4642 1895 4715 poni
1917 4642 2000 4698 di-

336 4745 545 4804 gnum,
605 4728 776 4802 quasi
823 4728 1086 4785 Minerva
1133 4727 1234 4785 illa
1284 4727 1492 4785 Phidia
1540 4728 1749 4787 merito
1784 4732 1899 4787 dici
1944 4736 2001 4788 et

338 4812 623 4877 affirmari
654 4818 861 4892 possit.
891 4818 1149 4876 Mirabar
1163 4818 1462 4891 equidem,
1506 4818 1596 4874 vir
1635 4819 1998 4891 doctissime,

338 4924 476 4966 cum
506 4900 628 4966 non
648 4908 981 4982 ignorarem
1002 4907 1335 4982 priscorum
1358 4911 1694 4965 nostrorum
1738 4911 1996 4983 permul-

336 4999 432 5054 tos
451 4995 681 5054 codices
702 5001 761 5053 et
787 5000 1091 5070 poetarum
1116 4999 1175 5052 et
1230 5000 1529 5054 oratorum
1577 5002 1681 5054 tua
1726 5002 1999 5059 emenda-

337 5085 495 5145 tione
551 5086 889 5160 castigatos,
933 5086 986 5143 si
1041 5086 1293 5143 missum
1342 5086 1562 5143 faceres
1606 5086 1717 5144 hoc
1762 5090 1994 5147 tantum

336 5192 486 5250 opus
517 5192 532 5233 :
559 5175 715 5249 quod
738 5192 855 5232 non
884 5178 1118 5232 tantum
1147 5175 1367 5249 fugatis
1404 5175 1633 5232 nebulis
1679 5176 1997 5237 irradianie

335 5264 459 5321 sole
481 5264 741 5321 mundus
771 5264 994 5337 ubique
1023 5262 1180 5320 lucet
1195 5269 1369 5337 atque
1385 5264 1741 5321 discernitur
1758 5284 1781 5330 ,·
1803 5285 1994 5341 quan-

333 5357 462 5412 tum
490 5352 837 5426 hujusmodi
863 5353 1096 5427 scriptis
1125 5358 1183 5409 et
1198 5353 1723 5427 disceptationibus
1753 5374 1858 5429 pro
1904 5375 1995 5415 ve-

335 5441 505 5499 ritate
534 5442 756 5499 tuenda
784 5442 1181 5515 explendescit
1199 5441 1566 5499 Christianus
1588 5460 1798 5501 sensus
1827 5451 1883 5503 et
1904 5447 1991 5503 in-

334 5530 606 5589 tellectus
632 5531 954 5588 humanus.
977 5531 1245 5589 Nutritur
1264 5531 1503 5600 veritas,
1526 5536 1775 5605 augetur
1824 5535 1991 5606 fides,

333 5620 606 5693 ratioque
625 5624 908 5691 servatur,
932 5637 1159 5678 necnon
1192 5620 1478 5695 singulari
1510 5622 1764 5694 quodam
1787 5629 1843 5680 et
1896 5627 1993 5683 ad-

2107 4011 2317 4082 pletur.
2353 4014 2637 4069 Traduxit
2664 4014 2809 4087 ipse,
2842 4018 2904 4069 tu
2937 4032 3069 4071 vero
3100 4017 3365 4091 corrigis,
3400 4019 3653 4092 castigas
3685 4026 3770 4077 at-

2109 4118 2223 4173 quc
2249 4104 2568 4160 emendas:
2603 4104 2838 4177 utrique
2883 4105 3053 4161 debet
3083 4123 3197 4161 non
3258 4124 3467 4179 parum
3506 4107 3769 4165 humana

2109 4190 2233 4247 haec
2250 4194 2596 4249 mortalitas.
2629 4194 2701 4249 Et
2732 4193 2823 4249 cui
2855 4194 2987 4266 plus
3019 4194 3195 4250 ?aliis
3235 4196 3642 4269 relinquamus
3670 4200 3769 4271 ju-

2108 4280 2350 4339 dicium.
2382 4284 2653 4339 Attamen
2686 4284 2875 4339 exitus
2906 4287 3034 4339 acta
3062 4285 3270 4357 probat
3291 4285 3379 4358 (ut
3411 4284 3507 4341 ille
3554 4286 3678 4360 ait),
3710 4292 3770 4345 et

2110 4373 2266 4444 finis,
2292 4390 2406 4429 non
2439 4389 2657 4447 pugna,
2681 4378 2941 4429 coronat.
2973 4373 3195 4446 Neque,
3237 4378 3293 4430 te
3338 4391 3499 4448 rogo,
3549 4377 3766 4433 Barna-

2108 4462 2203 4531 ba,
2230 4467 2529 4535 exspectes
2562 4467 2626 4517 ut
2655 4462 2985 4534 aliquorum
3019 4463 3423 4520 adhortatione
3457 4470 3513 4520 et
3572 4470 3768 4523 aucto-

2108 4550 2280 4608 ritate
2295 4552 2363 4607 ad
2390 4551 2501 4607 hoc
2522 4552 2943 4624 perficiendum
2967 4568 3185 4608 munus
3201 4552 3477 4610 incitatus
3489 4554 3762 4613 videaris:

2108 4640 2590 4713 quandoquidem
2620 4640 2924 4715 inceptum
2947 4640 3059 4697 hoc
3083 4644 3182 4697 ate
3212 4642 3535 4714 perfectum
3569 4643 3638 4698 iri
3663 4647 3764 4701 tuo

2106 4729 2339 4802 virtute,
2362 4730 2641 4797 bonitate,
2667 4730 3014 4798 constantia,
3040 4730 3394 4805 integritate,
3426 4731 3560 4787 boni
3594 4732 3763 4805 judi-

2108 4820 2239 4875 cent
2270 4835 2497 4875 omnes.
2530 4818 2756 4875 Fefellit
2784 4836 3047 4892 unquam
3071 4820 3364 4877 neminem
3386 4821 3764 4893 probissimo-

2107 4925 2240 4965 rum
2270 4908 2580 4964 hominum
2614 4909 2839 4982 Optima
2864 4910 2935 4965 de
2966 4914 3021 4965 te
3052 4909 3249 4983 opinio
3278 4925 3292 4965 :
3326 4911 3482 4983 quod
3530 4912 3761 4983 imprae-

2107 4998 2437 5055 sentiarum
2470 4998 2519 5055 si
2552 4998 2779 5071 decepti
2812 5000 3057 5056 fortasse
3073 5000 3500 5066 viderentur,eo
3523 5001 3760 5071 gravius

2108 5089 2346 5156 ferrent,
2383 5105 2498 5160 quo
2520 5087 2753 5144 facilius
2775 5088 3076 5145 ﬁdeliusve
3105 5088 3216 5145 hoc
3272 5106 3307 5144 a
3362 5093 3418 5145 te
3475 5089 3599 5144 viro
3653 5090 3760 5146 do-

2108 5179 2371 5236 ctissimo
2399 5177 2524 5235 fieri
2555 5194 2726 5251 posse
2756 5178 3213 5234 arbitrabantur.
3246 5177 3371 5233 Non
3404 5178 3526 5234 haec
3566 5178 3760 5238 scribo

2103 5273 2170 5325 ut
2198 5268 2523 5343 prudentia
2556 5272 2666 5323 tua:
2689 5266 2971 5335 dil'fidam,
3000 5267 3088 5323 vel
3118 5267 3258 5339 quid
3307 5267 3414 5323 tibi
3463 5270 3759 5341 agendum

2103 5358 2181 5415 sit
2234 5362 2289 5413 te
2342 5358 2540 5429 fugere
2584 5356 2891 5425 dubitem;
2928 5357 3029 5412 sed
3084 5373 3177 5412 me
3228 5360 3481 5411 aeternus
3555 5355 3762 5415 incitat

2102 5464 2291 5515 amor,
2322 5446 2592 5518 cogitque
2623 5445 2788 5501 ﬁdes.
2815 5446 2964 5517 Lego
3011 5448 3069 5501 et
3114 5444 3239 5516 ipse
3282 5450 3541 5500 oratores
3600 5449 3755 5514 tuos,

2102 5536 2455 5610 quandoque
2487 5534 2613 5607 lego
2647 5537 2705 5589 et
2735 5538 2936 5605 poetas
2961 5532 3141 5589 animi
3172 5549 3523 5590 causa:cum
3545 5549 3576 5589 e
3597 5550 3758 5591 com-

2102 5626 2267 5682 muni
2297 5624 2492 5681 studio
2514 5629 2714 5679 nostro
2738 5623 2894 5694 juris
2926 5623 3207 5697 pontiﬁcii
3241 5627 3297 5677 et
3317 5638 3620 5678 sacrarum
3670 5622 3759 5679 lit-

336 5708 594 5768 mirabili
619 5710 969 5769 documento
1017 5711 1166 5768 ritus
1197 5716 1431 5768 nostros
1486 5715 1546 5769 et
1592 5703 1991 5775 institutiones
2099 5721 2357 5773 terarum
2388 5712 2636 5769 lectione
2667 5711 3104 5784 aliquantulum
3128 5728 3223 5766 me
3253 5711 3578 5767 subtraho:
3613 5728 3757 5784 quo-

336 5802 541 5857 contra
568 5798 871 5859 hereticos
900 5800 1135 5860 sceleste
1162 5800 1273 5859 hoc
1302 5817 1450 5875 opus
1496 5803 1555 5859 et
1593 5802 1989 5865 necessarium
2100 5822 2232 5865 rum
2254 5801 2542 5873 doctrina,
2575 5805 2643 5859 ut
2660 5801 2943 5860 orationis
2972 5799 3324 5859 suavitatem
3356 5795 3661 5869 omittam,
3703 5801 3761 5863 et
