4170 6382
421 408 564 460 XLVI

1812 395 2426 463 PROLEGOMENA.

419 532 751 590 carminum
781 530 937 590 dulci
960 532 1355 591 modulatione
1407 532 1788 602 currentium,
1836 538 2064 591 tantam
2095 535 2152 602 Α
2180 534 2611 593 humanissime
2641 536 2926 610 Barnaba,
2959 542 3090 612 peto
3120 554 3154 596 a
3183 543 3239 597 te
3270 539 3530 614 precario
3559 545 3656 598 :ot
3675 554 3824 614 pre-

420 640 538 696 prae
570 640 632 680 se
662 625 772 680 fert
801 624 1172 696 dignitatem,
1203 628 1260 679 ct
1291 624 1576 680 rationem
1611 624 1759 681 bene
1788 623 2015 679 vivendi
2049 626 2064 679 ξ

419 718 487 768 ut
515 713 748 769 nonnisi
782 730 910 784 qum
945 713 1176 785 ingenio
1206 717 1379 785 atque
1397 712 1914 786 cognitionedigna
1931 717 2070 768 sunt

418 801 480 858 in
511 802 657 874 ipsis
688 803 932 873 inveniri
965 802 1208 875 possint.
1245 803 1357 858 Sed
1388 810 1582 858 tamen
1608 801 1753 857 nihil
1805 819 2066 858 commo—

417 891 554 947 dius
575 892 1024 964 egritudinibus
1054 891 1352 956 humanis,
1385 890 1531 946 nihil
1572 891 1788 947 animis
1849 891 2066 946 nostris

416 981 864 1048 conducibilius,
893 998 1070 1053 quam
1103 980 1338 1053 scriptis
1367 986 1704 1036 sanctorum
1724 980 1958 1036 Patrum
1983 981 2066 1036 in-

415 1071 711 1139 cumbere,
743 1071 988 1127 Joannis
1020 1070 1439 1144 Cbrysostomi,
1473 1069 1695 1135 Basilii,
1735 1069 2060 1137 Athanasii,

413 1158 673 1231 Gregorii
703 1160 1072 1227 Nazianzeni,
1103 1158 1418 1225 Ambrosii,
1450 1157 1808 1228 Hieronymi,
1863 1163 2062 1230 Augu-

412 1246 551 1303 stini
573 1252 747 1320 atque
768 1248 1054 1321 Gregorii,
1089 1253 1145 1304 et
1175 1249 1516 1319 hujusmodi
1547 1248 1837 1315 omnium,
1871 1249 1968 1320 qui
1991 1249 2062 1303 de

410 1336 598 1392 sacris
628 1335 837 1393 litteris
862 1337 1204 1393 benemeriti
1235 1336 1733 1392 cxstiteruntﬂmc
1764 1341 1902 1392 sunt
1934 1354 2060 1408 quis

411 1425 631 1482 nostris
661 1426 980 1498 angoribus
997 1426 1122 1482 sola
1149 1426 1458 1482 medentur
1487 1431 1545 1481 et
1565 1430 1797 1491 sanant,
1821 1426 2064 1480 adversa

409 1530 528 1570 non
554 1520 780 1582 curant,
807 1515 1235 1584 jocunditatem
1264 1519 1492 1587 parant,
1537 1513 1866 1569 felicitatem
1887 1519 2062 1586 atque

408 1604 833 1661 beatitudinem
865 1604 1232 1678 pollicentur.
1266 1605 1351 1660 Ad
1384 1604 1505 1660 haec
1535 1603 1716 1676 igitur
1763 1603 2057 1659 incumbe.

2179 626 2383 682 sertim
2415 625 2594 697 hujus
2626 627 2808 682 nostri
2839 628 3139 685 Athanasii
3163 631 3355 702 operis
3387 631 3610 703 copiam
3659 629 3827 704 perfl-

2179 713 2313 782 cito,
2356 714 2594 770 omissis
2609 716 2887 772 omnibus
2903 717 3034 774 aliis
3058 737 3071 786 ;
3096 719 3606 792 utquamprimum
3620 719 3822 775 haberi

2179 804 2367 874 possit
2395 821 2413 857 :
2446 820 2518 859 ne
2548 802 2841 860 illustrata
2873 805 3002 861 fidei
3033 807 3267 875 veritas,
3330 825 3508 880 quam
3555 824 3824 865 summus

2175 890 2274 946 ille
2305 893 2496 964 opifex
2517 892 2858 949 hominibus
2888 895 3068 963 dedit,
3105 896 3331 953 incuria
3349 901 3452 953 tua
3480 897 3712 970 longius
3764 897 3823 952 in

2174 980 2401 1036 occulto
2424 981 2621 1052 jacere
2644 982 2926 1038 videatur.
2955 983 3038 1040 Da
3067 984 3176 1040 hoc
3207 986 3472 1042 numeris
3513 991 3610 1042 tuo
3658 987 3824 1042 Petro

2173 1068 2444 1142 episcopo
2467 1070 2830 1139 Catharensi,
2854 1073 2930 1128 da
2950 1072 3266 1131 Vicentinis
3292 1076 3567 1152 omnibus
3605 1080 3663 1132 et
3715 1092 3823 1131 083-

2175 1158 2334 1225 teris,
2360 1160 2458 1230 qui
2492 1165 2547 1215 te
2568 1161 2780 1216 virtute
2806 1165 2907 1217 tua
2936 1162 3194 1235 diligunt
3225 1169 3281 1220 et
3310 1165 3641 1221 observant.
3705 1165 3824 1220 Hoc

2172 1252 2462 1318 exspecto,
2496 1248 2747 1305 hocvolo
2778 1268 2796 1305 :
2856 1251 2958 1322 qui
3015 1251 3063 1306 si
3109 1269 3199 1308 me
3261 1254 3538 1325 audieris,
3580 1253 3824 1310 habebis

2174 1352 2266 1391 me
2297 1338 2551 1408 profecto
2585 1339 2643 1394 in
2676 1339 2952 1395 omnibus
2979 1357 3210 1414 semper
3229 1343 3558 1413 jocundum
3585 1346 3642 1399 et
3660 1359 3824 1415 aeque

2172 1425 2437 1482 charum.
2470 1427 2628 1495 Vale,
2671 1426 3058 1484 litteratorum
3108 1431 3308 1487 decus.
3358 1433 3573 1495 Quarto
3629 1433 3822 1487 Nonas

2171 1514 2538 1583 Decembres,
2572 1532 2921 1578 mccccaxxxx
2953 1518 3011 1573 in
3045 1517 3262 1592 palatio
3283 1519 3599 1594 episcopali
3622 1521 3824 1576 Vicen-

2172 1603 2316 1659 tino.

1155 1793 1449 1848 Barnabas
1481 1793 1762 1860 Celsanus,
1794 1797 1953 1848 Petro
1975 1792 2144 1847 Bruto
2171 1793 2414 1864 episcopo
2439 1793 2791 1861 Catharensi,
2820 1795 2878 1850 5.
2909 1796 2974 1850 P.
3002 1797 3064 1851 ι).

481 1892 543 1948 Si
573 1890 1010 1948 eruditissimus
1024 1891 1276 1964 quisque
1306 1892 1493 1947 nostri
1516 1889 2056 1947 seculiChristiano
2087 1892 2135 1957 B
2166 1893 2284 1946 tute
2312 1895 2368 1947 et
2397 1891 2661 1948 doctrina
2693 1893 3266 1965 praestantemmlter
3294 1895 3514 1952 exstitit
3541 1895 3819 1952 Omnibo-

409 1997 653 2037 munere
683 1981 1212 2053 fungeretur,Petre
1230 1981 1400 2037 Brute
1430 1980 1700 2052 episcopo
1747 1978 2057 2034 Catharen-
2167 1996 2278 2037 nus
2308 1981 2687 2050 Leonicenus,
2723 1988 3042 2056 prameptor
3056 1999 3222 2041 meus
3261 1985 3627 2042 suavissinus
3649 2003 3662 2040 :
3683 1985 3820 2042 Om-

409 2070 513 2143 sis,
546 2088 660 2127 non
683 2075 803 2126 tam
830 2071 976 2126 bene
998 2070 1438 2143 dicendi,quam
1459 2069 1634 2126 etiam
1659 2069 1806 2124 bene
1827 2067 2057 2124 vivendi
2166 2068 2900 2142 nibonus,inquam,nostri
2923 2071 3120 2128 saeculi
3143 2073 3345 2140 decus,
3377 2073 3628 2129 civitatis
3686 2091 3819 2130 vero

407 2161 663 2216 rationes
692 2159 828 2216 iniri
859 2161 1209 2216 studeretur.
1247 2160 1390 2216 llinc
1431 2159 1759 2215 efficeretur
1818 2162 1880 2214 ut
1927 2159 2054 2228 jam
2165 2163 2376 2213 nostra:
2409 2160 2566 2214 fama
2585 2163 2641 2215 et
2671 2159 2875 2231 gloria,
2925 2160 3252 2217 litterarum
3315 2167 3435 2218 tam
3485 2163 3816 2220 Graecarum

406 2249 751 2306 ﬂorentibus
769 2250 1054 2306 bonarum
1080 2249 1296 2304 artium
1329 2248 1565 2316 studiis,
1619 2265 1733 2304 non
1785 2248 2057 2304 deessent
2163 2263 2340 2319 quam
2374 2248 2711 2304 Latinarum
2743 2251 3035 2319 columen,
3070 2251 3358 2308 bonorum
3391 2252 3815 2324 specimen,ve-

407 2339 578 2395 nobis
598 2339 800 2411 optimi
835 2343 892 2394 et
923 2337 1388 2410 eloquentissimi
1417 2338 1663 2409 viri,qui
1683 2339 1753 2393 de
1776 2338 1949 2393 rebus
1967 2336 2054 2391 di-

404 2427 556 2484 vinis
587 2428 980 2502 pulcherrime
1011 2434 1068 2484 et
1117 2428 1491 2484 ornatissime
1531 2427 1871 2483 scriberent.
1905 2426 2051 2482 Nam

402 2517 490 2574 vis
521 2517 758 2587 ingenii,
792 2522 848 2572 et
877 2517 1042 2590 copia
1064 2517 1314 2583 dicendi,
1349 2522 1414 2573 ut
1443 2516 1524 2572 ait
1563 2517 1796 2581 Fabius,
1848 2531 2051 2588 quem-

403 2609 721 2663 admodum
745 2608 953 2678 juncta
983 2610 1212 2677 natura,
1246 2607 1332 2662 sic
1363 2593 1539 2662 etiam
1571 2605 1763 2662 officio
1780 2603 2054 2676 copulata

401 2711 532 2752 esse
561 2696 858 2752 deberent.
893 2697 1024 2762 Sed,
1061 2713 1163 2768 per
1191 2701 1369 2751 Deum
1391 2693 2054 2765 immortalemlquotus-

402 2785 653 2858 quisque
682 2790 774 2842 est
802 2784 1145 2857 eloquentiae
1172 2785 1605 2856 studiosus,qui
1626 2800 1740 2838 non
1756 2782 1921 2837 malit
1941 2782 2050 2836 hu-

400 2891 577 2930 mana
607 2879 807 2932 ornate
836 2875 1084 2930 dicendo
1115 2875 1376 2945 laudare,
1410 2890 1588 2946 quam
1612 2871 1699 2927 vel
1732 2876 1885 2926 recte
1907 2869 2050 2925 scri-

396 2963 704 3030 bendo,vel
724 2965 870 3020 bene
883 2964 1106 3035 agendo
1118 2963 1316 3019 divina
1328 2961 1680 3035 complecti?
1693 2962 1807 3014 Aut
1836 2960 2052 3014 desunt

398 3053 646 3109 fortasse
675 3053 845 3108 nobis
878 3070 1003 3125 qua:
1026 3053 1097 3108 de
1118 3053 1233 3109 Deo
1257 3051 1370 3107 dici
1419 3049 1691 3124 possint?
1734 3049 1805 3103 de
1843 3046 2052 3103 beatis-

397 3143 550 3200 sima
575 3142 813 3215 Virgine
835 3141 863 3196 7
891 3143 962 3198 de
993 3141 1290 3215 mysteriis
1326 3139 1538 3196 divinis
1568 3140 1596 3194 Ἰ
1649 3139 1720 3194 de
1779 3137 2051 3192 universa

394 3231 726 3288 Christiana
753 3231 1034 3303 religione
1052 3231 1084 3285 ‘I
1110 3233 1245 3298 Quia
1278 3235 1395 3286 tam
1431 3229 1740 3301 multiplex
1768 3231 1875 3295 est,
1922 3231 2042 3281 tam

397 3321 580 3392 dives,
611 3325 733 3377 tam
763 3321 1019 3394 cOpiosa,
1044 3324 1108 3376 ut
1135 3320 1357 3392 optimo
1387 3319 1598 3391 cuique
1618 3316 1852 3391 ingenio
1880 3316 2046 3372 uber-

398 3411 612 3466 rimam
630 3410 862 3466 dicendi
887 3409 1193 3467 materiam
1224 3410 1480 3481 praebere
1501 3412 1694 3480 queat.
1729 3408 1855 3472 Qua
1873 3423 1940 3462 ex
1957 3421 2044 3462 re-

397 3499 662 3574 plerique
689 3501 761 3556 ad
784 3499 1065 3572 optimam
1088 3499 1315 3572 frugem
1336 3499 1795 3571 pervenirent,ac
1815 3495 2042 3568 sapien-

397 3589 542 3646 tiam
571 3605 706 3645 cum
735 3605 871 3645 vera
900 3589 1178 3662 religione
1209 3589 1634 3661 conjungerent
1665 3605 1677 3644 :
1713 3589 1883 3658 cujus
1913 3585 2041 3641 ofﬁ-

399 3678 557 3735 cium
587 3683 675 3734 est
694 3679 920 3744 docere,
952 3683 1017 3733 ut
1045 3678 1402 3734 conculcatis
1432 3677 1808 3734 terrestribus
1837 3681 1894 3732 et
1941 3675 2040 3730 ab-

387 3765 564 3838 jectis
592 3765 910 3833 erroribus,
942 3766 1011 3820 ad
1047 3769 1260 3821 interna
1281 3764 1532 3821 ccelestis
1580 3764 1837 3820 thesauri
1898 3780 2040 3835 prae-

393 3853 514 3910 mia
543 3853 888 3926 dirigamur.
921 3853 1069 3918 Quid
1093 3853 1247 3909 enim
1280 3855 1352 3908 ad
1383 3852 1742 3926 agnitionem
1773 3853 1874 3908 Dei
1905 3869 2042 3907 con-

394 3942 712 3999 ducibilius
731 3943 759 3998 ?
776 3942 916 4014 quid
932 3943 1002 3999 ad
1025 3959 1219 3998 veram
1237 3942 1657 3998 beatitudinem
1679 3957 2042 4013 consequenc

396 4033 532 4089 dam
563 4032 758 4105 aptius
777 4033 805 4088 ?
829 4032 969 4104 quid
1001 4032 1225 4088 homini
1255 4031 1582 4088 Christiano
1606 4031 1794 4104 magis
1843 4047 2040 4086 neces-

396 4123 823 4193 sarium,quam
850 4121 1179 4177 divinarum
1207 4137 1402 4177 rerum
1431 4119 1875 4192 contemplatio?
1895 4119 2042 4174 Nam

397 4228 532 4268 cum
559 4212 822 4267 humana
837 4210 1213 4282 despicimus,
1241 4215 1658 4283 cognoscentes
1691 4226 1946 4282 superna
1965 4212 2046 4262 at-

396 4317 510 4374 que
546 4300 820 4368 ccelestia,
853 4300 975 4356 haec
1006 4303 1206 4356 nostra
1235 4303 1299 4355 ut
1335 4299 1546 4372 exigua
1600 4303 1657 4354 et
1705 4296 2044 4354 mortalitati

399 4391 663 4462 subjecta
691 4390 1325 4462 contemnimus,atque
1355 4405 1460 4461 ego
1503 4388 1647 4444 satis
1695 4386 1897 4444 mirari
1944 4404 2043 4443 ne-

398 4496 548 4553 queo
570 4480 711 4552 quid
742 4479 824 4535 ita
852 4478 1046 4552 cupidi
1077 4479 1299 4535 caeteris
1317 4479 1486 4534 bonis
1533 4478 1758 4533 artibus
1817 4477 2045 4532 incum-

397 4569 812 4640 bamus,atque
842 4569 1128 4639 cujusque
1157 4566 1382 4640 placitae
1413 4566 1735 4638 disciplinae
1756 4569 2049 4622 consecte-

2162 2353 2236 2392 ra:
2269 2337 2574 2408 probitatis
2594 2338 2949 2412 exemplum,
2975 2345 3039 2395 ut
3069 2340 3216 2396 alter
3245 2358 3362 2397 sum
3392 2343 3577 2398 aetatis
3609 2343 3818 2398 Socra-

2160 2430 2250 2481 tes
2281 2426 2486 2482 merito
2522 2427 2635 2482 dici
2669 2429 2943 2500 potuerit.
2980 2428 3278 2502 Religione
3299 2447 3434 2487 vero
3451 2435 3614 2487 tanta
3642 2435 3818 2503 atque

2163 2514 2451 2570 modestia
2481 2515 2610 2582 fuit,
2648 2521 2714 2572 ut
2744 2516 2890 2572 nihil
2915 2518 2966 2573 ei
2999 2519 3266 2586 defuerit,
3303 2520 3458 2591 quod
3489 2519 3549 2575 in
3597 2521 3816 2592 optimo

2160 2609 2218 2659 et
2239 2604 2613 2660 sanctissimo
2644 2605 2766 2662 viro
2798 2605 3214 2677 requirendum
3243 2607 3528 2664 videatur.
3585 2609 3815 2664 Nemini

2162 2709 2424 2764 unquam
2449 2695 2706 2750 detraxit
2737 2695 3131 2761 Omnibonus,
3165 2713 3354 2768 neque
3385 2696 3815 2769 loquendo,ne-

2161 2797 2275 2852 que
2304 2781 2634 2850 scribendo,
2659 2784 2929 2854 quamvis
2960 2785 3032 2839 ab
3079 2784 3308 2840 ramulis
3366 2785 3579 2858 saepius
3638 2786 3814 2842 fuerit

2159 2869 2488 2926 lacessitus.
2509 2871 2696 2926 Tanta
2724 2872 2978 2944 denique
3007 2872 3144 2927 vivit
3177 2873 3523 2946 integrifate,
3573 2879 3637 2930 ut
3685 2873 3809 2930 ἀνα-

2165 2958 2441 3033 μάρτητος
2472 2959 2591 3015 dici
2624 2960 2894 3032 potuerit.
2925 2963 3219 3028 Quantum
3250 2979 3383 3019 vero
3413 2963 3623 3020 litteris
3653 2965 3812 3020 Grae-

2158 3048 2242 3104 cis
2261 3048 2507 3104 valuerit
2538 3055 2695 3120 (nam
2727 3049 2796 3104 de
2832 3049 3048 3106 Latinis
3085 3054 3263 3106 testes
3319 3056 3460 3107 sunt
3515 3053 3811 3126 perpolita)

2156 3138 2286 3210 ejus
2316 3137 2626 3206 orationes,
2659 3142 2714 3193 et
2743 3137 2877 3193 libri
2913 3139 3289 3197 ornatissime
3348 3143 3686 3215 conscripti)
3722 3142 3809 3200 vel

2157 3242 2226 3282 ex
2254 3225 2364 3282 hoc
2396 3225 2637 3299 intelligi
2672 3231 2880 3299 potest,
2916 3229 3066 3298 quod
3097 3245 3233 3284 cum
3265 3227 3324 3282 in
3350 3229 3608 3285 Venetiis
3653 3231 3808 3303 apud

2156 3315 2549 3373 Bissarionem
2569 3317 2688 3387 (sic)
2720 3316 3076 3373 cardinalem
3116 3316 3415 3373 Nicaenum
3448 3318 3642 3376 Grece
3679 3337 3808 3376 ora-

2152 3404 2368 3460 lionem
2427 3404 2751 3471 habuisset,
2809 3408 2974 3461 tanta
3025 3406 3299 3462 facundia
3355 3408 3666 3479 peroravit,
3744 3414 3810 3465 ut

2153 3494 2384 3550 Graecos
2415 3511 2619 3550 omnes
2680 3493 3013 3567 eloquentia
3064 3495 3390 3552 doctissimi
3434 3497 3542 3552 viri
3590 3499 3810 3570 judicio

2151 3584 2495 3656 praestitisse
2524 3584 2721 3640 dictus
2751 3585 3323 3657 sit,eloquentiaeque
3344 3585 3806 3660 palmam,quam

2151 3681 2276 3729 sola
2298 3672 2514 3728 Graecia
2540 3673 3046 3746 possidebat,cum
3074 3674 3157 3728 ita
3179 3674 3250 3730 ad
3274 3675 3508 3731 Latinos
3547 3680 3807 3734 transtu-

2150 3761 2388 3833 lisse,ut
2409 3761 2550 3817 nihil
2576 3767 2678 3817 aut
2707 3779 2917 3834 parum
2941 3763 3187 3835 egregiae
3220 3762 3412 3819 laudis
3440 3766 3595 3837 apud
3646 3766 3806 3822 Gras-

2151 3867 2252 3907 cos
2282 3849 2550 3906 relictum
2575 3868 2704 3906 esse
2727 3851 2920 3906 dicere
2951 3868 3066 3906 non
3091 3851 3445 3908 dubitaverit
3478 3871 3496 3908 :
3522 3856 3807 3926 quemad-

2153 3941 2396 3994 modum
2427 3940 2498 3995 de
2531 3940 2723 3995 Marco
2752 3940 2929 3996 etiam
2963 3939 3154 3996 Tullio
3175 3941 3414 3997 tradunt
3429 3942 3804 4015 Apollonium

2151 4029 2387 4084 dixisse.
2421 4030 2554 4099 Sed,
2589 4034 2654 4085 ut
2676 4029 2966 4102 praeterita
2995 4034 3052 4084 et
3093 4047 3221 4102 qua:
3277 4031 3388 4087 sub
3445 4032 3630 4088 oculis
3689 4051 3804 4090 non

2150 4123 2291 4174 sunt
2322 4117 2504 4174 missa
2534 4118 2842 4188 iaciamus,
2866 4119 3236 4175 conferamus
3266 4120 3528 4177 Graecum
3552 4121 3808 4178 Athana-

2153 4207 2308 4264 sium
2341 4224 2477 4262 cum
2511 4207 2717 4264 Latino
2743 4225 2755 4264 :
2781 4207 3110 4265 lectitamus
3130 4214 3468 4282 utrumque;
3494 4215 3620 4266 tum
3644 4211 3811 4268 facile

2152 4295 2470 4368 unicuique
2500 4297 2611 4352 erit
2639 4297 2855 4366 videre,
2879 4297 2928 4353 si
2961 4302 3272 4372 utramque
3300 4299 3564 4372 linguam
3588 4299 3811 4357 callue-

2155 4385 2250 4454 rit,
2280 4391 2571 4457 quantum
2605 4384 2702 4442 ille
2733 4387 3066 4443 Grazcarum
3099 4387 3428 4444 litterarum
3459 4390 3811 4462 cognitionis

2154 4473 2448 4542 habuerit,
2479 4475 2536 4529 in
2570 4492 2685 4546 quo
2709 4479 2871 4531 tanta
2897 4475 3173 4548 dignitas,
3202 4482 3363 4533 tanta
3380 4477 3596 4534 veritas
3617 4494 3810 4534 serva-

2155 4566 2272 4629 tur,
2295 4567 2460 4618 tanta
2487 4565 2797 4619 verborum
2838 4569 2896 4620 et
2937 4565 3367 4621 sententiarum
3423 4565 3813 4638 concinnitas,

397 4675 534 4716 mur
554 4635 871 4731 magistros
894 4635 1269 4714 z—divinar-um
1290 4673 1423 4712 vero
1438 4635 1631 4711 rerum
1656 4655 1836 4710 libros
1869 4653 2052 4726 negli-
2086 4635 2132 4699 D
2165 4656 2229 4706 ut
2258 4653 2411 4724 quod
2443 4656 2534 4707 est
2565 4653 2622 4706 in
2646 4653 2960 4724 interprete
2984 4653 3223 4724 mirum,
3257 4654 3478 4726 ubique
3499 4635 3816 4727 perspicia-

399 4747 636 4822 gentius
665 4745 1004 4802 evolvamus
1039 4763 1051 4801 :
1084 4749 1162 4812 et,
1194 4746 1348 4816 quod
1385 4749 1648 4800 monstro
1680 4743 1873 4800 simile
1925 4760 2054 4799 esse

398 4836 763 4903 videtur,nos
794 4834 1065 4890 homines
1079 4836 1199 4890 nati
1220 4835 1291 4890 ad
1315 4833 1644 4889 divinarum
1688 4851 1882 4890 rerum
1916 4849 2052 4888 con-

397 4925 861 4999 templationem,
894 4941 928 4980 a
955 4923 1141 4980 sacris
1165 4923 1375 4979 litteris
1406 4923 1846 4994 abhorreamus,
1881 4926 2055 4994 atque

397 5014 461 5072 in
494 5013 742 5080 fabellis,
776 5017 834 5069 et
861 5011 1265 5069 deliramentis
1296 5029 1570 5085 magnam
1601 5011 1879 5083 temporis
1920 5029 2050 5084 par-

397 5109 517 5162 tem
549 5108 944 5160 couteramus.
978 5101 1124 5156 Hinc
1147 5101 1211 5155 fit
1243 5107 1305 5156 ut
1327 5101 1475 5157 bona
1504 5101 1868 5157 eruditorum
1916 5117 2052 5172 pars

396 5194 594 5266 potius
622 5193 774 5248 inter
803 5191 1071 5264 gentiles,
1107 5207 1284 5262 quam
1317 5190 1470 5246 inter
1498 5191 1881 5256 Christianos,
1915 5206 2049 5245 cen-

399 5283 511 5340 seri
537 5287 892 5337 mereantur.
925 5281 1034 5336 Sed
1067 5298 1135 5336 ex
1167 5279 1325 5335 amni
1356 5280 1832 5336 doctissimorum
1865 5278 2048 5333 nostri

401 5371 684 5443 temporis
717 5387 980 5437 numero,
1017 5386 1156 5442 pace
1187 5369 1436 5425 aliorum
1471 5370 1735 5437 dixerim,
1765 5369 1912 5424 duos
1943 5384 2048 5440 ego
2081 5429 2089 5434 ,

403 5462 534 5518 novi
565 5460 722 5516 viros
755 5459 813 5514 in
845 5460 1004 5514 omni
1035 5475 1246 5531 genere
1277 5457 2045 5515 doctrinaeeminentissimi-

406 5566 567 5606 mos:
602 5549 837 5603 eosdem
871 5549 1044 5602 etiam
1077 5547 1194 5603 vita
1253 5547 1719 5620 probatissimos,
1770 5563 1836 5602 ac
1893 5546 2048 5601 Chri-

402 5639 604 5694 stianae
643 5636 946 5708 religionis
1002 5641 1318 5692 assertores
1389 5636 1947 5705 constantissimos;
1993 5641 2047 5691 te

404 5727 554 5801 dico,
579 5727 742 5784 Petre
763 5725 940 5783 Brute
967 5725 1238 5799 episcopo
1265 5726 1656 5800 Catharensis,
1715 5725 1876 5782 omni
1939 5725 2050 5781 vir-

2163 4744 2263 4796 tur
2291 4740 2659 4813 aequabilitas
2692 4741 2977 4798 orationis
3009 4747 3066 4798 et
3097 4743 3505 4816 gravitas.Non
3526 4743 3606 4799 ita
3621 4744 3816 4818 copio-

2163 4847 2230 4885 sa
2259 4834 2347 4886 est
2368 4833 2433 4884 ut
2463 4829 2717 4886 luxuriet
2743 4830 2927 4886 oratio
2959 4847 3148 4903 neque
3181 4831 3260 4886 ita
3296 4833 3514 4899 suavis,
3549 4836 3613 4888 ut
3643 4832 3814 4890 lasci-

2160 4918 2296 4984 viat,
2334 4935 2440 4975 nec
2470 4919 2612 4976 adeo
2670 4924 2926 4992 compta,
2968 4924 3033 4977 ut
3075 4921 3340 4978 affectata
3393 4921 3813 4995 compositione

2162 5007 2357 5063 fucata
2386 5024 2516 5064 esse
2545 5008 2830 5064 videatur.
2864 5009 3090 5076 Quibus
3118 5009 3436 5067 virtutibus
3467 5016 3642 5084 atque
3672 5029 3809 5068 con-

2160 5101 2319 5152 textu
2345 5097 2626 5153 orationis
2667 5097 2848 5153 nihilo
2903 5099 3090 5170 ipsius
3138 5098 3440 5156 Athanasii
3497 5100 3810 5174 archetypo

2159 5186 2399 5242 inferior
2426 5191 2668 5260 apparet
2698 5205 2717 5244 :
2741 5205 2809 5243 ex
2839 5205 2954 5260 quo
2978 5187 3221 5262 intelligi
3259 5195 3470 5261 potest,
3518 5195 3808 5263 quantum

2159 5275 2246 5332 vel
2278 5275 2336 5330 in
2359 5275 2676 5348 scriptione
2709 5276 2934 5345 Latina,
2967 5277 3055 5334 vel
3089 5278 3418 5335 eruditione
3459 5279 3660 5336 Graeca
3705 5297 3807 5336 va-

2158 5365 2354 5421 luerit.
2387 5365 2778 5430 Quamobrem
2810 5383 2980 5423 nemo
3004 5367 3090 5423 vel
3143 5369 3358 5439 aptius,
3430 5368 3519 5425 vel
3578 5368 3811 5426 fidelius

2156 5453 2244 5510 vel
2267 5455 2442 5510 etiam
2501 5453 2845 5528 elegantius,
2910 5474 3087 5528 quam
3141 5457 3530 5526 Omnibonus,
3588 5463 3816 5532 poterat

2156 5545 2464 5600 traducere
2494 5545 2757 5600 divinum
2791 5546 3088 5602 Athanasii
3110 5564 3258 5620 opus
3290 5549 3491 5604 Contra
3535 5549 3765 5620 gentiles
3799 5565 3812 5602 :

2159 5634 2374 5707 quippe
2405 5634 2505 5707 qui
2529 5638 2584 5689 et
2611 5634 3156 5693 Christianissimus
3184 5641 3361 5706 esset,
3393 5643 3452 5694 et
3481 5638 3541 5693 in
3569 5643 3818 5710 utraque

2155 5724 2359 5798 lingua
2380 5724 2906 5798 praestantissimus
2932 5742 2945 5784 :
2977 5729 3046 5784 ut
3093 5726 3443 5786 crediderim
3456 5727 3643 5787 Deum
3662 5727 3816 5802 opti-
