4170 6432
1471 443 2044 514 PRIEFATIONES
2090 441 2476 510 VETERES.

3524 453 3687 504 XLVII

273 601 437 648 mum
467 588 791 648 maximum
821 587 979 647 hunc
1027 588 1312 663 delegisse
1359 587 1682 658 hominem,
1717 585 1815 659 qui
1849 581 1920 640 ad
1954 582 2009 649 Α
2039 581 2150 637 dus
2171 584 2314 637 erat.
2342 579 2504 646 Quod
2527 581 2655 635 tum
2686 575 2891 633 multis
2911 571 3263 646 rationibus,
3281 577 3409 629 tum
3428 589 3530 645 per
3550 590 3689 630 suas

271 680 704 737 institutionem
736 684 997 736 nostram
1027 680 1181 735 hunc
1212 679 1429 734 librum
1461 679 1710 750 posteris
1733 677 1929 749 legen-

276 772 417 827 dum
441 774 615 841 atque
632 770 1012 825 ediscendum
1032 770 1532 841 interpretaretur.
1549 770 1709 834 Quod
1731 775 1925 826 autem

276 876 390 930 me,
412 859 845 914 humanissime
862 858 1095 930 praesul,
1121 862 1241 912 tam
1261 859 1422 914 suavi
1442 858 1687 930 epistola
1709 860 1932 915 demul-

275 966 372 1005 ces
393 952 743 1020 tantumque
771 948 999 1015 tribuis,
1027 947 1168 1003 facis
1198 947 1432 1018 quidem
1466 949 1680 1016 amice;
1706 951 1804 1004 sed
1829 967 1929 1005 ve-

277 1055 407 1094 reor
428 1055 500 1093 ne
522 1038 578 1093 id
601 1038 704 1092 abs
727 1041 782 1092 te
801 1036 996 1108 potius
1018 1053 1086 1092 ex
1104 1052 1393 1108 prepensa
1409 1038 1662 1108 quadam
1686 1054 1822 1109 erga
1840 1055 1933 1094 me

278 1126 685 1184 benevolentia
697 1126 810 1181 dici
827 1125 1122 1198 plerisque
1135 1126 1416 1192 videatur,
1444 1144 1619 1198 quam
1636 1128 1790 1198 quod
1808 1131 1933 1182 tan-

277 1221 338 1272 to
352 1217 498 1272 tanti
513 1215 618 1271 viri
633 1215 920 1287 praeconio
942 1215 1156 1288 dignus
1173 1215 1628 1272 exsistam.Nam
1644 1218 1796 1288 quod
1814 1221 1936 1271 tan-

278 1310 479 1377 topere
522 1321 613 1359 me
635 1303 909 1374 hortaris,
934 1303 1105 1375 petis,
1130 1304 1458 1374 imojubes,
1484 1311 1547 1358 ut
1569 1321 1804 1377 pergam
1829 1306 1937 1360 hoc

282 1395 481 1466 ipsum
509 1393 814 1448 Athanasii
837 1410 987 1464 opus
1037 1394 1370 1461 emendare,
1424 1395 1480 1448 id
1530 1411 1634 1466 ego
1662 1395 1767 1450 feci
1792 1394 1939 1468 ἀκρι-

283 1476 551 1556 ϐεστὲρως
601 1485 658 1537 et
687 1481 929 1536 celerius
955 1498 1132 1553 quam
1164 1482 1288 1553 ipse
1318 1483 1633 1554 putabam;
1664 1485 1782 1538 sive
1804 1501 1938 1539 sua-

281 1571 459 1627 vitate
481 1570 764 1627 orationis
785 1570 1090 1642 pellectus,
1123 1571 1277 1641 quod
1298 1572 1714 1641 jocundissimi
1739 1589 1944 1644 prisce-

286 1659 474 1732 ptoris
506 1659 621 1714 mei
651 1659 780 1714 viva
808 1676 916 1714 vox
947 1660 1135 1714 adhuc
1175 1661 1419 1715 auribus
1450 1662 1597 1717 meis
1628 1679 1943 1734 personare

283 1740 598 1807 videretur,
656 1738 775 1795 sive
827 1741 981 1811 quod
1038 1757 1154 1796 non
1208 1740 1553 1812 ignorabam
1609 1759 1784 1813 quam
1838 1743 1946 1798 tibi

281 1830 543 1902 jocunda
572 1829 770 1884 futura
799 1829 946 1885 foret
971 1833 1172 1886 nostra
1192 1830 1312 1885 haec
1344 1831 1770 1903 qualiscunque
1793 1836 1947 1888 esset

290 1918 640 1974 emendatio.
661 1919 692 1974 J
699 1935 792 1974 am
817 1935 924 1974 nos
945 1923 1057 1974 tua:
1081 1936 1304 1975 morem
1327 1921 1619 1992 gessimus
1637 1921 1942 1989 voluntati,

279 2008 408 2080 jam
429 2008 534 2062 tibi
557 2007 974 2063 satisfacimus.
1011 2014 1084 2063 At
1107 2014 1171 2063 tu
1198 2009 1356 2080 (nam
1389 2027 1520 2064 cum
1545 2015 1646 2065 tua
1674 2013 1841 2065 venia
1857 2010 1946 2065 di-

286 2097 463 2168 eam),
497 2096 639 2168 quid
670 2096 1000 2151 dormitas?
1031 2113 1145 2167 quo
1188 2101 1423 2153 veterno
1453 2098 1783 2171 languescis
1803 2100 1830 2153 ἱ)
1860 2101 1947 2154 An

289 2184 569 2241 oblivioni
600 2185 897 2240 tradidisti
927 2185 983 2239 id
1030 2186 1184 2256 quod
1225 2187 1582 2258 jampridem
1616 2188 1760 2242 mihi
1795 2205 1947 2243 rece-

289 2274 427 2346 pisti
461 2273 884 2344 [rescripsisti],
933 2278 990 2328 te
1038 2273 1332 2329 editurum
1381 2277 1714 2347 propediem
1749 2281 1952 2331 contra

291 2362 529 2417 Judmos
586 2377 736 2432 opus
793 2361 1134 2432 prophetica
1209 2362 1448 2418 veritate
1508 2365 1952 2436 conscriptum?

293 2451 441 2515 Quid
474 2451 656 2522 igitur
695 2450 753 2505 in
796 2451 1050 2506 editione
1094 2452 1336 2506 cessas?
1365 2455 1449 2507 An
1495 2455 1950 2526 exspectandum

300 2539 409 2595 tibi
443 2545 552 2607 est,
605 2543 670 2594 ut
725 2541 1044 2594 inveterata
1096 2542 1250 2596 exuti
1309 2542 1652 2613 pervicacia,
1699 2545 1850 2599 ultro
1881 2544 1952 2599 ad

300 2629 478 2684 ﬁdem
511 2628 1185 2684 convertantur?Aversi
1208 2636 1347 2685 sunt
1379 2633 1632 2704 penitus,
1666 2633 1809 2688 mihi
1837 2650 1956 2688 cre-

301 2718 393 2784 de,
428 2735 462 2772 a
489 2734 626 2772 vera
658 2716 956 2788 religione.
993 2719 1052 2772 Id
1097 2718 1222 2789 ipse
1253 2721 1398 2775 satis
1425 2721 1705 2788 didicisti,
1738 2723 1956 2793 optime

299 2806 535 2877 praesul,
570 2823 703 2861 cum
726 2824 824 2861 eos
849 2807 1130 2879 proximis
1152 2809 1360 2864 diebus
1390 2814 1446 2864 et
1475 2811 1719 2866 antehac
1742 2812 1957 2883 saapius

298 2895 358 2950 in
392 2895 874 2967 frequentissimo
900 2897 1377 2954 doctissimorum
1413 2905 1561 2954 cmtu
1595 2900 1958 2972 gravissimis

296 2984 800 3056 disputationibus
824 2985 1117 3042 incessisti
1145 3004 1158 3042 :
1190 2987 1432 3044 liberius
1453 2989 1628 3045 etiam
1653 2989 1956 3060 monuisti,

293 3073 510 3130 vellent
535 3079 695 3129 vates
721 3091 867 3129 suos
893 3077 1096 3130 audire
1127 3081 1350 3132 rectum
1379 3078 1586 3134 salutis
1617 3097 1734 3133 suae
1757 3079 1960 3133 trami-

294 3166 419 3217 tem
451 3163 848 3230 ostendentes,
875 3181 988 3219 non
1021 3183 1150 3220 esse
1172 3167 1430 3239 amplius
1457 3169 1730 3223 Messium
1763 3184 1962 3239 exspe-

303 3252 606 3306 ctandum.
633 3251 726 3306 Sic
743 3253 901 3306 enim
919 3253 1122 3307 Jesum
1142 3254 1438 3310 Christum
1463 3256 1705 3311 humani
1731 3257 1961 3328 generis

309 3340 760 3411 Redemptorem
793 3341 1109 3411 appellant.
1169 3342 1414 3399 Venisse
1434 3345 1559 3414 jam
1593 3346 1694 3415 qui
1727 3346 1961 3399 mitten-
1996 3328 2039 3394 C

2034 671 2164 726 illas
2197 669 2615 735 hebdomadas,
2650 673 2776 724 tum
2808 683 2941 723 vero
2972 683 3072 737 per
3100 669 3243 719 Osee
3265 663 3684 735 gravissimum

2036 760 2339 815 oraculum
2381 758 2550 814 facile
2611 757 2972 812 declarabas.
3027 755 3314 824 bedebunt,
3349 751 3559 824 inquit,
3584 753 3694 822 ﬁlii

2038 850 2207 905 Israel
2235 851 2355 903 sine
2402 865 2545 919 rege,
2594 848 2715 902 sine
2742 848 3013 918 principe,
3073 846 3192 899 sine
3238 843 3528 912 sacriﬁcio,
3575 843 3694 896 sine

2038 939 2229 1008 altari,
2265 941 2382 993 sine
2434 937 2756 993 sacerdote'.
2792 937 2920 990 Haec
2951 939 3007 990 et
3061 934 3176 989 alia
3206 931 3516 1005 permulta,
3560 948 3690 1002 qua:

2042 1027 2378 1084 memoriter
2415 1027 2750 1093 enarrabas,
2785 1023 3288 1081 Christianissime
3320 1021 3556 1095 praesul,
3592 1039 3695 1094 pro

2042 1117 2229 1173 ofﬁcio
2260 1123 2359 1172 tuo
2394 1120 2597 1187 argute
2633 1114 2833 1181 simul,
2887 1120 2945 1169 et
2976 1113 3207 1185 copiose
3239 1112 3593 1168 disserebas.
3627 1111 3696 1165 Et

2043 1223 2116 1262 ne
2148 1222 2289 1278 gens
2321 1205 2503 1276 impia
2535 1203 2638 1258 tibi
2673 1203 2914 1258 nimiam
2946 1202 3005 1256 in
3032 1203 3387 1273 disputando
3420 1202 3700 1272 objiceret

2046 1295 2452 1358 subtilitatem,
2486 1294 2546 1347 in
2572 1293 2976 1364 redarguendo
3008 1291 3460 1356 vehementiam,
3487 1290 3545 1344 in
3581 1289 3699 1345 dis-

2045 1385 2291 1441 serendo
2324 1383 2639 1438 artificium
2673 1385 2834 1450 (nam
2867 1382 2939 1435 iis
2971 1381 3245 1435 omnibus
3279 1382 3566 1451 quantum
3598 1396 3694 1434 va-

2048 1474 2167 1529 leas
2197 1477 2377 1528 testes
2409 1477 2548 1527 sunt
2577 1471 2784 1542 optimi
2816 1479 2871 1526 et
2902 1468 3227 1525 doctissimi
3259 1469 3389 1536 viri,
3415 1469 3511 1539 qui
3541 1469 3700 1524 hisce

2049 1561 2554 1634 disputationibus
2605 1558 3038 1630 interfuerunt),
3095 1557 3374 1613 Hebraica
3403 1557 3703 1613 volumina

2051 1669 2184 1707 cum
2219 1650 2440 1706 Latinis
2473 1650 2835 1717 conferebas,
2867 1648 3044 1703 verba
3071 1647 3284 1713 verbis,
3319 1662 3494 1702 sensa
3523 1645 3703 1702 sensi-

2052 1741 2185 1811 bus,
2219 1756 2334 1794 non
2368 1739 2496 1794 sine
2542 1737 2900 1810 peritissimo
2935 1736 3231 1792 Hebraicae
3279 1736 3493 1807 linguas
3525 1735 3705 1791 inter-

2054 1833 2216 1902 prete
2262 1828 2673 1899 componebas.
2705 1829 2778 1881 At
2825 1825 2908 1880 illi
2942 1826 3115 1880 modo
3166 1824 3703 1892 columniabantur,

2055 1918 2352 1973 interdum
2385 1915 2933 1988 praevaricabantur,
2969 1931 3396 1986 nonnunquam
3435 1913 3711 1985 tergiver-

2057 2007 2366 2062 sabantur:
2401 2006 2557 2076 quod
2590 2005 2742 2060 Deus
2775 2004 2900 2075 ipse
2930 2020 3033 2076 per
3053 2003 3262 2059 Isaiam
3296 2003 3560 2060 futurum
3593 2019 3709 2074 prae

2057 2095 2232 2150 dixit:
2268 2095 2487 2162 Audite,
2506 2095 2717 2165 inquit,
2737 2093 3044 2161 audientes,
3079 2097 3130 2148 et
3159 2093 3331 2148 nolite
3361 2094 3705 2164 intelligere;

2056 2184 2230 2240 videte
2287 2185 2579 2250 visionem,
2627 2185 2676 2238 et
2732 2183 2901 2238 nolite
2959 2198 3314 2251 cognoscere:
3375 2196 3591 2238 excaeca
3618 2197 3712 2236 cor

2055 2275 2250 2346 populi
2295 2274 2480 2344 hujus,
2541 2276 2590 2327 et
2621 2289 2783 2326 aures
2833 2272 2950 2344 ejus
3003 2271 3288 2342 aggrava’.
3341 2272 3427 2325 Tu
3486 2274 3706 2340 tamen,

2061 2363 2280 2436 optime
2309 2360 2543 2434 praesul,
2577 2379 2609 2415 a
2641 2362 3041 2433 persequendo
3074 2361 3216 2415 istos
3238 2377 3441 2432 verpos
3465 2376 3580 2414 non
3611 2359 3714 2414 de-

2063 2452 2260 2519 sistes,
2293 2455 2377 2518 ut,
2411 2452 2461 2505 si
2496 2449 2617 2506 ﬁeri
2643 2450 2845 2521 possit,
2881 2449 3196 2521 aliquando
3219 2448 3570 2520 intelligant,
3598 2464 3713 2501 non

2065 2557 2322 2612 corpore,
2357 2541 2455 2594 sed
2492 2546 2685 2594 mente
2727 2539 3066 2594 circumcidi
3097 2542 3382 2609 oportere,
3430 2537 3477 2592 si
3509 2535 3714 2591 volunt

2063 2647 2208 2686 verae
2242 2627 2621 2684 beatitudinis
2653 2629 2775 2682 lieri
2822 2633 3140 2683 consortes.
3173 2632 3294 2698 Age
3325 2627 3525 2699 igitur,
3558 2624 3717 2680 solve

2067 2724 2380 2775 rostratam
2435 2734 2662 2784 navem,
2714 2718 2983 2788 permitte
3013 2716 3139 2773 vela
3185 2716 3393 2782 ventis,
3447 2721 3623 2786 atque
3654 2713 3714 2767 in

2066 2810 2401 2865 Judmorum
2435 2807 2684 2862 classem
2717 2808 2935 2862 ferare:
2972 2823 3222 2878 quorum
3250 2807 3588 2861 submersas
3622 2805 3721 2858 ob-

2069 2917 2171 2954 rue
2220 2914 2464 2970 puppes,
2500 2901 2601 2952 aut
2651 2912 2756 2968 age
2815 2897 3094 2962 diversos,
3128 2898 3186 2949 et
3242 2895 3448 2965 disjice
3477 2909 3721 2964 corpora

2069 2993 2244 3060 ponto
2271 3004 2282 3042 :
2320 2990 2384 3040 ut
2414 2986 2652 3041 Judazus
2685 3001 2745 3040 se
2776 2985 3014 3039 tandem
3042 2983 3202 3038 omni
3236 2983 3387 3055 pelle
3419 2977 3606 3037 instar
3637 2982 3721 3035 fa-

2069 3076 2260 3132 bulosi
2291 3075 2451 3129 illius
2485 3075 2745 3144 Marsyae,
2779 3077 3018 3127 exutum
3047 3071 3351 3143 intelligat.
3387 3070 3546 3137 Vale,
3576 3087 3721 3142 prae-

2071 3165 2288 3222 sidium
2304 3179 2501 3217 meum
2522 3163 2920 3216 etJudaaorum
2939 3159 3197 3230 scopule.
3218 3160 3492 3214 Vicentia:
3516 3158 3722 3230 quinto

2073 3253 2362 3310 Kalendas
2393 3251 2703 3306 Januarias
2743 3266 3115 3304 mccccnxxxn

727 3516 1021 3572 Omniboni
1051 3518 1342 3574 Leoniceni
1371 3519 1607 3575 rhetoris
1635 3523 2088 3577 excellentissimi
2115 3523 2174 3576 in
2205 3520 2565 3575 Athanasium
2593 3518 2662 3573 ad
2691 3517 2933 3573 Paulum
2975 3519 3233 3574 Venetum
3261 3518 3327 3588 II,

1291 3607 1568 3646 summum
1591 3595 1928 3664 pontiﬁcem,
1955 3594 2216 3666 praefatio
2245 3593 2484 3656 feliciter
2511 3592 2724 3661 incipit.

372 3704 436 3758 In
455 3702 658 3758 multis
675 3703 984 3775 Scriptura
1001 3704 1167 3771 locis,
1185 3706 1523 3763 beatissime
1539 3712 1729 3775 Pater,
1760 3710 1961 3765 dolum

303 3792 475 3864 quasi
509 3792 814 3847 inimicum
871 3793 972 3848 Dei
1033 3794 1322 3865 legimus;
1379 3797 1478 3851 sed
1541 3799 1828 3870 praecipue
1859 3800 1958 3855 ubi

300 3880 588 3936 Dominus
615 3881 760 3936 dixit
780 3881 1117 3954 disperdere
1143 3884 1342 3940 omnia
1372 3884 1529 3941 labia
1551 3887 1772 3958 dolosa,
1798 3893 1856 3943 et
1878 3906 1961 3944 re-

301 3974 390 4024 cte
412 3969 650 4040 quidem
677 3988 689 4026 :
720 3987 856 4026 nam
881 3970 929 4026 si
953 3977 1103 4027 Deus
1129 3973 1342 4028 veritas
1365 3978 1473 4040 est,
1497 3977 1856 4031 contrarium
1879 3978 1961 4031 ni-

304 4057 387 4112 hil
416 4058 606 4130 magis
637 4059 814 4115 habet
859 4077 1037 4133 quam
1089 4061 1441 4118 falsitatem:
1477 4069 1533 4119 et
1560 4067 1960 4137 repetentibus

307 4150 644 4203 sanctorum
675 4148 933 4204 virorum
986 4157 1368 4206 monumenta
1423 4155 1762 4223 persuaderi
1797 4154 1961 4210 facile

305 4239 498 4309 potest
528 4235 704 4292 aliam
736 4237 853 4293 vim
883 4237 1107 4294 nullam
1137 4239 1338 4306 fuisse,
1365 4257 1492 4311 quae
1524 4241 1744 4297 bellum
1777 4242 1964 4298 Eccle-

307 4324 407 4381 sire
430 4325 706 4380 Romanis
727 4328 962 4398 gravius
984 4333 1087 4383 aut
1116 4328 1502 4400 periculosius
1523 4329 1804 4387 intulerit.
1835 4333 1960 4388 Ido-

305 4413 543 4469 lolatria
575 4416 832 4486 primum
882 4421 1085 4488 gentes
1139 4434 1255 4473 non
1313 4424 1433 4473 tam
1467 4437 1660 4476 errore
1689 4422 1962 4477 seductas

308 4520 488 4576 quam
522 4503 811 4560 illecebris
833 4506 958 4561 suis
990 4511 1190 4578 captas
1211 4506 1550 4580 aliquandiu
1585 4510 1803 4565 tenuit:
1831 4528 1964 4567 mox

308 4592 410 4648 ubi
439 4593 652 4649 veritas
682 4595 753 4649 de
782 4599 936 4650 terra
985 4600 1112 4651 orta
1167 4602 1277 4667 est,
1337 4601 1394 4652 et
1424 4597 1523 4652 lux
1551 4599 1622 4654 de
1652 4600 1795 4656 coelo
1826 4617 1962 4672 pro-

308 4683 516 4755 spexit,
549 4699 684 4737 cum
715 4683 844 4755 ipsa
874 4702 976 4756 per
1005 4702 1067 4741 se
1113 4686 1339 4742 vanitas
1389 4687 1555 4742 facile
1586 4690 1962 4762 redarguere-
1994 4711 2038 4774 ι)

307 4775 425 4840 tur,
447 4776 575 4827 tum
600 4789 733 4828 vero
755 4773 992 4846 ineptiis
1014 4774 1138 4832 suis
1159 4776 1428 4832 homines
1451 4778 1640 4850 magis
1659 4778 1964 4852 magisque

307 4858 1036 4932 erubescereincipientes,
1061 4862 1363 4919 Christum
1391 4864 1697 4921 Dominum
1721 4867 1962 4937 quidam

308 4964 412 5020 spe
441 4946 661 5003 alocres
683 4953 880 5020 aperte
901 4951 1300 5022 sequebantur
1323 4971 1336 5020 ;
1362 4970 1496 5025 pars
1521 4959 1679 5010 metu
1711 4957 1964 5027 perculsi

310 5036 640 5093 sentiebant
689 5037 899 5094 melius
949 5057 1126 5112 quam
1185 5042 1535 5098 fatebantur.
1597 5044 1743 5099 Nam
1777 5047 1965 5101 caeteri

310 5126 736 5198 grassabantur
767 5127 825 5182 in
849 5145 970 5196 eos,
1008 5129 1148 5200 quia
1170 5131 1296 5185 suis
1327 5131 1748 5203 cupiditatibus
1770 5134 1964 5207 impli-

310 5215 410 5270 citi
441 5233 602 5271 nove
631 5216 778 5288 legis
807 5219 1259 5275 sanctimoniam
1298 5220 1495 5276 videre
1529 5239 1643 5276 non
1679 5228 1963 5295 poterant,

309 5304 398 5360 vel
430 5309 586 5360 certe
618 5305 916 5375 nolebant,
950 5308 1165 5380 quippe
1223 5309 1625 5366 adversantem
1656 5312 1966 5385 voluptati-

313 5394 425 5450 bus
457 5394 602 5461 suis,
636 5412 785 5467 quas
818 5396 902 5451 illi
962 5414 1314 5469 magnopere
1375 5400 1626 5472 amplexi
1677 5407 1966 5469 tenentes,

312 5500 448 5538 cum
480 5483 649 5539 aliter
680 5503 794 5540 non
829 5492 1088 5557 possent,
1147 5488 1199 5541 vi
1250 5505 1316 5543 ac
1363 5493 1579 5545 terrore
1609 5492 1756 5546 tueri
1796 5510 1968 5562 para-

313 5572 492 5641 bant;
524 5574 706 5629 donec
722 5575 848 5645 jam
881 5577 995 5631 ﬁde
1017 5577 1341 5633 confirmati
1368 5579 1718 5650 complures,
1751 5581 1966 5635 ferrum

313 5679 378 5719 ac
399 5667 691 5719 tormenta
712 5669 994 5735 peterent,
1033 5671 1396 5739 mortemque
1422 5668 1608 5739 ipsam
1634 5687 1735 5742 pro
1757 5670 1969 5727 Christi

387 5789 557 5848 ‘Ose.
592 5807 674 5862 ,ιιι
705 5791 760 5847 4.
793 5792 814 5827 ³
835 5790 947 5848 Isa.
979 5809 1051 5861 vr,
1084 5793 1148 5861 9,’
1173 5793 1259 5848 10.

2075 3708 2310 3765 nomine
2357 3711 2812 3763 contemnerent.
2858 3706 2972 3763 Nec
3004 3705 3107 3760 viri
3157 3704 3349 3761 solum
3380 3708 3436 3760 et
3465 3705 3713 3773 feminae,

2070 3799 2171 3853 sed
2197 3797 2357 3868 pueri
2388 3796 2566 3851 etiam
2590 3800 2764 3867 atque
2792 3795 3030 3867 puellae;
3063 3799 3127 3849 ut
3148 3795 3252 3849 abs
3273 3811 3334 3850 se
3354 3798 3632 3850 terrorem
3655 3795 3714 3850 in

2070 3903 2168 3942 eos
2189 3887 2286 3958 qui
2307 3886 2638 3941 inlerebant
2659 3884 2959 3940 metuendi
2984 3885 3170 3956 magis
3192 3901 3369 3956 quam
3389 3889 3718 3941 metuentes

2069 3979 2492 4044 converterent,
2527 3978 2584 4029 et
2613 3975 2670 4028 id
2701 3975 2856 4045 quod
2880 3991 3096 4029 novum
3129 3979 3218 4029 est
3236 3973 3487 4029 victoriae
3510 3990 3716 4045 genus,

2070 4064 2200 4121 caesi
2233 4066 2304 4120 de
2336 4065 2737 4120 occidentibus
2769 4064 3234 4135 triumpharent:
3269 4079 3406 4118 nam
3432 4079 3578 4134 quos
3600 4063 3720 4118 vin-

2071 4170 2206 4210 cens
2243 4154 2388 4209 ratio
2421 4171 2535 4208 non
2570 4155 2826 4224 flexerat,
2859 4154 3092 4209 eosdem
3127 4169 3284 4207 mors
3315 4151 3541 4207 devicta
3562 4153 3719 4207 fran-

2070 4243 2266 4315 gebat.
2295 4243 2544 4313 Jamque
2566 4259 2771 4297 omnes
2796 4242 3221 4314 propemodum
3245 4241 3301 4295 in
3325 4258 3442 4296 una
3464 4239 3720 4296 Ecclesia

2071 4331 2320 4387 Domino
2371 4347 2436 4385 ac
2467 4331 2582 4387 Deo
2616 4331 2840 4386 Christo
2894 4331 3082 4386 dicata
3113 4330 3552 4386 coalescebant:
3587 4347 3720 4385 cum

2072 4421 2266 4477 subito
2299 4421 2585 4475 haereseos
2644 4421 2812 4475 dolus
2843 4420 3118 4490 exoritur,
3181 4436 3298 4492 qua
3328 4418 3490 4474 nulla
3543 4419 3725 4490 pestis

2073 4509 2435 4583 perniciosor
2467 4509 2602 4576 dici,
2655 4514 2755 4564 aut
2787 4510 2927 4581 ﬁngi
2986 4512 3196 4581 potest,
3231 4507 3331 4579 qui
3366 4511 3593 4564 mentes
3622 4509 3725 4564 ho-

2074 4599 2299 4654 minum
2334 4616 2570 4654 securas
2602 4599 2786 4671 ipsas,
2821 4603 2877 4653 et
2906 4601 3187 4671 prmtextu
3211 4597 3372 4669 pacis
3404 4596 3726 4652 securiores

2075 4689 2279 4755 factas,
2328 4688 2734 4743 circumvenit.
2794 4687 3094 4760 Siquidem
3139 4702 3268 4742 sese
3323 4690 3600 4754 ostentat,
3633 4703 3727 4740 ar-

2075 4778 2187 4832 mis
2233 4777 2451 4832 nostris
2481 4781 2538 4832 et
2586 4776 2922 4848 insignibus
2967 4775 3315 4840 instructus,
3350 4778 3415 4828 ut
3453 4773 3722 4829 incautos

2074 4867 2385 4938 opprimat,
2421 4864 2565 4920 nihil
2600 4865 2798 4921 minus
2841 4881 3020 4936 quam
3049 4864 3270 4919 bellum
3298 4867 3719 4935 exspectantes.

2074 4954 2254 5011 Dolus
2285 4955 2464 5022 enim,
2500 4958 2564 5009 ut
2594 4954 2739 5009 mihi
2773 4955 3018 5024 videtur,
3052 4952 3196 5008 nihil
3238 4952 3396 5008 aliud
3423 4955 3511 5008 est
3541 4967 3720 5023 quam

2077 5044 2225 5100 falsa
2255 5043 2499 5098 miscere
2559 5059 2693 5098 cum
2723 5043 2894 5114 veris,
2941 5043 3092 5097 bona
3125 5059 3256 5096 cum
3291 5041 3494 5096 malis:
3557 5043 3622 5095 ut
3646 5040 3727 5096 vi-

2076 5150 2220 5189 num
2252 5124 2406 5204 aqua
2435 5133 2730 5200 vitiatum,
2783 5138 2847 5187 ut
2878 5149 3086 5186 aurum
3145 5131 3232 5186 vel
3263 5134 3568 5203 argentum
3615 5146 3728 5185 iere

2077 5223 2387 5279 confusum
2422 5221 2786 5277 adulteretur
2814 5239 2827 5289 ;
2863 5222 2946 5276 sic
2979 5220 3190 5276 veritas
3224 5219 3454 5292 quoties
3505 5219 3731 5274 sanctis

2076 5313 2268 5367 verbis
2300 5312 2544 5383 profana
2575 5312 2938 5367 inseruntur.
2974 5310 3049 5364 Eo
3081 5310 3271 5365 evenit
3304 5315 3368 5364 ut
3399 5308 3601 5364 multis
3633 5325 3734 5363 an-

2069 5406 2170 5462 .tea
2192 5401 2640 5472 tempestatibus
2658 5401 2916 5472 perﬁdus
2939 5399 3032 5453 hic
3058 5398 3243 5453 hostis
3268 5399 3441 5454 ﬁdem
3467 5403 3726 5453 nostram

2080 5491 2204 5546 suis
2229 5489 2460 5544 insidiis
2489 5488 2764 5551 obsitam,
2790 5504 2935 5559 pene
2956 5489 3027 5542 ad
3062 5488 3366 5542 interitum
3393 5486 3724 5542 deduxerit:

2079 5597 2212 5635 cum
2248 5581 2529 5635 adversus
2583 5594 2702 5631 rem
2735 5576 3127 5632 Christianam
3162 5575 3312 5631 filios
3345 5591 3523 5648 prope
3554 5575 3727 5629 innu-

2082 5687 2272 5724 meros
2306 5668 2570 5724 ediderit.
2604 5667 2707 5721 Ilio
2766 5665 3082 5721 Eunomios
3113 5665 3335 5730 extulit,
3398 5663 3493 5719 hic
3520 5664 3728 5718 Nesto-
