4170 6400
448 439 636 498 xum
1847 425 2461 495 PROLEGOMENA.

448 564 591 633 rios,
614 565 711 622 hic
733 566 1167 631 Samosatenos,
1186 566 1282 624 hic
1299 566 1622 625 Marciones
1644 572 1699 623 et
1722 566 2091 629 Manichmos,
2126 568 2176 632 Α
2210 567 2373 621 muni
2398 568 2665 624 omnium
2688 566 2863 626 saluti
2893 566 3250 628 consuleres.
3274 567 3401 629 Non
3426 566 3860 646 longitudinem

450 652 549 711 hic
576 655 953 721 Herodianos,
974 656 1068 711 hic
1102 656 1432 729 Butychios,
1464 657 1556 713 hic
1587 657 1935 713 Sadducasos
1957 659 2097 712 Ara-
2206 657 2333 728 vias,
2369 673 2483 712 non
2522 657 2781 714 locorum
2813 660 3157 732 asperitates
3198 661 3475 717 horruisti
3503 678 3515 717 :
3550 662 3749 717 omnia
3777 660 3864 717 vi-

451 743 626 801 besve
640 744 901 818 protulit,
916 745 1428 818 aliosquemultos,
1453 764 1601 818 quos
1616 746 2095 819 omneislongum
2208 750 2278 801 ιω
2312 746 2685 803 incommoda
2709 764 2811 820 pro
2839 749 3023 804 nihilo
3046 750 3337 806 habuisti:
3368 756 3431 805 ut
3452 750 3553 823 qui
3582 753 3702 822 jam
3735 755 3865 807 tum

455 840 612 891 esset
628 851 975 890 enumarare
999 852 1011 890 :
1036 836 1134 890 sed
1160 836 1480 891 novissime
1501 836 1694 891 dirum
1710 838 1872 891 nefas
1892 836 2094 891 Arium
2205 835 2471 892 Ecclesiae
2505 838 2701 905 cardo,
2737 855 2840 893 nec
2871 839 3024 893 aetati
3057 856 3162 895 nec
3202 840 3521 895 valetudini
3554 857 3863 913 parceres:

449 924 2097 999 progenuit,sicutinfabulistellus,gigantumindignata
2204 925 2305 979 sed
2342 926 2497 997 quod
2532 928 2815 983 Dominus
2860 929 3007 983 dixit
3061 929 3253 1001 reipsa
3308 934 3639 1001 praestares,
3671 934 3866 986 Pastor

448 1013 625 1083 caade,
643 1017 971 1068 monstrum
991 1012 1050 1067 in
1067 1013 1206 1069 deos
1224 1015 1522 1086 peperisse
1544 1016 1727 1070 fertur
1750 1015 2091 1070 immanius.
2204 1014 2373 1070 bonus
2400 1017 2651 1071 animam
2677 1033 2838 1071 suam
2864 1034 2966 1089 pro
2994 1019 3181 1073 ovibus
3206 1019 3365 1090 ponit
3380 1019 3420 1073 ³.
3450 1018 3495 1073 Ο
3526 1023 3581 1074 te
3613 1018 3860 1089 felicem,

447 1101 594 1159 Nam
625 1101 721 1157 alii
756 1103 990 1157 tametsi
1016 1119 1260 1174 magnas
1282 1104 1339 1158 in
1364 1119 1424 1159 re
1446 1104 1777 1159 Christiana
1798 1103 2095 1159 calamita-
2202 1103 2527 1159 Christiane
2558 1106 2835 1177 populus,
2868 1108 2968 1178 qui
3020 1107 3197 1162 talem
3246 1112 3600 1179 tantumque
3631 1108 3858 1163 Patrem

444 1194 532 1247 tes
566 1191 846 1261 fecerunt,
879 1207 979 1246 eos
1007 1195 1206 1248 tamen
1255 1192 1572 1264 aliquando
1605 1194 1787 1249 nostri
1836 1193 2093 1249 nominis
2200 1193 2445 1249 sortitus
2476 1195 2653 1249 fueris
2680 1196 2691 1249 ι
2728 1196 2772 1251 Ο
2805 1195 3126 1268 benignum
3150 1196 3363 1268 potius,
3390 1196 3856 1253 misericordem-

443 1278 699 1351 theologi
729 1279 833 1335 viri
860 1280 1127 1352 singulos
1157 1282 1375 1354 singuli
1420 1282 1772 1354 excipientes
1820 1284 2092 1355 profliga-
2202 1298 2315 1354 que
2346 1282 2554 1354 Deum,
2586 1284 2686 1355 qui
2718 1290 2985 1357 tempora
3014 1290 3215 1341 nostra
3272 1286 3590 1342 miseratus
3620 1302 3855 1359 gregem

440 1386 590 1426 vere.
619 1370 787 1426 Nunc
816 1386 949 1425 vero
980 1370 1040 1425 in
1074 1388 1258 1426 unum
1290 1372 1550 1427 conversi
1582 1389 1785 1427 omnes
1842 1373 2091 1443 (tantum
2199 1388 2376 1426 suum
2410 1373 2631 1444 pastori
2690 1390 2821 1429 vero
2872 1375 3343 1431 demandaveritl
3402 1375 3533 1431 Jam
3591 1392 3725 1431 vero
3758 1392 3860 1447 spe

439 1457 679 1514 fallendi
712 1463 834 1515 arte
879 1458 1178 1532 pollebant
1202 1460 1239 1531 l)
1270 1460 1364 1515 vix
1394 1462 1630 1516 tandem
1689 1461 1959 1534 subigere
1990 1479 2089 1533 po-
2200 1460 2355 1516 bona
2379 1478 2479 1517 vos
2509 1478 2637 1518 esse
2682 1464 2884 1535 jubeo,
2948 1464 3284 1520 Christiani.
3336 1465 3595 1521 Profecto
3627 1469 3858 1520 tantum

438 1549 702 1603 tuerunt.
735 1548 804 1603 Et
837 1552 900 1604 ut
930 1547 1074 1605 alios
1098 1549 1361 1604 omittam
1393 1549 1707 1605 Chistianas
1751 1551 1884 1606 fidei
1921 1550 2089 1622 pugi-
2201 1550 2685 1623 promptitudinis
2705 1553 2881 1621 Deus,
2902 1556 3251 1625 tantumque
3269 1554 3446 1610 studii
3468 1553 3712 1609 minime
3728 1571 3862 1610 con-

438 1636 547 1707 les,
579 1654 647 1693 ex
670 1638 1191 1694 nostrisnotissimi
1218 1639 1603 1710 Hieronymus
1622 1644 1679 1695 et
1702 1640 2087 1711 Augustinus,
2199 1643 2441 1695 temnet.
2479 1640 2625 1696 Nam
2656 1642 2707 1697 si
2738 1647 2960 1698 veteres
2995 1642 3078 1697 illi
3136 1643 3337 1698 Patres
3370 1644 3429 1698 in
3461 1642 3595 1698 dolo
3622 1643 3857 1699 inimico

439 1726 574 1794 duo,
602 1731 665 1782 ut
697 1727 779 1783 ita
809 1726 1021 1792 dicam,
1047 1727 1451 1784 haereticorum
1479 1728 1701 1801 scopuli
1725 1746 1737 1795 ;
1773 1746 1843 1785 ex
1872 1730 2086 1785 Graecis
2199 1729 2301 1785 Dei
2334 1732 2740 1803 expugnando,
2766 1732 2865 1803 qui
2895 1736 2959 1786 ut
2980 1732 3053 1787 ab
3076 1732 3244 1787 initio
3276 1731 3467 1799 docui,
3495 1732 3861 1804 perniciosus

439 1816 589 1872 duos
621 1816 761 1872 item
810 1834 923 1888 pres
952 1817 1175 1872 caeteris
1222 1818 1280 1872 in
1310 1817 1561 1873 Arianos
1592 1818 1901 1891 scripsisse
1930 1835 2089 1874 com-
2198 1822 2292 1874 est
2320 1820 2499 1891 (capit
2528 1820 2684 1875 enim
2721 1820 3103 1893 improvidos,
3142 1825 3345 1893 utpote
3376 1822 3559 1876 sacris
3585 1820 3860 1893 palliatus

440 1905 1393 2005 peric,Cyrillumetat‘banasium
1416 1924 1696 1979 :quorum
1712 1907 2087 1964 alterlibrum
2121 1940 2169 2005 Β
2198 1906 2508 1979 eloquiis);
2544 1909 2594 1964 si
2620 1910 2677 1963 in
2712 1910 3013 1981 ambiguo,
3044 1909 3311 1981 inquam,
3338 1908 3672 1978 refellendo,
3700 1909 3857 1981 quod

438 1994 639 2062 edidit,
674 1995 734 2050 in
768 2012 883 2066 quo
915 1995 1001 2050 vir
1028 1995 1125 2051 ille
1153 2012 1359 2052 omnes
1389 2014 1591 2052 eorum
1624 1997 1902 2070 ambages
1932 1997 2086 2053 evol-
2122 1994 2167 2005 “’
2201 1998 2312 2053 sub
2344 1998 2465 2053 veri
2499 1999 2691 2069 specie
2740 1997 2978 2065 latebat,
3011 1999 3196 2053 sancti
3251 1998 3358 2053 viri
3409 1999 3719 2070 praesentia
3749 2016 3859 2056 sua

435 2099 570 2140 vere
597 2100 664 2139 ac
695 2082 954 2140 refellere
988 2085 1187 2141 studet
1214 2104 1227 2153 ;
1259 2085 1617 2142 Athanasius
1649 2090 1844 2142 autem
1896 2091 2091 2143 orator
2198 2088 2429 2141 tantum
2462 2086 2719 2155 valuere,
2746 2092 2811 2143 ut
2841 2105 2875 2143 a
2903 2087 3143 2143 veritate
3164 2088 3453 2143 Romanos
3475 2086 3651 2143 etiam
3673 2087 3855 2160 impe-

437 2172 718 2244 locuples,
743 2172 1073 2245 disputator
1093 2178 1299 2231 acutus
1319 2176 1475 2231 idem
1500 2192 1565 2231 ac
1588 2175 1921 2244 vehemens,
1946 2176 2087 2231 sub-
2197 2180 2422 2232 ratores
2446 2180 2599 2232 stare
2624 2176 3054 2250 compulerint;
3094 2176 3236 2249 quid
3263 2176 3321 2231 in
3345 2175 3603 2249 periculo
3626 2176 3860 2250 propul-

436 2262 637 2319 dolum
694 2265 752 2318 et
780 2262 908 2335 ipse
963 2264 1169 2319 Arium
1216 2264 1700 2337 multipicemque
1757 2270 2083 2338 pertentat:
2200 2266 2406 2333 sando,
2438 2269 2559 2321 tam
2592 2270 2749 2323 certo
2781 2271 3021 2338 tamque
3066 2265 3384 2339 explorato,
3444 2266 3857 2324 sanctissimus

436 2355 502 2408 ut
531 2350 719 2424 ipsius
749 2352 822 2407 ad
852 2352 1083 2425 tEgypti
1109 2357 1164 2407 et
1186 2352 1376 2427 Libym
1402 2356 1706 2425 episcopos
1734 2354 1983 2426 epistola
2004 2354 2089 2410 in-
2194 2358 2367 2410 Pater
2386 2358 2679 2427 quantum
2702 2356 2917 2412 efﬁciet
2935 2356 2963 2411 ‘2
2982 2356 3185 2411 Nonne
3207 2359 3523 2428 conspectu
3548 2356 3675 2427 ipso
3697 2355 3855 2429 prin-

439 2440 612 2507 dicat,
644 2444 702 2497 et
750 2440 933 2498 altera
992 2443 1065 2497 ad
1100 2443 1473 2514 Serapionem
1502 2443 1574 2498 de
1606 2443 1829 2515 Spiritu
1861 2448 2083 2515 sancto,
2192 2443 2391 2515 cipum
2412 2460 2479 2499 ac
2504 2460 2706 2517 regum
2731 2446 2961 2501 animos
3003 2445 3277 2512 movebit,
3306 2450 3371 2499 ut
3391 2462 3454 2501 se
3476 2446 3548 2500 ad
3576 2445 3723 2501 hanc
3765 2461 3859 2501 ex-

437 2535 810 2603 quatuorque
862 2548 1186 2599 sermones,
1248 2548 1469 2588 necnon
1515 2532 1748 2589 divinus
1804 2532 1902 2589 ille
1949 2549 2085 2589 cum
2195 2534 2548 2605 pedilionem
2582 2534 2908 2607 accingant,
2940 2538 3063 2589 tam
3115 2534 3450 2600 honestam,
3482 2537 3724 2604 tamque
3754 2550 3859 2590 ne-

437 2619 575 2675 Ario
607 2619 896 2692 dialogus,
930 2620 1027 2676 ubi
1059 2637 1129 2676 ex
1175 2621 1306 2693 ipso
1335 2620 1651 2689 dilabente,
1679 2639 1747 2677 ac
1776 2622 1877 2677 diu
1932 2620 2085 2677 mul-
2194 2623 2506 2678 cessariam
2528 2623 2555 2677 ?
2577 2624 2931 2678 Sanctorum
2953 2623 3111 2677 enim
3131 2621 3395 2676 virorum
3419 2638 3535 2676 non
3565 2621 3741 2677 verba
3764 2638 3857 2677 so-

439 2712 687 2780 tumque
716 2712 1033 2780 repetente,
1064 2709 1367 2766 veritatem
1397 2714 1721 2781 extorquet.
1755 2711 1885 2765 Haec
1914 2710 2086 2766 Atha-
2194 2710 2448 2778 lum,sed
2464 2711 2624 2767 frons
2645 2712 2825 2766 etiam
2849 2716 3025 2783 atque
3051 2709 3202 2765 oculi
3225 2710 3341 2765 vim
3364 2708 3621 2765 divinam
3646 2725 3855 2780 quam-

441 2797 817 2854 nasiicontra
845 2799 1055 2853 Arium
1085 2799 1303 2871 scripta
1335 2798 1638 2865 divinitus,
1681 2815 1934 2870 cumque
1992 2798 2086 2854 his
2194 2800 2329 2855 dam
2364 2817 2479 2871 praa
2512 2816 2575 2855 se
2635 2800 2849 2855 ferunt.
2912 2798 3294 2871 Apparebunt
3350 2798 3531 2870 igitur
3560 2798 3854 2869 majestati

440 2886 717 2943 homilias
747 2888 917 2953 duas,
974 2892 1179 2943 contra
1207 2886 1455 2959 gentiles
1509 2905 1709 2954 unam,
1742 2887 1983 2942 alteram
2015 2888 2086 2943 de
2194 2892 2328 2957 tum,
2352 2888 2694 2944 beatissime
2716 2889 2902 2955 Pater,
2936 2904 3072 2944 cum
3104 2886 3295 2943 caeteri
3319 2903 3543 2957 omnes,
3566 2891 3695 2943 tum
3716 2904 3851 2943 vero

437 2964 803 3033 humanitate
832 2976 1066 3043 Christi,
1100 2993 1311 3049 magno
1342 2976 1535 3032 studio
1566 2976 1925 3031 traducenda
1958 2993 2088 3031 sus-
2193 2976 2320 3033 Itali
2351 2979 2555 3044 duces,
2576 2981 2696 3032 tam
2726 2977 2927 3047 armis,
2962 2993 3141 3048 quam
3186 2975 3447 3048 periculo
3472 2976 3667 3048 primi.
3702 2977 3851 3031 Nam

437 3066 600 3138 cepi:
632 3083 759 3137 quae
792 3065 1016 3121 nomini
1055 3074 1173 3134 tuo,
1206 3065 1545 3121 beatissime
1572 3069 1763 3133 Pater,
1800 3064 1895 3120 Dei
1928 3065 2086 3119 beni-
2193 3069 2250 3121 te
2280 3064 2442 3135 Itale,
2475 3054 2549 3137 te,
2610 3066 2876 3138 inquam,
2938 3064 3167 3137 appello
3209 3081 3386 3136 quem
3440 3064 3555 3120 ista
3599 3063 3851 3136 procella

437 3153 658 3228 gnitate
713 3155 983 3210 traducta
1038 3155 1307 3211 devoveo.
1339 3153 1485 3209 Nom
1512 3153 1745 3209 etiamsi
1802 3154 1946 3209 tanti
1979 3153 2086 3208 viri
2193 3156 2356 3227 petit,
2390 3156 2483 3210 cui
2507 3156 2764 3210 minatur
2785 3155 3025 3210 exitium
3051 3172 3063 3210 :
3091 3154 3232 3226 quid
3260 3154 3495 3209 dubitas
3515 3154 3544 3208 ?
3573 3154 3715 3226 quid
3736 3158 3847 3209 ter-

435 3244 830 3300 characterem
863 3244 1186 3315 exprimere
1217 3261 1331 3300 non
1364 3243 1547 3317 potui,
1582 3248 1647 3299 ut
1667 3248 1953 3315 quantum
1988 3242 2086 3299 ille
2122 3310 2155 3317 _
2193 3243 2505 3317 giversaris
2525 3245 2552 3289 ε’
2581 3244 2658 3299 Te
2687 3243 2825 3299 belli
2856 3243 3176 3299 necessitas
3207 3242 3492 3315 sequitur,
3526 3244 3577 3298 si
3606 3259 3733 3298 eam
3758 3242 3847 3297 fu-

436 3332 704 3400 dicendo,
765 3310 999 3389 tantum
1030 3349 1135 3405 ego
1194 3310 1465 3389 vertendo
1522 3310 1911 3404 consequerer
1939 3351 1951 3401 ;
1982 3337 2083 3387 tua
2113 3310 2156 3377 (ἶ
2194 3310 2305 3409 ὣς,
2339 3335 2480 3407 quin
2514 3334 2911 3406 expergiscere
2965 3334 3206 3388 tandem
3235 3350 3248 3387 :
3292 3310 3663 3405 populusque
3693 3331 3853 3403 prior

434 3424 634 3477 tamen
665 3420 936 3489 lectione,
972 3421 1310 3477 beatissime
1341 3422 1531 3492 Pater,
1560 3438 1671 3478 non
1705 3421 1947 3494 indigna
1976 3439 2083 3495 pu-
2194 3424 2251 3479 in
2284 3423 2438 3479 bella
2463 3427 2769 3479 converte:
2806 3422 2963 3494 quod
3015 3423 3269 3494 profecto
3319 3420 3511 3489 facies,
3544 3422 3594 3476 si
3626 3421 3772 3476 bene
3796 3424 3852 3475 te

434 3511 576 3575 tavi,
608 3528 715 3566 nec
746 3511 968 3566 absona
993 3510 1231 3582 quidem
1266 3512 1338 3567 ab
1368 3528 1437 3567 ea
1466 3511 1833 3583 cogitatione,
1868 3512 1927 3567 in
1961 3529 2079 3584 qua
2186 3516 2553 3584 tuorumque
2583 3511 2821 3584 ingenia
2846 3510 3001 3566 novi.
3056 3510 3257 3582 Neque
3302 3510 3483 3581 enim,
3517 3510 3856 3575 fortissime,

437 3615 606 3655 mens
635 3604 738 3655 tua
774 3604 894 3655 tota
922 3604 1209 3666 versatur,
1271 3604 1335 3655 ut
1364 3600 1514 3655 hanc
1546 3617 1580 3655 a
1633 3616 1807 3673 grege
1838 3605 1936 3657 tuo
1965 3601 2082 3656 bel-
2188 3603 2359 3658 credo
2382 3603 2555 3673 jussa
2585 3600 2775 3657 aliena
2806 3600 2947 3672 pati,
2969 3603 3027 3655 et
3056 3599 3329 3655 dominos
3359 3598 3676 3671 dignabere
3700 3603 3851 3653 Teu-

434 3687 598 3745 luam
630 3693 830 3760 pastor
856 3695 1098 3755 avertas,
1162 3706 1291 3761 quae
1323 3689 1644 3745 cervicibus
1684 3691 1903 3746 nostris
1925 3692 2081 3763 jam-
2192 3708 2343 3763 cros,
2377 3691 2461 3746 sic
2490 3691 2649 3746 enim
2680 3707 2743 3745 se
2802 3686 3120 3761 appellant,
3165 3691 3518 3759 tantumque
3547 3687 3652 3743 sibi
3685 3687 3853 3743 vani-

437 3778 660 3850 pridem
692 3775 1000 3835 imminere
1027 3778 1279 3833 videtur.
1328 3779 1474 3834 Nam
1505 3784 1569 3834 ut
1598 3778 1704 3848 illi,
1764 3781 1836 3835 de
1867 3780 2086 3851 quibus
2195 3784 2311 3835 tate
2343 3779 2602 3835 nominis
2646 3782 2944 3849 arrogant,
3003 3781 3071 3831 ut
3126 3778 3452 3832 Romanum
3508 3775 3851 3848 imperium,

436 3868 612 3924 modo
635 3867 925 3934 dicebam,
959 3867 1317 3923 sanctissimi
1350 3867 1457 3923 viri
1491 3885 1562 3924 ne
1590 3868 1894 3923 veritatem
1926 3868 2085 3923 inul-
2195 3870 2245 3925 si
2280 3874 2394 3924 Deo
2426 3867 2633 3939 placet,
2664 3870 2951 3937 tanquam
2996 3864 3260 3920 debitum
3300 3868 3584 3937 repetant.
3616 3865 3730 3921 Sed
3762 3880 3857 3920 me

434 3957 1212 4022 tamdesererent,extrema
1234 3955 1698 4027 omniapatinon
1717 3957 2085 4025 dubitabant,
2188 3958 2549 4030 jamdudum
2598 3955 2864 4029 prooemii
2921 3958 3107 4009 metas
3165 3953 3362 4026 egredi
3415 3954 3639 4010 sentio:
3674 3970 3856 4025 quare

435 4044 707 4118 injurias,
740 4044 1145 4116 contumelias,
1180 4044 1584 4118 relegationes,
1613 4046 1906 4117 exsilium,
1932 4062 2089 4101 mor-
2199 4044 2522 4101 Athanasio
2543 4045 2767 4113 cedam,
2793 4047 2859 4099 ut
2880 4042 2978 4098 ubi
3001 4043 3273 4114 volueris,
3297 4043 3638 4099 beatissime
3670 4044 3853 4113 Pater,

434 4138 553 4191 tem
587 4135 843 4206 denique
903 4134 1115 4207 ipsam,
1178 4134 1228 4190 si
1262 4134 1504 4191 falsitati
1537 4134 1706 4191 aliter
1744 4135 1977 4190 obviam
2009 4135 2091 4191 ire
2198 4136 2389 4190 virum
2422 4135 2629 4190 audias
2678 4132 2951 4206 praeclare
3008 4148 3144 4188 cum
3200 4132 3336 4188 Ario
3394 4132 3467 4187 de
3497 4130 3709 4187 Christi
3742 4131 3857 4187 ﬁde

439 4241 556 4280 non
590 4228 895 4296 poterant;
931 4225 1015 4280 sic
1045 4227 1108 4280 tu
1140 4242 1348 4297 nuper,
1378 4224 1718 4280 beatissime
1749 4224 1937 4291 Pater,
1963 4225 2090 4280 nul-
2206 4228 2549 4280 certantem.

436 4313 565 4370 lum
599 4313 885 4381 laborem,
917 4313 1146 4369 nullum
1169 4313 1498 4387 periculum
1522 4314 1829 4383 recusasti,
1854 4318 1920 4370 ut
1942 4330 2096 4370 com-

440 4487 509 4549 In
542 4485 815 4546 editione
844 4485 1126 4547 Parisina
1189 4486 1337 4547 anni
1397 4487 1553 4547 1520
1608 4484 1745 4546 haec
1801 4485 2042 4546 Nicolai
2097 4485 2346 4547 Beraldi
2403 4483 2671 4562 epistola
2728 4481 3154 4561 praemittitur,
3214 4481 3323 4541 ubi
3383 4480 3615 4562 agitur,
3649 4478 3859 4562 perin-

518 4566 593 4627 de
639 4584 712 4627 ac
753 4566 817 4626 in
889 4568 1171 4645 sequeuti
1245 4566 1639 4646 praefatione,
1712 4568 1791 4626 de
1861 4566 2341 4628 Commentariis
2408 4559 2893 4643 Thesphytacti,
2970 4581 3113 4642 quae
3174 4568 3328 4622 tunc
3370 4566 3442 4621 ut
3482 4559 3861 4621 Athanasia-

520 4666 670 4707 num
704 4665 862 4727 opus
894 4648 1059 4708 inter
1086 4647 1521 4709 Athanasiana
1549 4646 1784 4726 scripta
1812 4647 1957 4707 cudi
1987 4648 2296 4709 solebant.

808 4745 1077 4801 Nicotaus
1106 4744 1391 4815 Beraldus,
1424 4743 1730 4801 doctissimo
1759 4760 1823 4799 ac
1848 4746 2455 4873 δαρὶρπιίδδίὲιοβνῗευ

1889 4832 2136 4873 emscooo
2211 4860 2223 4873 .
2310 4859 2323 4871 .
2406 4859 2418 4871 .

1861 4746 2252 4816 sapientissimo
2276 4744 2508 4816 praesuli
2540 4742 2801 4797 Michaeli
2831 4740 3047 4811 Bodeto,
3076 4740 3508 4811 Lingoncnsium

1889 4818 2136 4873 episcooo
2166 4817 2223 4873 S.
2259 4822 2323 4873 P.
2356 4817 2418 4871 Ι).
3154 4864 3161 4867 ς

1889 4832 2136 4888 episcopo
2166 4832 2223 4873 δ.
2259 4832 2323 4873 Ρ.
2356 4832 2418 4871 u.

510 4907 591 4961 Ea
620 4908 709 4962 est
738 4905 1134 4962 humanarum
1154 4922 1351 4961 rerum
1383 4905 1659 4972 conditio,
1683 4920 1750 4960 ea
1778 4904 1889 4970 lex,
1923 4906 1974 4961 is
1996 4921 2091 4977 ge-
2120 4909 2167 4973 D
2199 4922 2379 4962 causa
2404 4919 2640 4959 summo
2694 4905 2833 4957 sunt
2886 4909 2940 4957 el
2996 4900 3237 4973 ingenio
3298 4905 3358 4956 et
3382 4900 3582 4957 labore
3610 4897 3867 4973 inventa,

440 4995 596 5064 nius,
629 4994 843 5067 praesul
877 4994 1334 5066 sapientissime,
1368 4998 1431 5049 ut
1461 4995 1532 5050 ab
1567 4993 1694 5065 ipso
1726 4998 1854 5051 ortu
1887 5011 1994 5049 suo
2024 4994 2084 5047 in
2196 4987 3871 5066 quaequenondiumodoﬂorentissima,sedetiamimmor—

440 5085 698 5141 deterius
731 5090 1011 5157 perpetuo
1033 5083 1326 5149 labantur,
1348 5084 1419 5138 ab
1444 5082 1747 5154 initiisque
1765 5083 1891 5138 suis
1917 5082 2088 5155 longe
2196 5083 2337 5139 talia
2366 5097 2495 5137 esse
2527 5078 2930 5147 conveniebat,
2981 5095 3050 5135 ea
3106 5078 3190 5134 sic
3234 5079 3307 5135 ab
3339 5076 3688 5135 hominibus
3720 5074 3870 5147 ipsis

442 5174 674 5243 lateque
705 5174 1078 5246 degenerant,
1113 5189 1147 5226 a
1200 5188 1443 5243 seseque
1475 5171 1813 5227 dissedeant
1835 5173 2087 5242 jamjam
2199 5171 2545 5244 plerumque
2574 5168 2847 5225 temerari
2903 5167 3174 5223 videmus
3233 5184 3300 5223 ac
3346 5166 3553 5239 pollui,
3589 5169 3657 5221 ut
3687 5179 3870 5235 quam

444 5266 809 5333 postremum
843 5263 1110 5334 periturae
1138 5280 1149 5317 :
1186 5261 1339 5331 quod
1364 5277 1497 5315 cum
1521 5278 1671 5333 sazpe
1702 5260 1867 5315 nulla
1900 5260 2088 5315 homi-
2201 5264 2342 5315 sunt
2370 5261 2442 5315 ab
2471 5258 2589 5314 illis
2609 5259 2679 5313 ad
2708 5274 2882 5313 usum
2910 5255 3244 5313 mortalium
3269 5257 3569 5328 sapienter
3598 5253 3870 5339 cogitata,

445 5367 586 5405 num
623 5350 812 5422 culpa,
846 5353 947 5407 sed
980 5356 1201 5407 natura:
1224 5350 1411 5422 ipsius
1434 5350 1664 5405 decreto
1684 5350 1939 5421 quodam
1962 5365 2091 5404 eve-
2198 5354 2320 5404 tam
2342 5364 2497 5404 nunc
2514 5349 2585 5403 ad
2607 5364 2809 5403 eorum
2832 5345 3147 5418 perniciem
3176 5348 3247 5401 ab
3270 5344 3391 5402 illis
3411 5347 3687 5415 corrupta
3704 5340 3875 5398 adul-

445 5439 588 5506 niat,
623 5456 687 5495 eo
722 5441 1023 5496 ferendum
1055 5445 1143 5496 est
1185 5439 1426 5512 mquias,
1460 5456 1574 5511 quo
1624 5437 1786 5492 nulla
1832 5438 2093 5491 humana
2202 5443 2505 5509 terataque
2537 5454 2665 5492 esse
2710 5437 3042 5491 videantur.
3102 5439 3272 5501 Nam,
3305 5438 3370 5490 ut
3424 5432 3538 5490 alia
3573 5432 3847 5487 omittam
3872 5471 3887 5497 ,

446 5547 575 5602 ope,
608 5528 767 5584 nullo
801 5531 1102 5585 hominum
1136 5530 1398 5600 consilio,
1450 5546 1518 5585 ea
1548 5544 1675 5584 sors
1705 5526 1870 5581 vitari
1907 5531 2095 5599 potest
2204 5528 2339 5599 quis
2372 5543 2487 5581 non
2520 5526 2679 5581 videt
2711 5528 2932 5597 quanta
2964 5523 3042 5580 sit
3069 5522 3476 5595 superioribus
3509 5519 3741 5577 seculis
3768 5518 3877 5574 bo-

448 5623 623 5691 atque
682 5619 978 5674 interdum
1010 5637 1083 5675 ne
1139 5620 1359 5675 differri
1391 5618 1650 5690 quidem.
1713 5616 1771 5670 Id
1800 5633 1933 5671 vero
1978 5633 2092 5671 non
2208 5618 2301 5673 nis
2332 5616 2557 5671 artibus
2581 5631 2646 5669 ac
2670 5612 2890 5669 studiis
2922 5629 2955 5667 a
2978 5612 3243 5667 barbaris
3264 5611 3459 5667 clades
3484 5609 3669 5679 illata,
3694 5623 3875 5680 quam

448 5708 623 5781 paulo
654 5708 977 5781 indignius,
1002 5710 1157 5780 quod
1176 5726 1301 5781 quas
1336 5709 1406 5763 ab
1424 5706 1764 5765 hominibus
1786 5704 2094 5761 hominum
2210 5705 2360 5761 fcede
2392 5722 2425 5760 a
2456 5703 2661 5760 Gothis
2692 5701 2823 5759 istis
2851 5698 3176 5773 disciplinae
3225 5716 3431 5759 omnes
3461 5700 3770 5772 corrupta,
3792 5694 3877 5761 ab

518 5817 725 5877 3Joan.
756 5833 814 5890 x,
848 5818 936 5874 11.
