4170 6414
1496 430 2069 501 PREFA’I‘IONES
2113 428 2500 501 VETERES.

3568 426 3713 515 xm:

277 566 547 626 ‘indoctis
574 572 810 636 vexata,
843 588 876 627 a
905 568 1208 645 sophistis,
1239 588 1387 645 pene
1440 572 1708 640 dixerim,
1748 589 1944 628 excar-
1975 576 2030 639 Α
2056 571 2434 643 loquaculum
2457 589 2524 631 ac
2542 574 3001 644 barbarum,non
3027 578 3199 637 modo
3230 582 3448 654 ingenii
3471 602 3713 643 succum

296 657 599 715 niﬁcata?
649 677 776 732 qua
823 661 1062 716 tandem
1107 660 1491 734 philosophia
1545 679 1681 735 pars
1713 676 1830 717 non
1862 665 1949 716 est

296 746 449 802 hanc
471 748 889 805 contumeliam
908 752 1188 822 experta?
1217 751 1686 822 quotusquisque
1708 767 1841 805 vero
1864 756 1952 806 est

295 836 595 909 exiis,qui
628 854 690 893 se
722 837 883 894 solos
916 838 1332 911 Peripateticos
1349 856 1413 895 ac
1428 838 1812 911 philosophos
1851 839 1951 894 ha-

295 924 421 980 beri
449 926 671 998 volunt,
705 929 892 999 deque
923 928 1231 984 Aristotele
1262 928 1389 1000 ipso
1425 929 1654 1001 egregie
1682 945 1741 984 se
1775 928 1949 983 meri-

297 1017 391 1070 tos
419 1014 747 1086 gloriantur
774 1034 840 1072 ac
892 1018 1229 1090 pradicant,
1262 1034 1437 1088 quem
1469 1034 1586 1073 non
1616 1017 1805 1089 magis
1837 1022 1951 1071 Bu-

298 1102 485 1159 ridani
520 1106 717 1162 nescio
748 1109 917 1179 cujus
948 1106 1118 1163 lectio
1149 1110 1549 1178 teneat,quam
1583 1105 1950 1162 Aristotelis?

298 1201 517 1274 quique
547 1203 833 1261 immania
861 1204 964 1261 illa
993 1203 1348 1277 glossemata
1394 1204 1543 1275 (qua
1575 1207 1738 1259 tanto
1770 1202 1953 1275 philo-

297 1290 482 1361 sopho
530 1292 780 1350 nimium
833 1294 1207 1366 impudenter
1267 1293 1666 1361 ascribuntur,
1727 1310 1793 1348 ac
1851 1308 1954 1363 pro

296 1379 679 1438 Aristotelicis
700 1382 918 1454 passim
936 1382 1212 1453 citantur)
1225 1398 1343 1438 non
1361 1381 1547 1454 pluris
1573 1382 1951 1453 laciat,quafn

298 1485 430 1540 qua
456 1471 545 1526 vir
567 1470 666 1526 ille
698 1473 756 1526 in
778 1472 938 1527 omni
960 1470 1407 1543 disciplinarum
1439 1486 1649 1543 genere
1680 1487 1952 1527 summus

297 1562 465 1614 tanta
484 1576 623 1616 cura
653 1577 719 1616 ac
751 1560 945 1617 studio
977 1565 1035 1616 et
1082 1560 1371 1631 exquisita
1403 1565 1461 1615 et
1490 1561 1712 1631 scripta
1758 1565 1952 1632 poste-

300 1648 382 1701 ris
412 1647 661 1719 legenda
690 1649 928 1721 reliquit
962 1649 991 1705 ‘2
1021 1666 1087 1704 ac
1118 1650 1187 1704 de
1214 1648 1524 1705 Aristotele
1554 1650 1793 1721 quidem
1825 1650 1955 1721 ipso

302 1736 472 1792 facile
493 1742 794 1810 utcunque
815 1739 1095 1807 fuerat,ut
1124 1740 1293 1810 cujus
1318 1739 1951 1811 doctrina,quanquam

301 1825 647 1882 admiranda
662 1844 728 1883 ac
749 1845 1003 1884 summa.
1035 1827 1362 1884 Christiana
1385 1827 1735 1900 simplicitas
1756 1844 1953 1884 carere

298 1915 573 1987 potuerit,
607 1916 721 1973 nisi
750 1918 886 1973 inde
915 1918 1173 2019 excitata
1201 1918 1403 2019 eadem
1438 1917 1953 2018 malilabesﬁpsas
1984 1954 2032 2019 B

296 2019 531 2075 quoque
560 2010 965 2062 sacrosanctae
996 2005 1175 2077 leges,
1235 2005 1449 2078 quibus
1494 2007 1766 2076 vivimus,
1791 2007 1948 2077 jam-

294 2092 523 2165 pridem
555 2093 1048 2167 occuparet.lllud
1079 2111 1252 2167 porro
1282 2093 1691 2167 indignitatem
1715 2112 1950 2151 omnem

295 2198 362 2237 su
371 2186 558 2255 perat,
582 2183 737 2255 quod
766 2182 1217 2255 quamplurima
1249 2183 1359 2239 hoc
1389 2183 1600 2239 sacula
1631 2189 1838 2240 exorta
1862 2200 1953 2239 ra-

296 2288 384 2326 na
423 2278 564 2342 (quo
595 2272 832 2327 nomine
861 2272 1057 2344 potius
1087 2272 1383 2343 sophistas
1411 2272 1698 2344 appellem
1726 2274 1768 2345 P)
1798 2273 1956 2328 Salo-

298 2359 493 2415 monis
523 2359 836 2432 templum,
871 2376 935 2416 ac
966 2359 1182 2416 Christi
1215 2376 1447 2432 quoque
1495 2360 1813 2417 Ecclesiam
1846 2379 1953 2417 nu-

298 2465 404 2520 per
432 2448 672 2518 adorta,
703 2448 894 2521 ipsam
937 2448 1331 2521 evangelicam
1362 2450 1665 2505 veritatem
1698 2450 1779 2506 ita
1808 2450 1954 2507 fade

298 2536 970 2609 distrahunt,diripiunt,
997 2540 1257 2594 lacerant
1283 2556 1296 2606 ;
1321 2542 1385 2593 ut
1416 2555 1544 2611 qua
1567 2556 1672 2595 suo
1703 2540 1955 2594 candore

294 2625 569 2695 illustris,
603 2626 839 2693 eximia,
868 2626 1091 2683 intacta
1143 2632 1633 2700 sacrosanctaque
1696 2645 1824 2684 esse
1855 2628 1953 2683 de-

295 2714 525 2781 buerat,
578 2715 650 2770 ab
684 2715 756 2770 iis
788 2732 904 2771 non
959 2717 1130 2771 modo
1179 2716 1238 2771 in
1271 2716 1535 2772 ordinem
1568 2723 1789 2787 coacta,
1852 2716 1952 2774 sed

295 2803 615 2877 suggillata
642 2805 817 2861 etiam
850 2803 924 2860 sit
955 2822 1021 2861 ac
1043 2821 1191 2877 pene
1220 2806 1535 2879 prostituta
1567 2824 1579 2860 :
1614 2824 1717 2863 nec
1740 2809 1957 2864 desunt

295 2897 496 2949 tamen
518 2893 574 2965 (o
604 2896 869 2966 tempora
894 2894 933 2967 l)
965 2895 1066 2966 qui
1101 2911 1168 2950 ex
1189 2894 1527 2952 istiusmodi
1558 2896 1787 2952 lacunis
1826 2915 1955 2954 ma-

293 2981 611 3055 lint,quam
636 2999 705 3038 ex
733 2987 991 3039 veterum
1020 2983 1426 3057 theologorum
1449 2984 1787 3057 purissimis
1827 2988 1952 3043 fon-

294 3071 455 3127 tibus
476 3071 709 3128 haurire
743 3090 757 3128 :
790 3076 1139 3145 tantumque
1168 3073 1252 3130 eis
1274 3075 1399 3146 jam
1434 3075 1716 3145 tribuant,
1782 3080 1847 3131 ut
1902 3076 1953 3132 si

297 3176 474 3232 quem
503 3160 739 3216 videant
794 3161 1056 3232 antiquis
1116 3179 1181 3216 ac
1213 3162 1554 3218 melioribus
1607 3163 1818 3220 litteris
1851 3166 1952 3220 ad-

297 3249 621 3315 dictum,ab
652 3248 710 3303 id
743 3266 931 3320 genus
952 3250 1186 3321 scriptis
1208 3250 1294 3305 vel
1315 3250 1615 3306 tantillum
1644 3253 1950 3309 dissidere.

296 3337 568 3392 eumdem
603 3338 872 3408 protinus
902 3354 933 3392 e
964 3338 1207 3392 sublimi
1240 3337 1342 3393 illa
1374 3339 1773 3412 lheologerum
1820 3359 1952 3398 arce
1980 3325 2023 3392 C

296 3426 675 3481 deturbatum
691 3426 844 3482 infra
859 3426 1179 3483 vilissimos
1195 3429 1636 3499 grammatistas
1650 3430 1952 3502 abjiciant.

296 3522 688 3579 Rhetorculus
715 3528 823 3593 est,
856 3523 1152 3597 inquiunt,
1186 3531 1355 3598 poeta
1409 3531 1499 3583 est
1529 3544 1645 3583 non
1694 3528 1952 3601 philoso-

294 3612 471 3683 phus,
506 3630 620 3669 non
651 3612 980 3686 theologus.
1013 3614 1200 3678 Quare
1232 3615 1448 3671 mirum
1483 3633 1599 3673 non
1630 3620 1792 3685 est,si
1827 3637 1954 3691 pas-

295 3701 409 3758 sim
440 3718 677 3757 summa
705 3719 952 3775 quaque
974 3703 1086 3758 sibi
1117 3719 1305 3775 genus
1337 3705 1395 3760 id
1426 3705 1736 3763 hominum
1767 3709 1954 3765 vindi-

294 3794 406 3859 cet,
439 3794 505 3846 ut
534 3791 629 3846 cui
661 3790 808 3847 nihil
839 3808 955 3847 non
988 3791 1097 3846 hoc
1126 3794 1473 3864 saculojam
1495 3797 1950 3865 concedatur,ob

297 3878 719 3937 subtilissimas
767 3880 991 3937 scilicet
1019 3879 1392 3938 collectiones
1448 3883 1614 3955 istas,
1653 3885 1948 3954 elenchos,

296 3968 717 4041 captionesque
738 3986 804 4025 ac
833 3968 1359 4042 scphismata,qua
1394 3975 1611 4040 tamen,
1646 3978 1709 4028 ut
1734 3979 1952 4032 Seneca

297 4057 509 4128 inquit,
543 4074 648 4114 nec
678 4058 975 4130 ignoranti
1008 4064 1386 4131 noceant,nec
1417 4061 1700 4118 scientem
1733 4064 1853 4119 ulla
1883 4082 1952 4122 ex

297 4151 461 4218 parte
481 4147 711 4217 juvent.
738 4146 918 4217 quue
938 4146 998 4203 in
1030 4147 1244 4204 divinis
1274 4149 1487 4205 litteris
1510 4151 1695 4208 multo
1727 4154 1947 4211 minus.

294 4242 442 4299 Nam
474 4244 546 4314 si,
580 4248 646 4299 ut
672 4244 931 4316 tragicus
961 4245 1203 4316 quidam
1237 4247 1493 4320 scripsit,
1525 4249 1788 4306 veritatis
1809 4252 1952 4309 sim-

290 4330 423 4403 plex
452 4336 542 4389 est
568 4332 775 4400 oratio,
809 4349 1093 4405 quorsum
1126 4334 1413 4392 attinebat
1466 4353 1593 4410 qua
1623 4355 1657 4394 a
1686 4340 1949 4399 veritatis

288 4424 529 4478 auctore
558 4422 823 4495 profecta
862 4426 1018 4492 sunt,
1052 4439 1297 4497 quaeque
1348 4424 1549 4483 fallere
1608 4444 1726 4484 non
1758 4431 1948 4503 magis

289 4513 561 4582 possunt,
593 4526 774 4583 quam
804 4511 1021 4568 veritas
1078 4512 1229 4585 ipsa,
1263 4530 1391 4586 qua
1448 4532 1555 4572 nec
1613 4514 1784 4584 fallit,
1840 4537 1948 4577 nec

288 4597 534 4665 fallitur,
596 4600 805 4672 acutis,
839 4604 905 4656 ut
931 4617 1066 4658 vere
1095 4601 1364 4672 dixerim,
1418 4603 1822 4665 deliramentis
1877 4627 1944 4666 ac

2059 677 2291 715 omnem
2322 662 2608 735 exhaurit,
2642 666 2741 719 sed
2791 667 3021 738 pietatis
3069 670 3243 725 etiam
3292 671 3482 744 ipsius
3514 674 3706 746 ignem

2062 750 2445 821 ardoremque
2477 754 2897 825 exstinguit,ut
2928 757 3142 813 mirum
3179 777 3292 814 non
3326 762 3421 829 sit,
3456 765 3505 817 si
3538 764 3621 819 sic
3652 766 3711 819 in

2061 840 2452 909 quorumdam
2488 858 2719 912 quoque
2744 847 3075 914 pectoribus
3103 849 3437 923 lrigeat,qui
3457 870 3518 908 se
3539 854 3714 926 vulgo

2060 935 2361 1006 theologos
2420 940 2800 1009 profitentur;
2836 943 2918 998 ita
2946 950 3171 1002 veteres
3205 947 3289 1003 illi
3352 952 3712 1009 suavissimo

2061 1025 2316 1095 quodam
2349 1042 2453 1081 ceu
2485 1027 2734 1085 calcatis
2766 1033 3071 1090 ambrosia
3103 1039 3317 1109 pabulo
3350 1041 3510 1113 pium
3535 1042 3712 1100 lecto-

2063 1131 2183 1169 rem
2216 1116 3214 1198 pascunt,fovent,saginant,neque
3245 1131 3471 1187 animos
3503 1150 3712 1189 vocum

2061 1201 2349 1258 illecebris
2409 1203 2670 1273 titillant,
2750 1210 2847 1263 sel
2910 1212 3105 1270 divino
3165 1219 3419 1288 quodam
3481 1226 3714 1279 nectare

2061 1291 2254 1347 ebrios
2283 1292 2613 1364 rapiunt,ac
2644 1300 3083 1358 transl'ormant.
3122 1294 3270 1361 Vivit
3302 1309 3358 1363 in
3392 1309 3506 1366 illis
3533 1312 3714 1384 spiri-

2061 1384 2156 1435 tus
2190 1380 2431 1452 quidam
2465 1382 2657 1454 plane,
2682 1389 2746 1440 ut
2775 1387 2859 1442 sic
2892 1388 3159 1463 dixerim,
3194 1396 3477 1465 viviﬁcus,
3510 1380 3717 1474 legen-

2061 1470 2138 1524 tis
2169 1470 2433 1525 animum
2465 1473 2786 1530 obfirmans
2818 1494 2881 1532 ac
2911 1485 3208 1552 vegetans.
3272 1487 3334 1541 In
3366 1487 3459 1543 his
3488 1470 3712 1563 contra,

2064 1560 2218 1631 quod
2248 1561 2318 1615 ad
2344 1577 2536 1616 rerum
2569 1563 2962 1623 humanarum
2991 1576 3415 1649 contemptum,
3439 1560 3715 1636 summa;

2066 1666 2178 1720 que
2221 1647 2381 1703 illius
2414 1653 2873 1725 exoptandaque
2925 1657 3305 1719 beatitudinis
3358 1647 3717 1725 desiderium

2064 1737 2558 1809 pertinet,mirum
2590 1748 2948 1816 quantopere
2973 1747 3221 1821 frigeant
3252 1754 3447 1811 omnia
3472 1772 3485 1811 :
3507 1774 3571 1811 ac
3599 1759 3722 1814 sic-

2065 1826 2147 1883 uti
2184 1828 2442 1899 torpedo,
2476 1846 2609 1884 cum
2641 1838 2848 1905 suapte
2879 1840 3089 1894 natura
3119 1857 3233 1895 non
3260 1847 3508 1915 torpeat,
3542 1848 3716 1904 mire-

2063 1920 2261 1972 tamen
2283 1916 2654 1976 adnatanteis
2682 1922 2752 1976 ad
2786 1940 2849 1978 se
2898 1926 3055 1996 pices
3086 1935 3358 1988 contactu
3388 1937 3712 2007 torpel‘acit,

2062 2004 2145 2060 ita
2173 2008 2572 2099 argumentosi
2596 2009 2977 2099 theologi,qui
3002 2018 3149 2073 nihil
3181 2020 3339 2077 aliud
3361 2004 3538 2095 quam
3564 2004 3716 2099 qua-

2063 2094 2319 2149 stionum
2350 2097 2677 2154 tendiculas
2736 2118 2802 2156 ac
2833 2104 2973 2161 retia
3002 2112 3322 2177 sectantur,
3355 2094 3488 2169 cum
3521 2094 3626 2188 per
3654 2134 3717 2174 se

2062 2182 2291 2239 caleant
2316 2186 2688 2259 satis,utpote
2709 2190 2767 2246 in
2800 2192 3155 2264 dipustando
3188 2217 3349 2257 acres
3382 2219 3447 2259 ac
3466 2182 3719 2263 animosi

2063 2272 2181 2328 imo
2212 2290 2344 2329 vero
2377 2292 2680 2348 nunquam
2700 2278 2825 2337 'non
2880 2286 3203 2354 pertinaces
3250 2307 3318 2346 ac
3375 2293 3718 2365 refractarii,

2064 2369 2147 2425 nil
2178 2370 2337 2427 aliud
2368 2377 2566 2430 tamen
2598 2392 2772 2448 quam
2806 2378 3027 2438 lentum
3062 2387 3356 2456 quoddam
3408 2392 3587 2447 animi
3618 2393 3720 2448 fri-

2063 2476 2174 2532 gus
2198 2460 2525 2531 legentibus
2554 2465 2922 2538 immittunt;
2955 2481 3010 2527 et
3040 2478 3105 2529 ut
3132 2479 3459 2549 promptior
3480 2481 3613 2553 quis
3643 2484 3717 2539 ad

2064 2566 2324 2622 pugnam
2351 2553 2493 2642 inde
2524 2554 2771 2613 fortasse
2793 2562 3007 2630 redeat,
3042 2564 3114 2618 ad
3148 2566 3420 2637 pietatem
3454 2572 3714 2642 profecto

2064 2657 2235 2695 nemo
2267 2641 2532 2698 redditur
2559 2644 2919 2721 instructior,
2953 2668 3123 2708 nemo
3156 2657 3385 2714 melior.
3431 2641 3510 2715 En
3535 2662 3717 2734 igitur

2062 2730 2181 2784 tuis
2212 2730 2495 2802 auspiciis
2554 2734 2611 2789 in
2668 2734 2859 2793 lucem
2900 2742 3148 2799 redeunt
3196 2747 3498 2805 Athanasii
3554 2730 3717 2809 illius

2065 2819 2260 2912 magni
2291 2819 2666 2912 Alexandrini
2699 2827 2955 2901 episcopi
2987 2832 3046 2887 in
3101 2835 3378 2894 Paulinas
3428 2839 3716 2912 Epistolas

2063 2906 2501 2978 Commentarii,
2534 2913 2747 2971 eximia
2776 2920 3029 2989 quadam
3063 2940 3197 2979 cum
3228 2906 3716 2999 eloquentia,tum

2063 2997 2325 3053 doctrina
2354 3000 2743 3071 refertissimi,
2777 3011 2949 3077 atque
2993 3011 3240 3069 antehac
3289 2997 3507 3089 ubique
3539 2997 3718 3075 raris-

2062 3086 2220 3152 simi,
2254 3103 2319 3141 ac
2336 3090 2653 3161 exemplari
2682 3097 2909 3151 vetusto
2942 3098 3182 3168 quidem
3213 3103 3363 3175 ipso,
3411 3086 3510 3161 sed
3540 3109 3715 3165 unico

2061 3179 2280 3241 tamen,
2312 3178 2633 3250 eodemque
2680 3180 2823 3238 locis
2853 3184 3183 3245 innumeris
3213 3199 3484 3265 corrupto
3516 3202 3720 3254 nostra

2064 3279 2240 3334 Opera
2268 3282 2457 3337 nuper
2482 3271 2785 3339 recogniti,
2848 3273 3151 3346 multoque
3173 3283 3503 3339 accuratius
3534 3302 3715 3356 quam

2063 3353 2309 3409 antehac
2332 3359 2389 3409 et
2417 3358 2730 3424 emendati,
2752 3365 2808 3415 et
2837 3361 3122 3420 distincti.
3147 3367 3292 3423 Nam
3325 3353 3713 3446 praterquam

2064 3441 2217 3512 quod
2254 3444 2515 3510 mendas,
2546 3446 2760 3516 quibus
2791 3467 2941 3522 opus
2969 3451 3164 3524 ipsum
3194 3473 3262 3512 ex
3293 3441 3419 3515 sese
3449 3441 3596 3519 satis
3624 3464 3713 3520 lu-

2062 3526 2385 3596 culentum,
2410 3531 2499 3586 vel
2533 3533 2905 3606 impressoris
2936 3540 3251 3613 imperitia,
3305 3547 3392 3602 vel
3437 3552 3718 3608 emenda-

2059 3617 2204 3673 toris
2234 3619 2465 3690 ignavia
2493 3622 2873 3694 depravatum
2907 3630 3236 3701 luerat,non
3266 3653 3482 3708 paucas
3512 3646 3714 3698 sustu-

2058 3706 2258 3780 limus,
2282 3708 2421 3765 illud
2454 3712 2628 3767 etiam
2664 3716 2833 3772 nobis
2889 3706 3289 3795 permisimus,
3340 3732 3406 3784 ut
3463 3728 3512 3784 si
3570 3732 3711 3803 quid

2061 3796 2292 3867 uspiam
2323 3815 2452 3856 esse
2483 3802 2698 3859 Latinis
2754 3808 2997 3865 auribus
3041 3810 3279 3883 durum,
3314 3819 3470 3888 quod
3500 3796 3604 3876 vel
3629 3821 3720 3878 in-

2058 3887 2339 3979 terpretis
2361 3889 2735 3979 negligentia,
2770 3912 2841 3951 ne
2873 3898 3011 3968 quid
3037 3899 3195 3957 aliud
3231 3887 3539 3979 dicam,vel
3571 3915 3721 3966 tem-

2060 3991 2270 4045 porum
2292 3977 2449 4044 vitio,
2473 3982 2691 4051 quibus
2724 3985 2939 4041 Latina
2972 4006 3033 4044 se
3067 3995 3325 4062 primum
3362 3977 3567 4054 littera
3600 4017 3709 4056 ca-

2060 4070 2273 4135 perunt
2298 4073 2775 4144 exerere,sapius
2804 4078 3037 4146 accidit,
3053 4080 3312 4154 idipsum
3350 4091 3711 4157 permutatis

2060 4162 2254 4219 verbis
2277 4164 2502 4238 aliquot
2550 4169 2696 4226 citra
2751 4176 3052 4232 sententia
3106 4179 3529 4242 detrimentum
3559 4188 3719 4246 velut

2060 4252 2480 4314 emolliremus.
2532 4260 2694 4325 Quod
2747 4261 2942 4334 ipsum
2974 4270 3171 4325 tamen
3204 4287 3270 4326 eo
3315 4274 3547 4345 parcius
3580 4278 3718 4334 feci-

2060 4357 2215 4409 mus,
2249 4347 2403 4415 quod
2430 4346 2598 4420 vulgo
2619 4350 2781 4408 nefas
2812 4370 2940 4411 esse
2968 4358 3301 4416 videremus
3324 4364 3380 4417 in
3412 4365 3595 4423 sacris
3621 4384 3717 4424 co-

2058 4431 2289 4490 dicibus
2320 4436 2623 4509 quidpiam
2655 4439 2977 4517 immutari,
3011 4446 3085 4501 ab
3113 4447 3353 4507 homine
3382 4457 3709 4524 prasertim

2055 4519 2115 4576 in
2147 4522 2219 4578 iis
2250 4522 2459 4581 litteris
2489 4526 2647 4584 haud
2680 4530 2761 4587 ita
2790 4532 2889 4588 diu
2920 4540 3167 4592 versato.
3192 4538 3301 4595 Sed
3337 4519 3443 4598 nec
3474 4559 3720 4618 magno-

2056 4628 2192 4683 pere
2220 4614 2465 4671 vacabat
2492 4616 2625 4673 aliis
2657 4620 3013 4691 quibusdam
3046 4631 3351 4700 occupato,
3372 4614 3716 4693 divina—hac

286 4688 533 4745 somniis
564 4688 866 4761 implicare
910 4689 938 4745 ?
965 4689 1062 4746 Na
1113 4692 1171 4747 id
1203 4707 1341 4766 ergo
1371 4697 1524 4750 recte
1553 4712 1620 4751 ac
1649 4697 1949 4769 sapienter
1976 4699 2026 4765 D
2057 4701 2255 4758 studia
2281 4708 2551 4775 tractare,
2587 4688 2732 4764 mihi
2763 4710 2980 4784 alioqui
3032 4688 3213 4788 grata‘
3256 4688 3419 4791 adeo,
3453 4688 3716 4798 adeoque

289 4776 435 4832 mihi
461 4778 678 4833 sentire
706 4778 1003 4851 videntur,
1037 4780 1139 4852 qui
1186 4798 1303 4837 non
1337 4783 1510 4839 modo
1571 4788 1939 4857 seponendos

290 4865 538 4923 novitios
567 4866 676 4923 hos
705 4869 931 4923 omneis
961 4885 1140 4941 prope
1159 4870 1464 4944 theologos
1486 4873 1592 4945 (ita
1610 4875 1766 4931 enim
1801 4893 1941 4933 sane

285 4958 583 5024 vocentur,
616 4956 758 5011 dum
791 4956 1196 5030 intelligantur
1226 4962 1399 5017 modo
1433 4962 1491 5018 id
1519 4964 1675 5035 quod
1708 4982 1801 5023 res
1829 4971 1938 5033 est,

287 5059 499 5117 nempe
519 5049 769 5117 augusto
793 5045 901 5101 hoc
924 5048 1159 5103 nomine
1176 5065 1275 5106 eos
1298 5051 1537 5108 demum
1565 5054 1685 5109 fore
1706 5055 1938 5128 dignos,

288 5133 385 5205 qui
415 5149 478 5189 se
510 5135 579 5189 ad
604 5134 865 5190 veterum
889 5135 1294 5210 theologorum
1316 5141 1614 5213 exemplar
1644 5160 1944 5217 compara-

284 5222 490 5295 verint,
524 5240 715 5295 neque
741 5223 972 5296 frigidis
1003 5227 1313 5299 argutiolis
1344 5229 1806 5301 immorandum,
1840 5251 1941 5291 ne-

286 5312 427 5367 dum
454 5313 910 5369 immoriendum
935 5330 1062 5371 esse
1084 5316 1195 5372 sibi
1222 5318 1742 5393 permiserint),sed
1769 5326 1941 5380 omit-

286 5401 492 5457 tendos
522 5402 697 5457 etiam
728 5401 788 5458 in
834 5406 1023 5459 totum
1081 5422 1148 5461 ac
1207 5407 1523 5477 ejiciendos
1584 5412 1944 5472 arbitrantur

282 5499 756 5572 revocandosque
783 5504 1006 5557 veteres
1032 5502 1166 5559 illos
1195 5521 1326 5560 vere
1356 5506 1939 5581 theologos,quorum

279 5588 484 5660 purior
514 5593 604 5644 est
632 5590 901 5656 elocutio,
930 5592 1195 5648 doctrina
1222 5598 1616 5667 praestantior,
1660 5601 1943 5659 sincerior

277 5677 488 5749 pietas,
518 5676 776 5734 Charitas
808 5679 980 5753 longe
1002 5681 1491 5742 ferventior.Nam
1520 5688 1696 5745 sicuti
1728 5708 1939 5750 novum

275 5764 384 5827 hoc
412 5766 755 5842 disputandi
788 5785 977 5846 genus
1007 5775 1286 5849 argutum
1317 5774 1559 5851 quidem
1590 5778 1810 5855 ipsum,
1834 5783 1937 5843 sed

2050 4796 2108 4847 et
2130 4791 2397 4862 jucunda
2426 4799 2483 4850 et
2506 4798 2727 4870 suavia,
2761 4804 2827 4855 ut
2856 4805 3062 4859 catera
3092 4807 3290 4864 omnia
3319 4811 3391 4866 ad
3418 4811 3563 4880 hac,
3593 4791 3711 4871 non

2051 4882 2226 4938 modo
2254 4883 2543 4941 inamana
2568 4887 2977 4964 insuaviaque,
3013 4896 3110 4950 sed
3147 4896 3318 4968 plane
3351 4899 3513 4955 ﬂocci
3550 4903 3714 4975 quis-

2053 4969 2362 5042 quiliaque
2381 4989 2511 5030 esse
2539 4976 2863 5035 videantur.
2890 4981 3079 5039 Unum
3112 4985 3258 5043 illud
3291 4969 3583 5047 afﬁrmare
3605 4992 3713 5049 tibi

2052 5076 2225 5131 posse
2244 5062 2461 5134 videor,
2495 5066 2964 5127 Commentarios
2996 5073 3192 5147 hosce,
3237 5094 3578 5152 quanquam
3628 5082 3713 5139 sic

2054 5164 2287 5222 quoque
2318 5150 2637 5241 eleganteis
2668 5174 2771 5228 per
2800 5175 2861 5215 se
2890 5162 3032 5218 satis
3055 5180 3120 5219 ac
3145 5165 3385 5232 nitidos,
3410 5150 3712 5241 aliquanto

2054 5242 2250 5294 tamen
2284 5240 2588 5300 nitidiores
2619 5246 2800 5304 fuisse
2830 5249 2890 5304 in
2922 5250 3117 5307 lucem
3154 5240 3712 5328 prodituros,isicubi

2051 5338 2314 5391 Graecum
2336 5340 2635 5411 exemplar
2664 5342 2718 5396 id
2753 5336 3177 5419 temporis,quo
3196 5350 3318 5407 hac
3340 5357 3706 5415 excudeban-

2052 5428 2166 5492 tur,
2200 5426 2445 5481 inveniri
2481 5430 2783 5500 potuisset.
2804 5433 2949 5491 Nam
2975 5454 3078 5491 nec
3110 5438 3359 5497 Budaus
3390 5444 3515 5516 ipse
3544 5450 3705 5519 tuus,

2051 5513 2400 5586 eloquentia
2421 5518 2508 5573 vir
2541 5520 2845 5593 utriusque
2868 5525 3284 5600 princeps,tam
3310 5513 3520 5590 eximio
3544 5537 3708 5607 operi

2052 5604 2138 5658 vel
2197 5606 2602 5677 inslaurando,
2653 5610 2740 5664 vel
2797 5615 3133 5687 reﬁngendo
3184 5604 3705 5695 componendoque

2051 5694 2717 5769 defuisset,operamque
2739 5700 2890 5758 hanc
2921 5705 3034 5761 sibi
3066 5707 3152 5764 vel
3171 5708 3513 5782 primariam
3537 5694 3707 5768 sum-

2050 5783 2376 5858 psisset,vel
2405 5786 2681 5849 vicariam
2703 5796 2966 5853 nostram
2990 5797 3367 5872 suajutrisset
3387 5798 3705 5879 industria,
