4170 6386
1516 402 2089 470 PREFATIONES
2136 403 2521 469 VETERES.
3667 433 3726 482 ιι

313 560 472 615 mus,
504 559 815 601 ceusuaam
848 559 1041 600 meam
1069 542 1223 599 inter
1248 545 1335 598 tot
1366 544 1675 613 tantosque
1698 543 1849 596 viros
1872 558 1968 595 no«
1998 546 2047 609 Α
2080 544 2197 592 tam
2224 540 2413 594 amica
2436 541 2746 610 paraenesis
2768 546 2825 597 et
2846 543 3173 599 adhortatio
3192 547 3284 601 vix
3308 545 3479 605 {idem
3503 546 3728 609 factura

314 634 418 690 lim
448 633 864 706 interponere:
925 638 1118 688 tamen
1177 633 1226 689 si
1287 632 1418 705 quis
1480 632 1746 703 privatim
1793 636 1967 701 atque

316 724 505 780 amice
536 741 629 780 me
660 730 844 796 roget,
880 725 1192 794 cujusnam
1223 738 1350 778 esse
1380 721 1644 788 arbitrer,
1688 721 1965 775 auderem

316 821 406 879 vel
430 823 771 894 juramento
798 820 1065 892 apposito
1084 820 1456 892 respondere,
1476 818 1697 874 nullius
1730 817 1968 890 quidem

319 912 559 967 omnino
590 910 829 966 alterius
842 926 991 977 esse,
1008 915 1398 981 praeterquam
1413 908 1737 977 Athanasii,
1765 907 1969 962 uieun-

320 1018 435 1075 que
462 1001 687 1056 varient
719 999 970 1055 hmreses
1001 1003 1059 1054 et
1088 998 1526 1061 sententiae,boc
1549 1015 1689 1053 sane
1716 997 1971 1051 maximo

322 1094 689 1162 argumento,
725 1090 879 1161 quod
928 1089 987 1142 in
1043 1086 1464 1159 Theophglaeti
1498 1085 1969 1153 Commentariis,

322 1196 449 1251 quae
474 1178 534 1233 in
556 1176 802 1233 Paulum
833 1175 1034 1243 edidit,
1068 1179 1125 1231 et
1156 1175 1271 1245 his,
1306 1191 1430 1243 quae
1462 1173 1636 1229 titulo
1668 1172 1972 1228 Athanasii

323 1267 839 1336 circumferuntur,
871 1263 1031 1320 varia
1059 1264 1317 1336 phrasis,
1348 1264 1545 1319 varius
1578 1262 1974 1335 stylus,variae

324 1357 691 1429 frequentius
722 1355 1021 1411 sententiae
1052 1370 1064 1409 :
1099 1358 1156 1409 et
1183 1353 1293 1408 hoc
1326 1357 1452 1408 tum
1487 1353 1546 1407 in
1580 1352 1815 1419 Graecis,
1848 1355 1974 1406 tum

324 1446 549 1502 Latinis
578 1445 903 1501 codicibus.
936 1444 1100 1511 Quod
1132 1460 1265 1498 cum
1295 1443 1378 1497 ita
1406 1441 1500 1510 sit,
1562 1442 1888 1514 praesertim
1916 1442 1975 1496 in

326 1537 668 1609 opinionum
694 1533 1055 1601 discrimine,
1089 1532 1191 1604 qui
1222 1532 1347 1587 ﬁeri
1379 1536 1588 1604 potest,
1633 1536 1698 1586 ut
1718 1547 1786 1586 ea
1818 1547 1975 1585 com-

328 1624 617 1681 mentaria
648 1622 877 1695 possint
902 1620 1338 1693 Theopbylacto
1359 1619 1692 1675 vindicari?
1711 1618 1977 1675 Aliorum

327 1718 526 1768 tamen
557 1716 682 1767 esto
707 1710 1035 1783 judicium:
1068 1727 1202 1765 nam
1226 1710 1355 1780 ejus
1378 1709 1458 1765 rei
1485 1708 1786 1764 veritatem
1819 1708 1975 1764 haud

330 1802 501 1874 plane
522 1817 762 1874 possum
786 1798 1516 1873 assequi.Verum,0ptime
1538 1797 1735 1866 lector,
1753 1814 1977 1869 nequa-

330 1908 507 1964 quam
536 1891 794 1947 nominis
815 1890 1104 1946 rationem
1122 1890 1331 1945 habeto
1358 1905 1370 1944 :
1395 1893 1567 1960 atque
1589 1888 1647 1941 id
1673 1886 1975 1943 unumtibi

333 1982 641 2055 persuade,
676 1981 1104 2051 cujuscumque
1151 1979 1388 2034 tandem
1423 1978 1561 2049 sint,
1596 1976 1741 2033 nihil
1776 1980 1983 2048 praeter

329 2071 845 2144 pietatem,praater
866 2068 1229 2140 religionem,
1249 2066 1504 2138 denique
1527 2084 1638 2137 prae
1650 2070 1733 2121 ter
1762 2066 1980 2121 sancti-

328 2166 509 2216 tatem
540 2160 613 2215 iis
644 2158 836 2214 inesse
862 2176 873 2214 :
908 2157 1213 2229 multoque
1242 2156 1418 2212 aliam
1480 2156 1598 2211 illic
1626 2156 1855 2212 vivendi
1889 2172 1980 2209 ra-

328 2251 549 2305 tionem
581 2248 840 2321 depingi,
873 2264 1050 2317 quam
1083 2263 1240 2302 nunc
1260 2246 1544 2317 temporis
1567 2247 1977 2301 observemus:

332 2364 461 2403 eam
493 2352 689 2402 tamen
721 2346 991 2401 Servator
1045 2350 1242 2400 noster
1272 2343 1541 2399 Christus
1598 2345 1834 2399 tandem
1875 2342 1982 2399 ali-

339 2436 574 2508 quando
604 2439 661 2489 et
690 2434 877 2489 redire
893 2433 1567 2503 etretlorescerejubeat.
1602 2433 1754 2489 Sane
1777 2433 1825 2487 si
1852 2433 1979 2505 plu-

335 2526 552 2580 rimum
585 2522 862 2579 laudibus
891 2523 1166 2579 eﬂerendi
1189 2526 1326 2578 sunt
1355 2522 1523 2594 ii,qui
1556 2540 1722 2577 saera
1752 2522 1985 2595 potissi-

332 2630 496 2669 mum
528 2612 1025 2685 tractant,quique
1054 2611 1349 2668 cccleslem
1373 2611 1586 2667 callent
1606 2612 1979 2684 sapientiam,

332 2703 485 2759 inter
515 2702 624 2759 hos
655 2702 939 2758 nimirum
998 2701 1360 2758 Athanasius
1417 2701 1645 2773 primus
1690 2718 1984 2759 commen-

330 2793 567 2849 dandus
596 2792 773 2859 venit,
835 2790 1004 2863 eique
1030 2791 1226 2863 paima
1270 2791 1427 2861 jure,
1464 2791 1794 2847 deferenda.
1835 2791 1982 2847 Nam

330 2883 485 2954 apud
519 2882 677 2938 hunc
706 2882 849 2937 adeo
879 2885 1019 2937 sunt
1074 2881 1273 2936 omnia
1303 2880 1499 2937 divine
1557 2880 1795 2953 scripta,
1840 2882 1983 2937 adeo

330 2976 473 3027 sunt
502 2971 738 3044 ingenio
766 2974 943 3044 atque
974 2975 1096 3026 arte
1128 2970 1471 3043 composita,
1507 2972 1650 3027 adeo
1682 2971 1900 3026 mirum
1922 2972 1982 3027 in

332 3060 615 3134 exemplis
671 3060 957 3134 eligendis
976 3059 1292 3132 judicium,
1351 3064 1418 3115 ut
1449 3060 1572 3116 ﬁeri
1632 3077 1748 3116 non
1774 3061 1980 3132 possit,

334 3158 479 3231 quin
510 3158 763 3214 subinde
794 3158 1095 3230 occuperis
1125 3158 1183 3214 in
1242 3158 1694 3230 contemplanda
1725 3160 1854 3229 ejus
1875 3160 1983 3215 viri

335 3247 732 3303 sublimitate:
765 3247 934 3313 tanti,
962 3248 1227 3319 inquam,
1261 3252 1328 3302 ut
1359 3247 1419 3301 in
1470 3247 1839 3303 enarratione
1869 3264 1983 3303 coe-

335 3335 574 3391 lestium
606 3336 1017 3407 mysteriorum
1050 3335 1209 3391 velut
1238 3335 1422 3390 solem
1455 3336 1770 3407 quemdam
1791 3337 1983 3407 suspi-

343 3422 519 3481 ciam.
560 3424 770 3491 Quare,
802 3425 1065 3494 obsecro,
1095 3425 1362 3495 quaedam
1410 3424 1645 3480 brevius
1678 3426 1985 3496 percurrit,

340 3513 606 3583 quaedam
641 3513 984 3585 tempestive
1014 3512 1304 3575 enucleat.
1335 3529 1542 3568 rursus
1586 3514 1850 3585 quaedam
1882 3531 1987 3570 saa-

339 3601 471 3673 pius
501 3602 757 3674 repetit?
780 3603 864 3658 Ne
892 3602 1213 3675 legentium
1274 3602 1558 3658 memoria
1588 3603 1879 3659 excidant.
1921 3605 1990 3660 Et

338 3691 459 3747 haec
481 3691 722 3764 quidem
744 3693 815 3748 de
841 3697 1076 3747 auctore
1101 3709 1113 3747 :
1137 3692 1209 3747 de
1240 3691 1540 3748 laboribus
1571 3710 1704 3748 vero
1725 3697 1781 3748 et
1812 3693 1987 3749 sudo-

333 3778 497 3835 ribus
529 3780 588 3835 in
619 3797 753 3836 eum
787 3780 1093 3853 impensis,
1149 3797 1337 3852 pauca
1393 3781 1700 3852 perstricte
1744 3781 1990 3838 dicenda

332 3870 689 3941 sunt.Atque
720 3869 779 3923 in
812 3869 1020 3941 primis
1038 3869 1220 3925 tantis
1250 3869 1567 3925 sudoribus
1601 3871 1744 3926 mihi
1766 3870 1988 3927 consti-

333 3957 423 4026 tit,
442 3962 507 4013 ut
535 3957 622 4014 vel
648 3958 1040 4029 jurejurando
1074 3959 1370 4014 afﬁrmare
1402 3959 1651 4015 audeam
1680 3977 1986 4033 nunquam

333 4046 670 4115 Herculem,
704 4052 771 4103 ut
828 4048 1173 4103 fabulantur
1202 4052 1412 4121 poetce,
1469 4052 1589 4103 tam
1636 4050 1989 4106 sustinuisse

336 4136 556 4192 laboris
589 4136 648 4191 in
680 4138 877 4208 Augiae
910 4136 1141 4193 stabulo
1200 4139 1591 4210 repurgando,
1652 4156 1830 4209 quam
1859 4144 1986 4195 tum

336 4224 447 4281 hoe
479 4225 538 4281 in
561 4227 794 4297 negotio
818 4226 965 4281 mihi
988 4226 1361 4282 tolerandum
1393 4227 1571 4283 fuerit
1594 4246 1607 4284 :
1630 4229 1772 4284 adeo
1790 4234 1855 4283 ut
1874 4233 1988 4285 tre-

336 4322 538 4370 centos
568 4315 826 4388 amplius
854 4333 1078 4372 errores
1100 4316 1236 4372 inde
1258 4316 1618 4373 sustulerim.
1637 4319 1800 4384 Quod
1830 4318 1988 4375 haud

338 4404 513 4460 dubie
544 4404 737 4477 possis
768 4422 1137 4478 cognoscere,
1171 4406 1221 4461 si
1277 4405 1507 4462 collatis
1537 4407 1988 4479 exemplaribus,

337 4493 666 4564 perieulum
728 4495 956 4551 feceris.
1016 4496 1243 4550 Etenim
1305 4495 1587 4566 quiddam
1645 4497 1801 4552 haud
1849 4515 1991 4555 sane

336 4583 577 4640 omnino
610 4584 930 4656 poenitendi
970 4584 1386 4657 praestitimus:
1423 4590 1599 4657 atque
1656 4603 1772 4641 non
1805 4604 1991 4657 pauca

2077 629 2172 682 sit.
2205 628 2399 683 Malim
2452 628 2607 684 enim
2670 631 2856 687 multo
2890 638 3076 688 marte
3124 638 3356 707 proprio
3418 639 3724 713 quidpiam

2078 717 2459 772 commentari
2492 723 2546 772 et
2576 724 3084 793 contexere,quam
3120 730 3415 781 auctorem
3448 729 3725 801 deprava-

2080 811 2206 861 tum
2239 822 2529 876 germana:
2561 812 2617 862 et
2646 825 2789 863 verae
2821 810 3054 865 lectioni
3109 814 3363 870 reddere.
3404 817 3589 880 Quam
3640 820 3729 875 ni-

2081 894 2297 949 mirum
2332 896 2686 966 provinciam
2721 898 2983 971 plerique
3014 902 3099 956 vel
3159 905 3541 961 eruditissimi
3573 910 3727 964 refu-

2083 983 2271 1055 giunt,
2306 985 2554 1039 scientes
2586 986 2724 1057 quia
2749 988 3130 1045 emolumenti
3163 1010 3369 1064 parum
3411 996 3608 1065 habet,
3640 997 3730 1054 la-

2086 1073 2240 1128 boris
2271 1090 2405 1128 vero
2428 1074 2805 1129 etcalumniic
2832 1076 3152 1149 plurimum
3183 1085 3559 1156 :sed,utjam
3592 1106 3732 1160 prae-

2084 1163 2239 1218 fatus
2269 1179 2423 1228 sum,
2456 1164 2632 1218 etiam
2665 1164 2786 1219 haec
2818 1167 3007 1222 decies
3039 1172 3303 1242 repetita,
3365 1175 3459 1230 vix
3489 1179 3730 1236 tandem

2085 1260 2460 1332 sycophantis
2477 1261 2832 1332 quibusdam
2856 1268 3190 1335 persuaderi
3208 1275 3500 1341 poterunt.
3534 1275 3735 1349 Neque

2085 1367 2218 1406 vero
2248 1355 2418 1422 putes
2452 1368 2557 1406 nos
2588 1368 2834 1408 mennas
2864 1353 2922 1408 in
2950 1356 3288 1415 universum
3316 1378 3520 1420 omnes
3542 1372 3738 1424 sustu-

2088 1438 2228 1495 lisse
2256 1440 2421 1512 (nam
2453 1441 2606 1512 quis,
2640 1440 2727 1497 vel
2760 1442 2900 1499 olim
2932 1444 3312 1505 doctissimus
3367 1450 3427 1505 id
3458 1460 3733 1525 praestare

2088 1529 2370 1601 posset?),
2402 1530 2501 1585 sed
2535 1531 2678 1586 adeo
2698 1530 2759 1586 in
2800 1548 2868 1587 ea
2898 1550 2958 1588 re
2986 1551 3092 1591 nos
3122 1538 3446 1612 sudavisse,
3464 1548 3529 1598 ut
3561 1563 3738 1618 opera

2090 1617 2275 1673 multo
2306 1620 2675 1675 emunctiora
2726 1620 3232 1696 luculentioraque
3290 1645 3447 1686 nunc
3495 1617 3737 1708 habeas,

2090 1723 2266 1779 quam
2297 1712 2469 1763 antea
2491 1706 2579 1763 vel
2611 1724 2679 1763 ex
2711 1707 2952 1780 Gallica,
2984 1713 3072 1767 vel
3107 1714 3455 1775 Germanica
3484 1706 3740 1783 editione

2088 1796 2687 1853 circumferebantur:
2749 1804 2807 1854 et
2836 1798 2987 1856 hanc
3039 1806 3420 1863 recentiorem
3451 1827 3518 1866 eo
3577 1814 3740 1872 cultu

2011 1886 2339 1985 Bprodire,
2400 1890 2461 1940 ut
2527 1886 2695 1942 veleri
2753 1889 2950 1945 omino
3009 1891 3357 1951 dissimilem
3416 1901 3738 1962 arbitreris.

2094 1974 2244 2029 Sane
2276 1976 2452 2046 (quod
2483 1979 2678 2031 tamen
2738 1978 2883 2034 citra
2942 1981 3454 2052 reprehensionem
3516 1993 3741 2052 dictum

2094 2062 2285 2135 velim)
2314 2063 2432 2119 sive
2462 2064 2770 2137 Gallicum,
2805 2067 2925 2123 sive
2982 2070 3392 2131 Germanicum
3445 2084 3743 2156 exemplar

2092 2153 2313 2223 absque
2340 2154 2571 2225 punctis
2602 2155 2944 2213 decentibus
2975 2159 3358 2233 claudicabat,
3392 2153 3743 2241 absquewlit-

2092 2241 2232 2296 teris
2264 2242 2608 2312 maiusculis
2639 2261 2745 2300 suo
2779 2245 2900 2301 loco
2929 2248 3349 2322 impingendis,
3376 2256 3615 2314 demum
3638 2279 3743 2319 saa-

2094 2329 2226 2401 pius
2258 2331 2479 2401 absque
2513 2332 2754 2389 artiﬁcio
2787 2338 3205 2407 grammatico:
3241 2346 3298 2397 et
3354 2343 3433 2398 ibi
3464 2349 3742 2418 periodus

2094 2428 2427 2498 notabatur,
2460 2430 2560 2485 ubi
2594 2430 2840 2503 legentis
2864 2436 3107 2506 spiritus
3139 2440 3451 2498 deciderat.
3486 2446 3636 2503 Sunt
3661 2451 3747 2505 ni-

2092 2516 2415 2573 hilominus
2447 2519 2687 2575 forsitan
2715 2527 2771 2576 et
2801 2523 2858 2577 in
2882 2523 2974 2579 bis
3006 2526 3443 2588 eharacteribus
3473 2537 3742 2607 quaedam

2092 2606 2348 2662 erratula
2376 2624 2388 2661 :
2422 2625 2549 2680 quaz
2580 2613 2776 2665 tamen
2809 2629 3047 2670 sensum
3083 2615 3286 2673 litterae
3328 2623 3573 2681 minime
3606 2644 3743 2699 pos-

2094 2700 2232 2751 sunt
2263 2698 2565 2766 invertere,
2597 2699 2645 2755 si
2680 2702 2948 2772 protinus
2971 2709 3028 2759 et
3057 2706 3365 2780 diligenter
3393 2698 3744 2773 emendave-

2092 2786 2195 2857 ris,
2230 2791 2427 2859 utpote
2456 2804 2492 2842 α
2521 2805 2624 2859 pro
2652 2806 2716 2858 ιε,
2749 2808 2787 2845 u
2818 2809 2921 2863 pro
2952 2811 3009 2860 η,
3043 2812 3069 2850 ,ς
3100 2814 3205 2868 pro
3233 2800 3276 2869 f,
3311 2804 3367 2855 et
3399 2807 3609 2861 caetera
3636 2807 3746 2864 hu-

2085 2876 2459 2946 jusmodi.Ea
2476 2877 2655 2949 igitur
2678 2896 2810 2935 cum
2835 2881 3193 2955 benignitate
3217 2886 3392 2944 simul
3418 2895 3477 2947 et
3507 2894 3740 2953 silentio

2094 2966 2432 3037 castigabis,
2462 2984 2579 3022 non
2608 2969 2931 3025 vociferans
2964 2978 3291 3031 erratorum
3322 2978 3653 3050 plaustrum
3685 2990 3746 3043 te

2095 3054 2550 3126 deprehendisse
2577 3073 2590 3110 :
2624 3056 2734 3112 hoc
2766 3060 2923 3113 enim
2954 3077 3069 3117 non
3101 3069 3191 3119 est
3228 3066 3576 3128 cbaritatem
3607 3074 3745 3130 imi-

2095 3143 2227 3211 tari,
2259 3160 2389 3216 qum
2420 3144 2715 3201 neminem
2747 3147 2926 3219 laedit,
2961 3153 3199 3222 prodest
3255 3158 3564 3217 omnibus:
3613 3167 3742 3221 tum

2094 3236 2289 3287 tecum
2320 3236 2377 3287 et
2392 3234 2565 3289 tacite
2599 3237 2920 3307 reputabis,
2952 3256 3059 3295 nos
3111 3241 3439 3302 etiamnum
3469 3249 3742 3310 homines

2016 3294 2058 3359 C
2097 3321 2308 3389 esse,id
2334 3320 2662 3379 estlubrico
2685 3325 2959 3393 insidere,
2992 3332 3493 3398 quemadmodum
3525 3343 3745 3411 caeteri,

2098 3410 2197 3480 qui
2217 3409 2514 3481 possimus
2536 3416 2593 3466 et
2613 3411 2819 3484 falli,et
2834 3414 3278 3477 fallere.Bonam
3297 3426 3491 3481 tamen
3511 3409 3745 3488 menda;

2099 3515 2229 3553 rum
2262 3503 2510 3591 partem,
2532 3500 2770 3591 siquas
2800 3503 3745 3591 deprehenderis,chalcographizs

2098 3588 2543 3644 tumultuationi
2562 3589 3055 3650 vindicabismihil
3071 3598 3225 3653 enim
3249 3602 3390 3657 adeo
3407 3588 3750 3675 terSe,adeo-

2100 3694 2211 3749 que
2241 3695 2384 3749 pure
2415 3679 2620 3734 excudi
2652 3685 2860 3751 potest,
2893 3684 3034 3753 quin
3066 3702 3298 3760 semper
3327 3690 3549 3765 aliquid
3593 3698 3744 3754 eceni

2100 3793 2214 3831 non
2248 3782 2581 3832 remaneat:
2617 3779 2716 3833 sed
2750 3779 2857 3834 hoc
2889 3787 3043 3837 certe
3068 3784 3213 3839 nulli
3245 3797 3462 3846 norunt
3507 3794 3744 3852 absolu-

2097 3865 2468 3932 tissime,nisi
2492 3867 2592 3937 qui
2616 3867 2933 3939 aliquando
2956 3872 3209 3931 similem
3240 3880 3549 3938 nobiscum
3571 3884 3747 3942 telam

2098 3959 2537 4011 contexuerunt.
2573 3956 2656 4012 Ob
2696 3958 3072 4030 imprimendi
3103 3964 3395 4037 siquidem
3427 3970 3748 4029 difﬁculta-

2098 4047 2237 4113 tem,
2257 4043 2379 4100 ﬁeri
2400 4062 2775 4118 nequaquam
2800 4054 3009 4121 potest,
3042 4058 3110 4108 ut
3138 4055 3224 4109 vel
3256 4073 3491 4115 summa
3520 4066 3577 4117 et
3606 4080 3749 4121 cura

2098 4138 2155 4188 et
2175 4134 2485 4190 sedulitate
2516 4137 2923 4208 apposita,non
2947 4145 3143 4199 tamen
3165 4143 3386 4218 aliquid
3418 4154 3747 4211 erratorum

2100 4222 2250 4279 inter
2270 4225 2674 4281 excudendum
2697 4227 2938 4284 incidat.
2970 4230 3033 4285 Id
3063 4233 3221 4290 enim
3253 4237 3518 4294 omnium
3544 4242 3750 4298 suffra-

2099 4312 2211 4385 giis
2241 4318 2300 4403 et
2328 4314 2552 4370 calculo
2584 4318 3027 4389 comprobatum
3086 4328 3195 4394 est,
3228 4331 3503 4396 praestare
3537 4346 3749 4403 nempe

2100 4420 2171 4457 ne
2202 4402 2321 4458 ulla
2350 4404 2628 4460 mendula
2654 4405 2713 4460 in
2772 4422 2921 4479 opus
2976 4408 3211 4482 aliquod
3270 4414 3512 4487 irrepat,
3557 4402 3745 4478 multo

2100 4509 2242 4549 sane
2260 4492 2559 4548 difﬁcilius
2580 4510 2915 4567 esse,quam
2934 4497 3023 4553 vel
3046 4500 3070 4553 J
3080 4501 3167 4555 ovi
3190 4502 3411 4560 fulmen
3444 4506 3549 4575 (ita
3576 4510 3735 4568 enim

2101 4582 2369 4654 garriunt
2400 4582 2711 4639 mendaces
2742 4586 2948 4657 poetae)
2983 4588 3067 4642 vel
3116 4589 3338 4648 clavam
3371 4593 3601 4651 Herculi
3644 4599 3744 4655 de-

336 4673 587 4745 pristino
619 4678 746 4729 tum
776 4675 1018 4730 candori
1049 4678 1175 4730 tum
1209 4674 1409 4731 sensui
1442 4675 1811 4731 restituimus
1840 4693 1853 4745 ;
1887 4677 1989 4733 sed
2021 4668 2065 4732 D
2099 4671 2365 4728 trahere:
2402 4672 2721 4744 praesertim
2753 4691 2887 4730 cum
2919 4676 3038 4732 sint
3068 4679 3211 4734 adeo
3244 4682 3473 4740 oculate
3502 4702 3748 4760 perpen-

335 4761 394 4817 id
428 4763 752 4835 cpitulante
783 4763 1052 4821 Christo:
1084 4781 1191 4820 nos
1218 4763 1374 4820 enim
1408 4780 1479 4819 ne
1512 4764 1825 4820 minimum
1859 4767 1988 4838 qui-

336 4861 472 4916 dem
503 4861 642 4918 boni
673 4879 741 4918 ex
772 4863 943 4919 nobis
974 4863 1118 4935 ipsis
1152 4879 1472 4935 possumus
1502 4863 1752 4929 efﬁcere,
1786 4868 1989 4935 utpote

336 4950 645 5021 homines;
678 4951 788 5008 hoc
819 4956 931 5020 est,
962 4952 1097 5024 plus
1128 4952 1288 5008 carni
1321 4952 1558 5022 addicti,
1600 4969 1776 5024 quam
1808 4954 1985 5026 spiri-

336 5040 445 5095 tui.
480 5041 550 5096 Et
580 5057 722 5097 sane
742 5040 993 5097 libenter
1020 5041 1252 5097 labores
1268 5041 1443 5097 tacite
1474 5042 1852 5114 praeterirem,
1886 5043 1986 5115 qui

337 5130 508 5187 nobis
538 5130 596 5186 in
633 5130 1033 5203 qualicunque
1062 5130 1472 5187 emendatione
1504 5131 1863 5203 suscipiendi
1893 5150 1987 5189 ve-

338 5224 572 5292 nerunt,
606 5237 678 5276 ne
732 5220 976 5276 forsitan
1032 5220 1310 5291 cuiquam
1369 5236 1601 5275 moroso
1633 5219 1985 5293 gloriosulus

338 5326 721 5382 apparerem:
757 5311 859 5366 sed
911 5310 1191 5382 quoniam
1244 5310 1414 5381 pauci
1472 5310 1790 5365 admodum
1824 5317 1985 5384 sunt,

337 5398 436 5469 qui
468 5403 621 5454 recte
651 5398 881 5455 labores
907 5399 1222 5467 aestiment,
1282 5415 1429 5470 quos
1491 5400 1785 5455 veteribus
1818 5402 1985 5457 resti-

335 5487 572 5543 tuendis
602 5488 944 5545 auctoribus
1001 5489 1341 5560 impendere
1399 5488 1686 5557 eonvenit,
1743 5488 1854 5544 nisi
1886 5490 1984 5561 qui

334 5575 652 5649 aliquando
684 5577 742 5632 in
776 5578 978 5633 eadem
1012 5577 1287 5650 palaestra
1317 5577 1741 5643 dimicaverint,
1794 5578 1985 5635 visum

331 5671 420 5722 est
451 5671 504 5723 te
537 5669 741 5739 paucis
773 5685 951 5741 super
980 5684 1049 5724 ea
1078 5685 1138 5724 re
1169 5668 1668 5724 commonefacere
1694 5684 1705 5721 :
1751 5669 1985 5724 tametsi

332 5772 447 5815 non
468 5757 663 5819 desint
682 5758 926 5839 quidam
949 5757 1405 5823 calumniatores
1425 5756 1841 5832 impii,quibus
1862 5757 1986 5819 haec

2099 4762 2291 4817 denda
2321 4760 2445 4817 cola
2475 4766 2531 4817 et
2586 4768 2902 4833 commata,
2961 4768 3322 4841 verbumque
3380 4774 3637 4846 phaleris
3686 4783 3744 4837 et

2098 4850 2281 4906 cultui
2300 4868 2723 4923 nonnunquam
2742 4853 2963 4911 diutius
2977 4856 3515 4934 immorandum,ad
3532 4884 3743 4928 sensus

2098 4940 2517 5007 obscuritatem
2549 4943 2890 4999 eruendam.
2923 4945 3033 5001 Sed
3064 4952 3293 5007 utinam
3316 4954 3625 5012 verborum
3660 4957 3747 5016 le-

2100 5030 2421 5096 nocinium,
2454 5030 2548 5085 cui
2585 5035 2701 5087 tam
2762 5033 2933 5089 multi
2983 5036 3118 5107 plus
3152 5055 3317 5110 aequo
3375 5044 3553 5100 dediti
3584 5053 3747 5120 sunt,

2099 5129 2299 5202 procul
2331 5128 2762 5202 ablegaremus,
2795 5149 2915 5188 rem
2948 5151 3080 5191 vero
3111 5136 3299 5208 ipsam
3332 5144 3592 5212 pressius
3622 5164 3746 5219 per-

2099 5220 2352 5291 pendere
2403 5219 2633 5310 liberet.
2666 5225 2814 5276 Sunt
2842 5224 2999 5278 enim
3033 5226 3274 5297 quidam
3308 5233 3611 5307 curiosuli,
3643 5240 3745 5310 qui

2098 5309 2238 5365 dum
2296 5309 2609 5364 verborum
2669 5310 3019 5383 elegantiam
3078 5319 3411 5387 attendunt,
3472 5309 3744 5386 umbram

2098 5400 2382 5454 duntaxat
2406 5416 2599 5453 rerum
2620 5400 3095 5472 degustant.Non
3118 5408 3273 5477 quod
3293 5410 3461 5465 velim
3490 5413 3740 5485 politum

2098 5493 2153 5544 et
2188 5492 2458 5544 ornatum
2491 5486 2719 5543 dicendi
2751 5506 3081 5547 sermonem
3116 5511 3242 5550 mea
3298 5514 3549 5557 censura
3577 5505 3743 5559 dam-

2098 5594 2275 5634 nare:
2313 5577 2363 5633 si
2393 5577 2548 5631 enim
2573 5576 2683 5632 hoc
2705 5579 2909 5634 vellem
2942 5584 3314 5653 persuadere,
3348 5588 3587 5659 plurimi
3621 5597 3740 5649 sta-

2098 5669 2202 5723 tim
2222 5666 2574 5735 exorientur,
2606 5666 2707 5736 qui
2735 5684 2826 5722 me
2850 5672 3228 5727 retunderent
3256 5692 3268 5729 :
3295 5678 3395 5732 sed
3444 5681 3597 5750 quod
3622 5681 3739 5735 ini-

2097 5773 2212 5832 quo
2245 5754 2427 5816 feram
2454 5754 2671 5829 animo,
2723 5755 2863 5829 quia
2892 5761 3011 5819 tam
3071 5759 3267 5842 multi,
3326 5767 3501 5840 atque
3530 5766 3571 5826 ii
3601 5784 3741 5834 sane
