4170 6400
430 399 527 449 le
1828 400 2440 464 PROLEGOMENA.
3744 417 3845 468 Liv

429 565 3847 611 M——__

975 795 1090 880 IN
1165 795 1523 885 VITAM
1594 795 1996 887 SANCTI
2064 799 2658 887 ATHANASII
2727 802 3308 892 MONITUM.

510 1229 564 1288 1.
627 1229 782 1290 Sera
849 1225 1245 1306 querimonia
1316 1231 1496 1299 esset,
1589 1227 1936 1306 aequalibus
2009 1228 2352 1308 amicisque
2435 1229 2738 1290 Athanasi
2809 1231 2960 1290 vitio
3031 1232 3206 1307 dare,
3280 1233 3449 1310 quod
3524 1234 3682 1294 tanti
3725 1233 3842 1296 viri

426 1332 604 1405 gesta
676 1325 921 1386 silentio
979 1324 1493 1405 praetermiserint
1577 1344 1780 1403 neque
1851 1326 2014 1386 ullus
2086 1326 2414 1386 familiaris
2485 1345 2558 1386 ea
2625 1328 2936 1387 scribendi
2995 1329 3384 1407 provinciam
3471 1331 3840 1410 susceperit,

427 1443 569 1505 quae
633 1423 769 1502 jam
828 1424 998 1484 haud
1044 1422 1176 1482 sine
1219 1423 1462 1500 ingenti
1505 1423 1720 1484 labore
1769 1423 1916 1483 hinc
1960 1429 2021 1484 et
2064 1424 2208 1484 inde
2255 1443 2287 1484 e
2334 1426 2753 1485 monumentis
2800 1432 3078 1486 veterum
3126 1428 3322 1506 repeti
3383 1435 3666 1507 possunt.
3714 1432 3841 1490 Du-

427 1541 513 1583 rae
557 1528 769 1601 partes
810 1521 1050 1599 {nobis}
1094 1526 1260 1597 sunt,
1336 1539 1477 1581 cum
1535 1520 1705 1580 haud
1781 1522 1986 1582 minor
2048 1523 2407 1582 sollicitudo
2466 1523 2772 1584 incumbit
2819 1525 2924 1602 qui
2971 1543 3308 1585 caveamus
3379 1534 3740 1587 commenta
3783 1534 3842 1588 et

427 1620 693 1695 fabulas,
757 1638 949 1699 quam
1021 1638 1147 1697 quo
1217 1625 1402 1698 pacto
1469 1638 1618 1679 vera
1661 1626 1722 1680 et
1765 1639 2066 1698 germana
2135 1621 2702 1700 deprehendamus.
2770 1625 2857 1682 Nc
2928 1641 3042 1682 nos
3112 1630 3322 1683 tamen
3396 1643 3690 1685 curarum
3745 1625 3843 1685 ni-

429 1719 548 1780 mis
589 1719 895 1798 poeniteat
938 1718 1150 1778 divino
1195 1717 1457 1778 consilio
1502 1726 1905 1796 prospectum
1952 1726 2065 1791 est,
2105 1719 2359 1796 quando
2405 1720 2730 1780 Athanasii
2788 1721 3021 1800 scripta
3064 1721 3222 1781 bene
3269 1723 3466 1783 multa
3515 1742 3552 1783 a
3596 1731 3843 1803 tempo-

430 1835 570 1877 rum
611 1816 878 1896 _injuria
921 1816 1240 1876 vindicata
1295 1822 1464 1889 sunt,
1511 1835 1780 1895 quorum
1841 1836 1961 1894 ope
2011 1817 2386 1896 plerumque
2429 1837 2576 1877 vera
2620 1838 2657 1877 a
2717 1819 2890 1878 falsis
2947 1819 3369 1880 internoscere
3413 1820 3492 1880 sit
3551 1822 3841 1882 facultas.

427 1914 608 1988 Quod
639 1915 690 1974 si
733 1913 906 1975 salva
950 1921 1012 1974 et
1054 1915 1300 1991 integra
1343 1914 1557 1974 omnia
1598 1920 1822 1985 essent,
1875 1914 2118 1974 facilius
2164 1916 2323 1974 foret
2368 1933 2405 1974 a
2449 1916 2838 1988 commentis,
2890 1934 2927 1975 a
2985 1917 3384 1996 praeposteris
3428 1919 3690 1996 putandi
3740 1938 3843 1979 ra-

427 2013 726 2088 tionibus,
762 2032 800 2073 a
844 2012 1096 2073 turbato
1143 2030 1352 2072 rerum
1397 2011 1636 2086 ordine,
1700 2031 1840 2092 quae
1886 2018 1957 2072 ut
2019 2011 2360 2091 plurimum
2407 2012 2470 2071 in
2515 2013 2773 2092 reliquis
2835 2015 3244 2091 scriptoribus
3302 2023 3664 2090 occurrunt,
3712 2036 3844 2079 sese

427 2111 746 2192 expedire.

504 2215 563 2272 2.
639 2213 723 2273 Ut
763 2209 928 2270 enim
992 2209 1073 2270 ab
1117 2208 1191 2268 iis
1251 2208 1596 2283 ordiamur,
1663 2210 1770 2287 qui
1835 2215 2114 2289 tempore
2160 2209 2486 2270 Athanasii
2550 2211 2860 2281 vixerunt,
2927 2211 3231 2272 Eusebius
3293 2232 3613 2291 perpauca
3660 2214 3843 2276 affert

423 2307 754 2371 Athanasii
821 2306 1015 2368 vitam
1088 2307 1457 2384 spectantia,
1533 2325 1606 2367 ac
1679 2312 1913 2367 mutuae
1973 2327 2114 2368 cum
2170 2309 2415 2368 Arianis
2490 2327 2698 2388 operae
2771 2329 2984 2381 causa,
3058 2311 3598 2388 suspiciosissima.
3662 2313 3842 2384 Quod

425 2413 636 2468 autem
683 2425 796 2487 per
864 2406 1022 2467 mihi
1095 2405 1321 2465 mirum
1387 2405 1652 2477 videtur,
1715 2423 1790 2464 ne
1853 2406 2112 2466 verbum
2182 2407 2435 2486 quidem
2511 2407 2586 2466 de
2632 2407 2978 2467 Athanasio
3023 2409 3226 2480 affert,
3277 2409 3430 2468 nihil
3489 2410 3566 2471 de
3612 2413 3842 2490 pugnis

426 2525 569 2567 cum
626 2505 858 2566 Ariana
915 2505 1164 2579 hmresi,
1225 2503 1382 2564 nihil
1432 2503 1509 2564 de
1564 2503 1767 2582 Tyriis
1823 2505 2030 2576 rebus,
2097 2511 2156 2564 et
2202 2505 2382 2583 quasi
2437 2526 2548 2584 per
2604 2505 3166 2566 dissimulationem
3228 2508 3560 2584 ignorandi
3621 2511 3840 2570 omnia

427 2605 725 2688 praeterit,
775 2609 932 2684 puta
1002 2603 1151 2681 quia
1194 2606 1511 2680 gestorum
1577 2603 1784 2680 pudor
1845 2602 2163 2662 silentium
2237 2603 2600 2682 imperaret.
2669 2604 2942 2664 llilarius
3004 2605 3202 2664 multa
3253 2606 3437 2666 affert
3479 2613 3841 2685 opportuna

425 2703 756 2767 Athanasii
825 2700 970 2762 vitae
1039 2700 1472 2761 adornandae:
1547 2705 1615 2760 at
1684 2718 1900 2761 eorum
1951 2701 2254 2781 pleraque
2312 2702 2476 2780 apud
2551 2702 2963 2762 Athanasium
3021 2703 3166 2763 item
3227 2704 3544 2781 leguntur,
3613 2705 3700 2765 ita
3771 2713 3842 2768 ut

425 2821 630 2884 pauca
660 2820 825 2862 nova
856 2805 918 2860 et
975 2799 1053 2860 ab
1098 2799 1236 2860 aliis
1285 2799 1525 2859 intacta
1575 2800 1826 2860 referat.
1885 2801 2024 2860 Jam
2079 2801 2157 2860 ad
2215 2819 2322 2860 eos
2370 2800 2764 2872 accedamus,
2816 2801 2923 2879 qui
2967 2802 3252 2880 proxime
3299 2802 3630 2863 Athanasii
3685 2811 3838 2864 aeta-

427 2909 552 2963 tem
611 2900 924 2972 vixerunt,
983 2898 1073 2958 ita
1118 2904 1186 2958 ut
1238 2915 1449 2957 senem
1520 2901 1581 2957 et
1639 2897 1850 2958 videre
1893 2902 1954 2957 et
2024 2898 2264 2976 alloqui
2322 2899 2663 2977 potuerint.
2741 2901 3074 2977 Gregorius
3145 2901 3572 2962 Nazianzenus
3656 2903 3840 2983 praeit

427 3004 612 3060 aetate
642 2996 1097 3075 dignitateque,
1156 3014 1273 3074 par
1329 3013 1476 3055 sane
1509 2996 1874 3056 enarrandis
1904 2996 2233 3057 Athanasii
2285 2997 2498 3075 gestis,
2559 2999 2964 3076 quantumvis
2997 2999 3214 3060 tritum
3276 3018 3347 3059 ac
3379 3000 3704 3078 vulgarem
3737 3020 3838 3062 re-

427 3117 567 3158 rum
601 3114 783 3156 usum
833 3093 1158 3155 excedant.
1197 3095 1425 3155 Verum
1478 3092 1581 3152 ille
1633 3099 1701 3152 ut
1749 3094 1899 3154 scite
1949 3100 2140 3172 atque
2193 3096 2436 3155 naviter
2479 3096 2745 3156 oratoris
2803 3116 3028 3157 munus
3086 3098 3380 3176 explevit,
3418 3099 3506 3159 ita
3536 3099 3746 3177 iejune
3777 3107 3841 3162 et

424 3195 695 3256 tenuiter
737 3212 857 3272 res,
891 3198 1053 3268 acta,
1093 3198 1384 3272 tempora
1411 3191 1640 3270 tetigit,
1674 3197 1745 3252 ut
1786 3192 1922 3270 ejus
1967 3189 2264 3265 Ἐγκωμίῳ
2297 3195 2572 3273 perfecto
2627 3193 2793 3254 haud
2831 3196 3097 3255 multum
3149 3196 3461 3258 doctiores
3509 3198 3836 3273 abeamus,

424 3297 554 3356 imo
623 3312 773 3355 vero
829 3291 1191 3354 incertiores
1247 3291 1310 3353 in
1383 3291 1698 3370 plerisque
1769 3311 1958 3370 quam
2031 3293 2268 3353 dudum
2330 3292 2583 3367 fuimus,
2664 3294 2744 3354 ob
2806 3294 3010 3354 minus
3096 3303 3459 3356 accuratam
3519 3303 3836 3360 certarum

425 3413 635 3456 rerum
682 3391 1073 3453 memoriam.

507 3497 567 3556 3.
639 3489 924 3571 IEqualis
992 3487 1140 3548 huic
1239 3487 1653 3566 Epiphanius,
1723 3487 1800 3548 de
1870 3488 2237 3559 Meletianis,
2325 3489 2596 3563 Arianis,
2687 3489 3112 3562 Semiarianis,
3209 3493 3548 3555 Dimaeritis
3617 3513 3832 3572 agens,

426 3593 628 3655 multa
681 3589 841 3650 dixit
909 3584 1237 3646 Athanasii
1293 3584 1619 3646 historiam
1681 3586 2031 3665 spectantia
2076 3605 2089 3658 ;
2139 3593 2204 3646 at
2261 3605 2400 3666 quae
2459 3587 2535 3646 de
2593 3587 2938 3649 Mclctianis
3009 3589 3119 3662 ait,
3181 3609 3321 3651 cum
3382 3611 3458 3652 ex
3503 3592 3838 3654 Meletiano

424 3690 727 3772 quopiam
783 3685 1086 3759 hauserit,
1147 3689 1209 3744 et
1265 3684 1638 3764 plerumque
1691 3685 2125 3745 commentitia
2169 3687 2313 3760 sint,
2376 3687 2604 3746 nedum
2654 3687 2980 3765 quidpiam
3039 3686 3196 3747 lucis
3254 3689 3542 3761 allerant,
3621 3691 3833 3751 fucum

424 3792 662 3852 factum
711 3785 1009 3848 accedere
1076 3783 1389 3843 videntur.
1480 3783 1744 3859 Reliqua
1828 3783 2102 3844 melioris
2171 3790 2336 3844 notae
2409 3803 2624 3844 verum
2697 3785 3026 3863 implicata
3109 3803 3276 3863 saepe
3363 3792 3424 3845 et
3468 3803 3672 3864 pauca
3714 3806 3830 3865 pro

419 3893 740 3950 tantarum
815 3901 1026 3944 rerum
1070 3901 1212 3942 usu.
1289 3881 1550 3941 Rufinus
1634 3899 1893 3960 suppar,
1967 3881 2362 3960 negligentiae
2436 3882 2686 3942 nomine
2734 3882 2961 3960 passim
3008 3889 3356 3961 suspectus,
3405 3883 3601 3944 nimia
3643 3884 3835 3944 facili-

425 3993 556 4049 tate
625 3981 986 4045 historiolas
1030 3980 1262 4041 multas
1326 3980 1580 4056 invexit,
1659 3999 1798 4058 quae
1870 3980 2160 4057 ﬁngentis
2232 3981 2430 4059 magis
2515 3980 2848 4041 artificium
2894 3999 3084 4058 quam
3159 3999 3292 4041 rem
3369 4000 3513 4043 vere
3584 3988 3828 4060 gestam

426 4085 678 4146 oleant:
728 4080 876 4140 hinc
921 4084 1013 4140 est
1058 4084 1125 4139 ut
1169 4084 1350 4139 caute
1420 4078 1656 4140 incauti
1700 4078 1874 4138 ducis
1934 4078 2196 4157 vestigia
2257 4079 2482 4139 sectari
2537 4096 2786 4138 necesse
2846 4077 3218 4157 plerumque
3283 4080 3382 4140 sit.
3449 4082 3604 4140 Tam
3668 4100 3831 4160 prae-

426 4187 716 4262 posterus
759 4185 849 4240 est
920 4179 985 4239 in
1058 4183 1414 4256 temporum
1489 4177 1861 4250 rationibus,
1936 4184 2026 4250 ut,
2091 4197 2232 4238 cum
2298 4180 2588 4239 Socrates
2659 4178 2767 4237 illo
2812 4182 3024 4238 actore
3077 4177 3317 4257 priores
3377 4177 3664 4240 Historia:
3707 4198 3837 4240 suae

419 4280 618 4341 libros
679 4277 1173 4356 conscripsisset,
1242 4275 1349 4336 ubi
1407 4294 1470 4336 se
1541 4275 1792 4353 longius
1858 4275 2201 4336 abductum
2267 4275 2483 4352 sensit,
2531 4295 2567 4336 a
2634 4276 2855 4335 Rufino
2927 4275 2991 4334 in
3037 4276 3234 4336 deviis
3293 4277 3443 4337 locis
3515 4283 3726 4337 actum
3770 4294 3836 4337 se

422 4383 698 4459 questus,
749 4395 787 4436 a
829 4394 1014 4436 cursu
1057 4375 1194 4454 ipso
1251 4373 1519 4452 gradum
1574 4375 1982 4449 revocaverit,
2051 4381 2113 4434 et
2174 4374 2361 4434 aliam
2427 4375 2742 4452 ingressus
2805 4375 2970 4434 viam
3027 4374 3126 4435 sit.
3214 4375 3522 4455 Sulpitius
3566 4378 3834 4436 Severus

423 4477 788 4556 importuna
827 4475 1131 4536 brevitate
1176 4471 1662 4552 praeterlabitur,
1711 4478 1778 4532 ut
1821 4473 1923 4532 vix
1968 4491 2099 4532 rem
2147 4493 2288 4552 quae
2319 4473 2527 4550 agitur
2569 4473 2650 4533 ob
2695 4473 2914 4534 oculus
2958 4479 3186 4551 ponat:
3255 4491 3460 4552 pauca
3507 4473 3584 4533 de
3635 4471 3834 4533 Atha-

423 4575 582 4636 nasii
648 4574 776 4634 vita
847 4577 1082 4646 narrat,
1144 4570 1441 4650 perplexe
1503 4571 1676 4644 satis,
1760 4589 1964 4648 neque
2012 4572 2225 4650 magni
2282 4571 2358 4631 ad
2423 4572 2561 4650 ejus
2618 4571 2945 4632 historiam
2994 4577 3086 4631 est
3154 4591 3326 4631 usus.
3402 4576 3634 4632 Auctor
3692 4570 3835 4631 Vitae

420 4672 759 4746 Pachumii,
806 4691 947 4750 quae
991 4689 1180 4750 super
1230 4671 1292 4730 in
1364 4669 1530 4730 Actis
1586 4679 1948 4744 sanctorum,
2019 4676 2172 4730 tom.
2237 4671 2318 4730 III
2393 4670 2558 4742 Maii,
2617 4687 2765 4729 cusa
2837 4669 2974 4738 fuit,
3031 4688 3154 4728 non
3222 4687 3426 4747 pauca
3468 4669 3833 4748 suppeditat

415 4791 606 4846 nova,
697 4771 1026 4851 prmclara,
1123 4769 1426 4830 hactenus
1517 4769 1774 4841 intacta,
1877 4768 2290 4847 similiterque
2377 4768 2646 4846 epistola
2727 4767 3048 4827 Ammonii
3127 4767 3404 4846 cpisc0pi
3485 4766 3830 4828 Athanasio

417 4870 702 4951 aequalis,
774 4869 1121 4930 secundum
1180 4887 1315 4929 eam
1404 4867 1592 4928 Vitam
1645 4886 1815 4928 cusa.
1853 4870 2150 4928 Socratus
2199 4866 2516 4938 Rufinum,
2580 4875 2646 4925 ut
2706 4882 2852 4925 mox
2914 4865 3152 4925 dictum
3211 4871 3325 4937 est,
3386 4871 3709 4926 auctorem
3770 4870 3833 4926 et

411 4973 639 5033 ducem
673 4975 924 5030 secutus
967 4974 1060 5030 est
1101 4968 1164 5027 in
1208 4967 1523 5046 prioribus
1554 4965 1840 5027 Historiae
1897 4985 2025 5026 suae
2088 4966 2286 5037 libris,
2349 4965 2548 5025 donec
2606 4983 2670 5024 se
2715 4964 3007 5024 abactum
3061 4964 3282 5042 procul
3339 4964 3551 5036 sensit,
3599 4970 3662 5024 et
3716 4982 3833 5025 no-

411 5089 554 5132 vam
648 5068 922 5128 historias
993 5067 1162 5126 viam
1233 5066 1551 5143 ingressus
1623 5070 1773 5138 est;
1846 5084 2046 5143 neque
2119 5064 2322 5143 scipso
2387 5063 2663 5124 feliciore
2725 5062 2883 5122 duce
2937 5081 3082 5122 usus
3130 5069 3242 5135 est,
3300 5081 3490 5142 quam
3551 5061 3827 5138 Ruﬁno;

413 5166 690 5248 plurima
752 5185 828 5226 ex
891 5163 1125 5225 Sabino
1168 5163 1622 5224 Macedoniano
1687 5162 1916 5235 hausit,
1995 5161 2090 5222 vel
2151 5180 2225 5221 eo
2289 5160 2543 5222 nomine
2604 5166 2896 5239 suspecta
2958 5168 3020 5219 ct
3102 5160 3444 5221 cavenda:
3519 5165 3827 5238 quantum

412 5285 564 5328 vero
640 5265 704 5325 in
781 5263 1002 5324 ordine
1065 5269 1127 5323 et
1197 5268 1481 5341 tempore
1561 5260 2096 5339 perturbationem
2171 5260 2471 5332 attulerit,
2547 5259 2833 5339 pluribus
2878 5265 2968 5318 cst
3012 5259 3167 5319 alias
3237 5263 3826 5319 commonstratum.

412 5368 836 5428 Sozomeuum
900 5362 1079 5422 aiunt
1147 5361 1336 5440 vulgo
1383 5379 1460 5420 ex
1527 5358 1802 5420 Socratis
1863 5357 2111 5436 scriptis
2181 5358 2395 5419 omnia
2464 5358 2592 5417 fere
2655 5357 3044 5435 expiscatum
3116 5374 3272 5429 esse,
3321 5363 3384 5416 et
3428 5374 3543 5415 nos
3614 5355 3826 5417 statim

409 5479 666 5523 rumore
737 5464 993 5520 auctore
1050 5458 1325 5539 idipsum
1399 5456 1828 5536 putabamus;
1877 5474 2093 5516 verum
2143 5455 2327 5534 longe
2372 5455 2494 5515 alio
2559 5455 2749 5514 modo
2796 5473 2925 5513 rem
3001 5473 3064 5514 se
3110 5453 3344 5513 habere
3403 5452 3827 5531 deprehendi-

413 5578 575 5634 mus,
649 5564 710 5619 et
754 5557 1130 5618 tractatione
1203 5555 1501 5615 diuturna
1559 5554 2000 5632 comperimus,
2065 5554 2262 5613 multo
2321 5553 2824 5632 praestantiorem
2898 5571 3030 5612 esse
3101 5550 3432 5612 Sozomeni
3476 5569 3666 5630 quam
3711 5551 3828 5612 So-

410 5657 598 5719 cratis
644 5655 1001 5718 Historiam.
1073 5655 1206 5714 Etsi
1261 5652 1428 5714 enim
1479 5658 1548 5713 ut
1615 5652 1961 5732 plurimum
2007 5652 2318 5712 consimili
2363 5670 2571 5712 rerum
2644 5651 2861 5712 ordine
2936 5650 3238 5729 procedit,
3314 5649 3589 5729 plurima
3657 5654 3828 5711 certe

408 5755 592 5824 affert
634 5754 893 5838 Optimae
936 5757 1126 5828 notae,
1173 5751 1252 5814 ab
1310 5754 1569 5816 Socrate
1611 5751 1871 5830 intacta,
1935 5750 2356 5830 inobservata,
2405 5755 2516 5815 aut
2572 5749 2783 5814 minus
2826 5753 3128 5812 accuvate
3181 5748 3528 5814 recensita:
3603 5746 3820 5832 cujus-
