4170 6408
1343 414 1527 476 VITA
1572 415 1637 475 S.
1685 410 2131 476 ATHANASII.
2164 444 2243 459 —
2273 408 2665 474 MONITUM.
3631 404 3715 469 LV»

293 547 460 606 modi
510 550 656 606 sunt
707 564 806 605 res
860 546 1007 626 Tyri
1037 552 1250 626 gestae,
1315 548 1565 625 Georgii
1623 547 1907 625 expulsio
1979 546 2379 618 Alexandria,
2444 564 2635 624 quam
2690 545 2753 604 in
2814 563 3048 605 annum
3110 543 3357 604 circiter
3413 544 3529 603 356
3600 559 3701 601 re-

286 646 630 725 ponimus:
693 649 755 704 et
809 644 1038 706 similia
1095 666 1235 725 quze
1296 647 1485 707 Vitam
1542 645 1866 707 Athanasii
1924 666 1959 705 a
2017 647 2194 705 nobis
2253 647 2623 705 adornatam
2686 643 3041 722 inspicienti
3126 642 3360 721 passim
3417 659 3549 700 sese
3606 639 3703 698 of-

288 744 508 803 ferent.
564 744 661 803 Ad
722 743 854 802 haec
909 762 1008 803 res
1079 745 1365 822 pluribus
1420 744 1774 823 majorique
1832 745 2233 804 accuratione
2292 745 2480 822 vulgo
2542 748 2841 803 recenset.
2917 743 2986 801 Id
3069 742 3295 819 cuique
3380 736 3711 799 Sozomeni

282 842 622 901 Historiam
702 841 954 918 legenti,
1004 842 1154 901 dum
1229 841 1709 921 praejudieatam
1782 848 1980 919 ponat
2036 842 2419 919 opinionem,
2484 841 2811 920 propalam
2875 841 3015 912 erit,
3102 837 3538 900 Theodoretus
3596 833 3713 894 etsi

290 940 480 1017 vulgo
541 939 630 999 ita
688 938 892 999 brevis
941 945 1003 998 et
1062 940 1401 1018 perplexus
1459 947 1574 1012 est,
1635 946 1705 999 ut
1758 958 1853 999 res
1912 940 2208 1013 misceat;
2246 944 2641 1017 opportunus
2712 946 2946 1011 tamen,
3008 937 3156 1017 quia
3216 941 3357 996 acta
3415 935 3711 1012 quaedam

286 1042 348 1096 et
404 1041 820 1097 monumenta
877 1056 1089 1096 rerum
1176 1039 1357 1098 affert
1411 1057 1550 1116 qum
1611 1057 1921 1116 nusquam
1985 1038 2138 1097 alias
2198 1044 2470 1097 exstant.
2553 1038 2831 1097 Gelasius
2887 1037 3225 1115 Cyzicenus
3303 1052 3517 1111 nugax
3574 1031 3711 1111 ple-

288 1154 580 1213 rumque,
643 1153 768 1213 quo
828 1135 959 1193 sine
1022 1154 1253 1213 magna
1296 1137 1585 1196 cautione
1644 1137 1735 1195 uti
1796 1155 1918 1195 non
1979 1136 2147 1196 licet.
2210 1136 2411 1214 Hujus
2476 1142 2681 1195 tamen
2759 1136 3061 1195 beneﬁcio
3120 1134 3363 1211 aliquot
3404 1130 3705 1210 epistolis,

286 1238 347 1292 et
376 1232 631 1293 sinceris
716 1232 1229 1310 quidem,*aucti
1288 1252 1526 1293 sumus.
1592 1234 1700 1293 His
1787 1235 2056 1294 maxime
2114 1233 2526 1312 scriptoribus
2583 1232 2857 1311 antiquis
2912 1232 2977 1290 in
3026 1230 3395 1291 adornanda
3430 1228 3710 1289 Athana-

284 1331 363 1390 sii
431 1329 563 1390 Vita
617 1330 707 1389 usi
768 1349 1005 1389 sumus.
1064 1333 1218 1391 Nam
1300 1332 1459 1390 Vitas
1507 1331 1829 1392 Athanasii
1887 1334 2133 1392 Graecas
2191 1350 2227 1391 a
2300 1332 2475 1391 nobis
2549 1332 2749 1391 editas
2801 1331 2971 1409 quod
3029 1335 3290 1409 spectat,
3353 1346 3541 1407 quam
3590 1324 3710 1386 mi-

286 1429 439 1488 nimi
526 1429 712 1508 pretii
760 1428 886 1488 illaa
946 1434 1110 1488 sunt.
1175 1429 1354 1489 Prior
1410 1430 1573 1490 enim
1634 1450 1774 1509 qua:
1834 1438 1927 1491 est
1977 1430 2277 1509 anonymi
2334 1430 2686 1508 cujusdam,
2763 1448 2838 1489 ex
2884 1428 3183 1500 Socratis,
3244 1425 3597 1498 Sozomeni,
3648 1428 3711 1483 et

284 1526 667 1588 Theodoreti
740 1527 989 1603 scriptis
1068 1527 1403 1606 desumpta
1492 1533 1603 1599 est,
1686 1528 1948 1606 adjectis
2016 1530 2273 1607 insuper
2333 1528 2677 1588 sexcentis.
2723 1526 3018 1587 fabellis:
3104 1525 3261 1585 nihil
3316 1524 3405 1583 ibi
3458 1540 3704 1595 sanum,

286 1624 501 1685 omnia
571 1626 1020 1697 contaminata,
1083 1644 1186 1684 sus
1244 1626 1448 1703 deque
1507 1645 1734 1699 versa;
1800 1628 2052 1687 demum
2126 1646 2357 1704 magno
2416 1632 2646 1687 conatu
2720 1644 2967 1702 magnae
2997 1643 3183 1702 nugas
3231 1622 3548 1683 dicuntur.
3583 1622 3711 1680 Ex-

287 1729 454 1785 stant
512 1722 743 1783 ibidem
795 1723 1087 1801 quzedam
1146 1725 1587 1802 prazfectorum
1627 1726 1905 1797 nomina,
1968 1744 2089 1786 non
2164 1725 2315 1785 alibi
2374 1730 2743 1799 memorata,
2806 1724 3075 1801 ideoque
3124 1740 3249 1781 non
3309 1720 3443 1780 sine
3475 1735 3709 1796 magno

288 1821 581 1900 scrupulo
642 1821 1026 1900 usurpanda.
1088 1822 1237 1892 Quze
1296 1840 1443 1882 vero
1503 1840 1577 1881 ex
1634 1822 1845 1883 Photii
1904 1822 2276 1883 Bibliotheca
2357 1823 2692 1901 desumpta
2749 1827 2843 1882 est
2901 1819 3231 1881 Athanasii
3288 1818 3452 1889 Vita,
3514 1816 3712 1895 ipsius

286 1920 492 1979 Photii
547 1919 809 1998 judicio,
876 1920 1232 1998 quisquilias
1291 1926 1437 1980 sunt
1496 1921 1629 1981 sine
1686 1923 1845 1999 pari.
1908 1920 2087 1992 Quod
2146 1921 2219 1993 si,
2282 1927 2351 1980 ut
2409 1921 2496 1979 ait
2552 1919 2813 1991 Tullius,
2852 1918 3145 1979 omnibus
3200 1917 3262 1976 in
3295 1916 3484 1976 rebus
3535 1914 3709 1974 simi-

284 2017 483 2077 litudo
517 2022 610 2076 est
666 2017 973 2077 satietatis
1033 2024 1251 2087 mater,
1317 2018 1379 2077 in
1428 2018 1523 2077 bis
1558 2018 1725 2077 haud
1786 2018 1973 2079 dubie
2024 2018 2259 2079 fastidii
2322 2023 2382 2076 et
2438 2036 2687 2078 nauseae
2767 2036 2996 2097 parens
3053 2015 3220 2087 erit;
3280 2020 3342 2074 et
3398 2013 3713 2074 fateamur

286 2132 537 2174 necesse
596 2120 690 2173 est
737 2134 851 2174 nos
883 2115 1117 2175 damno
1176 2122 1395 2175 auctos
1445 2134 1599 2175 esse.
1675 2116 1808 2176 Vita
1866 2117 2189 2177 Athanasii
2246 2115 2689 2194 Metaphrastae
2748 2134 2942 2194 opera
3000 2113 3377 2174 concinnata
3435 2110 3712 2171 melioris

286 2212 542 2291 quidem
576 2219 789 2285 notzr;
852 2213 959 2273 sed
1021 2232 1165 2274 cum
1225 2234 1301 2274 ex
1358 2214 1601 2274 laciniis
1661 2213 1807 2274 hinc
1867 2221 1927 2274 et
1983 2214 2129 2274 inde
2188 2213 2635 2273 consarcinatis
2693 2217 2957 2287 constet,
3036 2230 3073 2271 a
3130 2208 3544 2288 scriptoribus
3600 2207 3711 2286 qui

289 2311 638 2370 etiamnum
671 2315 890 2370 extant
938 2312 1263 2385 mutuatis,
1325 2330 1451 2371 non
1512 2312 1724 2390 magni
1782 2330 1930 2371 usus
1989 2331 2120 2371 esse
2180 2316 2409 2389 potest.
2469 2313 2711 2389 Agmen
2769 2309 3007 2369 claudit
3075 2307 3206 2368 Vita
3248 2305 3572 2367 Athanasii
3627 2304 3709 2365 ad

289 2426 469 2467 usum
528 2409 871 2487 Coptorum
931 2408 1239 2469 adornata
1295 2428 1371 2470 ex
1448 2410 1747 2470 Arrabico
1808 2429 1989 2470 versa
2049 2429 2084 2469 a
2141 2411 2294 2469 clar.
2367 2409 2514 2471 Viro
2577 2407 2990 2480 Renaudotio,
3068 2407 3429 2484 linguarum
3489 2403 3709 2465 Orien-

292 2505 509 2565 talium
566 2505 1005 2582 scientissimo,
1069 2506 1177 2584 qui
1236 2524 1373 2566 eam
1436 2508 1763 2568 nobiscum
1823 2508 2022 2568 amice
2082 2526 2155 2567 ac
2227 2506 2705 2586 perhumaniter
2762 2504 3275 2565 communicavit.
3328 2505 3439 2563 Est
3497 2507 3711 2561 autem

287 2620 362 2661 ea
446 2621 600 2680 gens
654 2602 982 2680 stupendae
1065 2601 1438 2680 ignorantiae
1525 2610 1586 2664 et
1644 2605 2044 2682 nugacitatis,
2138 2612 2204 2664 ut
2289 2604 2502 2677 etiam,
2596 2603 2763 2682 quod
2823 2602 3266 2681 gravissimum
3347 2600 3517 2659 dictu
3591 2604 3705 2669 est,

290 2703 542 2762 Graecos
572 2720 645 2760 ea
676 2700 736 2759 in
770 2706 949 2778 parte
981 2700 1166 2779 longe
1226 2706 1391 2760 retro
1452 2701 1831 2780 relinquant,
1895 2703 2067 2781 quod
2127 2703 2224 2762 vel
2275 2721 2349 2762 ex
2408 2703 2527 2761 hoc
2587 2701 2893 2780 opusculo
2953 2701 3163 2760 videre
3223 2704 3338 2772 est,
3414 2697 3599 2775 nugis
3651 2702 3715 2757 et.

283 2799 536 2877 ineptiis
596 2818 792 2877 supra
862 2799 1049 2859 ﬁdem
1111 2798 1495 2877 plenissimo.
1574 2802 1698 2859 Nec
1754 2806 1965 2861 tamen
2038 2801 2303 2878 pmnitet
2359 2800 2644 2870 edidisse,
2710 2804 2779 2858 ut
2863 2798 3099 2869 videas,
3160 2795 3426 2857 candide
3485 2795 3707 2868 lector,

286 2898 491 2975 gentis
589 2915 879 2958 acumen.
966 2899 1232 2956 Exstant
1314 2897 1375 2955 in
1435 2898 1671 2958 Latinis
1781 2898 2101 2959 codicibus
2184 2898 2513 2958 Athanasii
2590 2897 2747 2957 Vitas
2827 2896 3174 2967 nonnullae,
3287 2913 3364 2954 ex
3462 2892 3713 2972 Tripar-

289 2997 407 3055 tita
462 2995 711 3055 historia
782 2994 1045 3055 historia
1113 3001 1176 3055 et
1260 3014 1335 3055 ex
1423 2997 1647 3056 Ruﬁno
1720 2996 2021 3071 collectae,
2057 2996 2291 3057 nullius
2360 2996 2617 3055 omnino
2704 3012 2899 3066 usus;
2976 3011 3208 3071 easque
3266 2991 3407 3051 ideo
3461 2995 3717 3070 praeter-

287 3110 595 3153 misrmus.

366 3246 427 3301 li.
488 3243 581 3301 Ad
650 3244 1027 3304 recentiores
1111 3244 1254 3304 Vita:
1326 3244 1646 3305 Athanasii
1710 3251 1998 3306 auctores
2066 3246 2414 3318 veniamus,
2478 3246 2587 3323 qui
2630 3243 2873 3304 decimo
2919 3242 3164 3320 quinto,
3212 3241 3458 3300 decimo
3504 3245 3706 3316 sexto,

288 3345 351 3398 et
417 3341 713 3417 praesenti
770 3340 1001 3399 saeculo
1062 3341 1434 3400 ﬂoruerunt.
1489 3345 1623 3401 Non
1681 3343 1960 3401 omnium
2025 3362 2239 3421 porro,
2302 3343 2410 3421 qui
2462 3342 2609 3402 huic
2669 3341 2757 3401 rei
2812 3358 3071 3419 operam
3133 3337 3463 3413 dederunt,
3540 3337 3713 3397 lucu-

290 3435 609 3496 brationes
669 3455 990 3497 recensere
1049 3438 1297 3497 animus
1353 3445 1491 3499 est:
1582 3458 1679 3499 res
1740 3442 2199 3519 propemodum
2258 3440 2505 3500 inﬁnita
2564 3441 2745 3512 foret,
2807 3439 2913 3499 sed
2972 3437 3120 3497 satis
3172 3441 3303 3497 esto
3362 3434 3503 3495 illos
3553 3452 3711 3494 enu-

293 3552 556 3608 merare,
624 3534 733 3612 qui
787 3534 906 3594 hac
954 3535 1015 3594 in
1078 3541 1254 3613 parte
1313 3536 1598 3614 primarii
1658 3555 1789 3598 esse
1848 3538 2160 3599 videntur.
2225 3539 2466 3599 Primas
2522 3538 2687 3597 inter
2734 3536 2875 3597 illos
2925 3536 3169 3596 obtinet
3220 3534 3495 3596 Joannes
3550 3535 3708 3593 Tor-

292 3632 473 3691 telius
526 3632 845 3704 Aretinus,
909 3632 1018 3710 qui
1074 3633 1274 3693 Vitam
1325 3633 1649 3694 Athanasii
1697 3654 1770 3695 ex
1830 3635 2015 3707 veris,
2061 3637 2287 3712 dubiis,
2362 3636 2532 3696 falsis
2585 3635 2911 3695 Athanasii
2942 3641 3003 3693 et
3058 3634 3325 3693 aliorum
3380 3650 3522 3710 quae
3567 3636 3702 3691 tum

287 3728 505 3789 Latine
588 3728 891 3788 extabant
968 3729 1266 3806 operibus
1325 3731 1747 3805 concinnavit,
1808 3752 1947 3810 quae
2004 3732 2067 3791 in
2147 3733 2418 3793 editione
2499 3732 2832 3792 Parisiensi
2888 3730 3035 3791 anni
3120 3731 3277 3789 1520
3359 3734 3585 3802 exstat,
3644 3731 3707 3787 et.

288 3826 815 3904 nuncupatoriam
906 3826 1179 3905 prmﬁxit
1239 3828 1571 3905 epistolam
1646 3829 1725 3889 ad
1784 3832 2132 3907 Eugenium
2195 3838 2491 3909 quartum
2564 3829 2950 3909 pontiﬁcem.
3011 3828 3212 3907 Hujus
3269 3833 3533 3887 conatus
3590 3844 3704 3905 pro

291 3924 592 4002 temporis
653 3924 1013 3983 conditione
1068 3924 1466 3986 laudandus:
1532 3931 1590 3986 et
1651 3928 1702 3986 si
1760 3928 2014 4005 quidem
2069 3929 2205 4006 jam
2266 3929 2499 3989 nullius
2574 3948 2721 3989 usus
2778 3928 2855 3987 sit
2910 3926 3275 4006 hujusmodi
3326 3923 3706 3997 lucubratio,

289 4021 353 4081 id
411 4022 580 4081 aetati
638 4022 847 4099 potius
898 4041 1092 4099 quam
1147 4024 1437 4102 scriptori
1498 4024 1761 4085 tribuas.
1809 4027 2195 4104 Lipomanus
2259 4027 2476 4087 multis
2509 4032 2651 4105 post
2699 4026 2879 4085 annis
2925 4026 3122 4086 Vitam
3178 4023 3501 4085 Athanasii
3550 4022 3713 4083 inter

292 4118 448 4178 alias
505 4118 726 4191 dedit;
789 4124 849 4179 et
906 4119 1065 4178 nihil
1123 4119 1294 4179 aliud
1354 4121 1503 4199 egit,
1568 4141 1758 4200 quam
1818 4125 1988 4202 quod
2048 4143 2124 4183 ex
2182 4125 2441 4185 diversis
2513 4124 2901 4184 diversorum
2936 4122 3087 4183 locis
3136 4121 3284 4181 hinc
3315 4129 3377 4182 et
3430 4120 3575 4180 inde
3606 4136 3712 4179 ac-

293 4216 432 4276 citis
460 4234 656 4275 unum
690 4234 849 4295 opus
879 4218 1224 4290 contexuit,
1259 4219 1630 4296 perturbato
1689 4220 2061 4299 plerumque
2111 4240 2320 4281 rerum
2381 4228 2444 4283 et
2503 4227 2858 4300 temporum
2918 4220 3159 4280 ordine.
3223 4221 3348 4279 Nec
3383 4218 3525 4298 plus
3556 4216 3714 4277 lucis

290 4313 739 4375 Athanasianis
793 4314 979 4374 rebus
1036 4315 1408 4386 at’ulerunt,
1471 4316 1581 4395 qui
1639 4319 1985 4378 secundum
2048 4318 2180 4379 haec
2237 4320 2393 4379 Vitis
2451 4326 2813 4379 sanctorum
2874 4316 3221 4379 scribendis
3269 4334 3526 4395 operam
3598 4333 3714 4375 na-

291 4417 541 4472 varunt.
571 4412 773 4472 Aliam
833 4412 1137 4473 exhibent
1180 4420 1421 4475 veteres
1472 4415 1623 4475 editi
1669 4416 1857 4477 Vitam
1887 4416 2230 4491 Athanasii,
2294 4419 2373 4477 ab
2406 4418 2613 4478 nescio
2646 4436 2770 4495 quo
2805 4435 2930 4496 quo
2962 4434 3303 4493 anonymo,
3361 4434 3487 4475 non
3518 4414 3713 4475 inele-

292 4516 515 4588 ganter
574 4509 847 4589 quidem,
916 4511 1021 4570 sed
1081 4512 1357 4573 oratorio
1418 4531 1590 4572 more
1666 4514 2109 4592 conscriptam,
2174 4514 2489 4593 permistis
2546 4516 2917 4593 plerumque
2975 4514 3184 4587 rebus,
3229 4532 3417 4591 quam
3453 4512 3714 4592 perinde

293 4615 484 4685 atque
555 4614 815 4668 caeteras
902 4627 1050 4668 mox
1134 4617 1662 4671 commemoratas
1736 4612 1954 4672 missas
2011 4613 2215 4673 facere
2287 4614 2461 4673 nullo
2518 4613 2847 4692 dispendio
2934 4612 3130 4672 licuit.
3215 4614 3479 4671 Demum
3547 4628 3714 4672 anno

295 4708 446 4766 1671
511 4707 661 4779 clar,
724 4707 818 4767 vir
873 4708 1296 4780 Hermantius,
1362 4709 1593 4787 insigni
1651 4728 1841 4789 opere
1898 4712 2098 4770 Vitam
2157 4710 2481 4772 Athanasii
2527 4711 2762 4772 Gallico
2816 4710 3117 4770 idiomate
3174 4708 3236 4768 in
3296 4709 3498 4769 lucem
3557 4709 3717 4770 emi-

294 4803 397 4880 sit,
432 4804 767 4881 probatam
821 4805 1101 4884 quidem,
1150 4812 1210 4866 et
1255 4808 1537 4867 omnium
1586 4828 1691 4869 ore
1738 4808 2147 4881 celebratam,
2194 4810 2305 4868 ubi
2347 4828 2472 4869 non
2517 4829 2659 4887 quae
2703 4808 3115 4868 Athanasium
3164 4807 3374 4880 modo,
3422 4808 3529 4868 sed
3576 4828 3717 4887 quas

295 4904 570 4981 aequales
664 4903 800 4980 ejus
883 4911 1199 4984 spectant,
1290 4907 1575 4984 pluribus
1661 4908 2104 4986 complectitur
2161 4908 2258 4966 vir
2315 4908 2619 4967 eruditus.
2686 4910 2760 4966 Et
2843 4906 3196 4965 accuratius
3282 4905 3482 4965 multo
3559 4925 3721 4985 opus

296 5000 594 5075 dedisset,
656 5002 705 5060 si
762 5001 1037 5062 editione
1094 5004 1591 5064 Commeliniana
1662 5013 1724 5065 et
1778 5005 2187 5066 Fclckmanni
2278 5005 2650 5066 lectionibus
2722 5004 2939 5064 fuisset
3026 5023 3194 5065 usus.
3276 5003 3477 5082 Hujus
3536 5004 3717 5064 lucu-

299 5099 619 5161 brationes
651 5100 863 5177 magni
915 5100 1201 5174 facimus,
1265 5104 1637 5163 sententiam
1700 5110 1909 5163 tamen
1968 5104 2139 5163 haud
2201 5124 2343 5163 raro
2401 5104 2901 5182 impugnamus:
2965 5107 3098 5162 tum
3158 5101 3328 5179 quia,
3392 5107 3461 5161 ut
3526 5101 3717 5179 vulgo

301 5197 520 5269 fertur,
556 5195 802 5255 variant
834 5196 1162 5274 opiniones
1200 5214 1212 5269 ;
1275 5207 1408 5259 tum
1462 5200 1748 5274 fortasse,
1825 5201 1974 5279 quia
2031 5201 2423 5261 diuturniore
2483 5220 2596 5259 usu
2630 5218 2894 5278 operum
2953 5198 3302 5271 Athanasii,
3341 5198 3629 5258 codicum
3662 5204 3727 5260 et

301 5301 674 5355 caeterorum
723 5293 803 5354 ad
860 5312 999 5353 eam
1048 5313 1179 5354 rem
1238 5297 1714 5375 pertinentium,
1760 5299 1946 5376 plura
1976 5300 2471 5379 perspiciuntur.
2519 5300 2597 5359 Et
2654 5316 2800 5357 vero
2831 5297 2884 5356 is
2925 5297 2976 5356 si
3007 5296 3401 5357 tantumdem
3458 5297 3571 5357 otii
3628 5316 3733 5360 co-

302 5392 543 5453 dicibus
598 5398 661 5453 et
703 5392 884 5453 editis
938 5393 1265 5454 Athanasii
1322 5395 1825 5475 coesumpsisset,
1890 5397 2088 5458 multo
2160 5398 2346 5478 plura
2388 5396 2667 5469 vidisset,
2743 5402 2805 5455 et
2889 5395 3283 5455 accuratiora
3337 5395 3570 5455 nostris
3629 5396 3733 5457 de-

306 5490 519 5551 disset.

385 5645 447 5703 5.
480 5644 622 5704 Jam
681 5642 759 5702 de
787 5641 1107 5704 Athanasii
1170 5645 1371 5706 Vitaa
1419 5645 1601 5705 nobis
1657 5647 1968 5708 adornata
1998 5648 2077 5707 sit
2133 5665 2365 5721 sermo,
2425 5652 2487 5705 et
2544 5646 2799 5724 quidem
2858 5645 3114 5724 paucis:
3151 5662 3295 5704 nam
3351 5662 3468 5721 ego
3520 5649 3726 5723 tuum,

307 5740 551 5808 erudite
591 5740 811 5821 lector,
882 5742 1001 5807 hac
1050 5744 1129 5806 de
1178 5761 1243 5806 re
1292 5741 1606 5831 judicium
1656 5748 1975 5829 exspecto,
2036 5762 2161 5807 non
2217 5749 2286 5809 tu
2337 5761 2569 5807 meum.
2627 5742 2699 5812 1d
2726 5743 3002 5830 primum
3058 5741 3218 5807 scitu
3275 5758 3434 5823 Opus
3488 5747 3611 5827 est,
3665 5744 3733 5813 in
