4170 6414
393 401 493 474 ﬁl
1789 411 2400 477 PBOLEGOMENA.

395 545 722 624 proposito
785 545 968 608 nobis
1024 546 1284 609 minime
1341 547 1549 621 fuisse,
1611 555 1682 608 ut
1735 549 1948 608 omnia
2007 549 2246 622 Arium,
2292 550 2557 609 Arianos
2600 550 2882 628 aliosque
2948 548 3278 610 haereticos
3308 547 3481 610 illius
3551 549 3756 610 astatis

397 640 749 722 itidemque
811 645 1236 706 Alexandrum
1327 645 1845 718 Alexandrinum,
1909 647 2193 719 Hosium,
2282 649 2672 718 Marcellum,
2747 649 3178 727 Serapionem,
3255 648 3539 726 aliosque
3608 647 3806 708 Atha-

398 740 559 800 nasii
615 743 957 804 familiares
1011 751 1121 805 aut
1179 745 1452 824 synodos
1536 745 1889 824 spectantia
1932 763 2292 818 recensere;
2355 746 2459 805 sed
2529 746 2928 806 solummodo
2999 765 3072 806 ea
3117 765 3257 824 quae
3329 745 3427 805 vel
3460 747 3540 805 ad
3610 745 3810 806 Atha—

400 839 561 898 nasii
603 840 808 901 Vitam
868 843 1207 921 pertinent,
1254 843 1352 904 vel
1411 843 1490 903 ad
1535 861 1672 903 eam
1733 844 2017 922 proxime
2061 843 2389 904 accedunt.
2434 845 2566 904 Etsi
2625 864 2814 922 porro
2872 845 3143 904 curarim
3201 863 3315 922 pro
3387 843 3710 916 facultate,
3743 850 3815 904 ut

401 937 824 998 narrationem
915 945 1233 1017 gestorum
1311 958 1390 1002 ne
1477 940 1918 1018 interciperem
1974 958 1986 998 :
2063 948 2126 1000 at
2196 941 2303 1000 ubi
2374 941 2661 1001 incidunt
2725 942 3191 1014 controversiae,
3263 948 3324 1000 et
3408 941 3812 1019 interpellata

401 1051 582 1113 opus,
628 1041 763 1096 tum
808 1036 1068 1116 paulum
1099 1039 1287 1117 spatii
1329 1057 1533 1110 sumo,
1584 1044 1644 1098 et
1676 1039 1894 1117 paucis
1937 1039 2018 1098 ad
2075 1040 2487 1118 quaestionem
2561 1041 2770 1100 allatis
2829 1041 3208 1100 destinatum
3281 1057 3630 1117 prosequor
3671 1039 3808 1098 iter.

402 1133 577 1193 Nova
644 1152 770 1195 non
814 1153 1040 1214 pauca,
1127 1155 1241 1197 nec
1300 1137 1470 1216 quod
1515 1137 1708 1198 sciam
1767 1136 2072 1197 hactenus
2115 1137 2468 1208 observata,
2539 1138 3047 1198 animadvertant
3130 1137 3384 1197 eruditi.
3471 1137 3810 1198 Annalium

401 1246 575 1290 more
632 1231 943 1294 adornata
1012 1233 1227 1293 omnia
1309 1239 1478 1307 sunt,
1568 1240 1926 1313 opportuno
1998 1234 2256 1305 scilicet,
2343 1253 2415 1294 ac
2486 1235 2669 1295 dictis
2743 1235 2891 1295 viris
2979 1235 3442 1313 acceptissimo.
3534 1233 3814 1295 Tametsi

400 1344 572 1400 vero,
643 1327 695 1388 si
764 1329 917 1408 quid
1001 1337 1294 1391 occurrat
1361 1331 1426 1390 in
1498 1331 1687 1409 gestis
1743 1331 2154 1406 difﬁcultatis,
2241 1332 2322 1404 id,
2401 1339 2470 1393 ut
2560 1333 2924 1411 plurimum,
3021 1332 3233 1410 quoad
3305 1332 3571 1392 facultas
3642 1331 3811 1406 tulit,

401 1425 834 1504 expendimus,
924 1428 1218 1506 quadam
1265 1434 1495 1504 tamen,
1588 1435 1656 1489 ut
1698 1429 1945 1490 evenire
2029 1430 2206 1504 solet,
2299 1431 2721 1508 praetermissa
2763 1438 2934 1504 sunt,
2994 1449 3136 1509 quas
3213 1431 3348 1508 jam
3422 1430 3813 1509 explicemus

403 1528 674 1603 oportet.

485 1651 546 1710 6.
590 1650 877 1711 Diximus
928 1652 1009 1712 ad
1074 1670 1311 1713 annum
1359 1656 1500 1726 322,
1579 1671 1756 1713 num.
1825 1656 1882 1727 1,
1931 1653 2129 1714 videri
2185 1653 2368 1714 nobis
2428 1655 2818 1730 Colluthum,
2870 1655 3276 1716 temerarium
3321 1654 3502 1714 illum
3549 1654 3817 1734 presby-

407 1754 610 1808 terum
656 1749 766 1826 qui
849 1755 1072 1828 suopte
1143 1751 1405 1812 arbitrio
1470 1751 1578 1830 jus
1661 1751 2085 1811 constituendi
2167 1753 2569 1830 presbyteros
2640 1753 2756 1812 sibi
2829 1753 3190 1830 arrogabat,
3267 1752 3560 1813 eumdem
3607 1751 3818 1831 ipsum

406 1863 540 1906 esse
613 1847 722 1925 qui
777 1848 1060 1926 epistolae
1108 1849 1332 1927 synodi
1386 1849 1850 1924 Alexandrinae,
1899 1868 2067 1909 anno
2123 1853 2234 1911 321
2298 1852 2652 1926 celebratze,
2727 1851 2899 1929 prior
2965 1851 3368 1929 subscripsit;
3423 1868 3601 1910 secus
3645 1851 3817 1912 arbi-

407 1943 558 2004 trati
613 1950 758 2004 sunt
830 1944 938 2005 alii
1007 1946 1124 2005 viri
1196 1947 1386 2006 docti.
1449 1949 1600 2007 Rem
1677 1947 1896 2026 paucis
1955 1948 2176 2008 lectori
2219 1968 2611 2027 expromam.
2670 1949 2852 2010 Arius
2911 1949 3249 2008 damnatur
3303 1968 3444 2008 cum
3533 1949 3719 2009 sociis
3756 1949 3819 2010 in

407 2041 649 2120 synodo
705 2042 1132 2104 Alexandrina
1189 2063 1354 2104 anno
1435 2044 1682 2105 circiter
1747 2046 1868 2105 320
1937 2045 2032 2104 vel
2105 2048 2244 2105 321.
2322 2047 2726 2107 Damnationi
2797 2047 2926 2107 Arii
2998 2046 3400 2106 subscribunt
3472 2046 3822 2126 presbyteri

407 2157 624 2200 omnes
666 2140 1071 2200 Alexandrini
1125 2147 1186 2201 et
1260 2141 1608 2215 Mareotici,
1659 2149 1721 2203 et
1765 2143 2035 2219 diaconi,
2095 2150 2409 2223 quotquot
2465 2146 2700 2206 scilicet
2756 2147 2833 2205 ad
2913 2146 3128 2205 Arium
3191 2165 3313 2204 non
3375 2145 3816 2205 desciverant:

405 2236 570 2297 inter
626 2237 816 2298 hosce
877 2238 1276 2318 presbyteros
1346 2240 1677 2300 Collutbus
1735 2260 1896 2300 unus
1965 2241 2083 2302 hoc
2147 2244 2398 2303 nomine
2450 2247 2666 2316 fertur,
2717 2243 2841 2322 qui
2889 2244 3064 2322 prior
3119 2243 3228 2302 dat
3269 2241 3634 2320 suffragium
3669 2260 3820 2303 con-

407 2339 506 2394 tra
548 2335 857 2396 Arianos:
930 2336 1295 2396 Collutbum
1368 2356 1516 2398 vero
1588 2338 1896 2399 audacem
1959 2340 2166 2413 illum,
2252 2341 2565 2401 infensum
2653 2341 2899 2400 Arianis
2961 2341 3149 2400 fuisse
3197 2345 3411 2399 narrat
3464 2339 3824 2400 Alexander

405 2434 866 2495 Alexandrinus
909 2435 973 2494 in
1041 2435 1308 2514 epistola
1367 2454 1481 2496 sua
1549 2437 1628 2497 ad
1695 2437 2122 2498 Alexandrum
2186 2439 2956 2518 Constantinopolitanum
3020 2438 3126 2516 (α).
3192 2439 3348 2497 Hinc
3393 2436 3824 2514 conjectamus

409 2533 772 2593 Colluthum
844 2533 1090 2594 dissidii
1144 2539 1468 2595 auctorem
1514 2553 1657 2594 eum
1703 2535 1910 2613 ipsum
1979 2556 2116 2597 esee
2159 2537 2268 2616 qui
2330 2538 2570 2616 synodo
2641 2536 3078 2596 Alexandrinae
3147 2536 3386 2613 primus
3429 2534 3822 2613 subscripsit.

410 2632 705 2692 Nondum
751 2631 917 2691 enim
965 2650 1090 2710 quo
1148 2638 1434 2710 tempore
1477 2633 1794 2692 celebrata
1837 2634 2116 2712 synodus
2173 2633 2597 2694 Alexandrina
2642 2634 2779 2708 fuit,
2854 2652 3019 2693 anno
3063 2633 3300 2692 scilicet
3360 2635 3479 2692 320
3521 2632 3619 2690 vel
3677 2632 3821 2705 321,

411 2729 718 2789 nefariam
783 2729 956 2789 illam
1001 2746 1133 2789 rem
1179 2747 1510 2807 aggressus
1553 2729 1742 2789 fuisse
1814 2731 2065 2790 videtur
2133 2731 2504 2802 Colluthus;
2571 2749 2715 2790 nam
2775 2730 2826 2789 si
2890 2731 3024 2808 jam
3071 2748 3281 2789 orsum
3328 2735 3389 2788 et
3433 2727 3823 2807 publicatum

421 2826 670 2887 malum
706 2826 945 2899 fuisset,
994 2845 1135 2905 quae
1176 2845 1366 2887 causa
1423 2832 1558 2888 erat
1601 2827 1770 2906 quod
1818 2828 1894 2888 de
1939 2833 2113 2890 tanto
2185 2847 2339 2888 ausu
2387 2827 2544 2888 nihil
2588 2828 2650 2888 in
2697 2847 2770 2888 ea
2825 2828 3066 2906 synodo
3110 2826 3454 2906 ageretur?
3523 2827 3642 2885 Res
3685 2844 3836 2887 sane

413 2929 508 2984 est
548 2924 628 2986 ad
697 2923 970 3004 synodos
1039 2925 1379 3003 pertinens,
1457 2931 1519 2985 et
1561 2925 1932 3002 gravissima
1964 2926 2246 3005 quidem.
2323 2927 2430 2988 Sin
2466 2945 2614 2987 vero
2687 2945 2899 2986 orsum
2946 2925 3275 2985 dissidium
3352 2923 3824 2986 Colluthianum

413 3041 540 3082 non
572 3027 708 3083 erat
748 3039 890 3082 cum
936 3023 1244 3101 ejusmodi
1287 3023 1566 3102 synodus
1626 3023 1943 3084 celebrata
2002 3024 2142 3098 fuit,
2190 3024 2338 3104 quid
2395 3030 2566 3084 vetat
2608 3023 2759 3102 quin
2807 3029 3099 3102 putemus
3141 3023 3504 3083 Collutbum
3560 3021 3824 3101 presby-

415 3125 645 3194 terum,
704 3120 813 3199 qui
882 3120 1124 3199 synodo
1195 3120 1636 3182 Alexandrinaa
1709 3121 1948 3200 primus
1993 3122 2362 3202 subscripsit
2438 3122 2602 3182 inter
2671 3121 3094 3200 presbyteros,
3165 3125 3227 3180 et
3308 3121 3480 3180 solus
3564 3119 3826 3198 hujusce

414 3217 686 3278 nominis
728 3218 958 3279 ibidem
1023 3225 1428 3297 memoratur,
1504 3221 1794 3280 eumdem
1839 3221 2046 3300 ipsum
2091 3239 2224 3281 esse
2281 3221 2390 3300 qui
2461 3220 2703 3280 dissidii
2787 3219 2980 3298 paulo
3047 3225 3188 3298 post
3247 3226 3468 3279 auctor
3527 3219 3643 3279 fuit
3687 3217 3823 3299 (b);

416 3334 560 3376 cum
619 3316 720 3376 hic
764 3335 1017 3396 quoque
1073 3323 1135 3377 et
1177 3317 1509 3397 presbyter
1564 3318 2048 3394 Alexandrinus,
2113 3325 2175 3379 et
2258 3319 2526 3391 Arianis,
2589 3319 2766 3378 initio
2810 3317 3032 3378 saltem
3090 3322 3294 3378 saectaa
3353 3336 3505 3390 suae,
3552 3317 3831 3377 infensus

417 3413 631 3485 fuerit,
685 3419 754 3476 ut
809 3421 1076 3475 testatur
1130 3415 1489 3477 Alexander
1566 3417 1756 3496 episc.
1808 3417 2330 3478 Alexandrinus?
2385 3417 2578 3477 Aiunt
2646 3421 2855 3476 autem
2916 3435 2992 3476 ex
3053 3417 3340 3489 adverso,
3401 3415 3830 3476 Alexandrum

417 3511 509 3572 ita
577 3513 656 3573 de
713 3513 1009 3575 Collutbo
1053 3513 1456 3575 schismatico
1499 3516 1693 3575 verba
1749 3516 1976 3589 facere,
2039 3521 2110 3576 ut
2166 3516 2444 3575 indicare
2501 3515 2790 3575 videatur
2844 3515 3064 3576 eodem
3124 3534 3250 3594 quo
3305 3514 3488 3574 Arius
3548 3520 3834 3592 tempore

420 3612 629 3690 ipsum
690 3613 908 3672 turbas
967 3613 1273 3688 movisse;
1333 3620 1396 3674 et
1445 3613 1868 3693 Epiphanium
1951 3614 2102 3674 hear.
2190 3630 2325 3674 LXIX
2386 3613 2614 3685 dicere,
2688 3612 3077 3683 (olluthum,
3137 3612 3520 3684 Sarmatam,
3591 3614 3829 3689 Carpo-

425 3728 570 3770 nem
625 3715 688 3770 et
714 3709 930 3770 Arium
989 3709 1410 3790 presbyteros,
1470 3712 1700 3789 quibus
1766 3718 1947 3772 erant
2005 3716 2281 3789 quatuor
2362 3710 2802 3770 Alexandrina:
2886 3707 3181 3769 Ecclesiae
3237 3706 3636 3780 contributae,
3697 3713 3832 3767 tur-

424 3809 648 3870 barum
707 3814 996 3868 auctores
1075 3808 1264 3869 fuisse
1321 3815 1384 3870 et
1440 3809 1659 3888 populi
1734 3809 2147 3870 Alexandrini
2227 3807 2690 3868 multitudinem
2773 3807 2835 3865 in
2913 3804 3118 3863 varias
3177 3800 3537 3860 distraxisse
3595 3809 3830 3880 partes.

420 3907 540 3982 Qui
595 3905 990 3986 Epiphanius
1046 3906 1182 3966 biec
1239 3906 1503 3967 dicendo
1561 3906 1808 3967 videtur
1864 3907 2164 3979 indicare,
2224 3906 2443 3967 eodem
2505 3912 2788 3976 tempore
2835 3901 3091 3962 obortas
3141 3899 3328 3960 fuisse
3359 3898 3499 3958 illas
3553 3899 3830 3959 Alexan-

420 4006 634 4066 drinas
661 4004 1002 4078 factiones;
1060 4010 1250 4082 atque
1295 4004 1452 4064 adeo
1510 4005 1870 4079 Collutbum
1921 4005 2053 4083 jam
2114 4011 2247 4064 tum
2309 4023 2451 4064 cum
2512 4003 2695 4062 Arius
2753 4001 3162 4060 damnaretur
3216 3997 3513 4059 defecisse
3571 3997 3651 4057 ab
3706 3998 3828 4057 Ec-

415 4104 629 4182 clesia,
699 4102 967 4181 ideoque
1036 4119 1162 4162 non
1227 4102 1403 4162 illum
1464 4103 1669 4182 ipsum
1742 4121 1873 4163 esse
1957 4103 2066 4182 qui
2161 4101 2607 4163 Alexandrinae
2680 4098 2919 4178 synodo
2991 4097 3161 4177 prior
3257 4115 3331 4157 ex
3446 4095 3828 4175 presbyteris

415 4201 786 4281 suffragium
857 4199 1046 4261 dedit.
1118 4202 1346 4260 Verum
1418 4220 1626 4275 nemo,
1698 4207 1766 4261 ut
1835 4221 2042 4281 spero,
2118 4201 2273 4261 citra
2359 4198 2838 4280 przejudicatam
2923 4195 3282 4274 opinionem
3357 4192 3698 4254 Alexandri
3767 4199 3830 4255 et

410 4299 751 4380 Epiphanii
807 4299 996 4360 verba
1038 4299 1224 4377 leget,
1300 4299 1407 4378 qui
1463 4299 1776 4360 existimet
1830 4318 1936 4359 eos
1984 4301 2072 4360 ita
2143 4299 2356 4359 stricte
2414 4303 2659 4375 tempus
2718 4293 3070 4373 significare
3124 4293 3415 4364 voluisse,
3480 4297 3550 4351 ut
3605 4291 3827 4352 eodem

418 4399 678 4459 omnino
745 4397 1045 4477 temporis
1116 4403 1352 4476 puncto
1409 4398 1653 4472 Arium,
1710 4397 2071 4458 Colluthum
2133 4403 2194 4458 et
2252 4396 2409 4456 alios
2456 4394 2699 4456 dedisse
2745 4393 2960 4454 turbas
3017 4399 3079 4453 et
3135 4389 3488 4452 schismatis
3539 4394 3829 4449 auctores

412 4496 605 4556 fuisse
661 4501 940 4556 narrent.
1016 4497 1093 4556 Et
1149 4495 1476 4573 vulgatum
1521 4501 1614 4556 est
1671 4501 1740 4555 ut
1798 4495 2018 4555 eodem
2084 4500 2365 4572 tempore
2424 4498 2597 4570 gesta
2656 4491 2965 4564 dicamus,
3027 4509 3168 4569 qua:
3200 4489 3450 4549 modico
3525 4487 3828 4566 temporis

410 4594 640 4674 spatio,
699 4593 844 4654 licet
915 4592 1040 4653 alia
1099 4593 1293 4672 prius,
1356 4593 1481 4654 alia
1557 4593 1890 4672 posterius,
1951 4593 2295 4654 evenerint.
2355 4592 2447 4650 Ad
2511 4591 2642 4650 haec
2701 4609 2777 4650 ex
2833 4588 3189 4668 Epiphanio
3248 4586 3419 4646 haud
3476 4583 3823 4644 invalidum

408 4710 524 4771 pro
595 4696 808 4752 nostra
878 4691 1174 4770 opinione
1259 4697 1704 4769 argumentum
1792 4691 2054 4752 eruitur.
2115 4692 2267 4752 Cum
2358 4691 2421 4750 in
2483 4688 2911 4750 Alexandrina
2994 4685 3236 4766 synodo
3323 4683 3608 4762 superius
3694 4700 3823 4742 me-

409 4795 677 4863 morata,
750 4788 959 4860 Arius,
1020 4791 1340 4866 Carpones
1399 4796 1461 4848 et
1516 4789 1836 4850 Sarmatcs
1896 4788 2299 4860 damnentur,
2363 4805 2435 4848 ac
2491 4787 2569 4846 de
2618 4784 2912 4846 Collutho
2971 4784 3146 4843 nulla
3202 4782 3437 4841 mentio
3508 4779 3645 4851 sit;
3705 4778 3825 4839 nisi

403 4888 468 4948 in
521 4885 1086 4965 subscriptionibus
1159 4885 1668 4965 presbyterorum
1727 4887 2295 4947 Alexandrinorum
2358 4886 2462 4945 ubi
2520 4884 2755 4963 primas
2813 4883 2918 4942 ille
2982 4887 3198 4954 tenet;
3261 4880 3405 4938 hinc
3461 4895 3613 4938 sane
3669 4895 3820 4938 con-

403 4986 507 5047 fici
563 4985 830 5057 videtur,
906 4983 1268 5044 Collutbum
1328 4984 1609 5043 nondum
1667 4990 1883 5063 aperte
1940 4985 2263 5057 defecisse,
2323 4989 2385 5044 et
2452 5001 2592 5043 eum
2655 4981 2861 5061 ipsum
2917 4999 3049 5040 esse
3119 4978 3228 5057 qui
3287 4976 3652 5054 suffragium
3705 4975 3819 5035 ad-

399 5103 616 5147 versus
645 5083 802 5144 alios
860 5081 1056 5155 dedit,
1103 5087 1164 5142 et
1193 5082 1383 5161 paulo
1435 5087 1576 5161 post
1634 5088 1855 5143 auctor
1914 5083 2154 5143 dissidii
2211 5082 2349 5142 fuit.
2410 5080 2579 5142 Idem
2637 5086 2846 5140 autem
2902 5077 3262 5148 Colluthus,
3320 5093 3486 5136 anno
3539 5075 3677 5145 324,
3739 5071 3820 5131 ab

400 5182 590 5244 Hosio
619 5182 682 5241 in
714 5180 954 5261 synodo
985 5180 1412 5242 Alexandrina
1440 5181 1503 5240 in
1537 5181 1819 5242 ordinem
1879 5181 2170 5241 redactus
2199 5186 2312 5240 est.
2364 5182 2590 5240 Totam
2640 5197 2770 5238 rem
2822 5177 3050 5237 eruditi
3101 5174 3353 5236 lectoris
3381 5172 3641 5234 arbitrio
3674 5189 3818 5251 per-

401 5281 728 5342 mittimus.

478 5409 539 5469 7.
599 5404 691 5465 Ad
750 5421 986 5465 annum
1045 5405 1184 5477 526,
1245 5421 1420 5465 num.
1484 5407 1542 5477 1,
1604 5403 1880 5464 diximus
1937 5408 2204 5465 mortem
2254 5402 2594 5465 Alexandri
2648 5401 3056 5464 Alexandrini
3113 5397 3399 5479 praesulis
3459 5415 3496 5457 a
3553 5395 3816 5476 quibus-

473 5696 552 5770 (α)
581 5691 800 5770 νεμεσᾷ.
834 5691 948 5770 ψει
969 5710 1005 5766 ι,
1040 5710 1167 5766 cap.
1200 5693 1231 5750 ἀ

473 5696 530 5770 (a
581 5696 800 5751 Theod.
835 5696 934 5748 lib.
969 5711 974 5749 1

471 5696 552 5851 (bl
577 5766 798 5827 Theod.
830 5765 974 5827 ibid.
