  <div class='ocr_page' id='page_1' title='image "/cluster/home/n/w/nwhite01/storage/ocr_20150623/25:no.1/coo.31924054873066/070.png"; bbox 0 0 4170 6386; ppageno 0'>
   <div class='ocr_carea' id='block_1_1' title="bbox 1343 469 3735 539">
    <p class='ocr_par' dir='ltr' id='par_1_1' title="bbox 1343 469 3735 539">
     <span class='ocr_line' id='line_1_1' title="bbox 1343 469 3735 539; baseline 0.003 -6"><span class='ocrx_word' id='word_1_1' title='bbox 1343 472 1526 535; x_wconf 86' lang='lat' dir='ltr'>VITA</span> <span class='ocrx_word' id='word_1_2' title='bbox 1575 471 1638 535; x_wconf 92' lang='lat' dir='ltr'>S.</span> <span class='ocrx_word' id='word_1_3' title='bbox 1687 469 2149 535; x_wconf 83' lang='lat' dir='ltr'>ATHANASII.</span> <span class='ocrx_word' id='word_1_4' title='bbox 2179 506 2257 517; x_wconf 96' lang='lat'><strong>—</strong></span> <span class='ocrx_word' id='word_1_5' title='bbox 2291 471 2684 537; x_wconf 83' lang='lat' dir='ltr'>MONITUM.</span> <span class='ocrx_word' id='word_1_6' title='bbox 3612 486 3735 539; x_wconf 79' lang='lat' dir='ltr'>LVI!</span> 
     </span>
    </p>
   </div>
   <div class='ocr_carea' id='block_1_2' title="bbox 314 598 3735 691">
    <p class='ocr_par' dir='ltr' id='par_1_2' title="bbox 314 598 3735 691">
     <span class='ocr_line' id='line_1_2' title="bbox 314 598 3735 691; baseline 0.004 -29"><span class='ocrx_word' id='word_1_7' title='bbox 314 598 463 662; x_wconf 90' lang='lat' dir='ltr'>dam</span> <span class='ocrx_word' id='word_1_8' title='bbox 495 601 851 682; x_wconf 81' lang='lat' dir='ltr'>consignari</span> <span class='ocrx_word' id='word_1_9' title='bbox 881 604 944 665; x_wconf 93' lang='lat' dir='ltr'>in</span> <span class='ocrx_word' id='word_1_10' title='bbox 976 607 1053 666; x_wconf 93' lang='lat'>26</span> <span class='ocrx_word' id='word_1_11' title='bbox 1087 604 1409 667; x_wconf 83' lang='lat' dir='ltr'>Februarii</span> <span class='ocrx_word' id='word_1_12' title='bbox 1439 606 1719 685; x_wconf 87' lang='lat' dir='ltr'>ejusdem</span> <span class='ocrx_word' id='word_1_13' title='bbox 1771 606 1957 667; x_wconf 91' lang='lat' dir='ltr'>anni:</span> <span class='ocrx_word' id='word_1_14' title='bbox 2013 624 2110 666; x_wconf 90' lang='lat' dir='ltr'>res</span> <span class='ocrx_word' id='word_1_15' title='bbox 2150 604 2287 686; x_wconf 89' lang='lat' dir='ltr'>jam</span> <span class='ocrx_word' id='word_1_16' title='bbox 2336 608 2691 670; x_wconf 80' lang='lat' dir='ltr'>accuratius</span> <span class='ocrx_word' id='word_1_17' title='bbox 2758 608 3199 691; x_wconf 86' lang='lat' dir='ltr'>investiganda</span> <span class='ocrx_word' id='word_1_18' title='bbox 3252 609 3434 674; x_wconf 91' lang='lat' dir='ltr'>nobis</span> <span class='ocrx_word' id='word_1_19' title='bbox 3482 615 3596 673; x_wconf 90' lang='lat' dir='ltr'>est.</span> <span class='ocrx_word' id='word_1_20' title='bbox 3648 610 3735 676; x_wconf 91' lang='lat' dir='ltr'>Ut</span> 
     </span>
    </p>
   </div>
   <div class='ocr_carea' id='block_1_3' title="bbox 316 700 3739 786">
    <p class='ocr_par' dir='ltr' id='par_1_3' title="bbox 316 700 3739 786">
     <span class='ocr_line' id='line_1_3' title="bbox 316 700 3739 786; baseline 0.003 -25"><span class='ocrx_word' id='word_1_21' title='bbox 316 700 423 762; x_wconf 92' lang='lat' dir='ltr'>diu</span> <span class='ocrx_word' id='word_1_22' title='bbox 480 700 734 779; x_wconf 90' lang='lat' dir='ltr'>ignotus</span> <span class='ocrx_word' id='word_1_23' title='bbox 788 704 1291 766; x_wconf 79' lang='lat' dir='ltr'>Occidentalibus</span> <span class='ocrx_word' id='word_1_24' title='bbox 1350 705 1467 766; x_wconf 87' lang='lat' dir='ltr'>fuit</span> <span class='ocrx_word' id='word_1_25' title='bbox 1520 724 1720 765; x_wconf 91' lang='lat' dir='ltr'>annus</span> <span class='ocrx_word' id='word_1_26' title='bbox 1780 706 1989 765; x_wconf 91' lang='lat' dir='ltr'>obitus</span> <span class='ocrx_word' id='word_1_27' title='bbox 2045 704 2410 777; x_wconf 81' lang='lat' dir='ltr'>Athanasii;</span> <span class='ocrx_word' id='word_1_28' title='bbox 2488 708 2575 767; x_wconf 90' lang='lat' dir='ltr'>sic</span> <span class='ocrx_word' id='word_1_29' title='bbox 2637 726 2765 786; x_wconf 92' lang='lat' dir='ltr'>qua</span> <span class='ocrx_word' id='word_1_30' title='bbox 2806 709 2905 769; x_wconf 91' lang='lat' dir='ltr'>die</span> <span class='ocrx_word' id='word_1_31' title='bbox 2977 710 3312 771; x_wconf 86' lang='lat' dir='ltr'>decesserit</span> <span class='ocrx_word' id='word_1_32' title='bbox 3381 710 3739 772; x_wconf 82' lang='lat' dir='ltr'>Alexander</span> 
     </span>
    </p>
   </div>
   <div class='ocr_carea' id='block_1_4' title="bbox 315 800 3737 883">
    <p class='ocr_par' dir='ltr' id='par_1_4' title="bbox 315 800 3737 883">
     <span class='ocr_line' id='line_1_4' title="bbox 315 800 3737 883; baseline 0.003 -23"><span class='ocrx_word' id='word_1_33' title='bbox 315 800 395 861; x_wconf 90' lang='lat' dir='ltr'>ad</span> <span class='ocrx_word' id='word_1_34' title='bbox 438 819 636 879; x_wconf 91' lang='lat' dir='ltr'>usque</span> <span class='ocrx_word' id='word_1_35' title='bbox 697 808 978 863; x_wconf 87' lang='lat' dir='ltr'>nostram</span> <span class='ocrx_word' id='word_1_36' title='bbox 1052 809 1301 864; x_wconf 87' lang='lat' dir='ltr'>atatem</span> <span class='ocrx_word' id='word_1_37' title='bbox 1371 804 1734 883; x_wconf 81' lang='lat' dir='ltr'>ignoratum</span> <span class='ocrx_word' id='word_1_38' title='bbox 1809 808 1950 875; x_wconf 87' lang='lat' dir='ltr'>est;</span> <span class='ocrx_word' id='word_1_39' title='bbox 2026 802 2224 863; x_wconf 88' lang='lat' dir='ltr'>donec</span> <span class='ocrx_word' id='word_1_40' title='bbox 2293 804 2528 865; x_wconf 85' lang='lat' dir='ltr'>scilicet</span> <span class='ocrx_word' id='word_1_41' title='bbox 2604 804 2904 868; x_wconf 84' lang='lat' dir='ltr'>Orientale</span> <span class='ocrx_word' id='word_1_42' title='bbox 2975 805 3311 869; x_wconf 86' lang='lat' dir='ltr'>Chronicon</span> <span class='ocrx_word' id='word_1_43' title='bbox 3382 808 3463 868; x_wconf 90' lang='lat' dir='ltr'>ab</span> <span class='ocrx_word' id='word_1_44' title='bbox 3538 807 3737 869; x_wconf 88' lang='lat' dir='ltr'>Abra-</span> 
     </span>
    </p>
   </div>
   <div class='ocr_carea' id='block_1_5' title="bbox 317 898 3739 983">
    <p class='ocr_par' dir='ltr' id='par_1_5' title="bbox 317 898 3739 983">
     <span class='ocr_line' id='line_1_5' title="bbox 317 898 3739 983; baseline 0.002 -25"><span class='ocrx_word' id='word_1_45' title='bbox 317 898 509 960; x_wconf 89' lang='lat' dir='ltr'>hamo</span> <span class='ocrx_word' id='word_1_46' title='bbox 579 898 930 960; x_wconf 88' lang='lat' dir='ltr'>Eckellensi</span> <span class='ocrx_word' id='word_1_47' title='bbox 999 901 1236 962; x_wconf 91' lang='lat' dir='ltr'>editum</span> <span class='ocrx_word' id='word_1_48' title='bbox 1309 902 1426 962; x_wconf 88' lang='lat' dir='ltr'>fuit</span> <span class='ocrx_word' id='word_1_49' title='bbox 1498 903 1559 962; x_wconf 91' lang='lat' dir='ltr'>in</span> <span class='ocrx_word' id='word_1_50' title='bbox 1635 900 2059 981; x_wconf 89' lang='lat' dir='ltr'>typographia</span> <span class='ocrx_word' id='word_1_51' title='bbox 2130 900 2325 977; x_wconf 88' lang='lat' dir='ltr'>regia,</span> <span class='ocrx_word' id='word_1_52' title='bbox 2398 919 2565 961; x_wconf 91' lang='lat' dir='ltr'>anno</span> <span class='ocrx_word' id='word_1_53' title='bbox 2638 906 2818 975; x_wconf 78' lang='grc'>1651,</span> <span class='ocrx_word' id='word_1_54' title='bbox 2892 909 2953 964; x_wconf 91' lang='lat' dir='ltr'>et</span> <span class='ocrx_word' id='word_1_55' title='bbox 3026 905 3282 983; x_wconf 88' lang='lat' dir='ltr'>quidem</span> <span class='ocrx_word' id='word_1_56' title='bbox 3355 905 3739 966; x_wconf 88' lang='lat' dir='ltr'>concinnata</span> 
     </span>
    </p>
   </div>
   <div class='ocr_carea' id='block_1_6' title="bbox 315 995 3738 1076">
    <p class='ocr_par' dir='ltr' id='par_1_6' title="bbox 315 995 3738 1076">
     <span class='ocr_line' id='line_1_6' title="bbox 315 995 3738 1076; baseline 0.002 -21"><span class='ocrx_word' id='word_1_57' title='bbox 315 995 397 1055; x_wconf 91' lang='lat' dir='ltr'>ad</span> <span class='ocrx_word' id='word_1_58' title='bbox 441 1002 715 1057; x_wconf 83' lang='lat' dir='ltr'>mentem</span> <span class='ocrx_word' id='word_1_59' title='bbox 769 998 1109 1076; x_wconf 89' lang='lat' dir='ltr'>Coptorum</span> <span class='ocrx_word' id='word_1_60' title='bbox 1182 1018 1290 1059; x_wconf 91' lang='lat' dir='ltr'>seu</span> <span class='ocrx_word' id='word_1_61' title='bbox 1356 1000 1812 1071; x_wconf 88' lang='lat' dir='ltr'>Jacobitarum,</span> <span class='ocrx_word' id='word_1_62' title='bbox 1888 1017 2014 1059; x_wconf 93' lang='lat' dir='ltr'>non</span> <span class='ocrx_word' id='word_1_63' title='bbox 2088 997 2523 1057; x_wconf 85' lang='lat' dir='ltr'>Melchitarum</span> <span class='ocrx_word' id='word_1_64' title='bbox 2597 1018 2705 1060; x_wconf 90' lang='lat' dir='ltr'>seu</span> <span class='ocrx_word' id='word_1_65' title='bbox 2778 1004 2995 1061; x_wconf 84' lang='lat' dir='ltr'>Graco</span> <span class='ocrx_word' id='word_1_66' title='bbox 3066 1003 3214 1063; x_wconf 91' lang='lat' dir='ltr'>ritui</span> <span class='ocrx_word' id='word_1_67' title='bbox 3284 1002 3738 1071; x_wconf 83' lang='lat' dir='ltr'>addictorum;</span> 
     </span>
    </p>
   </div>
   <div class='ocr_carea' id='block_1_7' title="bbox 316 1092 3739 1176">
    <p class='ocr_par' dir='ltr' id='par_1_7' title="bbox 316 1092 3739 1176">
     <span class='ocr_line' id='line_1_7' title="bbox 316 1092 3739 1176; baseline 0.002 -22"><span class='ocrx_word' id='word_1_68' title='bbox 316 1093 495 1173; x_wconf 89' lang='lat' dir='ltr'>cujus</span> <span class='ocrx_word' id='word_1_69' title='bbox 542 1092 832 1156; x_wconf 82' lang='lat' dir='ltr'>Chronici</span> <span class='ocrx_word' id='word_1_70' title='bbox 886 1114 1011 1155; x_wconf 90' lang='lat' dir='ltr'>non</span> <span class='ocrx_word' id='word_1_71' title='bbox 1057 1098 1518 1157; x_wconf 90' lang='lat' dir='ltr'>contemnenda</span> <span class='ocrx_word' id='word_1_72' title='bbox 1587 1117 1733 1176; x_wconf 90' lang='lat' dir='ltr'>pars</span> <span class='ocrx_word' id='word_1_73' title='bbox 1778 1102 1871 1156; x_wconf 89' lang='lat' dir='ltr'>est</span> <span class='ocrx_word' id='word_1_74' title='bbox 1913 1095 2427 1173; x_wconf 89' lang='lat' dir='ltr'>chronographia</span> <span class='ocrx_word' id='word_1_75' title='bbox 2496 1098 3002 1175; x_wconf 85' lang='lat' dir='ltr'>patriarcharum</span> <span class='ocrx_word' id='word_1_76' title='bbox 3046 1101 3446 1162; x_wconf 85' lang='lat' dir='ltr'>Alexandria</span> <span class='ocrx_word' id='word_1_77' title='bbox 3519 1100 3739 1162; x_wconf 87' lang='lat' dir='ltr'>Latine</span> 
     </span>
    </p>
   </div>
   <div class='ocr_carea' id='block_1_8' title="bbox 318 1192 3739 1279">
    <p class='ocr_par' dir='ltr' id='par_1_8' title="bbox 318 1192 3739 1279">
     <span class='ocr_line' id='line_1_8' title="bbox 318 1192 3739 1279; baseline 0.002 -28"><span class='ocrx_word' id='word_1_78' title='bbox 318 1192 626 1252; x_wconf 87' lang='lat' dir='ltr'>translata</span> <span class='ocrx_word' id='word_1_79' title='bbox 668 1193 747 1252; x_wconf 92' lang='lat' dir='ltr'>ab</span> <span class='ocrx_word' id='word_1_80' title='bbox 791 1194 1014 1254; x_wconf 87' lang='lat' dir='ltr'>eodem</span> <span class='ocrx_word' id='word_1_81' title='bbox 1058 1195 1430 1255; x_wconf 86' lang='lat' dir='ltr'>Eckellensi.</span> <span class='ocrx_word' id='word_1_82' title='bbox 1488 1196 1581 1255; x_wconf 91' lang='lat' dir='ltr'>Ibi</span> <span class='ocrx_word' id='word_1_83' title='bbox 1626 1213 1831 1255; x_wconf 92' lang='lat' dir='ltr'>annus</span> <span class='ocrx_word' id='word_1_84' title='bbox 1899 1194 2109 1255; x_wconf 93' lang='lat' dir='ltr'>obitus</span> <span class='ocrx_word' id='word_1_85' title='bbox 2180 1194 2529 1267; x_wconf 85' lang='lat' dir='ltr'>Athanasii,</span> <span class='ocrx_word' id='word_1_86' title='bbox 2607 1200 2669 1255; x_wconf 90' lang='lat' dir='ltr'>et</span> <span class='ocrx_word' id='word_1_87' title='bbox 2738 1196 2888 1256; x_wconf 91' lang='lat' dir='ltr'>anni</span> <span class='ocrx_word' id='word_1_88' title='bbox 2958 1198 3357 1278; x_wconf 89' lang='lat' dir='ltr'>episcopatus</span> <span class='ocrx_word' id='word_1_89' title='bbox 3425 1199 3562 1279; x_wconf 84' lang='lat' dir='ltr'>ejus</span> <span class='ocrx_word' id='word_1_90' title='bbox 3631 1217 3739 1277; x_wconf 86' lang='lat' dir='ltr'>ap-</span> 
     </span>
    </p>
   </div>
   <div class='ocr_carea' id='block_1_9' title="bbox 317 1289 3737 1369">
    <p class='ocr_par' dir='ltr' id='par_1_9' title="bbox 317 1289 3737 1369">
     <span class='ocr_line' id='line_1_9' title="bbox 317 1289 3737 1369; baseline 0.003 -20"><span class='ocrx_word' id='word_1_91' title='bbox 317 1289 517 1369; x_wconf 91' lang='lat' dir='ltr'>prime</span> <span class='ocrx_word' id='word_1_92' title='bbox 561 1296 884 1351; x_wconf 91' lang='lat' dir='ltr'>notantur.</span> <span class='ocrx_word' id='word_1_93' title='bbox 934 1292 1292 1353; x_wconf 87' lang='lat' dir='ltr'>Alexander</span> <span class='ocrx_word' id='word_1_94' title='bbox 1336 1313 1480 1355; x_wconf 90' lang='lat' dir='ltr'>vero</span> <span class='ocrx_word' id='word_1_95' title='bbox 1526 1294 1757 1355; x_wconf 90' lang='lat' dir='ltr'>ibidem</span> <span class='ocrx_word' id='word_1_96' title='bbox 1805 1293 2035 1354; x_wconf 90' lang='lat' dir='ltr'>obiisse</span> <span class='ocrx_word' id='word_1_97' title='bbox 2078 1292 2277 1352; x_wconf 85' lang='lat' dir='ltr'>fertur</span> <span class='ocrx_word' id='word_1_98' title='bbox 2319 1292 2419 1352; x_wconf 90' lang='lat' dir='ltr'>die</span> <span class='ocrx_word' id='word_1_99' title='bbox 2489 1296 2568 1353; x_wconf 87' lang='lat'>22</span> <span class='ocrx_word' id='word_1_100' title='bbox 2638 1295 2971 1355; x_wconf 89' lang='lat' dir='ltr'>Barmuda</span> <span class='ocrx_word' id='word_1_101' title='bbox 3042 1302 3112 1356; x_wconf 92' lang='lat' dir='ltr'>ut</span> <span class='ocrx_word' id='word_1_102' title='bbox 3178 1302 3429 1363; x_wconf 84' lang='lat' dir='ltr'>vocant.</span> <span class='ocrx_word' id='word_1_103' title='bbox 3508 1297 3737 1358; x_wconf 86' lang='lat' dir='ltr'>mensis</span> 
     </span>
    </p>
   </div>
   <div class='ocr_carea' id='block_1_10' title="bbox 315 1389 3735 1468">
    <p class='ocr_par' dir='ltr' id='par_1_10' title="bbox 315 1389 3735 1468">
     <span class='ocr_line' id='line_1_10' title="bbox 315 1389 3735 1468; baseline 0.003 -20"><span class='ocrx_word' id='word_1_104' title='bbox 315 1394 536 1450; x_wconf 87' lang='lat' dir='ltr'>exacto</span> <span class='ocrx_word' id='word_1_105' title='bbox 572 1389 706 1468; x_wconf 89' lang='lat' dir='ltr'>jam</span> <span class='ocrx_word' id='word_1_106' title='bbox 754 1408 921 1451; x_wconf 87' lang='lat' dir='ltr'>anno</span> <span class='ocrx_word' id='word_1_107' title='bbox 964 1393 1102 1464; x_wconf 77' lang='lat'>318,</span> <span class='ocrx_word' id='word_1_108' title='bbox 1151 1398 1441 1454; x_wconf 89' lang='lat' dir='ltr'>currente</span> <span class='ocrx_word' id='word_1_109' title='bbox 1512 1411 1659 1453; x_wconf 90' lang='lat' dir='ltr'>vero</span> <span class='ocrx_word' id='word_1_110' title='bbox 1731 1395 1850 1452; x_wconf 76' lang='lat'>319</span> <span class='ocrx_word' id='word_1_111' title='bbox 1923 1410 2064 1451; x_wconf 84' lang='lat' dir='ltr'>ara</span> <span class='ocrx_word' id='word_1_112' title='bbox 2138 1390 2512 1452; x_wconf 68' lang='lat' dir='ltr'>Christianae</span> <span class='ocrx_word' id='word_1_113' title='bbox 2555 1392 3023 1467; x_wconf 85' lang='lat' dir='ltr'>Alexandrina,</span> <span class='ocrx_word' id='word_1_114' title='bbox 3070 1394 3364 1456; x_wconf 89' lang='lat' dir='ltr'>videlicet</span> <span class='ocrx_word' id='word_1_115' title='bbox 3406 1414 3573 1456; x_wconf 90' lang='lat' dir='ltr'>anno</span> <span class='ocrx_word' id='word_1_116' title='bbox 3617 1398 3735 1457; x_wconf 87' lang='lat'>326</span> 
     </span>
    </p>
   </div>
   <div class='ocr_carea' id='block_1_11' title="bbox 315 1487 3741 1569">
    <p class='ocr_par' dir='ltr' id='par_1_11' title="bbox 315 1487 3741 1569">
     <span class='ocr_line' id='line_1_11' title="bbox 315 1487 3741 1569; baseline 0.002 -22"><span class='ocrx_word' id='word_1_117' title='bbox 315 1487 739 1566; x_wconf 87' lang='lat' dir='ltr'>Dionysiana,</span> <span class='ocrx_word' id='word_1_118' title='bbox 786 1488 1032 1549; x_wconf 91' lang='lat' dir='ltr'>decima</span> <span class='ocrx_word' id='word_1_119' title='bbox 1085 1491 1354 1569; x_wconf 88' lang='lat' dir='ltr'>septima</span> <span class='ocrx_word' id='word_1_120' title='bbox 1428 1490 1659 1569; x_wconf 89' lang='lat' dir='ltr'>Aprilis</span> <span class='ocrx_word' id='word_1_121' title='bbox 1730 1490 1989 1563; x_wconf 86' lang='lat' dir='ltr'>Juliani,</span> <span class='ocrx_word' id='word_1_122' title='bbox 2065 1508 2207 1549; x_wconf 90' lang='lat' dir='ltr'>cum</span> <span class='ocrx_word' id='word_1_123' title='bbox 2280 1494 2443 1550; x_wconf 89' lang='lat' dir='ltr'>esset</span> <span class='ocrx_word' id='word_1_124' title='bbox 2507 1490 2720 1551; x_wconf 86' lang='lat' dir='ltr'>littera</span> <span class='ocrx_word' id='word_1_125' title='bbox 2788 1491 3198 1553; x_wconf 91' lang='lat' dir='ltr'>Dominicalis</span> <span class='ocrx_word' id='word_1_126' title='bbox 3266 1494 3339 1565; x_wconf 93' lang='lat' dir='ltr'>B,</span> <span class='ocrx_word' id='word_1_127' title='bbox 3413 1493 3741 1554; x_wconf 87' lang='lat' dir='ltr'>Dominica</span> 
     </span>
    </p>
   </div>
   <div class='ocr_carea' id='block_1_12' title="bbox 315 1584 3739 1668">
    <p class='ocr_par' dir='ltr' id='par_1_12' title="bbox 315 1584 3739 1668">
     <span class='ocr_line' id='line_1_12' title="bbox 315 1584 3739 1668; baseline 0.002 -24"><span class='ocrx_word' id='word_1_128' title='bbox 315 1584 641 1657; x_wconf 86' lang='lat' dir='ltr'>nimirum,</span> <span class='ocrx_word' id='word_1_129' title='bbox 713 1605 790 1646; x_wconf 88' lang='lat' dir='ltr'>ex</span> <span class='ocrx_word' id='word_1_130' title='bbox 858 1588 1122 1665; x_wconf 89' lang='lat' dir='ltr'>antiquo</span> <span class='ocrx_word' id='word_1_131' title='bbox 1190 1589 1529 1649; x_wconf 89' lang='lat' dir='ltr'>Orientalis</span> <span class='ocrx_word' id='word_1_132' title='bbox 1596 1586 1890 1648; x_wconf 84' lang='lat' dir='ltr'>Ecclesia</span> <span class='ocrx_word' id='word_1_133' title='bbox 1965 1605 2103 1659; x_wconf 87' lang='lat' dir='ltr'>usu,</span> <span class='ocrx_word' id='word_1_134' title='bbox 2177 1585 2477 1647; x_wconf 89' lang='lat' dir='ltr'>inchoata</span> <span class='ocrx_word' id='word_1_135' title='bbox 2552 1587 2632 1647; x_wconf 91' lang='lat' dir='ltr'>ad</span> <span class='ocrx_word' id='word_1_136' title='bbox 2702 1606 3029 1668; x_wconf 88' lang='lat' dir='ltr'>vesperam</span> <span class='ocrx_word' id='word_1_137' title='bbox 3075 1589 3362 1663; x_wconf 91' lang='lat' dir='ltr'>Sabbati,</span> <span class='ocrx_word' id='word_1_138' title='bbox 3409 1590 3739 1652; x_wconf 89' lang='lat' dir='ltr'>occidente</span> 
     </span>
    </p>
   </div>
   <div class='ocr_carea' id='block_1_13' title="bbox 313 1682 3737 1765">
    <p class='ocr_par' dir='ltr' id='par_1_13' title="bbox 313 1682 3737 1765">
     <span class='ocr_line' id='line_1_13' title="bbox 313 1682 3737 1765; baseline 0.002 -22"><span class='ocrx_word' id='word_1_139' title='bbox 313 1682 467 1756; x_wconf 93' lang='lat' dir='ltr'>sole,</span> <span class='ocrx_word' id='word_1_140' title='bbox 515 1684 594 1744; x_wconf 89' lang='lat' dir='ltr'>ad</span> <span class='ocrx_word' id='word_1_141' title='bbox 667 1702 993 1762; x_wconf 87' lang='lat' dir='ltr'>vesperam</span> <span class='ocrx_word' id='word_1_142' title='bbox 1069 1705 1267 1765; x_wconf 89' lang='lat' dir='ltr'>usque</span> <span class='ocrx_word' id='word_1_143' title='bbox 1329 1692 1744 1765; x_wconf 91' lang='lat' dir='ltr'>sequentem;</span> <span class='ocrx_word' id='word_1_144' title='bbox 1820 1686 1909 1745; x_wconf 86' lang='lat' dir='ltr'>ita</span> <span class='ocrx_word' id='word_1_145' title='bbox 1982 1690 2195 1745; x_wconf 91' lang='lat' dir='ltr'>tamen</span> <span class='ocrx_word' id='word_1_146' title='bbox 2268 1689 2339 1744; x_wconf 94' lang='lat' dir='ltr'>ut</span> <span class='ocrx_word' id='word_1_147' title='bbox 2406 1684 2707 1746; x_wconf 89' lang='lat' dir='ltr'>vicesima</span> <span class='ocrx_word' id='word_1_148' title='bbox 2776 1687 3051 1747; x_wconf 88' lang='lat' dir='ltr'>secunda</span> <span class='ocrx_word' id='word_1_149' title='bbox 3095 1688 3432 1749; x_wconf 87' lang='lat' dir='ltr'>Barmuda</span> <span class='ocrx_word' id='word_1_150' title='bbox 3478 1689 3737 1762; x_wconf 86' lang='lat' dir='ltr'>mensis,</span> 
     </span>
    </p>
   </div>
   <div class='ocr_carea' id='block_1_14' title="bbox 312 1781 3740 1866">
    <p class='ocr_par' dir='ltr' id='par_1_14' title="bbox 312 1781 3740 1866">
     <span class='ocr_line' id='line_1_14' title="bbox 312 1781 3740 1866; baseline 0.001 -24"><span class='ocrx_word' id='word_1_151' title='bbox 312 1781 423 1860; x_wconf 90' lang='lat' dir='ltr'>qui</span> <span class='ocrx_word' id='word_1_152' title='bbox 464 1782 680 1860; x_wconf 86' lang='lat' dir='ltr'>Coptis</span> <span class='ocrx_word' id='word_1_153' title='bbox 725 1802 839 1861; x_wconf 90' lang='lat' dir='ltr'>pro</span> <span class='ocrx_word' id='word_1_154' title='bbox 887 1784 1099 1863; x_wconf 90' lang='lat' dir='ltr'>Aprile</span> <span class='ocrx_word' id='word_1_155' title='bbox 1144 1785 1434 1864; x_wconf 87' lang='lat' dir='ltr'>habetur,</span> <span class='ocrx_word' id='word_1_156' title='bbox 1484 1786 1564 1845; x_wconf 89' lang='lat' dir='ltr'>ad</span> <span class='ocrx_word' id='word_1_157' title='bbox 1618 1784 1893 1845; x_wconf 89' lang='lat' dir='ltr'>mediam</span> <span class='ocrx_word' id='word_1_158' title='bbox 1969 1788 2218 1843; x_wconf 88' lang='lat' dir='ltr'>noctem</span> <span class='ocrx_word' id='word_1_159' title='bbox 2292 1801 2467 1844; x_wconf 89' lang='lat' dir='ltr'>more</span> <span class='ocrx_word' id='word_1_160' title='bbox 2544 1787 2827 1846; x_wconf 81' lang='lat' dir='ltr'>Romano</span> <span class='ocrx_word' id='word_1_161' title='bbox 2898 1786 3231 1847; x_wconf 85' lang='lat' dir='ltr'>desineret.</span> <span class='ocrx_word' id='word_1_162' title='bbox 3308 1786 3478 1848; x_wconf 88' lang='lat' dir='ltr'>Obiit</span> <span class='ocrx_word' id='word_1_163' title='bbox 3545 1786 3740 1866; x_wconf 82' lang='lat' dir='ltr'>igitur</span> 
     </span>
    </p>
   </div>
   <div class='ocr_carea' id='block_1_15' title="bbox 310 1880 3742 1957">
    <p class='ocr_par' dir='ltr' id='par_1_15' title="bbox 310 1880 3742 1957">
     <span class='ocr_line' id='line_1_15' title="bbox 310 1880 3742 1957; baseline 0.001 -17"><span class='ocrx_word' id='word_1_164' title='bbox 310 1880 691 1952; x_wconf 82' lang='lat' dir='ltr'>Alexander,</span> <span class='ocrx_word' id='word_1_165' title='bbox 749 1886 931 1942; x_wconf 90' lang='lat' dir='ltr'>nocte</span> <span class='ocrx_word' id='word_1_166' title='bbox 1002 1882 1395 1943; x_wconf 91' lang='lat' dir='ltr'>Dominicam</span> <span class='ocrx_word' id='word_1_167' title='bbox 1456 1883 1622 1943; x_wconf 91' lang='lat' dir='ltr'>inter</span> <span class='ocrx_word' id='word_1_168' title='bbox 1689 1887 1752 1942; x_wconf 91' lang='lat' dir='ltr'>et</span> <span class='ocrx_word' id='word_1_169' title='bbox 1820 1881 2038 1942; x_wconf 82' lang='lat' dir='ltr'>feriam</span> <span class='ocrx_word' id='word_1_170' title='bbox 2112 1880 2452 1941; x_wconf 91' lang='lat' dir='ltr'>secundam</span> <span class='ocrx_word' id='word_1_171' title='bbox 2498 1882 2951 1957; x_wconf 89' lang='lat' dir='ltr'>intercedente,</span> <span class='ocrx_word' id='word_1_172' title='bbox 3024 1902 3191 1945; x_wconf 90' lang='lat' dir='ltr'>anno</span> <span class='ocrx_word' id='word_1_173' title='bbox 3280 1885 3423 1956; x_wconf 89' lang='lat'>326,</span> <span class='ocrx_word' id='word_1_174' title='bbox 3492 1884 3742 1945; x_wconf 87' lang='lat' dir='ltr'>decima</span> 
     </span>
    </p>
   </div>
   <div class='ocr_carea' id='block_1_16' title="bbox 311 1978 3741 2061">
    <p class='ocr_par' dir='ltr' id='par_1_16' title="bbox 311 1978 3741 2061">
     <span class='ocr_line' id='line_1_16' title="bbox 311 1978 3741 2061; baseline 0.001 -22"><span class='ocrx_word' id='word_1_175' title='bbox 311 1979 582 2057; x_wconf 89' lang='lat' dir='ltr'>septima</span> <span class='ocrx_word' id='word_1_176' title='bbox 624 1979 875 2057; x_wconf 88' lang='lat' dir='ltr'>Aprilis.</span> <span class='ocrx_word' id='word_1_177' title='bbox 925 1981 1323 2041; x_wconf 90' lang='lat' dir='ltr'>Wanslebius</span> <span class='ocrx_word' id='word_1_178' title='bbox 1365 1982 1429 2041; x_wconf 91' lang='lat' dir='ltr'>in</span> <span class='ocrx_word' id='word_1_179' title='bbox 1474 1983 1815 2061; x_wconf 70' lang='lat' dir='ltr'>Egyptum</span> <span class='ocrx_word' id='word_1_180' title='bbox 1862 1978 2037 2039; x_wconf 90' lang='lat' dir='ltr'>haud</span> <span class='ocrx_word' id='word_1_181' title='bbox 2067 1978 2259 2038; x_wconf 90' lang='lat' dir='ltr'>semel</span> <span class='ocrx_word' id='word_1_182' title='bbox 2304 1978 2765 2056; x_wconf 84' lang='lat' dir='ltr'>peregrinatus,</span> <span class='ocrx_word' id='word_1_183' title='bbox 2827 1998 2903 2040; x_wconf 83' lang='lat' dir='ltr'>ex</span> <span class='ocrx_word' id='word_1_184' title='bbox 2946 1982 3292 2060; x_wconf 85' lang='lat' dir='ltr'>Coptorum</span> <span class='ocrx_word' id='word_1_185' title='bbox 3340 1981 3517 2043; x_wconf 85' lang='lat' dir='ltr'>libris</span> <span class='ocrx_word' id='word_1_186' title='bbox 3559 2000 3741 2043; x_wconf 69' lang='lat' dir='ltr'>eam‘</span> 
     </span>
    </p>
   </div>
   <div class='ocr_carea' id='block_1_17' title="bbox 310 2075 3739 2159">
    <p class='ocr_par' dir='ltr' id='par_1_17' title="bbox 310 2075 3739 2159">
     <span class='ocr_line' id='line_1_17' title="bbox 310 2075 3739 2159; baseline 0.001 -24"><span class='ocrx_word' id='word_1_187' title='bbox 310 2075 453 2137; x_wconf 89' lang='lat' dir='ltr'>dem</span> <span class='ocrx_word' id='word_1_188' title='bbox 499 2076 707 2137; x_wconf 89' lang='lat' dir='ltr'>obitus</span> <span class='ocrx_word' id='word_1_189' title='bbox 778 2077 1116 2137; x_wconf 85' lang='lat' dir='ltr'>Alexandri</span> <span class='ocrx_word' id='word_1_190' title='bbox 1186 2079 1351 2139; x_wconf 93' lang='lat' dir='ltr'>diem</span> <span class='ocrx_word' id='word_1_191' title='bbox 1436 2078 1802 2156; x_wconf 78' lang='lat' dir='ltr'>assignavit,</span> <span class='ocrx_word' id='word_1_192' title='bbox 1891 2076 2132 2137; x_wconf 91' lang='lat' dir='ltr'>scilicet</span> <span class='ocrx_word' id='word_1_193' title='bbox 2217 2080 2292 2135; x_wconf 87' lang='lat'>22</span> <span class='ocrx_word' id='word_1_194' title='bbox 2378 2076 2609 2154; x_wconf 89' lang='lat' dir='ltr'>Aprilis</span> <span class='ocrx_word' id='word_1_195' title='bbox 2688 2075 3007 2157; x_wconf 87' lang='lat' dir='ltr'>(Coptici,)</span> <span class='ocrx_word' id='word_1_196' title='bbox 3041 2097 3229 2156; x_wconf 88' lang='lat' dir='ltr'>quem</span> <span class='ocrx_word' id='word_1_197' title='bbox 3274 2079 3557 2159; x_wconf 64' lang='lat' dir='ltr'>)Egyptii</span> <span class='ocrx_word' id='word_1_198' title='bbox 3626 2098 3739 2139; x_wconf 88' lang='lat' dir='ltr'>vo-</span> 
     </span>
    </p>
   </div>
   <div class='ocr_carea' id='block_1_18' title="bbox 311 2173 3739 2255">
    <p class='ocr_par' dir='ltr' id='par_1_18' title="bbox 311 2173 3739 2255">
     <span class='ocr_line' id='line_1_18' title="bbox 311 2173 3739 2255; baseline 0.001 -21"><span class='ocrx_word' id='word_1_199' title='bbox 311 2180 457 2235; x_wconf 88' lang='lat' dir='ltr'>cant</span> <span class='ocrx_word' id='word_1_200' title='bbox 498 2176 906 2249; x_wconf 87' lang='lat' dir='ltr'>Barmudam,</span> <span class='ocrx_word' id='word_1_201' title='bbox 938 2175 1284 2254; x_wconf 89' lang='lat' dir='ltr'>inciditque</span> <span class='ocrx_word' id='word_1_202' title='bbox 1328 2177 1390 2237; x_wconf 91' lang='lat' dir='ltr'>in</span> <span class='ocrx_word' id='word_1_203' title='bbox 1441 2181 1509 2236; x_wconf 83' lang='grc' dir='ltr'><strong><em>Π</em></strong></span> <span class='ocrx_word' id='word_1_204' title='bbox 1557 2176 1787 2255; x_wconf 90' lang='lat' dir='ltr'>Aprilis</span> <span class='ocrx_word' id='word_1_205' title='bbox 1828 2173 2085 2235; x_wconf 90' lang='lat' dir='ltr'>Juliani.</span> <span class='ocrx_word' id='word_1_206' title='bbox 2134 2173 2366 2233; x_wconf 88' lang='lat' dir='ltr'>Eadem</span> <span class='ocrx_word' id='word_1_207' title='bbox 2426 2192 2616 2252; x_wconf 88' lang='lat' dir='ltr'>porro</span> <span class='ocrx_word' id='word_1_208' title='bbox 2675 2174 2777 2235; x_wconf 92' lang='lat' dir='ltr'>die</span> <span class='ocrx_word' id='word_1_209' title='bbox 2861 2176 2926 2237; x_wconf 94' lang='lat' dir='ltr'>S.</span> <span class='ocrx_word' id='word_1_210' title='bbox 3030 2176 3371 2237; x_wconf 89' lang='lat' dir='ltr'>Alexandri</span> <span class='ocrx_word' id='word_1_211' title='bbox 3429 2176 3739 2238; x_wconf 85' lang='lat' dir='ltr'>memoria</span> 
     </span>
    </p>
   </div>
   <div class='ocr_carea' id='block_1_19' title="bbox 311 2271 3740 2354">
    <p class='ocr_par' dir='ltr' id='par_1_19' title="bbox 311 2271 3740 2354">
     <span class='ocr_line' id='line_1_19' title="bbox 311 2271 3740 2354; baseline 0 -21"><span class='ocrx_word' id='word_1_212' title='bbox 311 2272 665 2333; x_wconf 86' lang='lat' dir='ltr'>celebratur</span> <span class='ocrx_word' id='word_1_213' title='bbox 722 2290 760 2332; x_wconf 88' lang='lat' dir='ltr'>a</span> <span class='ocrx_word' id='word_1_214' title='bbox 815 2275 1014 2352; x_wconf 91' lang='lat' dir='ltr'>Copta</span> <span class='ocrx_word' id='word_1_215' title='bbox 1070 2280 1132 2335; x_wconf 90' lang='lat' dir='ltr'>et</span> <span class='ocrx_word' id='word_1_216' title='bbox 1188 2275 1537 2354; x_wconf 86' lang='lat' dir='ltr'>Abyssinis,</span> <span class='ocrx_word' id='word_1_217' title='bbox 1599 2280 1661 2334; x_wconf 91' lang='lat' dir='ltr'>et</span> <span class='ocrx_word' id='word_1_218' title='bbox 1716 2274 1780 2332; x_wconf 93' lang='lat' dir='ltr'>in</span> <span class='ocrx_word' id='word_1_219' title='bbox 1840 2271 2281 2351; x_wconf 89' lang='lat' dir='ltr'>antiquissimo</span> <span class='ocrx_word' id='word_1_220' title='bbox 2331 2290 2549 2331; x_wconf 91' lang='lat' dir='ltr'>eorum</span> <span class='ocrx_word' id='word_1_221' title='bbox 2603 2272 2994 2334; x_wconf 88' lang='lat' dir='ltr'>Kalendario</span> <span class='ocrx_word' id='word_1_222' title='bbox 3043 2274 3357 2353; x_wconf 88' lang='lat' dir='ltr'>ipsissima</span> <span class='ocrx_word' id='word_1_223' title='bbox 3412 2275 3512 2335; x_wconf 92' lang='lat' dir='ltr'>die</span> <span class='ocrx_word' id='word_1_224' title='bbox 3569 2293 3740 2336; x_wconf 90' lang='lat' dir='ltr'>mor-</span> 
     </span>
    </p>
   </div>
   <div class='ocr_carea' id='block_1_20' title="bbox 312 2370 3737 2451">
    <p class='ocr_par' dir='ltr' id='par_1_20' title="bbox 312 2370 3737 2451">
     <span class='ocr_line' id='line_1_20' title="bbox 312 2370 3737 2451; baseline 0.001 -21"><span class='ocrx_word' id='word_1_225' title='bbox 312 2374 457 2431; x_wconf 84' lang='lat' dir='ltr'>tuus</span> <span class='ocrx_word' id='word_1_226' title='bbox 534 2372 735 2432; x_wconf 89' lang='lat' dir='ltr'>fertur</span> <span class='ocrx_word' id='word_1_227' title='bbox 818 2372 1196 2432; x_wconf 86' lang='lat' dir='ltr'>Alexander.</span> <span class='ocrx_word' id='word_1_228' title='bbox 1286 2376 1743 2451; x_wconf 87' lang='lat' dir='ltr'>Argumentum</span> <span class='ocrx_word' id='word_1_229' title='bbox 1830 2390 2019 2450; x_wconf 94' lang='lat' dir='ltr'>porro</span> <span class='ocrx_word' id='word_1_230' title='bbox 2097 2370 2254 2429; x_wconf 93' lang='lat' dir='ltr'>illud</span> <span class='ocrx_word' id='word_1_231' title='bbox 2340 2375 2454 2441; x_wconf 89' lang='lat' dir='ltr'>est,</span> <span class='ocrx_word' id='word_1_232' title='bbox 2534 2370 2708 2430; x_wconf 90' lang='lat' dir='ltr'>illam</span> <span class='ocrx_word' id='word_1_233' title='bbox 2767 2389 2982 2432; x_wconf 88' lang='lat' dir='ltr'>veram</span> <span class='ocrx_word' id='word_1_234' title='bbox 3072 2390 3205 2432; x_wconf 91' lang='lat' dir='ltr'>esse</span> <span class='ocrx_word' id='word_1_235' title='bbox 3264 2377 3327 2433; x_wconf 95' lang='lat' dir='ltr'>et</span> <span class='ocrx_word' id='word_1_236' title='bbox 3394 2372 3737 2451; x_wconf 86' lang='lat' dir='ltr'>genuinam</span> 
     </span>
    </p>
   </div>
   <div class='ocr_carea' id='block_1_21' title="bbox 310 2466 3743 2550">
    <p class='ocr_par' dir='ltr' id='par_1_21' title="bbox 310 2466 3743 2550">
     <span class='ocr_line' id='line_1_21' title="bbox 310 2466 3743 2550; baseline 0.001 -21"><span class='ocrx_word' id='word_1_237' title='bbox 310 2468 651 2530; x_wconf 82' lang='lat' dir='ltr'>Alexandri</span> <span class='ocrx_word' id='word_1_238' title='bbox 708 2468 922 2529; x_wconf 88' lang='lat' dir='ltr'>obitus</span> <span class='ocrx_word' id='word_1_239' title='bbox 997 2469 1188 2544; x_wconf 90' lang='lat' dir='ltr'>diem,</span> <span class='ocrx_word' id='word_1_240' title='bbox 1240 2471 1411 2549; x_wconf 94' lang='lat' dir='ltr'>quod</span> <span class='ocrx_word' id='word_1_241' title='bbox 1467 2472 1531 2531; x_wconf 89' lang='lat' dir='ltr'>in</span> <span class='ocrx_word' id='word_1_242' title='bbox 1579 2469 1958 2531; x_wconf 87' lang='lat' dir='ltr'>Kalendario</span> <span class='ocrx_word' id='word_1_243' title='bbox 2044 2466 2496 2547; x_wconf 87' lang='lat' dir='ltr'>Abyssinorum</span> <span class='ocrx_word' id='word_1_244' title='bbox 2577 2467 2971 2548; x_wconf 66' lang='lat' dir='ltr'>IEthiopum,</span> <span class='ocrx_word' id='word_1_245' title='bbox 3034 2470 3141 2548; x_wconf 93' lang='lat' dir='ltr'>qui</span> <span class='ocrx_word' id='word_1_246' title='bbox 3198 2489 3276 2531; x_wconf 88' lang='lat' dir='ltr'>ex</span> <span class='ocrx_word' id='word_1_247' title='bbox 3333 2470 3591 2550; x_wconf 88' lang='lat' dir='ltr'>Coptico</span> <span class='ocrx_word' id='word_1_248' title='bbox 3643 2489 3743 2532; x_wconf 87' lang='lat' dir='ltr'>ca-</span> 
     </span>
    </p>
   </div>
   <div class='ocr_carea' id='block_1_22' title="bbox 323 2565 3745 2647">
    <p class='ocr_par' dir='ltr' id='par_1_22' title="bbox 323 2565 3745 2647">
     <span class='ocr_line' id='line_1_22' title="bbox 323 2565 3745 2647; baseline 0.001 -20"><span class='ocrx_word' id='word_1_249' title='bbox 323 2566 535 2646; x_wconf 89' lang='lat' dir='ltr'>talogo</span> <span class='ocrx_word' id='word_1_250' title='bbox 594 2567 946 2646; x_wconf 86' lang='lat' dir='ltr'>exscriptus</span> <span class='ocrx_word' id='word_1_251' title='bbox 1002 2568 1153 2628; x_wconf 90' lang='lat' dir='ltr'>olim</span> <span class='ocrx_word' id='word_1_252' title='bbox 1214 2570 1350 2643; x_wconf 83' lang='lat' dir='ltr'>fuit,</span> <span class='ocrx_word' id='word_1_253' title='bbox 1412 2570 1493 2630; x_wconf 92' lang='lat' dir='ltr'>ad</span> <span class='ocrx_word' id='word_1_254' title='bbox 1552 2568 1913 2629; x_wconf 90' lang='lat' dir='ltr'>vicesimam</span> <span class='ocrx_word' id='word_1_255' title='bbox 1974 2565 2317 2625; x_wconf 90' lang='lat' dir='ltr'>secundam</span> <span class='ocrx_word' id='word_1_256' title='bbox 2376 2565 2606 2625; x_wconf 88' lang='lat' dir='ltr'>mensis</span> <span class='ocrx_word' id='word_1_257' title='bbox 2664 2566 2996 2627; x_wconf 87' lang='lat' dir='ltr'>Barmuda</span> <span class='ocrx_word' id='word_1_258' title='bbox 3054 2566 3190 2627; x_wconf 86' lang='lat' dir='ltr'>hac</span> <span class='ocrx_word' id='word_1_259' title='bbox 3229 2568 3542 2647; x_wconf 89' lang='lat' dir='ltr'>legantur,</span> <span class='ocrx_word' id='word_1_260' title='bbox 3576 2567 3745 2629; x_wconf 86' lang='lat' dir='ltr'>Ales-</span> 
     </span>
    </p>
   </div>
   <div class='ocr_carea' id='block_1_23' title="bbox 309 2662 3736 2747">
    <p class='ocr_par' dir='ltr' id='par_1_23' title="bbox 309 2662 3736 2747">
     <span class='ocr_line' id='line_1_23' title="bbox 309 2662 3736 2747; baseline 0.001 -23"><span class='ocrx_word' id='word_1_261' title='bbox 309 2663 567 2726; x_wconf 82' lang='lat' dir='ltr'>kandros</span> <span class='ocrx_word' id='word_1_262' title='bbox 617 2665 815 2725; x_wconf 77' lang='lat' dir='ltr'>Lickaz</span> <span class='ocrx_word' id='word_1_263' title='bbox 878 2666 1101 2747; x_wconf 85' lang='lat' dir='ltr'>Papas,</span> <span class='ocrx_word' id='word_1_264' title='bbox 1154 2667 1217 2728; x_wconf 90' lang='lat' dir='ltr'>id</span> <span class='ocrx_word' id='word_1_265' title='bbox 1275 2674 1369 2729; x_wconf 90' lang='lat' dir='ltr'>est</span> <span class='ocrx_word' id='word_1_266' title='bbox 1421 2666 1771 2729; x_wconf 75' lang='lat' dir='ltr'>Alexander</span> <span class='ocrx_word' id='word_1_267' title='bbox 1846 2663 2269 2747; x_wconf 82' lang='lat' dir='ltr'>presbyterum</span> <span class='ocrx_word' id='word_1_268' title='bbox 2320 2662 2693 2741; x_wconf 73' lang='lat' dir='ltr'>patriarcha,</span> <span class='ocrx_word' id='word_1_269' title='bbox 2754 2682 2827 2725; x_wconf 90' lang='lat' dir='ltr'>ac</span> <span class='ocrx_word' id='word_1_270' title='bbox 2907 2665 2957 2725; x_wconf 92' lang='lat' dir='ltr'>si</span> <span class='ocrx_word' id='word_1_271' title='bbox 3042 2664 3239 2734; x_wconf 87' lang='lat' dir='ltr'>dicas,</span> <span class='ocrx_word' id='word_1_272' title='bbox 3323 2685 3585 2726; x_wconf 85' lang='lat' dir='ltr'>summus</span> <span class='ocrx_word' id='word_1_273' title='bbox 3641 2685 3736 2727; x_wconf 87' lang='lat' dir='ltr'>sa-</span> 
     </span>
    </p>
   </div>
   <div class='ocr_carea' id='block_1_24' title="bbox 307 2760 3737 2843">
    <p class='ocr_par' dir='ltr' id='par_1_24' title="bbox 307 2760 3737 2843">
     <span class='ocr_line' id='line_1_24' title="bbox 307 2760 3737 2843; baseline 0 -20"><span class='ocrx_word' id='word_1_274' title='bbox 307 2761 535 2823; x_wconf 88' lang='lat' dir='ltr'>cerdos.</span> <span class='ocrx_word' id='word_1_275' title='bbox 587 2764 659 2823; x_wconf 92' lang='lat' dir='ltr'>In</span> <span class='ocrx_word' id='word_1_276' title='bbox 715 2782 859 2842; x_wconf 89' lang='lat' dir='ltr'>qua</span> <span class='ocrx_word' id='word_1_277' title='bbox 917 2765 1109 2825; x_wconf 88' lang='lat' dir='ltr'>verba</span> <span class='ocrx_word' id='word_1_278' title='bbox 1165 2764 1302 2826; x_wconf 89' lang='lat' dir='ltr'>hac</span> <span class='ocrx_word' id='word_1_279' title='bbox 1387 2771 1567 2826; x_wconf 88' lang='lat' dir='ltr'>notat</span> <span class='ocrx_word' id='word_1_280' title='bbox 1623 2764 1989 2843; x_wconf 87' lang='lat' dir='ltr'>Ludolphus</span> <span class='ocrx_word' id='word_1_281' title='bbox 2047 2760 2179 2841; x_wconf 88' lang='lat' dir='ltr'>(a):</span> <span class='ocrx_word' id='word_1_282' title='bbox 2244 2760 2517 2820; x_wconf 75' lang='lat' dir='ltr'>Decimus</span> <span class='ocrx_word' id='word_1_283' title='bbox 2600 2780 2788 2821; x_wconf 87' lang='lat' dir='ltr'>nonus</span> <span class='ocrx_word' id='word_1_284' title='bbox 2861 2760 3220 2842; x_wconf 85' lang='lat' dir='ltr'>patriarcha</span> <span class='ocrx_word' id='word_1_285' title='bbox 3274 2761 3737 2824; x_wconf 87' lang='lat' dir='ltr'>Alexandrinus</span> 
     </span>
    </p>
   </div>
   <div class='ocr_carea' id='block_1_25' title="bbox 310 2858 3738 2942">
    <p class='ocr_par' dir='ltr' id='par_1_25' title="bbox 310 2858 3738 2942">
     <span class='ocr_line' id='line_1_25' title="bbox 310 2858 3738 2942; baseline 0 -22"><span class='ocrx_word' id='word_1_286' title='bbox 310 2861 478 2921; x_wconf 86' lang='lat' dir='ltr'>Lika</span> <span class='ocrx_word' id='word_1_287' title='bbox 538 2860 896 2935; x_wconf 82' lang='lat' dir='ltr'>Mahahar,</span> <span class='ocrx_word' id='word_1_288' title='bbox 948 2880 1163 2942; x_wconf 70' lang='lat' dir='ltr'>praeses</span> <span class='ocrx_word' id='word_1_289' title='bbox 1219 2863 1461 2924; x_wconf 88' lang='lat' dir='ltr'>concilii</span> <span class='ocrx_word' id='word_1_290' title='bbox 1510 2862 1747 2924; x_wconf 72' lang='lat' dir='ltr'>Nicani</span> <span class='ocrx_word' id='word_1_291' title='bbox 1788 2860 2136 2922; x_wconf 79' lang='lat' dir='ltr'>(ecumenici</span> <span class='ocrx_word' id='word_1_292' title='bbox 2217 2858 2292 2919; x_wconf 90' lang='lat' dir='ltr'>ab</span> <span class='ocrx_word' id='word_1_293' title='bbox 2377 2858 2726 2919; x_wconf 80' lang='lat' dir='ltr'>encomiaste</span> <span class='ocrx_word' id='word_1_294' title='bbox 2810 2868 3068 2933; x_wconf 83' lang='lat' dir='ltr'>vocatur,</span> <span class='ocrx_word' id='word_1_295' title='bbox 3158 2860 3259 2921; x_wconf 87' lang='lat' dir='ltr'>cui</span> <span class='ocrx_word' id='word_1_296' title='bbox 3319 2859 3738 2941; x_wconf 70' lang='lat' dir='ltr'>astipulantur</span> 
     </span>
    </p>
   </div>
   <div class='ocr_carea' id='block_1_26' title="bbox 307 2956 3727 3043">
    <p class='ocr_par' dir='ltr' id='par_1_26' title="bbox 307 2956 3727 3043">
     <span class='ocr_line' id='line_1_26' title="bbox 307 2956 3727 3043; baseline 0.001 -24"><span class='ocrx_word' id='word_1_297' title='bbox 307 2958 577 3019; x_wconf 73' lang='lat' dir='ltr'>historici</span> <span class='ocrx_word' id='word_1_298' title='bbox 630 2958 980 3034; x_wconf 81' lang='lat' dir='ltr'>Orientales,</span> <span class='ocrx_word' id='word_1_299' title='bbox 1037 2960 1182 3021; x_wconf 91' lang='lat' dir='ltr'>obiit</span> <span class='ocrx_word' id='word_1_300' title='bbox 1238 2959 1344 3021; x_wconf 90' lang='lat' dir='ltr'>hoc</span> <span class='ocrx_word' id='word_1_301' title='bbox 1428 2964 1550 3043; x_wconf 86' lang='lat' dir='ltr'>ipso</span> <span class='ocrx_word' id='word_1_302' title='bbox 1605 2961 1719 3021; x_wconf 83' lang='lat' dir='ltr'>die.</span> <span class='ocrx_word' id='word_1_303' title='bbox 1811 2960 1877 3021; x_wconf 88' lang='lat' dir='ltr'>Si</span> <span class='ocrx_word' id='word_1_304' title='bbox 1933 2958 2332 3021; x_wconf 88' lang='lat' dir='ltr'>Theodoreto</span> <span class='ocrx_word' id='word_1_305' title='bbox 2402 2958 2556 3017; x_wconf 88' lang='lat' dir='ltr'>fides</span> <span class='ocrx_word' id='word_1_306' title='bbox 2612 2964 2796 3031; x_wconf 89' lang='lat' dir='ltr'>esset,</span> <span class='ocrx_word' id='word_1_307' title='bbox 2854 2957 3201 3019; x_wconf 83' lang='lat' dir='ltr'>Alexandri</span> <span class='ocrx_word' id='word_1_308' title='bbox 3257 2956 3467 3019; x_wconf 89' lang='lat' dir='ltr'>obitus</span> <span class='ocrx_word' id='word_1_309' title='bbox 3525 2958 3727 3037; x_wconf 83' lang='lat' dir='ltr'>probe</span> 
     </span>
    </p>
   </div>
   <div class='ocr_carea' id='block_1_27' title="bbox 306 3055 1953 3139">
    <p class='ocr_par' dir='ltr' id='par_1_27' title="bbox 306 3058 1911 3139">
     <span class='ocr_line' id='line_1_27' title="bbox 306 3058 1911 3139; baseline 0 -21"><span class='ocrx_word' id='word_1_310' title='bbox 306 3058 370 3118; x_wconf 92' lang='lat' dir='ltr'>in</span> <span class='ocrx_word' id='word_1_311' title='bbox 404 3058 817 3119; x_wconf 87' lang='lat' dir='ltr'>Februarium</span> <span class='ocrx_word' id='word_1_312' title='bbox 850 3059 1001 3119; x_wconf 90' lang='lat' dir='ltr'>anni</span> <span class='ocrx_word' id='word_1_313' title='bbox 1058 3061 1176 3120; x_wconf 88' lang='lat'>326</span> <span class='ocrx_word' id='word_1_314' title='bbox 1226 3060 1443 3121; x_wconf 86' lang='lat' dir='ltr'>referri</span> <span class='ocrx_word' id='word_1_315' title='bbox 1501 3066 1760 3139; x_wconf 88' lang='lat' dir='ltr'>posset:</span> <span class='ocrx_word' id='word_1_316' title='bbox 1823 3058 1911 3119; x_wconf 91' lang='lat' dir='ltr'>ait</span> 
     </span>
    </p>
   </div>
   <div class='ocr_carea' id='block_1_28' title="bbox 2079 3055 3726 3139">
    <p class='ocr_par' dir='ltr' id='par_1_28' title="bbox 2080 3055 3726 3135">
     <span class='ocr_line' id='line_1_28' title="bbox 2080 3055 3726 3135; baseline 0 -18"><span class='ocrx_word' id='word_1_317' title='bbox 2080 3074 2201 3135; x_wconf 90' lang='lat' dir='ltr'>ppe</span> <span class='ocrx_word' id='word_1_318' title='bbox 2258 3055 2423 3115; x_wconf 90' lang='lat' dir='ltr'>diem</span> <span class='ocrx_word' id='word_1_319' title='bbox 2455 3055 2703 3127; x_wconf 90' lang='lat' dir='ltr'>obiisse,</span> <span class='ocrx_word' id='word_1_320' title='bbox 2752 3062 2886 3135; x_wconf 83' lang='grc' dir='ltr'>μετὰ</span> <span class='ocrx_word' id='word_1_321' title='bbox 2920 3069 3094 3135; x_wconf 77' lang='grc' dir='ltr'>μῆνας</span> <span class='ocrx_word' id='word_1_322' title='bbox 3124 3062 3282 3116; x_wconf 81' lang='grc' dir='ltr'>πὲντε</span> <span class='ocrx_word' id='word_1_323' title='bbox 3304 3069 3407 3131; x_wconf 82' lang='grc' dir='ltr'>τῆς</span> <span class='ocrx_word' id='word_1_324' title='bbox 3440 3061 3491 3116; x_wconf 78' lang='grc' dir='ltr'>ἐν</span> <span class='ocrx_word' id='word_1_325' title='bbox 3526 3062 3726 3135; x_wconf 79' lang='grc' dir='ltr'>Νικαίᾳ</span> 
     </span>
    </p>
   </div>
   <div class='ocr_carea' id='block_1_29' title="bbox 304 3150 3723 3238">
    <p class='ocr_par' dir='ltr' id='par_1_29' title="bbox 304 3150 3723 3238">
     <span class='ocr_line' id='line_1_29' title="bbox 304 3150 3723 3238; baseline 0 -22"><span class='ocrx_word' id='word_1_326' title='bbox 304 3150 549 3223; x_wconf 78' lang='grc' dir='ltr'>αυνὸδον,</span> <span class='ocrx_word' id='word_1_327' title='bbox 608 3156 871 3237; x_wconf 86' lang='lat' dir='ltr'>quinque</span> <span class='ocrx_word' id='word_1_328' title='bbox 926 3158 1214 3218; x_wconf 77' lang='lat' dir='ltr'>mensibus</span> <span class='ocrx_word' id='word_1_329' title='bbox 1269 3168 1402 3238; x_wconf 84' lang='lat' dir='ltr'>post</span> <span class='ocrx_word' id='word_1_330' title='bbox 1455 3157 1765 3219; x_wconf 72' lang='lat' dir='ltr'>Nicxnam</span> <span class='ocrx_word' id='word_1_331' title='bbox 1820 3155 2109 3238; x_wconf 73' lang='lat' dir='ltr'>synodum</span> <span class='ocrx_word' id='word_1_332' title='bbox 2166 3152 2409 3213; x_wconf 78' lang='lat' dir='ltr'>exactis.</span> <span class='ocrx_word' id='word_1_333' title='bbox 2471 3158 2554 3213; x_wconf 87' lang='lat' dir='ltr'>At</span> <span class='ocrx_word' id='word_1_334' title='bbox 2608 3152 3041 3214; x_wconf 91' lang='lat' dir='ltr'>Theodoretus</span> <span class='ocrx_word' id='word_1_335' title='bbox 3122 3152 3295 3213; x_wconf 88' lang='lat' dir='ltr'>haud</span> <span class='ocrx_word' id='word_1_336' title='bbox 3326 3154 3477 3214; x_wconf 89' lang='lat' dir='ltr'>satis</span> <span class='ocrx_word' id='word_1_337' title='bbox 3535 3173 3723 3216; x_wconf 87' lang='lat' dir='ltr'>accu-</span> 
     </span>
    </p>
   </div>
   <div class='ocr_carea' id='block_1_30' title="bbox 307 3250 3725 3334">
    <p class='ocr_par' dir='ltr' id='par_1_30' title="bbox 307 3250 3725 3334">
     <span class='ocr_line' id='line_1_30' title="bbox 307 3250 3725 3334; baseline -0 -22"><span class='ocrx_word' id='word_1_338' title='bbox 307 3258 442 3313; x_wconf 89' lang='lat' dir='ltr'>rate</span> <span class='ocrx_word' id='word_1_339' title='bbox 517 3255 847 3315; x_wconf 86' lang='lat' dir='ltr'>Athanasii</span> <span class='ocrx_word' id='word_1_340' title='bbox 923 3256 1298 3315; x_wconf 91' lang='lat' dir='ltr'>sententiam</span> <span class='ocrx_word' id='word_1_341' title='bbox 1357 3257 1623 3334; x_wconf 85' lang='lat' dir='ltr'>excepit.</span> <span class='ocrx_word' id='word_1_342' title='bbox 1684 3258 1896 3332; x_wconf 89' lang='lat' dir='ltr'>Longe</span> <span class='ocrx_word' id='word_1_343' title='bbox 1954 3270 2232 3330; x_wconf 90' lang='lat' dir='ltr'>namque</span> <span class='ocrx_word' id='word_1_344' title='bbox 2289 3250 2464 3310; x_wconf 90' lang='lat' dir='ltr'>varia</span> <span class='ocrx_word' id='word_1_345' title='bbox 2522 3255 2738 3310; x_wconf 90' lang='lat' dir='ltr'>narrat</span> <span class='ocrx_word' id='word_1_346' title='bbox 2791 3250 3217 3323; x_wconf 88' lang='lat' dir='ltr'>Athanasius;</span> <span class='ocrx_word' id='word_1_347' title='bbox 3286 3250 3395 3310; x_wconf 89' lang='lat' dir='ltr'>sed</span> <span class='ocrx_word' id='word_1_348' title='bbox 3454 3268 3531 3311; x_wconf 90' lang='lat' dir='ltr'>en</span> <span class='ocrx_word' id='word_1_349' title='bbox 3589 3250 3725 3329; x_wconf 90' lang='lat' dir='ltr'>ejus</span> 
     </span>
    </p>
   </div>
   <div class='ocr_carea' id='block_1_31' title="bbox 308 3336 1955 3431">
    <p class='ocr_par' dir='ltr' id='par_1_31' title="bbox 308 3353 1955 3413">
     <span class='ocr_line' id='line_1_31' title="bbox 308 3353 1955 3413; baseline 0.002 -5"><span class='ocrx_word' id='word_1_350' title='bbox 308 3356 605 3410; x_wconf 87' lang='lat' dir='ltr'>mentem.</span> <span class='ocrx_word' id='word_1_351' title='bbox 666 3355 827 3412; x_wconf 91' lang='lat' dir='ltr'>Tum</span> <span class='ocrx_word' id='word_1_352' title='bbox 887 3353 1104 3412; x_wconf 90' lang='lat' dir='ltr'>turbas</span> <span class='ocrx_word' id='word_1_353' title='bbox 1163 3353 1343 3413; x_wconf 91' lang='lat' dir='ltr'>daret</span> <span class='ocrx_word' id='word_1_354' title='bbox 1402 3354 1684 3413; x_wconf 86' lang='lat' dir='ltr'>Meletius</span> <span class='ocrx_word' id='word_1_355' title='bbox 1740 3355 1955 3413; x_wconf 70' lang='grc' dir='ltr'>ταῦτπιξ</span> 
     </span>
    </p>
   </div>
   <div class='ocr_carea' id='block_1_32' title="bbox 2077 3336 3724 3431">
    <p class='ocr_par' dir='ltr' id='par_1_32' title="bbox 2077 3336 3724 3427">
     <span class='ocr_line' id='line_1_32' title="bbox 2077 3336 3724 3427; baseline -0.002 -16"><span class='ocrx_word' id='word_1_356' title='bbox 2077 3358 2358 3416; x_wconf 69' lang='grc' dir='ltr'>οάττοντος</span> <span class='ocrx_word' id='word_1_357' title='bbox 2386 3336 2805 3427; x_wconf 7' lang='grc' dir='ltr'>τοὺίΜελοτίον,</span> <span class='ocrx_word' id='word_1_358' title='bbox 2866 3346 3155 3408; x_wconf 86' lang='lat' dir='ltr'>haresim</span> <span class='ocrx_word' id='word_1_359' title='bbox 3203 3345 3497 3408; x_wconf 89' lang='lat' dir='ltr'>Arianam</span> <span class='ocrx_word' id='word_1_360' title='bbox 3540 3366 3724 3409; x_wconf 87' lang='lat' dir='ltr'>exor-</span> 
     </span>
    </p>
   </div>
   <div class='ocr_carea' id='block_1_33' title="bbox 309 3444 1956 3522">
    <p class='ocr_par' dir='ltr' id='par_1_33' title="bbox 309 3445 1897 3522">
     <span class='ocr_line' id='line_1_33' title="bbox 309 3445 1897 3522; baseline 0.002 -24"><span class='ocrx_word' id='word_1_361' title='bbox 309 3451 445 3507; x_wconf 77' lang='lat' dir='ltr'>tum</span> <span class='ocrx_word' id='word_1_362' title='bbox 503 3465 660 3519; x_wconf 71' lang='lat' dir='ltr'>esse,</span> <span class='ocrx_word' id='word_1_363' title='bbox 721 3446 917 3521; x_wconf 68' lang='grc' dir='ltr'>γέγονε</span> <span class='ocrx_word' id='word_1_364' title='bbox 944 3448 1035 3499; x_wconf 68' lang='grc' dir='ltr'>καὶ</span> <span class='ocrx_word' id='word_1_365' title='bbox 1066 3450 1099 3516; x_wconf 76' lang='grc' dir='ltr'>ἡ</span> <span class='ocrx_word' id='word_1_366' title='bbox 1136 3448 1383 3520; x_wconf 74' lang='grc' dir='ltr'>Ἀρειανή</span> <span class='ocrx_word' id='word_1_367' title='bbox 1416 3445 1642 3522; x_wconf 78' lang='grc' dir='ltr'>αἶ’ρεσις,</span> <span class='ocrx_word' id='word_1_368' title='bbox 1706 3449 1897 3509; x_wconf 85' lang='lat' dir='ltr'>Deide</span> 
     </span>
    </p>
   </div>
   <div class='ocr_carea' id='block_1_34' title="bbox 2077 3444 3724 3522">
    <p class='ocr_par' dir='ltr' id='par_1_34' title="bbox 2077 3444 3724 3517">
     <span class='ocr_line' id='line_1_34' title="bbox 2077 3444 3724 3517; baseline 0 -10"><span class='ocrx_word' id='word_1_369' title='bbox 2077 3466 2111 3507; x_wconf 95' lang='lat' dir='ltr'>o</span> <span class='ocrx_word' id='word_1_370' title='bbox 2170 3444 2460 3505; x_wconf 81' lang='lat' dir='ltr'>haeresim</span> <span class='ocrx_word' id='word_1_371' title='bbox 2521 3444 2745 3505; x_wconf 88' lang='lat' dir='ltr'>Nicaa</span> <span class='ocrx_word' id='word_1_372' title='bbox 2804 3445 3192 3517; x_wconf 88' lang='lat' dir='ltr'>damnatam,</span> <span class='ocrx_word' id='word_1_373' title='bbox 3256 3444 3522 3505; x_wconf 88' lang='lat' dir='ltr'>Arianos</span> <span class='ocrx_word' id='word_1_374' title='bbox 3575 3464 3724 3507; x_wconf 90' lang='lat' dir='ltr'>vero</span> 
     </span>
    </p>
   </div>
   <div class='ocr_carea' id='block_1_35' title="bbox 306 3540 3727 3623">
    <p class='ocr_par' dir='ltr' id='par_1_35' title="bbox 306 3540 3727 3623">
     <span class='ocr_line' id='line_1_35' title="bbox 306 3540 3727 3623; baseline 0 -19"><span class='ocrx_word' id='word_1_375' title='bbox 306 3544 588 3604; x_wconf 90' lang='lat' dir='ltr'>Ecclesia</span> <span class='ocrx_word' id='word_1_376' title='bbox 619 3544 854 3623; x_wconf 86' lang='lat' dir='ltr'>ejectos</span> <span class='ocrx_word' id='word_1_377' title='bbox 885 3546 1069 3618; x_wconf 85' lang='lat' dir='ltr'>fuise,</span> <span class='ocrx_word' id='word_1_378' title='bbox 1131 3540 1523 3614; x_wconf 71' lang='grc' dir='ltr'>ἐξεϐλήθησαν.</span> <span class='ocrx_word' id='word_1_379' title='bbox 1557 3549 1637 3607; x_wconf 85' lang='lat' dir='ltr'>At</span> <span class='ocrx_word' id='word_1_380' title='bbox 1663 3565 1840 3607; x_wconf 89' lang='lat' dir='ltr'>secus</span> <span class='ocrx_word' id='word_1_381' title='bbox 1870 3564 2013 3606; x_wconf 93' lang='lat' dir='ltr'>cum</span> <span class='ocrx_word' id='word_1_382' title='bbox 2042 3542 2395 3606; x_wconf 89' lang='lat' dir='ltr'>Meletianis</span> <span class='ocrx_word' id='word_1_383' title='bbox 2452 3548 2686 3616; x_wconf 91' lang='lat' dir='ltr'>actum,</span> <span class='ocrx_word' id='word_1_384' title='bbox 2746 3562 2891 3604; x_wconf 91' lang='lat' dir='ltr'>nam</span> <span class='ocrx_word' id='word_1_385' title='bbox 2944 3541 3200 3602; x_wconf 87' lang='lat' dir='ltr'>admissi</span> <span class='ocrx_word' id='word_1_386' title='bbox 3253 3541 3319 3602; x_wconf 91' lang='lat' dir='ltr'>in</span> <span class='ocrx_word' id='word_1_387' title='bbox 3381 3542 3727 3604; x_wconf 89' lang='lat' dir='ltr'>Ecclesiam</span> 
     </span>
    </p>
   </div>
   <div class='ocr_carea' id='block_1_36' title="bbox 302 3639 3729 3722">
    <p class='ocr_par' dir='ltr' id='par_1_36' title="bbox 302 3639 3729 3722">
     <span class='ocr_line' id='line_1_36' title="bbox 302 3639 3729 3722; baseline 0.001 -21"><span class='ocrx_word' id='word_1_388' title='bbox 302 3642 529 3711; x_wconf 82' lang='lat' dir='ltr'>fuere;</span> <span class='ocrx_word' id='word_1_389' title='bbox 619 3642 920 3722; x_wconf 91' lang='lat' dir='ltr'>additque</span> <span class='ocrx_word' id='word_1_390' title='bbox 1004 3644 1387 3705; x_wconf 84' lang='lat' dir='ltr'>Athanasius</span> <span class='ocrx_word' id='word_1_391' title='bbox 1471 3664 1596 3705; x_wconf 93' lang='lat' dir='ltr'>non</span> <span class='ocrx_word' id='word_1_392' title='bbox 1672 3662 1996 3704; x_wconf 88' lang='lat' dir='ltr'>necessum</span> <span class='ocrx_word' id='word_1_393' title='bbox 2084 3660 2217 3703; x_wconf 90' lang='lat' dir='ltr'>esse</span> <span class='ocrx_word' id='word_1_394' title='bbox 2295 3658 2554 3700; x_wconf 88' lang='lat' dir='ltr'>narrare</span> <span class='ocrx_word' id='word_1_395' title='bbox 2629 3641 2783 3719; x_wconf 92' lang='lat' dir='ltr'>quid</span> <span class='ocrx_word' id='word_1_396' title='bbox 2840 3658 3048 3701; x_wconf 87' lang='lat' dir='ltr'>causa</span> <span class='ocrx_word' id='word_1_397' title='bbox 3107 3639 3297 3699; x_wconf 86' lang='lat' dir='ltr'>fuerit</span> <span class='ocrx_word' id='word_1_398' title='bbox 3378 3639 3546 3718; x_wconf 92' lang='lat' dir='ltr'>quod</span> <span class='ocrx_word' id='word_1_399' title='bbox 3632 3640 3729 3704; x_wconf 92' lang='lat' dir='ltr'>illi</span> 
     </span>
    </p>
   </div>
   <div class='ocr_carea' id='block_1_37' title="bbox 307 3735 1954 3820">
    <p class='ocr_par' dir='ltr' id='par_1_37' title="bbox 307 3735 1907 3815">
     <span class='ocr_line' id='line_1_37' title="bbox 307 3735 1907 3815; baseline -0.001 -22"><span class='ocrx_word' id='word_1_400' title='bbox 307 3737 814 3799; x_wconf 80' lang='lat' dir='ltr'>admitterentur.</span> <span class='ocrx_word' id='word_1_401' title='bbox 878 3735 1043 3793; x_wconf 71' lang='grc' dir='ltr'>Οὔπω</span> <span class='ocrx_word' id='word_1_402' title='bbox 1075 3740 1180 3815; x_wconf 74' lang='grc' dir='ltr'>γὰρ</span> <span class='ocrx_word' id='word_1_403' title='bbox 1215 3740 1374 3793; x_wconf 66' lang='grc' dir='ltr'>πέντε</span> <span class='ocrx_word' id='word_1_404' title='bbox 1406 3746 1572 3812; x_wconf 78' lang='grc' dir='ltr'>μῆνες</span> <span class='ocrx_word' id='word_1_405' title='bbox 1604 3737 1907 3813; x_wconf 67' lang='grc' dir='ltr'>παρῆλθον,</span> 
     </span>
    </p>
   </div>
   <div class='ocr_carea' id='block_1_38' title="bbox 2080 3735 3727 3820">
    <p class='ocr_par' dir='ltr' id='par_1_38' title="bbox 2080 3737 3727 3820">
     <span class='ocr_line' id='line_1_38' title="bbox 2080 3737 3727 3820; baseline 0 -20"><span class='ocrx_word' id='word_1_406' title='bbox 2080 3761 2119 3800; x_wconf 74' lang='grc' dir='ltr'>τι</span> <span class='ocrx_word' id='word_1_407' title='bbox 2172 3739 2433 3820; x_wconf 82' lang='lat' dir='ltr'>quinque</span> <span class='ocrx_word' id='word_1_408' title='bbox 2496 3738 2788 3799; x_wconf 80' lang='lat' dir='ltr'>mensibus</span> <span class='ocrx_word' id='word_1_409' title='bbox 2834 3737 3101 3798; x_wconf 87' lang='lat' dir='ltr'>nundum</span> <span class='ocrx_word' id='word_1_410' title='bbox 3153 3737 3397 3813; x_wconf 86' lang='lat' dir='ltr'>exactis,</span> <span class='ocrx_word' id='word_1_411' title='bbox 3460 3738 3727 3800; x_wconf 87' lang='lat' dir='ltr'>Alexan-</span> 
     </span>
    </p>
   </div>
   <div class='ocr_carea' id='block_1_39' title="bbox 274 3834 3725 3917">
    <p class='ocr_par' dir='ltr' id='par_1_39' title="bbox 274 3834 3725 3917">
     <span class='ocr_line' id='line_1_39' title="bbox 274 3834 3725 3917; baseline -0.001 -22"><span class='ocrx_word' id='word_1_412' title='bbox 274 3835 413 3895; x_wconf 84' lang='lat' dir='ltr'>‘der</span> <span class='ocrx_word' id='word_1_413' title='bbox 470 3854 755 3897; x_wconf 89' lang='lat' dir='ltr'>reversus</span> <span class='ocrx_word' id='word_1_414' title='bbox 811 3838 1282 3911; x_wconf 88' lang='lat' dir='ltr'>Alexandriam,</span> <span class='ocrx_word' id='word_1_415' title='bbox 1352 3841 1606 3900; x_wconf 88' lang='lat' dir='ltr'>Nicauo</span> <span class='ocrx_word' id='word_1_416' title='bbox 1653 3839 1861 3917; x_wconf 90' lang='lat' dir='ltr'>jussui</span> <span class='ocrx_word' id='word_1_417' title='bbox 1917 3838 2292 3916; x_wconf 90' lang='lat' dir='ltr'>obsequens,</span> <span class='ocrx_word' id='word_1_418' title='bbox 2353 3837 2627 3915; x_wconf 84' lang='lat' dir='ltr'>perﬁdos</span> <span class='ocrx_word' id='word_1_419' title='bbox 2684 3838 2749 3897; x_wconf 92' lang='lat' dir='ltr'>in</span> <span class='ocrx_word' id='word_1_420' title='bbox 2781 3835 3122 3897; x_wconf 89' lang='lat' dir='ltr'>Ecclesiam</span> <span class='ocrx_word' id='word_1_421' title='bbox 3181 3834 3479 3909; x_wconf 89' lang='lat' dir='ltr'>admittit,</span> <span class='ocrx_word' id='word_1_422' title='bbox 3546 3838 3637 3893; x_wconf 84' lang='grc' dir='ltr'>καὶ</span> <span class='ocrx_word' id='word_1_423' title='bbox 3694 3839 3725 3893; x_wconf 88' lang='grc' dir='ltr'>ὁ</span> 
     </span>
    </p>
   </div>
   <div class='ocr_carea' id='block_1_40' title="bbox 306 3935 1953 4017">
    <p class='ocr_par' dir='ltr' id='par_1_40' title="bbox 306 3937 1953 4017">
     <span class='ocr_line' id='line_1_40' title="bbox 306 3937 1953 4017; baseline 0.001 -23"><span class='ocrx_word' id='word_1_424' title='bbox 306 3941 399 4013; x_wconf 78' lang='grc' dir='ltr'>μὲν</span> <span class='ocrx_word' id='word_1_425' title='bbox 438 3939 741 4017; x_wconf 77' lang='grc' dir='ltr'>μάκαρίτης</span> <span class='ocrx_word' id='word_1_426' title='bbox 773 3939 1130 4017; x_wconf 69' lang='grc' dir='ltr'>Ἀλέξανδρος</span> <span class='ocrx_word' id='word_1_427' title='bbox 1161 3942 1541 4014; x_wconf 68' lang='grc' dir='ltr'>τετελεύτηκεν</span> <span class='ocrx_word' id='word_1_428' title='bbox 1573 3947 1627 3997; x_wconf 90' lang='lat' dir='ltr'>et</span> <span class='ocrx_word' id='word_1_429' title='bbox 1657 3937 1835 3997; x_wconf 77' lang='lat' dir='ltr'>beata</span> <span class='ocrx_word' id='word_1_430' title='bbox 1864 3955 1953 3997; x_wconf 91' lang='lat' dir='ltr'>me</span> 
     </span>
    </p>
   </div>
   <div class='ocr_carea' id='block_1_41' title="bbox 2074 3935 3721 4017">
    <p class='ocr_par' dir='ltr' id='par_1_41' title="bbox 2074 3935 3721 4012">
     <span class='ocr_line' id='line_1_41' title="bbox 2074 3935 3721 4012; baseline -0.003 -16"><span class='ocrx_word' id='word_1_431' title='bbox 2074 3937 2156 3995; x_wconf 77' lang='lat' dir='ltr'>&#39;ia</span> <span class='ocrx_word' id='word_1_432' title='bbox 2187 3935 2527 3996; x_wconf 72' lang='lat' dir='ltr'>Alexander</span> <span class='ocrx_word' id='word_1_433' title='bbox 2556 3935 2701 3995; x_wconf 89' lang='lat' dir='ltr'>obiit</span> <span class='ocrx_word' id='word_1_434' title='bbox 2786 3942 2853 3995; x_wconf 76' lang='lat' dir='ltr'>Qt</span> <span class='ocrx_word' id='word_1_435' title='bbox 2914 3937 2971 3995; x_wconf 73' lang='grc' dir='ltr'>δὲ</span> <span class='ocrx_word' id='word_1_436' title='bbox 3019 3937 3339 3995; x_wconf 82' lang='grc' dir='ltr'>Μελετιανοὶ</span> <span class='ocrx_word' id='word_1_437' title='bbox 3398 3935 3516 3993; x_wconf 75' lang='grc' dir='ltr'>δέον</span> <span class='ocrx_word' id='word_1_438' title='bbox 3584 3939 3721 4012; x_wconf 76' lang='grc' dir='ltr'>ἡρε-</span> 
     </span>
    </p>
   </div>
   <div class='ocr_carea' id='block_1_42' title="bbox 311 4029 1958 4117">
    <p class='ocr_par' dir='ltr' id='par_1_42' title="bbox 311 4034 1958 4117">
     <span class='ocr_line' id='line_1_42' title="bbox 311 4034 1958 4117; baseline 0.002 -26"><span class='ocrx_word' id='word_1_439' title='bbox 311 4042 428 4111; x_wconf 84' lang='grc' dir='ltr'>μεῖν</span> <span class='ocrx_word' id='word_1_440' title='bbox 457 4039 546 4092; x_wconf 78' lang='grc' dir='ltr'>καὶ</span> <span class='ocrx_word' id='word_1_441' title='bbox 578 4038 741 4113; x_wconf 63' lang='grc' dir='ltr'>χὰριν</span> <span class='ocrx_word' id='word_1_442' title='bbox 774 4037 923 4115; x_wconf 73' lang='grc' dir='ltr'>ἒχειν</span> <span class='ocrx_word' id='word_1_443' title='bbox 966 4039 1046 4095; x_wconf 66' lang='grc' dir='ltr'>ὅτῑ</span> <span class='ocrx_word' id='word_1_444' title='bbox 1079 4040 1174 4097; x_wconf 67' lang='grc' dir='ltr'>κᾶν</span> <span class='ocrx_word' id='word_1_445' title='bbox 1208 4040 1355 4103; x_wconf 78' lang='grc' dir='ltr'>ὅλως</span> <span class='ocrx_word' id='word_1_446' title='bbox 1390 4040 1707 4117; x_wconf 66' lang='grc' dir='ltr'>ἐδέχθησαν,</span> <span class='ocrx_word' id='word_1_447' title='bbox 1740 4034 1958 4095; x_wconf 71' lang='lat' dir='ltr'>scilicel</span> 
     </span>
    </p>
   </div>
   <div class='ocr_carea' id='block_1_43' title="bbox 2080 4029 3727 4117">
    <p class='ocr_par' dir='ltr' id='par_1_43' title="bbox 2080 4029 3727 4114">
     <span class='ocr_line' id='line_1_43' title="bbox 2080 4029 3727 4114; baseline -0.003 -20"><span class='ocrx_word' id='word_1_448' title='bbox 2080 4034 2344 4107; x_wconf 80' lang='lat' dir='ltr'>eleliani,</span> <span class='ocrx_word' id='word_1_449' title='bbox 2382 4054 2540 4114; x_wconf 93' lang='lat' dir='ltr'>quos</span> <span class='ocrx_word' id='word_1_450' title='bbox 2596 4034 2915 4112; x_wconf 87' lang='lat' dir='ltr'>quiescere</span> <span class='ocrx_word' id='word_1_451' title='bbox 2987 4050 3104 4110; x_wconf 92' lang='lat' dir='ltr'>par</span> <span class='ocrx_word' id='word_1_452' title='bbox 3170 4037 3328 4103; x_wconf 88' lang='lat' dir='ltr'>erat,</span> <span class='ocrx_word' id='word_1_453' title='bbox 3387 4036 3451 4091; x_wconf 91' lang='lat' dir='ltr'>et</span> <span class='ocrx_word' id='word_1_454' title='bbox 3505 4029 3727 4107; x_wconf 86' lang='lat' dir='ltr'>gratia</span> 
     </span>
    </p>
   </div>
   <div class='ocr_carea' id='block_1_44' title="bbox 304 4125 1951 4213">
    <p class='ocr_par' dir='ltr' id='par_1_44' title="bbox 304 4129 1951 4213">
     <span class='ocr_line' id='line_1_44' title="bbox 304 4129 1951 4213; baseline 0.002 -24"><span class='ocrx_word' id='word_1_455' title='bbox 304 4130 442 4190; x_wconf 93' lang='lat' dir='ltr'>loco</span> <span class='ocrx_word' id='word_1_456' title='bbox 514 4129 751 4191; x_wconf 89' lang='lat' dir='ltr'>habere</span> <span class='ocrx_word' id='word_1_457' title='bbox 821 4134 989 4212; x_wconf 94' lang='lat' dir='ltr'>quod</span> <span class='ocrx_word' id='word_1_458' title='bbox 1065 4134 1276 4213; x_wconf 91' lang='lat' dir='ltr'>aliquo</span> <span class='ocrx_word' id='word_1_459' title='bbox 1334 4134 1556 4195; x_wconf 90' lang='lat' dir='ltr'>saltem</span> <span class='ocrx_word' id='word_1_460' title='bbox 1616 4133 1807 4211; x_wconf 90' lang='lat' dir='ltr'>quo</span> <span class='ocrx_word' id='word_1_461' title='bbox 1860 4132 1951 4193; x_wconf 64' lang='lat' dir='ltr'>ad]</span> 
     </span>
    </p>
   </div>
   <div class='ocr_carea' id='block_1_45' title="bbox 2080 4125 3727 4213">
    <p class='ocr_par' dir='ltr' id='par_1_45' title="bbox 2080 4125 3727 4205">
     <span class='ocr_line' id='line_1_45' title="bbox 2080 4125 3727 4205; baseline -0.004 -13"><span class='ocrx_word' id='word_1_462' title='bbox 2080 4132 2118 4192; x_wconf 77' lang='lat' dir='ltr'>si</span> <span class='ocrx_word' id='word_1_463' title='bbox 2188 4131 2472 4205; x_wconf 89' lang='lat' dir='ltr'>fuissent,</span> <span class='ocrx_word' id='word_1_464' title='bbox 2547 4136 2686 4193; x_wconf 74' lang='grc' dir='ltr'>οἱδὶ</span> <span class='ocrx_word' id='word_1_465' title='bbox 2717 4138 2853 4191; x_wconf 72' lang='grc' dir='ltr'>κατὰ</span> <span class='ocrx_word' id='word_1_466' title='bbox 2881 4135 3009 4197; x_wconf 75' lang='grc' dir='ltr'>τοὺς</span> <span class='ocrx_word' id='word_1_467' title='bbox 3042 4133 3226 4203; x_wconf 68' lang='grc' dir='ltr'>κύνας,</span> <span class='ocrx_word' id='word_1_468' title='bbox 3299 4130 3446 4201; x_wconf 86' lang='lat' dir='ltr'>etc.,</span> <span class='ocrx_word' id='word_1_469' title='bbox 3517 4125 3727 4187; x_wconf 89' lang='lat' dir='ltr'>statim</span> 
     </span>
    </p>
   </div>
   <div class='ocr_carea' id='block_1_46' title="bbox 306 4224 3730 4310">
    <p class='ocr_par' dir='ltr' id='par_1_46' title="bbox 306 4224 3730 4310">
     <span class='ocr_line' id='line_1_46' title="bbox 306 4224 3730 4310; baseline -0.001 -24"><span class='ocrx_word' id='word_1_470' title='bbox 306 4234 451 4307; x_wconf 90' lang='lat' dir='ltr'>post</span> <span class='ocrx_word' id='word_1_471' title='bbox 519 4233 787 4288; x_wconf 88' lang='lat' dir='ltr'>mortem</span> <span class='ocrx_word' id='word_1_472' title='bbox 863 4230 1224 4307; x_wconf 85' lang='lat' dir='ltr'>Alexandri,</span> <span class='ocrx_word' id='word_1_473' title='bbox 1299 4231 1480 4310; x_wconf 90' lang='lat' dir='ltr'>quasi</span> <span class='ocrx_word' id='word_1_474' title='bbox 1512 4250 1699 4292; x_wconf 90' lang='lat' dir='ltr'>canes</span> <span class='ocrx_word' id='word_1_475' title='bbox 1770 4231 1854 4292; x_wconf 91' lang='lat' dir='ltr'>ad</span> <span class='ocrx_word' id='word_1_476' title='bbox 1885 4230 2192 4291; x_wconf 86' lang='lat' dir='ltr'>vomitum</span> <span class='ocrx_word' id='word_1_477' title='bbox 2266 4230 2497 4291; x_wconf 87' lang='lat' dir='ltr'>reversi</span> <span class='ocrx_word' id='word_1_478' title='bbox 2526 4236 2693 4291; x_wconf 91' lang='lat' dir='ltr'>sunt.</span> <span class='ocrx_word' id='word_1_479' title='bbox 2767 4228 2989 4289; x_wconf 89' lang='lat' dir='ltr'>Palam</span> <span class='ocrx_word' id='word_1_480' title='bbox 3023 4232 3113 4288; x_wconf 89' lang='lat' dir='ltr'>est</span> <span class='ocrx_word' id='word_1_481' title='bbox 3182 4224 3627 4297; x_wconf 87' lang='lat' dir='ltr'>Athanasium,</span> <span class='ocrx_word' id='word_1_482' title='bbox 3659 4228 3730 4284; x_wconf 89' lang='lat' dir='ltr'>ut</span> 
     </span>
    </p>
   </div>
   <div class='ocr_carea' id='block_1_47' title="bbox 308 4320 3726 4407">
    <p class='ocr_par' dir='ltr' id='par_1_47' title="bbox 308 4320 3726 4407">
     <span class='ocr_line' id='line_1_47' title="bbox 308 4320 3726 4407; baseline -0.001 -24"><span class='ocrx_word' id='word_1_483' title='bbox 308 4329 487 4384; x_wconf 89' lang='lat' dir='ltr'>notet</span> <span class='ocrx_word' id='word_1_484' title='bbox 530 4324 1012 4387; x_wconf 89' lang='lat' dir='ltr'>Meletianorum</span> <span class='ocrx_word' id='word_1_485' title='bbox 1085 4328 1439 4407; x_wconf 82' lang='lat' dir='ltr'>perfidiam,</span> <span class='ocrx_word' id='word_1_486' title='bbox 1512 4328 1867 4407; x_wconf 86' lang='lat' dir='ltr'>signiﬁcare</span> <span class='ocrx_word' id='word_1_487' title='bbox 1936 4345 2159 4406; x_wconf 90' lang='lat' dir='ltr'>pacem</span> <span class='ocrx_word' id='word_1_488' title='bbox 2232 4344 2373 4387; x_wconf 92' lang='lat' dir='ltr'>cum</span> <span class='ocrx_word' id='word_1_489' title='bbox 2418 4326 2541 4386; x_wconf 90' lang='lat' dir='ltr'>illis</span> <span class='ocrx_word' id='word_1_490' title='bbox 2609 4325 2834 4386; x_wconf 90' lang='lat' dir='ltr'>initam</span> <span class='ocrx_word' id='word_1_491' title='bbox 2898 4323 3133 4383; x_wconf 90' lang='lat' dir='ltr'>damno</span> <span class='ocrx_word' id='word_1_492' title='bbox 3208 4321 3416 4393; x_wconf 83' lang='lat' dir='ltr'>fuisse,</span> <span class='ocrx_word' id='word_1_493' title='bbox 3468 4320 3726 4399; x_wconf 89' lang='lat' dir='ltr'>quando</span> 
     </span>
    </p>
   </div>
   <div class='ocr_carea' id='block_1_48' title="bbox 301 4418 3726 4506">
    <p class='ocr_par' dir='ltr' id='par_1_48' title="bbox 301 4418 3726 4506">
     <span class='ocr_line' id='line_1_48' title="bbox 301 4418 3726 4506; baseline -0.001 -25"><span class='ocrx_word' id='word_1_494' title='bbox 301 4421 412 4482; x_wconf 86' lang='lat' dir='ltr'>vix</span> <span class='ocrx_word' id='word_1_495' title='bbox 444 4422 728 4501; x_wconf 91' lang='lat' dir='ltr'>quinque</span> <span class='ocrx_word' id='word_1_496' title='bbox 762 4426 1068 4486; x_wconf 89' lang='lat' dir='ltr'>mensium</span> <span class='ocrx_word' id='word_1_497' title='bbox 1140 4426 1342 4506; x_wconf 88' lang='lat' dir='ltr'>spatio</span> <span class='ocrx_word' id='word_1_498' title='bbox 1414 4432 1557 4505; x_wconf 91' lang='lat' dir='ltr'>post</span> <span class='ocrx_word' id='word_1_499' title='bbox 1586 4428 1803 4487; x_wconf 90' lang='lat' dir='ltr'>datum</span> <span class='ocrx_word' id='word_1_500' title='bbox 1876 4426 2081 4487; x_wconf 72' lang='lat' dir='ltr'>foedus</span> <span class='ocrx_word' id='word_1_501' title='bbox 2124 4430 2366 4495; x_wconf 89' lang='lat' dir='ltr'>exacto,</span> <span class='ocrx_word' id='word_1_502' title='bbox 2415 4424 2495 4484; x_wconf 90' lang='lat' dir='ltr'>ad</span> <span class='ocrx_word' id='word_1_503' title='bbox 2566 4423 2890 4503; x_wconf 88' lang='lat' dir='ltr'>ingenium</span> <span class='ocrx_word' id='word_1_504' title='bbox 2970 4419 3318 4491; x_wconf 89' lang='lat' dir='ltr'>rediissent,</span> <span class='ocrx_word' id='word_1_505' title='bbox 3353 4424 3415 4478; x_wconf 89' lang='lat' dir='ltr'>et</span> <span class='ocrx_word' id='word_1_506' title='bbox 3444 4418 3726 4497; x_wconf 88' lang='lat' dir='ltr'>pejorem</span> 
     </span>
    </p>
   </div>
   <div class='ocr_carea' id='block_1_49' title="bbox 305 4516 3725 4603">
    <p class='ocr_par' dir='ltr' id='par_1_49' title="bbox 305 4516 3725 4603">
     <span class='ocr_line' id='line_1_49' title="bbox 305 4516 3725 4603; baseline -0.001 -24"><span class='ocrx_word' id='word_1_507' title='bbox 305 4538 499 4601; x_wconf 88' lang='lat' dir='ltr'>quam</span> <span class='ocrx_word' id='word_1_508' title='bbox 531 4522 683 4579; x_wconf 87' lang='lat' dir='ltr'>ante</span> <span class='ocrx_word' id='word_1_509' title='bbox 713 4520 1072 4584; x_wconf 89' lang='lat' dir='ltr'>intulissent</span> <span class='ocrx_word' id='word_1_510' title='bbox 1117 4524 1410 4584; x_wconf 87' lang='lat' dir='ltr'>Ecclesia</span> <span class='ocrx_word' id='word_1_511' title='bbox 1454 4523 1721 4585; x_wconf 90' lang='lat' dir='ltr'>cladem.</span> <span class='ocrx_word' id='word_1_512' title='bbox 1790 4524 1953 4585; x_wconf 91' lang='lat' dir='ltr'>Illud</span> <span class='ocrx_word' id='word_1_513' title='bbox 2026 4542 2239 4602; x_wconf 89' lang='lat' dir='ltr'>porro,</span> <span class='ocrx_word' id='word_1_514' title='bbox 2313 4521 2604 4583; x_wconf 86' lang='lat' dir='ltr'>mensibus</span> <span class='ocrx_word' id='word_1_515' title='bbox 2674 4522 2937 4603; x_wconf 83' lang='lat' dir='ltr'>quinque</span> <span class='ocrx_word' id='word_1_516' title='bbox 3006 4516 3266 4578; x_wconf 86' lang='lat' dir='ltr'>nondum</span> <span class='ocrx_word' id='word_1_517' title='bbox 3322 4518 3563 4590; x_wconf 75' lang='lat' dir='ltr'>exactis,</span> <span class='ocrx_word' id='word_1_518' title='bbox 3596 4533 3725 4576; x_wconf 88' lang='lat' dir='ltr'>non</span> 
     </span>
    </p>
   </div>
   <div class='ocr_carea' id='block_1_50' title="bbox 307 4614 3725 4701">
    <p class='ocr_par' dir='ltr' id='par_1_50' title="bbox 307 4614 3725 4701">
     <span class='ocr_line' id='line_1_50' title="bbox 307 4614 3725 4701; baseline -0.002 -22"><span class='ocrx_word' id='word_1_519' title='bbox 307 4646 347 4688; x_wconf 68' lang='grc' dir='ltr'>ε</span> <span class='ocrx_word' id='word_1_520' title='bbox 385 4621 594 4681; x_wconf 80' lang='lat' dir='ltr'>soluta</span> <span class='ocrx_word' id='word_1_521' title='bbox 650 4621 907 4682; x_wconf 81' lang='lat' dir='ltr'>Nicana</span> <span class='ocrx_word' id='word_1_522' title='bbox 978 4622 1217 4701; x_wconf 91' lang='lat' dir='ltr'>synodo</span> <span class='ocrx_word' id='word_1_523' title='bbox 1283 4622 1370 4681; x_wconf 89' lang='lat' dir='ltr'>ait</span> <span class='ocrx_word' id='word_1_524' title='bbox 1440 4623 1843 4695; x_wconf 89' lang='lat' dir='ltr'>Athanasius,</span> <span class='ocrx_word' id='word_1_525' title='bbox 1880 4622 1968 4683; x_wconf 88' lang='lat' dir='ltr'>uti</span> <span class='ocrx_word' id='word_1_526' title='bbox 2038 4622 2331 4693; x_wconf 88' lang='lat' dir='ltr'>diximus,</span> <span class='ocrx_word' id='word_1_527' title='bbox 2366 4621 2543 4682; x_wconf 89' lang='lat' dir='ltr'>seda</span> <span class='ocrx_word' id='word_1_528' title='bbox 2612 4619 2879 4699; x_wconf 86' lang='lat' dir='ltr'>receptis</span> <span class='ocrx_word' id='word_1_529' title='bbox 2936 4614 3322 4678; x_wconf 87' lang='lat' dir='ltr'>Meletianis:</span> <span class='ocrx_word' id='word_1_530' title='bbox 3398 4614 3569 4694; x_wconf 93' lang='lat' dir='ltr'>quod</span> <span class='ocrx_word' id='word_1_531' title='bbox 3599 4631 3725 4693; x_wconf 87' lang='lat' dir='ltr'>qua</span> 
     </span>
    </p>
   </div>
   <div class='ocr_carea' id='block_1_51' title="bbox 306 4712 3729 4803">
    <p class='ocr_par' dir='ltr' id='par_1_51' title="bbox 306 4712 3729 4803">
     <span class='ocr_line' id='line_1_51' title="bbox 306 4712 3729 4803; baseline -0.004 -19"><span class='ocrx_word' id='word_1_532' title='bbox 306 4725 552 4785; x_wconf 89' lang='lat' dir='ltr'>ratione</span> <span class='ocrx_word' id='word_1_533' title='bbox 617 4728 945 4803; x_wconf 89' lang='lat' dir='ltr'>peractum</span> <span class='ocrx_word' id='word_1_534' title='bbox 990 4721 1201 4794; x_wconf 84' lang='lat' dir='ltr'>fuerit,</span> <span class='ocrx_word' id='word_1_535' title='bbox 1271 4727 1490 4781; x_wconf 82' lang='lat' dir='ltr'>narrat</span> <span class='ocrx_word' id='word_1_536' title='bbox 1558 4722 1841 4793; x_wconf 87' lang='lat' dir='ltr'>inferius,</span> <span class='ocrx_word' id='word_1_537' title='bbox 1917 4740 1980 4780; x_wconf 90' lang='lat' dir='ltr'>n.</span> <span class='ocrx_word' id='word_1_538' title='bbox 2055 4723 2131 4779; x_wconf 79' lang='lat'>72</span> <span class='ocrx_word' id='word_1_539' title='bbox 2201 4718 2376 4801; x_wconf 85' lang='lat' dir='ltr'>Apol.</span> <span class='ocrx_word' id='word_1_540' title='bbox 2449 4728 2659 4780; x_wconf 88' lang='lat' dir='ltr'>contra</span> <span class='ocrx_word' id='word_1_541' title='bbox 2727 4718 2947 4780; x_wconf 87' lang='lat' dir='ltr'>Arian.</span> <span class='ocrx_word' id='word_1_542' title='bbox 2981 4712 3387 4787; x_wconf 89' lang='lat' dir='ltr'>Athanasius,</span> <span class='ocrx_word' id='word_1_543' title='bbox 3444 4712 3551 4773; x_wconf 92' lang='lat' dir='ltr'>ubi</span> <span class='ocrx_word' id='word_1_544' title='bbox 3580 4716 3729 4791; x_wconf 87' lang='lat' dir='ltr'>post</span> 
     </span>
    </p>
   </div>
   <div class='ocr_carea' id='block_1_52' title="bbox 308 4808 3727 4896">
    <p class='ocr_par' dir='ltr' id='par_1_52' title="bbox 308 4808 3727 4896">
     <span class='ocr_line' id='line_1_52' title="bbox 308 4808 3727 4896; baseline -0.004 -14"><span class='ocrx_word' id='word_1_545' title='bbox 308 4822 574 4883; x_wconf 89' lang='lat' dir='ltr'>allatum</span> <span class='ocrx_word' id='word_1_546' title='bbox 649 4819 880 4882; x_wconf 89' lang='lat' dir='ltr'>Meletii</span> <span class='ocrx_word' id='word_1_547' title='bbox 948 4818 1359 4886; x_wconf 83' lang='lat' dir='ltr'>Bre&#39;viarium,</span> <span class='ocrx_word' id='word_1_548' title='bbox 1436 4819 1525 4879; x_wconf 90' lang='lat' dir='ltr'>ait</span> <span class='ocrx_word' id='word_1_549' title='bbox 1593 4818 1914 4879; x_wconf 90' lang='lat' dir='ltr'>Meletium</span> <span class='ocrx_word' id='word_1_550' title='bbox 1984 4820 2314 4896; x_wconf 91' lang='lat' dir='ltr'>episc0pos</span> <span class='ocrx_word' id='word_1_551' title='bbox 2374 4824 2435 4877; x_wconf 91' lang='lat' dir='ltr'>et</span> <span class='ocrx_word' id='word_1_552' title='bbox 2506 4816 2927 4895; x_wconf 88' lang='lat' dir='ltr'>presbyteros,</span> <span class='ocrx_word' id='word_1_553' title='bbox 3002 4812 3115 4873; x_wconf 90' lang='lat' dir='ltr'>abs</span> <span class='ocrx_word' id='word_1_554' title='bbox 3158 4829 3223 4871; x_wconf 90' lang='lat' dir='ltr'>se</span> <span class='ocrx_word' id='word_1_555' title='bbox 3295 4829 3408 4889; x_wconf 90' lang='lat' dir='ltr'>per</span> <span class='ocrx_word' id='word_1_556' title='bbox 3478 4808 3727 4870; x_wconf 87' lang='lat' dir='ltr'>diversa</span> 
     </span>
    </p>
   </div>
   <div class='ocr_carea' id='block_1_53' title="bbox 306 4908 3724 5001">
    <p class='ocr_par' dir='ltr' id='par_1_53' title="bbox 306 4908 3724 5001">
     <span class='ocr_line' id='line_1_53' title="bbox 306 4908 3724 5001; baseline -0.004 -20"><span class='ocrx_word' id='word_1_557' title='bbox 306 4920 564 5001; x_wconf 68' lang='lat' dir='ltr'>Egypti</span> <span class='ocrx_word' id='word_1_558' title='bbox 634 4919 775 4979; x_wconf 90' lang='lat' dir='ltr'>loca</span> <span class='ocrx_word' id='word_1_559' title='bbox 845 4917 1244 4989; x_wconf 88' lang='lat' dir='ltr'>constitutos,</span> <span class='ocrx_word' id='word_1_560' title='bbox 1285 4917 1645 4977; x_wconf 88' lang='lat' dir='ltr'>Alexandro</span> <span class='ocrx_word' id='word_1_561' title='bbox 1719 4934 1930 4977; x_wconf 90' lang='lat' dir='ltr'>coram</span> <span class='ocrx_word' id='word_1_562' title='bbox 2004 4916 2311 4975; x_wconf 86' lang='lat' dir='ltr'>abductos</span> <span class='ocrx_word' id='word_1_563' title='bbox 2380 4913 2709 4975; x_wconf 82' lang='lat' dir='ltr'>obtulisse.</span> <span class='ocrx_word' id='word_1_564' title='bbox 2774 4912 2896 4975; x_wconf 91' lang='lat' dir='ltr'>Ubi</span> <span class='ocrx_word' id='word_1_565' title='bbox 2926 4911 3218 4972; x_wconf 88' lang='lat' dir='ltr'>advertas</span> <span class='ocrx_word' id='word_1_566' title='bbox 3246 4908 3461 4980; x_wconf 88' lang='lat' dir='ltr'>velim,</span> <span class='ocrx_word' id='word_1_567' title='bbox 3508 4924 3724 4967; x_wconf 80' lang='lat' dir='ltr'>neces-</span> 
     </span>
    </p>
   </div>
   <div class='ocr_carea' id='block_1_54' title="bbox 306 5003 3726 5094">
    <p class='ocr_par' dir='ltr' id='par_1_54' title="bbox 306 5003 3726 5094">
     <span class='ocr_line' id='line_1_54' title="bbox 306 5003 3726 5094; baseline -0.004 -15"><span class='ocrx_word' id='word_1_568' title='bbox 306 5037 445 5079; x_wconf 86' lang='lat' dir='ltr'>sum</span> <span class='ocrx_word' id='word_1_569' title='bbox 518 5035 653 5079; x_wconf 89' lang='lat' dir='ltr'>esse</span> <span class='ocrx_word' id='word_1_570' title='bbox 724 5034 852 5075; x_wconf 91' lang='lat' dir='ltr'>non</span> <span class='ocrx_word' id='word_1_571' title='bbox 924 5014 1184 5094; x_wconf 88' lang='lat' dir='ltr'>paulum</span> <span class='ocrx_word' id='word_1_572' title='bbox 1253 5014 1634 5075; x_wconf 89' lang='lat' dir='ltr'>intervenire</span> <span class='ocrx_word' id='word_1_573' title='bbox 1677 5014 1981 5093; x_wconf 88' lang='lat' dir='ltr'>temporis</span> <span class='ocrx_word' id='word_1_574' title='bbox 2052 5013 2323 5092; x_wconf 89' lang='lat' dir='ltr'>spatium</span> <span class='ocrx_word' id='word_1_575' title='bbox 2397 5012 2476 5071; x_wconf 89' lang='lat' dir='ltr'>ab</span> <span class='ocrx_word' id='word_1_576' title='bbox 2549 5011 2823 5072; x_wconf 90' lang='lat' dir='ltr'>adventu</span> <span class='ocrx_word' id='word_1_577' title='bbox 2892 5006 3235 5070; x_wconf 84' lang='lat' dir='ltr'>Alexandri</span> <span class='ocrx_word' id='word_1_578' title='bbox 3303 5004 3514 5065; x_wconf 89' lang='lat' dir='ltr'>Nicaa</span> <span class='ocrx_word' id='word_1_579' title='bbox 3541 5003 3726 5064; x_wconf 90' lang='lat' dir='ltr'>remi-</span> 
     </span>
    </p>
   </div>
   <div class='ocr_carea' id='block_1_55' title="bbox 309 5100 3728 5197">
    <p class='ocr_par' dir='ltr' id='par_1_55' title="bbox 309 5100 3728 5197">
     <span class='ocr_line' id='line_1_55' title="bbox 309 5100 3728 5197; baseline -0.005 -20"><span class='ocrx_word' id='word_1_580' title='bbox 309 5115 552 5197; x_wconf 87' lang='lat' dir='ltr'>grantis</span> <span class='ocrx_word' id='word_1_581' title='bbox 581 5111 1055 5186; x_wconf 88' lang='lat' dir='ltr'>Alexandriam,</span> <span class='ocrx_word' id='word_1_582' title='bbox 1090 5130 1287 5191; x_wconf 91' lang='lat' dir='ltr'>usque</span> <span class='ocrx_word' id='word_1_583' title='bbox 1317 5112 1467 5172; x_wconf 89' lang='lat' dir='ltr'>dum</span> <span class='ocrx_word' id='word_1_584' title='bbox 1502 5117 1595 5173; x_wconf 92' lang='lat' dir='ltr'>tot</span> <span class='ocrx_word' id='word_1_585' title='bbox 1624 5112 1902 5193; x_wconf 87' lang='lat' dir='ltr'>episcopi</span> <span class='ocrx_word' id='word_1_586' title='bbox 1946 5112 2010 5172; x_wconf 93' lang='lat' dir='ltr'>in</span> <span class='ocrx_word' id='word_1_587' title='bbox 2082 5118 2212 5172; x_wconf 89' lang='lat' dir='ltr'>tam</span> <span class='ocrx_word' id='word_1_588' title='bbox 2311 5108 2543 5169; x_wconf 89' lang='lat' dir='ltr'>dissitis</span> <span class='ocrx_word' id='word_1_589' title='bbox 2611 5109 2764 5169; x_wconf 88' lang='lat' dir='ltr'>locis</span> <span class='ocrx_word' id='word_1_590' title='bbox 2794 5107 2981 5187; x_wconf 90' lang='lat' dir='ltr'>positi</span> <span class='ocrx_word' id='word_1_591' title='bbox 3034 5106 3100 5165; x_wconf 90' lang='lat' dir='ltr'>in</span> <span class='ocrx_word' id='word_1_592' title='bbox 3170 5102 3456 5164; x_wconf 89' lang='lat' dir='ltr'>eamdem</span> <span class='ocrx_word' id='word_1_593' title='bbox 3504 5100 3728 5162; x_wconf 87' lang='lat' dir='ltr'>urbem</span> 
     </span>
    </p>
   </div>
   <div class='ocr_carea' id='block_1_56' title="bbox 310 5198 3731 5285">
    <p class='ocr_par' dir='ltr' id='par_1_56' title="bbox 310 5198 3731 5285">
     <span class='ocr_line' id='line_1_56' title="bbox 310 5198 3731 5285; baseline -0.005 -9"><span class='ocrx_word' id='word_1_594' title='bbox 310 5213 746 5285; x_wconf 88' lang='lat' dir='ltr'>convenirent,</span> <span class='ocrx_word' id='word_1_595' title='bbox 807 5216 876 5270; x_wconf 93' lang='lat' dir='ltr'>ut</span> <span class='ocrx_word' id='word_1_596' title='bbox 950 5210 1311 5271; x_wconf 88' lang='lat' dir='ltr'>Alexandro</span> <span class='ocrx_word' id='word_1_597' title='bbox 1370 5228 1582 5270; x_wconf 89' lang='lat' dir='ltr'>coram</span> <span class='ocrx_word' id='word_1_598' title='bbox 1637 5210 2023 5271; x_wconf 89' lang='lat' dir='ltr'>sisterentur.</span> <span class='ocrx_word' id='word_1_599' title='bbox 2099 5210 2247 5270; x_wconf 92' lang='lat' dir='ltr'>Ideo</span> <span class='ocrx_word' id='word_1_600' title='bbox 2307 5212 2517 5267; x_wconf 88' lang='lat' dir='ltr'>autem</span> <span class='ocrx_word' id='word_1_601' title='bbox 2574 5206 2955 5267; x_wconf 86' lang='lat' dir='ltr'>Athanasius</span> <span class='ocrx_word' id='word_1_602' title='bbox 2987 5202 3287 5283; x_wconf 88' lang='lat' dir='ltr'>posthac</span> <span class='ocrx_word' id='word_1_603' title='bbox 3328 5198 3542 5273; x_wconf 88' lang='lat' dir='ltr'>verba,</span> <span class='ocrx_word' id='word_1_604' title='bbox 3578 5203 3731 5260; x_wconf 73' lang='grc' dir='ltr'>Οἱδὲ</span> 
     </span>
    </p>
   </div>
   <div class='ocr_carea' id='block_1_57' title="bbox 306 5299 3731 5390">
    <p class='ocr_par' dir='ltr' id='par_1_57' title="bbox 306 5299 3731 5390">
     <span class='ocr_line' id='line_1_57' title="bbox 306 5299 3731 5390; baseline -0.005 -16"><span class='ocrx_word' id='word_1_605' title='bbox 306 5317 627 5374; x_wconf 76' lang='grc' dir='ltr'>Μελετιανοὶ</span> <span class='ocrx_word' id='word_1_606' title='bbox 661 5312 1025 5385; x_wconf 74' lang='grc' dir='ltr'>ὁπωσδήποτε</span> <span class='ocrx_word' id='word_1_607' title='bbox 1056 5312 1372 5389; x_wconf 55' lang='grc' dir='ltr'>ἐδέχθησαν</span> <span class='ocrx_word' id='word_1_608' title='bbox 1409 5314 1469 5368; x_wconf 76' lang='grc' dir='ltr'>οὗ</span> <span class='ocrx_word' id='word_1_609' title='bbox 1501 5316 1604 5390; x_wconf 73' lang='grc' dir='ltr'>γὰρ</span> <span class='ocrx_word' id='word_1_610' title='bbox 1634 5315 1922 5389; x_wconf 69' lang='grc' dir='ltr'>ἀναγκαῖον</span> <span class='ocrx_word' id='word_1_611' title='bbox 1951 5318 2041 5368; x_wconf 72' lang='grc' dir='ltr'>νῦν</span> <span class='ocrx_word' id='word_1_612' title='bbox 2072 5316 2171 5383; x_wconf 74' lang='grc' dir='ltr'>τὴν</span> <span class='ocrx_word' id='word_1_613' title='bbox 2208 5310 2382 5366; x_wconf 75' lang='grc' dir='ltr'>αἰτίαν</span> <span class='ocrx_word' id='word_1_614' title='bbox 2419 5309 2727 5383; x_wconf 73' lang='grc' dir='ltr'>ὀνομάζειν,</span> <span class='ocrx_word' id='word_1_615' title='bbox 2761 5322 2905 5363; x_wconf 87' lang='lat' dir='ltr'>mox</span> <span class='ocrx_word' id='word_1_616' title='bbox 2938 5300 3154 5379; x_wconf 87' lang='lat' dir='ltr'>adjicit</span> <span class='ocrx_word' id='word_1_617' title='bbox 3211 5299 3363 5359; x_wconf 77' lang='grc' dir='ltr'>οὔπω</span> <span class='ocrx_word' id='word_1_618' title='bbox 3420 5304 3523 5378; x_wconf 81' lang='grc' dir='ltr'>γὰρ</span> <span class='ocrx_word' id='word_1_619' title='bbox 3572 5303 3731 5358; x_wconf 69' lang='grc' dir='ltr'>πέντε</span> 
     </span>
    </p>
   </div>
   <div class='ocr_carea' id='block_1_58' title="bbox 281 5394 3736 5491">
    <p class='ocr_par' dir='ltr' id='par_1_58' title="bbox 281 5394 3736 5491">
     <span class='ocr_line' id='line_1_58' title="bbox 281 5394 3736 5491; baseline -0.005 -20"><span class='ocrx_word' id='word_1_620' title='bbox 281 5424 474 5491; x_wconf 82' lang='grc' dir='ltr'>’μῆνες</span> <span class='ocrx_word' id='word_1_621' title='bbox 507 5413 812 5488; x_wconf 77' lang='grc' dir='ltr'>παρῆλθον,</span> <span class='ocrx_word' id='word_1_622' title='bbox 845 5414 933 5468; x_wconf 87' lang='grc' dir='ltr'>καὶ</span> <span class='ocrx_word' id='word_1_623' title='bbox 966 5415 994 5468; x_wconf 82' lang='grc' dir='ltr'>ὁ</span> <span class='ocrx_word' id='word_1_624' title='bbox 1031 5413 1124 5486; x_wconf 70' lang='grc' dir='ltr'>μὲν</span> <span class='ocrx_word' id='word_1_625' title='bbox 1162 5412 1466 5488; x_wconf 69' lang='grc' dir='ltr'>μακαρίτης</span> <span class='ocrx_word' id='word_1_626' title='bbox 1494 5409 1853 5485; x_wconf 76' lang='grc' dir='ltr'>’Δλὲξαοδρος</span> <span class='ocrx_word' id='word_1_627' title='bbox 1884 5408 2286 5480; x_wconf 73' lang='grc' dir='ltr'>τετελεύτηκεν,</span> <span class='ocrx_word' id='word_1_628' title='bbox 2321 5413 2372 5465; x_wconf 79' lang='grc' dir='ltr'>οἱ</span> <span class='ocrx_word' id='word_1_629' title='bbox 2422 5404 2479 5463; x_wconf 73' lang='grc' dir='ltr'>δὲ</span> <span class='ocrx_word' id='word_1_630' title='bbox 2509 5406 2852 5479; x_wconf 75' lang='grc' dir='ltr'>Μελετιανοὶ,</span> <span class='ocrx_word' id='word_1_631' title='bbox 2882 5403 3000 5460; x_wconf 80' lang='grc' dir='ltr'>’δὲον</span> <span class='ocrx_word' id='word_1_632' title='bbox 3033 5405 3282 5477; x_wconf 79' lang='grc' dir='ltr'>ἠρεμεῖν,</span> <span class='ocrx_word' id='word_1_633' title='bbox 3306 5399 3376 5455; x_wconf 88' lang='lat' dir='ltr'>ut</span> <span class='ocrx_word' id='word_1_634' title='bbox 3410 5394 3616 5474; x_wconf 88' lang='lat' dir='ltr'>palam</span> <span class='ocrx_word' id='word_1_635' title='bbox 3646 5394 3736 5454; x_wconf 81' lang='lat' dir='ltr'>f8.-</span> 
     </span>
    </p>
   </div>
   <div class='ocr_carea' id='block_1_59' title="bbox 319 5490 3734 5585">
    <p class='ocr_par' dir='ltr' id='par_1_59' title="bbox 319 5490 3734 5585">
     <span class='ocr_line' id='line_1_59' title="bbox 319 5490 3734 5585; baseline -0.006 -15"><span class='ocrx_word' id='word_1_636' title='bbox 319 5508 444 5570; x_wconf 90' lang='lat' dir='ltr'>ciat</span> <span class='ocrx_word' id='word_1_637' title='bbox 470 5508 788 5569; x_wconf 86' lang='lat' dir='ltr'>inﬁrmam</span> <span class='ocrx_word' id='word_1_638' title='bbox 851 5506 1041 5567; x_wconf 83' lang='lat' dir='ltr'>fuisse</span> <span class='ocrx_word' id='word_1_639' title='bbox 1085 5523 1304 5585; x_wconf 89' lang='lat' dir='ltr'>pacem</span> <span class='ocrx_word' id='word_1_640' title='bbox 1362 5505 1536 5567; x_wconf 88' lang='lat' dir='ltr'>illam</span> <span class='ocrx_word' id='word_1_641' title='bbox 1606 5522 1746 5565; x_wconf 91' lang='lat' dir='ltr'>cum</span> <span class='ocrx_word' id='word_1_642' title='bbox 1812 5504 2174 5577; x_wconf 82' lang='lat' dir='ltr'>Meletianis,</span> <span class='ocrx_word' id='word_1_643' title='bbox 2261 5522 2405 5563; x_wconf 91' lang='lat' dir='ltr'>cum</span> <span class='ocrx_word' id='word_1_644' title='bbox 2462 5502 2566 5562; x_wconf 88' lang='lat' dir='ltr'>vix</span> <span class='ocrx_word' id='word_1_645' title='bbox 2623 5499 2853 5578; x_wconf 88' lang='lat' dir='ltr'>elapsis</span> <span class='ocrx_word' id='word_1_646' title='bbox 2913 5497 3196 5575; x_wconf 89' lang='lat' dir='ltr'>quinque</span> <span class='ocrx_word' id='word_1_647' title='bbox 3252 5498 3394 5574; x_wconf 84' lang='lat' dir='ltr'>post</span> <span class='ocrx_word' id='word_1_648' title='bbox 3457 5490 3734 5553; x_wconf 88' lang='lat' dir='ltr'>reconci-</span> 
     </span>
    </p>
   </div>
   <div class='ocr_carea' id='block_1_60' title="bbox 379 5792 999 5872">
    <p class='ocr_par' dir='ltr' id='par_1_60' title="bbox 379 5792 999 5872">
     <span class='ocr_line' id='line_1_60' title="bbox 379 5792 999 5872; baseline -0.003 -19"><span class='ocrx_word' id='word_1_649' title='bbox 379 5796 458 5872; x_wconf 89' lang='lat' dir='ltr'>(a)</span> <span class='ocrx_word' id='word_1_650' title='bbox 492 5796 558 5854; x_wconf 91' lang='lat' dir='ltr'>In</span> <span class='ocrx_word' id='word_1_651' title='bbox 589 5792 999 5855; x_wconf 83' lang='lat' dir='ltr'>commentario.</span> 
     </span>
    </p>
   </div>
  </div>
