4170 6440
421 519 568 577 mn
1824 510 2440 581 PROLEGOMENA.

420 645 642 713 liatam
714 650 984 731 gratiam
1058 650 1377 714 mensibus
1447 651 1654 713 denuo
1722 651 1943 714 turbas
2013 652 2343 713 dederint:
2417 651 2581 714 unde
2676 651 3077 734 perspicuum
3150 650 3459 733 videatur,
3549 654 3833 736 quinque

422 748 731 810 mensium
765 750 1093 811 exordium
1127 752 1270 812 duci
1339 750 1419 811 ab
1489 750 1763 812 adventu
1820 757 1883 812 et
1952 751 2464 812 reconciliatione
2533 750 3013 813 Meletianorum
3085 770 3225 813 cum
3304 752 3685 814 Alexandro.
3762 755 3830 816 ln

421 846 698 926 antiquis
765 848 1131 910 Latinorum
1201 848 1645 928 Martyrologis
1716 850 1893 910 nulla
1963 852 2028 911 S.
2101 850 2443 910 Alexandri
2512 850 2921 911 Alexandrini
2995 851 3299 911 memoria
3366 858 3535 925 erat;
3611 870 3829 914 verum

420 942 717 1006 vicesima
745 952 921 1007 sexta
949 946 1273 1008 Februarii
1303 946 1404 1007 die
1435 948 1954 1009 memorabantur
2008 947 2386 1020 Alexander,
2445 951 2668 1009 Nestor
2709 953 2772 1009 et
2825 948 3045 1010 Theon
3098 955 3404 1028 martyres
3451 967 3594 1010 cum
3651 952 3835 1012 sociis

420 1042 572 1104 suis.
659 1043 748 1104 lta
798 1044 1038 1106 scilicet
1112 1045 1177 1106 in
1237 1046 1688 1125 Martyrologio
1720 1046 2094 1106 Gellonense
2135 1051 2198 1106 et
2253 1046 2316 1105 in
2407 1045 2830 1107 vetustissimo
2892 1049 3110 1108 Luccze
3180 1064 3330 1108 cuso
3426 1066 3570 1108 cum
3667 1050 3834 1111 notis

418 1139 788 1202 Florentinii
841 1142 947 1222 (a).
1006 1145 1079 1205 In
1133 1143 1254 1216 his,
1314 1144 1600 1223 inquam,
1660 1143 2124 1223 Martyrologiis
2200 1144 2665 1222 (Gellonianum
2750 1144 2990 1224 excipe)
3079 1145 3423 1206 secundum
3524 1153 3833 1227 martyres

419 1254 568 1298 mox
639 1245 1040 1315 memoratos,
1148 1241 1425 1319 legitur:
1528 1241 1597 1301 In
1682 1239 2053 1303 Alexandria
2135 1240 2347 1301 Felicis
2426 1250 2484 1301 et
2573 1242 2886 1302 sociorum.
2918 1242 3079 1303 Hinc
3173 1243 3391 1303 vitiata
3471 1243 3831 1325 interpunc-

416 1330 611 1409 tione,
670 1337 849 1411 illud,
924 1339 988 1399 in
1041 1338 1413 1399 Alexandria
1489 1340 1569 1400 ad
1620 1340 1907 1419 superius
1988 1345 2368 1401 memoratos
2445 1346 2773 1420 martyres,
2861 1340 3097 1401 scilicet
3178 1340 3630 1403 Alexandrum.
3719 1344 3831 1404 Ne-

412 1438 671 1508 storem,
729 1442 877 1511 etc.,
936 1435 1307 1515 adjunctum
1365 1436 1503 1497 fuit.
1562 1436 1664 1497 Sic
1722 1437 1975 1497 turbato
2032 1438 2225 1499 semel
2282 1437 2526 1511 ordine,
2627 1444 2850 1499 auctor
2935 1438 3287 1499 brevissimi
3390 1440 3827 1520 Martyrologii

415 1533 773 1612 Aquileiam
835 1538 1033 1594 Roma
1088 1535 1459 1607 transmissi,
1518 1540 1581 1595 et
1641 1535 1847 1595 Adoni
1893 1536 2233 1596 Viennensi
2290 1542 2509 1616 postea
2559 1536 2779 1609 oblati,
2840 1536 3103 1597 nimium
3165 1537 3547 1615 conjecturis
3625 1538 3832 1599 indul-

416 1648 596 1710 gens,
648 1631 1079 1693 Alexandrum
1131 1631 1310 1691 illum
1372 1632 1704 1712 praesulem
1762 1651 1896 1694 esse
1955 1638 2150 1709 ratus,
2210 1633 2299 1693 sic
2356 1633 2656 1695 audacter
2712 1634 3003 1705 restituit,
3078 1634 3476 1701 Alexandriae
3556 1635 3827 1697 Alexan-

415 1726 521 1789 dri
568 1728 821 1808 gloriosi
865 1731 1018 1790 senis
1072 1730 1348 1811 episcopi,
1407 1735 1470 1790 et
1521 1748 1600 1790 ειει
1664 1729 2058 1790 vicessimam
2130 1729 2464 1809 septimam
2524 1729 2805 1809 ejusdem
2867 1731 3098 1791 mensis
3131 1731 3346 1806 habet,
3396 1732 3831 1795 Julianimar-

418 1827 573 1909 tyris
625 1835 683 1887 et
728 1827 904 1889 Euni
947 1827 1056 1908 qui
1109 1846 1239 1888 cum
1286 1828 1410 1908 ipso
1463 1847 1596 1888 sene
1651 1828 1714 1886 in
1769 1827 2124 1907 confessione
2171 1827 2561 1908 perduravit;
2621 1828 2710 1889 ita
2769 1834 2838 1888 ut
2898 1836 3237 1908 martyrem
3309 1835 3373 1890 et
3460 1831 3828 1911 episcopum

415 1944 671 2005 quoque
700 1925 1128 1986 Alexandrum
1178 1925 1368 1987 fuisse
1428 1931 1754 2000 memoret,
1815 1926 1987 2005 quod
2042 1926 2260 2005 utique
2314 1926 2566 1986 falsum.
2629 1928 2705 1987 Et
2761 1945 2907 1987 vero
2972 1927 3327 1987 Alexander
3382 1927 3487 1988 ille
3545 1919 3828 2008 quidem‘

414 2028 488 2085 ut
542 2023 833 2103 primitus
887 2022 1136 2101 iacebat
1189 2023 1451 2102 integris
1504 2023 1714 2097 rebus,
1776 2030 2018 2102 martyr
2072 2040 2219 2083 vere
2274 2022 2411 2097 fuit,
2475 2028 2543 2082 ut
2596 2023 2935 2084 observant
2991 2024 3053 2083 in
3112 2025 3278 2085 notis
3335 2025 3463 2085 suis
3524 2026 3831 2089 Florenti-

342 2192 347 2197 ,
414 2121 557 2183 nius
653 2127 717 2182 et
789 2121 1243 2183 Henschenius.
1340 2121 1801 2182 Vandelbertus
1885 2127 2096 2182 autem
2192 2121 2256 2181 in
2339 2120 2786 2201 Martyrologio
2879 2138 2994 2182 suo
3094 2122 3351 2183 metrice
3448 2124 3825 2205 conscripto,

412 2219 839 2281 Alexandrum
910 2218 1167 2292 omittit,
1238 2218 1440 2279 socios
1492 2224 1828 2291 memorat,
1886 2217 2207 2279 Theonam
2268 2217 2510 2280 scilicet
2579 2225 2641 2279 et
2714 2221 3035 2280 Nestorem
3098 2226 3445 2300 martyres;
3509 2222 3824 2297 Rabanus,

413 2317 838 2380 Alexandrum
875 2322 937 2378 et
966 2317 1167 2378 socios
1212 2322 1483 2378 tantum.
1536 2317 1672 2377 Ado
1729 2323 1939 2377 autem
2014 2317 2382 2377 Viennensis
2474 2318 2633 2377 duce
2703 2336 2854 2379 usus
2929 2318 3379 2398 Martyrologio
3452 2338 3566 2381 suo
3640 2341 3828 2401 supe-

411 2414 542 2476 rius
596 2420 971 2488 memorato,
1046 2415 1472 2476 Alexandrum
1505 2414 1839 2493 praesulem
1911 2413 2011 2475 hic
2041 2414 2205 2474 male
2247 2414 2437 2474 situm
2467 2414 2595 2475 suis
2661 2415 2851 2475 etiam
2924 2415 3088 2476 notis
3160 2415 3469 2491 distinxit,
3527 2418 3830 2498 adjiciens

412 2531 556 2575 eum
605 2514 970 2593 episcopum
1017 2512 1414 2573 Alexandriae
1470 2513 1800 2578 exstitisse.
1854 2518 1916 2572 et
1963 2513 2295 2573 damnasse
2342 2511 2581 2587 Arium,
2660 2531 2733 2573 ac
2798 2512 3068 2574 Nicaeum
3144 2513 3500 2576 interfuisse
3556 2517 3820 2596 synodo.

411 2612 759 2684 Usuardus,
828 2617 1051 2672 auctor
1100 2610 1530 2691 Martyrologii
1586 2611 1769 2671 Bedes
1823 2611 1978 2671 falso
2029 2610 2311 2688 ascripti,
2364 2609 2696 2684 Notkerus,
2759 2616 2981 2671 auctor
3036 2610 3472 2690 Martyrologii
3534 2614 3822 2689 ltomani,

412 2710 593 2789 quasi
618 2728 768 2771 oves
796 2708 1124 2788 gregariis,
1156 2708 1393 2770 Adonis
1449 2709 1698 2788 lapsum
1746 2714 2118 2787 sequuntur.
2174 2710 2379 2786 Atque
2426 2708 2651 2768 exinde
2695 2714 2972 2769 erratum
3025 2709 3318 2783 obtinuit,
3368 2727 3441 2770 ac
3489 2709 3553 2770 in
3602 2710 3822 2772 vicesi-

409 2825 581 2869 mam
612 2811 853 2869 sextam
888 2806 1211 2868 Februarii
1240 2806 1527 2866 certatim
1559 2824 1776 2867 omnes
1806 2806 1971 2867 diem
2002 2806 2210 2866 obitus
2258 2805 2599 2865 Alexandri
2653 2806 3079 2867 contulerunt.
3142 2807 3210 2868 In
3269 2807 3579 2869 decimam
3634 2827 3825 2887 porro

409 2907 744 2987 septimam
788 2904 1019 2984 Aprilis
1045 2903 1099 2964 si
1127 2905 1603 2981 constituamus,
1638 2904 1875 2984 optime
1905 2904 2309 2983 quadrabunt
2338 2904 2574 2978 omnia,
2608 2904 2699 2965 uti
2724 2910 2819 2965 est
2847 2923 2884 2965 a
2915 2904 3096 2965 nobis
3125 2906 3414 2986 superius
3474 2922 3828 2967 commons-

412 3011 678 3068 tratum.

490 3131 586 3192 Ad
642 3148 880 3191 annum
937 3130 1075 3202 327,
1140 3126 1247 3188 ubi
1306 3127 1384 3187 de
1456 3127 1679 3188 itinere
1742 3127 2072 3189 Athanasii
2128 3126 2469 3199 Thebaico,
2521 3127 2869 3187 notandum
2927 3145 3066 3188 eam
3126 3128 3475 3189 clausulam
3535 3131 3816 3190 Graecam

421 3229 568 3292 Vitae
595 3227 914 3289 Pachumii
966 3231 1275 3309 ἀρχόμενος
1304 3239 1407 3301 τῆς
1440 3232 1762 3306 ἐπισκοπῆς,
1788 3245 1913 3286 non
1983 3226 2068 3285 fui

2254 3224 2472 3284 Latine
2543 3242 2786 3285 versam
2856 3226 2936 3286 ab
3006 3225 3369 3305 interprete.
3446 3226 3597 3306 Ejus
3674 3247 3821 3290 vera

406 3325 718 3388 sententia
747 3331 863 3397 est,
899 3323 1321 3386 Athanasium
1351 3342 1425 3384 eo
1456 3324 1836 3385 concessisse
1866 3342 2008 3384 cum
2040 3322 2227 3384 iniret
2255 3322 2715 3401 episcopatum.

482 3451 577 3512 Ad
607 3468 844 3512 annum
875 3450 993 3510 362
1026 3466 1409 3527 magnopere
1465 3447 1858 3509 observanda
1915 3446 2052 3508 haec
2106 3446 2428 3507 Ammonii
2485 3446 2549 3506 in
2602 3447 2868 3527 epistola
2922 3447 3011 3508 De
3072 3446 3204 3508 Vita
3260 3447 3579 3511 Pachumii
3631 3451 3824 3512 verba

402 3565 505 3620 Καὶ
548 3564 682 3638 μετὰ
707 3562 770 3617 τὸ
803 3559 1104 3637 διωχθῆναι
1134 3560 1225 3615 τὸν
1258 3562 1435 3616 πάπαν
1470 3562 1781 3616 Ἀθανάτων
1812 3565 1892 3633 τῷ
1924 3559 2127 3633 ἐννάτῳ
2161 3560 2296 3633 μηνὶ
2336 3565 2433 3614 τοῦ
2464 3558 2624 3614 ἓκτου
2680 3558 2859 3630 ’ἐτο-δς,
2920 3561 3210 3624 Ἰουκιανὸς
3281 3560 3630 3636 βασιλεύσας,
3691 3564 3827 3639 ἀνὴρ

404 3659 844 3736 εἰδωλολάτρης,
894 3660 984 3715 τὸν
1051 3659 1144 3733 μὲν
1197 3660 1376 3714 πάπαν
1444 3661 1753 3714 Ἀθανάσιον
1816 3659 1892 3721 εἷς
1951 3660 2051 3728 τὴν

2188 3652 2347 3712 ϐατίδα
2407 3657 2678 3732 ἐξώρισεν,
2741 3652 2807 3711 id
2837 3657 2964 3712 est:
3026 3652 3198 3713 Nono
3230 3673 3419 3715 mense
3471 3656 3632 3715 sexti
3684 3656 3835 3716 anni

399 3762 537 3836 post
577 3751 821 3834 pulsum
878 3770 1098 3830 papam
1164 3748 1575 3822 Athanasium,
1627 3750 1908 3811 Julianus
1975 3750 2224 3830 imperio
2299 3749 2522 3829 potitus
2573 3749 2667 3810 vir
2726 3748 3075 3824 idololatra,
3135 3770 3359 3832 papam
3433 3752 3823 3815 Athanasium

404 3851 469 3912 in
518 3846 872 3911 Thebaidem
940 3847 1247 3927 relegavit.
1310 3850 1444 3907 Duo
1502 3846 1606 3907 hic
1662 3847 1998 3908 observatu
2057 3845 2424 3925 dignissima
2472 3846 3052 3925 deprehenduntur.
3115 3848 3324 3910 Primo
3379 3849 3823 3926 Athanasium,

404 3949 575 4011 circa
630 3963 908 4007 mensem
993 3944 1327 4006 Octobrem
1380 3945 1528 4005 anni
1587 3945 1724 4017 362,
1787 3944 1903 4005 sub
1961 3944 2233 4018 Juliano,
2297 3944 2546 4022 pulsum
2606 3944 2816 4018 fuisse,
2876 3945 3114 4007 scilicet
3169 3964 3337 4008 nono
3398 3965 3610 4008 mense
3668 3954 3829 4020 sexti

404 4046 556 4108 anni
613 4050 950 4125 postquam
1012 4042 1383 4123 profligatus
1440 4061 1478 4103 a
1522 4042 1888 4104 Constantio
1945 4042 2173 4115 fuerat,
2207 4042 2378 4121 quod
2426 4049 2560 4102 tum
2619 4042 2848 4104 accidit
2902 4062 3044 4104 cum
3109 4063 3322 4106 mense
3382 4045 3727 4108 Februario
3792 4065 3831 4107 a

403 4142 658 4225 Syriani
727 4146 789 4202 et
878 4141 1149 4202 militum
1220 4140 1459 4220 impetu
1533 4158 1600 4200 se
1685 4140 2001 4219 proripuit
2082 4158 2248 4200 anno
2331 4142 2481 4212 356;
2567 4146 2785 4219 postea
2860 4159 3031 4216 vero,
3121 4141 3358 4203 scilicet
3444 4142 3561 4202 sub
3641 4142 3827 4205 ﬁnem

407 4242 564 4304 anni
676 4241 819 4313 361,
905 4240 1002 4300 vel
1079 4238 1259 4299 initio
1350 4241 1491 4311 362,
1551 4256 1692 4299 cum
1792 4238 2206 4316 inauguratus
2282 4238 2572 4300 Julianus
2644 4239 2993 4318 imperator
3082 4239 3447 4300 facultatem
3509 4240 3836 4302 exsulibus

404 4337 707 4401 redeundi
792 4336 1086 4411 dedisset,
1184 4336 1584 4397 Alexandriae
1669 4354 1895 4397 novem
1978 4336 2225 4397 circiter
2311 4354 2553 4397 menses
2645 4343 3074 4398 commoratus
3164 4343 3283 4410 est,
3355 4337 3557 4397 donec
3616 4356 3832 4400 mense

403 4436 651 4498 circiter
734 4434 1011 4509 Octobri,
1103 4433 1389 4514 ejusdem
1461 4434 1696 4497 Juliani
1754 4432 1956 4513 jussu,
2019 4433 2401 4495 Alexandria
2455 4433 2807 4494 decederet.
2886 4434 3177 4496 Secundo
3230 4434 3468 4496 Juliani
3520 4434 3704 4513 jussu
3765 4435 3833 4495 in

399 4533 722 4596 Thebaide
799 4532 1141 4607 exsulasse,
1200 4533 1372 4613 quod
1457 4533 1537 4594 ab
1595 4532 1733 4593 aliis
1789 4532 2225 4594 ecclesiasticae
2311 4531 2590 4593 historiae
2678 4530 3091 4611 scriptoribus
3175 4532 3435 4592 minime
3523 4531 3827 4593 traditum

400 4637 518 4694 est.

478 4756 575 4816 Ad
630 4773 866 4816 annum
928 4756 1067 4828 363,
1129 4774 1302 4816 num.
1365 4759 1421 4815 1.
1472 4758 1609 4816 Non
1640 4773 1866 4835 parum
1910 4755 2145 4833 negotii
2196 4755 2514 4815 facessunt
2570 4752 2709 4814 haec
2763 4752 2964 4814 verba
3025 4772 3167 4833 quas
3207 4753 3378 4833 apud
3428 4752 3836 4815 Ammonium

402 4855 615 4916 Greece
646 4853 735 4913 ita
767 4853 1063 4931 leguntur
1096 4871 1109 4911 ε
1138 4853 1239 4907 Λιὸ
1264 4852 1363 4906 οὐκ
1394 4849 1634 4930 ὀφείλεις
1654 4851 1741 4906 ἐπὶ
1769 4853 1870 4921 τὴν
1897 4846 2144 4921 Θηϐαΐδα
2158 4846 2817 4922 αυλλὸμενοςάπεκθεῖν,
2835 4847 3052 4911 ἀλλἐἷς
3072 4846 3164 4904 τὸν
3192 4850 3487 4923 κομιτάτον
3513 4846 3835 4918 λεληθότως

396 4946 936 5035 γενέσθαιΣυντεύξῃ
966 4957 1068 5032 γάρ
1092 4957 1239 5026 ἀύτῷ
1265 4954 1380 5007 καθ’
1408 4948 1554 5021 ὁδόν,
1584 4950 1673 5005 καὶ
1705 4950 1947 5025 γνησίως
1976 4946 2611 5023 ὑποδεχθεὶς,ὲππινήξεις
2633 4945 2710 5008 sic
2740 4948 2841 5016 τήν
2866 4941 3297 5018 Ἐκκλησίαγλά
3328 4946 3422 5001 est
3457 4958 3471 5001 ζ
3502 4939 3839 5022 Propterea

395 5069 470 5111 ne
523 5048 830 5110 molestum
887 5049 1001 5109 iter
1058 5044 1141 5107 ad
1204 5042 1548 5106 Thebaidem
1607 5042 1908 5123 excipias;
1971 5041 2071 5102 sed
2121 5041 2203 5103 ad
2247 5040 2591 5100 comitatum
2648 5038 2798 5099 clam
2855 5048 2911 5099 te
2966 5041 3255 5120 conferas.
3331 5038 3404 5099 In
3449 5040 3547 5100 via
3577 5057 3836 5119 namque

396 5147 588 5228 ipsum
631 5145 908 5226 oﬂ'endes,
966 5154 1023 5206 et
1076 5143 1389 5204 clementer
1456 5139 1534 5201 ab
1588 5159 1653 5200 eo
1705 5148 2005 5220 exceptus,
2063 5138 2377 5199 reverteris
2436 5138 2498 5197 in
2556 5134 2909 5198 Ecclesium.
2970 5138 3090 5200 Ubi
3151 5137 3396 5199 videtur
3425 5136 3822 5209 Theodorus,

398 5243 510 5322 qui
554 5244 690 5305 haec
754 5262 831 5304 ex
886 5241 1263 5323 prophetico
1320 5238 1538 5318 spiritu
1599 5236 1944 5298 Athanasio
2004 5237 2283 5312 mandat,
2332 5236 2556 5315 jubere
2614 5237 2735 5317 ipsi
2797 5242 2866 5297 ut
2925 5242 3094 5297 recta
3163 5236 3567 5315 imperatoris
3616 5233 3829 5296 comi-

396 5346 599 5402 tatum
629 5347 805 5421 petat
851 5348 914 5403 et
969 5342 1415 5419 imperatorem
1472 5335 1679 5395 adeat.
1741 5337 1819 5396 Et
1873 5340 2085 5395 tamen
2141 5341 2380 5397 certum
2456 5336 2703 5396 videtur
2776 5352 2854 5393 ex
2924 5334 2997 5394 iis
3070 5353 3211 5412 quae
3288 5333 3351 5393 in
3444 5332 3580 5393 Vita
3627 5329 3823 5392 Atha-

395 5439 558 5500 nasii
581 5439 662 5498 ad
721 5439 887 5500 hunc
943 5456 1209 5511 annum,
1268 5442 1331 5497 et
1378 5436 1442 5495 in
1502 5433 1731 5495 Monito
1761 5434 1841 5493 ad
1900 5434 2227 5513 epistolam
2288 5434 2534 5495 Joviani
2592 5433 2887 5506 diximus,
2947 5431 3362 5494 Athanasium
3426 5448 3551 5491 non
3611 5428 3827 5490 statim

390 5535 841 5616 imperatorem
899 5537 1149 5611 adiisse,
1209 5534 1318 5596 sed
1366 5533 1640 5613 primum
1690 5531 1938 5611 petiisse
2003 5532 2472 5604 Alexandriam,
2551 5531 2764 5611 ibique
2833 5531 3289 5612 aliquantisper
3354 5532 3826 5591 commoratum

391 5652 551 5697 6886.

458 5866 535 5944 (α)
564 5866 824 5944 Spicileg.
856 5866 1125 5928 Dacheri.
