4170 6386
1660 412 1847 477 VITA
1889 407 1958 474 Β.
2001 404 2456 474 ATHANASII.

3657 408 3764 461 ιιι

350 570 481 611 rum
514 554 709 627 aperte
739 550 1061 609 reclamant
1088 548 1476 623 Epiphanius,
1496 547 1898 604 Theodoretus
1920 545 1996 619 (a)
2026 550 2082 617 Α
2180 543 2463 599 2.Verum
2488 541 2609 598 hac
2633 536 3306 611 Ruﬁnihistoriagrandi
3324 536 3477 609 apud
3498 536 3764 593 eruditos

353 647 411 700 et
438 642 557 711 alii,
575 642 674 714 qui
700 640 983 697 Achillam
998 656 1215 711 paucos
1241 653 1473 692 menses
1494 634 1883 708 episcopalem
1907 649 2003 688 se-

353 733 484 789 dem
520 746 835 803 occupasse
859 730 1117 785 tradunt.
1136 726 1599 799 Repugnatitem
1623 723 2002 789 Athanasius,

355 822 456 894 qui
489 838 623 877 cum
657 820 716 874 in
748 819 987 891 Epistota
1019 817 1087 872 ad
1118 818 1401 888 .Egyptios
1431 832 1584 869 anno
1614 815 1718 868 356
1750 811 2003 867 conscri-

353 915 454 983 pta
484 909 564 965 ait
612 910 693 980 (n.
723 909 835 979 22),
871 918 903 963 a
950 907 1189 979 triginta
1236 922 1335 960 sex
1366 905 1535 960 annis
1586 903 1789 958 Arium
1831 905 1886 955 et
1916 917 2005 955 se-

355 1016 572 1073 quaces
605 999 913 1053 damnatos
936 1002 992 1051 et
1015 996 1371 1068 proscriptos
1390 994 1591 1060 fuisse,
1612 991 1804 1064 palam
1830 989 2009 1062 signi-

358 1090 493 1143 ﬁcat
522 1089 580 1142 in
618 1104 837 1143 annum
867 1087 973 1140 320
1005 1085 1092 1141 vel
1124 1086 1223 1139 321
1260 1082 1724 1155 consignandam
1757 1096 1885 1135 esse
1915 1095 2007 1149 sy-

357 1178 575 1232 nodum
610 1176 681 1231 ab
711 1175 1039 1230 Alexandro
1068 1174 1340 1246 episcopo
1372 1180 1572 1227 contra
1600 1170 1843 1225 Arianos
1873 1184 2010 1223 coa-

359 1270 533 1332 ctam,
551 1281 729 1338 quam
753 1265 1042 1337 synodum
1067 1281 1183 1318 non
1212 1261 1439 1317 modico
1464 1260 1747 1333 spatio,et
1770 1260 2011 1313 fortasse

362 1354 581 1427 aliquot
611 1353 1109 1426 annis,praevertit
1139 1351 1321 1424 impia
1342 1351 1443 1405 illa
1461 1350 1580 1405 Arii
1612 1347 1867 1412 vesania,
1897 1362 2015 1418 qua

364 1444 687 1500 Alexandro
708 1445 835 1515 jam
867 1444 1142 1514 episcopo
1186 1456 1410 1497 errores
1441 1454 1713 1512 spargere
1744 1454 1883 1493 suos
1914 1451 2012 1507 ag-

360 1550 599 1607 gressus
630 1538 740 1589 est.

434 1717 599 1768 ANNO
628 1711 754 1766 313.
779 1738 847 1753 —-
873 1712 922 1765 1.
948 1715 1025 1766 De
1048 1710 1240 1781 pueris
1270 1710 1336 1764 ab
1367 1708 1667 1764 Athanasio
1699 1706 2014 1775 baptizatis.

363 1833 433 1843 —
466 1803 527 1857 In
575 1800 881 1857 Alexandri
936 1798 1312 1871 pontiﬁcatus
1360 1799 1597 1854 initium
1648 1797 2017 1861 conferenda,

364 1907 492 1963 quas
523 1890 701 1945 tradit
732 1890 977 1945 Ruﬁnus
999 1889 1072 1960 (b)
1106 1890 1177 1943 de
1204 1891 1403 1960 pueris
1435 1889 1505 1943 ad
1540 1905 1701 1943 oram
1734 1887 1916 1942 maris
1946 1886 2018 1941 ab

363 1980 685 2036 Athanasio
717 1979 1051 2051 baptizatis.
1076 1978 1205 2033 llaec
1235 1978 1395 2033 illius
1424 1978 1601 2034 verba
1633 1996 1646 2033 :
1688 1998 1713 2029 ιι
1736 1978 2021 2047 Tempore

366 2086 483 2141 quo
512 2070 666 2140 apud
689 2067 1098 2124 Alexandriam
1119 2067 1271 2123 Petri
1295 2068 1568 2140 martyris
1599 2067 1751 2122 diem
1774 2065 2019 2121 Alexan-

365 2160 471 2215 der
498 2160 808 2231 episcopus
853 2158 1099 2231 agebat;
1135 2174 1269 2213 cum
1320 2162 1453 2229 post
1480 2156 1707 2228 expleta
1736 2154 2024 2211 solemnia

367 2252 758 2304 conventuros
776 2246 847 2301 ad
866 2245 1194 2301 convivium
1212 2263 1386 2301 suum
1407 2245 1647 2301 clericos
1666 2248 2025 2316 exspectaret

370 2337 430 2392 in
461 2336 585 2393 loco
618 2336 767 2391 mari
798 2336 1008 2400 vicino,
1042 2335 1194 2390 videt
1224 2335 1456 2391 eminus
1500 2351 1816 2406 puerorum
1850 2351 2026 2407 super

373 2442 533 2481 oram
567 2426 748 2481 maris
779 2425 1008 2495 ludum,
1041 2423 1423 2489 imitantium,
1457 2428 1523 2479 ut
1553 2424 1677 2479 ﬁeri
1710 2422 1873 2495 solet,
1910 2424 2026 2496 epi-

374 2532 640 2589 scOpum,
672 2518 849 2587 atque
896 2531 964 2569 ea
1000 2531 1128 2586 quae
1177 2514 1236 2568 in
1285 2512 1548 2570 ecclesiis
1580 2513 1702 2587 geri
1757 2530 1883 2569 mos
1914 2518 2024 2570 est.

371 2606 481 2661 Sed
515 2622 649 2661 cum
682 2604 967 2659 intentius
990 2604 1215 2659 diutine
1235 2620 1448 2675 pueros
1480 2603 1854 2676 inspectaret,
1872 2604 2029 2659 videt

373 2694 445 2749 ab
487 2693 560 2749 iis
608 2693 731 2765 geri
783 2693 1049 2765 quaedam
1100 2692 1278 2748 etiam
1312 2692 1619 2748 secretiora
1650 2697 1707 2748 et
1759 2693 2025 2764 mystica.

374 2784 778 2849 Perturbatus,
811 2781 964 2837 illico
1014 2784 1205 2837 vocari
1240 2783 1311 2838 ad
1345 2799 1407 2837 se
1455 2782 1696 2839 clericos
1716 2784 1905 2854 jubet,
1943 2786 2029 2838 at-

374 2872 586 2944 queeis
618 2870 759 2942 quid
792 2872 1022 2927 eminus
1054 2871 1182 2943 ipse
1202 2871 1423 2927 videret
1453 2871 1896 2928 ostendit.Tum
1930 2872 2029 2926 ab-

373 2960 457 3015 ire
501 2978 622 3029 eos,
657 2965 715 3015 et
762 2960 1216 3033 comprehensos
1248 2961 1319 3015 ad
1370 2976 1432 3015 se
1481 2961 1798 3032 perducere
1828 2976 2032 3016 omnes

374 3067 588 3123 pueros
621 3049 891 3121 imperat.
925 3050 1193 3121 Cumque
1227 3050 1518 3122 adessent,
1553 3050 1684 3122 quis
1715 3050 1800 3105 eis
1830 3050 2029 3121 ludus,

374 3143 433 3195 et
462 3138 601 3209 quid
636 3139 895 3211 egissent
924 3138 1013 3194 vel
1046 3140 1360 3210 quomodo,
1394 3144 1791 3212 percontatur.
1828 3139 1937 3205 Illi,
1973 3143 2037 3194 ut

376 3228 514 3284 talis
543 3229 721 3283 habet
750 3232 909 3295 tetas,
935 3228 1127 3300 pavidi
1160 3244 1371 3300 negare
1402 3229 1590 3300 primo
1625 3246 1637 3294 ;
1672 3229 1879 3283 deinde
1912 3245 2035 3283 rem

378 3320 606 3387 gestam
631 3332 733 3387 per
753 3317 1016 3371 ordinem
1037 3316 1392 3387 pandunt,et
1421 3316 1745 3387 baptizatos
1770 3334 1802 3371 a
1823 3333 1883 3371 se
1904 3332 2033 3371 esse
2064 3304 2107 3371 C

381 3404 671 3475 quosdam
687 3402 1138 3458 catechumenos
1156 3404 1471 3458 oonﬁtentu
1483 3422 1510 3458 r
1523 3403 2035 3476 perAthanasium,

383 3492 486 3563 qui
516 3491 641 3547 ludi
672 3491 833 3547 illius
864 3490 1128 3563 puerulis
1148 3492 1460 3563 episcopus
1489 3493 1676 3547 fuerat
1697 3491 2033 3547 simulatus.

383 3582 535 3636 Tum
570 3580 668 3635 ille
701 3580 1010 3652 diligenter
1052 3579 1355 3651 inquirens
1387 3580 1458 3635 ab
1508 3580 1601 3635 his
1634 3580 1733 3649 qui
1764 3580 2038 3652 baptizati

382 3668 904 3740 dicebantur,quid
938 3667 1277 3741 interrogati
1308 3669 1546 3735 fuerint,
1564 3669 1775 3740 quidve
1804 3686 2041 3742 respon~

381 3758 595 3823 derint,
630 3757 808 3813 simul
839 3761 896 3813 et
927 3758 998 3813 ab
1030 3774 1097 3813 eo
1129 3758 1227 3829 qui
1251 3758 1727 3829 interrogaverat,
1762 3758 1862 3814 ubi
1884 3760 2040 3814 videt

380 3848 709 3903 secundum
741 3846 1039 3917 religionis
1063 3851 1274 3903 nostra:
1306 3847 1484 3903 ritum
1508 3852 1718 3903 cuncta
1749 3852 2034 3918 constare,

378 3937 703 3993 collocutus
733 3953 867 3991 cum
916 3935 1162 3991 concilio
1216 3936 1581 4003 clericorum,
1615 3937 1891 3993 statuisse
1920 3942 2037 3993 tra-

379 4026 541 4082 ditur
570 4025 709 4093 illis,
738 4026 956 4098 quibus
988 4024 1232 4098 integris
1262 4024 1821 4099 interrogationibus
1854 4030 1912 4082 et
1942 4043 2036 4082 re-

377 4116 798 4188 sponsionibus
825 4132 978 4187 aqua
999 4114 1174 4170 fuerit
1202 4115 1420 4181 infusa,
1444 4115 1641 4171 iterari
1672 4116 2036 4188 baptismum

380 4220 496 4260 non
528 4204 757 4275 debere,
790 4204 891 4259 sed
940 4204 1245 4276 adimpleri
1276 4220 1345 4259 ea
1396 4222 1523 4276 quas
1553 4222 1587 4259 a
1634 4205 2037 4261 sacerdotibus

380 4307 510 4346 mos
541 4296 650 4356 est,
665 4291 1056 4347 Athanasium
1079 4308 1213 4347 vero
1237 4295 1414 4364 atque
1444 4310 1543 4348 eos
1570 4310 1718 4365 quos
1743 4292 1918 4350 ludus
1941 4294 2037 4351 ille

376 4378 468 4435 vel
500 4380 873 4453 presbyteros
918 4379 1131 4436 habere
1160 4381 1325 4436 visus
1374 4382 1563 4437 fuerat
1592 4382 1678 4437 vel
1711 4382 2035 4450 ministros,

379 4468 711 4525 convocatis
728 4470 1092 4541 parentibus,
1123 4471 1233 4526 sub
1264 4470 1367 4526 Dei
1386 4470 1776 4527 obtestatione
1796 4472 2040 4529 tradidit

378 4557 647 4615 Ecclesiae
666 4576 784 4616 suae
816 4558 1179 4616 nutriendos.
1195 4561 1377 4615 Parvo
1395 4566 1591 4617 autem
1614 4565 1729 4616 tem
1739 4577 2036 4633 pore,cum

378 4664 415 4705 a
444 4648 669 4705 notario
695 4649 922 4722 integre
939 4654 995 4704 et
1011 4666 1045 4705 a
1073 4650 1457 4723 grammatico
1480 4650 1837 4707 sufﬁcienter
1855 4651 2036 4707 Atha-

379 4739 583 4795 nasius
616 4739 824 4796 fuisset
854 4740 1198 4811 instructus,
1232 4740 1508 4796 continuo
1552 4745 1834 4812 tanquam
1866 4740 2035 4797 ﬁdele

380 4827 611 4884 Domini
643 4829 1144 4895 commendatum,
1169 4846 1203 4884 a
1233 4830 1574 4900 parentibus
1596 4830 1929 4887 restituitur
1946 4848 2035 4887 sa-

380 4918 620 4989 cerdoti,
654 4935 721 4974 ac
750 4918 909 4974 velut
930 4918 1166 4974 Samuel
1189 4918 1432 4990 quidam
1464 4919 1523 4974 in
1544 4918 1765 4992 templo
1798 4920 2032 4976 Domini

380 5006 657 5074 nutritur,
694 5010 749 5063 et
780 5008 852 5063 ab
884 5024 949 5063 eo
981 5012 1256 5079 pergente
1288 5009 1358 5063 ad
1412 5013 1615 5065 Patres
1645 5008 1705 5063 in
1738 5015 2035 5065 senectute

378 5096 553 5165 bona,
574 5097 646 5152 ad
679 5098 1029 5168 portandum
1052 5100 1185 5167 post
1202 5113 1263 5152 se
1289 5097 1478 5168 ephod
1510 5098 1868 5154 sacerdotale
1891 5099 2033 5155 deli-

377 5184 555 5258 gitur.
588 5206 616 5237 »
653 5186 866 5242 Subdit
897 5190 1093 5241 autem
1134 5186 1492 5243 Sozomenus
1519 5188 1612 5259 (ε),
1643 5187 2031 5244 Alexandrum

376 5279 581 5346 postea
611 5274 928 5333 Athanasio
959 5274 1161 5331 scriba:
1192 5280 1249 5331 et
1271 5276 1669 5333 'amanuensis
1699 5275 1823 5333 loco
1855 5294 2031 5335 usum

379 5363 584 5421 fuisse.

450 5612 527 5694 (ᾳ)
558 5611 766 5694 Epiph.
802 5610 1142 5694 haer._1,x1x;
1175 5614 1394 5672 Theod.
1427 5613 1530 5671 lib.
1565 5632 1604 5687 ι,
1636 5632 1763 5690 cap.
1793 5620 1846 5673 2.

450 5612 506 5685 (a
560 5612 766 5694 Epiph.
802 5612 939 5671 haer.
974 5631 1034 5670 Lx

448 5612 527 5829 Eb}
712 5702 755 5751 ι,
787 5687 1034 5815 capi714.

470 5772 499 5812 c
600 5773 617 5811 1
667 5800 680 5815 .
712 5774 777 5828 II,
810 5774 862 5816 ο.
970 5799 987 5817 .

667 5800 680 5815 Ι
712 5798 777 5828 II,
810 5798 862 5816 νο
898 5798 987 5817 δ’.

2111 632 2337 689 laborat
2360 632 2711 704 suspicione.
2737 630 2858 687 Etsi
2890 631 3044 685 enim
3070 646 3173 702 per
3202 627 3503 683 Athanasii
3532 632 3763 684 aetatem

2114 722 2356 778 minime
2390 726 2743 795 repugnaret
2771 721 3061 793 ejusmodi
3094 720 3283 785 lusus,
3311 720 3467 791 quod
3497 719 3657 776 haud
3684 719 3765 775 fa-

2114 812 2222 868 cile
2278 816 2474 868 tamen
2534 812 2888 867 concedatur
2951 812 3022 866 de
3088 809 3477 878 adolescente,
3538 808 3633 865 cui
3697 826 3768 865 ex

2116 902 2456 957 memoratis
2509 901 2780 973 superius
2818 900 2912 955 vix
2964 900 3163 956 minus
3214 898 3615 972 duodeviginti
3664 914 3765 953 an-

2117 1009 2328 1047 norum
2375 995 2503 1045 tum
2552 989 3039 1062 ascripserimus;
3092 1007 3207 1045 non
3256 990 3310 1045 is
3358 991 3482 1044 erat
3527 987 3768 1044 Alexan-

2118 1083 2239 1151 der,
2274 1080 2373 1151 qui
2418 1084 2538 1135 tam
2572 1079 2723 1135 seria
2770 1079 2829 1133 in
2880 1094 2941 1133 re
2969 1079 3176 1134 ludum
3226 1094 3539 1152 puerorum
3571 1081 3768 1133 ratum

2119 1171 2379 1227 haberet.

2193 1318 2362 1369 ANNO
2390 1329 2649 1367 cmcrran
2678 1312 2802 1367 315.
2835 1342 2904 1352 —-
2948 1313 3244 1367 Antonium
3291 1312 3407 1367 adit
3435 1312 3775 1369 Athanasius

2124 1435 2189 1444 —
2221 1401 2342 1458 Sub
2374 1402 2517 1468 haec,
2548 1401 2886 1469 Antonium,
2921 1418 3200 1473 magnum
3241 1400 3407 1457 illum
3441 1402 3777 1458 solitudinis

2124 1490 2430 1561 cultorem,
2480 1491 2649 1561 cujus
2692 1490 2815 1560 jam
2862 1489 3020 1543 fama
3070 1493 3195 1544 erat
3251 1489 3471 1561 ubique
3513 1488 3777 1545 locorum

2125 1584 2456 1653 pervagata,
2489 1578 2633 1635 adiit
2674 1577 3050 1634 Athanasius.
3082 1579 3153 1633 Et
3196 1577 3304 1633 viri
3356 1579 3589 1649 pietate,
3648 1578 3781 1634 vitae

2126 1686 2357 1743 genere,
2380 1668 2583 1724 innata
2611 1685 2717 1723 nec
2748 1667 2945 1724 studio
2968 1671 3135 1739 parta
3156 1666 3388 1723 dicendi
3420 1668 3474 1722 vi
3506 1684 3692 1739 usque
3712 1684 3780 1724 eo

2128 1758 2449 1815 delectatus
2480 1761 2569 1813 est
2600 1758 2771 1829 (d),ut
2800 1758 3094 1830 profectus
3116 1760 3172 1813 et
3191 1756 3580 1813 institutionis
3604 1774 3785 1813 causa

2131 1865 2245 1904 non
2287 1847 2516 1903 modico
2573 1852 2836 1919 tempore
2883 1863 3017 1902 cum
3067 1864 3132 1903 eo
3166 1846 3242 1902 sit
3285 1849 3572 1917 versatus,
3606 1850 3784 1918 atque

2050 1931 2096 1993 B
2128 1937 2388 1993 abluenti
2424 1954 2660 2003 manus,
2690 1942 2756 1993 ut
2786 1936 2927 1993 olim
2959 1936 3092 1993 Elia:
3124 1936 3392 2003 Elisaaus,
3426 1952 3639 2008 aquam
3672 1935 3782 1991 mi-

2130 2027 2425 2082 nistraret.
2485 2027 2694 2097 Hujus,
2740 2030 2805 2082 ut
2850 2030 3149 2099 putamus,
3192 2025 3531 2099 magisterio
3581 2029 3787 2081 ascetas

2129 2116 2307 2171 vitam
2348 2116 2498 2183 iniit,
2535 2120 2599 2171 ut
2644 2119 2822 2171 testes
2871 2114 3315 2188 locupletissimi
3370 2118 3509 2171 sunt
3536 2114 3788 2188 [Egyptii

2132 2204 2390 2277 episcopi
2422 2205 2479 2260 in
2530 2204 2776 2277 epistola
2810 2205 3086 2278 synodica
3114 2206 3203 2277 (e).
3238 2204 3455 2261 Exinde
3502 2221 3636 2261 vero
3665 2205 3789 2260 An-

2133 2293 2361 2350 tonium
2388 2295 2662 2366 frequens
2679 2293 2879 2350 invisit
2899 2294 3137 2366 quicum
3166 2311 3379 2368 magna
3402 2294 3515 2367 ipsi
3539 2294 3790 2351 societas

2135 2388 2190 2439 et
2222 2383 2589 2439 necessitudo
2616 2382 3032 2440 intercedebat.

2206 2546 2367 2599 Auva
2395 2560 2605 2600 ANNUM
2653 2544 2778 2600 319.
2811 2575 2882 2586 —
2911 2545 2963 2601 1.
2998 2544 3203 2601 Scribit
3243 2554 3438 2602 contra
3482 2548 3687 2617 gentes.
3724 2576 3794 2586 —-

2134 2632 2387 2689 Vixdum
2428 2632 2883 2690 adolescentiam
2932 2639 3403 2708 praetergressus,
3437 2635 3789 2707 Operationes

2136 2731 2325 2779 contra
2356 2726 2536 2791 gentes
2566 2722 2707 2789 edit,
2727 2727 2891 2779 tanta
2920 2724 3268 2795 eruditione,
3293 2728 3459 2780 tanta
3482 2723 3792 2797 elegantia,

2139 2816 2205 2867 ut
2233 2811 2380 2867 nihil
2413 2829 2610 2885 supra.
2645 2812 2853 2868 Mirere
2885 2830 3023 2868 sane
3056 2813 3115 2867 in
3140 2814 3356 2884 juvene
3387 2813 3591 2883 salem,
3629 2811 3796 2885 lepo-

2141 2917 2285 2972 rem,
2319 2901 2437 2957 vim
2485 2901 2838 2974 argumenti.
2874 2904 2935 2957 In
2982 2903 3175 2975 priore
3221 2901 3376 2959 salse
3426 2902 3575 2958 ridet
3606 2918 3673 2958 ac
3704 2919 3797 2959 re-

2141 2989 2346 3063 pudiat
2366 2990 2671 3063 gentilium
2697 2990 3011 3046 numinum
3044 2991 3270 3059 turbas,
3295 2991 3570 3064 profanos
3592 2992 3797 3048 obsce-

2142 3096 2366 3150 nosque
2423 3080 2572 3135 ritus
2623 3098 2636 3145 ;
2699 3080 2757 3135 in
2819 3080 3002 3136 altera
3055 3079 3270 3136 Christi
3329 3080 3796 3138 incarnationem

2144 3168 2455 3223 adversum
2504 3168 2738 3224 Judtnos
2788 3168 3039 3223 maxime
3090 3169 3452 3239 comprobat,
3484 3168 3679 3225 allatis
3732 3185 3803 3227 ex

2141 3256 2337 3311 Veteri
2386 3257 2760 3311 Testamento
2805 3255 3327 3328 Opportunioribus
3375 3258 3448 3312 ad
3498 3272 3627 3312 eam
3675 3275 3801 3315 rem

2146 3345 2312 3401 locis.
2340 3344 2601 3401 Necdum
2625 3344 2831 3400 oborta
2849 3344 3068 3399 Ariana
3098 3344 3302 3400 haeresi
3327 3344 3444 3400 haec
3469 3346 3805 3418 conscripta

2148 3434 2417 3487 videntur
2450 3451 2463 3488 :
2498 3450 2568 3488 ne
2592 3432 2679 3487 vel
2729 3432 2975 3488 minima
3003 3432 3161 3488 enim
3210 3433 3269 3487 in
3300 3432 3461 3489 hisce
3508 3433 3803 3504 ejusmodi

2149 3538 2414 3578 errorum
2440 3521 2679 3588 mentio,
2701 3521 2836 3578 licet
2859 3520 3196 3595 posterioris
3222 3521 3353 3577 libri
3386 3527 3803 3595 argumentum

2149 3616 2207 3667 et
2262 3612 2534 3667 materies
2588 3628 2653 3667 eo
2713 3611 3054 3683 scriptorem
3111 3609 3271 3666 velut
3322 3626 3353 3667 e
3404 3628 3465 3667 re
3515 3614 3653 3667 nata
3702 3612 3804 3669 de-

2148 3701 2402 3756 duceret.
2438 3700 2742 3771 Ejusmodi
2783 3716 2888 3755 ceu
2920 3698 3238 3771 praeludiis.
3283 3699 3499 3755 Christi
3530 3699 3805 3758 militiam

2149 3790 2453 3862 ingressus
2518 3789 2897 3858 Athanasius,
2957 3790 3030 3845 ad
3089 3788 3506 3862 periculosiora
3569 3794 3627 3846 et
3674 3790 3805 3863 jam

2147 3878 2519 3935 imminentia
2563 3878 2889 3934 certamina
2940 3878 3266 3935 adornabat
3317 3896 3463 3935 sese.
3500 3880 3654 3936 Inter
3680 3880 3806 3936 haec

2148 3968 2322 4023 etiam
2383 3968 2453 4024 ad
2512 3967 2647 4023 cleri
2697 3970 2917 4023 statum
2976 3971 3269 4034 evocatus,
3316 3968 3663 4041 cunctisque
3709 3986 3803 4025 ec-

2147 4056 2608 4113 clesiasticorum
2641 4057 2932 4129 graduum
2964 4056 3312 4113 muneribus
3342 4057 3705 4130 perfunctus,
3739 4056 3801 4114 in

2146 4146 2378 4202 diaconi
2431 4147 2694 4203 ordinem
2752 4150 3132 4218 promovetur
3186 4146 3258 4202 ab
3312 4146 3660 4217 Alexandro,
3714 4150 3800 4202 at-

2147 4252 2258 4306 que
2287 4235 2439 4291 inter
2490 4235 2811 4292 familiares
2858 4239 3258 4308 computatus,
3294 4235 3404 4308 ipsi
3456 4253 3490 4292 a
3538 4235 3799 4293 consiliis

2147 4324 2275 4380 fuit.

2216 4473 2271 4525 2.
2304 4469 2527 4525 Arianae
2574 4471 2835 4526 hwreseos
2881 4468 3190 4526 exordium.
3246 4499 3317 4511 -—
3374 4470 3605 4526 Arianae
3663 4486 3798 4527 vero

2149 4557 2437 4615 haereseos
2486 4558 2655 4614 initia
2700 4558 2757 4614 in
2793 4575 2965 4631 quem
3012 4558 3134 4614 sint
3178 4576 3400 4615 annum
3449 4559 3801 4616 conferenda

2066 4671 2113 4736 D
2146 4648 2633 4705 incertissimum.
2662 4648 3017 4705 Damnatum
3050 4652 3205 4704 certe
3236 4652 3465 4705 constat
3500 4649 3705 4705 Arium
3736 4649 3796 4705 in

2142 4737 2530 4795 Alexandrina
2569 4739 2791 4811 synodo
2822 4755 2975 4794 anno
3005 4738 3111 4793 320
3151 4737 3241 4793 vel
3270 4737 3636 4810 insequente,
3668 4739 3797 4812 ipso

2144 4832 2295 4885 teste
2324 4828 2646 4884 Athanasio
2678 4828 2779 4899 qui
2828 4828 2888 4883 in
2919 4826 3166 4899 epistola
3212 4828 3283 4884 ad
3315 4827 3614 4901 [Egyptios
3642 4845 3795 4885 anno

2142 4918 2248 4973 356
2277 4918 2434 4985 data,
2457 4917 2688 4990 elapsos
2718 4932 2845 4973 esse
2878 4916 3097 4973 indicat
3126 4916 3366 4991 triginta
3385 4933 3484 4973 sex
3514 4933 3698 4975 annos
3722 4919 3795 4974 ab

2143 5005 2487 5077 hujusmodi
2534 5007 2734 5063 habita
2786 5008 3025 5078 synodo.
3061 5010 3128 5062 Et
3170 5023 3307 5062 vero
3358 5022 3510 5062 anno
3548 5007 3647 5062 321
3681 5006 3797 5063 late

2144 5112 2246 5167 per
2296 5095 2629 5169 [Egyptium
2679 5096 2865 5151 effusa
2917 5100 2974 5151 et
3024 5099 3335 5168 pervagata
3390 5094 3628 5151 haeresis
3692 5094 3797 5152 illa

2141 5187 2301 5240 erat:
2328 5186 2482 5241 unde
2503 5186 2731 5257 aliquot
2748 5190 2882 5241 ante
2905 5202 3090 5241 annos
3113 5202 3248 5241 orsa
3266 5185 3794 5255 videatur,quando

2142 5275 2467 5346 praesertim
2528 5274 2893 5347 exploratum
2942 5279 3051 5342 est,
3115 5274 3510 5331 Alexandrum
3558 5275 3794 5332 nonnisi

2140 5367 2274 5435 post
2302 5364 2519 5422 multas
2546 5364 2665 5421 Arii
2694 5364 2763 5419 ad
2800 5379 3006 5420 sanam
3047 5368 3304 5421 mentem
3334 5363 3633 5422 reducenti
3665 5367 3795 5421 ten-

2232 5615 2288 5687 d)
2319 5616 2399 5687 In,
2420 5616 2539 5671 Vita
2560 5614 2788 5687 Antonii
2818 5612 2927 5669 sub
2958 5610 3217 5687 initium.

2232 5615 2288 5687 d)
2319 5616 2383 5670 In
2420 5616 2539 5671 Vita
2560 5615 2788 5669 Antonii
2818 5615 2927 5669 sub
2958 5615 3217 5669 initium.

2209 5615 2281 5760 is)
2312 5686 2526 5744 Athan.
2557 5685 2710 5759 Apol.
2742 5692 2938 5743 contra
2963 5683 3182 5755 Arium,
3214 5702 3272 5742 n.
3303 5685 3359 5742 6.
