4170 6432
368 450 494 509 ικιι

1801 441 2415 514 PROLEGOMENA.

364 581 518 637 tatas
547 577 694 650 vias,
728 576 1030 637 hominem
1062 595 1196 637 cum
1245 574 1596 652 sequacibus
1626 576 1853 636 feriisse
1883 598 2023 638 ana-
2054 591 2109 657 Α
2140 599 2353 640 nomen
2387 581 2565 656 dedit,
2600 582 2701 641 sed
2751 579 2822 639 ad
2854 578 3058 638 Arium
3090 594 3325 653 quoque
3369 577 3630 638 defecere
3658 596 3791 655 pre-

370 668 653 726 themate.

2136 673 2351 746 sbyteri
2404 674 2694 745 Carpones
2743 677 2801 728 et
2848 672 3165 737 Sarmates,
3201 671 3416 743 quibus
3469 675 3635 728 erant
3665 671 3790 727 duae

432 760 486 814 3.
517 760 683 816 Arius
707 760 1025 817 Alexandro
1047 761 1301 830 infestus.
1324 759 1444 814 Ariz
1466 759 2024 831 impietas.—Arium
2135 761 2291 818 intra
2365 762 2571 817 urbem
2647 761 2901 818 ecclesiae
2978 761 3331 816 commissae.
3396 761 3462 815 Hi
3534 762 3661 832 jam
3717 761 3791 817 oli

367 848 1193 922 igitur,cuieratexplanandae
1215 865 1390 904 sacrae
1405 849 1717 920 Scriptura;
1734 851 2026 918 provincia
2134 851 2461 907 Alexandro
2493 850 2686 906 infesti
2721 852 2808 921 (Π,
2840 851 2976 905 data
3005 850 3329 917 occasione,
3365 850 3436 905 ab
3463 849 3788 906 Alexandro

361 937 1008 1005 tradita,Alexandrinaa
1021 938 1178 994 sedis
1191 939 1540 1010 occupandae
1553 938 1736 994 libido
1771 939 2022 995 incesse-

2132 938 2350 1010 pariter
2396 942 2453 993 et
2504 955 2538 992 a
2584 955 2729 992 sana
2778 937 2892 992 ﬁde
2939 937 3261 993 deciscunt.
3304 937 3449 992 Cum
3507 937 3602 994 his
3649 937 3789 994 item

358 1030 470 1083 rat.
503 1029 688 1094 Quare
719 1043 853 1083 cum
875 1026 1168 1084 delectum
1190 1028 1249 1083 in
1281 1027 1607 1083 antistitem
1625 1027 2019 1085 Alexandrum
2127 1026 2402 1093 Achilles,
2453 1026 2708 1083 Ethales
2754 1031 2812 1081 et
2858 1026 3036 1082 Arius
3098 1026 3245 1083 alter
3283 1052 3298 1095 ;
3350 1027 3580 1082 diaconi
3629 1044 3785 1098 vero,

357 1115 557 1188 inique
589 1117 765 1172 ferret
810 1116 886 1188 (a)
917 1117 1170 1172 excubat
1200 1117 1258 1172 in
1310 1117 1646 1173 occasiones
1683 1118 2015 1185 turbarum,

355 1210 568 1277 etquae
621 1205 871 1261 crimina
899 1205 1021 1262 viro
1071 1207 1276 1262 offerat
1323 1205 1659 1261 meditatur.
1694 1206 1910 1262 Verum
1943 1207 2016 1263 iis

360 1298 485 1351 erat
541 1295 1170 1364 moribusAlexander,
1229 1299 1295 1350 ut
1355 1295 1553 1351 nullus
1621 1294 2016 1352 criminationi

354 1383 571 1453 aditus,
605 1382 807 1440 nullus
835 1390 990 1440 esset
1019 1385 1327 1440 calumniae
1382 1384 1544 1440 locus
1579 1403 1591 1439 :
1627 1385 2018 1441 sanctimonia

354 1473 572 1546 quippe
604 1473 761 1528 haud
821 1473 1021 1530 minus
1069 1491 1249 1546 quam
1298 1479 1598 1529 senectute
1643 1473 2014 1540 venerabilis,

351 1560 707 1633 eloquentia,
731 1562 1206 1630 mansuetudine,
1228 1561 1876 1629 liberalitate,omnium
1901 1563 2014 1617 sibi

353 1651 607 1723 gratiam
657 1651 1016 1707 conciliarat.
1051 1653 1159 1707 Sed
1191 1668 1257 1707 eo
1306 1652 1501 1707 acrius
1549 1651 1770 1706 invidia
1800 1652 2013 1723 erupit,

353 1755 472 1810 quo
517 1738 714 1795 minus
744 1739 856 1795 loci
905 1741 978 1795 ad
1009 1741 1456 1796 obtrectandum
1515 1740 1864 1796 inveniebat.
1898 1740 2013 1795 Ali-

355 1829 593 1902 quando
624 1829 784 1885 enim
805 1829 1128 1885 Alexandro
1152 1830 1279 1886 Filii
1301 1830 1602 1898 deitatem,
1629 1830 2016 1902 eamdemque

353 1918 548 1974 Patris
595 1923 654 1974 et
701 1917 827 1973 Filii
887 1919 1283 1974 substantiam
1332 1919 1707 1991 praedicante,
1752 1919 2017 1974 ferociter

353 2006 530 2063 Arius
568 2010 624 2062 et
671 2008 1044 2080 impudenter
1091 2024 1219 2064 eam
1269 2009 1595 2064 doctrinam
1646 2025 1749 2062 nec
1783 2024 2008 2076 sanam,

352 2111 460 2151 nec
489 2097 892 2169 apostolicam,
925 2098 1025 2153 sed
1056 2097 1446 2153 Sabellianam
1477 2114 1606 2154 esse
1636 2097 2007 2168 vociferatur,

353 2184 684 2257 Filiumque
713 2185 865 2241 inter
893 2186 1125 2258 opiﬁcia
1145 2191 1201 2242 et
1231 2204 1322 2243 res
1354 2191 1582 2242 creatas
1614 2204 1729 2241 non
1759 2192 2008 2243 aeternas

356 2275 925 2341 connumerandum,
958 2275 1068 2331 hoc
1098 2293 1243 2332 usus
1267 2280 1610 2349 argumento
1641 2276 1797 2346 (nam
1831 2275 2010 2332 diale-

350 2360 508 2418 cticae
557 2362 772 2434 peritia
801 2363 974 2419 exitio
1025 2365 1133 2419 fuit
1163 2364 1411 2435 homini)
1447 2382 1458 2420 :
1493 2365 1553 2420 Si
1595 2365 1763 2420 Pater
1808 2366 2011 2436 genuit

350 2449 583 2516 Filium,
617 2450 854 2507 initium
905 2451 1085 2508 habet
1129 2454 1446 2509 exsistendi
1488 2453 1588 2525 qui
1633 2453 1867 2525 genitus
1897 2459 2005 2521 est,

347 2544 403 2595 et
434 2540 544 2594 fuit
561 2545 791 2613 tempus
808 2558 942 2596 cum
979 2558 1093 2597 non
1124 2544 1491 2607 esset.Quam
1522 2543 1626 2597 viri
1652 2542 2006 2614 proterviam

347 2632 404 2684 et
451 2629 812 2702 impietatem
858 2630 1210 2699 Alexander,
1245 2637 1310 2686 ut
1357 2637 1481 2687 erat
1530 2631 1692 2687 mitis
1740 2635 1798 2687 et
1847 2631 2006 2702 pacis

347 2735 574 2786 amans,
608 2719 866 2791 primum
901 2719 1113 2777 leniter
1145 2721 1427 2794 coarguit,
1461 2724 1777 2792 monetque
1810 2738 1844 2775 a
1874 2736 2006 2792 pra-

344 2806 432 2863 vis
464 2808 836 2879 opinionibus
859 2811 1110 2866 absistat
1138 2827 1150 2866 :
1179 2815 1306 2866 tum
1335 2809 1648 2882 suamipse
1679 2808 2004 2865 doctrinam

347 2911 416 2952 ex
461 2897 646 2953 sacris
688 2897 921 2954 Litteris
973 2898 1267 2955 sinceram
1319 2900 1681 2971 comprobat,
1729 2899 2004 2953 Arianam

344 3002 478 3042 vero
528 2987 772 3059 impiam
824 2992 884 3043 et
943 2989 1383 3044 exsecrandam.
1436 2989 1517 3044 Ea
1563 3005 1734 3060 porro
1794 2987 2005 3043 lenitas

344 3075 483 3131 vitio
515 3092 682 3132 versa
712 3077 958 3132 antistiti
993 3077 1106 3133 fuit
1132 3095 1144 3133 :
1173 3077 1314 3146 imo,
1340 3077 1389 3133 si
1422 3078 1565 3134 ﬁdes
1587 3079 1907 3134 Sozomeno
1928 3076 2003 3148 (ὁ)

346 3169 452 3232 est,
487 3164 597 3221 sub
630 3165 863 3220 initium
896 3166 1301 3223 controversia:
1331 3166 1590 3222 haerebat
1618 3165 1712 3221 ille
1746 3165 2003 3221 incertus

345 3253 439 3308 cui
488 3253 682 3326 potius
730 3254 993 3326 opinioni
1052 3255 1357 3312 accederet
1411 3272 1423 3309 :
1485 3272 1612 3327 quae
1665 3271 1758 3310 res
1805 3258 2002 3310 tamen

2045 1967 2092 2032 B

2131 1116 2398 1185 Euzoius,
2433 1117 2674 1186 Lucius,
2703 1115 2920 1183 Julius,
2940 1116 3160 1187 Menas,
3181 1115 3482 1172 Helladius
3509 1120 3564 1171 et
3584 1116 3786 1184 Gaius;

2130 1205 2246 1261 imo
2277 1223 2410 1261 vero
2447 1206 2704 1278 episcopi
2755 1205 2872 1260 duo
2904 1205 3156 1277 turpiter
3204 1210 3261 1261 et
3289 1206 3558 1262 indecore
3588 1206 3660 1261 ad
3693 1222 3786 1262 eo-

2128 1311 2259 1350 rum
2291 1300 2484 1368 partes
2515 1295 2828 1361 deﬂuxere,
2862 1294 3167 1350 Secundus
3221 1294 3446 1350 scilicet
3473 1293 3780 1350 Ptolemai-

2127 1384 2239 1449 dis,
2271 1390 2327 1439 et
2356 1385 2627 1439 Theonas
2655 1383 3052 1439 Marmaricas.

2196 1476 2360 1528 ANNO
2391 1491 2651 1530 cmcrrsn
2679 1475 2805 1528 320.
2842 1505 2906 1514 —
2959 1473 3272 1528 Alexander
3301 1479 3472 1528 tentat
3525 1475 3720 1529 Arium
3753 1492 3788 1530 a

2123 1571 2294 1633 εςτεριο
2324 1579 2600 1618 revocare.
2636 1593 2702 1602 -—
2736 1561 2807 1616 Ut
2845 1561 3259 1618 animadvertit
3303 1562 3631 1616 Alexander
3663 1579 3785 1618 ma-

2125 1650 2249 1706 lum
2282 1668 2521 1706 manare
2543 1652 2600 1706 in
2633 1651 2758 1705 dies
2783 1650 3075 1716 latius,ne
3100 1649 3354 1705 ulterius
3385 1654 3779 1722 grassaretur,

2125 1739 2350 1794 litteras
2399 1740 2499 1794 dat
2547 1740 2618 1794 ad
2672 1739 2874 1794 Arium
2924 1743 2981 1794 et
3027 1739 3237 1809 socios,
3285 1745 3483 1794 monet
3532 1756 3567 1794 a
3615 1756 3789 1811 prave

2125 1829 2371 1902 inceptis
2439 1829 2746 1898 desistant,
2803 1828 3045 1900 impiam
3119 1828 3446 1883 doctrinam
3512 1844 3584 1883 ne
3633 1828 3788 1884 ultra

2123 1923 2420 1985 tueantur,
2480 1919 2579 1974 sed
2635 1935 2787 1973 sana:
2864 1916 3282 1988 catholicaaque
3356 1919 3781 1989 obtemperent.

2123 2008 2274 2062 Tum
2308 2006 2727 2062 Alexandrinos
2758 2006 2915 2076 cogit
2943 2011 2999 2061 et
3031 2007 3376 2062 Mareoticos
3410 2006 3781 2078 presbyteros

2122 2095 2516 2168 diaeonosque
2546 2114 2558 2151 :
2595 2099 2759 2168 rogat
2790 2095 2898 2150 sibi
2927 2095 3215 2151 sinceram
3249 2096 3424 2150 fidem
3457 2095 3784 2150 vindicanti

2123 2184 2310 2240 ferant
2339 2201 2530 2256 opem,
2565 2184 2891 2256 litterisque
2922 2185 3066 2250 suis,
3101 2185 3173 2239 ad
3204 2183 3406 2239 Arium
3438 2189 3496 2238 et
3526 2183 3781 2240 asseclas

2120 2275 2296 2340 datis,
2332 2274 2611 2345 suffragia
2654 2274 2985 2341 aseribant;
3019 2290 3184 2344 spem
3233 2289 3362 2328 esse
3405 2272 3588 2328 totius
3641 2272 3778 2328 cleri

2121 2363 2358 2419 monitis
2405 2363 2931 2435 obtemperaturos,
2966 2363 3065 2434 qui
3113 2361 3238 2417 suis
3268 2362 3553 2416 hactenus
3603 2363 3782 2417 obsti-

2118 2452 2348 2508 tissent.
2435 2452 2760 2507 Alexandro
2837 2467 3058 2506 morem
3155 2455 3368 2521 gerunt
3449 2451 3778 2523 presbyteri

2117 2558 2320 2597 omnes
2350 2547 2408 2597 et
2426 2541 2947 2612 diaconi,quorum
2970 2540 3264 2612 suffragiis
3303 2540 3540 2594 munitae
3559 2540 3767 2595 litterae

2116 2630 2348 2686 Arianis
2370 2631 2711 2686 ofleruntur.
2740 2631 2922 2686 Hasce
2961 2629 3069 2698 illi,
3097 2631 3315 2685 feroces
3356 2629 3628 2700 cupidine
3659 2647 3771 2684 co:-

2117 2719 2199 2792 pti
2232 2720 2600 2792 perﬁciundi,
2635 2719 2801 2774 nihili
2849 2721 3130 2786 fecerunt,
3165 2734 3355 2790 neque
3398 2719 3593 2774 minus
3634 2734 3770 2790 per—

2115 2810 2395 2865 stiterunt
2425 2809 2483 2863 in
2513 2808 2761 2881 pristina
2793 2809 3111 2881 impietate.

2184 2902 2348 2955 ANNO
2404 2900 2530 2954 321.
2575 2928 2643 2939 ——
2695 2901 2744 2953 1.
2794 2898 3103 2953 Alexander
3158 2898 3440 2968 synodum
3485 2900 3645 2970 cogit.
3706 2929 3771 2939 —

2113 2989 2308 3044 Sensit
2337 2989 2576 3044 demum
2625 2986 2953 3042 Alexander
2981 2985 3204 3042 nullam
3251 3003 3559 3058 superesse
3611 3003 3776 3058 spem

2115 3077 2554 3134 reconciliandae
2596 3076 2777 3148 pacis,
2811 3076 3044 3147 Ariique
3095 3076 3167 3130 ad
3201 3092 3412 3131 sanum
3465 3076 3774 3131 consilium

2116 3167 2451 3222 reducendi.
2512 3165 2902 3229 Quamobrem
2964 3166 3038 3236 (g)
3110 3164 3328 3220 coaetis
3386 3181 3455 3219 ex
3508 3165 3773 3238 Egypto,

2115 3255 2293 3328 Libya
2323 3261 2380 3310 et
2423 3253 2724 3326 Pentapoli
2753 3254 3044 3326 episcopis
3085 3270 3263 3326 prope
3309 3258 3568 3320 centum,
3604 3272 3775 3327 syno-

347 3342 700 3415 soriptorum
741 3344 1010 3400 omnium
1059 3343 1401 3400 testimonio
1453 3344 1795 3416 refragatur.
1829 3343 2007 3398 Addit
2036 3341 2078 3406 C
2117 3345 2259 3399 dum
2292 3343 2569 3410 celebrat,
2601 3343 2660 3398 in
2691 3360 2807 3414 qua
2836 3343 2907 3398 de
2935 3342 3054 3397 Arii
3094 3359 3274 3398 causa
3303 3346 3573 3414 ageretur
3601 3360 3773 3398 accu-

350 3429 776 3506 Philostorgius
824 3433 914 3505 (e),
963 3433 1370 3506 presbyterum
1420 3434 1736 3505 quemdam
1790 3448 2003 3504 cogno-

353 3524 550 3576 mento
580 3521 901 3590 Baucalim,
933 3520 1072 3594 quia
1120 3522 1179 3576 in
1210 3522 1383 3578 dorso
1431 3526 1628 3578 tumor
1674 3525 2004 3577 excreverat

351 3608 541 3664 instar
567 3610 689 3665 vasi
737 3610 997 3678 testacei,
1031 3611 1125 3666 cui
1173 3611 1448 3666 baucalas
1497 3626 1709 3665 nomen
1757 3608 2000 3665 Alexan-

351 3698 512 3764 driae,
585 3697 905 3754 simultatis
977 3699 1369 3755 Alexandrum
1435 3700 1588 3755 inter
1661 3702 1719 3753 et
1793 3698 1999 3752 Arium

351 3786 658 3843 materiam
709 3788 1214 3845 subministrasse.
1247 3789 1417 3845 Fides
1465 3788 1542 3844 sit
1571 3803 1749 3861 penes
1798 3793 2000 3842 aucto-

350 3892 474 3932 rem
483 3917 496 3931 .

421 3967 474 4022 4.
508 3967 675 4021 Arius
703 3965 1008 4022 doctrinam
1035 3969 1250 4038 spargit
1277 3983 1454 4022 suam.
1488 3997 1557 4007 -—-
1585 3965 1758 4021 Arius
1780 3968 2000 4031 autem,

348 4058 415 4111 ut
439 4055 777 4111 rudioribus
805 4056 1004 4112 fucum
1026 4057 1258 4122 faceret,
1282 4073 1350 4112 ex
1366 4056 1738 4129 antiquorum
1763 4055 1998 4110 Patrum

348 4145 588 4217 scriptis
609 4144 880 4200 nonnihil
905 4146 1267 4202 auctoritatis
1289 4146 1709 4219 dignitatisque
1731 4161 1850 4200 suae
1873 4161 2000 4200 sen-

344 4233 539 4289 tentiae
570 4235 776 4290 all‘erre
805 4234 1118 4303 nitebatur,
1155 4241 1371 4291 novata:
1404 4235 1678 4291 doctrinae
1711 4234 1996 4306 suspicio-

347 4339 482 4379 nem
533 4323 872 4392 declinans;
925 4329 990 4379 ut
1033 4324 1410 4397 simplicitate
1455 4325 1789 4394 verborum,
1830 4324 1996 4396 queis

345 4428 452 4484 per
471 4412 691 4486 ingenii
713 4413 1177 4470 imbecillitatem
1212 4431 1328 4470 non
1359 4413 1571 4471 licebat
1600 4431 1691 4469 res
1717 4413 1995 4470 subtilius

351 4503 699 4574 expendere,
731 4503 1008 4558 haustum
1040 4520 1330 4561 venenum
1361 4503 1696 4577 propinaret
1724 4503 1820 4576 (ά).
1845 4502 1993 4557 Tum

347 4590 520 4664 cmpit
549 4591 646 4647 ille
676 4608 900 4649 errores
931 4593 1146 4666 ubique
1194 4610 1487 4667 spargere,
1520 4593 1754 4649 vicatim
1787 4593 1993 4648 domos

346 4682 527 4751 adire,
559 4697 628 4737 ex
658 4681 902 4749 clericis,
926 4699 1075 4754 quos
1105 4685 1506 4740 novandarum
1538 4699 1732 4739 rerum
1763 4682 1993 4738 studio-
2027 4719 2072 4784 D

345 4787 443 4827 sos
483 4771 786 4843 comperit,
819 4772 932 4828 sibi
982 4772 1286 4842 asciscere,
1321 4771 1468 4828 alios
1517 4771 1778 4844 cujusvis
1809 4771 1997 4826 aetatis

348 4877 414 4916 ac
445 4860 798 4917 conditionis
829 4861 902 4916 ab
933 4861 1242 4918 Alexandri
1276 4863 1543 4935 partibus
1575 4862 1881 4917 abducere.
1919 4861 1997 4916 Ex

344 4949 638 5023 virginum
689 4950 887 5016 choro,
924 4951 1248 5023 Epiphanio
1296 4955 1446 5008 teste
1493 4951 1586 5023 (e),
1619 4949 1997 5023 septingenta:

347 5041 414 5094 ad
452 5039 571 5094 Arii
622 5044 818 5112 partes
871 5039 1209 5096 descivere:
1245 5040 1335 5096 cui
1388 5057 1491 5113 pro
1541 5045 1702 5096 tanto
1755 5055 2000 5094 numero

347 5128 441 5185 vix
471 5129 617 5185 fides
646 5128 950 5185 habeatur.
985 5129 1311 5185 Excitatum
1361 5129 1560 5201 itaque
1591 5130 1663 5184 ab
1711 5129 1844 5184 Ario
1876 5145 2002 5182 ma-

347 5217 469 5274 lum
503 5217 617 5274 late
647 5234 751 5291 per
779 5219 1114 5292 IEgyptum,
1137 5219 1490 5274 Thebaidem
1524 5223 1581 5273 et
1599 5217 1835 5290 Libyam
1869 5234 2003 5289 per-

346 5307 515 5364 vasit.
539 5309 738 5380 Neque
764 5309 924 5381 vulgi
957 5308 1149 5364 solum
1174 5307 1489 5363 multitudo
1512 5307 1774 5363 nascenti
1797 5306 2004 5362 haeresi

412 5451 490 5522 (a)
561 5449 878 5521 Theodor.,
928 5451 1031 5506 lib.
1094 5469 1134 5521 1,
1203 5467 1332 5524 cap.
1393 5455 1450 5520 2,
1508 5451 1687 5506 Haeret
1738 5449 1875 5520 fab.,
1945 5468 2003 5522 p.

339 5525 469 5580 232.

418 5595 495 5676 (1b.)
691 5610 732 5662 1,
765 5610 820 5665 p.
852 5595 978 5676 l126.

427 5664 492 5735 τ)
526 5664 652 5720 Lib.
688 5681 727 5736 1,
761 5664 820 5719 n.
853 5666 906 5720 4.

414 5667 495 5819 ἑά)
531 5735 710 5819 Bagil.
763 5739 1363 5819 agn-tranEunomiym,
1402 5753 1460 5810 p.
1511 5737 1581 5806 6;
1614 5737 1797 5803 Socr.,
1831 5734 1931 5793 lib.
1966 5755 2009 5812 ι,

340 5826 392 5868 c.
420 5801 553 5869 2'83
576 5801 917 5878 '1‘beoodet.,
948 5807 1054 5867 lib.
1088 5827 1126 5879 1,
1157 5825 1209 5867 c.
1239 5811 1296 5866 2.

2115 3434 2318 3491 ratius.
2375 3432 2559 3488 Acciti
2607 3431 2775 3504 impii
2824 3431 3116 3498 homines,
3149 3432 3338 3503 parati
3387 3432 3773 3504 meditatique

2109 3522 2372 3578 veniunt.
2432 3523 2512 3578 De
2576 3521 2843 3577 doctrina
2913 3521 3123 3593 rogati,
3182 3520 3472 3576 incertum
3553 3522 3775 3592 majore

2112 3614 2413 3686 impietate
2472 3630 2544 3668 an
2603 3611 2972 3683 impudentia
3035 3611 3210 3665 verba
3277 3610 3520 3665 fecerint
3593 3627 3605 3665 :
3679 3610 3772 3666 Dei

2111 3718 2366 3774 namque
2427 3702 2636 3757 Filium
2693 3718 2762 3755 ex
2822 3717 2935 3755 non
2982 3698 3348 3754 exstantibus
3411 3699 3629 3754 factum
3687 3701 3771 3754 at-

2111 3793 2434 3857 ﬁrmavere,
2465 3794 2749 3858 creatum,
2784 3789 2938 3844 Patri
2987 3787 3361 3854 dissimilem,
3395 3788 3764 3844 mutabilem.

2111 3880 2442 3937 Sciscitanti
2501 3879 2758 3948 cuidam,
2820 3895 2896 3933 an
2951 3877 3191 3950 perinde
3250 3875 3554 3932 mutabilis
3612 3883 3767 3934 esset

2110 3973 2287 4042 atque
2343 3967 2632 4035 diabolus,
2692 3967 3047 4040 respondent
3122 3970 3224 4021 aut
3283 3982 3451 4021 secus
3513 3965 3767 4021 mutabi-

2109 4057 2244 4115 lem.
2309 4062 2426 4114 Hac
2478 4058 2614 4112 data
2667 4073 2804 4112 voce
2863 4056 3211 4111 exborruere
3270 4058 3490 4123 Patres,
3555 4059 3764 4110 tantas-

2108 4164 2222 4220 que
2271 4147 2592 4220 impietatis
2637 4151 2926 4210 auctores,
2980 4143 3142 4200 nulla
3186 4143 3530 4215 interposita
3578 4161 3764 4210 mora,

2106 4255 2224 4293 uno
2255 4237 2518 4292 omnium
2551 4234 2794 4300 calculo,
2830 4235 3116 4289 damnant
3145 4233 3561 4304 abdicantque.

2175 4330 2230 4382 2.
2282 4327 2438 4383 Multi
2488 4326 2569 4381 ad
2620 4327 2824 4380 .Jrz'um
2882 4324 3203 4380 desciscunt.
3237 4354 3305 4363 —
3352 4323 3562 4379 Verum
3609 4327 3767 4380 tanto

2104 4417 2328 4474 vulneri
2362 4416 2621 4472 curando
2655 4415 2847 4485 impar
2875 4414 2986 4468 iuit
3007 4412 3354 4469 remedium.
3385 4413 3559 4468 Arius
3580 4412 3759 4482 enim,

2104 4507 2291 4564 multo
2323 4505 2619 4561 ardentior
2637 4503 3047 4576 perturbandae
3066 4502 3146 4558 rei
3177 4501 3586 4558 ecclesiasticae
3610 4500 3770 4574 cupi-

2103 4596 2306 4662 ditate,
2340 4593 2596 4650 asseclas
2635 4593 3002 4659 conﬁrmare,
3035 4608 3213 4648 novos
3267 4591 3382 4647 sibi
3414 4591 3473 4646 in
3505 4591 3631 4647 dies
3661 4608 3769 4646 sua

2105 4701 2467 4756 suorumque
2515 4699 2691 4755 opera
2741 4682 3044 4738 asciscere.
3089 4683 3237 4737 Tum
3287 4681 3495 4754 ingens
3549 4681 3658 4735 fuit
3711 4681 3770 4736 in

2105 4776 2359 4832 Mareote
2405 4771 2648 4828 defectio
2683 4789 2696 4826 :
2731 4771 2946 4828 Chares
2977 4771 3132 4827 enim
3180 4776 3238 4827 et
3267 4771 3485 4837 Pistus,
3517 4770 3765 4842 presby-

2105 4865 2215 4922 teri
2262 4882 2274 4920 :
2324 4862 2628 4934 Serapion,
2661 4861 3034 4929 Parammon,
3064 4861 3333 4918 Zosimus
3381 4866 3439 4917 et
3490 4861 3772 4930 Irenaaus,

2107 4954 2358 5019 diaconi,
2391 4952 2622 5008 Arianis
2669 4967 2882 5006 nomen
2932 4952 3162 5007 dedere.
3194 4950 3367 5007 Arius
3399 4955 3617 5019 autem,
3651 4966 3770 5022 quo

2111 5045 2343 5101 faellius
2381 5046 2546 5115 gesta
2575 5042 2725 5096 tueri
2777 5039 2995 5108 liceret,
3026 5041 3316 5096 vindicem
3347 5045 3404 5096 et
3455 5045 3770 5106 patronum

2110 5133 2222 5190 sibi
2253 5129 2524 5188 conciliat
2573 5129 2909 5197 Eusebium,
2945 5129 3182 5201 quicum
3210 5135 3378 5186 vetus
3427 5129 3539 5185 sibi
3571 5143 3770 5185 neces-

2112 5223 2308 5280 situdo
2363 5221 2812 5291 studiorumque
2861 5219 3110 5275 societas
3153 5219 3548 5276 intercedebat
3597 5236 3610 5274 :
3663 5217 3765 5289 qui

2111 5313 2400 5369 Eusebius
2444 5310 2636 5366 audax
2677 5308 2853 5365 homo
2879 5308 2982 5380 (ἡ),
3014 5309 3306 5366 honorum
3356 5307 3630 5381 cupidine
3660 5307 3770 5362 ﬂa-

2206 5455 2254 5528 e)
2285 5457 2428 5528 Hart.
2462 5469 2612 5528 Lx1_x.

2210 5521 2255 5599 Γ)
2286 5526 2472 5599 Epist.
2503 5521 2836 5599 Alexandri,
2859 5540 2929 5599 _n.
2960 5527 3014 5578 2.

2209 5591 2262 5670 ῤ’)
2321 5591 2502 5670 Epist.
2562 5593 2897 5662 Alexandri,
2956 5612 3014 5650 n.
3077 5596 3129 5666 1,
3175 5597 3213 5649 2
3261 5615 3275 5665 ς
3327 5594 3513 5665 Socr.,
3563 5591 3667 5649 lib.
3727 5610 3770 5659 1,

2117 5688 2168 5728 θ’
2187 5673 2267 5815 (ἶ)
2299 5739 2478 5814 Epist.
2511 5737 2845 5808 Alexandri,
2877 5755 2936 5795 η.
