4170 6386
1680 446 1865 515 VITA
1916 451 1983 514 S.
2029 444 2488 513 ATHANASII.

3648 462 3799 510 LXIII

375 591 574 656 graus,
610 580 809 641 relicto
839 601 1026 659 nuper
1047 586 1342 659 Berytensi
1365 585 1722 660 episcopatu,
1757 586 2027 645 Nicome-
2055 586 2112 651 Α
2141 581 2200 637 in
2260 582 2483 638 Arianae
2542 586 2709 640 sectaa
2760 583 2962 639 exortu
3019 583 3321 655 gestarum
3393 580 3661 639 ordinem
3727 601 3797 641 ex

375 673 641 729 diensem
690 674 1002 743 invaserat,
1052 677 1205 748 quod
1259 676 1647 749 episcopalem
1681 677 2025 749 dignitatem

377 763 683 818 metiretur
704 764 1090 836 amplitudine
1115 765 1433 821 civitatum.
1459 768 1647 821 Inerat
1667 767 1754 823 vis
1785 765 2026 838 ingenii,

377 868 481 907 nec
512 852 823 909 mediocris
871 854 1203 927 principum
1251 856 1458 928 gratia,
1493 873 1628 911 cum
1662 860 1784 911 arte
1815 859 1871 911 et
1900 855 2026 910 offi-

377 940 619 1009 cio,tum
653 942 1006 998 Constantia}
1063 944 1428 999 Constantini
1478 945 1696 1001 sororis
1744 944 2027 1000 afﬁnitate

377 1034 562 1101 parta.
595 1035 803 1086 Parem
824 1032 1021 1087 studio
1044 1037 1101 1088 et
1124 1033 1383 1089 consiliis
1418 1034 1716 1090 hominem
1750 1051 1814 1090 eo
1838 1034 2027 1089 liben-

376 1118 495 1175 tius
525 1119 585 1173 in
618 1120 925 1175 arctiorem
959 1122 1278 1178 amicitiam
1341 1124 1572 1196 recepit,
1614 1141 1729 1195 quo
1762 1123 1938 1179 altius
1969 1123 2028 1177 in

380 1208 550 1263 corde
623 1209 872 1263 deﬁxam
904 1211 1139 1266 tenebat
1168 1213 1434 1267 eamdem
1488 1212 1640 1269 circa
1687 1212 1786 1267 Dei
1816 1211 2030 1266 Filium

379 1295 761 1368 impietatem.
791 1301 977 1363 Quare
1001 1300 1212 1356 litteris
1243 1301 1461 1373 ubique
1492 1302 1712 1372 missis,
1741 1301 2031 1374 episcopis

381 1401 483 1457 per
510 1387 739 1442 diversa
793 1387 918 1443 loca
970 1394 1172 1445 auctor
1227 1396 1334 1459 est,
1370 1395 1435 1445 ut
1462 1391 1581 1446 Arii
1621 1392 2032 1463 sociorumque

380 1475 705 1530 doctrinam
737 1480 791 1531 et
827 1477 975 1532 facta
1022 1484 1432 1551 propugnant:
1468 1480 1782 1536 Alexandri
1813 1482 2032 1537 invidia

380 1563 460 1618 ait
482 1564 859 1621 immerentes
892 1565 1094 1637 pulsos
1126 1568 1383 1623 Ecclesia
1409 1569 1612 1625 fuisse.
1649 1574 1845 1625 Exstat
1875 1572 2029 1643 apud

377 1652 761 1709 Athanasiam
820 1655 896 1725 (α)
954 1656 1213 1727 epistola:
1260 1658 1492 1712 Eusebii
1542 1659 1612 1714 ad
1660 1660 1863 1715 Arium
1927 1662 2033 1715 fra-

379 1748 707 1813 gmentum,
768 1760 881 1815 quo
914 1744 1068 1800 clare
1099 1747 1554 1818 deprehenditur
1588 1748 1695 1803 viri
1725 1749 2029 1821 impietas:

383 1853 411 1882 «
442 1832 589 1887 Cum
620 1838 770 1888 recte
801 1834 1041 1899 sentias,
1076 1834 1290 1906 inquit,
1344 1854 1577 1908 precare
1623 1842 1688 1892 ut
1718 1856 1923 1894 omnes
1954 1840 2034 1894 ita

380 1921 655 1975 sentiant.
691 1922 889 1977 Palam
921 1923 1079 1978 enim
1139 1925 1414 1981 omnibus
1472 1932 1579 1994 est,
1627 1929 1781 1999 quod
1815 1929 2031 1984 factum

379 2013 485 2079 est,
521 2027 636 2065 non
687 2012 981 2067 exstitisse
1037 2017 1350 2085 antequam
1384 2016 1548 2071 ﬁeret
1582 2034 1594 2084 ;
1646 2018 1801 2088 quod
1835 2022 2031 2073 autem

382 2099 601 2153 factum
660 2105 767 2170 est,
815 2102 1132 2157 exsistendi
1185 2102 1419 2159 initium
1471 2104 1665 2163 habet.
1714 2129 1740 2155 ››
1790 2107 2034 2162 Litteras

379 2186 519 2242 item
552 2187 827 2260 frequens
876 2191 1058 2246 mittit
1090 2193 1161 2246 ad
1195 2192 1616 2263 Alexandrum,
1675 2213 1921 2253 monens
1946 2207 2032 2268 ut,

382 2293 717 2349 compressa
747 2278 1085 2349 hujusmodi
1130 2283 1470 2353 quaestione,
1530 2284 1731 2339 Arium
1765 2286 2039 2343 admittat

384 2366 454 2421 ad
485 2367 982 2423 communionem.
1043 2369 1321 2440 Epistolis
1354 2376 1553 2427 autem
1586 2373 1738 2429 ultro
1771 2375 2036 2447 citroque

383 2471 450 2510 ea
478 2456 548 2510 de
580 2472 759 2511 causa
782 2457 982 2512 missis
1014 2458 1329 2525 factum,ut
1358 2463 1773 2533 controversia,
1806 2464 2037 2536 zEgypti

382 2544 668 2600 hactenus
725 2545 1016 2601 limitibus
1067 2547 1534 2621 circumscripta,
1585 2568 1685 2622 per
1743 2552 2036 2609 Orientem

379 2649 559 2705 prope
592 2638 781 2690 totum
837 2641 1122 2691 manaret.
1170 2638 1316 2693 Hinc
1364 2639 1521 2707 rixae,
1556 2641 2034 2714 disceptationes,

380 2721 632 2789 invidize,
658 2723 795 2791 ira);
829 2724 961 2780 aliis
993 2726 1074 2780 rei
1106 2726 1436 2799 insolentia,
1470 2728 1601 2785 aliis
1634 2732 1882 2786 novandi
1914 2736 2037 2788 stu-

380 2811 475 2866 dio
506 2811 831 2868 concitatis.

453 2902 507 2955 3.
540 2900 850 2957 Alexandri
880 2903 1077 2959 litterae
1125 2905 1191 2960 de
1238 2907 1581 2965 Arianzsmo.
1616 2940 1684 2949 ——
1712 2910 2039 2966 Alexander

380 3006 539 3058 vero,
573 2990 674 3061 qui
724 2992 1019 3048 damnatis
1068 3012 1101 3049 a
1156 2997 1379 3067 synodo
1431 3003 1599 3053 secta:
1649 2999 2037 3072 principibus,

382 3078 627 3133 fractam
678 3079 971 3148 haeresim,
1022 3087 1078 3138 et
1123 3101 1521 3156 compressam
1576 3088 1693 3143 fore
1740 3090 2036 3161 sperabat,

383 3171 725 3222 caeterarum
760 3169 1066 3241 regionum
1115 3172 1403 3245 episcopis
1436 3174 1614 3231 latere
1644 3178 1916 3249 cupiebat
1946 3195 2038 3234 res

384 3255 445 3309 in
478 3259 714 3328 [Egypto
749 3262 966 3330 gestas,
1001 3264 1065 3315 ut
1094 3277 1165 3315 ne
1209 3262 1484 3334 vulgatus
1515 3281 1676 3318 error
1706 3266 1884 3322 latius
1917 3283 2038 3322 ser-

2137 671 2255 726 Arii
2286 673 2770 728 condemnatione
2802 677 2860 728 et
2920 689 2988 728 ex
3033 670 3283 744 epistola
3312 670 3629 728 Alexandri
3664 689 3791 729 mu-

2136 762 2283 816 tuati
2344 779 2570 832 sumus,
2634 779 2749 834 quo
2806 765 3001 833 pateat
3058 764 3280 833 quanta
3336 777 3405 815 ex
3435 760 3787 818 brevissimo

2138 848 2418 919 opusculo
2446 850 2620 905 rebus
2642 854 2777 906 ante
2792 851 3110 906 admodum
3137 848 3451 918 implicatis
3476 849 3576 905 lux
3592 867 3792 906 acces-

2138 938 2300 995 serit.

2210 1028 2262 1081 4.
2291 1027 2400 1083 Alii
2449 1029 2581 1083 Aria
2628 1026 2890 1099 adjunctz'.
2941 1060 3010 1067 ——
3057 1028 3267 1083 Praeter
3303 1033 3792 1085 commemoratos

2141 1117 2512 1189 superius,ad
2534 1117 2735 1171 Arium
2769 1116 2963 1171 deficit
2981 1117 3327 1173 Ammonius
3341 1117 3605 1189 quidam,
3639 1118 3795 1175 inter

2144 1206 2492 1262 Arianorum
2548 1206 2841 1279 principes
2897 1206 3105 1261 exinde
3162 1211 3669 1264 connumeratus:
3728 1225 3796 1264 ex

2142 1295 2321 1367 Lybia
2368 1300 2563 1351 autem
2612 1294 2888 1361 Sisinius,
2939 1298 2996 1350 et
3026 1296 3196 1352 Seras
3226 1296 3547 1369 presbyter,
3583 1297 3795 1353 Eusta-

2140 1384 2301 1439 thius
2333 1384 2510 1439 etiam
2543 1383 2743 1439 multis
2774 1388 2905 1455 post
2944 1383 3115 1440 annis
3142 1385 3199 1439 in
3255 1386 3640 1442 Sebastenum
3672 1388 3794 1459 epi-

2142 1490 2387 1545 scopum
2419 1478 2746 1546 c00ptatus,
2799 1490 2865 1527 ac
2904 1472 3118 1528 Basilio
3176 1473 3637 1532 infensissimus.
3674 1475 3796 1531 Arii

2144 1562 2407 1617 doctrina
2428 1563 2498 1617 ab
2531 1561 2925 1618 adolescentia
2955 1562 3162 1618 imbuti
3192 1568 3332 1618 sunt
3352 1564 3492 1619 item
3523 1564 3799 1621 Ursacius

2144 1655 2200 1707 et
2228 1651 2441 1707 Valens
2472 1670 2482 1707 :
2519 1651 2619 1723 qui
2650 1651 2857 1707 exinde
2911 1652 3072 1707 fuere
3115 1653 3340 1707 Arianae
3373 1658 3541 1708 secta:
3594 1654 3798 1727 primi-

2144 1740 2379 1813 pilares,
2405 1741 2840 1813 Athanasioque
2869 1758 2983 1797 non
3015 1741 3192 1797 semel
3229 1741 3544 1813 perniciem
3577 1744 3798 1800 machi-

2146 1829 2267 1884 nati
2295 1836 2435 1885 sunt
2460 1830 2549 1901 (ε).

2216 1920 2382 1973 ANNO
2431 1936 2684 1975 cmcrrsa
2744 1921 2867 1975 322.
2920 1951 2989 1961 —
3035 1921 3086 1975 1.
3144 1920 3386 1976 Collulhi
3437 1921 3686 1993 defectio.
3734 1952 3802 1964 -

2143 2007 2301 2062 Inter
2353 2007 2475 2062 haec
2523 2007 2803 2064 intestina
2861 2008 3034 2075 mala,
3092 2026 3239 2064 novo
3290 2008 3534 2065 dissidio
3590 2009 3804 2066 misere

2144 2096 2425 2151 distracta
2446 2097 2649 2152 civitas
2670 2096 3059 2153 Alexandrina
3078 2102 3166 2153 est
3188 2097 3610 2171 (d).Colluthus
3642 2099 3803 2155 enim

2143 2185 2466 2258 presbyter,
2503 2187 2554 2241 is
2581 2187 2725 2258 ipse,
2760 2191 2825 2241 ut
2855 2188 3235 2254 arbitramur,
3293 2188 3392 2260 qui
3453 2188 3513 2243 in
3548 2188 3801 2245 Arianos

2146 2276 2305 2347 prior
2354 2276 2702 2349 suffragium
2758 2276 3013 2349 scripsit,
3064 2280 3296 2349 arrepta
3342 2293 3411 2332 ex
3470 2278 3807 2334 conditione

2146 2365 2430 2436 temporis
2477 2365 2805 2433 occasione,
2859 2383 3007 2422 ausu
3060 2367 3371 2423 temerario
3421 2371 3597 2438 atque
3644 2367 3803 2424 inso-

2146 2453 2309 2522 lenti,
2343 2455 2646 2526 presbyter
2674 2472 2809 2510 eum
2843 2459 2997 2511 esset
3028 2460 3277 2524 tantum,
3303 2457 3397 2527 ius
3428 2456 3538 2512 sibi
3570 2473 3804 2529 arroga-

2146 2542 2245 2598 bat
2275 2543 2822 2600 constituendorum
2875 2546 3266 2613 sacerdotum,
3314 2546 3469 2617 quod
3502 2546 3802 2618 episcopo-

2147 2648 2279 2687 rum
2312 2633 2594 2688 duntaxat
2624 2651 2841 2689 munus
2874 2637 2979 2690 est.
3012 2634 3229 2690 Nactus
3263 2639 3460 2691 autem
3486 2638 3802 2691 sectatores

2148 2737 2265 2776 non
2296 2739 2538 2793 paucos,
2569 2722 2881 2778 Alexandri
2912 2740 3041 2779 sese
3089 2723 3334 2796 imperio
3356 2724 3657 2795 subduxit,
3683 2729 3739 2780 et
3770 2742 3804 2781 a

2148 2814 2298 2867 ccetu
2332 2810 2765 2867 Catholicorum
2795 2818 3004 2885 suopte
3053 2817 3215 2868 motu
3247 2817 3305 2867 et
3334 2812 3576 2869 consilio
3607 2829 3802 2885 segre-

2148 2904 2341 2972 gatus,
2376 2901 2648 2973 despecto
2681 2901 2973 2974 pontiﬁcis
2996 2906 3165 2971 nutu,
3198 2919 3338 2958 suas
3371 2901 3482 2958 sibi
3520 2903 3806 2974 regendas

2148 2989 2436 3046 Ecclesias
2484 2990 2779 3063 ascripsit.
2832 2990 3033 3047 Ariani
3078 3009 3233 3059 vero,
3284 2992 3383 3064 qui
3435 2992 3699 3047 nondum
3744 2992 3804 3047 in

2148 3077 2300 3133 hanc
2349 3084 2738 3151 proruperant
2802 3079 3132 3147 audaciam,
3199 3080 3445 3136 Colluthi
3517 3080 3803 3154 exemplo,

2149 3166 2430 3232 ecclesiis,
2481 3186 2585 3223 seu
2630 3169 2846 3240 potius,
2899 3172 2964 3223 ut
3017 3168 3100 3223 ait
3128 3168 3473 3235 Alexander,
3506 3169 3805 3242 speluncis

2147 3255 2444 3312 latronum
2494 3258 2606 3312 sibi
2658 3256 3029 3323 constructis,
3069 3258 3196 3327 jam
3246 3258 3561 3330 separatim
3623 3262 3804 3315 coetus

384 3347 547 3413 peret
577 3344 673 3414 (ὁ).
708 3345 779 3399 Ut
810 3351 1004 3401 autem
1035 3348 1179 3403 vidit
1208 3350 1611 3421 ingravescere
1659 3353 1717 3407 in
1768 3354 1892 3409 dies
1950 3355 2036 3409 in-
2069 3339 2110 3404 C
2151 3361 2320 3416 agere
2351 3350 2667 3417 coeperunt.
2730 3347 2882 3401 Tum
2949 3345 3033 3400 illi
3105 3349 3274 3401 nocte
3340 3345 3550 3417 dieque
3579 3346 3805 3403 calum-

385 3431 668 3487 testinum
693 3434 1048 3499 malum,nec
1070 3439 1324 3493 externis
1347 3438 1617 3495 hostibus
1639 3442 1835 3499 minus
1860 3460 2037 3513 quam

383 3519 725 3577 domesticis
753 3521 1202 3580 Alexandrinam
1238 3527 1552 3583 Ecclesiam
1585 3527 1851 3586 laborare
1877 3550 1889 3598 ;
1913 3532 2037 3603 epi-

384 3607 537 3662 stola
567 3608 723 3675 data,
756 3610 1045 3684 episcopis
1078 3631 1181 3685 per
1225 3616 1425 3671 orbem
1488 3618 1763 3674 omnibus
1792 3620 2039 3676 Alexan-

383 3695 568 3749 drinae
624 3699 833 3768 synodi
894 3705 1019 3755 acta
1066 3704 1383 3771 renuntiat,
1452 3712 1741 3763 memorat
1812 3710 1933 3765 Arii
1985 3716 2041 3765 et

384 3787 739 3840 sectatorum
768 3788 897 3857 ejus
927 3788 1276 3861 blasphema
1306 3794 1617 3867 dicta,quaa
1650 3799 1779 3853 ausi
1812 3801 2043 3854 fuerant

383 3872 444 3926 in
478 3877 626 3929 cmtu
660 3874 895 3931 Patrum
928 3878 1186 3948 proferre
1234 3898 1299 3935 ac
1332 3899 1738 3955 propugnare:
1773 3893 1939 3960 rogat
1969 3904 2042 3944 ne

385 3962 577 4034 magis
615 3965 864 4020 Eusebio
922 3968 1201 4025 adversus
1256 3970 1550 4028 Christum
1617 3975 1744 4045 jam
1812 3978 2039 4048 pridem

387 4051 660 4107 sentienti
692 4059 748 4109 ct
803 4055 1230 4115 ecclesiasticas
1276 4060 1431 4133 leges
1481 4079 1585 4134 pro
1628 4063 1871 4122 libidine
1916 4068 2039 4123 vio-

382 4136 529 4194 lanti
562 4158 785 4197 morem
837 4152 1062 4217 gerant,
1121 4164 1298 4219 quam
1350 4153 1434 4205 tot
1480 4150 1790 4225 episcopis,
1824 4158 2040 4226 quibus

385 4227 613 4284 sincera
645 4247 813 4287 mens
868 4232 1181 4302 inesset,ac
1212 4252 1357 4292 verae
1406 4240 1537 4295 fidei
1569 4242 1852 4298 studium.
1888 4246 2036 4302 Tum

384 4320 449 4371 ut
479 4319 668 4389 major
691 4319 901 4378 litteris
923 4322 1067 4380 ﬁdes
1090 4329 1263 4394 esset,
1295 4326 1658 4386 Alexandria;
1687 4336 1745 4387 et
1772 4333 2037 4391 Mareotae

383 4404 604 4462 clerum
664 4427 871 4466 rursus
927 4417 1146 4486 evocat,
1180 4414 1382 4471 laudat
1420 4419 1662 4489 probum
1700 4422 2033 4494 consilium,

381 4495 767 4570 animumque
798 4501 926 4572 paci
976 4506 1033 4558 et
1074 4505 1393 4560 concordiae
1454 4508 1742 4577 additum,
1777 4520 2036 4572 monete

376 4599 440 4639 re
464 4584 606 4651 fore,
640 4591 706 4642 ut
734 4589 993 4660 epistolae
1024 4593 1301 4649 omnibus
1334 4595 1551 4667 ubique
1603 4597 1863 4655 locorum
1913 4603 2033 4674 epi-

2150 3433 2264 3489 niis
2320 3434 2380 3489 in
2433 3434 2749 3491 Ecclesiam
2800 3436 3145 3508 spargendis
3193 3435 3529 3507 advigilare,
3601 3437 3807 3493 turbas

2150 3524 2312 3591 dare,
2343 3524 2659 3581 seditiones
2688 3542 2938 3595 movere,
2980 3524 3295 3581 mulierum
3334 3524 3518 3581 virilis
3549 3526 3807 3583 audaciae

2152 3629 2347 3685 opera,
2436 3614 2649 3686 probos
2682 3614 2953 3687 frugique
3005 3614 3159 3669 viros
3216 3615 3276 3669 in
3336 3615 3451 3685 ius,
3506 3613 3567 3669 in
3616 3615 3808 3673 forum

2150 3718 2375 3771 vocare,
2405 3704 2616 3775 probro
2665 3709 2843 3775 atque
2885 3704 3129 3759 infamia
3167 3702 3499 3759 universam
3531 3720 3809 3778 consper-

2151 3808 2286 3864 gere
2334 3792 2675 3850 Ecclesiam.
2735 3793 2881 3849 Hinc
2934 3793 3248 3861 tumultus,
3309 3794 3807 3861 concursationes,

2151 3882 2417 3953 dissidia,
2452 3883 2605 3953 rixa,
2630 3884 2909 3951 virorum,
2938 3882 3278 3950 mulierum,
3311 3882 3758 3955 juvencularum
3794 3903 3807 3941 :

2150 3988 2278 4043 quae
2310 3972 2563 4044 turpiter
2590 3978 2647 4027 et
2694 3973 2963 4028 indecore
3008 3976 3174 4045 gesta
3221 3971 3644 4029 cachinnorum
3679 3990 3808 4028 ma-

2152 4062 2322 4117 teries
2374 4062 2531 4117 fuere
2580 4061 2923 4133 gentilibus,
2981 4063 3197 4134 quibus
3245 4062 3453 4117 fabulae
3499 4079 3811 4135 argumen-

2148 4155 2275 4207 tum
2310 4151 2511 4207 isthaec
2542 4156 2708 4206 erant
2760 4152 2820 4205 in
2866 4151 3061 4207 scenis
3092 4150 3367 4223 ludisque
3398 4150 3669 4223 publicis,
3704 4152 3807 4208 ubi

2150 4240 2427 4313 mysteria
2456 4240 2797 4297 Christianae
2828 4240 3126 4314 religionis
3172 4239 3399 4297 traduci
3431 4245 3489 4295 et
3518 4240 3694 4297 rideri
3723 4242 3808 4297 vi-

2149 4330 2286 4386 dere
2316 4334 2459 4386 erat.

2216 4421 2270 4473 2.
2304 4419 2471 4475 Arias
2528 4419 2805 4491 demigrat
2852 4421 2911 4475 in
2960 4420 3347 4475 Palaestinam.
3395 4448 3465 4460 —
3515 4418 3635 4475 Sub
3681 4418 3805 4477 hinc

2146 4508 2341 4577 Arius,
2375 4508 2603 4565 Achilla
2631 4509 2861 4573 comite,
2885 4509 3173 4580 demigrat
3201 4507 3262 4563 in
3294 4506 3685 4564 Palaestinam.
3720 4509 3805 4566 Ne

2146 4601 2346 4669 posset
2373 4596 2529 4653 enim
2560 4597 2925 4653 Alexandriae
2955 4596 3177 4652 diutius
3209 4596 3548 4665 consistere,
3572 4597 3807 4654 vetabat

376 4674 898 4772 scopis-mittendas
946 4681 1167 4737 addant
1208 4683 1507 4756 suffragia,
1540 4702 1765 4743 necnon
1798 4689 2033 4749 abdica-
2065 4708 2111 4772 Β
2146 4686 2459 4742 Alexandri
2483 4686 2815 4743 sollicitudo
2873 4686 2935 4741 in
2964 4686 3227 4741 fovendis
3269 4687 3444 4741 rebus
3476 4684 3800 4759 catholicis,

375 4763 589 4818 cationi
617 4766 989 4837 Arianorum,
1040 4772 1217 4827 etiam
1268 4789 1492 4845 eorum,
1539 4776 1638 4847 qui
1694 4783 1825 4849 post
1852 4779 2032 4837 latam

375 4854 729 4911 sententiam
762 4858 1165 4916 descivissent.
1202 4862 1526 4935 Presbyteri
1580 4865 1759 4937 igitur
1787 4870 2031 4926 Alexan-

376 4939 530 4995 drini
562 4948 1003 5020 septemdecim,
1035 4949 1189 5006 inter
1220 4968 1367 5023 quos
1400 4953 1623 5024 primas
1654 4958 1811 5012 tenet
1840 4957 2030 5014 Collu-

373 5028 513 5085 thus
538 5048 551 5099 ;
586 5032 814 5090 diaconi
838 5042 1090 5108 quatuor
1114 5044 1171 5095 et
1191 5041 1480 5113 viginti,in
1506 5060 1752 5114 quorum
1786 5063 2029 5105 numero

375 5118 492 5174 duo
534 5130 875 5194 comparent
896 5127 1554 5201 Athanasii,eorumque
1576 5131 1856 5189 alteruter
1886 5136 1935 5191 is
1957 5139 2029 5193 de

373 5223 489 5279 quo
521 5210 754 5282 agimus
785 5219 895 5282 est,
944 5216 1086 5273 item
1125 5236 1194 5273 ex
1233 5219 1487 5274 Mareote
1542 5222 1866 5294 presbyteri
1919 5243 2029 5283 no-

369 5299 715 5371 vemdecim,
750 5303 979 5361 diaconi
1010 5307 1239 5379 viginti,
1273 5308 1522 5365 antistiti
1556 5310 2027 5384 obtemperantes

369 5386 625 5459 epistola
675 5393 956 5466 suffragia
1015 5398 1337 5454 ascribunt.
1388 5398 1555 5455 Hunc
1602 5417 1775 5472 porro
1827 5421 2024 5462 rerum

438 5566 518 5721 Ea;
546 5568 717 5652 Epist.
749 5574 828 5629 De
854 5576 1101 5647 synodis,
1133 5594 1192 5632 n.
1228 5578 1314 5633 17.

465 5641 494 5720 lg
548 5640 734 5714 Epist.
801 5646 1141 5718 Alexandri,
1209 5667 1267 5705 n.

548 5640 734 5714 Epist.
801 5640 1141 5718 Alexandri,
1209 5667 1267 5705 n.
1343 5652 1388 5719 1,
1457 5653 1515 5705 et
1580 5650 1640 5707 in
1707 5654 2018 5714 condemn.

435 5781 507 5857 (ε)
532 5784 666 5844 Ath.
738 5790 841 5864 Ep.
913 5793 1190 5869 encyclic,
1258 5795 1331 5853 ad
1398 5792 1602 5868 episc.,
1673 5814 1733 5855 n.
1773 5799 1843 5871 7;
1878 5798 2020 5860 Hie-

2143 4779 2201 4831 et
2227 4775 2562 4832 coercendis
2594 4776 3008 4832 seditiosorum
3030 4774 3359 4831 conatibus.
3394 4773 3458 4830 In
3492 4773 3803 4831 Palastina

2142 4865 2324 4937 igitur
2357 4866 2726 4937 aliquantum
2759 4870 3048 4934 moratus,
3089 4881 3204 4920 non
3236 4864 3548 4919 immemor
3576 4868 3798 4921 vetera-

2140 4955 2301 5010 toriae
2356 4955 2522 5022 artis,
2573 4955 2855 5011 ementita
2903 4955 3137 5027 pietatis
3168 4953 3361 5026 specie
3391 4953 3800 5026 episcoporum

2142 5044 2395 5117 regionis
2416 5044 2665 5116 gratiam
2696 5044 2845 5101 inire
2867 5046 3132 5101 tentabat
3156 5061 3169 5100 :
3194 5048 3250 5099 et
3280 5059 3394 5115 qua
3425 5042 3623 5098 aditus
3645 5047 3802 5099 esset

2140 5134 2477 5202 observans,
2511 5133 2721 5191 litteris
2752 5139 2811 5190 et
2863 5134 3169 5206 colloquiis
3218 5132 3533 5205 praasulum
3567 5131 3799 5188 animos

2137 5224 2561 5295 experiebatur,
2594 5239 2798 5295 pacem
2831 5223 2994 5279 aiens
3034 5228 3090 5278 et
3121 5221 3494 5278 concordiam
3525 5220 3796 5276 Ecclesiae

2136 5312 2295 5368 cordi
2327 5311 2440 5367 sibi
2485 5329 2718 5384 semper
2766 5312 2964 5380 fuisse,
3016 5311 3117 5367 sed
3151 5310 3329 5366 livore
3359 5310 3672 5366 Alexandri
3707 5327 3796 5367 se-

2136 5419 2252 5475 que
2282 5419 2540 5473 suosque
2572 5401 2765 5458 solum
2790 5406 3010 5459 vertere
3040 5399 3635 5458 coactos.Doctrinam
3662 5415 3795 5456 vero

2135 5599 2286 5649 ron.,
2345 5579 2555 5652 Dialog.
2601 5583 2794 5638 contra
2849 5578 3282 5649 Luciferianos;
3348 5574 3548 5646 Basil.,
3619 5571 3792 5644 epist.

2129 5656 2282 5796 74ξά)
2311 5722 2679 5793 Theodoret.,
2738 5722 2838 5780 lib.
2876 5740 2914 5792 ι,
2947 5737 2997 5776 c.
3032 5722 3102 5789 li;
3156 5719 3374 5777 Athan.
3417 5716 3570 5790 Apol.
3601 5714 3793 5774 contra

2128 5800 2350 5869 Arium,
2381 5811 2441 5853 n.
2472 5796 2564 5853 7e.
