4170 6382
376 405 519 457 LXIV

1781 401 2396 469 PROLEGOMENA.

376 546 547 588 suam
565 545 682 588 non
705 548 824 606 qua
856 531 1080 591 ratione
1118 530 1472 592 Alexandriae
1495 534 1812 610 evulgarat,
1847 554 2021 609 expo-
2055 540 2110 604 Α
2140 541 2461 611 reciperent
2516 537 2744 605 Arium,
2790 537 2888 594 alii
2933 553 3003 595 ex
3049 553 3244 595 rerum
3298 540 3595 610 gestarum
3627 535 3791 611 igno-

377 619 534 688 suit;
567 622 670 676 sed
723 622 1066 695 blasphema
1101 624 1254 679 dicta
1288 625 1498 696 partim
1549 625 1781 681 silentio
1815 631 2026 697 tegere,

378 710 593 782 partim
626 711 836 766 fucatis
867 713 1057 768 verbis
1090 712 1332 769 delinire
1380 716 1704 786 satagebat,
1738 732 1852 786 quo
1885 714 2026 770 late-

377 802 466 854 ret
496 799 810 871 impietatis
861 801 1040 856 virus.
1071 802 1172 857 HIS
1221 802 1317 858 ille
1357 804 1603 874 artibus,
1638 804 1748 859 hac
1778 804 2024 870 vafritie,

377 905 495 944 non
560 906 797 961 paucos,
875 906 979 946 nec
1046 891 1333 963 ignobiles
1409 893 1714 964 episcopos
1755 892 2030 948 conciliat

377 976 488 1032 sibi
507 977 602 1048 (a),
637 977 945 1034 Paulinum
974 996 1184 1052 nempe
1215 982 1803 1054 Tyrium,Eusebium
1837 981 2026 1036 Czesa-

375 1067 649 1132 riensem,
683 1084 870 1139 neque
903 1068 982 1124 ita
1010 1069 1194 1124 multo
1246 1075 1377 1142 post
1424 1071 1786 1126 Theodotum
1822 1070 2025 1126 Laodi-

374 1156 999 1224 cenum,Athanasium
1022 1160 1514 1228 Anazarbensem,
1549 1160 1888 1232 Gregorium
1922 1165 2023 1215 Be-

375 1248 690 1316 rytensem,
725 1245 953 1301 Aetium
1000 1245 1495 1318 Diospolitanum.
1531 1248 1643 1302 Nec
1675 1248 1907 1301 defuere
1939 1254 2022 1301 ta-

373 1349 510 1389 men
543 1335 762 1405 quibus
792 1335 968 1390 Arius
998 1335 1174 1390 verba
1227 1337 1365 1391 dare
1397 1354 1508 1391 non
1541 1337 1747 1407 potuit.
1784 1336 1827 1391 li
1859 1342 2026 1392 erant

371 1439 562 1489 senes,
593 1424 701 1479 viri
731 1439 958 1496 graves,
1021 1441 1206 1496 neque
1258 1425 1634 1482 novatoribus
1687 1426 2022 1497 opportuni,

371 1512 472 1584 qui
505 1516 797 1584 praecauta
821 1513 875 1566 vi
908 1513 1234 1584 ingruentis
1293 1513 1453 1584 mali,
1501 1520 1782 1570 curarunt
1813 1519 1876 1568 ut
1906 1531 2021 1570 non

371 1601 544 1655 modo
577 1600 819 1667 sibi,sed
852 1616 922 1656 ne
957 1602 1109 1658 notis
1155 1602 1326 1658 etiam
1359 1604 1572 1658 damno
1607 1604 1751 1658 foret
1782 1604 2022 1675 pestife-

368 1706 569 1744 rorum
597 1688 905 1745 hominum
938 1691 1152 1747 aditus.
1185 1692 1326 1748 Tres
1371 1692 1776 1764 hujuscemodi
1808 1708 2024 1747 memo-

369 1783 575 1834 rantur
606 1779 679 1834 ab
728 1779 864 1835 Ario
914 1780 972 1835 in
1005 1780 1253 1854 epistola
1304 1783 1374 1837 ad
1406 1781 1722 1837 Eusebium
1755 1781 2023 1836 Nicome-

367 1867 659 1933 diensem,
683 1867 1058 1941 Philogonius
1087 1870 1507 1938 Antiochenus,
1540 1871 1830 1926 Macarius
1857 1871 2019 1925 Jero-

367 1957 781 2031 solymitanus,
814 1963 871 2014 et
908 1958 1246 2016 Hellanicus
1297 1961 1712 2033 Tripolitanus,
1747 1976 1894 2031 quos
1924 1959 2021 2014 ille

367 2047 644 2103 conviciis
669 2046 988 2104 insectatur
1017 2053 1072 2103 et
1094 2049 1453 2105 maledictis:
1485 2049 1630 2104 alios
1661 2054 1882 2116 contra,
1918 2048 2019 2120 qui

362 2153 599 2208 operam
623 2135 734 2192 sibi
764 2137 1227 2206 commodarent,
1272 2138 1361 2194 vel
1394 2139 1793 2206 immerentes,
1829 2137 2018 2192 laudi-

361 2226 471 2281 bus
504 2226 573 2280 ad
607 2226 819 2281 ccelum
853 2226 1023 2282 tollit.
1085 2227 1226 2282 Eam
1285 2228 1595 2300 epistolam
1647 2245 1749 2298 per
1777 2235 2016 2282 Ammo-

360 2314 549 2382 nium,
582 2333 757 2387 quem
789 2315 1028 2372 honoris
1059 2333 1238 2372 causa
1269 2316 1501 2372 Patrem
1535 2315 1632 2371 ille
1665 2333 1837 2371 suum
1870 2315 2016 2370 dicit

359 2419 494 2459 cum
528 2405 730 2461 eodem
763 2405 969 2460 itinere
1017 2405 1368 2461 Alexandria
1416 2406 1472 2460 in
1520 2405 1850 2477 Bithyniam
1885 2421 2016 2476 pro-

360 2498 612 2565 peraret,
639 2493 801 2549 misit
829 2494 1080 2550 Eusebio
1129 2493 1582 2561 Nicomediensi,
1639 2510 1814 2566 quem
1856 2509 2017 2548 com-

359 2581 539 2655 pellat
567 2581 739 2638 titulo
770 2584 881 2638 viri
923 2584 1040 2649 Dei,
1091 2588 1148 2638 et
1196 2583 1336 2656 ﬁdei
1375 2583 1694 2653 defensoris,
1735 2586 2017 2654 vocatque

357 2669 1012 2743 Collucianistam,quia
1041 2673 1245 2728 eodem
1277 2673 1556 2744 magistro
1583 2671 1832 2726 Luciano
1856 2687 2016 2725 mar-

358 2764 483 2833 tyre
506 2759 836 2833 disciplinis
857 2760 1228 2816 addiscendis
1249 2762 1421 2816 ambo
1442 2760 2014 2832 dedissentoperam.

358 2849 430 2904 Et
451 2865 584 2904 vero
616 2865 683 2903 ex
718 2849 955 2904 Luciani
987 2849 1292 2923 discipulis
1324 2867 1439 2906 non
1469 2849 1637 2922 pauci
1662 2850 1733 2905 ad
1767 2849 2017 2905 Arianos

360 2937 976 2995 descivere.Eusebius
1007 2956 1161 3008 vero,
1195 2940 1451 3012 ﬂagrans
1478 2938 1751 3012 cupidine
1783 2955 2016 3010 promo-

358 3029 559 3082 venda:
592 3031 760 3082 sectze
795 3028 884 3083 cui
922 3045 1132 3084 nomen
1183 3029 1458 3097 dedisset,
1503 3046 1607 3101 par
1635 3029 1694 3084 in
1726 3029 1859 3084 aliis
1891 3034 2016 3084 stu-

362 3114 528 3170 dium
554 3116 892 3187 expetebat:
916 3121 1288 3173 cunctantem
1313 3122 1370 3174 et
1398 3134 1544 3190 pene
1576 3118 1862 3174 incertum
1886 3135 2016 3174 con-

357 3203 476 3260 silii
508 3219 753 3260 cernens
785 3204 1098 3262 Paulinum
1128 3207 1389 3280 Tyrium,
1413 3208 1616 3264 missis
1650 3207 1858 3264 litteris
1889 3225 2014 3263 car-

2051 1913 2098 1977 Β

2140 629 2363 695 rantia;
2402 646 2534 700 pars
2589 630 2718 700 ejus
2776 629 2847 684 ad
2909 646 3112 684 sanam
3175 633 3429 684 mentem
3486 626 3793 683 revocandi

2138 718 2356 785 studio,
2408 718 2720 774 admisisse
2768 718 2996 774 virum:
3043 719 3279 772 demum
3317 716 3604 783 nonnulli,
3638 717 3793 788 quod

2136 809 2334 860 essent
2363 805 2499 859 Ario
2525 805 2851 877 impensius
2875 804 3394 871 addicti,simulata
3417 804 3626 860 mutati
3657 822 3793 860 con-

2137 894 2252 950 silii
2283 894 2450 966 signa
2481 895 2790 950 dederunt.

2208 985 2260 1037 4.
2292 984 2452 1037 Arius
2500 983 2876 1038 Nicomediam
2920 985 3076 1054 petit.
3131 983 3361 1038 Initium
3387 983 3503 1038 odii
3553 983 3795 1038 Ariano-

2137 1089 2262 1126 rum
2300 1074 2359 1126 in
2426 1074 2815 1127 Athanasium.
2886 1103 2953 1112 —
2994 1073 3117 1126 Non
3188 1072 3403 1126 frustra
3459 1073 3604 1126 datae
3658 1078 3799 1128 sunt

2135 1161 2445 1216 Alexandri
2505 1161 2708 1217 littera:
2767 1161 2884 1232 (tt):
2937 1161 3113 1215 Arius
3160 1161 3339 1226 enim,
3389 1178 3522 1215 cum
3572 1161 3794 1217 multos

2133 1251 2541 1323 episcoporum
2590 1267 2783 1306 errore
2833 1249 3078 1322 pristino
3129 1249 3349 1305 levatos
3395 1255 3672 1319 cerneret,
3726 1267 3794 1305 ac

2133 1339 2227 1393 vix
2270 1339 2572 1412 quidpiam
2608 1339 2716 1394 loci
2751 1340 3053 1394 residuum
3089 1338 3200 1393 sibi
3233 1355 3356 1393 esse
3387 1338 3604 1393 videret
3636 1339 3791 1411 apud

2135 1428 2754 1500 Palaestinos,quorum
2788 1428 3045 1483 maxima
3072 1444 3206 1500 pars
3240 1427 3538 1482 hominem
3573 1429 3794 1484 finibus

2134 1516 2372 1589 pulsum
2406 1517 2530 1572 suis
2559 1517 3012 1589 exoptabant,ad
3037 1516 3354 1571 Eusebium
3389 1515 3792 1572 Nicomedien-

2133 1622 2256 1662 sem
2276 1624 2337 1662 se
2351 1606 2895 1678 propripuit,neque
2915 1605 3108 1660 dubiae
3131 1620 3318 1676 neque
3341 1605 3636 1660 nascentis
3660 1606 3794 1661 fidei

2133 1695 2410 1750 amicum.
2436 1700 2502 1750 Et
2532 1712 2665 1750 vero
2698 1694 2794 1749 ille
2828 1694 2952 1748 Arii
2986 1695 3240 1748 reditum
3273 1692 3687 1748 Alexandriam
3721 1694 3794 1750 ab

2132 1783 2483 1848 Alexandro,
2517 1783 2717 1839 missis
2752 1782 2981 1849 litteris,
3040 1783 3352 1855 impetrare
3395 1780 3639 1850 nititur;
3693 1798 3793 1838 cu-

2133 1878 2336 1944 ratque
2366 1873 2515 1927 inter
2546 1873 2751 1927 ambos
2799 1889 3000 1944 pacem
3052 1877 3108 1926 et
3147 1870 3580 1927 communionis
3612 1873 3793 1928 socie-

2131 1967 2309 2016 tatem
2343 1961 2756 2032 redintegrare.
2778 1967 2852 2015 At
2881 1961 3081 2016 induci
3115 1977 3227 2014 non
3253 1959 3440 2031 potuit
3463 1959 3791 2015 Alexander

2131 2055 2196 2104 ut
2227 2050 2372 2105 tanti
2407 2049 2690 2104 artificem
2725 2049 3139 2114 mali,necdum
3174 2053 3485 2120 pertarsum
3517 2065 3582 2102 ac
3618 2049 3795 2121 paeni-

2129 2144 2345 2194 tentem
2380 2140 2688 2208 factorum,
2725 2139 2782 2192 in
2843 2139 3158 2211 pristinum
3203 2136 3395 2192 locum
3431 2137 3788 2192 restitueret.

2128 2229 2266 2284 Erat
2295 2245 2360 2283 eo
2390 2232 2653 2300 tempore
2685 2227 3042 2282 Athanasius
3083 2234 3280 2281 noster
3309 2226 3584 2297 episcopo
3616 2227 3789 2282 fami-

2128 2317 2484 2372 liarissimus
2503 2335 2515 2383 ;
2532 2317 2631 2388 qui
2652 2333 2786 2371 cum
2801 2317 2872 2371 ad
2889 2315 3232 2386 hujusmodi
3259 2313 3409 2369 bella
3427 2314 3791 2372 conficienda

2128 2406 2323 2462 divino
2353 2407 2610 2478 quodam
2662 2405 2904 2461 consilio
2937 2411 3114 2460 natus
3159 2421 3285 2458 esse
3318 2403 3630 2473 videretur,
3658 2405 3786 2474 jam

2128 2511 2262 2550 cum
2293 2493 2565 2566 episcopo
2597 2511 2724 2561 suo,
2759 2494 3234 2566 conspirantibus
3265 2492 3504 2559 animis,
3539 2493 3786 2547 arcendo

2127 2584 2532 2639 haereticorum
2567 2583 2812 2656 impetui
2861 2584 3040 2638 dabat
3088 2599 3344 2652 operam.
3379 2581 3493 2636 Nec
3526 2581 3786 2652 fugiebat

2129 2673 2377 2728 Arianos
2408 2673 2799 2728 Athanasium
2830 2691 2864 2728 a
2893 2672 3155 2728 consiliis
3204 2670 3552 2739 Alexandro,
3587 2675 3783 2724 aucto-

2127 2778 2368 2833 remque
2397 2779 2525 2817 esse
2556 2762 2806 2833 negandi
2858 2763 2995 2817 Ario
3043 2762 3238 2816 aditus
3276 2762 3372 2829 (e).
3408 2761 3595 2822 Quare
3626 2776 3785 2814 acer-

2127 2850 2276 2904 rimo
2308 2851 2366 2904 in
2395 2866 2529 2906 eum
2563 2851 2696 2905 odio
2753 2850 2998 2918 incensi,
3052 2849 3323 2905 exsilium
3380 2853 3581 2921 postea
3613 2852 3789 2920 atque

2127 2939 2444 3010 perniciem
2478 2940 2589 3011 ipsi
2624 2957 2739 2995 non
2773 2939 2950 2995 semel
2985 2937 3302 2994 machinati
3334 2942 3494 2992 sunt.

2198 3035 2366 3083 ANNO
2396 3045 2654 3084 cmcxcan
2701 3030 2825 3084 323.
2861 3059 2929 3070 -—
2979 3030 3028 3084 1.
3081 3029 3242 3082 Arius
3291 3036 3342 3082 et
3394 3027 3610 3082 assectze
3659 3028 3780 3082 mit-

2125 3121 2247 3172 tunt
2285 3117 2356 3172 ad
2385 3118 2759 3173 Alexandrum
2804 3119 3030 3174 litteras.
3083 3119 3296 3172 ΤιιΑιιι
3361 3118 3502 3171 Arii.
3539 3145 3606 3156 —
3637 3119 3786 3171 Dum

2123 3206 2471 3261 Nicomedia:
2505 3224 2637 3262 cum
2667 3207 2918 3263 Eusebio
2949 3207 3070 3278 agit
3099 3206 3296 3271 Arius,
3338 3221 3471 3260 cum
3525 3221 3628 3276 per
3656 3205 3786 3275 ejus

356 3293 443 3365 pit
471 3293 571 3364 (ὁ),
599 3294 828 3350 animos
861 3294 1089 3366 facit,ut
1118 3313 1239 3351 rem
1281 3297 1584 3352 ardentius
1631 3297 2012 3370 aggrediatur
2041 3285 2084 3352 C
2122 3297 2372 3368 gratiam
2420 3302 2477 3352 et
2520 3296 2911 3368 patrocinium
2962 3295 3181 3360 liceret,
3212 3293 3507 3351 erroribus
3537 3293 3783 3350 liberius

355 3386 571 3438 monet.
605 3381 710 3438 Cui
729 3383 950 3456 gesisse
971 3401 1190 3440 morem
1215 3384 1493 3442 Paulinus
1514 3401 1582 3442 ex
1602 3385 1676 3440 iis
1708 3404 1835 3459 quae
1867 3390 2007 3442 sunt

351 3475 664 3527 consecuta
691 3472 1165 3544 deprehenditur.

423 3560 474 3614 3.
510 3559 667 3615 Gesta
695 3561 1000 3616 Alexandri
1053 3571 1246 3618 contra
1293 3563 1511 3619 Arium.
1563 3595 1628 3605 —
1668 3564 2005 3620 Secundum

351 3646 472 3704 hac
503 3647 848 3716 Alexander,
896 3667 1030 3706 cum
1089 3668 1322 3707 rumore
1372 3654 1577 3708 nuntio
1624 3653 2010 3725 comperisset

353 3736 550 3792 nullas
579 3754 696 3793 non
721 3737 1150 3805 fraudes,nulla
1176 3757 1291 3796 non
1324 3742 1570 3797 artiﬁcia
1599 3742 1803 3797 Arium
1837 3741 2008 3797 adhi-

351 3823 488 3881 bere
512 3846 527 3888 ;
553 3827 840 3883 excubare
873 3827 932 3883 in
956 3827 1080 3883 dies
1111 3829 1183 3884 ad
1217 3846 1422 3885 omnes
1452 3830 1665 3886 erroris
1696 3828 2009 3903 spargendi

353 3913 716 3983 occasiones,
751 3916 1069 3988 praesulum
1116 3923 1523 3974 extraneorum
1555 3919 1727 3974 ﬁdem
1766 3924 2007 3985 tentare,

355 4008 589 4076 captare
638 4004 1126 4075 benevolentiam,
1169 4007 1296 4078 jam
1343 4007 1563 4062 multos
1614 4025 1744 4064 esse
1793 4013 1924 4064 astu
1955 4013 2012 4063 et

356 4092 492 4148 dolo
523 4093 780 4148 hominis
813 4094 1278 4151 circumventos:
1314 4101 1377 4151 ut
1406 4099 1698 4168 grassanti
1737 4097 1891 4152 malo
1921 4114 2011 4153 oc-

358 4187 636 4254 curreret,
670 4182 947 4255 epistolas
979 4183 1140 4239 misit
1183 4186 1253 4240 ad
1287 4187 1610 4257 permultos
1642 4187 1860 4258 ubique
1890 4191 2010 4242 ter-

356 4287 556 4326 rarum
589 4271 912 4344 episcopos,
949 4289 1096 4344 quas
1126 4273 1210 4328 ait
1239 4274 1602 4346 Epiphanius
1630 4276 1699 4346 (c)
1729 4276 1800 4330 ad
1833 4293 2008 4330 suum

356 4376 545 4432 usque
575 4364 812 4434 tempus
844 4361 1242 4419 studiosorum
1287 4379 1429 4418 cura
1458 4370 1808 4430 asservatas,
1841 4369 1905 4420 ut
1935 4365 2007 4421 iis

354 4465 448 4505 res
491 4449 574 4504 uti
617 4454 790 4522 gestae
849 4450 1100 4508 fuissent
1165 4451 1435 4524 aperiret,
1487 4457 1662 4525 atque
1706 4470 1824 4509 una
1886 4455 2008 4510 Arii

354 4538 620 4594 fraudem
651 4543 707 4594 et
739 4539 1122 4612 impietatem.
1147 4541 1551 4597 Memorantur
1581 4543 1653 4597 ab
1684 4543 2008 4616 Epiphanio

2115 3385 2462 3457 spargendis
2518 3387 2799 3454 vacabat;
2857 3391 3035 3458 atque
3089 3384 3420 3440 Alexandro
3465 3381 3776 3454 epistolam

2115 3474 2278 3529 misit
2305 3491 2413 3530 suo
2467 3492 2825 3545 suorumque
2874 3475 3109 3531 nomine
3161 3475 3357 3528 datam
3391 3473 3480 3543 (Γ),
3514 3489 3630 3544 qua
3662 3488 3779 3527 non

2115 3564 2288 3619 modo
2320 3563 2681 3635 impietatem
2699 3565 2920 3620 nudam
2951 3580 3017 3619 ac
3050 3561 3209 3617 nullo
3239 3561 3543 3617 delinitam
3575 3560 3777 3617 verbo-

2116 3669 2249 3706 rum
2299 3652 2492 3708 colore
2546 3653 2836 3724 aperiunt,
2888 3669 3088 3708 verum
3141 3651 3320 3707 etiam
3371 3666 3433 3704 se
3486 3649 3775 3720 ejusmodi

2117 3741 2294 3796 verba
2321 3741 2393 3796 ab
2425 3741 2552 3812 ipso
2575 3740 2900 3797 Alexandro
2930 3741 3124 3796 media
3155 3740 3212 3794 in
3236 3738 3481 3794 ecclesia
3503 3738 3778 3810 loquente

2118 3831 2413 3902 accepisse
2444 3829 2830 3886 mentiuntur.
2865 3831 3012 3886 Huic
3063 3847 3232 3901 porro
3277 3827 3535 3900 epistolae
3567 3829 3779 3884 suifra-

2118 3919 2214 3992 gia
2262 3919 2664 3990 ascripserunt
2711 3920 2912 3975 Ariani
2968 3918 3322 3991 complures,
3363 3917 3480 3972 imo
3508 3918 3624 3972 duo
3655 3917 3777 3990 epi-

2119 4008 2278 4080 scopi
2311 4009 2464 4079 apud
2500 4008 2913 4081 Epiphanium,
2970 4008 3278 4064 Secundus
3328 4006 3550 4062 scilicet
3583 4006 3778 4062 Ptole-

2121 4096 2332 4152 maidis
2377 4103 2432 4152 et
2484 4098 2751 4154 Thconas
2797 4098 3190 4154 Marmarices.
3240 4100 3396 4162 Quos
3444 4101 3641 4151 tamen
3687 4095 3780 4151 vix

2118 4186 2485 4242 existimetur
2513 4192 2642 4242 tum
2675 4188 3025 4244 Nicomediae
3072 4187 3340 4259 degisse;
3392 4185 3493 4240 sed
3527 4202 3660 4240 vero
3694 4185 3779 4240 si-

2120 4275 2319 4332 milius
2341 4284 2429 4332 est
2451 4283 2652 4332 nactos
2679 4277 2840 4332 illam
2874 4276 3204 4350 epistolam,
3241 4279 3554 4348 postquam
3587 4274 3771 4331 missa

2119 4367 2252 4430 fuit,
2304 4366 2591 4422 muniisse
2643 4366 3075 4439 subscriptione
3123 4383 3250 4421 sua.
3294 4366 3392 4436 (g).
3427 4364 3777 4420 Nicomedia)

2118 4454 2260 4510 item
2283 4455 2458 4511 Arius
2479 4457 2904 4511 exsecrandum
2936 4472 3085 4528 opus
3116 4454 3316 4525 edidit,
3351 4453 3506 4526 quod
3536 4453 3781 4508 Thaliam

2117 4543 2548 4616 inscripsit,ubi
2567 4545 2840 4601 Sotadem
2868 4546 3168 4618 impurum
3193 4548 3422 4616 poetam
3446 4542 3777 4615 {Egyptium

354 4627 572 4723 quibus
603 4627 945 4723 hujusmodi
997 4630 1256 4702 epistolae
1301 4631 1496 4686 missae
1528 4635 1685 4698 sunt,
1720 4632 2009 4689 Eusebius
2041 4658 2088 4723 D
2120 4633 2768 4698 imitatus,efl‘eminatis
2799 4635 3156 4705 quibusdam
3196 4650 3262 4689 ac
3292 4631 3558 4688 ridiculis
3589 4631 3779 4688 modis

354 4716 634 4772 nimirum
665 4717 1062 4788 Caesariensis,
1115 4719 1405 4775 Macarius
1458 4719 2008 4794 Jerosolymitanus,

354 4804 662 4879 Asclepius
695 4823 796 4862 seu
829 4808 1105 4880 Asclepas
1123 4807 1421 4876 Gazensis,
1451 4809 1748 4882 Longinus
1783 4813 2015 4868 Ascalo-

353 4894 576 4962 nensis,
609 4895 903 4952 Macrinus
932 4897 1313 4964 Jamniensis,
1367 4898 1517 4953 Zeno
1562 4899 1803 4970 quidam
1837 4917 2014 4956 senex

354 4983 529 5040 homo
580 4985 812 5057 Tyrius,
864 5002 978 5040 non
1031 4985 1271 5058 quidem
1317 4986 1627 5060 episcopus
1678 4989 1854 5060 Tyri;
1899 4989 2012 5046 nisi

354 5074 600 5129 fortasse
629 5075 793 5130 senio
824 5075 1144 5142 confectus,
1169 5077 1504 5147 fractusque
1527 5076 1766 5145 viribus,
1793 5095 2011 5134 munus

353 5162 683 5235 episcopale
713 5164 958 5220 Paulino
1007 5163 1300 5220 detulerit.
1335 5164 1643 5221 Alexandri
1675 5165 1887 5223 litteris
1917 5185 2011 5223 ac-

354 5251 536 5323 ceptis
569 5252 874 5324 praesules,
909 5258 972 5308 ut
1022 5255 1310 5326 cujusque
1362 5255 1582 5310 ferebat
1611 5255 1868 5324 animus,
1922 5274 2012 5312 re-

359 5357 646 5413 sponsum
680 5341 910 5409 dedere,
937 5342 1059 5411 alii,
1089 5343 1512 5400 commissuros
1531 5360 1592 5399 se
1613 5361 1917 5416 nunquam
1950 5349 2016 5401 ut

449 5520 504 5591 a)
535 5520 720 5591 Epist.
756 5521 1066 5578 Alexandri
1095 5540 1109 5589 ;
1158 5523 1406 5591 Socrat.,
1441 5522 1480 5579 l.
1516 5540 1556 5589 ι,
1590 5539 1639 5578 c.
1671 5524 1725 5578 6.

451 5591 506 5662 ὁ)
536 5591 804 5647 Theodor
835 5596 889 5648 et
920 5593 958 5648 l.
991 5611 1029 5663 ι,
1064 5611 1115 5649 c.
1145 5596 1200 5650 6.

447 5663 794 5746 cl‘E'piphan
808 5705 821 5721 .
862 5664 998 5746 hear.
1033 5682 1160 5722 LXIX
1174 5708 1186 5722 .

430 5733 839 5808 (d)'Epiphan.
871 5736 1010 5795 har.
1044 5753 1195 5796 ωαχ.

2124 4723 2412 4794 penitiora
2435 4721 2773 4777 Christiana:
2792 4722 3092 4796 religionis
3119 4739 3333 4778 arcana
3350 4721 3641 4787 versabat,
3675 4721 3778 4776 ad-

2123 4810 2301 4866 misto
2333 4827 2598 4867 errorum
2630 4826 2868 4867 veneno.
2892 4813 3007 4867 Nec
3040 4817 3211 4868 tanta:
3243 4811 3322 4867 rei
3355 4810 3612 4883 dignitas
3643 4810 3778 4865 ade-

2123 4898 2232 4953 mit
2259 4916 2474 4954 vesano
2506 4898 2731 4955 homini
2754 4901 2990 4971 jocandi
3022 4899 3348 4955 libidinem.
3386 4899 3575 4968 Hujus
3627 4912 3781 4972 szepe

2122 4987 2256 5041 libri
2289 4988 2444 5060 apud
2475 4989 2867 5044 Athanasium
2902 4989 3122 5044 mentio
3169 4992 3278 5058 est,
3313 4987 3687 5060 potissimum
3721 4987 3780 5040 in

2125 5078 2363 5149 Epistota
2391 5077 2456 5132 de
2512 5078 2756 5149 synodis,
2793 5079 2890 5133 ubi
2924 5095 3029 5134 nec
3074 5079 3364 5134 modicam
3419 5076 3618 5131 Thaliae
3650 5093 3782 5148 par-

2120 5170 2238 5220 tem
2272 5166 2598 5238 inspectare
2629 5166 2782 5222 licet.
2843 5168 2929 5222 Ad
2982 5167 3104 5222 haec
3149 5169 3247 5238 (h),
3302 5165 3532 5222 cantica
3561 5164 3779 5232 nautis,

2122 5254 2501 5327 pistrinariis,
2547 5256 2871 5312 viatoribus
2925 5256 3296 5329 conscripsit,
3345 5254 3520 5311 certis
3552 5253 3784 5310 concin-

2124 5348 2261 5401 nata
2292 5343 2798 5417 modulis,quibus
2819 5345 2977 5419 vulgi
2999 5346 3214 5402 animis
3237 5344 3484 5402 insidias
3515 5344 3780 5417 parabat,

2218 5529 2272 5605 ς)
2294 5522 2525 5605 Athan.
2566 5523 2721 5605 Apol.
2751 5528 2951 5582 contra
2979 5526 3196 5605 Arium,
3224 5542 3298 5605 _n.
3329 5526 3385 5579 6.
3476 5593 3514 5605 η

2293 5595 2579 5668 Epiphan.
2608 5593 2753 5652 ἣξει.
2781 5614 2941 5666 inx;
2975 5593 3192 5655 Athan;
3215 5597 3291 5654 De
3315 5593 3561 5668 synodis,
3595 5611 3654 5651 ιι.
3689 5595 3780 5650 16.

2302 5667 2516 5722 Athan.
2549 5671 2631 5724 De
2657 5668 2905 5725 sunodis.

2214 5671 2270 5740 g)
2302 5671 2516 5722 Athan.
2549 5671 2631 5724 De
2657 5684 2686 5724 s
2727 5671 2905 5725 nodis.

2217 5741 2276 5815 h)
2307 5737 2660 5813 Philostorg.
2767 5757 2830 5812 ιι,
2859 5758 2920 5799 ιι.
2951 5744 3008 5799 2.
