4170 6378
386 379 531 430 um
1784 362 2394 430 PROLEGOMENA.

388 499 649 557 minibus
678 495 987 572 gentilium
1037 497 1310 555 sacrificii
1366 513 1540 556 reus:
1596 498 1697 570 qui
1754 497 1869 555 sibi
1926 514 2034 555 sua
2060 507 2116 575 Α
2144 499 2325 554 semel
2358 515 2495 555 cum
2523 496 2753 553 Arianis
2784 498 3019 566 fmdere,
3052 497 3225 555 malis
3274 497 3539 555 Ecclesia:
3598 496 3800 554 catho-

388 588 753 658 auctoritate,
787 586 951 643 nullo
982 591 1225 644 ornatus
1241 587 1632 644 ecclesiastico
1662 587 2045 660 gradu,Chri-
2146 587 2269 643 licia
2300 587 3261 644 inferendisinhiabant.Meletiani
3286 604 3457 660 porro
3500 592 3560 643 et
3600 586 3801 642 Ariani

386 679 588 736 etiame
623 676 756 733 ﬁdei
787 676 1168 750 praedicanda:
1200 680 1395 750 partes
1424 677 1777 734 vindicabat.
1811 677 1917 732 Hic
1948 680 2032 732 te-
2147 677 2386 735 altiores
2415 682 2735 751 posuerant
2760 677 3007 745 radices,
3042 694 3222 749 quam
3255 682 3320 733 ut
3370 676 3527 732 Hosii
3583 680 3798 732 conatu

387 767 657 825 meritate
685 770 741 823 et
770 766 1017 823 audacia
1045 770 1282 821 caeteros
1331 764 1502 838 longe
1562 771 1718 822 retro
1775 765 2033 837 reliquit.
2147 771 2203 822 et
2232 783 2340 839 ope
2366 766 2608 823 convelli
2642 770 2882 839 possent
2913 784 2925 833 ;
2952 767 3289 839 frustraque
3317 766 3495 821 eessit
3524 782 3592 821 ea
3640 765 3699 820 in
3742 780 3803 821 re

386 856 699 913 Etl‘utiebat
726 855 962 928 quippe,
999 854 1157 911 haud
1215 871 1386 911 secus
1433 854 1529 911 Dei
1581 854 1857 911 virtutem
1907 871 2037 911 esse
2145 870 2322 927 opera
2354 853 2533 911 llosii.
2568 860 2791 910 Auctor
2817 858 2910 911 est
2966 855 3232 911 Socrates
3280 856 3369 926 (ι’),
3401 855 3649 910 Hosium
3698 855 3797 910 Sa-

383 945 596 1002 Filium
625 961 802 1018 quam
833 948 1072 1000 caeteras
1102 944 1161 999 in
1182 943 1417 1000 Litteris
1447 944 1633 1001 sacris
1680 948 2035 1000 memoratas

381 1035 627 1092 virtutes
652 1051 666 1091 :
699 1038 765 1090 ut
783 1032 1033 1106 exempli
1054 1034 1267 1105 gratia,
1295 1032 1558 1089 bruchus
1587 1037 1645 1090 et
1663 1033 2032 1099 locusta,non

378 1124 628 1181 virtutes
657 1124 851 1191 modo,
886 1122 988 1179 sed
1020 1122 1271 1179 virtutes
1302 1138 1531 1195 magnae
1549 1121 1938 1195 appellantur.
1964 1121 2033 1178 Hi

381 1211 647 1283 duces,hi
680 1211 948 1284 magistri
978 1210 1352 1267 Arianorum.

447 1306 610 1357 Anno
639 1302 765 1356 324.
799 1331 869 1342 —-
900 1302 952 1355 1.
987 1300 1377 1357 Constantinus
1403 1300 1473 1357 de
1521 1299 1749 1356 discidio
1780 1300 2030 1357 Orienta-

378 1391 525 1446 lium
545 1390 752 1446 certior
777 1392 978 1461 factus.
1010 1421 1080 1430 —
1101 1388 1223 1445 Sub
1245 1389 1387 1460 haec,
1420 1389 1841 1445 Constantinus
1873 1389 2026 1445 Lici-

375 1480 477 1536 nio
508 1478 735 1536 devicto
764 1495 967 1551 pacem
999 1477 1126 1534 orbi
1156 1478 1509 1534 restituit.At
1538 1494 1609 1534 ne
1637 1482 1809 1534 tantae
1835 1479 2026 1534 fructu

373 1567 628 1624 victorias
657 1567 961 1640 potiretur,
1025 1568 1243 1623 factum
1301 1564 1633 1639 reipublicze
1678 1564 2023 1621 Christianas

374 1655 1105 1714 dissensionibus.Audivit
1134 1655 1426 1727 siquidem
1453 1653 1806 1711 Orientalem
1831 1654 2020 1711 Eccle-

376 1746 527 1804 siam
558 1744 855 1801 intestinis
885 1744 1036 1800 odiis
1062 1748 1120 1801 et
1151 1743 1412 1801 dissidiis
1434 1744 1811 1816 conflagrare.
1852 1743 2020 1815 Inop-

374 1839 624 1908 portune
651 1833 862 1891 cecidit
882 1833 943 1889 in
975 1832 1273 1890 catholicas
1312 1832 1394 1888 rei
1451 1833 1661 1905 ingens
1710 1831 2023 1887 detrimen-

374 1929 525 1988 tum,
559 1928 624 1980 ut
650 1922 903 1980 Eusebio
933 1922 1361 1979 Nicomediensi
1394 1925 1670 1979 narrante
1701 1921 1771 1977 de
1829 1937 2026 1976 rerum

372 2012 901 2071 ecclesiasticarum
950 2011 1283 2068 conditione
1330 2012 1494 2068 ﬁeret
1549 2010 1774 2067 certior.
1839 2012 2025 2076 Quam

372 2119 495 2160 rem
525 2119 641 2158 non
677 2100 1011 2174 cujuspiam
1068 2099 1369 2173 scriptoris
1426 2097 1761 2156 testimonio
1811 2099 2025 2171 accipi-

372 2209 545 2261 mus;
577 2192 679 2249 sed
701 2208 770 2247 ex
802 2208 869 2248 eo
891 2190 1069 2263 probe
1099 2191 1427 2261 conjectare
1447 2189 1765 2261 licet,quod
1792 2189 1850 2244 in
1865 2188 2028 2243 Nico-

384 2281 601 2350 media,
622 2279 861 2337 Eusebii
890 2280 1049 2349 sede,
1072 2278 1298 2336 litteras
1319 2294 1455 2335 mox
1483 2278 1894 2334 memorandus
1924 2279 2023 2333 de-

375 2371 527 2427 derit
553 2372 892 2443 imperator,
916 2370 989 2425 ad
1020 2385 1194 2440 quem
1252 2366 1549 2440 perfacilis
1604 2372 1727 2423 erat
1774 2366 2023 2422 Eusebio

371 2460 590 2528 aditus,
615 2474 750 2515 cum
781 2457 1093 2531 dignitatis
1121 2455 1480 2529 ingeniique,
1545 2459 1666 2511 lum
1718 2455 2025 2512 afﬁnitatis

373 2565 573 2605 causa.
633 2547 936 2603 Veterator
990 2545 1175 2618 igitur
1223 2545 1398 2600 homo
1449 2549 1632 2601 totam
1683 2545 2022 2600 oborlarum

371 2637 766 2711 quaestionum
797 2634 1080 2691 invidiam
1110 2635 1168 2690 in
1189 2634 1582 2690 Alexandrum
1611 2633 1871 2690 conferre
1893 2634 2025 2689 niti-

370 2732 490 2796 tur,
525 2730 582 2783 et
610 2724 995 2783 Constantino
1026 2728 1227 2780 auctor
1282 2723 1464 2780 fuisse
1517 2727 1760 2795 putatur
1807 2723 1906 2795 (a),
1960 2727 2027 2778 ut

377 2816 710 2873 Alexandro
750 2815 922 2887 juxta
967 2817 1145 2886 atque
1213 2812 1347 2869 Ario
1435 2812 1662 2869 litteras
1726 2813 2021 2883 scriberet,

373 2906 658 2964 hactenus
691 2905 751 2960 in
780 2903 1016 2960 Eusebii
1050 2904 1287 2959 Historia
1314 2901 1748 2975 superstites,in
1771 2901 2025 2973 quibusa

372 2995 665 3053 vafritiem
696 2992 934 3050 Eusebii
965 2996 1021 3049 et
1050 2992 1292 3066 probam
1335 2991 1708 3064 imperatoris
1766 2994 2021 3046 mentem

368 3083 793 3157 deprehendas.
818 3082 967 3138 Nam
999 3082 1058 3137 in
1087 3080 1484 3136 Alexandrum
1520 3080 1739 3152 pariter
1764 3084 1941 3150 atque
1962 3079 2021 3134 in

367 3174 571 3229 Arium
597 3172 807 3229 acriter
835 3170 1132 3227 invehitur
1155 3169 1595 3237 Constantinus,
1627 3169 1784 3240 quod
1841 3167 2020 3224 levis-

366 3262 519 3320 sima
536 3263 608 3318 de
646 3277 825 3317 causa
870 3259 980 3332 (sic
1032 3258 1282 3315 Eusebio
1338 3258 1575 3315 doctore
1622 3257 2017 3330 existimabat)
2049 3247 2091 3313 C

368 3356 593 3410 tantam
607 3351 930 3408 movissent
944 3349 1424 3420 quaestionem,ac
1436 3348 1495 3404 in
1513 3352 1788 3402 mutuum
1810 3347 2018 3403 exinde

366 3443 568 3499 odium
588 3439 964 3498 exarsissent.
997 3437 1195 3494 Monet
1238 3441 1324 3507 ut,
1364 3437 1576 3509 positis
1625 3435 2015 3492 altercationi-

366 3531 501 3600 bus,
535 3529 713 3585 ﬁnem
743 3526 1072 3584 dissidendi
1102 3525 1338 3590 faciant,
1385 3541 1707 3598 pacemque
1766 3528 1916 3581 inter
1953 3542 2017 3583 se

369 3619 699 3687 concilient;
734 3617 881 3673 forte
910 3620 1039 3672 tum
1072 3619 1139 3671 ut
1196 3619 1393 3688 pateat
1438 3614 1549 3670 sibi
1608 3614 1664 3669 in
1717 3613 2015 3671 Orientem

367 3708 585 3774 aditus,
618 3722 822 3763 eorum
842 3709 977 3762 ante
1000 3703 1200 3776 jurgio
1230 3701 1607 3759 interclusus.
1641 3702 1757 3759 Has
1796 3702 1898 3758 illa
1928 3702 2020 3757 lit-

364 3802 521 3854 teras
544 3795 721 3851 Hosio
753 3793 1034 3850 Corduba:
1063 3793 1125 3847 in
1146 3791 1429 3864 Hispania
1443 3792 2017 3865 episcopo,spectataa

365 3885 502 3943 fidei
531 3883 927 3953 viro,tradidit
962 3881 1375 3938 Alexandriam
1408 3881 1773 3937 deferendas.

434 3972 899 4030 2.Atexandrina
926 3971 1186 4044 synodus.
1238 4001 1307 4013 —
1360 3970 1550 4042 Caput
1603 3969 1740 4024 mali
1808 3969 2020 4025 Ariana

370 4063 613 4121 hmresis
651 4066 798 4119 erat.
832 4064 905 4116 At
926 4060 1115 4117 multa
1142 4075 1372 4131 quoque
1400 4058 1515 4115 alia
1556 4059 1856 4115 instabant
1912 4076 2017 4114 ne-

369 4152 534 4227 gotia
568 4150 810 4225 (b),licet
839 4165 1031 4223 neque
1087 4148 1234 4205 tanti
1282 4148 1580 4220 ponderis,
1611 4163 1799 4220 neque
1845 4151 2017 4203 tanta:

366 4258 556 4316 operae
586 4242 784 4296 futura
807 4257 822 4308 ;
846 4238 1064 4311 quibus
1092 4242 1290 4293 tamen
1322 4255 1355 4293 a
1376 4236 1662 4310 principio
1719 4253 2019 4293 occurren-

367 4333 511 4389 dum
541 4334 685 4401 erat,
719 4346 792 4385 ne
840 4326 1063 4385 malum
1125 4326 1455 4400 neglectum
1514 4325 1689 4382 latius
1740 4330 2015 4399 serperet.

368 4420 721 4494 Hujusmodi
776 4423 945 4475 erant
991 4417 1202 4474 Meletii
1251 4421 1309 4473 et
1374 4415 1629 4472 Colluthi
1713 4416 2017 4473 factiones.

373 4512 513 4567 Erat
543 4510 681 4565 item
713 4525 818 4581 per
847 4506 1068 4563 multas
1100 4506 1354 4563 Orientis
1416 4505 1683 4578 regiones
1735 4510 1893 4562 mota
1948 4506 2020 4562 de

366 4598 668 4657 Paschatis
698 4602 959 4669 temporc
981 4595 1393 4663 controversia;
1448 4596 1621 4666 cujus
1677 4594 1735 4650 in
1774 4594 2020 4652 Alexan-

369 4687 540 4745 drina
568 4687 790 4758 synodo
808 4686 1226 4758 componendae
1257 4684 1614 4757 provinciam
1645 4684 1821 4740 Hosio
1841 4684 2021 4739 tradit

370 4782 695 4851 Augustus.
730 4775 833 4833 His
861 4775 935 4832 de
963 4775 1159 4831 causis
1213 4773 1624 4830 Alexandriam
1681 4774 2020 4846 demigrans

367 4867 603 4934 Hosius,
662 4870 862 4922 coacta
893 4864 1069 4921 isthic
1116 4863 1356 4937 synodo,
1402 4861 1655 4919 Colluthi
1713 4863 2019 4918 audaciam

371 4963 430 5015 et
457 4956 850 5014 temeritatem
886 4955 1253 5027 compressit,
1279 4954 1630 5010 constitutos
1650 4953 1722 5008 ab
1753 4969 1819 5008 eo
1853 4953 2019 5009 cleri-

375 5064 478 5104 cos
534 5046 1026 5120 presbyterosque
1080 5044 1153 5100 ad
1184 5043 1492 5116 pristinam
1514 5041 1718 5098 reverti
1744 5042 2022 5098 conditio-

371 5153 507 5194 nem
536 5135 748 5207 jussit:
771 5150 840 5190 ex
871 5150 1127 5206 quorum
1158 5136 1282 5189 erat
1301 5148 1544 5188 numero
1576 5131 1842 5203 Ischyras
1891 5131 2022 5204 qui-

371 5227 510 5283 dam
542 5224 914 5295 Mareoticus,
947 5223 1048 5295 qui
1078 5238 1315 5295 operam
1348 5226 1551 5293 postea
1565 5237 1735 5277 suam
1756 5221 1816 5277 in
1848 5220 2024 5277 Atha-

377 5313 527 5371 nasii
561 5311 875 5386 perniciem
896 5310 1133 5368 Arianis
1162 5310 1389 5368 locavit.
1409 5309 1611 5382 Neque
1640 5308 1795 5366 enim
1828 5309 2023 5366 turba-

381 5419 515 5461 rum
537 5402 718 5459 ﬁnem
770 5401 1034 5458 fecerunt
1077 5399 1465 5457 Colluthiani:
1527 5399 1629 5455 sed
1686 5403 1855 5471 pacto
1907 5415 2021 5455 non

448 5565 525 5640 (a)
557 5562 771 5621 Euseb.
802 5562 842 5620 l.
880 5579 943 5619 III
971 5580 984 5619 :
1009 5563 1231 5621 Socrat.
1255 5562 1294 5619 1.
1330 5580 1369 5634 ι,
1394 5579 1444 5619 c.
1475 5562 1541 5632 7;
1573 5561 1803 5618 Sozom.
1858 5561 1897 5618 l.
1948 5579 2023 5637 νι,

446 5642 772 5808 (ὶῗεοοιιαι.
804 5704 845 5767 1.
864 5721 951 5784 ιιι,
983 5722 1035 5767 o.
1065 5708 1102 5769 6

2056 1879 2103 1945 B

2142 943 2301 1000 bellii
2334 944 2661 1000 doctrinam
2687 948 2943 1000 evertere
2973 944 3293 1015 studuisse,
3327 960 3394 999 ac
3415 944 3486 999 de
3522 944 3801 1000 substan-

2141 1034 2223 1088 tia
2243 1039 2299 1088 et
2328 1033 2629 1105 bypostasi
2678 1033 2934 1105 agitasse
2986 1033 3388 1106 quaestionem.
3434 1033 3543 1089 Pro
3568 1036 3798 1088 contro-

2139 1122 2331 1177 versia
2351 1126 2548 1178 autem
2571 1122 2642 1177 de
2676 1121 2959 1178 Paschate
2991 1123 3398 1194 componenda
3427 1122 3569 1193 quid
3592 1126 3789 1178 actum

2138 1216 2197 1266 et
2227 1210 2528 1283 provisum
2561 1211 3234 1283 sit,ignorautur.Unum
3266 1215 3514 1277 constat,
3537 1227 3658 1266 rem
3673 1209 3787 1267 mi-

2140 1299 2298 1355 nime
2318 1301 2569 1356 cessisse
2598 1317 2665 1356 ex
2696 1301 3059 1356 Constantini
3082 1304 3251 1367 voto;
3313 1317 3447 1356 cum
3505 1316 3574 1356 ea
3631 1316 3794 1371 quas-

2136 1388 2250 1445 stio
2285 1389 2436 1445 inter
2457 1388 2784 1461 praecipuas
2813 1389 3084 1461 cogendae
3128 1389 3370 1444 Niccena:
3417 1388 3623 1461 synodi
3655 1405 3792 1444 cau-

2137 1495 2233 1533 sas
2264 1484 2663 1533 enumeretur.
2687 1479 3051 1550 Quapropter
3080 1494 3140 1533 re
3172 1478 3387 1533 infecta
3448 1477 3659 1533 Hosius
3717 1478 3790 1534 ad

2131 1568 2582 1624 Constantinum
2616 1567 2913 1639 remigrat.
2951 1568 3010 1623 Id
3044 1572 3236 1622 tamen
3296 1566 3441 1622 lucri
3486 1566 3794 1624 catholicis

2134 1657 2305 1711 rebus
2335 1673 2404 1711 ex
2461 1657 2590 1728 ejus
2650 1657 2852 1712 itinere
2909 1656 3174 1723 accessit,
3235 1658 3391 1728 quod
3450 1656 3788 1728 imperator,

2132 1745 2309 1802 Hosio
2340 1750 2637 1817 narrante,
2669 1746 2741 1801 de
2770 1745 2889 1801 Arii
2922 1745 3207 1818 protervia
3227 1750 3285 1801 et
3314 1746 3611 1817 impietate
3661 1762 3790 1802 cer-

2133 1834 2249 1890 tior
2277 1834 2627 1903 factus,eum
2664 1841 2865 1907 postea
2893 1835 3081 1891 oborti
3115 1834 3635 1891 dissidiihabuerit
3680 1851 3791 1891 au-

2136 1925 2354 1978 ctorem
2386 1927 2443 1978 et
2463 1922 2938 1995 antesignanum.

2205 2038 2257 2093 3.
2290 2040 2490 2094 Ariani
2538 2039 2888 2096 Constantini
2939 2042 3160 2095 statuas
3207 2039 3426 2112 lepidus
3493 2041 3784 2111 impetum.

2132 2157 2201 2168 —
2232 2127 2434 2183 Ariani
2468 2144 2603 2184 vero
2632 2132 2691 2183 et
2730 2127 3023 2184 Meletiani
3074 2144 3142 2183 ex
3202 2129 3379 2184 rebus
3429 2129 3789 2201 improspere

2133 2216 2314 2289 gestis
2344 2217 2401 2272 in
2435 2218 2688 2273 furorem
2722 2223 2779 2273 et
2807 2218 3272 2290 desperationem
3316 2219 3451 2283 acti,
3504 2225 3786 2276 Constan-

2133 2305 2239 2361 tini
2271 2311 2495 2362 statuas
2527 2308 2777 2363 ferocius
2810 2309 3096 2381 aggressi,
3120 2309 3297 2379 jactis
3344 2307 3643 2381 lapidibus
3693 2310 3788 2365 de-

2135 2395 2386 2452 formare
2416 2396 2540 2453 ausi
2572 2401 2731 2453 sunt.
2775 2399 2911 2462 Qum
2971 2398 3042 2453 ad
3103 2398 3511 2470 imperatorem
3571 2397 3783 2465 delata,

2133 2485 2595 2541 misericordiam
2626 2487 2755 2557 ejus
2799 2486 2988 2559 magis
3038 2503 3269 2542 movere
3323 2503 3502 2558 quam
3553 2487 3783 2543 iracun-

2130 2573 2311 2645 diam,
2347 2578 2411 2629 ut
2441 2574 2588 2630 nihil
2619 2574 2715 2630 ille
2746 2591 2881 2630 cum
2913 2574 3213 2630 sceleratis
3253 2573 3666 2647 expostularet.
3722 2575 3781 2631 Si

2133 2679 2251 2734 qua
2282 2664 2426 2719 fides
2455 2664 2895 2720 Meletianorum
2943 2664 3452 2720 criminationibus
3510 2664 3586 2735 (d)
3645 2663 3779 2733 Tyri

2131 2752 2458 2809 Athanasio
2487 2753 2720 2821 oblatis,
2755 2753 2984 2809 delatus
3023 2753 3098 2809 ab
3154 2753 3476 2809 Athanasio
3535 2752 3644 2808 fuit
3698 2753 3783 2808 ls-

2132 2840 2342 2913 chyras
2371 2843 2525 2913 apud
2583 2842 2880 2915 Hyginum
2932 2842 3160 2913 Egypti
3200 2843 3562 2915 praefectum,
3620 2841 3779 2914 quod

2129 2930 2502 3002 imperatoris
2533 2931 2820 3003 imagines
2852 2931 3006 2987 saxis
3029 2932 3395 3002 appetiisset,
3418 2936 3592 3003 atque
3614 2946 3683 2987 ea
3712 2930 3784 2986 de

2130 3035 2310 3074 causa
2339 3018 2396 3073 in
2430 3036 2719 3075 carcerem
2737 3021 3033 3076 detrusus.
3068 3021 3204 3084 Quae
3236 3037 3348 3089 res,
3406 3019 3455 3076 si
3512 3035 3643 3076 vere
3682 3035 3782 3092 ge-

2129 3112 2240 3178 sta,
2278 3107 2334 3163 in
2374 3107 2486 3163 hoc
2534 3125 2706 3180 posse
2760 3113 2996 3181 tempus
3041 3109 3290 3164 conferri
3336 3108 3586 3170 videtur.
3645 3123 3781 3164 cum

2132 3198 2382 3253 maxime
2413 3196 2677 3267 lschyras
2725 3214 2760 3254 a
2788 3215 3088 3254 sacrorum
3140 3199 3302 3254 aditu
3344 3203 3402 3254 et
3449 3198 3642 3254 officio
3700 3213 3784 3254 re-

2131 3291 2327 3343 motus
2348 3287 2420 3342 ab
2444 3286 2636 3351 Hosio,
2673 3303 2816 3358 rem,
2852 3292 2918 3343 ut
2955 3289 3246 3345 mstimare
3303 3293 3393 3345 est
3438 3287 3783 3361 perindigne

2127 3376 2348 3432 tulerit.

2198 3493 2250 3546 4.
2295 3493 2510 3548 Litterae
2555 3493 2683 3548 Arii
2736 3492 2808 3547 ad
2854 3493 3282 3550 Constantinum
3321 3501 3378 3548 ct
3435 3492 3784 3548 Constantini

2127 3580 2196 3635 ad
2228 3581 2440 3636 Arium.
2473 3613 2542 3621 —
2572 3582 2724 3637 Tum
2747 3582 2939 3652 Arius,
2973 3583 3174 3638 missis
3203 3584 3273 3637 ad
3329 3582 3779 3638 Constantinum

2127 3669 2423 3739 litteris,et
2454 3675 2697 3742 questus
2727 3671 2798 3726 de
2830 3671 3004 3726 rebus
3024 3672 3084 3727 in
3120 3688 3181 3727 se
3204 3688 3456 3741 suosque
3481 3670 3779 3738 admissis,

2127 3775 2294 3814 suam
2326 3759 2662 3831 imperatori
2695 3760 2869 3815 fidem
2894 3761 3101 3831 aperit,
3136 3761 3237 3816 sed
3297 3759 3592 3816 simulatis
3649 3758 3778 3832 qui-

2128 3848 2378 3904 husdam
2411 3853 2468 3904 et
2498 3848 2707 3904 fucatis
2730 3849 3067 3921 vocibus(e),
3092 3853 3155 3904 ut
3176 3849 3400 3904 solebat
3420 3865 3553 3904 cum
3609 3864 3640 3904 e
3689 3864 3777 3904 re-

2128 3938 2251 3993 iore
2281 3943 2562 4010 speraret.
2597 3938 2701 3993 Cui
2745 3939 3063 4011 imperator
3094 3939 3441 4006 rescribens,
3474 3939 3778 3994 adversam

2127 4026 2358 4083 Christo
2388 4031 2447 4082 et
2474 4026 2743 4083 Ecclesia:
2776 4027 3100 4083 doctrinam
3152 4029 3282 4099 ejus
3321 4027 3604 4099 coarguit,
3657 4024 3780 4081 Arii

2127 4116 2392 4189 depingit
2438 4132 2653 4186 mores,
2686 4117 2876 4190 carpit
2908 4133 3102 4172 rerum
3129 4117 3526 4172 novandarum
3554 4114 3782 4189 cupidi-

2127 4222 2541 4277 nem,pronum
2574 4206 2644 4261 ad
2681 4205 3048 4262 iracundiam
3081 4211 3137 4261 et
3166 4206 3420 4261 furorem
3472 4205 3779 4261 animum:

2128 4294 2550 4352 interminatur
2580 4294 2941 4359 ultionem,si
2978 4312 3092 4351 non
3125 4296 3434 4368 resipiscat
3468 4314 3481 4363 ;
3530 4310 3637 4350 nec
3694 4293 3782 4366 ip-

2128 4402 2263 4440 sum
2296 4384 2489 4453 modo,
2525 4385 2625 4440 sed
2658 4389 2714 4440 et
2760 4384 3080 4457 discipulos
3120 4384 3477 4457 plectendos.
3538 4389 3784 4439 Uemum

2127 4488 2297 4529 versa
2327 4474 2383 4529 in
2416 4472 2789 4529 clementiam
2816 4473 3364 4541 severitate,leniter
3392 4473 3664 4528 hortatur
3722 4475 3787 4527 ut

2130 4579 2193 4619 se
2223 4563 2563 4619 conveniat:
2590 4566 2858 4634 tumque,
2890 4563 2938 4619 si
2972 4563 3172 4619 minus
3204 4580 3350 4619 sana
3382 4561 3459 4618 sit
3492 4559 3784 4618 sententia

2130 4652 2204 4708 ab
2225 4669 2288 4708 se
2317 4652 2389 4707 ad
2420 4669 2616 4709 veram
2650 4658 2983 4708 revocatum
3012 4652 3081 4708 iri
3118 4669 3132 4720 ;
3156 4653 3245 4709 sin
3276 4668 3412 4708 vera
3440 4652 3787 4722 sinceraque

2130 4742 2187 4796 id
2220 4741 2440 4814 ingenii
2470 4742 2581 4798 sibi
2605 4742 2823 4813 gaudio
2855 4743 3139 4798 futurum.

2204 4872 2370 4922 Auno
2405 4866 2529 4921 325.
2563 4897 2630 4906 -
2664 4867 2713 4921 1.
2750 4866 3001 4936 Synodus
3056 4867 3285 4923 Nicas’na
3339 4873 3680 4923 convocatur.
3715 4895 3783 4905 —

2131 4957 2242 5013 Sed
2279 4973 2409 5011 cum
2445 4956 2663 5011 frustra
2693 4955 2964 5011 cederent
2993 4956 3357 5013 Consiantini
3390 4958 3634 5022 monita,
3677 4970 3783 5010 nec

2134 5044 2440 5118 quidpiam
2472 5045 2803 5101 flecteretur
2831 5045 2951 5100 Arii
2976 5050 3452 5118 sectatorumque
3496 5045 3625 5115 ejus
3646 5059 3782 5116 per-

2132 5134 2388 5202 vicacia;
2423 5133 2764 5190 mcumenici
2797 5138 3024 5189 tantum
3083 5134 3313 5189 concilii
3348 5150 3524 5206 opera
3580 5133 3784 5188 incen-

2132 5224 2296 5279 dium
2329 5223 2618 5295 ejusmodi
2660 5221 2945 5294 restingui
3007 5239 3178 5294 posse
3224 5228 3388 5278 ratus
3445 5221 3784 5294 imperalor,

2134 5313 2424 5385 synodum
2455 5316 2734 5371 convocat
2754 5312 2958 5367 Nicaea:
2986 5310 3044 5366 in
3076 5311 3348 5382 Bithynia
3375 5310 3787 5368 celebrandam

2135 5403 2304 5475 cujus
2330 5417 2437 5459 nos
2460 5406 2602 5457 Acta
2621 5418 2655 5457 a
2686 5399 2890 5457 multis
2909 5400 3135 5457 dudum
3168 5401 3428 5457 studiose
3476 5397 3787 5467 recensita,

2229 5564 2276 5636 ε)
2308 5561 2455 5636 Ibid.

2230 5629 2286 5709 α’)
2310 5629 2675 5709 γεοιοωηιίὺ,
2700 5647 2763 5703 11,
2789 5647 2915 5706 cap.
2947 5633 3039 5689 25.

2194 5702 2396 5783 (φειδ,
2502 5744 2516 5770 .
2544 5702 2585 5769 l.
2620 5720 2683 5768 tt.
