4170 6388
1658 411 1847 475 VITA
1891 408 1957 471 S.
2001 404 2453 472 ATHANASII.

3600 428 3766 479 LXVII

339 541 555 612 paucis
588 561 921 614 narramus,
971 546 1189 620 quibus
1242 564 1356 603 non
1386 548 1553 602 vacat
1582 562 1684 618 per
1713 544 1898 600 otium
1931 560 1999 599 ea
2025 544 2081 610 Α
2109 542 2441 613 Theognius
2472 540 2592 598 sive
2634 541 2917 614 Diognius
2972 541 3265 610 Nicaanus,
3320 544 3493 601 Maris
3523 546 3766 603 Chalce-

339 629 620 701 pluribus
650 637 943 709 persequi.

413 722 471 776 2.
506 724 673 779 Anno
706 724 888 797 igitur
916 726 1135 782 Christi
1166 726 1290 795 325,
1343 724 1575 798 imperii
1632 720 1999 779 Constantini

339 808 577 867 decimo
609 830 762 869 nono
793 818 1049 871 vertente
1074 817 1173 887 (α),
1201 814 1446 871 Paulino
1476 819 1533 869 et
1561 812 1793 868 Juliano
1823 828 1997 876 coss.,

339 897 602 957 Nicaeam
637 903 944 960 confluunt
974 922 1043 960 ex
1064 905 1242 961 variis
1264 908 1429 959 terras
1453 902 1719 976 partibus
1742 900 1998 973 episcopi

339 988 418 1043 ad
450 991 581 1061 318,
616 995 681 1047 ut
724 993 919 1049 ferunt
947 994 1260 1067 potissima
1290 994 1645 1067 scriptorum
1678 1008 1850 1064 pars:
1897 988 1999 1045 alii

339 1079 652 1150 pauciores
684 1093 1037 1152 numerant;
1066 1084 1351 1139 Eusebius
1382 1086 1578 1139 autem
1603 1082 1678 1153 (b)
1703 1097 1883 1152 supra
1898 1080 2002 1134 du-

342 1172 547 1223 centos
567 1168 994 1243 quinquaginta
1018 1190 1031 1241 ;
1066 1174 1434 1245 presbyteros
1458 1176 1674 1239 autem,
1700 1169 2000 1236 diaconos,

343 1257 647 1329 acolythos
698 1263 755 1315 et
786 1260 953 1329 alios,
1008 1262 1231 1334 ingenti
1264 1278 1527 1317 numero.
1588 1260 1671 1314 Ex
1713 1258 1999 1314 universis

341 1346 613 1418 Europa},
666 1348 869 1403 Africae
928 1354 1104 1422 atque
1159 1352 1307 1406 Asiae
1365 1349 1661 1415 Ecclesiis,
1694 1348 1793 1420 qui
1851 1347 2004 1403 inter

340 1434 449 1489 Dei
483 1436 785 1493 ministros
816 1438 1139 1511 principem
1169 1440 1447 1495 tenebant
1476 1439 1691 1505 locum,
1724 1453 1843 1492 una
1872 1453 2003 1491 con-

340 1524 612 1580 veniunt.
646 1528 861 1583 Eadem
896 1529 1176 1584 orationis
1209 1530 1443 1596 domus,
1488 1545 1592 1584 ceu
1632 1528 1724 1582 Dei
1759 1524 2001 1582 consilio

342 1614 611 1681 dilatata,
642 1621 813 1688 Syros
830 1618 1029 1683 simul,
1054 1618 1284 1687 Cilices,
1308 1617 1878 1687 Phaenices,Arabes,
1906 1615 2003 1671 Pa-

341 1702 631 1775 laestinos,
695 1705 957 1777 itemque
1016 1708 1336 1780 Egyptios,
1397 1708 1694 1771 Thcbmos,
1771 1707 2000 1778 Libyes,

341 1792 613 1865 aliosque
630 1812 698 1849 ex
718 1795 1137 1869 Mesopotamia
1159 1799 1449 1869 profectos
1473 1814 1580 1852 suo
1603 1795 1826 1852 ambitu
1850 1812 2003 1849 com-

342 1883 517 1955 plexa
548 1889 653 1939 est.
706 1885 828 1940 Non
864 1890 1058 1957 Persa,
1113 1904 1228 1942 non
1260 1887 1476 1960 Scytha
1523 1886 1727 1942 defuit.
1780 1884 2003 1985 .Pontus
2035 1920 2083 1985 B

344 1972 510 2043 item,
545 1973 791 2040 Galatia,
817 1976 1162 2049 Pamphylia
1192 1982 1248 2032 et
1276 1976 1662 2048 Cappadocia,
1696 1974 1833 2030 Asia
1858 1991 2002 2045 quo-

344 2078 464 2133 que
494 2068 552 2118 et
595 2063 863 2137 Phrygia,
898 2064 1287 2122 lectissimum
1320 2081 1614 2137 quemque
1663 2081 1905 2121 suorum
1937 2080 2003 2119 eo

344 2148 582 2205 misere.
620 2152 739 2206 Imo
794 2151 1070 2218 Thraces,
1129 2153 1496 2223 Macedones,
1533 2152 1716 2208 Achaai
1769 2157 1825 2207 et
1871 2151 2003 2225 Epi-

346 2242 507 2305 rotae,
543 2242 716 2311 atque
748 2241 847 2312 qui
897 2240 1159 2313 longiore
1189 2242 1492 2298 distabant
1537 2241 1862 2313 intervallo,
1906 2258 2005 2297 ac-

344 2344 575 2383 cessere
606 2344 711 2384 nec
741 2330 927 2386 inviti.
966 2332 1052 2386 Ab
1100 2331 1381 2404 Hispania
1411 2347 1643 2403 quoque
1673 2330 1763 2387 vir
1793 2330 1889 2385 ille
1920 2346 2006 2385 ce-

346 2416 783 2474 lebratissimus
816 2418 1029 2475 Hosius
1062 2438 1180 2476 una
1239 2437 1373 2475 cum
1405 2419 1606 2475 multis
1637 2419 1768 2474 aliis
1801 2435 1867 2475 eo
1899 2419 2007 2473 iter

350 2506 625 2562 instituit.
650 2508 863 2564 Aberat
884 2509 1124 2581 quidem
1148 2511 1465 2565 senectutis
1489 2526 1667 2565 causa
1688 2509 2004 2582 Sylvestcr,

350 2595 737 2667 imperatoriae
772 2599 1018 2654 antistes
1050 2600 1321 2668 civitatis,
1355 2601 1455 2656 sed
1513 2600 1641 2670 ejus
1667 2599 1851 2654 vicem
1894 2600 2005 2654 im-

350 2684 588 2757 plebant
637 2688 958 2760 presbyteri
990 2690 1116 2760 ejus
1146 2689 1277 2746 Vito
1330 2694 1387 2744 et
1413 2689 1779 2745 Vincentius.
1822 2689 2005 2744 Inter-

350 2775 460 2829 fuit
491 2774 923 2833 Alexandrinus
947 2778 1179 2850 praesul,
1204 2780 1303 2852 qui
1328 2796 1473 2850 pene
1504 2778 1666 2835 solus
1692 2782 1862 2834 antea
1883 2777 2005 2832 Arii

351 2863 658 2921 molimina
688 2866 1027 2939 depulerat:
1068 2868 1297 2925 itineris
1349 2886 1543 2925 comes
1587 2869 1697 2924 fuit
1744 2868 2005 2923 Athana-

349 2953 474 3009 sius
507 2954 577 3025 (ε)
610 2958 737 3011 tum
769 2955 1072 3029 diaconus,
1106 2958 1489 3014 consiliorum
1513 2958 1878 3026 administer,
1904 2958 2005 3031 qui

350 3048 560 3099 stenue
618 3060 741 3100 rem
792 3046 1135 3103 catholicam
1198 3049 1607 3122 propugnavit.
1654 3054 1729 3104 Eo
1788 3047 2008 3121 pariter

350 3134 620 3188 convenit
666 3134 983 3208 imperator
1034 3138 1477 3204 Constantinus,
1537 3138 1645 3194 hoc
1691 3138 1911 3206 animo,
1943 3142 2007 3193 ut

352 3226 577 3278 tantam
602 3225 1112 3283 sanctissimorum
1132 3227 1449 3299 praesulum
1464 3228 1853 3299 frequentiam
1873 3243 2007 3283 ocu-

350 3308 425 3363 lis
457 3310 581 3381 ipse
612 3312 737 3368 suis
763 3318 1024 3370 coactam
1056 3317 1433 3388 perspiceret,
1478 3334 1852 3388 praesensque
1884 3332 2009 3371 ma-
2042 3299 2084 3365 (ἶ

351 3414 468 3470 gno
492 3399 869 3457 conciliandas
900 3404 1028 3474 paci
1081 3411 1383 3461 momento
1414 3409 1586 3461 esset.
1618 3406 1753 3471 Quae
1784 3405 2003 3461 victum

349 3486 782 3562 honestumque
814 3491 1038 3548 cultum
1067 3497 1336 3565 spectant
1387 3495 1633 3566 Augusti
1666 3494 2004 3566 sumptibus

349 3578 520 3631 caztui
554 3578 659 3634 toti
686 3580 1134 3639 subministrata
1166 3588 1323 3653 sunt,
1359 3602 1425 3640 ac
1452 3585 1732 3640 viaticum
1773 3584 2005 3640 abunde

348 3666 562 3737 cuique
595 3669 1058 3739 suppeditatum.

418 3756 471 3811 3.
506 3756 758 3811 Nicaeam
815 3758 1053 3814 vixdum
1116 3768 1499 3832 pervenerant
1538 3763 1815 3836 episcopi,
1868 3780 2003 3819 cum

346 3848 577 3900 mature
602 3845 661 3900 in
681 3847 925 3902 ecclesia
955 3851 1328 3907 conveniunt.
1356 3853 1634 3925 Actisque
1662 3859 1773 3909 Deo
1794 3854 2004 3926 gratiis

347 3934 419 3989 de
449 3934 566 3990 alta
596 3952 735 4008 pace
794 3940 1157 3995 Constantini
1201 3941 1460 3997 victoriis
1518 3947 1705 4014 parta,
1738 3944 1809 3999 de
1865 3961 2001 4000 con-

348 4039 515 4079 verso
547 4026 915 4082 Constantini
946 4029 1143 4085 animo
1174 4031 1245 4085 ad
1278 4030 1395 4086 veri
1426 4032 1699 4089 Numinis
1719 4034 2003 4106 cognitio-

354 4130 509 4180 nem,
543 4114 754 4170 caelesti
787 4132 849 4170 se
879 4115 1101 4175 lumine
1132 4119 1402 4191 perfundi
1435 4122 1644 4177 obnixe
1667 4127 1999 4195 precantur,

347 4218 463 4272 quo
497 4219 693 4258 veram
726 4205 958 4276 possint
1006 4208 1285 4264 doctrinm
1346 4210 1635 4267 rationem
1670 4214 1904 4285 assequi
1936 4231 2002 4270 ac

347 4292 611 4349 definire.

420 4380 471 4434 4.
507 4380 614 4448 Qui
661 4383 899 4454 episcOpi
946 4384 1172 4441 Arionis
1225 4389 1492 4459 faverent.
1533 4422 1604 4431 -—
1660 4392 1783 4448 Etsi
1830 4410 2002 4465 porro

346 4468 753 4542 episcoporum
787 4473 1043 4530 maxima
1075 4493 1212 4548 pars
1263 4478 1335 4533 ad
1367 4480 1659 4551 synodum
1692 4498 1837 4538 verae
1867 4483 2001 4539 fidei

344 4560 577 4615 tuenda;
609 4562 805 4617 studio
832 4566 1200 4631 commeavit,
1234 4585 1349 4623 non
1404 4569 1639 4626 defuere
1670 4575 1863 4627 tamen
1900 4574 2000 4645 qui

2110 631 2423 699 donensis;
2458 631 2726 687 Theonas
2774 631 2913 687 item
2945 632 3326 701 Marmaricas,
3381 638 3437 689 et
3470 637 3766 692 secundus

2109 720 2508 787 Ptolemaidis,
2567 722 2739 776 ambo
2789 722 2915 792 jam
2976 726 3112 777 ante
3170 722 3434 795 quinque
3488 740 3672 779 annos
3704 724 3765 779 in

2110 808 2495 865 Alexandrina
2524 810 2742 881 synodo
2773 810 3047 866 abdicati.

2179 900 2233 953 5.
2273 900 2469 953 Libelli
2518 901 2869 955 Constantino
2924 901 3115 956 oblati.
3152 931 3218 942 -—
3249 905 3364 956 Nec
3396 900 3629 957 defuere
3663 901 3767 974 qui

2109 986 2320 1043 oblatis
2351 987 2734 1043 Constantino
2760 987 2972 1044 libellis
3030 990 3318 1061 quosdam
3354 990 3765 1063 episcoporum

2110 1092 2238 1131 reos
2271 1079 2528 1149 agerent.
2563 1076 2841 1132 Arianine
2872 1093 2945 1132 an
2978 1078 3256 1134 Catholici
3288 1079 3328 1133 ii
3360 1079 3596 1145 fuerint,
3631 1078 3767 1135 nul-

2111 1165 2225 1221 lius
2258 1165 2485 1237 antiqui
2536 1165 2838 1237 scriptoris
2897 1166 2972 1237 (ιι)
3033 1168 3365 1224 testimonio
3399 1173 3765 1241 compertum

2111 1260 2240 1324 est;
2274 1256 2373 1311 sed
2433 1255 2797 1310 arbitrantur
2853 1260 2985 1327 post
3037 1256 3352 1313 Baronium
3411 1260 3766 1315 recentiores

2111 1362 2257 1418 pene
2289 1362 2518 1412 omnes,
2550 1344 2607 1399 id
2660 1345 2739 1399 rei
2776 1344 3008 1400 nonnisi
3068 1347 3300 1403 Arianis
3349 1348 3641 1420 episcopis
3672 1366 3768 1405 as-

2111 1436 2256 1491 cribi
2291 1450 2485 1506 posse,
2520 1434 2617 1506 qui
2652 1434 2861 1489 infesto
2893 1450 3125 1506 semper
3154 1436 3212 1490 in
3258 1436 3514 1509 reliquos
3546 1438 3765 1507 animo,

2112 1523 2345 1580 nullum
2378 1541 2493 1579 non
2528 1523 2907 1595 querimoniae
2957 1530 3371 1596 argumentum
3404 1543 3768 1599 aucuparen-

2114 1619 2230 1669 tur.
2264 1613 2478 1668 Verum
2520 1614 2568 1668 si
2610 1630 2671 1668 se
2704 1613 2785 1668 ita
2815 1630 2906 1668 res
2938 1612 3161 1685 habuit,
3211 1614 3350 1685 quid
3413 1633 3600 1672 causa:
3640 1634 3771 1673 esse

2113 1702 2299 1774 possit
2354 1703 2509 1773 quod
2558 1702 2825 1767 Rufinus,
2858 1702 3259 1759 Theodoretus
3314 1708 3370 1760 et
3412 1706 3773 1762 Sozomenus

2118 1793 2463 1847 Arianorum
2488 1809 2700 1847 nomen
2726 1797 2956 1847 taceant
2978 1796 2999 1847 ἓ
3021 1810 3093 1847 an
3122 1810 3321 1849 eorum
3350 1795 3774 1852 existimationi

2114 1881 2450 1937 consultum
2482 1881 2737 1948 voluere,
2772 1881 2873 1953 qui
2926 1882 3074 1937 nihil
3105 1900 3217 1938 non
3250 1900 3556 1955 aspersum
3590 1884 3648 1939 in
3678 1901 3771 1941 cc-

2116 1971 2458 2027 clesiasticzn
2481 1971 2758 2027 doctrinae
2784 1976 3152 2043 corruptores
3178 1972 3397 2045 passim
3421 1991 3524 2045 per
3551 1975 3773 2048 scripta

2116 2078 2225 2116 sua
2254 2060 2699 2134 conspergunt?
2760 2061 2919 2117 Unde
2977 2062 3037 2116 in
3091 2061 3309 2119 incerto
3361 2078 3451 2119 res
3481 2068 3770 2120 versatur.

2116 2150 2467 2221 Hujusmodi
2489 2148 2719 2205 libellos
2746 2150 3164 2206 Constantinus
3196 2152 3255 2206 in
3289 2152 3635 2209 fasciculum
3660 2154 3775 2210 col-

2114 2239 2350 2311 ligatos,
2374 2239 2708 2310 annuloque
2738 2255 2844 2295 suo
2867 2240 3226 2312 obsignatos,
3253 2242 3537 2297 asservari
3562 2244 3769 2314 jussit.

2116 2329 2507 2401 Posteaquam
2532 2346 2665 2384 vero
2697 2345 2898 2401 pacem
2921 2328 3198 2402 praesules
3230 2330 3381 2387 inter
3409 2332 3770 2402 conciliarat,

2118 2418 2177 2474 in
2209 2418 2469 2474 medium
2500 2416 2708 2473 allatos
2764 2419 2896 2489 igne
2955 2419 3307 2492 absumpsit,
3358 2422 3598 2491 juratus
3624 2423 3771 2479 nihil

2115 2522 2315 2563 eorum
2350 2525 2413 2563 se
2441 2507 2690 2580 legisse:
2745 2508 2908 2563 nefas
2938 2508 3101 2564 aiens
3121 2510 3523 2583 episcoporum
3560 2512 3773 2569 delicta

2117 2599 2175 2653 in
2206 2597 2571 2653 saecularium
2607 2596 2875 2652 notitiam
2908 2598 3198 2653 devenire.
3269 2636 3275 2642 -

2186 2689 2241 2745 6.
2276 2690 2578 2760 Imperator
2631 2688 2840 2759 synodo
2897 2690 3139 2747 interest.
3174 2722 3242 2730 —
3275 2691 3395 2746 Sub
3428 2691 3551 2748 hazc
3583 2692 3771 2766 impe-

2118 2781 2276 2833 rator
2304 2777 2458 2833 diem
2488 2777 2655 2842 dixit,
2689 2794 2803 2849 quo
2852 2777 3260 2851 episcoporum
3306 2785 3624 2837 conventus
3657 2782 3771 2839 ini-

2117 2871 2339 2933 rentur,
2373 2866 2651 2923 dicimam
2710 2883 2945 2923 nomam
3006 2866 3223 2923 scilicet
3280 2868 3443 2925 Junii
3474 2872 3611 2926 anni
3643 2872 3772 2929 325.

2116 2957 2309 3013 Coacti
2340 2972 2474 3011 vero
2505 2956 2775 3012 condicta
2802 2957 2895 3012 die
2924 2956 2984 3012 in
3022 2956 3243 3014 Palatio
3274 2959 3552 3032 episcopi,
3584 2960 3772 3035 impe-

2118 3051 2370 3102 ratorem
2430 3046 2601 3102 tacite
2658 3046 3147 3119 praastolabantur
3214 3065 3346 3104 mox
3404 3050 3769 3108 adfuturum.

2115 3137 2426 3192 Accedenti
2459 3151 2828 3192 assurrexere
2855 3152 3079 3206 omnes,
3112 3136 3252 3191 dum
3285 3137 3437 3194 inter
3466 3141 3770 3213 episcopos

2117 3225 2207 3281 illi
2267 3226 2419 3280 ultro
2479 3226 2736 3296 citroque
2808 3224 3031 3296 positos
3090 3241 3422 3296 permeans,
3482 3228 3541 3284 in
3591 3247 3770 3288 aurea

2116 3314 2278 3380 sella,
2311 3330 2416 3370 nec
2448 3314 2561 3369 nisi
2594 3314 2775 3387 petita
2807 3313 2878 3369 ab
2910 3314 2983 3369 iis
3004 3314 3193 3381 venia,
3228 3316 3474 3373 sederet.
3506 3318 3767 3376 Primam

2116 3404 2439 3460 secundum
2465 3404 2913 3458 Constantinum
2943 3402 3143 3459 sedem
3177 3421 3496 3477 occupasse
3528 3408 3769 3466 nomine

2115 3493 2389 3566 Sylvestri
2416 3510 2577 3565 papae
2608 3491 2872 3560 Hosium,
2904 3496 3154 3548 testatur
3182 3493 3447 3551 Gelasius
3479 3496 3571 3569 (e).
3604 3498 3773 3554 Hosii

2115 3582 2358 3637 comites
2386 3582 2546 3637 fuere
2578 3581 2705 3635 Vito
2736 3584 2793 3637 et
2846 3579 3190 3638 Vincentius
3220 3584 3541 3657 presbyteri
3575 3604 3609 3641 a
3635 3586 3767 3660 Syl-

2113 3674 2305 3726 vestro
2337 3673 2477 3727 item
2510 3670 2706 3743 legati.
2754 3670 2822 3725 Et
2852 3687 2993 3727 sane
3051 3672 3205 3743 quod
3262 3672 3483 3743 primas
3513 3676 3774 3733 tenuerit

2118 3761 2346 3831 Hosius,
2380 3760 2609 3816 videtur
2662 3760 3017 3817 Athanasius
3076 3762 3320 3818 innuere
3368 3781 3502 3819 cum
3547 3766 3629 3821 ait
3659 3766 3767 3839 (f):

2114 3874 2143 3901 «
2178 3850 2279 3905 Cui
2310 3850 2531 3922 synodo
2564 3866 2677 3905 non
2710 3850 2943 3922 praefuit
2969 3867 3145 3906 senex
3174 3851 3271 3907 ille
3300 3853 3515 3910 Hosius
3537 3856 3564 3910 ‘2
3594 3875 3618 3900 ιο
3653 3856 3772 3914 Nec

2112 3944 2308 3995 tamen
2343 3956 2433 3995 res
2464 3940 2645 3995 dubio
2672 3944 2856 3995 vacat.
2880 3944 3025 3995 Tum
3058 3941 3159 4012 qui
3191 3958 3225 3997 a
3252 3942 3471 3999 dextris
3502 3946 3764 4015 sedebat,

2114 4029 2441 4085 orationem
2462 4029 2533 4084 ad
2558 4029 2967 4101 imperatorem
2994 4030 3217 4102 habuit,
3242 4048 3368 4104 qua:
3392 4034 3768 4106 potissimum

2110 4119 2455 4174 versabatur
2509 4118 2569 4173 in
2628 4120 2944 4175 referendis
3004 4124 3116 4176 Deo
3173 4122 3379 4193 gratiis
3420 4123 3491 4178 ob
3522 4122 3768 4180 collatas

2110 4211 2374 4282 Augusto
2406 4209 2569 4265 dotes
2615 4225 2681 4263 ac
2736 4208 3029 4266 victorias.
3087 4211 3174 4265 Ab
3232 4212 3535 4269 Eustathio
3565 4214 3765 4270 Antio-

2112 4298 2296 4354 cheno
2329 4302 2560 4354 oratum
2616 4298 2699 4353 ait
2753 4299 3151 4356 Theodoretus
3180 4301 3291 4373 (g):
3341 4319 3540 4359 verum
3574 4304 3629 4359 id
3661 4304 3769 4361 So-

2110 4405 2390 4443 zomenus
2421 4388 2503 4459 (h)
2564 4388 2834 4453 Eusebio,
2896 4388 3128 4446 Nicetas
3183 4408 3314 4447 vero
3363 4409 3433 4448 ex
3462 4394 3764 4453 Theodoro

2109 4477 2501 4550 Mopsuestia.
2536 4476 2861 4533 Alexandre
2892 4478 3149 4533 ascribit.
3184 4478 3328 4535 Hinc
3358 4480 3561 4538 multis
3587 4484 3768 4557 impe-

2113 4573 2268 4624 rator
2298 4566 2576 4639 praesules
2607 4566 2946 4639 alloquitur.
3002 4568 3063 4621 In
3101 4567 3250 4623 votis
3278 4585 3407 4625 esse
3437 4571 3569 4640 sibi,
3605 4590 3766 4630 com-

344 4665 449 4704 nec
477 4650 723 4706 obscure
751 4652 983 4709 Arianis
1042 4656 1318 4711 faverent.
1372 4657 1613 4725 Horum,
1674 4665 1739 4715 ut
1770 4662 1993 4718 dictum
2038 4673 2080 4737 D
2114 4674 2317 4730 pressa
2353 4657 2405 4711 vi
2434 4660 2816 4729 tyrannorum
2848 4672 3104 4728 paceque
3147 4657 3273 4713 orbi
3305 4660 3594 4727 restituta,
3622 4679 3767 4719 00n-

343 4743 455 4807 est,
488 4739 758 4813 princeps
780 4748 903 4797 erat
932 4744 1221 4801 Eusebius
1242 4746 1726 4805 Nicomediensis.
1753 4750 1863 4805 Alii
1894 4769 1997 4808 au-

2108 4748 2365 4811 cordiam
2391 4747 2450 4802 in
2474 4746 2733 4801 Ecclesia
2754 4746 3035 4813 obtinere,
3061 4747 3341 4805 intestina
3363 4750 3573 4822 deponi
3606 4752 3765 4823 odia,

342 4832 482 4895 tem,
518 4830 808 4887 Eusebius
842 4834 1136 4905 Pamphili
1193 4836 1586 4906 Caesariensis,
1621 4841 1999 4913 Patrophilus
2108 4837 2803 4909 dissidiorumqueﬁnem
2823 4854 2951 4893 esse
2976 4854 2987 4893 :
3014 4853 3149 4892 eum
3173 4854 3234 4893 se
3253 4838 3507 4895 fructum
3532 4859 3765 4899 summe

343 4918 879 4991 Scythopolitanus,
920 4923 1255 4981 Theodotus
1304 4926 1684 4995 Laodicenus,
1718 4930 1998 4988 Paulinus
2107 4949 2341 5008 sperare
2374 4946 2443 4985 ex
2473 4931 2559 4983 tot
2600 4930 3015 5000 tantorumque
3071 4928 3479 5001 episcoporum
3512 4932 3763 4989 adventu

342 5007 576 5078 Tyrius,
635 5009 991 5068 Athanasius
1049 5015 1497 5083 Anazarbensis,
1544 5018 1860 5090 Gregorius
1894 5021 1997 5076 Be-
2107 5007 2583 5081 consecuturum.

342 5097 615 5168 rytensis,
648 5099 850 5154 Aetius
884 5101 1243 5173 Lyddensis:
1277 5106 1377 5178 qui
1412 5123 1614 5162 omnes
1644 5109 1791 5180 Syri,
1827 5110 1999 5166 Palze-
2175 5116 2229 5169 7.
2264 5114 2427 5169 Arius
2455 5125 2579 5164 suos
2618 5118 2930 5180 propugnat
2987 5124 3217 5165 errores.
3276 5109 3611 5166 Athanasius
3635 5127 3764 5169 con-

342 5185 481 5240 stini
540 5190 597 5242 et
671 5186 970 5245 Phaenices
1026 5197 1211 5248 erant.
1284 5194 1511 5265 Caeleri,
1569 5197 1998 5269 Menophantus
2104 5213 2190 5261 ινα
2221 5206 2412 5260 Arium
2467 5201 2735 5272 disputat.
2769 5198 2969 5255 —His
3022 5198 3603 5271 praemissis,jubent
3632 5202 3761 5274 epi-

340 5275 694 5347 Ephesinus,
753 5276 1063 5336 Narcissus
1150 5283 1581 5356 Neronopoleos
1639 5285 1697 5340 in
1774 5287 1994 5361 Cilicia,
2104 5294 2260 5366 scopi
2296 5293 2494 5349 Arium
2526 5306 2588 5347 se
2620 5289 2826 5346 sistere
2876 5290 2933 5344 in
2993 5287 3275 5356 medium,
3311 5289 3381 5345 de
3411 5290 3676 5347 doctrina
3704 5296 3763 5351 et

414 5472 490 5614 (ag
521 5473 740 5533 Socrat.
774 5476 813 5531 l.
853 5495 886 5545 ι,
923 5495 974 5533 c.
1007 5480 1061 5534 8.
2174 5490 2242 5614 ξε)
2276 5492 2402 5547 Lib.
2435 5507 2497 5560 ιι,
2530 5505 2580 5544 c.
2611 5488 2665 5543 5.

414 5546 464 5614 (ὁ
507 5545 718 5602 Athan.
750 5548 824 5602 ad
849 5550 1039 5607 Afros.
1063 5551 1139 5607 De
1166 5554 1281 5609 Vita
1304 5555 1674 5614 Constantini,
1694 5553 1731 5611 l.
1758 5572 1842 5614 ιιι.
1867 5574 1916 5613 c.
1936 5561 1989 5614 7.
2197 5565 2241 5614 ﬂ
2274 5564 2495 5614 Anoloa.
2532 5562 2605 5614 De
2635 5563 2665 5614 ιι

507 5545 718 5634 Athan.
750 5548 824 5634 ad
849 5550 1039 5634 Afros.
1063 5551 1139 5634 De
1166 5554 1281 5634 Vita
1304 5555 1674 5634 Constantini,
1694 5553 1731 5611 l.
1758 5572 1842 5626 ιιι,
1867 5574 1916 5613 c.
1936 5561 1989 5616 7.
2273 5545 2497 5634 Apolog:
2532 5562 2605 5617 De
2632 5563 2785 5632 fuga,
2822 5577 2881 5615 ιῐ·
2913 5561 2967 5617 5-

515 5618 732 5705 Athﬁan.
766 5621 921 5705 Apol.
954 5631 1151 5705 contra
1179 5626 1397 5705 Ariani,
1448 5627 1596 5705 n_.__6.
1792 5704 1795 5705 ν
1829 5618 1838 5626 ’
1876 5700 1890 5705 _
2284 5618 2407 5691 Uib.
2442 5618 2483 5704 ἶ,
2516 5649 2565 5689 ο·
2600 5618 2653 5705 δέ

432 5637 483 5683 ι’)
515 5637 732 5675 Aman.
766 5637 921 5692 Αροι.
954 5637 1151 5680 contra
1179 5637 1397 5691 Ανιαη.,
1448 5642 1504 5679 n.
1540 5637 1596 5682 (5.

432 5687 487 5781 ᾖ)
520 5688 738 5763 Ruﬁn.,
798 5699 1023 5754 Sozom.
1057 5695 1098 5754 l.
1152 5713 1192 5770 ι,
1226 5713 1276 5761 c.
1312 5698 1416 5771 17;
1475 5697 1823 5759 Theodoret.
1875 5700 1915 5759 l.
1952 5720 1991 5779 ι,

2173 5637 2228 5705 (g
2284 5637 2407 5691 Lib.
2444 5651 2483 5704 ι,
2516 5649 2565 5689 c.
2600 5637 2653 5687 8.

2170 5637 2253 5781 (hi
2284 5706 2411 5764 Lib.
2444 5723 2484 5779 ι,
2514 5720 2567 5761 ο.
2602 5702 2687 5763 19.

409 5546 428 5760 ἒ
