4170 6392
367 402 564 454 LXVIII

1764 377 2377 456 PROLEGOMENA.

371 521 484 576 fide
504 535 614 576 sua
632 531 1078 590 responsurum.
1105 516 1158 572 Is
1181 530 1297 571 non
1330 513 1616 588 intrepiqe
1637 513 1810 570 modo
1842 513 2020 584 injus
2049 521 2103 582 Α
2133 517 2325 570 ratum
2358 517 2560 586 postea
2580 513 2722 569 fuit:
2757 515 3068 570 damnatas
3096 513 3253 570 enim
3279 512 3584 586 opiniones
3605 514 3780 570 modo

368 610 656 675 ambulat,
689 609 791 664 sed
821 609 1088 679 proterve
1117 608 1317 661 tuetur
1336 620 1579 661 errores.
1619 603 1740 661 Non
1773 603 2017 674 impera-

366 702 510 757 toris
567 697 844 768 dignitas,
870 712 982 751 non
1006 695 1154 751 tanti
1183 697 1360 750 caatus
1383 693 1724 763 reverentia,
1756 691 2016 748 hominis

367 793 526 844 arcet
552 784 1003 859 impudentiam,
1037 783 1386 855 Blasphema
1407 782 1522 837 Arii
1555 783 1710 836 dicta
1739 797 1854 836 non
1888 779 2016 836 sine

365 877 669 937 stomacho
699 877 1056 946 horroreque
1106 873 1357 929 audiunt
1410 871 1689 944 episcopi.
1740 873 1811 925 At
1841 887 1934 938 ne,
1966 870 2016 925 si

364 972 713 1042 praematuro
745 964 1054 1020 ulcicendze
1086 977 1230 1018 veras
1291 960 1565 1016 doctrinae
1597 960 1790 1016 studio
1819 959 2012 1027 Arius,

363 1060 611 1116 necdum
659 1056 995 1112 confutatus
1048 1053 1444 1117 damnaretur,
1494 1048 1863 1122 querelarum
1897 1049 2012 1121 ipsi

362 1149 695 1219 superesset
715 1143 898 1210 locus,
925 1159 1029 1214 par
1058 1155 1188 1196 esse
1216 1139 1431 1204 visum,
1457 1140 1644 1210 primo
1681 1143 2012 1193 controver-

360 1237 510 1295 siam
539 1235 686 1292 inire
715 1249 850 1290 cum
883 1228 1285 1287 baeresiarcha.
1349 1227 1453 1283 Hie
1483 1226 1876 1299 complurium
1907 1244 2010 1283 an-

360 1326 613 1383 tistitum
646 1321 890 1379 emicuit
914 1319 1002 1376 vis
1031 1317 1270 1389 ingenii,
1321 1333 1466 1372 verae
1501 1317 1631 1372 lidei
1666 1333 1849 1392 amor,
1881 1321 2009 1372 stu-

357 1415 523 1472 dium
553 1409 957 1470 ecclesiasticae
989 1407 1172 1479 pacis,
1205 1406 1459 1462 Marcelli
1498 1405 1559 1460 in
1591 1404 1797 1478 primis
1828 1407 2008 1478 Ancy-

358 1503 510 1573 rani,
540 1501 792 1557 maxime
821 1503 1018 1554 tamen
1078 1494 1344 1551 omnium
1402 1493 1739 1551 Athanasii:
1795 1495 1895 1567 qui
1926 1503 2009 1550 ta-

358 1591 532 1650 metsi
588 1590 870 1646 diaconus
926 1585 1119 1642 solum
1176 1589 1318 1654 erat,
1378 1589 1453 1652 et,
1513 1587 1578 1639 ut
1631 1583 1712 1639 ait
1739 1583 2005 1639 Theodo-

355 1686 516 1739 retus
547 1680 644 1753 (α),
676 1676 951 1750 juvenilis
981 1675 1183 1746 astatis,
1237 1674 1458 1730 nemini
1493 1673 1593 1730 uni
1627 1674 2007 1746 quantumvis

353 1769 663 1844 grandaavo
694 1766 991 1823 secundus
1039 1768 1161 1820 erat
1219 1763 1414 1820 studio
1470 1764 1592 1819 Arii
1624 1761 2002 1819 confutandi:

356 1877 474 1933 qua
503 1859 575 1915 de
607 1874 665 1915 re
693 1854 1023 1913 audiendus
1066 1852 1378 1926 Gregorius
1407 1852 1843 1908 Nazianzenus:
1881 1873 1908 1901 α
1942 1853 2003 1906 In

353 1953 560 2008 sancta
588 1946 807 2018 synodo
855 1944 1087 1999 Nicaena
1140 1947 1314 2014 atque
1373 1941 1470 1997 illo
1524 1945 1917 1998 trecentorum
1949 1947 2006 1996 et

352 2035 750 2108 duodeviginti
792 2033 1248 2090 lectissimorum
1306 2032 1497 2088 virum
1555 2048 1820 2097 numero,
1854 2047 2004 2102 quos

348 2127 600 2202 Spiritus
630 2127 872 2182 sanctus
903 2123 964 2178 in
996 2139 1178 2179 unum
1210 2125 1501 2194 coegerat,
1534 2122 1724 2192 quoad
1756 2119 2004 2177 facultas

347 2217 502 2286 tulit,
536 2215 811 2273 morbum
843 2211 1204 2284 compressit.
1236 2211 1509 2267 Nondum
1547 2209 1640 2266 ille
1673 2210 1908 2282 quidem
1940 2209 2001 2265 in

347 2307 756 2382 episcoporum
815 2317 1130 2358 numerum
1196 2300 1462 2367 allectus,
1521 2317 1724 2356 verum
1783 2299 2000 2370 primas

346 2397 538 2454 tenuit
566 2397 719 2452 inter
743 2409 842 2449 eos
884 2391 986 2463 qui
1037 2407 1156 2446 una
1212 2407 1278 2446 eo
1336 2389 1838 2462 commigrassent.
1872 2388 1998 2444 Non

347 2485 546 2543 minus
574 2484 733 2540 enim
757 2484 994 2548 virtute,
1026 2495 1204 2551 quam
1236 2479 1526 2552 graduum
1558 2478 1862 2550 dignitate,
1897 2478 1998 2534 ho-

347 2575 508 2631 noris
565 2571 907 2647 prazstantia
979 2569 1347 2626 censebatur.
1383 2588 1411 2617 »
1473 2568 1588 2624 Nec
1647 2568 1820 2623 modo
1877 2567 1999 2622 Arii

345 2663 447 2720 ille
477 2664 573 2735 (b),
605 2663 707 2718 sed
767 2660 943 2716 etiam
1001 2661 1501 2731 propugnatorum
1560 2657 1690 2728 ejus
1735 2655 1996 2722 Eusebii,

345 2751 633 2825 Theognii
663 2755 721 2806 et
751 2749 930 2805 Maris
973 2747 1204 2803 insidiis
1235 2753 1410 2818 atque
1441 2745 1747 2802 conatibus
1778 2762 1881 2818 pro
1912 2745 1998 2799 vi-

345 2841 437 2897 rili
467 2839 738 2898 occurrit.
763 2839 886 2903 Quo
909 2837 1150 2903 factum,
1182 2839 1248 2891 ut
1277 2841 1399 2891 tota
1420 2835 1504 2890 vis
1526 2833 1665 2890 mali
1697 2834 1755 2888 in
1789 2832 2000 2905 capitis

345 2932 473 3002 ejus
503 2927 830 3002 periculum
888 2933 1088 3000 postea
1145 2924 1498 2990 immineret,
1561 2925 1802 2996 ipseque
1847 2939 2000 2978 unus

345 3019 612 3077 omnium
642 3017 932 3089 impetum
981 3013 1290 3087 exciperet.
1349 3013 1431 3070 De
1460 3013 1765 3068 Athanasii
1797 3019 1999 3068 contra

346 3108 549 3164 Arium
583 3104 980 3179 disputatione
1020 3103 1141 3160 haec
1197 3103 1554 3176 accepimus,
1586 3119 1689 3174 pro
1719 3101 1998 3174 gravitate

346 3203 498 3256 certe
527 3196 927 3270 dignitateque
956 3193 1036 3250 rei
1068 3193 1442 3266 paucissima.
1486 3192 1632 3247 Nam
1666 3208 1793 3262 quae
1826 3189 1996 3262 vulgo

2127 603 2301 670 clam,
2335 603 2507 659 modo
2537 603 2768 674 publice
2799 603 3156 670 defendunt;
3205 607 3261 658 et
3292 603 3612 676 conspicati
3643 620 3778 660 cum

2128 692 2329 763 peritis
2360 700 2417 747 et
2447 692 2761 764 sagacibus
2793 692 2905 748 sibi
2934 710 3056 749 rem
3088 709 3234 761 esse,
3268 692 3429 749 nullo
3453 710 3568 748 non
3599 694 3754 749 artiﬁ

2126 782 2214 836 cio
2246 786 2494 837 utuntur
2525 798 2596 836 ne
2639 799 2818 838 causa
2859 783 3088 838 cadant.
3140 783 3270 838 Hec
3301 798 3370 838 ex
3416 783 3777 838 Theodoreto

2124 870 2226 925 lib.
2262 888 2300 940 1,
2333 889 2382 926 c.
2415 873 2472 938 7,
2504 871 2602 943 qui
2635 872 2836 927 eadem
2867 871 3018 944 ipsa,
3051 889 3102 926 c.
3135 872 3192 939 8,
3223 888 3291 927 ex
3312 871 3618 928 Eustathio
3639 889 3775 927 con-

2126 960 2339 1014 ﬁrmat.
2375 958 2821 1015 l-Iallucinantur
2851 977 3044 1033 porro,
3095 960 3191 1031 qui
3224 959 3492 1016 libellum
3523 960 3714 1033 capite
3741 962 3774 1018 7

2125 1055 2539 1120 memoratum,
2567 1049 2861 1105 diversum
2895 1066 3020 1106 esse
3050 1055 3260 1122 putant
3307 1052 3378 1106 ab
3411 1050 3524 1106 alio
3555 1051 3627 1106 de
3657 1067 3774 1122 quo

2124 1155 2173 1194 c.
2204 1140 2258 1210 8,
2302 1155 2438 1194 nam
2467 1138 2721 1211 idipsum
2758 1139 3066 1212 utrobique
3085 1140 3334 1206 narrari,
3363 1139 3582 1196 nemini
3607 1156 3774 1196 accu-

2121 1228 2308 1283 ratius
2340 1227 2551 1300 legenti
2583 1228 2829 1284 dubium
2873 1229 2965 1300 (e).
3000 1229 3102 1284 Hic
3137 1229 3261 1301 ipse
3315 1228 3554 1285 libellus
3583 1233 3774 1285 exstat

2121 1316 2179 1370 in
2211 1315 2455 1388 epistola
2484 1316 2718 1373 Eusebii
2763 1317 3173 1386 Caesariensis;
3229 1323 3435 1390 estque
3489 1317 3621 1374 ﬁdei
3652 1318 3771 1374 for-

2120 1404 2300 1462 mula.
2338 1406 2618 1461 Prmterea
2647 1405 2981 1478 epistolam,
3018 1411 3164 1463 teste
3211 1407 3545 1474 Ambrosio,
3599 1407 3772 1464 obtu-

2118 1493 2314 1564 lerunt
2359 1493 2580 1565 Ariani,
2616 1513 2734 1568 qua
2789 1496 3160 1552 sonfutarent
3187 1499 3284 1549 τοῦ
3345 1493 3644 1568 ὁμοουσίου
3672 1514 3768 1554 vo-

2117 1601 2265 1640 cem.
2300 1585 2463 1647 Quod
2497 1584 2546 1639 si
2576 1586 2702 1656 ejus
2737 1602 2905 1641 nemo
2940 1590 3146 1657 praeter
3165 1585 3542 1643 Ambrosium
3567 1587 3770 1642 memi-

2118 1674 2224 1741 nit,
2259 1673 2315 1728 id
2347 1691 2414 1728 ex
2446 1675 2682 1730 amissis
2714 1675 2865 1731 Actis
2894 1674 3142 1730 Nicaenis
3175 1675 3384 1732 evenit.

2186 1764 2239 1817 9.
2279 1764 2418 1832 Quid
2446 1780 2545 1834 pro
2573 1767 2668 1816 τοῦ
2691 1761 2988 1835 ὁμοουσίου
3011 1781 3134 1820 voce
3162 1765 3454 1821 statuenda
3471 1775 3672 1822 actum.
3699 1797 3769 1810 -ο

2117 1853 2236 1908 Sub
2262 1852 2404 1920 haec,
2439 1869 2572 1908 cum
2604 1857 2977 1925 peroptarent
3008 1855 3205 1910 Patres
3235 1859 3422 1911 certas
3455 1857 3765 1928 quaedam,

2117 1941 2498 2012 omniumque
2527 1941 2752 1997 calculo
2784 1947 2842 1998 et
2873 1942 3116 1998 consilio
3139 1943 3431 2000 admissas
3461 1962 3764 2000 sacrarum

2116 2031 2471 2087 Litterarum
2502 2047 2671 2086 voces
2702 2035 2957 2088 statuere
2986 2050 3052 2088 ac
3083 2032 3456 2106 promulgare
3473 2036 3562 2106 (f),
3597 2035 3765 2106 queis

2113 2120 2307 2177 omnis
2339 2120 2567 2177 dissidii
2600 2121 2887 2178 levaretur
2915 2123 3160 2194 occasio,
3195 2122 3384 2194 primo
3425 2123 3675 2179 afferunt
3703 2123 3764 2179 in

2113 2210 2370 2266 medium
2395 2227 2521 2266 eam
2547 2211 2880 2279 formulam,
2906 2228 2974 2266 ex
3004 2213 3113 2267 Deo
3136 2210 3350 2267 Filium
3373 2228 3520 2268 esse.
3545 2212 3762 2268 Verum

2111 2299 2423 2356 Eusebiani
2455 2301 2510 2356 id
2530 2317 2664 2356 cum
2699 2318 2876 2373 prava
2901 2301 3335 2372 inveterataque
3357 2318 3465 2357 sua
3490 2301 3765 2374 opinione

2112 2390 2416 2446 convenire
2447 2389 2579 2458 rati,
2611 2407 2726 2446 non
2749 2407 2899 2464 aegre
2929 2391 3310 2447 admisissent
3335 2390 3474 2446 huic
3499 2391 3763 2446 formulae

2111 2494 2323 2534 nomen
2354 2479 2513 2550 dare,
2547 2480 2781 2552 quando
2812 2481 2869 2536 id
2893 2481 3064 2551 juxta
3081 2480 3152 2536 de
3184 2480 3436 2536 conditis
3467 2481 3643 2536 rebus
3674 2481 3761 2536 di-

2111 2571 2278 2622 catur
2307 2568 2459 2640 quod
2518 2585 2586 2623 ex
2643 2569 2758 2624 Deo
2790 2568 2928 2623 sint.
2988 2568 3414 2624 Animadversa
3461 2569 3664 2624 fraude
3695 2586 3762 2625 ac

2111 2655 2358 2713 subdolo
2382 2656 3053 2729 lucifugarumconsilio,
3075 2655 3354 2728 praesules
3376 2655 3594 2711 multas
3617 2656 3763 2712 alias

2108 2744 2369 2801 indidem
2403 2749 2702 2801 mutuatas
2733 2762 2900 2802 voces
2928 2747 3197 2811 ell‘erunt,
3247 2744 3501 2800 Verbum
3537 2745 3764 2802 scilicet

2110 2851 2234 2890 esse
2263 2834 2564 2900 virtutem,
2596 2851 2911 2907 veramque
2945 2834 3128 2890 Patris
3158 2833 3498 2905 imaginem,
3545 2834 3656 2907 ipsi
3700 2835 3757 2889 in

2111 2925 2389 2980 omnibus
2420 2923 2695 2991 similem,
2731 2941 2796 2979 ac
2827 2941 3055 2996 semper
3083 2940 3230 2979 esse.
3264 2924 3414 2978 Tum
3446 2923 3758 2979 Eusebiani

2111 3013 2457 3085 deprehensi
2482 3019 2620 3069 sunt
2642 3014 2751 3069 sibi
2779 3018 2980 3069 mutuo
3003 3013 3190 3069 oculis
3213 3029 3488 3081 annuere,
3514 3030 3580 3067 ac
3604 3030 3760 3069 mus-

2109 3103 2288 3158 sitare
2318 3103 2470 3159 inter
2498 3120 2580 3174 se,
2617 3121 2786 3175 posse
2816 3102 3036 3159 scilicet
3066 3103 3158 3158 bis
3209 3103 3447 3158 vocibus
3479 3101 3758 3173 suffragia

2109 3193 2341 3261 ascribi,
2378 3211 2510 3249 cum
2563 3194 2676 3249 alia
2727 3199 2934 3266 praeter
2977 3193 3234 3249 Verbum
3294 3190 3481 3248 multa
3512 3193 3757 3247 virtutes

345 3288 528 3344 fertur
554 3266 857 3343 Athanasii
889 3301 1025 3340 cum
1068 3282 1203 3339 Ario
1261 3281 1578 3354 disputatio
1630 3281 1720 3352 (c),
1753 3279 1996 3336 Graeculi
2027 3266 2070 3333 C
2109 3283 2496 3355 appellentur,
2532 3300 2762 3339 erucam
2817 3283 2973 3338 enim
3024 3287 3082 3338 et
3136 3281 3429 3337 bruchum
3479 3297 3754 3353 magnam

343 3380 738 3434 commentum
765 3377 874 3445 est,
897 3372 984 3428 uti
1004 3370 1273 3444 pluribus
1295 3375 1384 3426 est
1412 3387 1446 3426 a
1467 3369 1635 3426 nobis
1656 3368 1804 3425 alias
1835 3385 1991 3424 eom-

345 3468 676 3540 probatum.

416 3559 470 3612 8.
502 3553 797 3610 Eusebiani
855 3549 1108 3607 libellum
1165 3549 1294 3620 ﬁdei
1345 3549 1601 3620 offerunt.
1649 3579 1716 3588 —-
1746 3551 1821 3602 At
1875 3547 1995 3602 Eu-

345 3644 544 3701 sebius
572 3638 1058 3707 Nicomediensis,
1083 3638 1278 3695 studio
1322 3638 1577 3710 ﬂagrans
1631 3637 1858 3694 tuendae
1887 3636 1994 3692 im-

343 3732 598 3805 pietatis,
633 3728 979 3802 interposita
1006 3726 1311 3784 clientium
1352 3726 1537 3800 gratia
1566 3730 1624 3781 et
1653 3743 1848 3798 opera,
1880 3725 1997 3780 im-

346 3821 602 3896 peratori
633 3823 837 3877 auctor
880 3820 1004 3874 erat
1060 3817 1160 3890 (d),
1193 3821 1258 3872 ut
1313 3815 1429 3872 Arii
1473 3814 1862 3887 patrocinium
1895 3831 2000 3870 su-

347 3912 598 3984 sciperet
621 3928 634 3979 ;
660 3909 761 3966 sed
785 3911 988 3964 contra
1007 3923 1181 3980 quam
1207 3905 1482 3977 sperabat
1500 3921 1590 3960 res
1608 3921 1669 3960 se
1691 3904 1997 3960 dederunt.

345 4006 493 4057 Nam
526 4000 596 4056 de
628 3998 742 4053 ﬁde
773 3995 875 4052 ubi
896 3995 1060 4068 queri
1087 3999 1341 4067 emptum
1369 3998 1476 4064 est,
1501 3993 1852 4065 rescriptum
1893 3993 2003 4048 Eu-

348 4089 494 4148 sebii
525 4088 764 4145 affertur
795 4087 854 4142 in
886 4085 1169 4152 medium,
1201 4083 1559 4156 blasphemis
1579 4083 1752 4137 dictis
1784 4081 2002 4154 plenis-

348 4179 609 4237 simum:
643 4175 798 4248 quod
832 4173 1025 4248 palam
1068 4173 1360 4247 episcopis
1392 4170 1766 4228 audientibus
1797 4171 2002 4226 recita-

347 4272 498 4334 tum,
531 4264 754 4322 caeteris
784 4263 990 4332 dolori,
1037 4261 1286 4318 Eusebio
1339 4265 1535 4318 autem
1568 4277 1800 4316 summo
1829 4260 2004 4316 dede-

351 4356 471 4414 cori
503 4371 569 4411 ac
596 4353 802 4428 pudori
833 4352 962 4409 fuit.
995 4356 1063 4408 Et
1105 4352 1232 4422 jam
1284 4351 1569 4424 patefacta
1599 4350 1915 4422 impiorum
1949 4354 2008 4405 et

351 4445 467 4503 Arii
487 4442 827 4516 sequacium
851 4442 1157 4512 senlentia,
1183 4440 1402 4512 impius
1423 4439 1653 4496 libellus
1675 4438 2007 4511 discerptus

351 4539 459 4594 est.
490 4537 710 4589 Verum
742 4530 939 4587 Ariani
971 4533 1281 4603 conspecta
1308 4527 1736 4586 Catholicorum
1765 4533 1820 4583 et
1853 4528 2006 4601 frugi

2103 3372 2204 3428 Dei
2236 3373 2510 3428 virtutem
2547 3372 2872 3444 nuncupari
2907 3373 2964 3427 in
2996 3371 3180 3428 sacris
3213 3371 3488 3427 Litteris‘.
3540 3369 3753 3443 Imagi-

2104 3479 2238 3519 nem
2271 3478 2503 3535 quoque
2534 3462 2633 3518 Dei
2665 3462 2855 3517 vocari
2888 3478 3058 3534 posse
3091 3461 3325 3525 Filium,
3361 3461 3596 3532 quando
3647 3477 3756 3516 nos

2105 3551 2373 3608 homines
2403 3551 2719 3624 imaginem
2753 3556 2810 3606 et
2839 3550 3086 3624 gloriam
3118 3567 3246 3607 esse
3267 3550 3367 3606 Dei
3401 3550 3482 3606 ait
3512 3552 3754 3620 Aposto-

2106 3641 2242 3698 lus’.
2292 3646 2412 3696 lmo
2459 3640 2810 3712 perridicule
2842 3639 3134 3709 dicebant,
3194 3639 3364 3694 nobis
3409 3655 3642 3710 quoque
3695 3638 3753 3693 id

2106 3730 2319 3788 ascribi
2352 3747 2522 3801 posse
2553 3730 2710 3800 quod
2761 3745 2993 3800 semper
3025 3728 3236 3795 simus,
3287 3727 3611 3782 secundum
3640 3727 3760 3782 haec

2107 3818 2371 3892 Apostoli
2414 3819 2626 3874 verba:
2689 3841 2718 3867 «
2751 3819 2994 3889 Semper
3051 3815 3208 3872 enim
3244 3833 3349 3871 nos
3397 3814 3697 3882 viventess,
3733 3836 3760 3864 ››

2109 3913 2217 3964 etc.
2251 3912 2466 3963 Verum
2497 3906 2754 3978 episcopi
2785 3905 3036 3960 insidias
3071 3909 3128 3960 et
3155 3904 3445 3960 vafritiem
3480 3907 3763 3960 veterato-

2110 4013 2241 4052 rum
2275 3994 2616 4068 conspicati,
2645 4011 2710 4050 eo
2770 3994 3009 4050 demum
3047 3992 3323 4066 appulere
3355 3993 3646 4061 animum,
3679 3995 3764 4060 ut,

2111 4085 2354 4158 praecisa
2376 4083 2724 4155 subterfugii
2745 4083 3068 4149 occasione,
3090 4099 3290 4138 vocem
3313 4078 3606 4152 ὁμοούσιον
3632 4097 3764 4153 pro-

2112 4177 2329 4232 ferrent
2357 4174 2417 4230 in
2452 4173 2732 4244 medium,
2765 4190 2882 4245 qua
2915 4172 3102 4245 posita
3132 4171 3576 4228 circuitionibus
3615 4169 3764 4226 nihil

2113 4263 2332 4321 residui
2366 4264 2530 4318 foret.
2565 4262 2773 4318 Contra
2803 4262 3141 4328 Euscbiani,
3179 4261 3278 4332 qui
3310 4279 3378 4317 ea
3407 4277 3542 4316 voce
3572 4261 3767 4316 adem-

2114 4356 2246 4427 ptas
2278 4352 2573 4408 erroribus
2606 4351 2730 4407 suis
2760 4351 3012 4408 latebras
3047 4351 3464 4424 perspicerent,
3506 4348 3765 4406 auctori-

2113 4447 2294 4500 tatem
2345 4446 2650 4514 opponunt
2697 4440 2902 4514 synodi
2965 4440 3356 4512 Antiochense,
3416 4439 3475 4494 in
3511 4456 3628 4511 qua
3656 4454 3766 4493 vox

2115 4529 2454 4602 hujusmodi
2488 4530 2814 4602 proscripta
2846 4529 3068 4584 fuisset.
3123 4531 3213 4598 At,
3246 4544 3378 4583 cum
3432 4542 3548 4581 non
3578 4541 3766 4596 usque

351 4623 660 4680 hominum
693 4620 1119 4693 indignatione,
1173 4635 1307 4675 mox
1335 4618 1538 4673 Arium
1569 4618 2006 4690 Eusebiumque
2036 4642 2082 4708 D
2116 4622 2255 4677 adeo
2285 4619 2619 4677 oblitterata
2668 4623 2823 4675 esset
2868 4619 2995 4689 ejus
3028 4617 3233 4691 synodi
3295 4615 3598 4681 memoria,
3633 4617 3767 4669 ante

352 4729 487 4769 cum
519 4712 692 4768 sociis
723 4712 1072 4767 damnatum
1102 4708 1176 4766 iri
1215 4707 1638 4781 prospicientes
1671 4724 1887 4764 novum
1918 4707 2004 4762 in-

352 4806 496 4859 eunt
549 4800 897 4858 insidiarum
963 4799 1159 4866 viam;
1237 4802 1628 4870 rogantesque
1684 4796 2004 4864 silentium,

352 4891 632 4948 ementito
664 4889 826 4963 pacis
871 4887 1311 4960 concordiaeque
1351 4887 1610 4954 nomine,
1642 4887 1864 4960 priores
1892 4886 2007 4960 ipsi

353 4981 616 5038 oblatum
645 4978 932 5048 libellum,
968 4977 1069 5050 qui
1127 4977 1402 5033 omnibus
1457 4976 1764 5033 offensioni
1796 4977 2003 5045 fuerat,

353 5072 640 5128 damnant
667 5072 726 5126 et
755 5068 1167 5142 proscribunt;
1221 5065 1522 5138 aliumque
1577 5084 1712 5122 mox
1742 5065 2007 5122 libellum

354 5160 619 5216 omnium
633 5157 876 5215 consilio
888 5158 1240 5213 adornatum
1259 5155 1536 5211 muniunt
1554 5154 1848 5228 suffragiis
1860 5155 2006 5212 suis.

353 5249 462 5306 Sed
487 5247 689 5305 istbaec
720 5245 993 5305 simulate
1021 5249 1079 5302 et
1127 5244 1406 5302 insidiose
1451 5244 1602 5301 facta
1630 5260 1778 5314 esse,
1812 5243 2008 5318 explo-

424 5409 550 5467 Joel
607 5427 672 5481 11,
729 5409 818 5466 25.
873 5408 946 5464 ²Ι
1004 5409 1134 5465 Cor.
1193 5425 1275 5477 x1,
1331 5409 1386 5462 7.
1446 5407 1469 5442 ³
1528 5407 1576 5463 ΙΙ
1628 5408 1755 5463 Cor.
1809 5424 1884 5477 1v,
1921 5407 2007 5463 11.

427 5517 506 5590 (α)
532 5517 750 5590 Theod.
795 5515 836 5572 1.
869 5533 906 5585 1,
941 5531 990 5571 c.
1024 5517 1093 5584 8;
1153 5516 1382 5571 Sozom.
1441 5513 1482 5569 1.
1518 5531 1556 5584 1,
1589 5530 1639 5571 c.
1673 5515 1778 5584 i7;
1837 5513 2008 5588 Greg.

356 5589 495 5646 Naz.
526 5589 590 5645 in
618 5589 893 5644 Encomio.

427 5661 507 5733 (ὁ)
539 5661 763 5733 Socrat.
794 5659 834 5715 l.
861 5676 908 5733 _I,
939 5675 1066 5733 cap.
1099 5659 1154 5733 8ἒ

429 5661 482 5730 (b
539 5661 763 5717 Socrat.
794 5661 834 5715 l.
867 5676 908 5730 ι,
939 5675 1066 5733 cap.
1099 5661 1154 5713 8.

429 5661 507 5813 (σέ
535 5732 692 5792 Inter
718 5731 934 5807 spuria,
964 5735 1108 5789 tom.
1139 5729 1188 5787 II
1217 5730 1396 5804 [nunc
1427 5733 1574 5804 tom,
1604 5728 1722 5803 IV].

2117 4726 2302 4766 annos
2333 4712 2564 4764 tantum
2598 4713 2715 4764 tres
2749 4725 2928 4781 supra
2978 4707 3412 4779 quinquaginta
3442 4703 3763 4773 celebratas,

2116 4815 2228 4855 non
2262 4797 2522 4872 fugiebat
2543 4797 2869 4870 episcopos,
2892 4811 3265 4868 nequaquam
3285 4794 3356 4849 de
3379 4792 3766 4848 consubstan-

2114 4888 2360 4944 tialitate
2387 4887 2560 4944 Verbi
2590 4891 2787 4943 actum
2819 4885 2994 4942 isthic
3026 4885 3230 4949 fuisse,
3256 4884 3358 4939 sed
3383 4883 3455 4938 de
3477 4881 3769 4940 sententia

2116 4977 2279 5034 Pauli
2303 4977 2668 5034 Samosateni
2696 4992 2868 5048 prave
2890 4973 3328 5047 interpretantis
3349 4989 3546 5028 vocem
3571 4967 3769 5043 ὁμοού-

2119 5067 2658 5132 σιον.ουαωοι)ι·θω
2677 5081 2793 5120 uno
2807 5065 3070 5121 omnium
3086 5061 3510 5119 catholicorum
3531 5060 3769 5115 Patrum

2119 5155 2362 5212 consilio
2397 5156 2544 5213 hanc
2573 5171 2774 5212 vocem
2805 5157 3150 5227 usurpatam
3175 5155 3440 5225 oportere
3466 5151 3768 5206 decretum

2120 5243 2249 5300 fuit.

2214 5511 2268 5584 ά)
2300 5511 2520 5584 Theod.
2555 5509 2666 5584 lib.
2699 5528 2738 5580 1,
2771 5527 2898 5584 cap.
2930 5511 2984 5578 7,
3017 5512 3066 5566 8.

2213 5583 2262 5654 ε)
2303 5583 2512 5640 Athan.
2543 5583 2615 5640 De
2636 5583 2868 5640 decretis
2893 5583 3160 5639 Nicaznis.

2191 5657 2260 5728 (Γ)
2293 5656 2374 5713 Id.
2411 5656 2575 5722 ibid.,
2609 5674 2666 5712 [ι.
2702 5656 2786 5711 19.
