4170 6468
1590 461 1778 525 VITA
1933 458 2390 523 ATHANASII.

3552 454 3695 526 LXIX

352 569 442 653 '10.
519 598 714 655 Hosius
786 601 1077 657 Nicaznum
1150 597 1469 669 Symbolum
1544 598 1791 650 adorna].
1868 626 1930 634 ρ-
1966 595 2014 659 Ᾱ
2048 599 2181 647 nata
2215 601 2301 647 est.
2334 593 2514 664 impia
2547 592 2648 650 illa
2678 597 2735 649 et
2764 593 3119 667 perridicula
3148 592 3267 650 Arii
3288 592 3496 665 Thalia,
3523 597 3697 667 cujus

282 686 651 743 Adornandce
684 705 852 760 porro
884 688 1015 743 ﬁdei
1068 687 1329 743 formulae
1374 686 1672 757 provincia
1722 702 1933 755 magno

283 777 456 832 Hosio
504 779 863 833 Cordubensi
910 778 1143 833 tradita.
1182 778 1234 831 Is
1265 776 1539 830 omnibus
1570 778 1722 829 retro
1755 790 1935 828 saecu-

276 864 350 920 lis
371 864 730 921 celebratum
754 867 901 922 illud
924 867 1219 922 Nicmnum
1253 864 1595 937 Symbolum
1622 862 1934 919 concinna-

276 955 380 1020 vit,
433 955 589 1025 quod
640 956 907 1009 omnium
955 955 1103 1009 votis
1136 959 1441 1024 exceptum
1475 953 1572 1023 (α),
1626 956 1937 1007 cunctante

282 1043 516 1097 nemine
543 1060 655 1098 uno
678 1044 1110 1099 Catholicorum
1134 1043 1477 1113 suffragium
1503 1042 1715 1095 addere
1738 1056 1939 1110 suum,-

282 1134 719 1204 promulgatum
746 1137 853 1189 est.
893 1135 959 1188 Et
989 1150 1128 1188 sane
1159 1149 1294 1187 voce
1317 1127 1615 1202 ὁμοουσίου
1643 1130 1834 1185 omnis
1869 1131 1938 1185 de

282 1227 493 1277 natura
536 1222 665 1276 Filii
700 1239 876 1293 prava
922 1222 1118 1293 opinio
1158 1222 1454 1285 evertitur,
1508 1220 1700 1277 omnis
1750 1219 1937 1275 ambi-

285 1311 481 1383 guitas
524 1316 837 1366 resecatur.
891 1312 1033 1366 Data
1064 1316 1153 1365 est
1184 1311 1523 1380 hujusmodi
1556 1308 1806 1365 formula
1838 1326 1939 1364 an-

285 1416 360 1453 no
389 1400 513 1469 325,
549 1400 641 1454 die
678 1399 744 1453 19
770 1400 955 1454 Junii.

356 1489 440 1542 11.
510 1489 943 1543 Eusebianorum
1004 1489 1298 1560 protervia.
1378 1489 1606 1543 Demum
1680 1490 1943 1543 simulate

281 1577 651 1633 subscribam.
685 1607 754 1616 --
796 1576 1012 1633 Verum
1044 1578 1381 1645 Eusebiani,
1432 1594 1567 1632 cum
1619 1594 1733 1632 non
1786 1577 1940 1631 arbi-

281 1664 439 1721 tratu
472 1683 578 1722 suo
613 1666 864 1721 formula
895 1667 1264 1735 concinnata,
1298 1668 1399 1723 sed
1434 1667 1827 1738 inopportuna
1858 1682 1940 1722 es-

286 1759 377 1811 set
430 1756 557 1811 suis
613 1754 875 1810 consiliis
934 1761 989 1809 et
1046 1755 1335 1827 cogitatis,
1389 1757 1711 1810 detrectare
1752 1754 1941 1825 illam,

285 1861 498 1913 negare
530 1844 829 1916 suffragia,
885 1852 948 1899 ut
991 1843 1382 1900 insolentibus
1413 1849 1809 1899 constructam
1843 1860 1942 1900 vo-

283 1934 451 1989 cibus
502 1933 802 2005 descipere
854 1934 948 2004 (b).
1002 1933 1431 2005 Septemdecim
1481 1938 1646 1989 erant
1696 1949 1941 1989 numero
1979 1967 2020 2031 Β

284 2023 385 2094 qui
409 2023 725 2077 adversum
751 2027 1081 2094 pugnarent
1110 2038 1166 2077 et
1197 2023 1584 2088 obsisterent;
1621 2023 1720 2094 qui
1746 2027 1942 2077 tamen

286 2111 664 2183 imperatoris
713 2111 892 2166 minis
944 2110 1109 2166 fracti
1142 2128 1208 2171 ac
1238 2110 1551 2182 perterriti,
1601 2110 1789 2166 exsilii
1840 2112 1944 2166 de-

285 2200 546 2255 clinandi
580 2216 760 2255 causa
802 2199 1282 2271 subscripserunt
1312 2201 1401 2272 (c).
1456 2200 1696 2255 Residui
1748 2204 1945 2255 tamen

286 2289 549 2361 quinque
580 2289 965 2345 obstinatiore
1014 2288 1209 2345 animo
1255 2293 1441 2361 coepta
1472 2290 1944 2361 propugnabant,

290 2377 574 2433 nimirum
607 2378 897 2433 Eusebius
928 2376 1415 2442 Nicomediensis,
1446 2378 1739 2451 Theognis
1771 2379 1950 2433 Nicae-

286 2484 422 2534 nus,
480 2467 660 2523 Maris
689 2466 1200 2522 Chalcedonensis.
1252 2467 1521 2522 Theonas
1570 2469 1945 2536 Marmaricae,

290 2556 594 2611 Secundus
610 2554 1015 2611 Ptolemaidis:
1043 2556 1140 2627 qui
1166 2556 1425 2622 tandem,
1442 2556 1692 2627 exceptis
1711 2557 1950 2614 Theona

291 2650 349 2701 et
376 2646 665 2711 Secundo,
698 2644 947 2700 aliorum
973 2661 1197 2700 cessere
1225 2643 1466 2699 monitis
1486 2651 1540 2700 et
1563 2646 1946 2717 argumentis.

366 2735 453 2788 12.
485 2733 701 2789 Verum
733 2732 1007 2788 simulate
1036 2732 1354 2789 Eusebium
1404 2738 1577 2805 atque
1623 2735 1811 2790 socios
1849 2735 1949 2790 Ni-

294 2840 463 2878 caenaa
511 2823 732 2895 synodo
784 2838 995 2878 nomen
1028 2827 1085 2877 et
1115 2822 1464 2895 suffragium
1514 2824 1763 2893 dedisse,
1814 2842 1948 2881 cum

295 2911 611 2985 aequalium
647 2912 955 2967 hominum
984 2912 1354 2977 testimoniis,
1389 2916 1513 2967 tum
1549 2913 1621 2968 iis
1652 2930 1779 2984 quae
1812 2930 1949 2970 con-

295 3007 497 3057 secuta
527 3006 667 3057 sunt
697 2999 1223 3056 consceleratnrum
1256 3003 1438 3074 gestis
1473 3002 1771 3074 prepalam
1820 3004 1947 3059 fuit.

296 3090 407 3144 Eos
436 3090 791 3145 Constantia:
837 3095 1112 3161 Augustae
1143 3090 1385 3145 consilio
1419 3091 1488 3144 ad
1524 3091 1947 3148 dissimulatio-

295 3195 431 3233 nem
490 3178 891 3235 consentiendi
950 3179 1233 3234 adductos
1291 3180 1471 3235 tradit
1528 3180 1951 3253 Philostorgius

298 3266 544 3322 Arianus
576 3268 673 3337 (ά).
718 3266 1001 3322 Eusebius
1032 3273 1227 3323 autem
1258 3268 1631 3324 Caesariensis
1664 3270 1847 3325 missa
1879 3270 1950 3325 ad

2048 681 2389 752 blasphemia
2418 684 2571 738 dicta
2602 700 2673 738 ne
2706 684 2907 738 auditu
2942 684 3178 756 quidem
3204 684 3464 739 ferebant
3484 683 3699 739 Nicaeni

2047 770 2263 839 Patres,
2316 772 2395 825 ita
2439 772 2661 827 scilicet
2693 773 3059 829 stomachum
3093 774 3339 829 faciebat
3371 774 3469 845 (g).
3522 774 3698 829 Exse-

2046 860 2247 913 crandi
2271 864 2466 915 autem
2488 861 2756 933 cpusculi
2788 880 2901 917 non
2929 862 3175 917 lectione
3198 863 3369 917 modo
3401 861 3701 918 interdixit

2048 947 2484 1016 Constantinus,
2520 967 2719 1005 verum
2752 952 2929 1006 edixit
2958 968 3211 1023 quoque,
3261 952 3482 1007 nemini
3523 950 3700 1007 licere

2050 1036 2402 1091 horrendum
2438 1038 2778 1109 hujusmodi
2819 1039 3032 1095 librum
3079 1056 3255 1112 penes
3288 1057 3349 1096 se
3378 1058 3697 1096 asservare.

2049 1124 2121 1180 Ut
2151 1129 2341 1180 autem
2377 1143 2493 1181 una
2523 1144 2655 1182 cum
2702 1127 2839 1183 mali
2896 1130 3252 1196 auctoribus,
3309 1128 3702 1185 sectatoribus

2049 1214 2223 1269 etiam
2257 1219 2531 1269 aeternam
2566 1216 2760 1286 probri
2795 1221 2851 1270 et
2881 1215 3136 1271 infamiae.
3177 1221 3374 1273 notam
3420 1218 3703 1287 inureret,

2042 1304 2226 1374 jussit
2273 1305 2332 1358 in
2367 1309 2663 1375 posterum
2697 1306 2944 1360 Arianos
2990 1306 3323 1378 compellari
3356 1307 3706 1379 Porphyriu-

2052 1409 2179 1458 nos,
2233 1393 2536 1466 Porphyrii
2583 1393 2854 1450 videlicet
2901 1395 3160 1463 nomine,
3212 1397 3312 1468 qui
3344 1395 3707 1452 fuerat'olim

2050 1482 2403 1538 Christianae
2446 1484 2581 1538 ﬁdei
2626 1484 3105 1553 infensissimus;
3153 1485 3322 1559 quasi
3372 1484 3593 1541 scilicet
3638 1502 3711 1542 ne

2049 1571 2201 1626 inter
2221 1572 2588 1629 Christianos
2612 1573 2851 1646 quidem
2875 1574 3341 1630 connumerandi
3367 1578 3584 1644 essent,
3608 1573 3711 1647 qui

2051 1661 2264 1715 Christi
2296 1662 2683 1731 divinitatem,
2717 1664 3171 1719 fundamentum
3203 1663 3547 1719 Christianae
3579 1661 3711 1719 reli-

2051 1749 2263 1821 gionis,
2296 1750 2643 1824 impugnare
2677 1753 3149 1825 aggrederentur.

2125 1839 2211 1894 15.
2244 1840 2483 1896 Theonas
2533 1849 2586 1896 et
2628 1842 2906 1897 Secundus
2953 1858 3078 1896 cum
3134 1842 3264 1897 Aria
3311 1841 3581 1898 damnati.
3639 1873 3709 1883 ——

2052 1928 2322 1983 Damnati
2353 1933 2411 1985 et
2440 1930 2687 2001 depositi
2721 1946 2855 1985 cum
2885 1931 3020 1986 Ario
3066 1932 3223 1986 fuere
3254 1931 3525 1987 Theonas
3556 1931 3713 1987 Mar-

2057 2017 2289 2072 maricae
2318 2022 2369 2072 et
2405 2018 2711 2075 Secundus
2741 2019 3141 2087 Ptolemaidis,
3191 2020 3292 2091 qui
3322 2020 3550 2076 Arianae
3594 2020 3712 2076 hae-

2056 2121 2250 2161 reseos
2265 2107 2335 2161 ab
2350 2111 2548 2162 exortu
2572 2114 3037 2181 propugnatores
3052 2109 3264 2164 accerri
3275 2109 3352 2163 mi
3370 2110 3598 2165 fuerant
3610 2109 3712 2182 (h),

2058 2210 2123 2249 ac
2153 2200 2415 2267 proterve
2446 2197 2514 2266 ad
2552 2197 2724 2252 tinem
2757 2215 2945 2270 usque
2967 2198 3147 2253 errori
3174 2198 3497 2254 inhaesere:
3533 2215 3715 2271 quare

2057 2284 2116 2339 in
2140 2285 2404 2340 ordinem
2430 2286 2666 2354 redacti,
2702 2303 2820 2341 una
2842 2302 2975 2341 cum
3008 2287 3277 2343 factionis
3300 2286 3558 2359 principe
3578 2287 3714 2343 Ario

2058 2373 2403 2445 ablegautur
2432 2375 2490 2429 in
2526 2375 2842 2449 Illyricum.
2872 2376 2983 2430 Alii
3015 2377 3157 2431 item
3190 2393 3305 2431 non
3337 2378 3508 2448 pauci
3534 2376 3716 2432 haere-

2059 2480 2188 2519 seos
2224 2466 2457 2519 nomine
2486 2464 2858 2521 anathemate
2889 2466 3149 2538 percussi
3174 2474 3313 2521 sunt
3341 2481 3354 2520 :
3388 2465 3541 2521 inter
3561 2481 3715 2537 quos

2059 2552 2379 2625 principem
2411 2554 2680 2609 obtinent
2708 2554 2903 2610 locum
2951 2555 3168 2621 Pistus,
3215 2555 3423 2610 exinde
3470 2555 3542 2610 ab
3581 2554 3714 2609 Ari-

2060 2643 2189 2699 anis
2220 2643 2279 2697 in
2310 2643 2649 2715 episcopum
2683 2643 3140 2700 Alexandrinum
3174 2644 3455 2713 delectus,
3500 2648 3557 2700 et
3595 2644 3713 2700 Eu-

2058 2732 2221 2787 zoius
2257 2736 2379 2786 tum
2411 2733 2713 2799 diaconus,
2747 2739 2950 2806 postea
2978 2733 3287 2806 episcopus
3313 2733 3716 2789 Antiochenus

2059 2823 2401 2876 eorumdem
2439 2821 2833 2894 lucifugarum
2868 2822 3109 2878 consilio
3140 2826 3197 2878 et
3226 2839 3401 2894 opera
3431 2823 3715 2878 constitu-

2062 2915 2178 2965 tus.
2210 2910 2325 2966 Nec
2356 2911 2686 2967 audiendus
2718 2911 3025 2977 Baronius,
3059 2912 3159 2983 qui
3188 2912 3523 2967 Secundum
3548 2915 3717 2984 putat

2060 3001 2300 3055 demum
2333 3002 2600 3056 cessisse.
2636 3005 2710 3055 At
2739 3002 2895 3056 enim
2926 3019 2991 3056 ex
3023 3002 3163 3057 solis
3188 3000 3435 3056 Nicaenis
3457 3000 3715 3056 subscri-

2064 3089 2362 3160 ptionibus
2384 3089 2439 3144 id
2466 3094 2770 3145 mutuatur
2790 3090 3230 3145 illustrissimus
3255 3091 3557 3144 Annalium
3577 3090 3719 3145 scri-

2062 3184 2193 3250 ptor
2222 3197 2233 3234 :
2268 3196 2396 3250 quae
2428 3179 2910 3250 subscriptiones,
2966 3194 3100 3233 cum
3152 3182 3349 3250 aperte
3378 3178 3516 3233 vitio
3549 3177 3717 3233 labo-

2063 3274 2209 3335 rent,
2245 3285 2361 3323 non
2392 3267 2537 3322 tanti
2570 3271 2710 3322 sunt
2740 3271 2805 3321 ut
2834 3266 3190 3338 scriptorum
3239 3266 3501 3321 omnium
3543 3267 3718 3323 testi-

298 3371 439 3409 suos
480 3356 725 3426 epistola
754 3372 993 3411 causam
1026 3357 1193 3411 affert
1220 3374 1325 3411 cur
1357 3358 1431 3412 ad
1461 3358 1951 3413 subscribendum
1983 3338 2026 3405 Ο
2064 3358 2279 3413 moniis
2308 3360 2752 3427 anteponantur.

298 3442 592 3514 appulerit
648 3445 936 3510 animum,
998 3443 1299 3513 multaque
1341 3444 1465 3519 περί
1510 3449 1605 3498 τοῦ
1654 3445 1951 3517 ὁμοουσίου

296 3531 587 3598 edisserit,
620 3549 745 3602 quae
773 3532 988 3587 nedum
1024 3533 1341 3587 Arianismi
1373 3536 1444 3589 ab
1467 3550 1533 3589 eo
1558 3536 1950 3605 suspicionem

296 3621 650 3685 dimoveant,
674 3620 917 3676 dubiam
940 3621 1068 3691 ejus
1091 3624 1162 3677 de
1186 3622 1354 3677 Verbi
1377 3624 1750 3695 generatione
1774 3626 1955 3683 fuisse

295 3710 474 3764 fidem
511 3709 877 3764 conﬁrment.

368 3798 455 3853 13.
490 3799 655 3854 Arius
683 3798 985 3854 damnatus
1014 3804 1065 3855 et
1094 3802 1154 3855 in
1183 3801 1448 3856 exsilium
1475 3803 1683 3873 pulsus.
1737 3834 1806 3844 —
1856 3805 1955 3861 His

296 3887 568 3959 peractis,
620 3903 687 3942 eo
731 3887 970 3942 demum
1003 3894 1241 3943 ventum
1276 3895 1382 3957 est,
1438 3895 1501 3945 ut
1532 3892 1705 3947 Arius
1748 3894 1954 3965 synodi

289 3976 516 4047 judicio
540 3977 912 4033 anathemate
934 3978 1222 4046 feriretur,
1244 3979 1343 4050 qui
1368 3981 1650 4050 pervicaci
1667 3982 1862 4038 animo
1885 3984 1956 4038 ad

300 4066 477 4122 linem
509 4082 698 4136 usque
727 4083 952 4122 errores
988 4068 1398 4139 propugnabat
1428 4070 1518 4140 (e).
1552 4070 1675 4126 Non
1711 4070 1808 4127 ille
1839 4090 1958 4128 mo-

301 4154 441 4210 nitis
474 4156 867 4227 imperatoris,
909 4173 1026 4211 non
1059 4157 1294 4212 Patrum
1327 4158 1751 4231 Athanasiique
1784 4179 1957 4235 argu-

299 4245 514 4299 mentis
543 4245 741 4300 cessit.
775 4246 886 4301 Sed
918 4262 1053 4300 cum
1086 4246 1251 4301 nulla
1283 4264 1417 4319 spes
1449 4254 1603 4304 esset
1624 4252 1751 4321 ejus
1776 4252 1847 4305 ad
1873 4268 1961 4307 sa-

299 4349 439 4388 nam
473 4337 728 4389 mentem
779 4335 1118 4402 reducendi,
1170 4336 1645 4410 obstinatiusque
1676 4338 1774 4395 ille
1805 4340 1960 4397 blas-

300 4422 519 4493 phema
550 4422 705 4477 dicta
735 4422 1021 4479 hactenus
1053 4425 1315 4480 inaudita
1339 4426 1659 4497 proferret;
1695 4430 1960 4484 omnium

300 4510 542 4566 calculis
576 4512 890 4567 damnatus
919 4517 976 4567 et
1005 4514 1309 4569 abdicatus
1354 4520 1460 4583 est,
1512 4519 1690 4587 atque
1737 4533 1772 4572 a
1816 4520 1964 4573 Con-

299 4600 561 4657 stantino
617 4600 673 4655 in
709 4600 1001 4673 Illyricum
1034 4602 1346 4674 relegatus.
1381 4604 1493 4658 Nec
1524 4605 1738 4661 desunt
1765 4610 1964 4662 tamen

2136 3448 2220 3500 16.
2254 3446 2533 3500 Meletiani
2560 3462 2669 3516 qua
2696 3444 3006 3500 conditione
3034 3446 3255 3515 recepti.
3288 3476 3356 3485 —
3401 3444 3593 3500 Unum
3626 3460 3715 3500 re-

2063 3536 2255 3591 stabat
2280 3534 2681 3588 Alexandrinaa
2719 3533 3181 3606 redintegrandaa
3229 3533 3356 3606 paci
3412 3549 3716 3607 perneces-

2065 3624 2309 3690 sarium,
2347 3622 2616 3678 videlicet
2663 3627 2729 3677 ut
2773 3623 2845 3678 de
2892 3623 3218 3679 Meletianis
3247 3624 3389 3694 quid
3421 3623 3717 3695 agendum

2065 3712 2409 3768 deﬁniretur
2437 3712 2522 3783 (ἱ).
2574 3712 2709 3776 Quae
2738 3728 2830 3766 res
2863 3711 2911 3767 si
2942 3728 3009 3766 ex
3049 3712 3262 3784 regula;
3310 3711 3719 3767 ecclesiasticas

2066 3820 2177 3859 usu
2209 3818 2277 3857 ac
2306 3801 2643 3873 praescripto
2676 3801 2913 3855 decreta
2944 3801 3175 3867 fuisset,
3208 3800 3443 3856 nonnisi
3468 3799 3724 3857 Meletia—

2067 3907 2275 3946 norum
2308 3890 2671 3945 abdicatione
2693 3888 3056 3945 conficienda
3078 3895 3224 3946 erat.
3258 3890 3473 3946 Verum
3499 3894 3564 3945 ut
3585 3906 3720 3962 pro-

2065 3979 2369 4053 perantius
2400 3979 2777 4035 dissidiorum
2800 3979 2935 4033 ﬁnis
2962 3981 3279 4050 accederet,
3312 3996 3379 4035 ea
3400 3981 3525 4051 lege
3545 3984 3721 4052 atque

2066 4070 2261 4126 omine
2307 4068 2581 4141 episcopi
2614 4086 2717 4140 per
2761 4068 3055 4124 Meletium
3105 4069 3355 4141 promoti
3388 4069 3447 4123 in
3479 4068 3720 4124 sedibus

2068 4159 2379 4215 constitere
2411 4158 2556 4226 suis,
2590 4164 2655 4213 ut
2685 4157 2848 4213 nullo
2881 4159 3150 4231 lugentes
3181 4158 3499 4231 episcopali
3530 4156 3722 4213 officio

2067 4265 2319 4305 vacuum
2350 4265 2565 4304 nomen
2597 4249 2938 4319 retinerent,
2973 4249 3106 4304 aliis
3133 4249 3204 4303 ab
3228 4248 3552 4304 Alexandro
3585 4262 3724 4302 con-

2071 4338 2291 4394 stitutis
2320 4338 2712 4393 Ecclesiarum
2747 4338 2949 4393 munia
2969 4338 3344 4395 obeuntibus.
3374 4336 3727 4408 Hujusmodi

2073 4433 2267 4483 autem
2320 4427 2640 4483 Meletianis
2698 4426 2954 4482 oblatam
3016 4428 3433 4494 conditionem,
3484 4442 3600 4481 non
3658 4440 3730 4482 ex

2074 4516 2364 4573 sententia
2411 4515 2716 4572 Athanasii
2766 4515 2946 4572 fuisse
2993 4520 3284 4571 memorat
3330 4517 3454 4588 ipse
3484 4516 3572 4587 (j),
3623 4530 3729 4570 nec

2074 4606 2277 4674 semel,
2309 4622 2416 4662 nec
2445 4606 2572 4661 sine
2604 4606 2858 4678 quadam
2891 4605 3259 4677 indignantis
3289 4605 3470 4661 animi
3502 4603 3730 4677 signifi-

301 4689 403 4762 qui
434 4690 639 4745 Arium
670 4690 962 4763 tantisper
991 4691 1322 4747 declinandi
1373 4693 1559 4748 exsilii
1609 4711 1789 4751 causa
1835 4713 1958 4753 ces-
1996 4716 2037 4780 D
2078 4696 2319 4751 catione.

300 4778 469 4845 sisse,
504 4796 569 4834 ac
600 4780 945 4852 suifragium
980 4780 1222 4836 Nicaanae
1261 4782 1524 4837 formulae
1557 4783 1831 4841 simulate
1862 4787 1960 4841 de-

301 4868 460 4922 disse
490 4874 730 4923 narrent
756 4870 863 4940 (f);
900 4873 1074 4941 atque
1106 4871 1256 4935 ideo,
1290 4872 1515 4927 czeteris
1547 4872 1811 4945 integris,
1842 4873 1964 4929 solo

299 4955 713 5012 Alexandriam
746 4957 1014 5031 ingressu
1045 4960 1425 5015 interdictum
1451 4960 1652 5016 fuisse.
1680 4962 1789 5017 Sed
1820 4980 1964 5035 prae-

302 5050 424 5101 stat
453 5043 718 5116 epistolis
766 5046 1006 5102 Niczenae
1057 5053 1115 5103 et
1162 5050 1567 5105 Alexandrinae
1612 5052 1815 5123 synodi
1862 5052 1963 5107 ha-

303 5133 440 5188 bere
473 5133 670 5188 ﬁdem.
706 5133 874 5190 Hisce
908 5153 1163 5209 namque
1192 5139 1363 5193 Arius
1386 5139 1701 5195 damnatus
1731 5142 1964 5197 abdica-

300 5226 523 5294 tusque
555 5224 741 5278 fertur
770 5241 782 5279 :
818 5226 972 5295 quod
1007 5226 1183 5281 etiam
1216 5231 1464 5282 testatur
1494 5229 1870 5285 Athanasius.

381 5312 467 5367 14.
507 5312 699 5367 Thalia
726 5311 1008 5370 damnata.
1061 5346 1130 5355 ——
1174 5316 1322 5371 Tum
1360 5318 1683 5389 proscripta
1715 5324 1771 5374 et
1802 5320 1965 5375 dam-

402 5436 457 5514 a)
487 5436 871 5514 Ath_an._Hist.
906 5441 1102 5495 Arion.
1137 5440 1206 5495 ad
1238 5441 1547 5514 monachos,
1581 5459 1639 5498 n.
1676 5444 1762 5497 42.

406 5508 457 5577 b)
486 5508 680 5586 Belin.
714 5509 829 5586 l.___1,
863 5528 912 5566 c.
945 5513 1017 5581 5;
1052 5514 1281 5568 Sozom.
1314 5511 1417 5568 lib.
1450 5531 1488 5575 1.
1521 5508 1647 5586 cap.
1687 5515 1772 5569 18.

379 5583 450 5655 (ei
484 5581 707 5655 Socrat.
741 5580 842 5655 lib.
879 5600 918 5649 Ι,
946 5600 1076 5655 cap.
1110 5586 1164 5639 9.

310 5739 349 5780 Π
381 5650 457 5776 (Ξ)
492 5651 729 5708 Philost.
786 5653 825 5709 l.
890 5671 958 5721 1;
1021 5650 1240 5711 Athan.
1310 5657 1385 5711 De
1442 5656 1670 5713 decretis
1715 5656 1970 5716 'Nicaznis

360 5762 461 5866 ’(ἔ)’
484 5794 705 5853 Socrat.
755 5795 859 5854 lib.
894 5815 933 5870 1,
966 5816 1093 5872 cap.
1126 5801 1199 5869 8;
1246 5799 1472 5856 Sozom.
1509 5798 1610 5856 lib.
1646 5818 1686 5872 1,
1718 5816 1845 5875 cap.
1877 5803 1969 5861 21.

635 5922 897 5993 Persen.
947 5927 1060 5993 Gn.
1107 5926 1297 5995 XXV.

2151 4784 2423 4839 Adimere
2498 4788 2697 4840 autem
2772 4784 2997 4840 Meletio
3074 4784 3297 4841 fraudis
3365 4783 3730 4840 occasionem

2074 4873 2275 4929 volens
2320 4872 2645 4929 Alexander
2689 4875 3001 4946 episcopus
3064 4874 3163 4947 (lc),
3214 4874 3567 4930 breviarium
3625 4888 3730 4928 seu

2074 4962 2419 5018 laterculum
2455 4963 2768 5034 postulavit
2799 4980 3025 5035 eorum,
3078 4981 3226 5037 quos
3270 4965 3396 5037 ipse
3447 4963 3623 5019 variis
3670 4962 3731 5018 in

2076 5053 2219 5108 locis
2256 5054 2327 5108 ad
2361 5053 2760 5124 episcopatum
2812 5054 3246 5125 promovisset;
3302 5058 3366 5109 ut
3411 5070 3484 5108 ne
3531 5056 3733 5124 postea

2077 5144 2148 5197 ad
2197 5142 2500 5197 libidinem
2558 5160 2724 5198 suam
2775 5143 2969 5198 varios
3025 5143 3349 5215 subjiciret,
3400 5158 3563 5213 quos,
3624 5140 3733 5197 etsi

2076 5248 2379 5304 nunquam
2414 5231 2816 5299 constituerat,
2861 5231 3237 5288 constituisse
3272 5248 3334 5288 se
3364 5232 3732 5287 mentiretur.

2078 5322 2277 5377 Exstat
2306 5321 2648 5392 hujusmodi
2683 5320 3001 5377 laterculus
3032 5321 3091 5376 in
3128 5322 3400 5393 Apologia
3446 5321 3737 5377 Athanasii

2246 5449 2464 5529 Socrat.
2498 5444 2674 5529 ‘1,
2709 5464 2835 5519 cap.
2866 5447 2922 5501 9,

2171 5520 2225 5601 9).
2256 5518 2476 5601 5,901“?-
2512 5518 2658 5601 ?Pid-
2788 5518 2797 5519 ί
2881 5590 2913 5601 η
3000 5589 3098 5601 ....

2175 5589 2477 5672 li):I‘heod.
2502 5588 2614 5672 Ilib.
2650 5607 2687 5655 1,
2721 5590 2953 5672 c‘apLB;
2999 5589 3239 5672 Philost.
3273 5590 3372 5645 lib.
3408 5606 3539 5672 1,An_.
3572 5591 3624 5643 8.

2174 5659 2219 5733 ἰ)
2246 5661 2465 5715 Socrat.
2500 5659 2539 5714 l.
2570 5677 2609 5723 Ι,
2644 5676 2693 5714 c.
2730 5666 2759 5711 9
2788 5659 2805 5727 ξ
2834 5661 3060 5715 Sozom.
3094 5661 3197 5716 lib.
3234 5679 3271 5729 1,
3304 5678 3430 5733 cap.
3461 5662 3552 5716 24.

2169 5733 2404 5815 11429!-
2439 5740 2627 5815 castra
2657 5732 2875 5815 Arias.
2906 5733 3082 5788 11-59-

2156 5802 2230 5881 (It)
2258 5802 2475 5865 Athan.
2504 5802 2672 5873 una,
2705 5818 2763 5860 ιι.
2793 5804 2886 5861 71.

3229 5950 3261 6003 θ
