4170 6438
453 429 592 478 LXX.

1853 417 2463 480 PROLEGOMENA.

451 559 644 608 contra
687 551 939 607 Arianos.
996 547 1425 621 Archiepiscopi
1479 564 1688 604 nomen
1749 550 1901 621 apud
1963 568 2099 604 suos
2130 554 2182 617 Α
2219 569 2350 617 nus,
2404 569 2615 623 magna
2665 552 2846 608 voluit
2882 554 3214 612 celebritate
3244 556 3438 613 feriari
3469 559 3560 630 (c).
3594 550 3864 615 Commo-

454 641 780 696 obtinuisse
807 639 1121 706 Meletium,
1146 640 1302 694 haud
1324 638 1789 710 improbabiliter
1818 640 2107 709 conjecta-

457 748 590 787 mus
614 747 682 786 ex
703 729 865 786 hisce
885 727 1148 784 Iaterculi
1171 727 1397 783 verbis:
1438 727 1743 784 «Joannes
1776 727 1876 799 qui
1899 729 2107 799 jussus

458 821 566 875 fuit
596 837 730 875 cum
762 817 1194 890 archiepiscopo
1217 818 1446 889 degere.
1474 839 1502 868 ››
1534 818 1658 880 Qua
1679 817 1750 872 de
1772 834 1832 871 re
1854 819 2024 888 plura
2049 818 2107 870 in

457 909 972 982 praaliminaribus.

531 1001 616 1054 17.
651 1000 726 1054 De
753 997 1016 1054 Paschate
1041 997 1343 1052 decretum.
1377 1027 1444 1036 —
1476 995 1604 1050 Haec
1637 994 1804 1060 scita,
1833 994 1954 1049 haec
1985 994 2108 1066 pla-

458 1088 574 1144 cita
603 1086 807 1160 synodi
839 1087 1018 1142 fuere.
1050 1087 1135 1140 Ad
1169 1084 1290 1140 haec
1319 1100 1454 1140 vero
1486 1089 1682 1138 actum
1715 1083 1786 1139 de
1816 1083 2109 1139 celebran-

457 1177 514 1232 di
544 1175 843 1232 Paschatis
881 1175 973 1231 die
1004 1174 1101 1246 (a).
1147 1173 1416 1245 Namque
1464 1172 1734 1228 Ecclesiae
1780 1171 2104 1243 permultae,

453 1267 632 1323 veteri
664 1268 936 1321 renovato
965 1279 1179 1334 errore,
1221 1263 1423 1318 eodem
1458 1278 1571 1332 quo
1614 1261 1799 1316 Judaei
1846 1266 2109 1332 tempore

453 1354 790 1428 paschalem
822 1353 1075 1426 agebant
1107 1350 1558 1421 solemnitatem,
1591 1366 1696 1405 nec
1726 1350 1851 1405 sine
1883 1350 2104 1422 ingenti

453 1451 794 1501 eaaterarum
851 1442 1188 1499 offensione.
1250 1442 1434 1506 Quam
1492 1440 1791 1511 przecisam
1848 1438 2108 1494 volentes

454 1533 942 1590 consuetudinem
973 1530 1188 1587 Nicaani
1221 1530 1440 1595 Patres,
1489 1545 1732 1583 sanxere
1780 1532 1845 1583 ut
1889 1529 2107 1599 ubique

454 1629 750 1680 terrarum
778 1603 1248 1692 una‘eademque
1279 1619 1404 1674 dies
1433 1623 1589 1674 esset
1618 1617 1964 1673 celebrando
1997 1621 2103 1673 Pa-

455 1711 643 1766 schati
666 1710 982 1782 assignata,
1016 1725 1224 1781 nempe
1245 1708 1591 1780 aequinoctio
1613 1710 1906 1762 transacto
1929 1722 2104 1762 verno

454 1800 646 1872 prima
692 1803 826 1872 post
867 1804 1139 1870 quartam
1190 1797 1477 1854 decimam
1525 1796 1728 1851 lunam
1762 1795 2104 1862 Dominica;

455 1891 625 1961 cujus
675 1889 791 1944 diei
846 1887 1366 1961 prmsigniﬁcandae
1428 1885 1743 1941 commissa
1801 1901 1940 1939 cura
1998 1885 2182 1992 fuitB

453 1978 843 2035 Alexandrino
875 1976 1354 2050 episcopoﬁquod
1387 1975 1651 2048 Egyptia
1681 1991 1824 2048 gens
1863 1974 2107 2029 habere-

455 2073 553 2123 tur
582 2072 876 2124 astrorum
908 2083 1118 2122 cursus
1149 2064 1523 2137 peritissime.
1558 2064 1672 2118 Nec
1704 2067 1866 2118 tanta
1897 2080 1988 2118 res
2019 2079 2108 2117 ac-

454 2159 753 2214 curatione
806 2160 935 2212 acta
992 2155 1122 2226 fuit,
1183 2154 1326 2226 quin
1376 2171 1444 2209 ea
1492 2152 1900 2209 reformatione
1957 2168 2105 2222 opus

453 2247 648 2318 fuerit,
671 2263 849 2318 quam
873 2245 1090 2299 invexit
1111 2242 1319 2299 saeculo
1342 2242 1630 2314 praeterito
1648 2241 1960 2313 Gregorius
1977 2240 2103 2295 XIII

453 2335 733 2408 pontifex.

527 2427 612 2480 18.
646 2424 894 2480 Conone:
951 2425 1184 2480 Nicazni.
1236 2453 1305 2462 —-
1351 2422 1485 2485 Quae
1535 2418 1907 2491 disciplinam
1959 2420 2099 2475 item

453 2515 798 2588 spectabant
825 2511 1302 2578 ecclesiasticam,
1354 2510 1558 2581 viginti
1603 2509 1926 2564 canonibus
1965 2525 2099 2564 san-

451 2606 569 2663 cita
595 2606 771 2661 sunt:
803 2603 862 2658 in
915 2601 1132 2675 quibus
1181 2599 1539 2672 exponendis
1579 2615 1772 2654 moras
1802 2599 2102 2654 extrahere

453 2697 639 2754 nostri
686 2712 804 2752 non
847 2697 938 2750 est
977 2690 1252 2756 instituti,
1305 2705 1439 2744 cum
1488 2704 1581 2743 res
1631 2705 1665 2743 a
1711 2687 1914 2742 multis
1962 2688 2101 2743 viris

452 2789 637 2846 doctis
666 2788 934 2842 accurate
963 2786 1020 2838 et
1048 2779 1316 2853 pluribus
1345 2794 1598 2850 expensa
1628 2777 1818 2832 fuerit.

525 2878 612 2934 19.
656 2874 914 2947 Epistolaz
972 2871 1321 2927 Constantini
1376 2876 1430 2923 et
1482 2867 1720 2923 Nicaznaa
1771 2866 1983 2937 δθηοιίί.
2034 2898 2102 2906 -

451 2970 774 3040 Imperator
793 2961 1230 3027 Constantinus,
1263 2956 1355 3014 cui
1389 2975 1506 3012 una
1535 2956 1940 3012 ecclesiasticae
1972 2973 2106 3011 con-

454 3057 662 3114 cordiae
712 3071 854 3110 cura
899 3055 1040 3118 erat,
1093 3050 1268 3105 rebus
1320 3063 1388 3103 ex
1436 3051 1568 3102 voto
1617 3050 1674 3100 et
1723 3045 1962 3100 arbitrio
1995 3061 2102 3100 suo

453 3147 654 3221 gestis,
703 3142 903 3200 missis
949 3138 1158 3196 litteris
1206 3137 1463 3210 gestiens
1516 3134 1805 3205 lzetusque
1847 3139 1977 3189 acta
2003 3150 2104 3205 per

450 3237 742 3310 synodum
790 3230 1082 3305 significat
1124 3227 1342 3299 ubique
1372 3225 1469 3297 (ὁ).
1505 3223 1775 3279 Ecclesiis
1826 3223 2097 3289 maxime,

2217 641 2358 694 dum
2392 641 2598 695 incidit
2626 642 2755 712 ipsa
2802 643 2861 697 in
2895 644 3049 699 diem
3095 645 3276 712 illam,
3327 664 3444 718 qua
3474 649 3545 702 de
3591 649 3868 704 vicesimo

2217 728 2362 783 inito
2394 729 2621 801 imperii
2653 732 2740 785 sui
2776 749 2930 787 anno
2963 735 3174 788 festum
3209 737 3437 806 agebat.
3491 737 3578 802 Et,
3611 753 3739 808 qua:
3773 736 3870 792 lte-

2216 818 2356 872 titias
2387 820 2642 874 accessio
2675 821 2841 886 foret,
2881 821 3289 878 Constantium
3323 824 3511 880 lilium
3542 827 3746 881 eadem
3779 827 3873 882 die

2217 908 2502 961 Czesarem
2526 907 3097 979 proclamarijussit.
3134 917 3382 984 Eratque
3405 915 3612 985 ingens
3635 931 3877 970 concur-

2217 1011 2343 1062 sus,
2376 1013 2611 1050 summa
2633 997 2958 1068 frequentia
2979 1000 3319 1070 praesulum,
3352 1002 3703 1075 aulicorum,
3730 1004 3876 1076 opti-

2219 1089 2465 1138 matum.
2513 1087 2571 1139 In
2605 1090 2764 1140 tanto
2792 1093 2940 1142 cmtu
2977 1088 3298 1145 orationem
3332 1091 3544 1148 habuit
3584 1094 3872 1149 Eusebius

2217 1173 2287 1227 ad
2323 1172 2770 1229 Constantinum
2805 1181 2860 1230 et
2892 1177 2962 1232 ad
2997 1177 3281 1249 reliquam
3314 1181 3634 1252 primatum
3667 1181 3874 1237 multi-

2217 1261 2504 1318 tudinem.
2547 1263 2683 1318 Post
2715 1263 2836 1319 haec
2867 1265 3192 1336 imperator
3222 1268 3294 1322 ad
3327 1267 3521 1325 lautas
3550 1270 3755 1342 epulas
3783 1275 3871 1326 to-

2216 1353 2344 1404 tum
2377 1356 2730 1407 conventum
2764 1355 3021 1408 evocavit
3090 1356 3224 1418 Quae
3256 1373 3347 1412 res
3392 1373 3508 1429 quo
3541 1359 3656 1414 ritu
3685 1364 3743 1415 et
3771 1375 3872 1414 or-

2218 1438 2354 1493 dine
2384 1444 2566 1512 gesta,
2591 1456 2703 1495 non
2737 1440 3110 1514 indiligenter
3131 1445 3416 1501 Eusebius
3436 1446 3652 1503 ibidem
3679 1464 3872 1520 perse-

2218 1527 2439 1598 quitur.

2285 1616 3253 1694 21.Constantinipietas.—Insigne
3271 1623 3414 1680 illud
3436 1623 3547 1680 fuit
3564 1625 3872 1698 imperato-

2216 1704 2312 1760 ria:
2336 1706 2567 1776 pietatis
2590 1714 3028 1779 argumentum,
3045 1713 3199 1783 quod
3223 1712 3630 1784 episcoporum
3655 1715 3874 1786 quibus

2217 1795 2406 1849 fuerat
2453 1812 2556 1867 pro
2605 1797 2821 1852 Christi
2870 1799 3106 1855 nomine
3155 1802 3354 1857 dexter
3399 1802 3605 1858 oculus
3645 1804 3873 1859 exscul-

2217 1883 2684 1954 ptus,vulnerum
2703 1886 2949 1958 vestigia
2962 1889 3385 1945 Constantinus
3409 1891 3685 1962 frequens
3703 1909 3874 1948 oscu-

2216 1971 2435 2026 laretur
2480 1972 2720 2028 honoris
2779 1992 2961 2030 causa
3007 1976 3106 2046 ((1),
3159 1979 3504 2034 muneribus
3546 1980 3876 2038 cumularet

2215 2061 2801 2133 omnes,juberctque
2820 2067 3033 2118 statam
3052 2065 3328 2121 frumenti
3351 2084 3689 2124 mensuram
3705 2074 3876 2141 quot-

2214 2149 2383 2204 annis
2427 2149 2488 2204 in
2536 2151 2786 2223 singulis
2817 2153 3063 2209 urbibus
3095 2155 3388 2226 distribui,
3423 2157 3480 2212 in
3512 2157 3860 2214 alimentum

2212 2239 2544 2310 viduarum,
2577 2241 2894 2313 virginum,
2928 2243 3481 2301 ecclesiasticarum.
3538 2248 3672 2311 Qua:
3703 2253 3870 2304 tanta

2212 2327 2442 2400 largitio
2475 2331 2545 2384 ad
2581 2330 2895 2401 imperium
2929 2349 3118 2403 usque
3155 2333 3377 2390 Juliani
3409 2342 3702 2408 Apostatze
3735 2354 3867 2409 per-

2212 2418 2462 2472 duravit.
2516 2419 2775 2474 Instante
2806 2421 3216 2493 episcoporum
3249 2423 3540 2496 digressu,
3593 2426 3867 2497 pluribus

2211 2506 2547 2563 cohortatus
2579 2525 2782 2564 omnes
2814 2514 2922 2576 est,
2956 2527 3157 2582 pacem
3186 2517 3250 2566 ut
3269 2520 3561 2580 curarent,
3586 2514 3862 2572 dissidio-

2211 2613 2342 2650 rum
2375 2600 2431 2651 et
2461 2597 2717 2652 rixarum
2751 2600 2928 2654 ﬁnem
2961 2599 3235 2665 facerent,
3286 2604 3420 2657 odia
3468 2604 3865 2676 invidiamque

2211 2689 2515 2757 ponerent,
2548 2685 2761 2742 delicta
2792 2692 2996 2743 mutuo
3042 2691 3764 2757 condonarent,.caverent
3793 2710 3866 2748 ne

2202 2773 2536 2845 jurgiorum
2570 2779 2627 2830 et
2657 2775 3149 2846 disceptationum
3191 2778 3516 2849 frequentia
3544 2780 3730 2836 risum
3761 2799 3864 2854 pa-

2211 2867 2407 2917 rarent
2437 2862 2692 2919 inimicis
2721 2864 3064 2920 Christiana:
3117 2865 3436 2938 religionis,
3487 2885 3599 2924 neu
3633 2869 3692 2924 in
3723 2887 3864 2926 con-

2211 2956 2500 3023 temptum
2534 2969 2626 3009 res
2655 2953 3084 3010 ecclesiasticas
3114 2956 3489 3012 deducerent.
3523 2959 3672 3014 Tum
3699 2960 3866 3015 enixe

2212 3041 2476 3111 rogabat,
2512 3047 2576 3095 ut
2606 3041 2753 3097 fusis
2785 3043 3055 3114 precibus
3087 3044 3197 3100 sibi
3229 3047 3472 3117 suisque
3494 3063 3713 3103 numen
3735 3066 3868 3121 pro-

2211 3129 2418 3200 pitium
2450 3146 2577 3186 esse
2606 3131 3007 3203 impetrarent.
3043 3133 3126 3189 Ila
3147 3134 3432 3190 dimissus
3455 3141 3543 3191 est
3563 3135 3862 3209 amplissi-

2211 3235 2346 3274 mus
2371 3218 2469 3276 ille
2499 3224 2702 3286 cmtus,
2737 3220 2958 3276 nullius
2983 3240 3096 3277 non
3120 3224 3245 3289 aevi,
3281 3224 3500 3280 nullius
3523 3243 3636 3280 non
3663 3225 3862 3298 populi

449 3300 576 3400 qua:
609 3300 974 3380 dissidebant
1003 3320 1074 3375 de
1105 3315 1410 3373 Paschatis
1438 3313 1845 3383 celebratione,
1900 3317 2103 3368 auctor
2131 3300 2173 3366 C
2211 3306 2487 3400 laudibus
2517 3309 2860 3400 celebratus.
2896 3311 3161 3384 Regressi
3181 3330 3314 3370 vero
3336 3314 3574 3386 singuli,
3606 3314 3665 3370 in
3690 3333 3859 3370 suam

444 3417 557 3472 fuit
577 3419 641 3470 ut
662 3415 887 3469 starent
916 3407 1123 3481 synodi
1149 3404 1403 3479 placitis,
1437 3407 1495 3459 et
1514 3401 1896 3457 dissidiorum
1923 3402 2096 3458 ﬁnem

443 3506 719 3560 facerent.
752 3495 1176 3555 Alexandrinos
1207 3496 1400 3548 autem
1433 3490 1771 3545 cohortatus
1800 3493 1908 3556 est,
1951 3493 2016 3544 ut
2046 3489 2096 3544 si

442 3594 544 3666 qui
573 3594 772 3648 essent
801 3587 1027 3644 Arianae
1061 3582 1338 3639 doctrinae
1372 3583 1706 3645 sectatores,
1754 3593 1880 3633 eam
1916 3595 2092 3650 quam

441 3681 787 3738 maturrime
832 3675 1249 3749 repudiarent;
1291 3667 1682 3742 praestabilius
1712 3684 1839 3723 esse
1868 3668 2092 3739 episco-

441 3773 532 3845 pis
563 3772 697 3844 plus
731 3765 1007 3824 trecentis
1037 3764 1457 3832 obtemperare,
1491 3773 1668 3828 quam
1693 3757 1863 3810 unico
1886 3757 2092 3828 impie-

439 3862 577 3918 tatis
607 3857 831 3916 auctori
857 3874 869 3925 ;
912 3855 968 3909 id
1000 3869 1062 3908 se
1095 3865 1329 3923 sperare
1359 3847 1560 3921 gaudii
1591 3863 1660 3901 ex
1689 3862 1891 3900 eorum
1924 3846 2091 3900 obse-

437 3949 679 4024 quentia
727 3947 1200 4002 consecuturum.
1257 3940 1456 3994 Exstat
1484 3936 1686 3991 itidem
1717 3935 1830 3989 alia
1861 3939 2090 4024 saneto-

437 4023 571 4097 rum
605 4039 842 4094 Patrum
873 4031 1121 4106 epistola
1151 4030 1222 4084 ad
1253 4026 1694 4092 Alexandrinos,
1727 4041 1845 4095 qua
1865 4023 2089 4096 signifi-

435 4134 570 4186 cant
613 4127 855 4199 impiam
895 4121 1017 4177 Arii
1049 4117 1422 4183 sententiam,
1472 4117 1756 4187 przesente
1801 4111 2088 4168 Constan-

433 4219 581 4285 tino,
631 4211 950 4287 praesulum
981 4208 1250 4266 omnium
1291 4204 1554 4272 consilio,
1607 4203 1910 4274 praemisso
1956 4219 2088 4258 exa-

437 4305 599 4361 mine
629 4308 687 4358 et
715 4298 980 4374 diligenti
1012 4293 1433 4369 perquisitione
1469 4291 1836 4364 reprobatam
1869 4295 1925 4345 et
1955 4308 2085 4363 pro-

434 4395 714 4465 scriptam
773 4390 974 4457 fuisse,
1021 4386 1365 4456 Ariumque,
1423 4382 1578 4454 quod
1628 4381 1910 4436 audacius
1971 4380 2086 4435 bla-

432 4481 680 4555 sphema
710 4480 866 4535 dicta
897 4475 1312 4550 propugnaret,
1347 4469 1551 4527 exsilio
1583 4469 1898 4525 multatum
1925 4486 1936 4525 :
1978 4469 2086 4524 im-

431 4572 648 4645 pietate
679 4585 847 4642 pares
878 4566 1178 4622 Theanam
1210 4567 1266 4618 et
1298 4559 1632 4616 Secundum
1686 4559 1810 4630 pari
1865 4558 2084 4614 ultione

431 4661 654 4734 plexos,
688 4656 1031 4713 Meletianos
1061 4654 1120 4708 in
1152 4650 1418 4707 ordinem
1451 4649 1736 4740 redactos,
1781 4647 2082 4740 Paschatis
2113 4676 2160 4740 D

431 4747 764 4806 celebrandi
795 4747 950 4802 diem
989 4760 1106 4798 uno
1139 4740 1404 4798 omnium
1436 4742 1566 4793 voto
1598 4737 1956 4809 assignatam
1985 4763 1998 4805 ;
2032 4737 2080 4792 si

429 4840 570 4912 quid
600 4837 846 4894 ulterius
877 4833 1184 4890 deﬁnitum
1221 4829 1412 4897 fuerit,
1465 4828 1523 4882 id
1563 4827 1723 4899 ipsos
1753 4826 2078 4882 Alexandro

429 4932 704 4985 narrante
733 4929 1093 4997 accepturos,
1149 4921 1240 4975 cui
1273 4925 1338 4974 ut
1367 4917 1706 4989 remigranti
1740 4915 1850 4970 laeti
1887 4933 2081 4972 occur-

425 5024 640 5086 rerent,
674 5015 903 5089 ipsique
933 5015 1199 5085 gererent
1228 5025 1448 5064 morem
1482 5023 1853 5078 summopere
1874 5005 2078 5060 cohor-

422 5109 721 5164 tabantur.
754 5105 957 5160 Soluto.
984 5102 1222 5157 demum
1253 5098 1513 5170 synodus
1544 5096 1652 5150 fuit
1681 5096 1773 5150 die
1802 5095 2079 5150 vicesima

424 5200 587 5253 sexta
617 5194 872 5268 augusti,
903 5209 1056 5248 anno
1086 5192 1211 5260 325,
1243 5187 1519 5244 vicesimo
1540 5185 1769 5257 imperii
1794 5185 2076 5240 Constan-

426 5287 555 5341 tini.

492 5375 582 5428 20.
618 5373 910 5429 Celebritas
939 5373 1145 5428 Niczrw
1173 5384 1403 5439 magna.
1438 5399 1502 5406 —
1553 5366 1835 5436 Prospero
1867 5368 2075 5420 eventu

423 5480 618 5519 rerum
667 5462 1194 5518 ecclesiasticarum
1249 5459 1395 5514 mire
1436 5456 1701 5528 gaudens
1741 5453 2073 5509 Constanti-

495 5624 570 5696 (a)
601 5623 823 5679 Socrat.
855 5621 964 5696 lib.
993 5640 1032 5688 ι,
1065 5638 1190 5694 cap.
1229 5620 1284 5674 9.

518 5694 569 5751 bl
598 5699 816 5751 Socrat.
852 5694 993 5749 ibid.

518 5697 548 5751 Ι)
598 5699 816 5751 Socrat.
852 5697 993 5749 ibid.

491 5697 569 5849 Ec;
588 5767 815 5828 Sozam.
846 5765 950 5825 lib.
986 5784 1026 5837 ι,
1058 5781 1186 5841 cap.
1217 5765 1324 5838 25;
1357 5762 1566 5828 Euseb.
1599 5762 1722 5819 Hist
1751 5761 1880 5818 eccl.

2209 3397 2459 3469 quisque
2489 3399 2801 3468 civitatem,
2849 3402 2988 3474 quid
3020 3407 3276 3474 gestum,
3308 3404 3518 3476 quidve
3548 3405 3856 3462 definitum

2207 3503 2241 3541 a
2271 3488 2491 3558 synodo
2520 3488 2746 3558 fuisset,
2779 3498 3334 3548 commemorarunt.

2274 3579 2364 3631 22.
2397 3577 2599 3632 Ariani
2648 3581 2697 3632 et
2749 3579 3031 3635 Meletiani
3077 3598 3188 3637 non
3236 3584 3541 3652 quiescunt.
3574 3615 3644 3625 —
3695 3583 3858 3639 Post-

2205 3682 2384 3736 quam
2416 3667 2604 3722 soluta
2637 3668 2855 3739 synodo
2883 3668 3294 3724 Alexandriam
3327 3673 3704 3744 remigrasset
3733 3671 3861 3729 Ale-

2204 3755 2446 3822 xander,
2477 3773 2542 3810 ac
2573 3755 2806 3811 decreta
2835 3763 3173 3812 sanctorum
3208 3758 3447 3814 Patrum
3490 3761 3855 3831 protulisset,

2203 3843 2635 3915 optatissimam
2667 3845 2778 3899 sibi
2812 3862 3014 3915 pacem
3045 3846 3356 3902 conciliare
3389 3865 3503 3902 non
3539 3849 3731 3919 potuit
3759 3851 3854 3921 (ε).

2204 3933 2572 4004 Flagrantem
2591 3933 2746 3988 enim
2760 3933 3200 3989 Meletianorum
3225 3935 3466 3992 dissidio
3480 3937 3768 3993 Arianoru
3778 3955 3860 3993 m-

2201 4038 2315 4093 que
2347 4022 2535 4076 furore
2565 4023 2897 4094 Egyptum,
2928 4040 3042 4078 non
3076 4024 3282 4097 synodi
3313 4026 3566 4097 decreta,
3595 4045 3710 4082 non
3742 4028 3854 4084 im-

2201 4110 2492 4182 peratoria
2520 4111 2708 4167 edicta
2738 4119 3249 4184 compescuerunt.
3305 4115 3574 4173 Meletius
3615 4118 3851 4190 quippe,

2198 4205 2403 4256 contra
2434 4218 2610 4273 quam
2640 4205 2928 4256 statutum
2965 4203 3171 4270 fuerat,
3222 4203 3280 4258 in
3314 4205 3714 4278 episcopatum
3748 4212 3852 4280 Ly-

2198 4289 2465 4361 copoleos
2487 4291 2558 4346 ad
2583 4290 2675 4346 sui
2695 4290 2848 4346 vices
2872 4291 3204 4363 implendas
3234 4295 3517 4366 promovit
3537 4295 3848 4368 Joannem,

2197 4384 2579 4451 cognomento
2594 4379 2887 4452 Archaph,
2903 4380 3203 4437 hominem
3222 4383 3332 4438 sibi
3352 4383 3847 4454 addictissimum,

2196 4469 2293 4540 qui
2328 4468 2557 4524 Meletio
2589 4470 2862 4524 defuncto
2895 4469 3163 4527 factionis
3184 4473 3459 4545 princeps
3482 4475 3611 4530 fuit.
3646 4475 3849 4547 Neque

2195 4558 2384 4630 magis
2415 4559 2611 4613 Ariani
2643 4559 2848 4630 synodi
2895 4560 3125 4631 placitis
3177 4562 3556 4634 acquievere;
3594 4580 3848 4636 namque

2192 4664 2260 4703 ex
2289 4647 2582 4703 damnatis
2613 4648 2910 4704 erroribus
2940 4650 3064 4705 suis
3097 4650 3158 4705 in
3193 4651 3446 4708 furorem
3469 4659 3527 4708 et
3545 4653 3847 4710 vesaniam

2192 4737 2323 4804 acti,
2352 4741 2516 4809 gesta
2535 4739 2741 4809 synodi
2765 4739 3070 4794 traducere
3093 4739 3152 4794 in
3176 4740 3322 4808 dies,
3350 4741 3410 4796 in
3443 4747 3846 4816 contemptum

2191 4832 2368 4898 atque
2399 4826 2721 4881 ludibrium
2742 4843 2912 4883 voces
2934 4845 3001 4883 ex
3024 4829 3206 4884 sacris
3238 4829 3446 4886 litteris
3468 4849 3582 4887 non
3610 4838 3847 4890 mutua-

2190 4921 2279 4972 tas
2311 4915 2531 4988 passim
2563 4933 2789 4984 vocare,
2823 4917 3219 4989 redintegrare
3248 4923 3688 4992 controversias,
3715 4922 3846 4978 nul-

2191 5006 2312 5060 lum
2347 5006 2520 5060 linem
2554 5005 2740 5060 facere
2789 5005 3238 5063 discordiarum.
3287 5009 3344 5063 Si
3397 5009 3541 5066 fides
3592 5011 3844 5084 Epipha-

2189 5096 2285 5150 nio
2307 5097 2393 5166 (ﬂ,
2421 5094 2688 5150 Meletius
2717 5095 2916 5150 missis
2943 5097 3013 5150 ad
3048 5097 3457 5168 imperatorem
3490 5099 3840 5171 oratoribus,

2186 5186 2408 5241 Joanne
2438 5184 2660 5240 scilicet
2707 5201 2885 5256 supra
2918 5192 3260 5253 memorato,
3292 5187 3570 5244 Callinico
3603 5189 3839 5257 Pelusii,

2187 5281 2243 5330 et
2273 5275 2598 5348 Paphnutio
2631 5277 2888 5345 quodam
2921 5276 3290 5345 anachoreta,
3342 5277 3736 5334 Alexandrum
3781 5281 3840 5335 in

2186 5365 2405 5420 crimen
2454 5364 2715 5419 vocabat.
2771 5363 2982 5420 Verum
3026 5366 3364 5438 imperator,
3411 5368 3504 5422 cui
3536 5374 3842 5441 perspecta

2184 5458 2308 5510 erat
2335 5453 2440 5509 viri
2475 5454 2777 5527 integritas
2807 5458 2864 5508 et
2893 5454 3302 5525 sanctimonia,
3337 5456 3708 5514 turbulentos
3733 5457 3839 5513 hu-

2256 5616 2330 5688 (d)
2363 5617 2568 5671 Socrat
2591 5614 2694 5688 lib.
2730 5632 2768 5682 ι,
2802 5631 2928 5687 cap.
2967 5617 3016 5671 1.

2275 5693 2323 5760 θ)
2355 5688 2641 5760 Epiphan.
2676 5687 2880 5743 haeres.
2918 5705 3112 5745 LXVIII.

2251 5691 2323 5838 ἓῗέ
2353 5691 2500 5821 ibi?
