4170 6426
1658 444 1845 508 VITA
1892 446 1957 508 S.
2004 444 2460 510 ATHANASII.

3617 463 3760 514 LXXI

334 560 603 651 jusmodi
671 580 847 650 viros,
881 597 987 636 nec
1045 578 1302 645 auditos,
1344 595 1405 632 re
1462 577 1672 632 infectu
1746 580 1989 633 dimisit.
2032 581 2070 644 Α
2112 582 2181 633 ab
2216 581 2469 635 Ecclesia
2504 582 2835 639 descivisse.
2864 583 2995 639 Haec
3025 581 3122 638 ille
3155 580 3428 638 Arianico
3474 586 3531 638 et
3574 582 3757 654 impio

407 672 498 725 23.
530 670 801 726 Eusebius
832 679 883 725 el
937 671 1201 742 Teogm'us
1256 668 1532 722 exsulant.
1558 699 1627 707 -—
1657 669 1855 740 Neque
1904 678 1987 724 ta-

337 774 475 813 men
509 761 690 814 tantis
722 758 972 830 Augusti
1006 757 1241 824 studiis,
1272 761 1433 811 tanta
1466 761 1675 812 navata
1697 774 1871 828 opera
1895 774 1987 811 ex-

334 848 621 903 stinctum
647 848 871 902 malum
901 847 1028 901 fuit.
1047 847 1301 900 Vixdum
1323 846 1672 901 enimtrium
1696 846 1989 901 mensium

331 937 590 1008 spatium
620 938 692 991 ab
724 936 1015 991 celebrata
1069 936 1292 1008 synodo
1340 935 1605 1005 elapsum
1662 939 1803 1004 erat,
1856 952 1989 991 eum

331 1026 624 1081 Eusebius
655 1025 1120 1080 Nicomediensis
1152 1028 1207 1078 et
1235 1024 1572 1094 Theognius
1604 1025 1870 1079 Nicat-nus
1913 1027 1991 1094 (a)

336 1116 491 1187 quod
522 1115 754 1169 Arianis
786 1114 1052 1186 partibus
1085 1129 1201 1169 non
1232 1114 1477 1167 obscure
1497 1115 1819 1179 studerent,
1842 1114 1991 1168 acci-

331 1207 427 1258 tos
450 1204 521 1258 ab
576 1203 926 1275 impcratore
977 1202 1222 1256 Arianos
1272 1202 1574 1267 adiissent,
1634 1201 1995 1273 excepissent

333 1293 494 1347 domi
528 1293 873 1358 diversores,
897 1292 1151 1346 inissent
1177 1307 1307 1345 cum
1332 1290 1449 1343 illis
1471 1289 1827 1358 societatem,
1847 1291 1990 1345 rele-

336 1381 460 1452 gati
493 1399 525 1436 a
555 1382 932 1435 Constantino
957 1383 1095 1435 sunt
1122 1380 1181 1433 in
1240 1379 1509 1435 Galliam.
1572 1380 1991 1435 Constantinus

332 1476 533 1528 autem
561 1470 621 1524 in
646 1469 895 1542 epistola
929 1471 999 1525 ad
1050 1468 1524 1524 Nicomedienses
1575 1467 1751 1523 aliam
1802 1469 1992 1524 exsilii

333 1576 603 1625 causam,
638 1560 999 1615 subobscure
1028 1564 1248 1629 tamen,
1281 1558 1523 1623 indicat,
1557 1574 1840 1629 reumque
1873 1559 1994 1630 agit

330 1648 653 1703 Eusebium
682 1649 835 1720 pacti
861 1665 995 1703 cum
1018 1647 1215 1718 aliquo
1248 1647 1359 1701 sibi
1379 1647 1723 1702 adversante
1744 1650 1991 1720 tyranno

326 1737 591 1803 foederis,
626 1737 718 1791 cui
750 1737 1142 1791 ministerium
1178 1741 1229 1789 ct
1276 1752 1446 1808 opem
1508 1753 1678 1791 suam
1728 1752 1991 1792 commo—

323 1827 529 1881 dasset
552 1824 666 1880 ille.
692 1825 951 1895 Hujusce
970 1825 1049 1879 rei
1069 1841 1244 1896 penes
1273 1823 1647 1879 seluculenta
1666 1841 1794 1881 esse
1818 1842 1991 1897 argu-

325 1919 527 1971 menta
548 1918 801 1969 testatur
830 1914 1168 1986 imperator,
1202 1915 1446 1985 quando
1468 1915 1836 1986 presbyteros
1860 1914 1989 1968 dia-
2024 1951 2070 2015 B

322 2020 624 2075 conosque
656 2003 907 2058 Eusebio
940 2003 1050 2057 hac
1079 2003 1139 2057 in
1173 2020 1233 2057 re
1254 2003 1638 2057 administros
1669 2003 1991 2074 deprehen-

323 2094 512 2147 derat.
546 2092 641 2147 Hae
672 2108 867 2146 causae
922 2091 1109 2146 exsilii
1142 2108 1275 2145 cum
1308 2091 1560 2161 Eusebii,
1621 2097 1746 2146 tum
1799 2091 1990 2146 consi-

324 2182 540 2236 liorum
574 2180 712 2237 socii
739 2180 1054 2251 Theognii:
1090 2180 1151 2235 in
1193 2196 1446 2251 quorum
1476 2180 1662 2235 vicem
1694 2180 1988 2251 Amphion

325 2271 555 2337 Nicaeae,
588 2270 868 2325 Ghrestus
901 2269 1250 2326 Nicomedia}
1283 2269 1598 2340 episcopus
1628 2269 1989 2325 constitutus

330 2360 461 2413 fuit.
494 2360 601 2422 Qui
635 2360 711 2414 sit
736 2363 932 2413 autem
966 2358 1063 2413 ille
1093 2363 1402 2430 tyrannus,
1429 2375 1681 2429 quocum
1743 2357 1990 2413 societa-

327 2454 453 2503 tem
486 2448 618 2503 iniit
647 2448 959 2510 Eusebius,
986 2465 1100 2502 non
1125 2451 1321 2519 aperte
1344 2446 1986 2520 signiﬁcatimperator:

333 2538 438 2594 sed
476 2536 622 2593 nihil
649 2536 896 2592 dubium
927 2536 997 2592 de
1029 2536 1248 2591 Licinio
1280 2535 1375 2590 hic
1404 2536 1518 2608 agi.

406 2627 496 2680 24.
529 2624 696 2681 Mitto
728 2630 935 2680 caetera
966 2642 1094 2697 quas
1121 2626 1193 2679 de
1223 2642 1426 2680 eorum
1449 2624 1652 2680 exsilio
1702 2625 1987 2694 feruntur,

334 2719 489 2787 quod
512 2714 601 2770 vel
634 2731 849 2786 magna
878 2714 1234 2786 suspicione,
1267 2712 1354 2769 vel
1387 2720 1584 2786 aperte
1622 2713 1870 2770 falsitate
1900 2715 1987 2770 la-

334 2802 560 2857 borent.
596 2802 942 2871 Cujusmodi
972 2806 1061 2856 est
1090 2801 1258 2867 illud,
1287 2801 1601 2857 Eusebium
1659 2801 1882 2858 scilicet
1935 2812 1991 2857 et

337 2890 722 2961 Theognium,
759 2895 1069 2962 postquam
1106 2890 1347 2945 Nicaeum
1380 2892 1600 2963 synodo
1624 2891 1988 2964 subscripse-

341 2983 490 3048 rant,
523 2980 839 3034 subornato
866 2979 1074 3034 exinde
1132 2979 1357 3035 notario
1406 2980 1648 3035 nomina
1696 2980 1989 3035 abrasisse

337 3084 469 3135 sua,
503 3085 567 3123 ac
598 3068 808 3124 deinde
840 3072 1112 3124 strenuos
1154 3072 1251 3121 τοῦ
1300 3068 1644 3141 ἐτεροουσίου
1698 3086 1988 3141 praecones

343 3156 525 3213 fuisse
545 3158 641 3229 (b).
677 3159 801 3223 Qua
818 3158 887 3213 de
914 3173 1092 3213 causa
1109 3158 1833 3230 imperatoreTheognium
1854 3176 1988 3214 cum

336 3245 588 3301 Eusebio
620 3246 1046 3317 expostulante,
1072 3246 1447 3318 respondisse
1470 3246 1863 3302 audacissime
1883 3248 1988 3303 Eu-

2102 688 2197 722 m'e
2235 671 2512 726 mentitus
2548 676 2655 727 est.

2171 759 2335 812 ANNO
2384 760 2510 813 326.
2546 792 2611 800 —
2642 761 2694 816 4.
2749 760 3051 817 Alexandri
3119 761 3485 816 Alexandrini
3554 762 3757 818 obitus.

2102 849 2259 899 Inter
2278 846 2398 901 hzec
2427 847 2956 915 Alexander,zetate
2979 866 3041 904 se
3067 849 3226 904 senio
3252 851 3570 919 confectus,
3599 850 3755 905 diem

2102 934 2632 1005 obiitsupremum.
2670 938 2928 993 Instante
2961 938 3121 992 obitu
3167 937 3554 993 Athanasium
3607 939 3757 995 desi-

2102 1028 2241 1094 gnat
2272 1024 2380 1077 sibi
2428 1042 2847 1081 successorem.
2910 1028 3052 1082 Cum
3102 1027 3256 1081 enim
3316 1028 3757 1097 ingravescente

2102 1113 2307 1166 morbo
2342 1106 2627 1183 paulatim
2662 1115 2974 1170 deficerent
3003 1116 3173 1185 vires,
3209 1115 3521 1187 derepente
3570 1116 3755 1171 Atha-

2103 1200 2340 1255 nasium
2372 1202 2682 1273 compellat
2712 1204 2808 1275 (d).
2852 1205 3185 1275 Respondet
3228 1204 3455 1259 vocanti
3516 1206 3757 1276 quidam

2104 1294 2303 1344 nostro
2336 1291 2589 1363 gentilis.
2628 1294 2807 1356 Quem
2840 1292 2985 1346 nihil
3006 1294 3215 1348 affatus
3245 1292 3365 1363 Ille,
3411 1294 3758 1365 interposita

2102 1395 2286 1447 mora,
2345 1380 2733 1435 Athanasium
2787 1381 3048 1453 repetitis
3094 1382 3319 1436 vicibus
3378 1383 3753 1450 vociferatur,

2100 1468 2401 1522 absentem
2434 1468 2703 1524 indicans
2737 1469 2915 1524 alium
2951 1487 3013 1525 se
3038 1486 3281 1525 vocare:
3334 1470 3431 1541 qui
3493 1488 3553 1527 re
3616 1488 3754 1543 prae-

2103 1561 2273 1610 cauta
2305 1562 2480 1628 atque
2514 1559 2777 1630 praevisa,
2814 1564 2877 1613 ut
2908 1564 3137 1614 tantum
3172 1576 3387 1613 munus
3416 1559 3754 1631 declinaret,

2103 1660 2231 1699 sese
2264 1646 2650 1717 proripuerat.
2683 1648 3031 1719 Prophetica
3062 1652 3257 1703 autem
3291 1653 3485 1703 mente
3516 1649 3755 1705 demum

2101 1733 2461 1790 Alexander:
2507 1759 2532 1784 «
2569 1736 2852 1808 Effugissc
2908 1740 2963 1792 te
3011 1737 3224 1801 credis,
3278 1737 3377 1803 ait,
3446 1737 3751 1808 Athanasi,

2102 1839 2208 1877 nec
2239 1828 2435 1877 tamen
2468 1826 2749 1896 effugies;
2780 1848 2806 1875 »
2838 1825 2931 1879 his
2957 1825 3317 1898 signiﬁcans,
3380 1827 3752 1899 gravissimis

2103 1928 2238 1966 eum
2254 1912 2676 1968 certaminibus
2698 1918 2753 1969 et
2775 1914 3211 1969 calamitatibus
3234 1916 3759 1987 deputatum.Sunt

2100 2017 2271 2071 porro
2304 2001 2402 2072 qui
2435 2002 2793 2074 existimant,
2851 2020 2918 2058 ea
2983 2008 3331 2075 tempestate
3368 2005 3757 2061 Athanasium

2102 2106 2295 2143 rerum
2320 2090 2848 2146 ecclesiasticarum
2881 2108 3062 2147 causa
3107 2092 3167 2147 in
3198 2093 3570 2164 imperatoris
3620 2093 3757 2151 aula

2110 2184 2405 2233 versatum
2440 2180 2641 2235 fuisse.
2676 2180 2886 2235 Incidit
2913 2180 3223 2236 Alexandri
3272 2198 3432 2236 mors
3483 2183 3545 2238 in
3594 2183 3753 2238 diem

2100 2267 2440 2322 vicesimam
2500 2273 2723 2323 sextam
2765 2269 3061 2324 Februarii
3121 2271 3364 2337 mensis,
3424 2288 3578 2325 anno
3625 2272 3753 2337 326,

2101 2355 2362 2426 quinque
2410 2356 2625 2412 scilicet
2663 2364 2793 2428 post
2851 2360 2978 2429 ejus
3033 2358 3447 2415 Alexandriam
3500 2359 3757 2415 reditum

2068 2514 2069 2517 η
2102 2446 2405 2499 mensibus
2437 2446 2528 2516 (ο).
2554 2448 2637 2501 Ita
2663 2446 2927 2517 quidam,
2974 2447 3191 2518 quibus
3241 2452 3527 2504 consonat
3570 2448 3756 2504 Theo-

2101 2532 2360 2598 doretus,
2390 2534 2511 2589 vita
2541 2535 2805 2589 functum
2838 2536 3094 2591 referens
3128 2536 3390 2608 quinque
3421 2540 3555 2608 post
3578 2537 3757 2592 Nicas-

2101 2638 2238 2676 nam
2272 2622 2561 2693 synodum
2596 2623 2922 2679 mensibus.
2946 2625 3107 2688 Quod
3141 2629 3336 2681 autem
3388 2625 3568 2681 habet
3618 2626 3751 2698 Epi-

2102 2710 2377 2782 phanius,
2402 2712 2777 2768 demortuum
2806 2713 3204 2769 Alexandrum
3248 2716 3449 2770 eodem
3492 2732 3607 2787 quo
3656 2716 3756 2771 Ni-

2101 2816 2260 2855 caena
2290 2801 2490 2856 haL-ita
2522 2803 2782 2873 synodus
2812 2809 2902 2857 est
2933 2820 3107 2865 anno.
3144 2803 3437 2876 intelligas
3487 2804 3752 2860 nondum

2100 2888 2298 2960 elapso
2330 2906 2483 2945 anno
2515 2896 2647 2962 post
2678 2892 2966 2963 synodum
2999 2891 3375 2949 celebratam.

2170 2982 2222 3033 2.
2243 2980 2523 3035 Meletiam'
2544 2980 2812 3036 Theonam
2826 2986 3078 3053 coeptant
3098 2984 3159 3037 in
3188 2984 3496 3054 episcopum
3514 2984 3756 3039 Alexan-

2098 3066 2342 3122 drinum.
2376 3069 2523 3123 ——Si
2558 3070 2701 3124 ﬁdes
2744 3069 3068 3141 Epiphanio
3100 3072 3188 3142 (Γ),
3245 3072 3601 3127 excubantes
3643 3073 3756 3129 Me-

2097 3156 2292 3211 letiani
2311 3158 2381 3211 ad
2407 3174 2790 3230 quascunque
2812 3158 3039 3213 oblatas
3059 3160 3365 3215 turbarum
3392 3161 3748 3225 occasiones,

2099 3246 2368 3301 defuncto
2426 3246 2770 3311 Alexandro,
2848 3246 3207 3319 absenteque
3270 3249 3617 3315 Athanasio,
3689 3250 3751 3305 in

338 3336 588 3402 sebium,
621 3340 858 3390 ostensa
886 3353 1001 3407 qua
1042 3335 1398 3391 induebatur
1453 3341 1646 3390 veste:
1682 3358 1710 3385 «
1759 3336 1819 3391 Si
1868 3336 1988 3392 haec
2021 3321 2063 3387 C
2101 3334 2369 3407 praesulis
2396 3334 2771 3390 Alexandrini
2804 3352 3022 3391 munus
3053 3337 3379 3408 provehunt
3429 3340 3747 3408 quemdam

339 3424 516 3481 vestis
548 3424 911 3495 inspectante
934 3441 1026 3480 me
1056 3424 1243 3479 divisa
1273 3428 1447 3490 esset,
1476 3442 1801 3496 numquam
1834 3426 1987 3482 dice-

337 3530 459 3569 rem
490 3518 805 3585 utramque
836 3518 1061 3585 partem
1084 3514 1349 3585 ejusdem
1386 3530 1515 3569 esse
1565 3515 1932 3570 substantias.
1960 3538 1981 3567 ι

327 3604 461 3666 Quae
493 3620 641 3658 ausa
671 3602 894 3658 irarum
927 3608 984 3658 et
1009 3602 1250 3657 ultionis
1308 3603 1501 3657 fuerit.
1526 3603 1742 3659 Verum
1778 3604 1981 3659 isthzec

339 3696 740 3747 commentum
768 3707 895 3747 esse
926 3691 1053 3764 ipse
1084 3692 1184 3763 qui
1211 3696 1445 3747 enarrat
1475 3692 1831 3748 Sozomenus
1888 3693 1987 3761 ait,

318 3780 598 3853 ‘Longius
630 3798 663 3835 a
712 3780 1097 3839 similitudine
1155 3781 1273 3837 veri
1314 3782 1548 3849 absunt,
1611 3798 1738 3854 quae
1792 3786 1991 3837 narrat

337 3869 787 3942 Philostorgius,
842 3868 869 3922 ό
919 3866 1259 3945 (galeatos-J8qu
1313 3867 1469 3931 οὗτος
1537 3870 1626 3923 xci
1703 3870 1994 3945 κακοστόρ-

336 3979 480 4033 γιος,
506 3958 825 4014 Eusebium
850 3976 1080 4031 nempe,
1112 3960 1474 4031 Theognium
1509 3964 1566 4015 et
1614 3961 1821 4029 Marin,
1872 3963 1992 4018 dati

336 4048 601 4122 suffragii
636 4049 1007 4120 puenitentes,
1041 4049 1456 4120 imperatorem
1490 4050 1727 4121 adiisse,
1784 4050 1994 4123 hisque

338 4136 723 4209 compellasse
755 4137 931 4193 dictis
960 4155 1025 4193 :«
1058 4138 1275 4210 Iniqui,
1310 4138 1644 4210 imperator,
1702 4157 1770 4194 ea
1827 4140 1886 4195 in
1935 4157 1997 4196 re

350 4226 596 4294 fuimus,
625 4227 780 4297 quod
810 4227 893 4281 tui
953 4231 1111 4282 metu
1150 4227 1420 4299 perculsi,
1480 4228 1731 4299 impitati
1783 4245 1995 4284 nomen

340 4316 809 4387 ascripserimus.
834 4338 861 4366 ››
896 4319 1019 4378 Quo
1052 4316 1270 4371 factum
1306 4322 1370 4371 ut
1400 4317 1721 4389 imperator
1747 4317 1835 4373 ira
1866 4335 1995 4390 per-

338 4406 492 4460 citus
525 4404 792 4461 homines
824 4405 883 4459 in
908 4404 1164 4460 Galatiae
1186 4422 1287 4460 seu
1314 4405 1533 4461 Gallias
1555 4407 1829 4463 occiduas
1852 4407 1995 4463 rele-

339 4511 416 4567 ga
430 4495 505 4549 rit
534 4496 626 4564 (ο),
658 4499 715 4549 et
741 4495 987 4550 Arianos
1018 4511 1126 4550 sua
1156 4510 1450 4567 quemque
1491 4496 1680 4567 patria
1725 4497 1997 4552 excedere

328 4583 601 4655 jusserit.
638 4584 706 4638 Et
739 4583 852 4639 alio
885 4582 1009 4639 loco
1060 4583 1500 4656 nugacissimus
1544 4585 1698 4639 idem
1749 4585 1999 4657 scriptor

2100 3441 2218 3479 sum
2260 3423 2527 3479 factionis
2586 3425 2908 3495 hominem,
2958 3425 3196 3482 nomine
3238 3427 3558 3492 Theonam,
3630 3444 3748 3499 quo

2103 3513 2287 3568 tribus
2317 3512 2534 3584 elapsis
2566 3514 2870 3569 mensibus
2900 3515 3172 3581 extincto,
3208 3520 3513 3589 promotus
3542 3516 3751 3572 exinde

2102 3602 2211 3657 fuit
2242 3602 2621 3677 Athanasius.
2653 3603 2749 3658 Nee
2784 3604 2832 3658 si
2865 3604 3305 3660 Meletianorum
3331 3609 3627 3677 spectetur
3648 3622 3751 3661 au-

2102 3692 2486 3760 daxanimus,
2514 3693 2987 3749 etnovandarnm
3031 3710 3226 3749 rerum
3268 3694 3643 3766 percupidus,
3668 3695 3755 3749 has

2102 3782 2277 3836 fidem
2310 3798 2584 3853 superare
2608 3798 2722 3836 non
2742 3783 3071 3838 videantur.
3103 3787 3175 3838 At
3197 3783 3411 3839 mirum
3436 3783 3659 3839 nullam
3683 3785 3756 3839 de

2102 3870 2441 3941 hujusmodi
2475 3870 2733 3935 homine,
2759 3873 2846 3927 vel
2874 3873 3030 3944 apud
3056 3872 3466 3942 Athanasium,
3488 3872 3575 3929 vel
3596 3874 3753 3946 apud

2104 3957 2353 4030 aequales
2384 3958 2585 4013 haberi
2619 3961 2999 4031 mentionem,
3033 3977 3163 4016 cum
3198 3962 3451 4017 maxime
3484 3962 3754 4033 frequen-

2103 4047 2347 4103 tissima:
2406 4047 2701 4102 adfuerint
2757 4048 2917 4103 illius
2976 4049 3343 4105 memorandi
3394 4051 3752 4107 occasiones.

2103 4135 2319 4191 Verum
2350 4136 2596 4192 fortasse
2627 4136 2768 4207 quia
2790 4139 3117 4193 secundum
3148 4138 3577 4210 promotionem
3609 4154 3755 4195 non-

2105 4224 2220 4280 nisi
2252 4241 2469 4297 paucos
2493 4242 2728 4281 menses
2751 4231 3051 4298 superstes
3075 4228 3206 4297 fuit,
3232 4227 3394 4284 nulla
3419 4233 3522 4283 aut
3550 4228 3759 4301 exigua

2106 4312 2430 4385 permansit
2459 4313 2716 4370 hominis
2749 4316 3052 4370 memoria.

2176 4404 2229 4457 3.
2259 4403 2585 4458 Athanasius
2610 4404 2895 4472 delzgz'tur.
2923 4436 2991 4444 —
3020 4406 3156 4469 Quae
3212 4423 3411 4476 causa,
3457 4423 3580 4477 quas
3612 4406 3759 4463 ratio

2104 4490 2491 4547 Athanasium
2524 4491 2873 4563 compulerit
2904 4494 2976 4548 ad
3010 4495 3374 4549 redeundum
3399 4510 3468 4550 ex
3493 4512 3762 4553 secessus

2106 4581 2232 4637 loco
2264 4581 2336 4651 (g)
2373 4597 2596 4647 ;suone
2623 4581 2720 4635 ille
2753 4581 3019 4648 consilio,
3063 4582 3261 4638 oblata
3291 4584 3555 4640 muneris
3584 4583 3762 4640 declis

337 4672 441 4729 ait.
476 4673 809 4727 Secundum
849 4689 981 4728 cum
1015 4672 1188 4728 sociis
1211 4673 1387 4744 jussu
1418 4672 1797 4745 imperatoris
1830 4690 1996 4730 revo-
2028 4695 2074 4760 D
2108 4670 2285 4726 nandi
2318 4686 2442 4742 spe,
2474 4687 2547 4724 an
2580 4670 2774 4726 divino
2797 4671 3080 4726 instinctu
3114 4672 3184 4725 ad
3210 4671 3469 4727 officium
3491 4676 3763 4729 evocatus

337 4764 539 4817 catum
592 4763 664 4816 ab
719 4761 947 4832 exsilio,
994 4760 1205 4817 litteris
1265 4777 1740 4833 quaquaversum
1795 4763 1997 4820 missis

338 4849 752 4922 proscripsisse
780 4848 842 4903 τό
875 4848 1192 4922 όμοούσιον,
1223 4856 1280 4907 et
1298 4850 1360 4903 τό
1393 4848 1732 4926 ἑτεροοῦσιον
1781 4869 1999 4924 propu-

338 4955 593 5009 gnasse:
654 4940 871 5010 quibus
911 4940 1121 4996 litteris
1165 4939 1567 4997 Alexandrum
1648 4942 1997 5015 suffragium

342 5027 691 5098 ascripsisse
722 5028 820 5096 ait,
858 5029 1180 5100 Ariumque
1211 5029 1281 5083 ad
1315 5028 1789 5085 communionem
1822 5030 1999 5085 admi-

343 5115 532 5183 sisse;
566 5117 666 5170 sed
701 5121 901 5187 postea
934 5117 1350 5187 Alexandrum,
1376 5134 1511 5173 cum
1535 5117 2002 5190 abimperatoris

344 5208 506 5259 metu
538 5205 872 5276 respiraret,
909 5206 979 5260 ad
1014 5206 1262 5277 priscam
1307 5207 1551 5261 rediisse
1609 5212 1905 5275 mentem;
1946 5213 2004 5264 et

348 5298 493 5349 tunc
523 5294 761 5349 demum
789 5294 993 5349 Arium
1017 5311 1149 5350 cum
1182 5296 1444 5351 sectariis
1493 5297 1564 5351 ab
1594 5295 1918 5353 Alexandro
1948 5302 2004 5353 et

418 5492 497 5562 (a)
524 5496 743 5547 Socrat.
768 5492 873 5547 lib.
909 5508 948 5560 1,
982 5509 1109 5564 cap.
1168 5494 1204 5545 9
1244 5496 1299 5547 et
1347 5492 1447 5557 M;
1502 5491 1732 5560 Sozom,
1800 5491 1900 5549 lib.
1960 5511 2001 5563 ι,

351 5578 480 5634 cap.
512 5564 602 5617 21.

420 5633 499 5705 (b)
531 5634 760 5690 Sozom.
786 5635 930 5690 ibid.

447 5638 499 5705 b)
531 5638 760 5716 Sosom.
786 5638 947 5717 ibidz

416 5638 499 5853 lat
520 5705 887 5841 esset:
910 5705 1073 5849 its-3.:

477 5779 751 5855 )Sozom.
783 5777 887 5837 lib.
920 5795 985 5849 ιι,
1016 5792 1145 5852 cap.
1180 5777 1269 5839 i7.

2111 4759 2440 4828 accesserit,
2473 4760 2690 4830 pariter
2722 4760 3035 4816 incertum.
3072 4760 3273 4816 Redux
3298 4764 3495 4816 autem
3528 4778 3765 4817 summa

2111 4850 2459 4921 pOpulorum
2496 4848 2697 4904 laetitia
2719 4849 3024 4920 excipitur.
3071 4850 3212 4905 Ilinc
3243 4866 3591 4917 concursus,
3644 4850 3761 4907 cla-

2112 4955 2260 5001 mor,
2284 4942 2417 4992 vota
2448 4936 2884 5007 publicaplebis
2906 4936 3204 4993 catholicae
3228 4937 3620 4993 Athanasium
3646 4936 3760 4993 sibi

2112 5028 2450 5099 episcopum
2469 5026 2866 5097 ctﬂagitantis.
2896 5025 3551 5081 Hocanimomultitudo
3591 5027 3760 5081 innu-

2112 5132 2273 5172 mera
2291 5115 2530 5174 confluit
2562 5115 2617 5169 in
2643 5114 2971 5181 ecclesiam,
3007 5116 3105 5169 ubi
3133 5121 3259 5170 tum
3305 5118 3471 5169 erant
3503 5116 3752 5187 ngyptii

2113 5205 2366 5277 episcOpi
2398 5204 2596 5261 eadem
2633 5205 2704 5258 de
2735 5221 2912 5259 causa
2929 5205 3134 5259 coacti.
3160 5205 3309 5259 Tum
3335 5203 3499 5275 plebs
3524 5204 3766 5260 incensa

2114 5294 2388 5367 cupidine
2409 5293 2588 5365 cptati
2612 5293 2903 5365 potiundi,
2923 5294 3076 5349 edito
3099 5292 3352 5348 clamore
3388 5309 3613 5365 rogare,
3661 5295 3768 5349 ob-

2190 5487 2707 5562 (e)Theod._lib._1_,
2741 5505 2896 5562 c_ap._
2926 5488 3038 5562 26,;
3095 5488 3310 5544 Athen.
3368 5488 3523 5560 Apol.
3574 5493 3766 5545 contra

2116 5558 2336 5629 Arida,
2371 5578 2429 5614 11.
2465 5560 2553 5614 59.
2589 5558 2732 5615 Vide
2760 5558 2830 5615 in
2847 5560 3064 5615 Montio.

2209 5634 2255 5706 Γ)
2288 5633 2435 5706 H33.“-
2463 5647 2653 5706 LXVIII:

2210 5701 2267 5776 ρ’)
2298 5702 2512 5760 Athan.
2542 5701 2711 5773 ibid.,
2744 5719 2800 5776 n,
2836 5706 2888 5764 6.
