4170 6412
395 399 564 474 Lxxu

1789 391 1943 452 PRO
1953 389 2375 456 LEGOMENA
2388 436 2406 456 .

392 519 595 575 testari
644 520 948 594 praesules,
998 522 1389 579 Athanasium
1438 539 1787 595 exposcere;
1839 523 2048 578 deinde
2078 528 2133 592 Α
2164 543 2328 581 mum
2359 525 2704 598 Gregorium
2735 527 3167 585 Nazianzenum
3227 527 3285 584 in
3335 527 3484 585 hanc
3534 545 3654 584 rem
3705 544 3810 584 au-

392 608 578 665 versis
629 610 700 665 ad
756 609 1052 667 Christum
1101 613 1372 684 precibus
1421 613 1746 676 obsecrare,
1808 611 2048 666 concedi

399 696 512 752 sibi
545 699 908 769 postulatum
939 702 1165 757 virum:
1203 719 1317 756 non
1362 718 1646 774 passuros
1696 717 1757 756 se
1804 699 2051 755 ecclesia

405 785 708 860 episcopos
767 790 1059 858 excedere,
1120 791 1303 846 donec
1363 789 1606 846 allectus
1692 789 2050 844 Athanasius

401 880 593 933 esset:
624 877 815 932 virum
853 879 1004 951 frugi
1057 880 1462 946 vociferantes,
1510 879 1872 951 religiosum,
1918 893 2049 932 vere

401 964 818 1035 Christianum,
852 974 1129 1036 ascetam,
1159 985 1294 1024 vero
1361 969 1725 1040 episcopum.
1769 967 1870 1021 His
1919 983 2047 1036 per-

400 1055 545 1109 moti
592 1055 843 1128 Egyptii
901 1057 1179 1130 episcopi,
1242 1057 1632 1113 Athanasium
1713 1056 1773 1110 in
1851 1055 2045 1110 sedem

396 1141 850 1200 Alexandrinam
883 1146 1234 1218 provehunt,
1267 1151 1324 1202 et
1353 1146 1590 1218 quidem
1614 1143 1837 1217 ingenti
1859 1160 2048 1216 popu-

394 1229 585 1287 lorum
615 1233 829 1304 plausu
861 1233 1194 1308 laetitiaque.
1231 1237 1359 1291 Haec
1391 1235 1449 1290 in
1483 1233 1760 1306 synodica
1795 1231 2046 1305 Egyptii

393 1321 701 1392 prasules,
726 1322 940 1378 oculati
963 1328 1164 1388 testes,
1187 1323 1287 1397 qui
1310 1324 1435 1380 suis
1452 1323 1561 1396 ipsi
1579 1323 1852 1379 manibus
1875 1321 2048 1376 Atha-

394 1411 628 1466 nasium
654 1411 716 1466 in
747 1411 1067 1485 episcOpali
1097 1414 1310 1469 throno
1370 1412 1745 1468 collocarent.
1777 1413 1847 1467 At
1878 1427 2047 1467 secus

396 1499 651 1555 multum
682 1516 806 1555 rem
837 1500 1153 1556 Eusebiani
1180 1501 1380 1558 missis
1411 1502 1481 1556 ad
1511 1501 1920 1573 imperatorem
1961 1499 2049 1553 lit-

394 1588 537 1644 teris
570 1589 999 1660 signiﬁcarunt.
1035 1590 1282 1646 Aiebant
1315 1590 1536 1662 quippe
1597 1590 1673 1660 (α)
1708 1588 2048 1644 Meletianos

396 1693 531 1732 cum
590 1677 904 1734 Catholicis
954 1678 1101 1734 inita
1156 1680 1452 1748 societate,
1519 1696 1638 1734 una
1695 1678 2048 1734 conﬂuxisse

397 1765 814 1823 Alexandriam
861 1784 929 1823 ex
987 1767 1282 1824 Thebaide
1348 1772 1404 1824 et
1448 1769 1693 1840 [Egypto
1743 1767 2048 1839 episcopos

395 1860 646 1927 quatuor
668 1856 1204 1935 etquinquaginta,
1237 1857 1338 1929 qui
1360 1857 1465 1929 (sic
1497 1855 1602 1928 illi)
1627 1857 1811 1927 jurati
1842 1860 2052 1910 statue-

393 1948 532 1999 runt
569 1945 834 2000 omnium
867 1945 1088 2000 calculo
1121 1949 1177 2001 et
1205 1945 1500 2018 suffragiis
1531 1945 1906 2017 deligendum
1941 1943 2040 2016 qui

391 2033 846 2089 Alexandrinam
880 2039 1188 2106 occuparet
1219 2036 1415 2090 sedem
1446 2053 1458 2102 ;
1512 2051 1709 2089 verum
1744 2051 1864 2100 sex,
1911 2049 2038 2104 scp-

391 2129 579 2178 temve
609 2123 911 2195 episcopos
941 2141 976 2178 a
1005 2128 1152 2179 ecetu
1187 2124 1503 2196 digressos,
1563 2123 2040 2196 imprudentibus

390 2214 706 2286 invitisque
781 2213 1008 2269 caeteris
1090 2213 1386 2282 omnibus,
1457 2213 1606 2268 clam
1694 2212 2040 2268 contituisse

388 2303 777 2360 Athanasium
808 2302 1184 2374 episcopum:
1217 2320 1346 2374 quae
1377 2319 1556 2357 causa
1602 2306 1759 2356 esset
1806 2305 1870 2356 ut
1921 2299 2039 2355 fre-

391 2409 577 2464 quens
607 2391 1196 2464 populus,clericique
1219 2390 1494 2463 permulti
1525 2391 1652 2461 ejus
1671 2390 2036 2445 communio-

393 2497 526 2538 nem
570 2485 995 2537 aversarentur.
1037 2480 1167 2535 Hazc
1219 2479 1326 2534 illi.
1358 2480 1578 2535 Verum
1613 2478 1798 2535 multo
1844 2480 2038 2552 impu-

391 2571 627 2627 dentius
647 2569 1072 2642 Philostorgius
1090 2570 1194 2642 (1)),
1225 2569 1616 2624 Athanasium
1643 2573 1839 2624 narrat
1861 2569 2040 2624 eccle-

389 2661 540 2718 siam
571 2659 768 2716 Sancti
797 2659 1058 2729 Dionysii
1089 2659 1395 2726 invasisse,
1416 2664 1590 2730 atque
1621 2659 1770 2713 duos
1812 2657 2038 2729 episco-

391 2767 498 2823 pos
521 2749 696 2805 isthic
728 2753 985 2820 repertos
1005 2747 1058 2802 vi
1093 2747 1449 2819 compulisse
1481 2751 1547 2802 ut
1576 2746 1903 2820 episcopale
1924 2747 2037 2803 sibi

390 2856 612 2895 munus
641 2837 951 2904 deferrent,
977 2841 1214 2892 caeteros
1244 2841 1437 2892 autem
1471 2835 1605 2891 facti
1635 2835 2038 2907 indignatione

390 2931 686 3001 permotos
710 2926 1026 2982 damnasse
1054 2925 1376 2991 hominem,
1426 2925 1938 2997 Athanasiumque
1981 2925 2037 2980 vi

392 3014 790 3074 multitudinis
823 3032 888 3070 ac
929 3013 1128 3088 populi
1151 3014 1421 3088 praesidio
1469 3015 1849 3086 superiorem,
1885 3014 2038 3071 litte-

392 3107 496 3175 ris,
529 3121 632 3161 ceu
664 3104 843 3160 totius
873 3103 1116 3160 consilio
1149 3103 1421 3172 civitatis,
1455 3103 1791 3175 imperatori
1825 3120 1888 3160 se
1922 3103 2036 3160 ele-

391 3199 550 3252 ctum
581 3195 765 3251 fuisse
795 3193 1159 3266 significasse
1181 3211 1199 3248 :
1233 3210 1349 3265 quo
1373 3193 1590 3248 factum
1616 3196 1680 3246 ut
1714 3193 1765 3246 vi
1788 3210 2036 3266 occupa-

2079 1899 2126 1964 B

2158 614 2282 669 dire
2301 615 2391 685 (ε).
2429 636 2456 663 ‹‹
2489 613 2582 670 Sic
2615 633 2784 688 porro
2816 617 3099 673 educatus
3131 625 3186 674 et
3215 618 3542 685 institutus,
3594 621 3659 672 ut
3706 633 3807 673 eos

2158 720 2313 757 nunc
2346 719 2580 775 quoque
2612 710 2839 777 oportet
2869 707 2967 777 qui
3020 707 3206 779 plebis
3251 707 3544 763 antistites
3598 705 3807 775 futuri,

2159 808 2558 863 magnumque
2581 793 2798 848 Christi
2833 811 3045 866 corpus
3076 796 3380 851 tractaturi
3405 800 3563 851 sunt.
3599 796 3814 851 Secun-

2157 880 2298 934 dum
2333 881 2626 936 ineffabile
2655 883 2754 937 Dei
2775 883 3086 939 consilium
3117 901 3183 938 ac
3205 884 3656 956 praescientiam,
3682 899 3811 955 qua:

2158 985 2505 1040 magnarum
2543 988 2736 1026 rerum
2770 973 3077 1028 materiam
3101 973 3201 1027 diu
3232 978 3366 1028 ante
3398 978 3719 1045 praeparat,
3752 973 3812 1028 in

2158 1057 2502 1129 praeclarum
2543 1059 2698 1114 hunc
2731 1062 3102 1117 sacerdotum
3151 1063 3417 1117 ordinem
3479 1066 3808 1135 cooptatur,

2157 1150 2331 1218 atque
2361 1148 2418 1202 in
2441 1164 2642 1203 eorum
2676 1149 2775 1220 qui
2808 1151 3303 1224 apprOpinquanti
3336 1151 3452 1207 Deo
3482 1150 3802 1223 appropin-

2158 1241 2342 1306 quaut
2371 1254 2682 1292 numerum
2715 1237 3023 1310 allegitur:
3061 1239 3409 1312 cunctisque
3449 1239 3806 1296 ecclesiasti-

2157 1340 2356 1379 corum
2388 1326 2679 1396 graduum
2721 1327 3070 1383 muneribue
3128 1329 3496 1400 perfunctus,
3545 1327 3802 1386 Alexan-

2155 1413 2325 1469 drino
2354 1415 2589 1486 pepulo,
2621 1416 2778 1487 quod
2800 1416 2955 1472 idern
2971 1422 3061 1473 est
3074 1435 3141 1473 ae
3162 1418 3208 1472 si
3225 1419 3505 1474 dixissem
3526 1418 3803 1480 universo

2157 1506 2444 1558 terrarum
2495 1505 2644 1572 orbi,
2677 1505 3010 1578 praaficitur.
3047 1507 3245 1578 Neque
3276 1511 3368 1562 sat
3397 1507 3641 1562 definire
3671 1524 3806 1580 pos-

2157 1608 2311 1658 sum,
2337 1591 2646 1649 virtutisne
2676 1595 3003 1665 przemium,
3038 1612 3112 1651 an
3140 1595 3409 1651 Ecclesia:
3468 1596 3686 1652 fontem
3738 1613 3806 1654 ac

2157 1680 2336 1735 vitam
2368 1680 2708 1751 hujusmodi
2742 1683 3085 1754 dignitatem
3119 1684 3424 1756 acceperit.
3459 1685 3618 1740 Hanc
3647 1684 3804 1741 enim

2157 1771 2462 1842 Oportebat
2491 1771 2750 1826 veritatis
2779 1771 2876 1826 siti
2908 1770 3311 1844 languentem,
3343 1790 3409 1828 ac
3439 1789 3620 1844 prope
3668 1789 3807 1828 con-

2159 1858 2390 1925 fectam,
2425 1858 2690 1915 Ismaclis
2719 1859 2926 1926 instar,
2986 1864 3124 1932 potu
3174 1861 3442 1932 recreari,
3495 1866 3598 1917 aut
3649 1861 3810 1918 velut

2158 1945 2361 2013 Eliam,
2393 1953 2589 2003 arente
2622 1965 2723 2020 per
2754 1948 3078 2005 siccitatem
3110 1955 3285 2018 terra,
3319 1968 3389 2005 ex
3420 1955 3675 2007 torrente
3717 1967 3807 2008 re-

2151 2035 2417 2102 focillari,
2449 2037 2811 2110 paulumque
2847 2038 3236 2110 respirantem
3289 2041 3360 2095 ad
3410 2040 3590 2094 vitam
3649 2056 3807 2096 revo-

2151 2124 2291 2192 cari,
2321 2141 2385 2179 ac
2418 2142 2616 2181 semen
2653 2126 2849 2182 lsraeli
2883 2127 3170 2200 relinqui:
3206 2145 3277 2183 ne
3323 2134 3388 2184 ut
3435 2130 3696 2184 Sodoma
3746 2134 3805 2185 et

2150 2213 2473 2269 Gomorrha
2502 2215 2886 2287 efficeremur,
2921 2233 3173 2288 quarum
3197 2217 3442 2273 celebris
3456 2218 3692 2289 quidem
3713 2221 3804 2274 est.

2149 2300 2516 2372 improbitas,
2586 2303 2866 2359 celebrior
2923 2309 3117 2360 autem
3207 2305 3519 2373 interitus;
3592 2306 3799 2362 incolis

2148 2407 2358 2463 nempe
2415 2393 2548 2464 igne
2603 2397 2660 2448 et
2718 2394 3001 2466 sulphure
3059 2395 3356 2467 oppressis
3413 2399 3470 2451 et
3547 2395 3796 2452 obrutis.

2148 2484 2460 2552 Propterea
2491 2482 2656 2537 nobis
2677 2483 3016 2553 jacentibus
3048 2501 3229 2540 cornu
3280 2484 3488 2540 salutis
3537 2489 3798 2540 erectum

2145 2573 2252 2624 est.
2284 2591 2304 2618 υ
2341 2570 2409 2625 Et
2441 2572 2643 2641 paucis
2675 2571 3031 2643 interjeetis:
3067 2596 3094 2622 ‹‹
3129 2574 3224 2628 Sic
3254 2573 3435 2646 igitur
3462 2578 3519 2629 et
3576 2573 3649 2630 ob
3697 2589 3798 2630 eas

2146 2675 2377 2724 causas,
2409 2659 2590 2714 totius
2613 2659 2813 2732 populi
2845 2662 3162 2733 suffragiis,
3198 2680 3312 2717 non
3363 2667 3559 2718 autem
3593 2678 3796 2718 secun-

2147 2748 2290 2802 dum
2323 2765 2560 2820 pravam
2582 2750 2854 2816 formam,
2890 2767 3016 2822 quae
3038 2755 3241 2824 postea
3260 2751 3532 2819 obtinuit,
3556 2767 3659 2823 per
3676 2751 3796 2807 vim

2147 2841 2248 2892 aut
2269 2839 2484 2892 caedem
2513 2863 2526 2905 ;
2559 2839 2658 2894 sed
2693 2838 3012 2910 apostolico
3045 2857 3111 2896 ac
3136 2840 3425 2912 spirituali
3483 2857 3664 2912 more,
3722 2841 3797 2896 ad

2147 2926 2327 2981 Marci
2358 2926 2636 2982 thronum
2695 2927 3075 3000 provehitur:
3125 2946 3240 2985 non
3288 2930 3487 2986 minus
3534 2929 3792 3002 pietatis,

2147 3030 2324 3087 quam
2359 3016 2515 3072 sedis
2545 3033 2868 3073 successor.
2903 3017 2978 3073 Ut
3033 3018 3190 3073 enim
3250 3019 3300 3074 si
3348 3019 3501 3074 hanc
3545 3023 3793 3091 spectes,

2146 3105 2580 3161 remotissimus
2609 3107 2681 3161 ab
2695 3123 2762 3161 eo
2795 3107 3027 3163 futurus
3057 3112 3183 3175 est;
3217 3108 3298 3164 ita
3328 3108 3378 3164 si
3409 3107 3569 3164 illius
3627 3107 3798 3164 ratio-

2148 3211 2278 3249 nem
2313 3193 2550 3262 habeas,
2582 3196 2781 3251 statim
2814 3195 2898 3250 illi
2931 3198 3233 3268 proximus
3264 3197 3613 3268 invenietur,
3664 3213 3794 3270 quae

395 3290 518 3342 tam
551 3285 749 3341 sedem
781 3287 1022 3339 teneret.
1058 3284 1186 3338 Haec
1215 3283 1495 3338 nimirum
1540 3283 2034 3339 mendacissimus
2067 3270 2110 3336 C
2149 3282 2384 3355 quidem
2443 3285 2674 3356 proprie
2733 3285 3026 3342 successio
3076 3286 3468 3342 existimanda
3506 3291 3614 3343 est.
3642 3309 3670 3336 »
3723 3287 3796 3343 Et

385 3373 834 3447 Philostorgius,
869 3372 968 3446 qui
1002 3373 1219 3428 nedum
1263 3371 1588 3439 veritatem,
1639 3388 1710 3428 ne
1768 3373 2033 3430 veritatis

385 3463 625 3538 quidem
658 3462 928 3518 umbram
962 3466 1020 3518 et
1046 3461 1298 3534 speciem
1328 3465 1603 3539 sectatur.

456 3554 509 3608 .i.
535 3557 771 3607 Annum
789 3557 988 3624 itaque
1010 3551 1262 3622 cooptati
1289 3550 1348 3605 in
1366 3550 1705 3623 episcopum
1721 3551 2031 3608 Athanasii

383 3641 759 3713 assignamus
791 3641 917 3708 326,
949 3638 1168 3712 elapsis
1199 3639 1550 3709 quibusdam
1582 3639 1653 3694 ab
1713 3641 2029 3696 Alexandri

383 3729 545 3785 obitu
578 3727 901 3784 mensibus.
937 3735 1120 3800 Atque
1178 3727 1259 3783 ita
1308 3729 1485 3800 probe
1529 3733 1760 3783 constat
1808 3731 1962 3802 quod
1997 3746 2032 3785 a

382 3817 594 3891 Cyrillo
625 3819 694 3890 (ο)
725 3821 782 3872 et
801 3816 932 3873 aliis
965 3817 1234 3885 traditur,
1266 3817 1657 3873 Athanasium
1701 3817 1924 3874 scilicet
1969 3818 2029 3873 in

381 3906 696 3980 episcopali
730 3907 867 3963 sede
889 3911 1077 3962 totum
1109 3924 1209 3962 sex
1238 3923 1415 3977 super
1435 3907 1826 3979 quadraginta
1846 3924 2027 3962 anno-

381 4014 513 4052 rum
544 3997 802 4069 spatium
833 4012 1140 4052 emensum
1172 3995 1409 4051 obiisse.
1444 3999 1517 4050 At
1545 3995 1700 4051 enim
1735 3995 1783 4051 si
1834 3997 2027 4068 ponti-

379 4086 586 4142 ﬁcatus
609 4085 914 4141 Athanasii
945 4084 1245 4140 exordium
1296 4085 1546 4139 ducatur
1583 4087 1654 4140 ab
1697 4101 1849 4140 anno
1898 4086 2022 4154 3'26,

378 4179 481 4231 aut
502 4173 744 4230 dimidio
775 4173 1003 4230 circiter
1032 4178 1133 4228 aut
1161 4177 1440 4240 vertente,
1476 4174 1548 4228 ad
1598 4174 1725 4242 373,
1784 4173 1879 4228 die
1932 4189 2020 4228 se-

379 4263 736 4331 cundaMaii,
761 4280 876 4335 quo
906 4267 1169 4335 tempore
1192 4262 1408 4318 obiisse
1441 4261 1685 4319 inferius
1719 4278 2020 4318 common-

376 4358 614 4423 stratur,
649 4357 1066 4425 computantur
1095 4351 1229 4407 anni
1258 4368 1357 4406 sex
1388 4356 1444 4408 et
1469 4351 1860 4424 quadraginta
1890 4368 2021 4408 cum

375 4442 731 4515 quibusdam
763 4442 1085 4497 mensibus.

440 4534 494 4588 5.
533 4533 594 4588 In
617 4531 918 4588 Athanasii
952 4531 1374 4604 promotionem
1408 4531 1527 4586 haec
1555 4531 1732 4586 habet
1749 4531 2018 4587 Sozome-

2145 3374 2500 3446 quibusdam
2533 3373 2894 3447 interpositis
2925 3374 3048 3431 haec
3078 3375 3254 3432 habet
3309 3376 3382 3433 de
3441 3375 3603 3432 illius
3659 3375 3790 3432 vita

2142 3463 2412 3518 instituto
2437 3480 2449 3517 :
2487 3487 2512 3513 ‹‹
2547 3463 2910 3520 Athanasius
2939 3463 3056 3520 vita
3083 3465 3321 3537 quidem
3347 3465 3623 3521 sublimis
3642 3468 3790 3532 erat,

2137 3567 2340 3608 verum
2372 3551 2569 3608 animo
2591 3552 2886 3610 demissus
2906 3556 2964 3609 et
2983 3553 3228 3609 humilis
3253 3572 3264 3609 :
3291 3558 3348 3610 et
3366 3558 3529 3610 tanta
3547 3554 3788 3624 quidem

2139 3645 2264 3696 erat
2291 3641 2524 3707 virtute,
2559 3645 2624 3694 ut
2653 3641 2724 3695 ad
2756 3658 2886 3697 eam
2920 3643 3192 3697 accedere
3223 3646 3422 3713 posset
3451 3659 3660 3711 nemo;
3721 3661 3791 3701 ea

2140 3730 2432 3795 comitate,
2468 3734 2531 3784 ut
2562 3730 2632 3783 ad
2665 3730 2792 3799 ejus
2842 3745 3225 3802 congressum
3278 3730 3462 3786 facilis
3514 3732 3790 3792 omnibus

2139 3823 2296 3873 esset
2326 3818 2544 3883 aditus,
2569 3823 2939 3889 mansuetus,
2992 3817 3174 3882 mitis,
3227 3819 3300 3872 ad
3350 3819 3789 3879 miserationem

2139 3922 2486 3978 propensus,
2521 3922 2792 3962 sermone
2814 3906 3139 3977 jucundus,
3165 3906 3788 3978 moribusjucundior,

2140 3994 2282 4049 facie
2312 4002 2368 4050 et
2397 3994 2584 4050 multo
2604 3995 2791 4067 magis
2806 4000 3000 4050 mente
3016 3995 3403 4067 augelicus,in
3427 3996 3788 4068 increpando

2134 4082 2306 4148 lenis,
2360 4084 2420 4138 in
2476 4083 2770 4139 laudando
2827 4085 3132 4140 erudiendi
3189 4085 3244 4138 vi
3302 4086 3623 4157 praeditus:
3701 4086 3789 4144 sio

2135 4178 2454 4244 utrumque
2477 4177 2900 4244 temperans,ut
2923 4178 3196 4230 neutrum
3222 4174 3432 4230 horum
3455 4190 3558 4246 per
3577 4175 3786 4234 immo-

2133 4262 2491 4318 derationem
2524 4261 2938 4332 labefactaret;
2968 4264 3068 4319 sed
3103 4267 3168 4319 ut
3223 4263 3539 4336 increpatio
3597 4268 3786 4336 pater-

2132 4367 2268 4406 nam
2300 4351 2666 4421 charitatem,
2720 4356 2777 4408 et
2832 4351 3087 4408 laudatio
3140 4352 3372 4424 imperii
3429 4353 3781 4425 gravitatem

2129 4440 2567 4496 retineretznec
2597 4445 2700 4496 aut
2755 4441 2968 4498 lenitas
3023 4441 3274 4510 mollior,
3335 4446 3438 4498 aut
3494 4441 3777 4500 severitas

2129 4547 2292 4600 aequo
2342 4529 2586 4602 rigidior
2615 4535 2770 4586 esset
2799 4548 2811 4598 ;
2845 4531 2989 4602 quin
3021 4532 3218 4602 potius
3249 4530 3348 4586 illa
3378 4530 3676 4588 facilitatis
3726 4535 3785 4588 et

370 4637 483 4678 nus
517 4621 594 4694 (ά)
622 4637 632 4676 :
663 4643 690 4671 ‹‹
721 4621 837 4693 Ego
897 4637 1037 4676 sane
1086 4619 1276 4676 virum
1337 4619 1678 4691 bujusmodi
1717 4636 1832 4676 non
1873 4620 2019 4676 citra
2050 4639 2096 4703 Ι)
2130 4618 2528 4691 benignitatis,
2553 4619 2674 4674 hac
2698 4619 3021 4691 prudentia:
3049 4637 3265 4676 nomen
3316 4619 3561 4676 haberet
3616 4623 3784 4676 utra-

368 4711 469 4767 Dei
503 4715 712 4766 nutum
745 4711 814 4765 ad
849 4710 1241 4766 sacerdotium
1261 4709 1594 4782 pervenisse
1616 4709 1904 4777 existimo,
1932 4714 2017 4764 ut-

369 4803 500 4872 pote
522 4799 860 4872 eloquentia
881 4800 1053 4869 juxta
1071 4804 1245 4870 atque
1275 4797 1662 4870 intelligentia
1678 4799 2014 4870 praeditum,

369 4894 431 4944 et
444 4889 513 4944 ad
529 4889 956 4945 occurrendum
979 4888 1212 4943 insidiis
1228 4887 1691 4943 adversariorum
1708 4887 2014 4960 paratissi-

368 4994 555 5046 mum,
588 4976 920 5050 cujusmodi
949 4976 1139 5032 virum
1163 4976 1263 5032 illa
1279 4981 1542 5048 tempora
1564 4993 1740 5048 quam
1764 4978 2016 5033 maxime

364 5067 761 5139 postulabant.
797 5067 925 5121 Fuit
958 5069 1112 5120 certe
1146 5066 1217 5121 ad
1253 5066 1559 5121 conciones
1588 5066 2015 5122 ecclesiasticas

363 5160 422 5211 et
450 5158 521 5212 ad
542 5155 848 5213 sacerdotii
874 5155 1440 5211 munusobeundum
1469 5154 2016 5227 aptissimus,atque

371 5245 442 5300 ab
497 5245 735 5301 ineunte
785 5249 953 5300 aetate
1013 5244 1072 5299 in
1131 5243 1422 5315 ejusmodi
1482 5243 1657 5299 rebus
1725 5239 2015 5297 αιότοδίδα-

363 5352 519 5393 κτος.

432 5423 485 5478 6.
519 5424 702 5479 Lubet
729 5423 1036 5480 Athanasii
1068 5438 1394 5495 praeconem
1427 5421 1696 5478 omnium
1757 5421 2012 5479 clarissi-

432 5656 509 5727 (b)
541 5656 670 5727 Lib.
700 5672 762 5727 Π,
795 5672 845 5714 c.
874 5657 966 5718 11.

433 5585 511 5658 (a)
542 5584 771 5658 Sozom.
806 5584 1002 5658 lib.11,
1036 5600 1164 5658 cap.
1201 5585 1301 5656 17,
1336 5584 1549 5641 Athan.
1585 5584 1753 5652 ibid.,
1787 5602 1844 5640 n.
1877 5587 1933 5639 6.

433 5589 489 5647 (a
542 5585 771 5640 Sozom.

432 5657 486 5726 (b
541 5656 670 5711 Lib.
700 5672 762 5727 ιι,
795 5674 804 5711 ε

428 5585 511 5807 (cf
529 5725 717 5804 Epist.
751 5729 804 5790 1.

2128 4725 2241 4780 que
2269 4725 2405 4764 vero
2438 4708 2733 4779 sapientiae
2757 4707 2992 4764 laudem
3025 4712 3505 4780 consequeretur.
3554 4709 3656 4763 Cui
3715 4709 3774 4765 id

2126 4813 2355 4852 morum
2389 4797 2646 4868 probitas
2679 4799 3013 4869 prastabat,
3075 4803 3138 4852 ut
3198 4797 3398 4853 minus
3456 4798 3781 4853 verborum

2124 4891 2280 4941 esset
2309 4903 2458 4958 opus
2483 4904 2496 4954 ;
2532 4886 2588 4940 id
2621 4887 2816 4957 verba,
2848 4892 2913 4941 ut
2945 4888 3176 4959 parcius
3200 4887 3360 4959 virga
3390 4891 3654 4942 uteretur
3679 4903 3692 4955 ;
3720 4886 3779 4941 id

2124 4975 2306 5048 virga,
2340 4980 2404 5029 ut
2435 4975 2690 5031 sectione
2722 4977 2913 5031 rarius
2945 4994 3092 5047 opus
3140 4976 3402 5034 haberet.
3437 5000 3463 5027 ››
3528 4976 3599 5030 Et
3646 4978 3781 5048 post

2125 5081 2346 5135 pauca:
2385 5087 2412 5113 «
2444 5064 2546 5120 Hic
2577 5064 2737 5120 illius
2769 5064 3088 5136 injejuniis
3107 5069 3279 5137 atque
3297 5065 3661 5121 orationibus
3682 5080 3776 5120 as-

2125 5154 2460 5210 siduitatem
2494 5153 2771 5210 laudibus
2811 5159 2994 5222 ornet,
3047 5154 3144 5209 ille
3189 5152 3654 5226 insuperabilem
3714 5153 3774 5208 in

2123 5243 2337 5316 vigiliis
2362 5248 2418 5300 et
2448 5243 2792 5316 psalmodiis
2815 5245 3072 5316 vigorem
3103 5261 3114 5299 :
3150 5243 3303 5299 alius
3333 5241 3631 5316 egentium
3663 5260 3766 5298 cu-

2123 5349 2246 5388 ram
2280 5339 2336 5388 et
2367 5333 2886 5405 praesidium,alius
2908 5338 3140 5389 enarret
3163 5337 3225 5388 ut
3245 5332 3517 5405 superbis
3539 5330 3766 5387 restite-

2125 5422 2199 5477 rit
2229 5427 2288 5478 et
2317 5423 2390 5478 ad
2422 5422 2678 5478 humiles
2726 5438 2855 5478 sese
2884 5422 3204 5479 demiserit.
3236 5421 3507 5494 Virgines
3558 5437 3777 5493 pronu-

2215 5587 2272 5658 d)
2292 5584 2423 5658 Lib.
2460 5601 2520 5652 ιι,
2546 5601 2670 5657 cap.
2707 5584 2794 5638 17.

2211 5657 2261 5734 e)
2290 5657 2465 5716 Num.
2500 5661 2553 5714 4.
