  <div class='ocr_page' id='page_1' title='image "/cluster/home/n/w/nwhite01/storage/ocr_20150623/25:no.1/coo.31924054873066/086.png"; bbox 0 0 4170 6448; ppageno 0'>
   <div class='ocr_carea' id='block_1_1' title="bbox 1628 500 2423 567">
    <p class='ocr_par' dir='ltr' id='par_1_1' title="bbox 1628 500 2423 567">
     <span class='ocr_line' id='line_1_1' title="bbox 1628 500 2423 567; baseline -0.005 -1"><span class='ocrx_word' id='word_1_1' title='bbox 1628 500 1813 567; x_wconf 81' lang='lat' dir='ltr'>VITA</span> <span class='ocrx_word' id='word_1_2' title='bbox 1862 501 1928 565; x_wconf 91' lang='lat' dir='ltr'>S.</span> <span class='ocrx_word' id='word_1_3' title='bbox 1973 500 2423 566; x_wconf 85' lang='lat' dir='ltr'>ATHANASII.</span> 
     </span>
    </p>
   </div>
   <div class='ocr_carea' id='block_1_2' title="bbox 3547 511 3735 567">
    <p class='ocr_par' dir='ltr' id='par_1_2' title="bbox 3547 511 3735 567">
     <span class='ocr_line' id='line_1_2' title="bbox 3547 511 3735 567; baseline -0.011 1"><span class='ocrx_word' id='word_1_4' title='bbox 3547 511 3735 567; x_wconf 71' lang='lat' dir='ltr'>LXXIII</span> 
     </span>
    </p>
   </div>
   <div class='ocr_carea' id='block_1_3' title="bbox 341 628 3732 712">
    <p class='ocr_par' dir='ltr' id='par_1_3' title="bbox 341 628 3732 712">
     <span class='ocr_line' id='line_1_3' title="bbox 341 628 3732 712; baseline 0.001 -20"><span class='ocrx_word' id='word_1_5' title='bbox 341 628 472 692; x_wconf 87' lang='lat' dir='ltr'>bum</span> <span class='ocrx_word' id='word_1_6' title='bbox 492 632 733 695; x_wconf 82' lang='lat' dir='ltr'>laudent</span> <span class='ocrx_word' id='word_1_7' title='bbox 754 652 767 694; x_wconf 88' lang='lat'><strong><em>:</em></strong></span> <span class='ocrx_word' id='word_1_8' title='bbox 790 653 916 711; x_wconf 72' lang='lat' dir='ltr'>quae</span> <span class='ocrx_word' id='word_1_9' title='bbox 932 634 1290 696; x_wconf 89' lang='lat' dir='ltr'>matrimonii</span> <span class='ocrx_word' id='word_1_10' title='bbox 1298 636 1445 711; x_wconf 88' lang='lat' dir='ltr'>jugo</span> <span class='ocrx_word' id='word_1_11' title='bbox 1464 637 1788 694; x_wconf 72' lang='lat' dir='ltr'>constrictas</span> <span class='ocrx_word' id='word_1_12' title='bbox 1811 642 1970 707; x_wconf 90' lang='lat' dir='ltr'>sunt,</span> <span class='ocrx_word' id='word_1_13' title='bbox 2002 640 2057 708; x_wconf 84' lang='grc' dir='ltr'><strong>Α</strong></span> <span class='ocrx_word' id='word_1_14' title='bbox 2088 637 2457 712; x_wconf 82' lang='lat' dir='ltr'>ascripsisse,</span> <span class='ocrx_word' id='word_1_15' title='bbox 2479 642 2655 711; x_wconf 89' lang='lat' dir='ltr'>atque</span> <span class='ocrx_word' id='word_1_16' title='bbox 2685 637 2875 697; x_wconf 90' lang='lat' dir='ltr'>eidem</span> <span class='ocrx_word' id='word_1_17' title='bbox 2906 638 3205 697; x_wconf 82' lang='lat' dir='ltr'>mordicus</span> <span class='ocrx_word' id='word_1_18' title='bbox 3250 638 3484 710; x_wconf 82' lang='lat' dir='ltr'>haerere,</span> <span class='ocrx_word' id='word_1_19' title='bbox 3544 644 3732 697; x_wconf 88' lang='lat' dir='ltr'>ratam</span> 
     </span>
    </p>
   </div>
   <div class='ocr_carea' id='block_1_4' title="bbox 339 726 1974 800">
    <p class='ocr_par' dir='ltr' id='par_1_4' title="bbox 339 726 1974 800">
     <span class='ocr_line' id='line_1_4' title="bbox 339 726 1974 800; baseline 0.001 -18"><span class='ocrx_word' id='word_1_20' title='bbox 339 726 756 783; x_wconf 82' lang='lat' dir='ltr'>moderatorem</span> <span class='ocrx_word' id='word_1_21' title='bbox 787 745 799 795; x_wconf 94' lang='lat'><strong>;</strong></span> <span class='ocrx_word' id='word_1_22' title='bbox 836 728 935 800; x_wconf 91' lang='lat' dir='ltr'>qui</span> <span class='ocrx_word' id='word_1_23' title='bbox 962 727 1286 784; x_wconf 88' lang='lat' dir='ltr'>solitariam</span> <span class='ocrx_word' id='word_1_24' title='bbox 1319 732 1502 799; x_wconf 83' lang='lat' dir='ltr'>agunt</span> <span class='ocrx_word' id='word_1_25' title='bbox 1530 727 1732 798; x_wconf 89' lang='lat' dir='ltr'>vitam,</span> <span class='ocrx_word' id='word_1_26' title='bbox 1764 729 1974 783; x_wconf 87' lang='lat' dir='ltr'>excita-</span> 
     </span>
    </p>
   </div>
   <div class='ocr_carea' id='block_1_5' title="bbox 335 816 1975 889">
    <p class='ocr_par' dir='ltr' id='par_1_5' title="bbox 335 816 1975 889">
     <span class='ocr_line' id='line_1_5' title="bbox 335 816 1975 889; baseline 0.001 -18"><span class='ocrx_word' id='word_1_27' title='bbox 335 818 511 872; x_wconf 90' lang='lat' dir='ltr'>torem</span> <span class='ocrx_word' id='word_1_28' title='bbox 566 821 623 872; x_wconf 91' lang='lat' dir='ltr'>et</span> <span class='ocrx_word' id='word_1_29' title='bbox 666 821 1020 886; x_wconf 89' lang='lat' dir='ltr'>erectorem;</span> <span class='ocrx_word' id='word_1_30' title='bbox 1055 817 1241 889; x_wconf 87' lang='lat' dir='ltr'>quiin</span> <span class='ocrx_word' id='word_1_31' title='bbox 1300 816 1567 872; x_wconf 91' lang='lat' dir='ltr'>sodalitio</span> <span class='ocrx_word' id='word_1_32' title='bbox 1623 817 1843 885; x_wconf 90' lang='lat' dir='ltr'>vivunt,</span> <span class='ocrx_word' id='word_1_33' title='bbox 1895 818 1975 873; x_wconf 91' lang='lat' dir='ltr'>le-</span> 
     </span>
    </p>
   </div>
   <div class='ocr_carea' id='block_1_6' title="bbox 335 905 1973 979">
    <p class='ocr_par' dir='ltr' id='par_1_6' title="bbox 335 905 1973 979">
     <span class='ocr_line' id='line_1_6' title="bbox 335 905 1973 979; baseline -0.001 -19"><span class='ocrx_word' id='word_1_34' title='bbox 335 905 664 979; x_wconf 85' lang='lat' dir='ltr'>gislatorem</span> <span class='ocrx_word' id='word_1_35' title='bbox 700 924 712 972; x_wconf 94' lang='lat'>;</span> <span class='ocrx_word' id='word_1_36' title='bbox 748 907 1045 978; x_wconf 87' lang='lat' dir='ltr'>simplices</span> <span class='ocrx_word' id='word_1_37' title='bbox 1106 907 1479 962; x_wconf 80' lang='lat' dir='ltr'>deductorem</span> <span class='ocrx_word' id='word_1_38' title='bbox 1515 924 1528 973; x_wconf 90' lang='lat'>;</span> <span class='ocrx_word' id='word_1_39' title='bbox 1590 905 1973 978; x_wconf 88' lang='lat' dir='ltr'>speculationi</span> 
     </span>
    </p>
   </div>
   <div class='ocr_carea' id='block_1_7' title="bbox 335 994 1974 1068">
    <p class='ocr_par' dir='ltr' id='par_1_7' title="bbox 335 994 1974 1068">
     <span class='ocr_line' id='line_1_7' title="bbox 335 994 1974 1068; baseline 0 -18"><span class='ocrx_word' id='word_1_40' title='bbox 335 994 505 1050; x_wconf 90' lang='lat' dir='ltr'>dediti</span> <span class='ocrx_word' id='word_1_41' title='bbox 520 994 855 1068; x_wconf 89' lang='lat' dir='ltr'>theologum</span> <span class='ocrx_word' id='word_1_42' title='bbox 887 1013 899 1050; x_wconf 92' lang='lat'>:</span> <span class='ocrx_word' id='word_1_43' title='bbox 936 995 1151 1051; x_wconf 85' lang='lat' dir='ltr'>hilares</span> <span class='ocrx_word' id='word_1_44' title='bbox 1183 996 1412 1050; x_wconf 83' lang='lat' dir='ltr'>frenum</span> <span class='ocrx_word' id='word_1_45' title='bbox 1439 1011 1451 1050; x_wconf 89' lang='lat'>:</span> <span class='ocrx_word' id='word_1_46' title='bbox 1478 994 1805 1050; x_wconf 86' lang='lat' dir='ltr'>calamitosi</span> <span class='ocrx_word' id='word_1_47' title='bbox 1837 1012 1974 1050; x_wconf 91' lang='lat' dir='ltr'>con-</span> 
     </span>
    </p>
   </div>
   <div class='ocr_carea' id='block_1_8' title="bbox 338 1083 1975 1156">
    <p class='ocr_par' dir='ltr' id='par_1_8' title="bbox 338 1083 1975 1156">
     <span class='ocr_line' id='line_1_8' title="bbox 338 1083 1975 1156; baseline 0 -16"><span class='ocrx_word' id='word_1_48' title='bbox 338 1083 641 1140; x_wconf 90' lang='lat' dir='ltr'>solatorem</span> <span class='ocrx_word' id='word_1_49' title='bbox 676 1103 689 1140; x_wconf 89' lang='lat'><strong>:</strong></span> <span class='ocrx_word' id='word_1_50' title='bbox 725 1084 966 1141; x_wconf 88' lang='lat' dir='ltr'>canities</span> <span class='ocrx_word' id='word_1_51' title='bbox 1006 1084 1282 1141; x_wconf 86' lang='lat' dir='ltr'>baculum</span> <span class='ocrx_word' id='word_1_52' title='bbox 1319 1103 1332 1153; x_wconf 89' lang='lat'><strong>;</strong></span> <span class='ocrx_word' id='word_1_53' title='bbox 1387 1086 1666 1153; x_wconf 82' lang='lat' dir='ltr'>juventus</span> <span class='ocrx_word' id='word_1_54' title='bbox 1714 1084 1975 1156; x_wconf 69' lang='lat' dir='ltr'>paedago-</span> 
     </span>
    </p>
   </div>
   <div class='ocr_carea' id='block_1_9' title="bbox 331 1173 1968 1245">
    <p class='ocr_par' dir='ltr' id='par_1_9' title="bbox 331 1173 1968 1245">
     <span class='ocr_line' id='line_1_9' title="bbox 331 1173 1968 1245; baseline 0 -17"><span class='ocrx_word' id='word_1_55' title='bbox 331 1188 462 1245; x_wconf 87' lang='lat' dir='ltr'>gum</span> <span class='ocrx_word' id='word_1_56' title='bbox 494 1199 508 1241; x_wconf 84' lang='lat'><strong>;</strong></span> <span class='ocrx_word' id='word_1_57' title='bbox 533 1177 847 1245; x_wconf 88' lang='lat' dir='ltr'>paupertas</span> <span class='ocrx_word' id='word_1_58' title='bbox 870 1173 1201 1245; x_wconf 89' lang='lat' dir='ltr'>largitorem</span> <span class='ocrx_word' id='word_1_59' title='bbox 1227 1173 1968 1245; x_wconf 73' lang='lat' dir='ltr'>;divitiaadispensatorem.</span> 
     </span>
    </p>
   </div>
   <div class='ocr_carea' id='block_1_10' title="bbox 331 1262 1968 1334">
    <p class='ocr_par' dir='ltr' id='par_1_10' title="bbox 331 1262 1968 1334">
     <span class='ocr_line' id='line_1_10' title="bbox 331 1262 1968 1334; baseline -0.001 -16"><span class='ocrx_word' id='word_1_60' title='bbox 331 1262 469 1328; x_wconf 88' lang='lat' dir='ltr'>Quin</span> <span class='ocrx_word' id='word_1_61' title='bbox 501 1267 559 1318; x_wconf 89' lang='lat' dir='ltr'>et</span> <span class='ocrx_word' id='word_1_62' title='bbox 588 1262 735 1317; x_wconf 89' lang='lat' dir='ltr'>mihi</span> <span class='ocrx_word' id='word_1_63' title='bbox 766 1263 1039 1318; x_wconf 91' lang='lat' dir='ltr'>videntur</span> <span class='ocrx_word' id='word_1_64' title='bbox 1068 1267 1125 1317; x_wconf 93' lang='lat' dir='ltr'>et</span> <span class='ocrx_word' id='word_1_65' title='bbox 1154 1262 1341 1318; x_wconf 72' lang='lat' dir='ltr'>viduae</span> <span class='ocrx_word' id='word_1_66' title='bbox 1364 1266 1675 1334; x_wconf 90' lang='lat' dir='ltr'>patronum</span> <span class='ocrx_word' id='word_1_67' title='bbox 1700 1262 1968 1318; x_wconf 87' lang='lat' dir='ltr'>laudatu-</span> 
     </span>
    </p>
   </div>
   <div class='ocr_carea' id='block_1_11' title="bbox 330 1350 1973 1424">
    <p class='ocr_par' dir='ltr' id='par_1_11' title="bbox 330 1350 1973 1424">
     <span class='ocr_line' id='line_1_11' title="bbox 330 1350 1973 1424; baseline -0.001 -17"><span class='ocrx_word' id='word_1_68' title='bbox 330 1368 417 1419; x_wconf 82' lang='lat' dir='ltr'>rae,</span> <span class='ocrx_word' id='word_1_69' title='bbox 450 1356 505 1407; x_wconf 90' lang='lat' dir='ltr'>et</span> <span class='ocrx_word' id='word_1_70' title='bbox 533 1351 744 1423; x_wconf 78' lang='lat' dir='ltr'>pUpilli</span> <span class='ocrx_word' id='word_1_71' title='bbox 768 1356 1015 1423; x_wconf 87' lang='lat' dir='ltr'>patrem,</span> <span class='ocrx_word' id='word_1_72' title='bbox 1050 1356 1107 1408; x_wconf 88' lang='lat' dir='ltr'>et</span> <span class='ocrx_word' id='word_1_73' title='bbox 1137 1351 1427 1424; x_wconf 86' lang='lat' dir='ltr'>peregrini</span> <span class='ocrx_word' id='word_1_74' title='bbox 1484 1350 1857 1424; x_wconf 86' lang='lat' dir='ltr'>hospitalem,</span> <span class='ocrx_word' id='word_1_75' title='bbox 1917 1355 1973 1406; x_wconf 91' lang='lat' dir='ltr'>et</span> 
     </span>
    </p>
   </div>
   <div class='ocr_carea' id='block_1_12' title="bbox 329 1440 1968 1505">
    <p class='ocr_par' dir='ltr' id='par_1_12' title="bbox 329 1440 1968 1505">
     <span class='ocr_line' id='line_1_12' title="bbox 329 1440 1968 1505; baseline 0.001 -10"><span class='ocrx_word' id='word_1_76' title='bbox 329 1440 526 1497; x_wconf 85' lang='lat' dir='ltr'>fratres</span> <span class='ocrx_word' id='word_1_77' title='bbox 547 1442 800 1496; x_wconf 81' lang='lat' dir='ltr'>fratrum</span> <span class='ocrx_word' id='word_1_78' title='bbox 831 1446 1149 1505; x_wconf 86' lang='lat' dir='ltr'>amantem,</span> <span class='ocrx_word' id='word_1_79' title='bbox 1185 1442 1315 1496; x_wconf 90' lang='lat' dir='ltr'>sani</span> <span class='ocrx_word' id='word_1_80' title='bbox 1370 1440 1721 1497; x_wconf 89' lang='lat' dir='ltr'>valetudinis</span> <span class='ocrx_word' id='word_1_81' title='bbox 1776 1444 1968 1496; x_wconf 91' lang='lat' dir='ltr'>custo-</span> 
     </span>
    </p>
   </div>
   <div class='ocr_carea' id='block_1_13' title="bbox 327 1530 1970 1603">
    <p class='ocr_par' dir='ltr' id='par_1_13' title="bbox 327 1530 1970 1603">
     <span class='ocr_line' id='line_1_13' title="bbox 327 1530 1970 1603; baseline -0.001 -17"><span class='ocrx_word' id='word_1_82' title='bbox 327 1530 473 1596; x_wconf 87' lang='lat' dir='ltr'>dem,</span> <span class='ocrx_word' id='word_1_83' title='bbox 507 1546 714 1587; x_wconf 88' lang='lat' dir='ltr'>omnes</span> <span class='ocrx_word' id='word_1_84' title='bbox 741 1530 990 1602; x_wconf 89' lang='lat' dir='ltr'>denique</span> <span class='ocrx_word' id='word_1_85' title='bbox 1003 1548 1137 1587; x_wconf 90' lang='lat' dir='ltr'>eum</span> <span class='ocrx_word' id='word_1_86' title='bbox 1152 1531 1252 1603; x_wconf 90' lang='lat' dir='ltr'>qui</span> <span class='ocrx_word' id='word_1_87' title='bbox 1276 1530 1473 1585; x_wconf 89' lang='lat' dir='ltr'>omnia</span> <span class='ocrx_word' id='word_1_88' title='bbox 1490 1530 1767 1587; x_wconf 91' lang='lat' dir='ltr'>omnibus</span> <span class='ocrx_word' id='word_1_89' title='bbox 1780 1531 1970 1586; x_wconf 87' lang='lat' dir='ltr'>factus</span> 
     </span>
    </p>
   </div>
   <div class='ocr_carea' id='block_1_14' title="bbox 327 1619 1969 1692">
    <p class='ocr_par' dir='ltr' id='par_1_14' title="bbox 327 1619 1969 1692">
     <span class='ocr_line' id='line_1_14' title="bbox 327 1619 1969 1692; baseline 0.001 -18"><span class='ocrx_word' id='word_1_90' title='bbox 327 1623 426 1689; x_wconf 90' lang='lat' dir='ltr'>est,</span> <span class='ocrx_word' id='word_1_91' title='bbox 458 1624 522 1676; x_wconf 92' lang='lat' dir='ltr'>ut</span> <span class='ocrx_word' id='word_1_92' title='bbox 553 1636 759 1677; x_wconf 90' lang='lat' dir='ltr'>omnes</span> <span class='ocrx_word' id='word_1_93' title='bbox 788 1619 876 1675; x_wconf 92' lang='lat' dir='ltr'>vel</span> <span class='ocrx_word' id='word_1_94' title='bbox 909 1619 1380 1692; x_wconf 90' lang='lat' dir='ltr'>quamplurimos</span> <span class='ocrx_word' id='word_1_95' title='bbox 1400 1620 1827 1675; x_wconf 87' lang='lat' dir='ltr'>lucrifaceret.»</span> <span class='ocrx_word' id='word_1_96' title='bbox 1849 1620 1969 1675; x_wconf 89' lang='lat' dir='ltr'>Hoc</span> 
     </span>
    </p>
   </div>
   <div class='ocr_carea' id='block_1_15' title="bbox 324 1709 1971 1783">
    <p class='ocr_par' dir='ltr' id='par_1_15' title="bbox 324 1709 1971 1783">
     <span class='ocr_line' id='line_1_15' title="bbox 324 1709 1971 1783; baseline 0.001 -21"><span class='ocrx_word' id='word_1_97' title='bbox 324 1709 626 1767; x_wconf 77' lang='lat' dir='ltr'>Athanasii</span> <span class='ocrx_word' id='word_1_98' title='bbox 656 1710 1019 1777; x_wconf 85' lang='lat' dir='ltr'>institutum,</span> <span class='ocrx_word' id='word_1_99' title='bbox 1055 1709 1177 1763; x_wconf 77' lang='lat' dir='ltr'>haec</span> <span class='ocrx_word' id='word_1_100' title='bbox 1235 1709 1586 1783; x_wconf 87' lang='lat' dir='ltr'>episcopalis</span> <span class='ocrx_word' id='word_1_101' title='bbox 1642 1709 1816 1765; x_wconf 89' lang='lat' dir='ltr'>ofﬁcii</span> <span class='ocrx_word' id='word_1_102' title='bbox 1879 1725 1971 1781; x_wconf 90' lang='lat' dir='ltr'>ge-</span> 
     </span>
    </p>
   </div>
   <div class='ocr_carea' id='block_1_16' title="bbox 323 1798 815 1877">
    <p class='ocr_par' dir='ltr' id='par_1_16' title="bbox 323 1798 815 1877">
     <span class='ocr_line' id='line_1_16' title="bbox 323 1798 815 1877; baseline 0.002 -25"><span class='ocrx_word' id='word_1_103' title='bbox 323 1799 479 1854; x_wconf 89' lang='lat' dir='ltr'>rendi</span> <span class='ocrx_word' id='word_1_104' title='bbox 506 1798 661 1877; x_wconf 78' lang='lat' dir='ltr'>ratio</span> <span class='ocrx_word' id='word_1_105' title='bbox 686 1798 815 1854; x_wconf 86' lang='lat' dir='ltr'>fuit.</span> 
     </span>
    </p>
   </div>
   <div class='ocr_carea' id='block_1_17' title="bbox 385 1885 1967 1962">
    <p class='ocr_par' dir='ltr' id='par_1_17' title="bbox 385 1885 1967 1962">
     <span class='ocr_line' id='line_1_17' title="bbox 385 1885 1967 1962; baseline -0.002 -19"><span class='ocrx_word' id='word_1_106' title='bbox 385 1890 550 1944; x_wconf 84' lang='lat' dir='ltr'>ANNO</span> <span class='ocrx_word' id='word_1_107' title='bbox 608 1905 871 1944; x_wconf 77' lang='lat' dir='ltr'>cmcrrsa</span> <span class='ocrx_word' id='word_1_108' title='bbox 930 1889 1054 1942; x_wconf 85' lang='lat'>327.</span> <span class='ocrx_word' id='word_1_109' title='bbox 1099 1920 1165 1929; x_wconf 89' lang='lat'><strong><em>—</em></strong></span> <span class='ocrx_word' id='word_1_110' title='bbox 1226 1890 1278 1943; x_wconf 84' lang='lat'>1.</span> <span class='ocrx_word' id='word_1_111' title='bbox 1341 1887 1685 1962; x_wconf 81' lang='grc' dir='ltr'>’Δρχόμενος</span> <span class='ocrx_word' id='word_1_112' title='bbox 1741 1892 1844 1955; x_wconf 79' lang='grc' dir='ltr'>τῆς</span> <span class='ocrx_word' id='word_1_113' title='bbox 1919 1885 1967 1941; x_wconf 79' lang='grc' dir='ltr'>ἐ-</span> 
     </span>
    </p>
   </div>
   <div class='ocr_carea' id='block_1_18' title="bbox 2087 723 3737 792">
    <p class='ocr_par' dir='ltr' id='par_1_18' title="bbox 2087 723 3737 792">
     <span class='ocr_line' id='line_1_18' title="bbox 2087 723 3737 792; baseline 0.004 -14"><span class='ocrx_word' id='word_1_114' title='bbox 2087 723 2249 779; x_wconf 88' lang='lat' dir='ltr'>illam</span> <span class='ocrx_word' id='word_1_115' title='bbox 2274 726 2761 792; x_wconf 87' lang='lat' dir='ltr'>habere,tametsi</span> <span class='ocrx_word' id='word_1_116' title='bbox 2793 728 3265 784; x_wconf 91' lang='lat' dir='ltr'>condemnationi</span> <span class='ocrx_word' id='word_1_117' title='bbox 3286 727 3410 783; x_wconf 88' lang='lat' dir='ltr'>Arii</span> <span class='ocrx_word' id='word_1_118' title='bbox 3432 745 3547 784; x_wconf 90' lang='lat' dir='ltr'>non</span> <span class='ocrx_word' id='word_1_119' title='bbox 3570 731 3737 785; x_wconf 88' lang='lat' dir='ltr'>erant</span> 
     </span>
    </p>
   </div>
   <div class='ocr_carea' id='block_1_19' title="bbox 2085 814 3732 888">
    <p class='ocr_par' dir='ltr' id='par_1_19' title="bbox 2085 814 3732 888">
     <span class='ocr_line' id='line_1_19' title="bbox 2085 814 3732 888; baseline 0.002 -18"><span class='ocrx_word' id='word_1_120' title='bbox 2085 814 2407 887; x_wconf 89' lang='lat' dir='ltr'>astipulati.</span> <span class='ocrx_word' id='word_1_121' title='bbox 2433 817 2505 870; x_wconf 90' lang='lat' dir='ltr'>At</span> <span class='ocrx_word' id='word_1_122' title='bbox 2535 817 2771 888; x_wconf 87' lang='lat' dir='ltr'>quando</span> <span class='ocrx_word' id='word_1_123' title='bbox 2794 819 2920 888; x_wconf 86' lang='lat' dir='ltr'>jam</span> <span class='ocrx_word' id='word_1_124' title='bbox 2943 818 3113 874; x_wconf 84' lang='lat' dir='ltr'>Arius</span> <span class='ocrx_word' id='word_1_125' title='bbox 3144 817 3217 873; x_wconf 89' lang='lat' dir='ltr'>ab</span> <span class='ocrx_word' id='word_1_126' title='bbox 3244 817 3447 873; x_wconf 87' lang='lat' dir='ltr'>exsilio</span> <span class='ocrx_word' id='word_1_127' title='bbox 3500 834 3732 874; x_wconf 88' lang='lat' dir='ltr'>revoca-</span> 
     </span>
    </p>
   </div>
   <div class='ocr_carea' id='block_1_20' title="bbox 2084 906 3736 980">
    <p class='ocr_par' dir='ltr' id='par_1_20' title="bbox 2084 906 3736 980">
     <span class='ocr_line' id='line_1_20' title="bbox 2084 906 3736 980; baseline 0.004 -22"><span class='ocrx_word' id='word_1_128' title='bbox 2084 907 2181 959; x_wconf 90' lang='lat' dir='ltr'>tus</span> <span class='ocrx_word' id='word_1_129' title='bbox 2201 907 2375 972; x_wconf 85' lang='lat' dir='ltr'>esset,</span> <span class='ocrx_word' id='word_1_130' title='bbox 2409 909 2617 977; x_wconf 89' lang='lat' dir='ltr'>rogant</span> <span class='ocrx_word' id='word_1_131' title='bbox 2638 906 2694 961; x_wconf 92' lang='lat' dir='ltr'>id</span> <span class='ocrx_word' id='word_1_132' title='bbox 2724 907 2878 978; x_wconf 91' lang='lat' dir='ltr'>apud</span> <span class='ocrx_word' id='word_1_133' title='bbox 2910 906 3322 979; x_wconf 87' lang='lat' dir='ltr'>imperatorem</span> <span class='ocrx_word' id='word_1_134' title='bbox 3382 912 3608 980; x_wconf 86' lang='lat' dir='ltr'>agatur,</span> <span class='ocrx_word' id='word_1_135' title='bbox 3669 912 3736 964; x_wconf 92' lang='lat' dir='ltr'>ut</span> 
     </span>
    </p>
   </div>
   <div class='ocr_carea' id='block_1_21' title="bbox 2084 993 3735 1069">
    <p class='ocr_par' dir='ltr' id='par_1_21' title="bbox 2084 993 3735 1069">
     <span class='ocr_line' id='line_1_21' title="bbox 2084 993 3735 1069; baseline 0.002 -20"><span class='ocrx_word' id='word_1_136' title='bbox 2084 993 2199 1049; x_wconf 87' lang='lat' dir='ltr'>sibi</span> <span class='ocrx_word' id='word_1_137' title='bbox 2234 1010 2467 1065; x_wconf 91' lang='lat' dir='ltr'>quoque</span> <span class='ocrx_word' id='word_1_138' title='bbox 2501 995 2781 1049; x_wconf 87' lang='lat' dir='ltr'>redeundi</span> <span class='ocrx_word' id='word_1_139' title='bbox 2813 1000 3158 1067; x_wconf 86' lang='lat' dir='ltr'>potestatem</span> <span class='ocrx_word' id='word_1_140' title='bbox 3188 996 3382 1051; x_wconf 89' lang='lat' dir='ltr'>faciat.</span> <span class='ocrx_word' id='word_1_141' title='bbox 3418 997 3735 1069; x_wconf 85' lang='lat' dir='ltr'>Impetrata</span> 
     </span>
    </p>
   </div>
   <div class='ocr_carea' id='block_1_22' title="bbox 2084 1083 3732 1159">
    <p class='ocr_par' dir='ltr' id='par_1_22' title="bbox 2084 1083 3732 1159">
     <span class='ocr_line' id='line_1_22' title="bbox 2084 1083 3732 1159; baseline 0.002 -22"><span class='ocrx_word' id='word_1_142' title='bbox 2084 1084 2306 1138; x_wconf 90' lang='lat' dir='ltr'>reditus</span> <span class='ocrx_word' id='word_1_143' title='bbox 2340 1083 2634 1150; x_wconf 89' lang='lat' dir='ltr'>facultate,</span> <span class='ocrx_word' id='word_1_144' title='bbox 2666 1084 3052 1156; x_wconf 88' lang='lat' dir='ltr'>Amphionem</span> <span class='ocrx_word' id='word_1_145' title='bbox 3074 1084 3230 1140; x_wconf 89' lang='lat' dir='ltr'>illiet</span> <span class='ocrx_word' id='word_1_146' title='bbox 3246 1085 3732 1159; x_wconf 90' lang='lat' dir='ltr'>Chrestum,quo-</span> 
     </span>
    </p>
   </div>
   <div class='ocr_carea' id='block_1_23' title="bbox 2083 1172 3730 1246">
    <p class='ocr_par' dir='ltr' id='par_1_23' title="bbox 2083 1172 3730 1246">
     <span class='ocr_line' id='line_1_23' title="bbox 2083 1172 3730 1246; baseline 0.003 -20"><span class='ocrx_word' id='word_1_147' title='bbox 2083 1189 2214 1227; x_wconf 92' lang='lat' dir='ltr'>rum</span> <span class='ocrx_word' id='word_1_148' title='bbox 2248 1172 2394 1228; x_wconf 88' lang='lat' dir='ltr'>alter</span> <span class='ocrx_word' id='word_1_149' title='bbox 2423 1172 2643 1239; x_wconf 68' lang='lat' dir='ltr'>Nicaeae,</span> <span class='ocrx_word' id='word_1_150' title='bbox 2688 1173 3035 1229; x_wconf 73' lang='lat' dir='ltr'>Nicomediae</span> <span class='ocrx_word' id='word_1_151' title='bbox 3085 1174 3250 1239; x_wconf 91' lang='lat' dir='ltr'>alter,</span> <span class='ocrx_word' id='word_1_152' title='bbox 3309 1175 3368 1229; x_wconf 93' lang='lat' dir='ltr'>in</span> <span class='ocrx_word' id='word_1_153' title='bbox 3423 1174 3730 1246; x_wconf 88' lang='lat' dir='ltr'>pulsorum</span> 
     </span>
    </p>
   </div>
   <div class='ocr_carea' id='block_1_24' title="bbox 2080 1261 3732 1333">
    <p class='ocr_par' dir='ltr' id='par_1_24' title="bbox 2080 1261 3732 1333">
     <span class='ocr_line' id='line_1_24' title="bbox 2080 1261 3732 1333; baseline 0.001 -16"><span class='ocrx_word' id='word_1_154' title='bbox 2080 1261 2264 1317; x_wconf 86' lang='lat' dir='ltr'>vicem</span> <span class='ocrx_word' id='word_1_155' title='bbox 2299 1262 2600 1318; x_wconf 88' lang='lat' dir='ltr'>constituti</span> <span class='ocrx_word' id='word_1_156' title='bbox 2633 1262 2882 1333; x_wconf 88' lang='lat' dir='ltr'>fuerant,</span> <span class='ocrx_word' id='word_1_157' title='bbox 2916 1264 3232 1320; x_wconf 86' lang='lat' dir='ltr'>deturbant</span> <span class='ocrx_word' id='word_1_158' title='bbox 3263 1264 3521 1319; x_wconf 89' lang='lat' dir='ltr'>sedibus.</span> <span class='ocrx_word' id='word_1_159' title='bbox 3580 1266 3732 1319; x_wconf 90' lang='lat' dir='ltr'>Sunt</span> 
     </span>
    </p>
   </div>
   <div class='ocr_carea' id='block_1_25' title="bbox 2081 1350 3730 1425">
    <p class='ocr_par' dir='ltr' id='par_1_25' title="bbox 2081 1350 3730 1425">
     <span class='ocr_line' id='line_1_25' title="bbox 2081 1350 3730 1425; baseline 0.002 -20"><span class='ocrx_word' id='word_1_160' title='bbox 2081 1366 2251 1421; x_wconf 88' lang='lat' dir='ltr'>porro</span> <span class='ocrx_word' id='word_1_161' title='bbox 2282 1351 2378 1421; x_wconf 91' lang='lat' dir='ltr'>qui</span> <span class='ocrx_word' id='word_1_162' title='bbox 2404 1350 2628 1406; x_wconf 90' lang='lat' dir='ltr'>nullam</span> <span class='ocrx_word' id='word_1_163' title='bbox 2663 1352 3004 1422; x_wconf 89' lang='lat' dir='ltr'>hujusmodi</span> <span class='ocrx_word' id='word_1_164' title='bbox 3036 1352 3230 1409; x_wconf 88' lang='lat' dir='ltr'>libello</span> <span class='ocrx_word' id='word_1_165' title='bbox 3262 1353 3436 1409; x_wconf 88' lang='lat' dir='ltr'>ﬁdem</span> <span class='ocrx_word' id='word_1_166' title='bbox 3462 1369 3590 1409; x_wconf 92' lang='lat' dir='ltr'>esse</span> <span class='ocrx_word' id='word_1_167' title='bbox 3610 1353 3730 1425; x_wconf 87' lang='lat' dir='ltr'>Opi-</span> 
     </span>
    </p>
   </div>
   <div class='ocr_carea' id='block_1_26' title="bbox 2080 1442 3727 1515">
    <p class='ocr_par' dir='ltr' id='par_1_26' title="bbox 2080 1442 3727 1515">
     <span class='ocr_line' id='line_1_26' title="bbox 2080 1442 3727 1515; baseline 0.002 -20"><span class='ocrx_word' id='word_1_168' title='bbox 2080 1444 2298 1495; x_wconf 90' lang='lat' dir='ltr'>nantur</span> <span class='ocrx_word' id='word_1_169' title='bbox 2328 1457 2340 1495; x_wconf 91' lang='lat'><strong>:</strong></span> <span class='ocrx_word' id='word_1_170' title='bbox 2374 1458 2577 1497; x_wconf 87' lang='lat' dir='ltr'>verum</span> <span class='ocrx_word' id='word_1_171' title='bbox 2603 1458 2677 1497; x_wconf 93' lang='lat' dir='ltr'>ne</span> <span class='ocrx_word' id='word_1_172' title='bbox 2706 1442 3015 1497; x_wconf 89' lang='lat' dir='ltr'>minimam</span> <span class='ocrx_word' id='word_1_173' title='bbox 3048 1442 3286 1514; x_wconf 90' lang='lat' dir='ltr'>quidem</span> <span class='ocrx_word' id='word_1_174' title='bbox 3309 1443 3540 1515; x_wconf 63' lang='lat' dir='ltr'>praefert</span> <span class='ocrx_word' id='word_1_175' title='bbox 3560 1442 3727 1498; x_wconf 88' lang='lat' dir='ltr'>libel-</span> 
     </span>
    </p>
   </div>
   <div class='ocr_carea' id='block_1_27' title="bbox 2079 1528 3727 1605">
    <p class='ocr_par' dir='ltr' id='par_1_27' title="bbox 2079 1528 3727 1605">
     <span class='ocr_line' id='line_1_27' title="bbox 2079 1528 3727 1605; baseline 0.003 -22"><span class='ocrx_word' id='word_1_176' title='bbox 2079 1528 2194 1599; x_wconf 89' lang='lat' dir='ltr'>lus,</span> <span class='ocrx_word' id='word_1_177' title='bbox 2221 1530 2336 1586; x_wconf 91' lang='lat' dir='ltr'>nisi</span> <span class='ocrx_word' id='word_1_178' title='bbox 2368 1548 2498 1587; x_wconf 87' lang='lat' dir='ltr'>mea</span> <span class='ocrx_word' id='word_1_179' title='bbox 2526 1547 2619 1586; x_wconf 90' lang='lat' dir='ltr'>me</span> <span class='ocrx_word' id='word_1_180' title='bbox 2646 1530 2795 1587; x_wconf 88' lang='lat' dir='ltr'>fallit</span> <span class='ocrx_word' id='word_1_181' title='bbox 2824 1532 3042 1604; x_wconf 90' lang='lat' dir='ltr'>opinio,</span> <span class='ocrx_word' id='word_1_182' title='bbox 3076 1529 3285 1593; x_wconf 78' lang='grc' dir='ltr'>νοθείας</span> <span class='ocrx_word' id='word_1_183' title='bbox 3311 1536 3413 1588; x_wconf 90' lang='lat' dir='ltr'>aut</span> <span class='ocrx_word' id='word_1_184' title='bbox 3441 1532 3727 1605; x_wconf 90' lang='lat' dir='ltr'>suspicio-</span> 
     </span>
    </p>
   </div>
   <div class='ocr_carea' id='block_1_28' title="bbox 2078 1619 2421 1675">
    <p class='ocr_par' dir='ltr' id='par_1_28' title="bbox 2078 1619 2421 1675">
     <span class='ocr_line' id='line_1_28' title="bbox 2078 1619 2421 1675; baseline 0 -1"><span class='ocrx_word' id='word_1_185' title='bbox 2078 1619 2170 1674; x_wconf 89' lang='lat' dir='ltr'>nis</span> <span class='ocrx_word' id='word_1_186' title='bbox 2200 1624 2421 1675; x_wconf 90' lang='lat' dir='ltr'>notam.</span> 
     </span>
    </p>
   </div>
   <div class='ocr_carea' id='block_1_29' title="bbox 2146 1710 3730 1767">
    <p class='ocr_par' dir='ltr' id='par_1_29' title="bbox 2146 1710 3730 1767">
     <span class='ocr_line' id='line_1_29' title="bbox 2146 1710 3730 1767; baseline 0.003 -5"><span class='ocrx_word' id='word_1_187' title='bbox 2146 1710 2311 1763; x_wconf 87' lang='lat' dir='ltr'>ANNO</span> <span class='ocrx_word' id='word_1_188' title='bbox 2344 1725 2606 1765; x_wconf 77' lang='lat' dir='ltr'>cmcrrsa</span> <span class='ocrx_word' id='word_1_189' title='bbox 2640 1710 2765 1766; x_wconf 80' lang='lat'>329.</span> <span class='ocrx_word' id='word_1_190' title='bbox 2799 1741 2867 1750; x_wconf 91' lang='lat'><strong>—</strong></span> <span class='ocrx_word' id='word_1_191' title='bbox 2900 1712 2950 1765; x_wconf 94' lang='grc'>1.</span> <span class='ocrx_word' id='word_1_192' title='bbox 2991 1710 3308 1766; x_wconf 78' lang='lat' dir='ltr'>Eustathius</span> <span class='ocrx_word' id='word_1_193' title='bbox 3362 1710 3730 1767; x_wconf 84' lang='lat' dir='ltr'>Antiochenus</span> 
     </span>
    </p>
   </div>
   <div class='ocr_carea' id='block_1_30' title="bbox 2075 1796 3726 1873">
    <p class='ocr_par' dir='ltr' id='par_1_30' title="bbox 2075 1796 3726 1873">
     <span class='ocr_line' id='line_1_30' title="bbox 2075 1796 3726 1873; baseline 0.003 -21"><span class='ocrx_word' id='word_1_194' title='bbox 2075 1796 2312 1853; x_wconf 86' lang='lat' dir='ltr'>Arianos</span> <span class='ocrx_word' id='word_1_195' title='bbox 2342 1802 2563 1854; x_wconf 81' lang='lat' dir='ltr'>strenue</span> <span class='ocrx_word' id='word_1_196' title='bbox 2594 1807 2889 1871; x_wconf 81' lang='lat' dir='ltr'>oppugnat.</span> <span class='ocrx_word' id='word_1_197' title='bbox 2921 1800 3355 1857; x_wconf 80' lang='lat' dir='ltr'>Eusebianorum</span> <span class='ocrx_word' id='word_1_198' title='bbox 3391 1799 3517 1856; x_wconf 84' lang='lat' dir='ltr'>dolo</span> <span class='ocrx_word' id='word_1_199' title='bbox 3561 1802 3726 1873; x_wconf 80' lang='lat' dir='ltr'>pelti-</span> 
     </span>
    </p>
   </div>
   <div class='ocr_carea' id='block_1_31' title="bbox 2077 1888 3729 1962">
    <p class='ocr_par' dir='ltr' id='par_1_31' title="bbox 2077 1888 3729 1962">
     <span class='ocr_line' id='line_1_31' title="bbox 2077 1888 3729 1962; baseline 0.003 -21"><span class='ocrx_word' id='word_1_200' title='bbox 2077 1890 2188 1941; x_wconf 72' lang='grc' dir='ltr'>ίαν.</span> <span class='ocrx_word' id='word_1_201' title='bbox 2214 1918 2251 1927; x_wconf 91' lang='grc'><strong><em>-</em></strong></span> <span class='ocrx_word' id='word_1_202' title='bbox 2312 1888 2548 1944; x_wconf 83' lang='lat' dir='ltr'>Reversi</span> <span class='ocrx_word' id='word_1_203' title='bbox 2570 1888 2642 1943; x_wconf 91' lang='lat' dir='ltr'>ad</span> <span class='ocrx_word' id='word_1_204' title='bbox 2674 1889 3018 1959; x_wconf 88' lang='lat' dir='ltr'>sedes,quas</span> <span class='ocrx_word' id='word_1_205' title='bbox 3047 1890 3251 1945; x_wconf 89' lang='lat' dir='ltr'>turbas</span> <span class='ocrx_word' id='word_1_206' title='bbox 3281 1889 3565 1958; x_wconf 89' lang='lat' dir='ltr'>dederint,</span> <span class='ocrx_word' id='word_1_207' title='bbox 3599 1907 3729 1962; x_wconf 68' lang='lat' dir='ltr'>quea</span> 
     </span>
    </p>
   </div>
   <div class='ocr_carea' id='block_1_32' title="bbox 326 1975 3730 2077">
    <p class='ocr_par' dir='ltr' id='par_1_32' title="bbox 326 1975 3730 2077">
     <span class='ocr_line' id='line_1_32' title="bbox 326 1975 3730 2077; baseline 0.001 -47"><span class='ocrx_word' id='word_1_208' title='bbox 326 1982 618 2045; x_wconf 77' lang='grc' dir='ltr'>πισκοπῆς.</span> <span class='ocrx_word' id='word_1_209' title='bbox 653 1978 946 2033; x_wconf 77' lang='lat' dir='ltr'>Athanasii</span> <span class='ocrx_word' id='word_1_210' title='bbox 974 1979 1034 2031; x_wconf 86' lang='lat' dir='ltr'>in</span> <span class='ocrx_word' id='word_1_211' title='bbox 1085 1976 1404 2032; x_wconf 80' lang='lat' dir='ltr'>Thebaidem</span> <span class='ocrx_word' id='word_1_212' title='bbox 1458 1980 1587 2034; x_wconf 84' lang='lat' dir='ltr'>iter.</span> <span class='ocrx_word' id='word_1_213' title='bbox 1649 2008 1717 2016; x_wconf 89' lang='lat'><strong><em>—</em></strong></span> <span class='ocrx_word' id='word_1_214' title='bbox 1766 1977 1967 2049; x_wconf 90' lang='lat' dir='ltr'>Neque</span> <span class='ocrx_word' id='word_1_215' title='bbox 1996 2014 2043 2077; x_wconf 83' lang='lat' dir='ltr'><strong>B</strong></span> <span class='ocrx_word' id='word_1_216' title='bbox 2078 1975 2410 2041; x_wconf 89' lang='lat' dir='ltr'>molimina,</span> <span class='ocrx_word' id='word_1_217' title='bbox 2446 1994 2594 2049; x_wconf 91' lang='lat' dir='ltr'>quas</span> <span class='ocrx_word' id='word_1_218' title='bbox 2618 1977 3099 2049; x_wconf 90' lang='lat' dir='ltr'>machinas,quas</span> <span class='ocrx_word' id='word_1_219' title='bbox 3130 1978 3377 2035; x_wconf 89' lang='lat' dir='ltr'>insidias</span> <span class='ocrx_word' id='word_1_220' title='bbox 3408 1978 3730 2035; x_wconf 87' lang='lat' dir='ltr'>struxerint</span> 
     </span>
    </p>
   </div>
   <div class='ocr_carea' id='block_1_33' title="bbox 319 2065 1965 2138">
    <p class='ocr_par' dir='ltr' id='par_1_33' title="bbox 319 2065 1965 2138">
     <span class='ocr_line' id='line_1_33' title="bbox 319 2065 1965 2138; baseline -0.001 -17"><span class='ocrx_word' id='word_1_221' title='bbox 319 2066 396 2123; x_wconf 91' lang='lat' dir='ltr'>ita</span> <span class='ocrx_word' id='word_1_222' title='bbox 425 2067 613 2122; x_wconf 90' lang='lat' dir='ltr'>multo</span> <span class='ocrx_word' id='word_1_223' title='bbox 636 2072 772 2138; x_wconf 90' lang='lat' dir='ltr'>post</span> <span class='ocrx_word' id='word_1_224' title='bbox 801 2066 1170 2138; x_wconf 87' lang='lat' dir='ltr'>episcopatus</span> <span class='ocrx_word' id='word_1_225' title='bbox 1202 2067 1295 2122; x_wconf 91' lang='lat' dir='ltr'>sui</span> <span class='ocrx_word' id='word_1_226' title='bbox 1329 2067 1653 2133; x_wconf 81' lang='lat' dir='ltr'>exordium,</span> <span class='ocrx_word' id='word_1_227' title='bbox 1712 2065 1965 2121; x_wconf 85' lang='lat' dir='ltr'>Thebai—</span> 
     </span>
    </p>
   </div>
   <div class='ocr_carea' id='block_1_34' title="bbox 319 2155 1966 2225">
    <p class='ocr_par' dir='ltr' id='par_1_34' title="bbox 319 2155 1966 2225">
     <span class='ocr_line' id='line_1_34' title="bbox 319 2155 1966 2225; baseline -0.001 -16"><span class='ocrx_word' id='word_1_228' title='bbox 319 2155 405 2211; x_wconf 91' lang='lat' dir='ltr'>dis</span> <span class='ocrx_word' id='word_1_229' title='bbox 435 2156 713 2212; x_wconf 87' lang='lat' dir='ltr'>ecclesias</span> <span class='ocrx_word' id='word_1_230' title='bbox 744 2155 1185 2211; x_wconf 89' lang='lat' dir='ltr'>Meletianorum</span> <span class='ocrx_word' id='word_1_231' title='bbox 1218 2156 1461 2211; x_wconf 88' lang='lat' dir='ltr'>dissidio</span> <span class='ocrx_word' id='word_1_232' title='bbox 1499 2155 1966 2225; x_wconf 88' lang='lat' dir='ltr'>Arianorumque</span> 
     </span>
    </p>
   </div>
   <div class='ocr_carea' id='block_1_35' title="bbox 318 2243 1966 2317">
    <p class='ocr_par' dir='ltr' id='par_1_35' title="bbox 318 2243 1966 2317">
     <span class='ocr_line' id='line_1_35' title="bbox 318 2243 1966 2317; baseline 0 -18"><span class='ocrx_word' id='word_1_233' title='bbox 318 2245 579 2301; x_wconf 90' lang='lat' dir='ltr'>moribus</span> <span class='ocrx_word' id='word_1_234' title='bbox 610 2245 998 2316; x_wconf 84' lang='lat' dir='ltr'>deflagrantes</span> <span class='ocrx_word' id='word_1_235' title='bbox 1020 2243 1418 2317; x_wconf 83' lang='lat' dir='ltr'>perlustravit,</span> <span class='ocrx_word' id='word_1_236' title='bbox 1453 2261 1567 2315; x_wconf 91' lang='lat' dir='ltr'>quo</span> <span class='ocrx_word' id='word_1_237' title='bbox 1625 2243 1966 2299; x_wconf 89' lang='lat' dir='ltr'>vacillantes</span> 
     </span>
    </p>
   </div>
   <div class='ocr_carea' id='block_1_36' title="bbox 319 2332 1961 2405">
    <p class='ocr_par' dir='ltr' id='par_1_36' title="bbox 319 2332 1961 2405">
     <span class='ocr_line' id='line_1_36' title="bbox 319 2332 1961 2405; baseline -0.003 -17"><span class='ocrx_word' id='word_1_238' title='bbox 319 2333 654 2405; x_wconf 89' lang='lat' dir='ltr'>debilesque</span> <span class='ocrx_word' id='word_1_239' title='bbox 678 2333 875 2389; x_wconf 89' lang='lat' dir='ltr'>animo</span> <span class='ocrx_word' id='word_1_240' title='bbox 901 2337 1187 2389; x_wconf 88' lang='lat' dir='ltr'>recrearet</span> <span class='ocrx_word' id='word_1_241' title='bbox 1208 2350 1271 2388; x_wconf 91' lang='lat' dir='ltr'>ac</span> <span class='ocrx_word' id='word_1_242' title='bbox 1290 2334 1550 2388; x_wconf 86' lang='lat' dir='ltr'>ﬁrmaret</span> <span class='ocrx_word' id='word_1_243' title='bbox 1580 2333 1639 2387; x_wconf 90' lang='lat' dir='ltr'>in</span> <span class='ocrx_word' id='word_1_244' title='bbox 1672 2349 1807 2388; x_wconf 90' lang='lat' dir='ltr'>vera</span> <span class='ocrx_word' id='word_1_245' title='bbox 1832 2332 1961 2387; x_wconf 85' lang='lat' dir='ltr'>fide.</span> 
     </span>
    </p>
   </div>
   <div class='ocr_carea' id='block_1_37' title="bbox 317 2420 1966 2497">
    <p class='ocr_par' dir='ltr' id='par_1_37' title="bbox 317 2420 1966 2497">
     <span class='ocr_line' id='line_1_37' title="bbox 317 2420 1966 2497; baseline -0.002 -18"><span class='ocrx_word' id='word_1_246' title='bbox 317 2420 506 2496; x_wconf 91' lang='lat' dir='ltr'>Usque</span> <span class='ocrx_word' id='word_1_247' title='bbox 536 2424 787 2497; x_wconf 88' lang='lat' dir='ltr'>Syenem</span> <span class='ocrx_word' id='word_1_248' title='bbox 848 2426 1065 2489; x_wconf 90' lang='lat' dir='ltr'>autem,</span> <span class='ocrx_word' id='word_1_249' title='bbox 1124 2426 1448 2478; x_wconf 89' lang='lat' dir='ltr'>extremum</span> <span class='ocrx_word' id='word_1_250' title='bbox 1492 2439 1695 2478; x_wconf 87' lang='lat' dir='ltr'>versus</span> <span class='ocrx_word' id='word_1_251' title='bbox 1747 2421 1966 2476; x_wconf 67' lang='lat' dir='ltr'>[Ethio-</span> 
     </span>
    </p>
   </div>
   <div class='ocr_carea' id='block_1_38' title="bbox 319 2511 1966 2584">
    <p class='ocr_par' dir='ltr' id='par_1_38' title="bbox 319 2511 1966 2584">
     <span class='ocr_line' id='line_1_38' title="bbox 319 2511 1966 2584; baseline -0.001 -17"><span class='ocrx_word' id='word_1_252' title='bbox 319 2511 471 2584; x_wconf 90' lang='lat' dir='ltr'>piam</span> <span class='ocrx_word' id='word_1_253' title='bbox 503 2512 824 2569; x_wconf 89' lang='lat' dir='ltr'>Thebaidis</span> <span class='ocrx_word' id='word_1_254' title='bbox 855 2513 1159 2584; x_wconf 90' lang='lat' dir='ltr'>oppidum,</span> <span class='ocrx_word' id='word_1_255' title='bbox 1186 2512 1485 2568; x_wconf 86' lang='lat' dir='ltr'>contendit</span> <span class='ocrx_word' id='word_1_256' title='bbox 1506 2513 1747 2567; x_wconf 86' lang='lat' dir='ltr'>adverso</span> <span class='ocrx_word' id='word_1_257' title='bbox 1771 2511 1966 2565; x_wconf 87' lang='lat' dir='ltr'>ﬂumi-</span> 
     </span>
    </p>
   </div>
   <div class='ocr_carea' id='block_1_39' title="bbox 318 2600 1969 2674">
    <p class='ocr_par' dir='ltr' id='par_1_39' title="bbox 318 2600 1969 2674">
     <span class='ocr_line' id='line_1_39' title="bbox 318 2600 1969 2674; baseline -0.002 -16"><span class='ocrx_word' id='word_1_258' title='bbox 318 2618 406 2658; x_wconf 91' lang='lat' dir='ltr'>ne.</span> <span class='ocrx_word' id='word_1_259' title='bbox 435 2605 705 2674; x_wconf 87' lang='lat' dir='ltr'>Cumque</span> <span class='ocrx_word' id='word_1_260' title='bbox 735 2602 1105 2658; x_wconf 88' lang='lat' dir='ltr'>Tabennesin</span> <span class='ocrx_word' id='word_1_261' title='bbox 1138 2602 1369 2674; x_wconf 83' lang='lat' dir='ltr'>navigio</span> <span class='ocrx_word' id='word_1_262' title='bbox 1402 2600 1969 2669; x_wconf 88' lang='lat' dir='ltr'>transmitteret,exit</span> 
     </span>
    </p>
   </div>
   <div class='ocr_carea' id='block_1_40' title="bbox 316 2690 1965 2762">
    <p class='ocr_par' dir='ltr' id='par_1_40' title="bbox 316 2690 1965 2762">
     <span class='ocr_line' id='line_1_40' title="bbox 316 2690 1965 2762; baseline -0.002 -16"><span class='ocrx_word' id='word_1_263' title='bbox 316 2691 543 2747; x_wconf 86' lang='lat' dir='ltr'>obviam</span> <span class='ocrx_word' id='word_1_264' title='bbox 574 2690 929 2747; x_wconf 91' lang='lat' dir='ltr'>Pachomius</span> <span class='ocrx_word' id='word_1_265' title='bbox 988 2690 1063 2762; x_wconf 89' lang='lat' dir='ltr'>(a)</span> <span class='ocrx_word' id='word_1_266' title='bbox 1124 2707 1341 2762; x_wconf 89' lang='lat' dir='ltr'>magna</span> <span class='ocrx_word' id='word_1_267' title='bbox 1392 2691 1705 2746; x_wconf 87' lang='lat' dir='ltr'>comitante</span> <span class='ocrx_word' id='word_1_268' title='bbox 1762 2706 1965 2745; x_wconf 88' lang='lat' dir='ltr'>mona-</span> 
     </span>
    </p>
   </div>
   <div class='ocr_carea' id='block_1_41' title="bbox 316 2778 1964 2853">
    <p class='ocr_par' dir='ltr' id='par_1_41' title="bbox 316 2778 1964 2853">
     <span class='ocr_line' id='line_1_41' title="bbox 316 2778 1964 2853; baseline -0.002 -18"><span class='ocrx_word' id='word_1_269' title='bbox 316 2780 558 2837; x_wconf 88' lang='lat' dir='ltr'>chorum</span> <span class='ocrx_word' id='word_1_270' title='bbox 599 2780 1057 2852; x_wconf 88' lang='lat' dir='ltr'>frequentia,qui</span> <span class='ocrx_word' id='word_1_271' title='bbox 1090 2780 1503 2835; x_wconf 89' lang='lat' dir='ltr'>adventantem</span> <span class='ocrx_word' id='word_1_272' title='bbox 1538 2778 1964 2853; x_wconf 84' lang='lat' dir='ltr'>hymnis,psal-</span> 
     </span>
    </p>
   </div>
   <div class='ocr_carea' id='block_1_42' title="bbox 320 2867 1963 2941">
    <p class='ocr_par' dir='ltr' id='par_1_42' title="bbox 320 2867 1963 2941">
     <span class='ocr_line' id='line_1_42' title="bbox 320 2867 1963 2941; baseline -0.001 -18"><span class='ocrx_word' id='word_1_273' title='bbox 320 2869 447 2937; x_wconf 91' lang='lat' dir='ltr'>mis,</span> <span class='ocrx_word' id='word_1_274' title='bbox 481 2868 855 2938; x_wconf 87' lang='lat' dir='ltr'>cantu,nulla</span> <span class='ocrx_word' id='word_1_275' title='bbox 888 2868 1281 2941; x_wconf 60' lang='lat' dir='ltr'>pratermissa</span> <span class='ocrx_word' id='word_1_276' title='bbox 1303 2867 1963 2941; x_wconf 88' lang='lat' dir='ltr'>gaudiisigniﬁcatione,</span> 
     </span>
    </p>
   </div>
   <div class='ocr_carea' id='block_1_43' title="bbox 319 2956 1963 3032">
    <p class='ocr_par' dir='ltr' id='par_1_43' title="bbox 319 2956 1963 3032">
     <span class='ocr_line' id='line_1_43' title="bbox 319 2956 1963 3032; baseline -0.001 -19"><span class='ocrx_word' id='word_1_277' title='bbox 319 2958 503 3015; x_wconf 90' lang='lat' dir='ltr'>virum</span> <span class='ocrx_word' id='word_1_278' title='bbox 532 2975 824 3032; x_wconf 88' lang='lat' dir='ltr'>excepere.</span> <span class='ocrx_word' id='word_1_279' title='bbox 859 2960 1011 3013; x_wconf 90' lang='lat' dir='ltr'>Tum</span> <span class='ocrx_word' id='word_1_280' title='bbox 1069 2959 1353 3030; x_wconf 89' lang='lat' dir='ltr'>Sarapion</span> <span class='ocrx_word' id='word_1_281' title='bbox 1411 2959 1797 3030; x_wconf 90' lang='lat' dir='ltr'>Tentyrorum</span> <span class='ocrx_word' id='word_1_282' title='bbox 1844 2956 1963 3029; x_wconf 86' lang='lat' dir='ltr'>epi-</span> 
     </span>
    </p>
   </div>
   <div class='ocr_carea' id='block_1_44' title="bbox 320 3046 1963 3119">
    <p class='ocr_par' dir='ltr' id='par_1_44' title="bbox 320 3046 1963 3119">
     <span class='ocr_line' id='line_1_44' title="bbox 320 3046 1963 3119; baseline -0.002 -17"><span class='ocrx_word' id='word_1_283' title='bbox 320 3062 529 3119; x_wconf 89' lang='lat' dir='ltr'>scopus</span> <span class='ocrx_word' id='word_1_284' title='bbox 558 3048 951 3103; x_wconf 83' lang='lat' dir='ltr'>Athanasium</span> <span class='ocrx_word' id='word_1_285' title='bbox 986 3046 1317 3119; x_wconf 90' lang='lat' dir='ltr'>compellat.</span> <span class='ocrx_word' id='word_1_286' title='bbox 1353 3070 1380 3097; x_wconf 93' lang='grc'>‹‹</span> <span class='ocrx_word' id='word_1_287' title='bbox 1412 3048 1610 3117; x_wconf 88' lang='lat' dir='ltr'>Adest,</span> <span class='ocrx_word' id='word_1_288' title='bbox 1660 3046 1871 3119; x_wconf 91' lang='lat' dir='ltr'>inquit,</span> <span class='ocrx_word' id='word_1_289' title='bbox 1904 3046 1963 3099; x_wconf 91' lang='lat' dir='ltr'>in</span> 
     </span>
    </p>
   </div>
   <div class='ocr_carea' id='block_1_45' title="bbox 316 3134 1966 3208">
    <p class='ocr_par' dir='ltr' id='par_1_45' title="bbox 316 3134 1966 3208">
     <span class='ocr_line' id='line_1_45' title="bbox 316 3134 1966 3208; baseline 0 -17"><span class='ocrx_word' id='word_1_290' title='bbox 316 3134 407 3192; x_wconf 91' lang='lat' dir='ltr'>his</span> <span class='ocrx_word' id='word_1_291' title='bbox 436 3138 699 3201; x_wconf 84' lang='lat' dir='ltr'>sedibus,</span> <span class='ocrx_word' id='word_1_292' title='bbox 734 3154 863 3192; x_wconf 91' lang='lat' dir='ltr'>meo</span> <span class='ocrx_word' id='word_1_293' title='bbox 898 3135 1966 3208; x_wconf 88' lang='lat' dir='ltr'>episcopatuicontributis,monacho-</span> 
     </span>
    </p>
   </div>
   <div class='ocr_carea' id='block_1_46' title="bbox 317 3225 1962 3299">
    <p class='ocr_par' dir='ltr' id='par_1_46' title="bbox 317 3225 1962 3299">
     <span class='ocr_line' id='line_1_46' title="bbox 317 3225 1962 3299; baseline 0 -18"><span class='ocrx_word' id='word_1_294' title='bbox 317 3241 443 3281; x_wconf 90' lang='lat' dir='ltr'>rum</span> <span class='ocrx_word' id='word_1_295' title='bbox 474 3226 722 3299; x_wconf 89' lang='lat' dir='ltr'>quidam</span> <span class='ocrx_word' id='word_1_296' title='bbox 753 3226 922 3281; x_wconf 90' lang='lat' dir='ltr'>Pater</span> <span class='ocrx_word' id='word_1_297' title='bbox 951 3229 1007 3280; x_wconf 90' lang='lat' dir='ltr'>et</span> <span class='ocrx_word' id='word_1_298' title='bbox 1024 3241 1155 3280; x_wconf 90' lang='lat' dir='ltr'>vere</span> <span class='ocrx_word' id='word_1_299' title='bbox 1188 3225 1361 3279; x_wconf 90' lang='lat' dir='ltr'>homo</span> <span class='ocrx_word' id='word_1_300' title='bbox 1384 3225 1482 3279; x_wconf 90' lang='lat' dir='ltr'>Dei</span> <span class='ocrx_word' id='word_1_301' title='bbox 1519 3241 1531 3279; x_wconf 90' lang='lat'><strong>:</strong></span> <span class='ocrx_word' id='word_1_302' title='bbox 1568 3241 1743 3296; x_wconf 90' lang='lat' dir='ltr'>quem</span> <span class='ocrx_word' id='word_1_303' title='bbox 1775 3226 1962 3281; x_wconf 89' lang='lat' dir='ltr'>omni-</span> 
     </span>
    </p>
   </div>
   <div class='ocr_carea' id='block_1_47' title="bbox 317 3312 1960 3387">
    <p class='ocr_par' dir='ltr' id='par_1_47' title="bbox 317 3312 1960 3387">
     <span class='ocr_line' id='line_1_47' title="bbox 317 3312 1960 3387; baseline -0.001 -17"><span class='ocrx_word' id='word_1_304' title='bbox 317 3313 445 3383; x_wconf 89' lang='lat' dir='ltr'>bus,</span> <span class='ocrx_word' id='word_1_305' title='bbox 480 3314 583 3387; x_wconf 86' lang='lat' dir='ltr'>qui</span> <span class='ocrx_word' id='word_1_306' title='bbox 614 3313 674 3369; x_wconf 91' lang='lat' dir='ltr'>in</span> <span class='ocrx_word' id='word_1_307' title='bbox 706 3314 925 3369; x_wconf 86' lang='lat' dir='ltr'>finibus</span> <span class='ocrx_word' id='word_1_308' title='bbox 948 3312 1094 3369; x_wconf 90' lang='lat' dir='ltr'>meis</span> <span class='ocrx_word' id='word_1_309' title='bbox 1125 3314 1366 3385; x_wconf 90' lang='lat' dir='ltr'>degunt,</span> <span class='ocrx_word' id='word_1_310' title='bbox 1417 3314 1700 3385; x_wconf 64' lang='lat' dir='ltr'>praeﬁcias</span> <span class='ocrx_word' id='word_1_311' title='bbox 1758 3332 1960 3369; x_wconf 91' lang='lat' dir='ltr'>mona-</span> 
     </span>
    </p>
   </div>
   <div class='ocr_carea' id='block_1_48' title="bbox 2081 2064 3729 2138">
    <p class='ocr_par' dir='ltr' id='par_1_48' title="bbox 2081 2064 3729 2138">
     <span class='ocr_line' id='line_1_48' title="bbox 2081 2064 3729 2138; baseline 0.003 -19"><span class='ocrx_word' id='word_1_312' title='bbox 2081 2064 2141 2120; x_wconf 91' lang='lat' dir='ltr'>in</span> <span class='ocrx_word' id='word_1_313' title='bbox 2170 2070 2488 2122; x_wconf 90' lang='lat' dir='ltr'>assertores</span> <span class='ocrx_word' id='word_1_314' title='bbox 2517 2069 2574 2123; x_wconf 90' lang='lat' dir='ltr'>et</span> <span class='ocrx_word' id='word_1_315' title='bbox 2603 2067 2866 2122; x_wconf 90' lang='lat' dir='ltr'>vindices</span> <span class='ocrx_word' id='word_1_316' title='bbox 2894 2070 2991 2119; x_wconf 77' lang='grc' dir='ltr'>τοῦ</span> <span class='ocrx_word' id='word_1_317' title='bbox 3022 2066 3318 2138; x_wconf 67' lang='lat' dir='ltr'>opacos-too</span> <span class='ocrx_word' id='word_1_318' title='bbox 3352 2068 3507 2124; x_wconf 88' lang='lat' dir='ltr'>haud</span> <span class='ocrx_word' id='word_1_319' title='bbox 3557 2068 3729 2125; x_wconf 88' lang='lat' dir='ltr'>facile</span> 
     </span>
    </p>
   </div>
   <div class='ocr_carea' id='block_1_49' title="bbox 2076 2155 3725 2230">
    <p class='ocr_par' dir='ltr' id='par_1_49' title="bbox 2076 2155 3725 2230">
     <span class='ocr_line' id='line_1_49' title="bbox 2076 2155 3725 2230; baseline 0.002 -21"><span class='ocrx_word' id='word_1_320' title='bbox 2076 2159 2313 2209; x_wconf 85' lang='lat' dir='ltr'>narratu</span> <span class='ocrx_word' id='word_1_321' title='bbox 2346 2158 2455 2210; x_wconf 89' lang='lat' dir='ltr'>est.</span> <span class='ocrx_word' id='word_1_322' title='bbox 2492 2156 2798 2211; x_wconf 88' lang='lat' dir='ltr'>Eminebat</span> <span class='ocrx_word' id='word_1_323' title='bbox 2818 2155 2970 2211; x_wconf 88' lang='lat' dir='ltr'>inter</span> <span class='ocrx_word' id='word_1_324' title='bbox 2997 2172 3143 2212; x_wconf 69' lang='lat' dir='ltr'>verae</span> <span class='ocrx_word' id='word_1_325' title='bbox 3165 2156 3300 2212; x_wconf 84' lang='lat' dir='ltr'>ﬁdei</span> <span class='ocrx_word' id='word_1_326' title='bbox 3330 2160 3725 2230; x_wconf 85' lang='lat' dir='ltr'>propugnato-</span> 
     </span>
    </p>
   </div>
   <div class='ocr_carea' id='block_1_50' title="bbox 2077 2244 3727 2317">
    <p class='ocr_par' dir='ltr' id='par_1_50' title="bbox 2077 2244 3727 2317">
     <span class='ocr_line' id='line_1_50' title="bbox 2077 2244 3727 2317; baseline 0.002 -19"><span class='ocrx_word' id='word_1_327' title='bbox 2077 2259 2171 2298; x_wconf 89' lang='lat' dir='ltr'>res</span> <span class='ocrx_word' id='word_1_328' title='bbox 2203 2244 2546 2299; x_wconf 84' lang='lat' dir='ltr'>Eustathius</span> <span class='ocrx_word' id='word_1_329' title='bbox 2582 2244 2982 2301; x_wconf 89' lang='lat' dir='ltr'>Antiochenus</span> <span class='ocrx_word' id='word_1_330' title='bbox 3031 2245 3105 2317; x_wconf 75' lang='grc' dir='ltr'>(ἀ)</span> <span class='ocrx_word' id='word_1_331' title='bbox 3155 2246 3242 2300; x_wconf 91' lang='lat' dir='ltr'>vir</span> <span class='ocrx_word' id='word_1_332' title='bbox 3279 2246 3483 2301; x_wconf 89' lang='lat' dir='ltr'>multis</span> <span class='ocrx_word' id='word_1_333' title='bbox 3541 2246 3727 2303; x_wconf 90' lang='lat' dir='ltr'>nomi-</span> 
     </span>
    </p>
   </div>
   <div class='ocr_carea' id='block_1_51' title="bbox 2078 2332 3725 2406">
    <p class='ocr_par' dir='ltr' id='par_1_51' title="bbox 2078 2332 3725 2406">
     <span class='ocr_line' id='line_1_51' title="bbox 2078 2332 3725 2406; baseline 0.002 -19"><span class='ocrx_word' id='word_1_334' title='bbox 2078 2332 2253 2387; x_wconf 89' lang='lat' dir='ltr'>nibus</span> <span class='ocrx_word' id='word_1_335' title='bbox 2283 2332 2867 2405; x_wconf 88' lang='lat' dir='ltr'>insignis,dignitate,</span> <span class='ocrx_word' id='word_1_336' title='bbox 2891 2333 3123 2406; x_wconf 88' lang='lat' dir='ltr'>pietate,</span> <span class='ocrx_word' id='word_1_337' title='bbox 3158 2335 3504 2391; x_wconf 89' lang='lat' dir='ltr'>eruditionis</span> <span class='ocrx_word' id='word_1_338' title='bbox 3547 2336 3725 2402; x_wconf 89' lang='lat' dir='ltr'>fama,</span> 
     </span>
    </p>
   </div>
   <div class='ocr_carea' id='block_1_52' title="bbox 2077 2422 3726 2494">
    <p class='ocr_par' dir='ltr' id='par_1_52' title="bbox 2077 2422 3726 2494">
     <span class='ocr_line' id='line_1_52' title="bbox 2077 2422 3726 2494; baseline 0.003 -17"><span class='ocrx_word' id='word_1_339' title='bbox 2077 2422 2460 2478; x_wconf 88' lang='lat' dir='ltr'>confessionis</span> <span class='ocrx_word' id='word_1_340' title='bbox 2490 2422 2676 2494; x_wconf 84' lang='lat' dir='ltr'>gloria</span> <span class='ocrx_word' id='word_1_341' title='bbox 2733 2422 2952 2478; x_wconf 90' lang='lat' dir='ltr'>nemini</span> <span class='ocrx_word' id='word_1_342' title='bbox 3002 2425 3316 2479; x_wconf 89' lang='lat' dir='ltr'>secundus.</span> <span class='ocrx_word' id='word_1_343' title='bbox 3368 2425 3473 2480; x_wconf 89' lang='lat' dir='ltr'>Hic</span> <span class='ocrx_word' id='word_1_344' title='bbox 3513 2425 3726 2482; x_wconf 87' lang='lat' dir='ltr'>ardens</span> 
     </span>
    </p>
   </div>
   <div class='ocr_carea' id='block_1_53' title="bbox 2077 2511 3725 2583">
    <p class='ocr_par' dir='ltr' id='par_1_53' title="bbox 2077 2511 3725 2583">
     <span class='ocr_line' id='line_1_53' title="bbox 2077 2511 3725 2583; baseline 0.002 -17"><span class='ocrx_word' id='word_1_345' title='bbox 2077 2511 2270 2566; x_wconf 88' lang='lat' dir='ltr'>studio</span> <span class='ocrx_word' id='word_1_346' title='bbox 2300 2528 2444 2567; x_wconf 79' lang='lat' dir='ltr'>verae</span> <span class='ocrx_word' id='word_1_347' title='bbox 2468 2511 2741 2566; x_wconf 66' lang='lat' dir='ltr'>doctrinae</span> <span class='ocrx_word' id='word_1_348' title='bbox 2766 2512 3446 2583; x_wconf 65' lang='lat' dir='ltr'>promovendis-,infestus</span> <span class='ocrx_word' id='word_1_349' title='bbox 3468 2513 3725 2579; x_wconf 88' lang='lat' dir='ltr'>Arianis,</span> 
     </span>
    </p>
   </div>
   <div class='ocr_carea' id='block_1_54' title="bbox 2078 2600 3725 2671">
    <p class='ocr_par' dir='ltr' id='par_1_54' title="bbox 2078 2600 3725 2671">
     <span class='ocr_line' id='line_1_54' title="bbox 2078 2600 3725 2671; baseline 0.001 -16"><span class='ocrx_word' id='word_1_350' title='bbox 2078 2617 2225 2671; x_wconf 92' lang='lat' dir='ltr'>quos</span> <span class='ocrx_word' id='word_1_351' title='bbox 2256 2600 2603 2656; x_wconf 90' lang='lat' dir='ltr'>interclusos</span> <span class='ocrx_word' id='word_1_352' title='bbox 2624 2600 2899 2657; x_wconf 90' lang='lat' dir='ltr'>societate</span> <span class='ocrx_word' id='word_1_353' title='bbox 2928 2604 2984 2655; x_wconf 90' lang='lat' dir='ltr'>et</span> <span class='ocrx_word' id='word_1_354' title='bbox 3015 2601 3430 2659; x_wconf 90' lang='lat' dir='ltr'>communione</span> <span class='ocrx_word' id='word_1_355' title='bbox 3460 2620 3569 2658; x_wconf 91' lang='lat' dir='ltr'>sua</span> <span class='ocrx_word' id='word_1_356' title='bbox 3600 2603 3725 2658; x_wconf 84' lang='lat' dir='ltr'>edi-</span> 
     </span>
    </p>
   </div>
   <div class='ocr_carea' id='block_1_55' title="bbox 2075 2689 3727 2761">
    <p class='ocr_par' dir='ltr' id='par_1_55' title="bbox 2075 2689 3727 2761">
     <span class='ocr_line' id='line_1_55' title="bbox 2075 2689 3727 2761; baseline 0.003 -18"><span class='ocrx_word' id='word_1_357' title='bbox 2075 2692 2260 2757; x_wconf 87' lang='lat' dir='ltr'>xerat,</span> <span class='ocrx_word' id='word_1_358' title='bbox 2296 2689 2353 2744; x_wconf 91' lang='lat' dir='ltr'>in</span> <span class='ocrx_word' id='word_1_359' title='bbox 2388 2689 2588 2745; x_wconf 91' lang='lat' dir='ltr'>odium</span> <span class='ocrx_word' id='word_1_360' title='bbox 2642 2689 3041 2761; x_wconf 90' lang='lat' dir='ltr'>invidiamque</span> <span class='ocrx_word' id='word_1_361' title='bbox 3070 2690 3305 2746; x_wconf 88' lang='lat' dir='ltr'>Eusebii</span> <span class='ocrx_word' id='word_1_362' title='bbox 3350 2694 3406 2747; x_wconf 90' lang='lat' dir='ltr'>et</span> <span class='ocrx_word' id='word_1_363' title='bbox 3434 2691 3727 2748; x_wconf 91' lang='lat' dir='ltr'>sociorum</span> 
     </span>
    </p>
   </div>
   <div class='ocr_carea' id='block_1_56' title="bbox 2076 2778 3725 2853">
    <p class='ocr_par' dir='ltr' id='par_1_56' title="bbox 2076 2778 3725 2853">
     <span class='ocr_line' id='line_1_56' title="bbox 2076 2778 3725 2853; baseline 0.003 -21"><span class='ocrx_word' id='word_1_364' title='bbox 2076 2778 2346 2834; x_wconf 87' lang='lat' dir='ltr'>incurrit.</span> <span class='ocrx_word' id='word_1_365' title='bbox 2378 2779 2463 2835; x_wconf 93' lang='lat' dir='ltr'>Ad</span> <span class='ocrx_word' id='word_1_366' title='bbox 2487 2778 2629 2846; x_wconf 58' lang='lat' dir='ltr'>hmo,</span> <span class='ocrx_word' id='word_1_367' title='bbox 2666 2778 2853 2835; x_wconf 90' lang='lat' dir='ltr'>multa</span> <span class='ocrx_word' id='word_1_368' title='bbox 2884 2783 3087 2835; x_wconf 90' lang='lat' dir='ltr'>contra</span> <span class='ocrx_word' id='word_1_369' title='bbox 3139 2780 3384 2836; x_wconf 86' lang='lat' dir='ltr'>Arianos</span> <span class='ocrx_word' id='word_1_370' title='bbox 3441 2797 3617 2853; x_wconf 89' lang='lat' dir='ltr'>opera</span> <span class='ocrx_word' id='word_1_371' title='bbox 3663 2783 3725 2837; x_wconf 90' lang='lat' dir='ltr'>in</span> 
     </span>
    </p>
   </div>
   <div class='ocr_carea' id='block_1_57' title="bbox 2074 2865 3728 2942">
    <p class='ocr_par' dir='ltr' id='par_1_57' title="bbox 2074 2865 3728 2942">
     <span class='ocr_line' id='line_1_57' title="bbox 2074 2865 3728 2942; baseline 0.002 -21"><span class='ocrx_word' id='word_1_372' title='bbox 2074 2865 2265 2923; x_wconf 91' lang='lat' dir='ltr'>lucem</span> <span class='ocrx_word' id='word_1_373' title='bbox 2296 2867 2770 2939; x_wconf 88' lang='lat' dir='ltr'>emisit,quorum</span> <span class='ocrx_word' id='word_1_374' title='bbox 2803 2869 3019 2924; x_wconf 88' lang='lat' dir='ltr'>mentio</span> <span class='ocrx_word' id='word_1_375' title='bbox 3052 2869 3207 2941; x_wconf 89' lang='lat' dir='ltr'>apud</span> <span class='ocrx_word' id='word_1_376' title='bbox 3226 2868 3646 2942; x_wconf 83' lang='lat' dir='ltr'>Hieronymum</span> <span class='ocrx_word' id='word_1_377' title='bbox 3671 2874 3728 2926; x_wconf 89' lang='lat' dir='ltr'>et</span> 
     </span>
    </p>
   </div>
   <div class='ocr_carea' id='block_1_58' title="bbox 2076 2956 3728 3015">
    <p class='ocr_par' dir='ltr' id='par_1_58' title="bbox 2076 2956 3728 3015">
     <span class='ocr_line' id='line_1_58' title="bbox 2076 2956 3728 3015; baseline 0.002 -4"><span class='ocrx_word' id='word_1_378' title='bbox 2076 2956 2531 3011; x_wconf 88' lang='lat' dir='ltr'>Theodoretum.</span> <span class='ocrx_word' id='word_1_379' title='bbox 2566 2956 2715 3011; x_wconf 89' lang='lat' dir='ltr'>Cum</span> <span class='ocrx_word' id='word_1_380' title='bbox 2747 2956 2995 3012; x_wconf 84' lang='lat' dir='ltr'>Eusebio</span> <span class='ocrx_word' id='word_1_381' title='bbox 3034 2957 3175 3013; x_wconf 89' lang='lat' dir='ltr'>item</span> <span class='ocrx_word' id='word_1_382' title='bbox 3222 2958 3561 3014; x_wconf 76' lang='lat' dir='ltr'>Caesariensi</span> <span class='ocrx_word' id='word_1_383' title='bbox 3595 2959 3728 3015; x_wconf 90' lang='lat' dir='ltr'>iniit</span> 
     </span>
    </p>
   </div>
   <div class='ocr_carea' id='block_1_59' title="bbox 2075 3045 3725 3117">
    <p class='ocr_par' dir='ltr' id='par_1_59' title="bbox 2075 3045 3725 3117">
     <span class='ocr_line' id='line_1_59' title="bbox 2075 3045 3725 3117; baseline 0.001 -16"><span class='ocrx_word' id='word_1_384' title='bbox 2075 3045 2555 3111; x_wconf 90' lang='lat' dir='ltr'>controversiam,</span> <span class='ocrx_word' id='word_1_385' title='bbox 2588 3062 2842 3117; x_wconf 91' lang='lat' dir='ltr'>eumque</span> <span class='ocrx_word' id='word_1_386' title='bbox 2867 3051 2929 3101; x_wconf 92' lang='lat' dir='ltr'>ut</span> <span class='ocrx_word' id='word_1_387' title='bbox 2956 3046 3201 3102; x_wconf 68' lang='lat' dir='ltr'>Nicmnaa</span> <span class='ocrx_word' id='word_1_388' title='bbox 3242 3046 3377 3103; x_wconf 85' lang='lat' dir='ltr'>ﬁdei</span> <span class='ocrx_word' id='word_1_389' title='bbox 3426 3047 3725 3105; x_wconf 90' lang='lat' dir='ltr'>infensum</span> 
     </span>
    </p>
   </div>
   <div class='ocr_carea' id='block_1_60' title="bbox 2075 3134 3721 3205">
    <p class='ocr_par' dir='ltr' id='par_1_60' title="bbox 2075 3134 3721 3205">
     <span class='ocr_line' id='line_1_60' title="bbox 2075 3134 3721 3205; baseline 0.001 -15"><span class='ocrx_word' id='word_1_390' title='bbox 2075 3134 2311 3205; x_wconf 88' lang='lat' dir='ltr'>scriptis</span> <span class='ocrx_word' id='word_1_391' title='bbox 2353 3135 2479 3189; x_wconf 89' lang='lat' dir='ltr'>suis</span> <span class='ocrx_word' id='word_1_392' title='bbox 2529 3134 2857 3205; x_wconf 84' lang='lat' dir='ltr'>exagitavit.</span> <span class='ocrx_word' id='word_1_393' title='bbox 2910 3134 3012 3191; x_wconf 93' lang='lat' dir='ltr'>Ille</span> <span class='ocrx_word' id='word_1_394' title='bbox 3068 3139 3271 3191; x_wconf 91' lang='lat' dir='ltr'>contra</span> <span class='ocrx_word' id='word_1_395' title='bbox 3343 3136 3721 3193; x_wconf 90' lang='lat' dir='ltr'>Eustathium</span> 
     </span>
    </p>
   </div>
   <div class='ocr_carea' id='block_1_61' title="bbox 2074 3222 3720 3297">
    <p class='ocr_par' dir='ltr' id='par_1_61' title="bbox 2074 3222 3720 3297">
     <span class='ocr_line' id='line_1_61' title="bbox 2074 3222 3720 3297; baseline 0.001 -19"><span class='ocrx_word' id='word_1_396' title='bbox 2074 3240 2241 3278; x_wconf 90' lang='lat' dir='ltr'>reum</span> <span class='ocrx_word' id='word_1_397' title='bbox 2271 3224 2390 3297; x_wconf 85' lang='lat' dir='ltr'>agit</span> <span class='ocrx_word' id='word_1_398' title='bbox 2421 3222 2761 3280; x_wconf 73' lang='lat' dir='ltr'>Sabellianae</span> <span class='ocrx_word' id='word_1_399' title='bbox 2792 3224 3267 3296; x_wconf 86' lang='lat' dir='ltr'>opinionis,quod</span> <span class='ocrx_word' id='word_1_400' title='bbox 3290 3224 3720 3281; x_wconf 89' lang='lat' dir='ltr'>Sabellianismi</span> 
     </span>
    </p>
   </div>
   <div class='ocr_carea' id='block_1_62' title="bbox 2073 3312 3722 3386">
    <p class='ocr_par' dir='ltr' id='par_1_62' title="bbox 2073 3312 3722 3386">
     <span class='ocr_line' id='line_1_62' title="bbox 2073 3312 3722 3386; baseline 0.001 -18"><span class='ocrx_word' id='word_1_401' title='bbox 2073 3314 2294 3369; x_wconf 88' lang='lat' dir='ltr'>crimen</span> <span class='ocrx_word' id='word_1_402' title='bbox 2326 3313 2585 3368; x_wconf 91' lang='lat' dir='ltr'>solemne</span> <span class='ocrx_word' id='word_1_403' title='bbox 2610 3312 2844 3369; x_wconf 86' lang='lat' dir='ltr'>Arianis</span> <span class='ocrx_word' id='word_1_404' title='bbox 2877 3317 3001 3369; x_wconf 89' lang='lat' dir='ltr'>erat</span> <span class='ocrx_word' id='word_1_405' title='bbox 3031 3314 3103 3369; x_wconf 89' lang='lat' dir='ltr'>iis</span> <span class='ocrx_word' id='word_1_406' title='bbox 3132 3314 3357 3383; x_wconf 80' lang='lat' dir='ltr'>offerre,</span> <span class='ocrx_word' id='word_1_407' title='bbox 3400 3316 3501 3386; x_wconf 89' lang='lat' dir='ltr'>qui</span> <span class='ocrx_word' id='word_1_408' title='bbox 3560 3315 3722 3371; x_wconf 88' lang='lat' dir='ltr'>Aria-</span> 
     </span>
    </p>
   </div>
   <div class='ocr_carea' id='block_1_63' title="bbox 313 3385 3720 3475">
    <p class='ocr_par' dir='ltr' id='par_1_63' title="bbox 313 3385 3720 3475">
     <span class='ocr_line' id='line_1_63' title="bbox 313 3385 3720 3475; baseline 0.001 -18"><span class='ocrx_word' id='word_1_409' title='bbox 313 3402 456 3471; x_wconf 91' lang='lat' dir='ltr'>chis,</span> <span class='ocrx_word' id='word_1_410' title='bbox 488 3385 550 3459; x_wconf 77' lang='lat' dir='ltr'>et</span> <span class='ocrx_word' id='word_1_411' title='bbox 582 3404 983 3475; x_wconf 82' lang='lat' dir='ltr'>presbyterum</span> <span class='ocrx_word' id='word_1_412' title='bbox 1035 3402 1358 3458; x_wconf 86' lang='lat' dir='ltr'>constituas</span> <span class='ocrx_word' id='word_1_413' title='bbox 1417 3402 1712 3473; x_wconf 88' lang='lat' dir='ltr'>pervelim.</span> <span class='ocrx_word' id='word_1_414' title='bbox 1748 3426 1776 3452; x_wconf 83' lang='lat'>»</span> <span class='ocrx_word' id='word_1_415' title='bbox 1837 3403 1959 3466; x_wconf 91' lang='lat' dir='ltr'>Quo</span> <span class='ocrx_word' id='word_1_416' title='bbox 1994 3385 2036 3451; x_wconf 84' lang='lat' dir='ltr'>C</span> <span class='ocrx_word' id='word_1_417' title='bbox 2077 3419 2212 3457; x_wconf 88' lang='lat' dir='ltr'>nam</span> <span class='ocrx_word' id='word_1_418' title='bbox 2245 3402 2516 3457; x_wconf 69' lang='lat' dir='ltr'>haeresim</span> <span class='ocrx_word' id='word_1_419' title='bbox 2548 3402 2745 3457; x_wconf 89' lang='lat' dir='ltr'>infesti</span> <span class='ocrx_word' id='word_1_420' title='bbox 2777 3403 3163 3459; x_wconf 81' lang='lat' dir='ltr'>adorirentur.</span> <span class='ocrx_word' id='word_1_421' title='bbox 3195 3385 3483 3475; x_wconf 84' lang='lat' dir='ltr'>Nequein&#39;</span> <span class='ocrx_word' id='word_1_422' title='bbox 3536 3405 3720 3461; x_wconf 81' lang='lat' dir='ltr'>Euse-</span> 
     </span>
    </p>
   </div>
   <div class='ocr_carea' id='block_1_64' title="bbox 313 3490 1965 3559">
    <p class='ocr_par' dir='ltr' id='par_1_64' title="bbox 313 3490 1965 3559">
     <span class='ocr_line' id='line_1_64' title="bbox 313 3490 1965 3559; baseline 0.001 -13"><span class='ocrx_word' id='word_1_423' title='bbox 313 3490 666 3549; x_wconf 90' lang='lat' dir='ltr'>Pachomius</span> <span class='ocrx_word' id='word_1_424' title='bbox 698 3490 917 3559; x_wconf 86' lang='lat' dir='ltr'>audito,</span> <span class='ocrx_word' id='word_1_425' title='bbox 960 3508 1090 3547; x_wconf 92' lang='lat' dir='ltr'>sese</span> <span class='ocrx_word' id='word_1_426' title='bbox 1146 3492 1205 3546; x_wconf 94' lang='lat' dir='ltr'>in</span> <span class='ocrx_word' id='word_1_427' title='bbox 1244 3494 1392 3546; x_wconf 81' lang='lat' dir='ltr'>ccetu</span> <span class='ocrx_word' id='word_1_428' title='bbox 1442 3492 1691 3547; x_wconf 87' lang='lat' dir='ltr'>fratrum</span> <span class='ocrx_word' id='word_1_429' title='bbox 1740 3491 1965 3547; x_wconf 89' lang='lat' dir='ltr'>abdidit</span> 
     </span>
    </p>
   </div>
   <div class='ocr_carea' id='block_1_65' title="bbox 310 3580 1961 3637">
    <p class='ocr_par' dir='ltr' id='par_1_65' title="bbox 310 3580 1961 3637">
     <span class='ocr_line' id='line_1_65' title="bbox 310 3580 1961 3637; baseline 0.001 -2"><span class='ocrx_word' id='word_1_430' title='bbox 310 3580 493 3637; x_wconf 90' lang='lat' dir='ltr'>donec</span> <span class='ocrx_word' id='word_1_431' title='bbox 517 3581 943 3637; x_wconf 88' lang='lat' dir='ltr'>transmitteret</span> <span class='ocrx_word' id='word_1_432' title='bbox 971 3580 1351 3636; x_wconf 86' lang='lat' dir='ltr'>Athanasius.</span> <span class='ocrx_word' id='word_1_433' title='bbox 1385 3584 1441 3635; x_wconf 92' lang='lat' dir='ltr'>Is</span> <span class='ocrx_word' id='word_1_434' title='bbox 1463 3584 1660 3635; x_wconf 91' lang='lat' dir='ltr'>tamen</span> <span class='ocrx_word' id='word_1_435' title='bbox 1693 3598 1828 3635; x_wconf 91' lang='lat' dir='ltr'>cum</span> <span class='ocrx_word' id='word_1_436' title='bbox 1860 3598 1961 3636; x_wconf 90' lang='lat' dir='ltr'>na-</span> 
     </span>
    </p>
   </div>
   <div class='ocr_carea' id='block_1_66' title="bbox 311 3669 1963 3743">
    <p class='ocr_par' dir='ltr' id='par_1_66' title="bbox 311 3669 1963 3743">
     <span class='ocr_line' id='line_1_66' title="bbox 311 3669 1963 3743; baseline 0.001 -19"><span class='ocrx_word' id='word_1_437' title='bbox 311 3669 428 3726; x_wconf 90' lang='lat' dir='ltr'>vim</span> <span class='ocrx_word' id='word_1_438' title='bbox 463 3669 887 3743; x_wconf 88' lang='lat' dir='ltr'>perlustrasset</span> <span class='ocrx_word' id='word_1_439' title='bbox 916 3670 1230 3737; x_wconf 89' lang='lat' dir='ltr'>oculis,Dei</span> <span class='ocrx_word' id='word_1_440' title='bbox 1266 3669 1555 3725; x_wconf 79' lang='lat' dir='ltr'>famulum</span> <span class='ocrx_word' id='word_1_441' title='bbox 1582 3670 1963 3742; x_wconf 84' lang='lat' dir='ltr'>agnovit,edi-</span> 
     </span>
    </p>
   </div>
   <div class='ocr_carea' id='block_1_67' title="bbox 308 3758 1960 3831">
    <p class='ocr_par' dir='ltr' id='par_1_67' title="bbox 308 3758 1960 3831">
     <span class='ocr_line' id='line_1_67' title="bbox 308 3758 1960 3831; baseline 0.001 -18"><span class='ocrx_word' id='word_1_442' title='bbox 308 3758 571 3831; x_wconf 89' lang='lat' dir='ltr'>dicitque</span> <span class='ocrx_word' id='word_1_443' title='bbox 594 3760 721 3830; x_wconf 89' lang='lat' dir='ltr'>jam</span> <span class='ocrx_word' id='word_1_444' title='bbox 738 3758 926 3814; x_wconf 90' lang='lat' dir='ltr'>multa</span> <span class='ocrx_word' id='word_1_445' title='bbox 943 3776 1075 3814; x_wconf 89' lang='lat' dir='ltr'>eum</span> <span class='ocrx_word' id='word_1_446' title='bbox 1090 3758 1380 3830; x_wconf 86' lang='lat' dir='ltr'>Evangelii</span> <span class='ocrx_word' id='word_1_447' title='bbox 1396 3776 1574 3814; x_wconf 88' lang='lat' dir='ltr'>causa</span> <span class='ocrx_word' id='word_1_448' title='bbox 1587 3759 1960 3827; x_wconf 89' lang='lat' dir='ltr'>sustinuisse,</span> 
     </span>
    </p>
   </div>
   <div class='ocr_carea' id='block_1_68' title="bbox 305 3847 1965 3921">
    <p class='ocr_par' dir='ltr' id='par_1_68' title="bbox 305 3847 1965 3921">
     <span class='ocr_line' id='line_1_68' title="bbox 305 3847 1965 3921; baseline 0.001 -18"><span class='ocrx_word' id='word_1_449' title='bbox 305 3864 575 3921; x_wconf 69' lang='lat' dir='ltr'>veraeque</span> <span class='ocrx_word' id='word_1_450' title='bbox 608 3848 805 3920; x_wconf 88' lang='lat' dir='ltr'>ipsum</span> <span class='ocrx_word' id='word_1_451' title='bbox 832 3847 966 3903; x_wconf 89' lang='lat' dir='ltr'>ﬁdei</span> <span class='ocrx_word' id='word_1_452' title='bbox 999 3851 1349 3903; x_wconf 88' lang='lat' dir='ltr'>sectatorem</span> <span class='ocrx_word' id='word_1_453' title='bbox 1375 3849 1729 3919; x_wconf 60' lang='lat' dir='ltr'>esse,&#39;cujus</span> <span class='ocrx_word' id='word_1_454' title='bbox 1776 3848 1965 3921; x_wconf 85' lang='lat' dir='ltr'>gratia</span> 
     </span>
    </p>
   </div>
   <div class='ocr_carea' id='block_1_69' title="bbox 305 3936 1658 4010">
    <p class='ocr_par' dir='ltr' id='par_1_69' title="bbox 305 3936 1658 4010">
     <span class='ocr_line' id='line_1_69' title="bbox 305 3936 1658 4010; baseline -0.002 -16"><span class='ocrx_word' id='word_1_455' title='bbox 305 3939 690 4010; x_wconf 91' lang='lat' dir='ltr'>postmodum</span> <span class='ocrx_word' id='word_1_456' title='bbox 723 3937 783 3992; x_wconf 92' lang='lat' dir='ltr'>in</span> <span class='ocrx_word' id='word_1_457' title='bbox 816 3936 1180 3993; x_wconf 88' lang='lat' dir='ltr'>calamitates</span> <span class='ocrx_word' id='word_1_458' title='bbox 1212 3939 1402 3993; x_wconf 90' lang='lat' dir='ltr'>varias</span> <span class='ocrx_word' id='word_1_459' title='bbox 1434 3937 1658 3992; x_wconf 91' lang='lat' dir='ltr'>incidit.</span> 
     </span>
    </p>
   </div>
   <div class='ocr_carea' id='block_1_70' title="bbox 376 4027 1962 4084">
    <p class='ocr_par' dir='ltr' id='par_1_70' title="bbox 376 4027 1962 4084">
     <span class='ocr_line' id='line_1_70' title="bbox 376 4027 1962 4084; baseline 0 -2"><span class='ocrx_word' id='word_1_460' title='bbox 376 4030 548 4084; x_wconf 90' lang='lat' dir='ltr'>ANNo</span> <span class='ocrx_word' id='word_1_461' title='bbox 574 4043 841 4082; x_wconf 84' lang='lat' dir='ltr'>CIRCITER</span> <span class='ocrx_word' id='word_1_462' title='bbox 868 4028 992 4082; x_wconf 77' lang='lat'>3:28.</span> <span class='ocrx_word' id='word_1_463' title='bbox 1027 4058 1095 4066; x_wconf 93' lang='lat'>—</span> <span class='ocrx_word' id='word_1_464' title='bbox 1129 4027 1177 4081; x_wconf 93' lang='grc'>1.</span> <span class='ocrx_word' id='word_1_465' title='bbox 1204 4027 1368 4081; x_wconf 86' lang='lat' dir='ltr'>Arius</span> <span class='ocrx_word' id='word_1_466' title='bbox 1397 4027 1470 4083; x_wconf 84' lang='lat' dir='ltr'>ab</span> <span class='ocrx_word' id='word_1_467' title='bbox 1501 4028 1696 4082; x_wconf 77' lang='lat' dir='ltr'>exsilio</span> <span class='ocrx_word' id='word_1_468' title='bbox 1744 4043 1962 4083; x_wconf 80' lang='lat' dir='ltr'>revoca-</span> 
     </span>
    </p>
   </div>
   <div class='ocr_carea' id='block_1_71' title="bbox 304 4116 1963 4187">
    <p class='ocr_par' dir='ltr' id='par_1_71' title="bbox 304 4116 1963 4187">
     <span class='ocr_line' id='line_1_71' title="bbox 304 4116 1963 4187; baseline 0 -16"><span class='ocrx_word' id='word_1_469' title='bbox 304 4124 410 4171; x_wconf 82' lang='lat' dir='ltr'>tus.</span> <span class='ocrx_word' id='word_1_470' title='bbox 468 4117 745 4173; x_wconf 86' lang='lat' dir='ltr'>Similiter</span> <span class='ocrx_word' id='word_1_471' title='bbox 800 4117 1064 4172; x_wconf 81' lang='lat' dir='ltr'>Eusebius</span> <span class='ocrx_word' id='word_1_472' title='bbox 1110 4119 1159 4171; x_wconf 85' lang='lat' dir='ltr'>et</span> <span class='ocrx_word' id='word_1_473' title='bbox 1220 4116 1540 4187; x_wconf 84' lang='lat' dir='ltr'>Theognius.</span> <span class='ocrx_word' id='word_1_474' title='bbox 1591 4148 1659 4156; x_wconf 93' lang='grc'>--</span> <span class='ocrx_word' id='word_1_475' title='bbox 1709 4116 1963 4171; x_wconf 90' lang='lat' dir='ltr'>Vixdum</span> 
     </span>
    </p>
   </div>
   <div class='ocr_carea' id='block_1_72' title="bbox 305 4204 1964 4278">
    <p class='ocr_par' dir='ltr' id='par_1_72' title="bbox 305 4204 1964 4278">
     <span class='ocr_line' id='line_1_72' title="bbox 305 4204 1964 4278; baseline 0.001 -18"><span class='ocrx_word' id='word_1_476' title='bbox 305 4205 509 4278; x_wconf 88' lang='lat' dir='ltr'>elapso</span> <span class='ocrx_word' id='word_1_477' title='bbox 555 4209 689 4278; x_wconf 90' lang='lat' dir='ltr'>post</span> <span class='ocrx_word' id='word_1_478' title='bbox 754 4204 1049 4261; x_wconf 82' lang='lat' dir='ltr'>Nicaenam</span> <span class='ocrx_word' id='word_1_479' title='bbox 1110 4206 1401 4277; x_wconf 84' lang='lat' dir='ltr'>synodum</span> <span class='ocrx_word' id='word_1_480' title='bbox 1466 4204 1704 4260; x_wconf 88' lang='lat' dir='ltr'>triennii</span> <span class='ocrx_word' id='word_1_481' title='bbox 1748 4205 1964 4277; x_wconf 87' lang='lat' dir='ltr'>spatio,</span> 
     </span>
    </p>
   </div>
   <div class='ocr_carea' id='block_1_73' title="bbox 303 4293 1966 4367">
    <p class='ocr_par' dir='ltr' id='par_1_73' title="bbox 303 4293 1966 4367">
     <span class='ocr_line' id='line_1_73' title="bbox 303 4293 1966 4367; baseline -0.001 -17"><span class='ocrx_word' id='word_1_482' title='bbox 303 4296 486 4351; x_wconf 85' lang='lat' dir='ltr'>Arius</span> <span class='ocrx_word' id='word_1_483' title='bbox 546 4295 697 4351; x_wconf 89' lang='lat' dir='ltr'>redit</span> <span class='ocrx_word' id='word_1_484' title='bbox 744 4295 817 4351; x_wconf 91' lang='lat' dir='ltr'>ab</span> <span class='ocrx_word' id='word_1_485' title='bbox 876 4293 1078 4350; x_wconf 84' lang='lat' dir='ltr'>exsilio</span> <span class='ocrx_word' id='word_1_486' title='bbox 1146 4299 1461 4367; x_wconf 89' lang='lat' dir='ltr'>antequam</span> <span class='ocrx_word' id='word_1_487' title='bbox 1534 4296 1824 4351; x_wconf 89' lang='lat' dir='ltr'>Eusebius</span> <span class='ocrx_word' id='word_1_488' title='bbox 1909 4298 1966 4349; x_wconf 91' lang='lat' dir='ltr'>et</span> 
     </span>
    </p>
   </div>
   <div class='ocr_carea' id='block_1_74' title="bbox 314 4381 1963 4456">
    <p class='ocr_par' dir='ltr' id='par_1_74' title="bbox 314 4381 1963 4456">
     <span class='ocr_line' id='line_1_74' title="bbox 314 4381 1963 4456; baseline 0 -17"><span class='ocrx_word' id='word_1_489' title='bbox 314 4381 661 4456; x_wconf 87' lang='lat' dir='ltr'>Theognius</span> <span class='ocrx_word' id='word_1_490' title='bbox 692 4400 831 4439; x_wconf 89' lang='lat' dir='ltr'>suas</span> <span class='ocrx_word' id='word_1_491' title='bbox 864 4382 1163 4455; x_wconf 84' lang='lat' dir='ltr'>repetendi</span> <span class='ocrx_word' id='word_1_492' title='bbox 1194 4384 1362 4438; x_wconf 91' lang='lat' dir='ltr'>sedes</span> <span class='ocrx_word' id='word_1_493' title='bbox 1391 4382 1728 4439; x_wconf 86' lang='lat' dir='ltr'>facultatem</span> <span class='ocrx_word' id='word_1_494' title='bbox 1780 4384 1963 4456; x_wconf 90' lang='lat' dir='ltr'>impe-</span> 
     </span>
    </p>
   </div>
   <div class='ocr_carea' id='block_1_75' title="bbox 299 4472 1965 4545">
    <p class='ocr_par' dir='ltr' id='par_1_75' title="bbox 299 4472 1965 4545">
     <span class='ocr_line' id='line_1_75' title="bbox 299 4472 1965 4545; baseline -0.001 -16"><span class='ocrx_word' id='word_1_495' title='bbox 299 4475 534 4529; x_wconf 89' lang='lat' dir='ltr'>trarent</span> <span class='ocrx_word' id='word_1_496' title='bbox 564 4472 661 4544; x_wconf 76' lang='grc' dir='ltr'>(ὁ).</span> <span class='ocrx_word' id='word_1_497' title='bbox 694 4473 810 4528; x_wconf 92' lang='lat' dir='ltr'>Nec</span> <span class='ocrx_word' id='word_1_498' title='bbox 832 4472 1031 4528; x_wconf 88' lang='lat' dir='ltr'>statim</span> <span class='ocrx_word' id='word_1_499' title='bbox 1054 4472 1187 4527; x_wconf 87' lang='lat' dir='ltr'>Ario</span> <span class='ocrx_word' id='word_1_500' title='bbox 1218 4472 1386 4545; x_wconf 89' lang='lat' dir='ltr'>copia</span> <span class='ocrx_word' id='word_1_501' title='bbox 1408 4472 1562 4527; x_wconf 89' lang='lat' dir='ltr'>facta</span> <span class='ocrx_word' id='word_1_502' title='bbox 1608 4473 1965 4545; x_wconf 88' lang='lat' dir='ltr'>remigrandi</span> 
     </span>
    </p>
   </div>
   <div class='ocr_carea' id='block_1_76' title="bbox 298 4561 1963 4635">
    <p class='ocr_par' dir='ltr' id='par_1_76' title="bbox 298 4561 1963 4635">
     <span class='ocr_line' id='line_1_76' title="bbox 298 4561 1963 4635; baseline -0.001 -16"><span class='ocrx_word' id='word_1_503' title='bbox 298 4561 742 4633; x_wconf 86' lang='lat' dir='ltr'>Alexandriam,</span> <span class='ocrx_word' id='word_1_504' title='bbox 778 4579 848 4617; x_wconf 89' lang='lat' dir='ltr'>ne</span> <span class='ocrx_word' id='word_1_505' title='bbox 870 4562 940 4617; x_wconf 91' lang='lat' dir='ltr'>de</span> <span class='ocrx_word' id='word_1_506' title='bbox 970 4562 1218 4635; x_wconf 89' lang='lat' dir='ltr'>integro,</span> <span class='ocrx_word' id='word_1_507' title='bbox 1254 4561 1607 4632; x_wconf 90' lang='lat' dir='ltr'>conspiratis</span> <span class='ocrx_word' id='word_1_508' title='bbox 1644 4562 1963 4619; x_wconf 86' lang='lat' dir='ltr'>factionum</span> 
     </span>
    </p>
   </div>
   <div class='ocr_carea' id='block_1_77' title="bbox 298 4650 1961 4724">
    <p class='ocr_par' dir='ltr' id='par_1_77' title="bbox 298 4650 1961 4724">
     <span class='ocr_line' id='line_1_77' title="bbox 298 4650 1961 4724; baseline -0.001 -15"><span class='ocrx_word' id='word_1_509' title='bbox 298 4651 606 4724; x_wconf 86' lang='lat' dir='ltr'>partibus,</span> <span class='ocrx_word' id='word_1_510' title='bbox 636 4650 845 4722; x_wconf 69' lang='lat' dir='ltr'>turbm,</span> <span class='ocrx_word' id='word_1_511' title='bbox 879 4650 1220 4721; x_wconf 87' lang='lat' dir='ltr'>seditiones,</span> <span class='ocrx_word' id='word_1_512' title='bbox 1251 4650 1545 4706; x_wconf 89' lang='lat' dir='ltr'>tumultus</span> <span class='ocrx_word' id='word_1_513' title='bbox 1572 4651 1961 4707; x_wconf 88' lang='lat' dir='ltr'>oborirentur.</span> 
     </span>
    </p>
   </div>
   <div class='ocr_carea' id='block_1_78' title="bbox 2073 3491 3720 3566">
    <p class='ocr_par' dir='ltr' id='par_1_78' title="bbox 2073 3491 3720 3566">
     <span class='ocr_line' id='line_1_78' title="bbox 2073 3491 3720 3566; baseline 0.001 -19"><span class='ocrx_word' id='word_1_514' title='bbox 2073 3492 2239 3547; x_wconf 90' lang='lat' dir='ltr'>bium</span> <span class='ocrx_word' id='word_1_515' title='bbox 2270 3492 2576 3558; x_wconf 86' lang='lat' dir='ltr'>duntaxat,</span> <span class='ocrx_word' id='word_1_516' title='bbox 2611 3492 2711 3546; x_wconf 89' lang='lat' dir='ltr'>sed</span> <span class='ocrx_word' id='word_1_517' title='bbox 2744 3491 2919 3546; x_wconf 88' lang='lat' dir='ltr'>etiam</span> <span class='ocrx_word' id='word_1_518' title='bbox 2951 3491 3010 3545; x_wconf 93' lang='lat' dir='ltr'>in</span> <span class='ocrx_word' id='word_1_519' title='bbox 3043 3491 3445 3564; x_wconf 88' lang='lat' dir='ltr'>Patrophilum</span> <span class='ocrx_word' id='word_1_520' title='bbox 3478 3492 3720 3566; x_wconf 89' lang='lat' dir='ltr'>Scytho-</span> 
     </span>
    </p>
   </div>
   <div class='ocr_carea' id='block_1_79' title="bbox 2074 3579 3719 3653">
    <p class='ocr_par' dir='ltr' id='par_1_79' title="bbox 2074 3579 3719 3653">
     <span class='ocr_line' id='line_1_79' title="bbox 2074 3579 3719 3653; baseline 0.002 -18"><span class='ocrx_word' id='word_1_521' title='bbox 2074 3580 2405 3653; x_wconf 87' lang='lat' dir='ltr'>politanum</span> <span class='ocrx_word' id='word_1_522' title='bbox 2438 3585 2494 3635; x_wconf 88' lang='lat' dir='ltr'>et</span> <span class='ocrx_word' id='word_1_523' title='bbox 2523 3579 2835 3636; x_wconf 88' lang='lat' dir='ltr'>Paulinum</span> <span class='ocrx_word' id='word_1_524' title='bbox 2866 3580 3106 3653; x_wconf 90' lang='lat' dir='ltr'>Tyrium</span> <span class='ocrx_word' id='word_1_525' title='bbox 3160 3581 3440 3638; x_wconf 88' lang='lat' dir='ltr'>acerrime</span> <span class='ocrx_word' id='word_1_526' title='bbox 3485 3582 3719 3639; x_wconf 86' lang='lat' dir='ltr'>invebe-</span> 
     </span>
    </p>
   </div>
   <div class='ocr_carea' id='block_1_80' title="bbox 2072 3668 3720 3745">
    <p class='ocr_par' dir='ltr' id='par_1_80' title="bbox 2072 3668 3720 3745">
     <span class='ocr_line' id='line_1_80' title="bbox 2072 3668 3720 3745; baseline 0.002 -20"><span class='ocrx_word' id='word_1_527' title='bbox 2072 3671 2267 3725; x_wconf 90' lang='lat' dir='ltr'>batur.</span> <span class='ocrx_word' id='word_1_528' title='bbox 2302 3670 2404 3725; x_wconf 86' lang='lat' dir='ltr'>Hic</span> <span class='ocrx_word' id='word_1_529' title='bbox 2430 3669 2659 3725; x_wconf 90' lang='lat' dir='ltr'>accensi</span> <span class='ocrx_word' id='word_1_530' title='bbox 2684 3668 2946 3724; x_wconf 89' lang='lat' dir='ltr'>veritatis</span> <span class='ocrx_word' id='word_1_531' title='bbox 2979 3670 3201 3737; x_wconf 85' lang='lat' dir='ltr'>hostes,</span> <span class='ocrx_word' id='word_1_532' title='bbox 3237 3688 3351 3743; x_wconf 92' lang='lat' dir='ltr'>quo</span> <span class='ocrx_word' id='word_1_533' title='bbox 3382 3672 3570 3727; x_wconf 91' lang='lat' dir='ltr'>virum</span> <span class='ocrx_word' id='word_1_534' title='bbox 3618 3690 3720 3745; x_wconf 92' lang='lat' dir='ltr'>pa-</span> 
     </span>
    </p>
   </div>
   <div class='ocr_carea' id='block_1_81' title="bbox 2074 3758 3723 3833">
    <p class='ocr_par' dir='ltr' id='par_1_81' title="bbox 2074 3758 3723 3833">
     <span class='ocr_line' id='line_1_81' title="bbox 2074 3758 3723 3833; baseline 0.002 -19"><span class='ocrx_word' id='word_1_535' title='bbox 2074 3760 2184 3815; x_wconf 88' lang='lat' dir='ltr'>trio</span> <span class='ocrx_word' id='word_1_536' title='bbox 2209 3760 2332 3815; x_wconf 90' lang='lat' dir='ltr'>solo</span> <span class='ocrx_word' id='word_1_537' title='bbox 2363 3764 2420 3815; x_wconf 90' lang='lat' dir='ltr'>et</span> <span class='ocrx_word' id='word_1_538' title='bbox 2450 3758 2709 3814; x_wconf 86' lang='lat' dir='ltr'>Ecclesia</span> <span class='ocrx_word' id='word_1_539' title='bbox 2763 3759 3160 3828; x_wconf 85' lang='lat' dir='ltr'>exturbarent,</span> <span class='ocrx_word' id='word_1_540' title='bbox 3210 3759 3457 3816; x_wconf 87' lang='lat' dir='ltr'>insidias</span> <span class='ocrx_word' id='word_1_541' title='bbox 3514 3766 3723 3833; x_wconf 86' lang='lat' dir='ltr'>parant</span> 
     </span>
    </p>
   </div>
   <div class='ocr_carea' id='block_1_82' title="bbox 2074 3848 3722 3923">
    <p class='ocr_par' dir='ltr' id='par_1_82' title="bbox 2074 3848 3722 3923">
     <span class='ocr_line' id='line_1_82' title="bbox 2074 3848 3722 3923; baseline 0.001 -18"><span class='ocrx_word' id='word_1_542' title='bbox 2074 3853 2131 3905; x_wconf 91' lang='lat' dir='ltr'>et</span> <span class='ocrx_word' id='word_1_543' title='bbox 2161 3849 2409 3904; x_wconf 84' lang='lat' dir='ltr'>crimina</span> <span class='ocrx_word' id='word_1_544' title='bbox 2438 3848 2982 3905; x_wconf 88' lang='lat' dir='ltr'>comminiscuntur.</span> <span class='ocrx_word' id='word_1_545' title='bbox 3021 3850 3181 3914; x_wconf 90' lang='lat' dir='ltr'>Quod</span> <span class='ocrx_word' id='word_1_546' title='bbox 3214 3849 3515 3905; x_wconf 69' lang='lat' dir='ltr'>calumniae</span> <span class='ocrx_word' id='word_1_547' title='bbox 3537 3866 3722 3923; x_wconf 88' lang='lat' dir='ltr'>genus</span> 
     </span>
    </p>
   </div>
   <div class='ocr_carea' id='block_1_83' title="bbox 2076 3936 3722 4009">
    <p class='ocr_par' dir='ltr' id='par_1_83' title="bbox 2076 3936 3722 4009">
     <span class='ocr_line' id='line_1_83' title="bbox 2076 3936 3722 4009; baseline 0.001 -15"><span class='ocrx_word' id='word_1_548' title='bbox 2076 3940 2428 3995; x_wconf 91' lang='lat' dir='ltr'>adornatum</span> <span class='ocrx_word' id='word_1_549' title='bbox 2455 3939 2515 3993; x_wconf 89' lang='lat' dir='ltr'>in</span> <span class='ocrx_word' id='word_1_550' title='bbox 2572 3936 2940 3993; x_wconf 83' lang='lat' dir='ltr'>Eustathium</span> <span class='ocrx_word' id='word_1_551' title='bbox 2992 3937 3186 4004; x_wconf 88' lang='lat' dir='ltr'>fuerit,</span> <span class='ocrx_word' id='word_1_552' title='bbox 3239 3955 3436 4009; x_wconf 67' lang='lat' dir='ltr'>quaeve</span> <span class='ocrx_word' id='word_1_553' title='bbox 3494 3941 3722 3997; x_wconf 90' lang='lat' dir='ltr'>occasio</span> 
     </span>
    </p>
   </div>
   <div class='ocr_carea' id='block_1_84' title="bbox 2073 4026 3726 4100">
    <p class='ocr_par' dir='ltr' id='par_1_84' title="bbox 2073 4026 3726 4100">
     <span class='ocr_line' id='line_1_84' title="bbox 2073 4026 3726 4100; baseline 0.001 -16"><span class='ocrx_word' id='word_1_554' title='bbox 2073 4028 2159 4084; x_wconf 90' lang='lat' dir='ltr'>illi</span> <span class='ocrx_word' id='word_1_555' title='bbox 2192 4028 2565 4093; x_wconf 88' lang='lat' dir='ltr'>calamitatis,</span> <span class='ocrx_word' id='word_1_556' title='bbox 2601 4044 2716 4082; x_wconf 90' lang='lat' dir='ltr'>non</span> <span class='ocrx_word' id='word_1_557' title='bbox 2748 4026 3015 4083; x_wconf 83' lang='lat' dir='ltr'>convenit</span> <span class='ocrx_word' id='word_1_558' title='bbox 3044 4027 3198 4083; x_wconf 91' lang='lat' dir='ltr'>inter</span> <span class='ocrx_word' id='word_1_559' title='bbox 3252 4030 3586 4100; x_wconf 90' lang='lat' dir='ltr'>scriptores.</span> <span class='ocrx_word' id='word_1_560' title='bbox 3636 4030 3726 4086; x_wconf 86' lang='lat' dir='ltr'>Ait</span> 
     </span>
    </p>
   </div>
   <div class='ocr_carea' id='block_1_85' title="bbox 2073 4116 3722 4189">
    <p class='ocr_par' dir='ltr' id='par_1_85' title="bbox 2073 4116 3722 4189">
     <span class='ocr_line' id='line_1_85' title="bbox 2073 4116 3722 4189; baseline 0 -15"><span class='ocrx_word' id='word_1_561' title='bbox 2073 4117 2433 4174; x_wconf 87' lang='lat' dir='ltr'>Athanasius</span> <span class='ocrx_word' id='word_1_562' title='bbox 2465 4117 2557 4189; x_wconf 78' lang='grc' dir='ltr'>(θ),</span> <span class='ocrx_word' id='word_1_563' title='bbox 2591 4118 2662 4172; x_wconf 91' lang='lat' dir='ltr'>ad</span> <span class='ocrx_word' id='word_1_564' title='bbox 2698 4116 3110 4189; x_wconf 87' lang='lat' dir='ltr'>imperatorem</span> <span class='ocrx_word' id='word_1_565' title='bbox 3142 4121 3483 4173; x_wconf 86' lang='lat' dir='ltr'>accusatum</span> <span class='ocrx_word' id='word_1_566' title='bbox 3517 4119 3722 4174; x_wconf 90' lang='lat' dir='ltr'>Eusta-</span> 
     </span>
    </p>
   </div>
   <div class='ocr_carea' id='block_1_86' title="bbox 2074 4205 3727 4279">
    <p class='ocr_par' dir='ltr' id='par_1_86' title="bbox 2074 4205 3727 4279">
     <span class='ocr_line' id='line_1_86' title="bbox 2074 4205 3727 4279; baseline 0 -16"><span class='ocrx_word' id='word_1_567' title='bbox 2074 4207 2268 4263; x_wconf 88' lang='lat' dir='ltr'>thium</span> <span class='ocrx_word' id='word_1_568' title='bbox 2301 4206 2567 4279; x_wconf 67' lang='lat' dir='ltr'>irrogataz</span> <span class='ocrx_word' id='word_1_569' title='bbox 2602 4207 2773 4260; x_wconf 86' lang='lat' dir='ltr'>matri</span> <span class='ocrx_word' id='word_1_570' title='bbox 2799 4206 2985 4278; x_wconf 88' lang='lat' dir='ltr'>ipsius</span> <span class='ocrx_word' id='word_1_571' title='bbox 3016 4205 3404 4273; x_wconf 70' lang='lat' dir='ltr'>contumeliae,</span> <span class='ocrx_word' id='word_1_572' title='bbox 3437 4206 3602 4263; x_wconf 90' lang='lat' dir='ltr'>nulla</span> <span class='ocrx_word' id='word_1_573' title='bbox 3642 4209 3727 4263; x_wconf 91' lang='lat' dir='ltr'>in-</span> 
     </span>
    </p>
   </div>
   <div class='ocr_carea' id='block_1_87' title="bbox 2073 4293 3725 4368">
    <p class='ocr_par' dir='ltr' id='par_1_87' title="bbox 2073 4293 3725 4368">
     <span class='ocr_line' id='line_1_87' title="bbox 2073 4293 3725 4368; baseline 0 -16"><span class='ocrx_word' id='word_1_574' title='bbox 2073 4296 2357 4368; x_wconf 90' lang='lat' dir='ltr'>terposita</span> <span class='ocrx_word' id='word_1_575' title='bbox 2392 4311 2559 4349; x_wconf 91' lang='lat' dir='ltr'>mora</span> <span class='ocrx_word' id='word_1_576' title='bbox 2590 4294 2649 4349; x_wconf 91' lang='lat' dir='ltr'>in</span> <span class='ocrx_word' id='word_1_577' title='bbox 2683 4293 2954 4349; x_wconf 90' lang='lat' dir='ltr'>exsilium</span> <span class='ocrx_word' id='word_1_578' title='bbox 2979 4298 3174 4350; x_wconf 89' lang='lat' dir='ltr'>actum</span> <span class='ocrx_word' id='word_1_579' title='bbox 3204 4295 3384 4351; x_wconf 89' lang='lat' dir='ltr'>fuisse</span> <span class='ocrx_word' id='word_1_580' title='bbox 3414 4313 3547 4352; x_wconf 91' lang='lat' dir='ltr'>cum</span> <span class='ocrx_word' id='word_1_581' title='bbox 3594 4313 3725 4352; x_wconf 87' lang='lat' dir='ltr'>ma-</span> 
     </span>
    </p>
   </div>
   <div class='ocr_carea' id='block_1_88' title="bbox 2076 4383 3725 4459">
    <p class='ocr_par' dir='ltr' id='par_1_88' title="bbox 2076 4383 3725 4459">
     <span class='ocr_line' id='line_1_88' title="bbox 2076 4383 3725 4459; baseline 0.001 -18"><span class='ocrx_word' id='word_1_582' title='bbox 2076 4403 2192 4459; x_wconf 89' lang='lat' dir='ltr'>gna</span> <span class='ocrx_word' id='word_1_583' title='bbox 2244 4383 2660 4440; x_wconf 89' lang='lat' dir='ltr'>comitantium</span> <span class='ocrx_word' id='word_1_584' title='bbox 2706 4384 3183 4455; x_wconf 88' lang='lat' dir='ltr'>presbyterorum</span> <span class='ocrx_word' id='word_1_585' title='bbox 3237 4389 3294 4440; x_wconf 92' lang='lat' dir='ltr'>et</span> <span class='ocrx_word' id='word_1_586' title='bbox 3340 4385 3725 4443; x_wconf 89' lang='lat' dir='ltr'>diaconorum</span> 
     </span>
    </p>
   </div>
   <div class='ocr_carea' id='block_1_89' title="bbox 2074 4473 3723 4545">
    <p class='ocr_par' dir='ltr' id='par_1_89' title="bbox 2074 4473 3723 4545">
     <span class='ocr_line' id='line_1_89' title="bbox 2074 4473 3723 4545; baseline 0 -15"><span class='ocrx_word' id='word_1_587' title='bbox 2074 4473 2429 4545; x_wconf 75' lang='lat' dir='ltr'>frequentia.</span> <span class='ocrx_word' id='word_1_588' title='bbox 2453 4477 2715 4528; x_wconf 88' lang='lat' dir='ltr'>Socrates</span> <span class='ocrx_word' id='word_1_589' title='bbox 2747 4476 2942 4528; x_wconf 90' lang='lat' dir='ltr'>autem</span> <span class='ocrx_word' id='word_1_590' title='bbox 2976 4474 3032 4527; x_wconf 91' lang='lat' dir='ltr'>et</span> <span class='ocrx_word' id='word_1_591' title='bbox 3074 4474 3438 4531; x_wconf 89' lang='lat' dir='ltr'>Sozomenus</span> <span class='ocrx_word' id='word_1_592' title='bbox 3460 4479 3723 4544; x_wconf 88' lang='lat' dir='ltr'>narrant,</span> 
     </span>
    </p>
   </div>
   <div class='ocr_carea' id='block_1_90' title="bbox 2077 4560 3725 4637">
    <p class='ocr_par' dir='ltr' id='par_1_90' title="bbox 2077 4560 3725 4637">
     <span class='ocr_line' id='line_1_90' title="bbox 2077 4560 3725 4637; baseline 0.002 -19"><span class='ocrx_word' id='word_1_593' title='bbox 2077 4563 2210 4618; x_wconf 93' lang='lat' dir='ltr'>odio</span> <span class='ocrx_word' id='word_1_594' title='bbox 2245 4563 2561 4634; x_wconf 84' lang='lat' dir='ltr'>ﬂagrantes</span> <span class='ocrx_word' id='word_1_595' title='bbox 2582 4561 2963 4629; x_wconf 89' lang='lat' dir='ltr'>Eusebianos,</span> <span class='ocrx_word' id='word_1_596' title='bbox 2999 4560 3371 4619; x_wconf 88' lang='lat' dir='ltr'>Eustathium</span> <span class='ocrx_word' id='word_1_597' title='bbox 3394 4563 3452 4618; x_wconf 92' lang='lat' dir='ltr'>in</span> <span class='ocrx_word' id='word_1_598' title='bbox 3503 4566 3725 4637; x_wconf 90' lang='lat' dir='ltr'>synodo</span> 
     </span>
    </p>
   </div>
   <div class='ocr_carea' id='block_1_91' title="bbox 2072 4650 3721 4723">
    <p class='ocr_par' dir='ltr' id='par_1_91' title="bbox 2072 4650 3721 4723">
     <span class='ocr_line' id='line_1_91' title="bbox 2072 4650 3721 4723; baseline 0.001 -15"><span class='ocrx_word' id='word_1_599' title='bbox 2072 4651 2390 4708; x_wconf 60' lang='lat' dir='ltr'>Antiochiae</span> <span class='ocrx_word' id='word_1_600' title='bbox 2423 4650 2713 4707; x_wconf 86' lang='lat' dir='ltr'>celebrata</span> <span class='ocrx_word' id='word_1_601' title='bbox 2751 4650 3075 4717; x_wconf 88' lang='lat' dir='ltr'>abdicasse,</span> <span class='ocrx_word' id='word_1_602' title='bbox 3104 4666 3237 4705; x_wconf 89' lang='lat' dir='ltr'>cum</span> <span class='ocrx_word' id='word_1_603' title='bbox 3263 4651 3721 4723; x_wconf 90' lang='lat' dir='ltr'>Sabellianismi,</span> 
     </span>
    </p>
   </div>
   <div class='ocr_carea' id='block_1_92' title="bbox 300 4740 3724 4815">
    <p class='ocr_par' dir='ltr' id='par_1_92' title="bbox 300 4740 3724 4815">
     <span class='ocr_line' id='line_1_92' title="bbox 300 4740 3724 4815; baseline 0 -18"><span class='ocrx_word' id='word_1_604' title='bbox 300 4740 488 4806; x_wconf 87' lang='lat' dir='ltr'>Queis</span> <span class='ocrx_word' id='word_1_605' title='bbox 519 4755 687 4811; x_wconf 85' lang='lat' dir='ltr'>porro</span> <span class='ocrx_word' id='word_1_606' title='bbox 720 4740 967 4809; x_wconf 86' lang='lat' dir='ltr'>artibus,</span> <span class='ocrx_word' id='word_1_607' title='bbox 999 4757 1118 4812; x_wconf 88' lang='lat' dir='ltr'>qua</span> <span class='ocrx_word' id='word_1_608' title='bbox 1147 4740 1570 4812; x_wconf 82' lang='lat' dir='ltr'>ratione,cujus</span> <span class='ocrx_word' id='word_1_609' title='bbox 1601 4757 1777 4812; x_wconf 90' lang='lat' dir='ltr'>opera</span> <span class='ocrx_word' id='word_1_610' title='bbox 1836 4740 1961 4794; x_wconf 89' lang='lat' dir='ltr'>red-</span> <span class='ocrx_word' id='word_1_611' title='bbox 1995 4753 2041 4815; x_wconf 83' lang='lat' dir='ltr'><strong>D</strong></span> <span class='ocrx_word' id='word_1_612' title='bbox 2074 4747 2202 4798; x_wconf 90' lang='lat' dir='ltr'>tum</span> <span class='ocrx_word' id='word_1_613' title='bbox 2226 4741 2376 4797; x_wconf 92' lang='lat' dir='ltr'>alius</span> <span class='ocrx_word' id='word_1_614' title='bbox 2400 4740 2664 4796; x_wconf 89' lang='lat' dir='ltr'>criminis</span> <span class='ocrx_word' id='word_1_615' title='bbox 2696 4757 2809 4795; x_wconf 92' lang='lat' dir='ltr'>non</span> <span class='ocrx_word' id='word_1_616' title='bbox 2844 4740 3206 4796; x_wconf 89' lang='lat' dir='ltr'>memorandi</span> <span class='ocrx_word' id='word_1_617' title='bbox 3260 4756 3459 4798; x_wconf 89' lang='lat' dir='ltr'>causa.</span> <span class='ocrx_word' id='word_1_618' title='bbox 3507 4742 3724 4798; x_wconf 83' lang='lat' dir='ltr'>Verum</span> 
     </span>
    </p>
   </div>
   <div class='ocr_carea' id='block_1_93' title="bbox 300 4828 1963 4902">
    <p class='ocr_par' dir='ltr' id='par_1_93' title="bbox 300 4828 1963 4902">
     <span class='ocr_line' id='line_1_93' title="bbox 300 4828 1963 4902; baseline -0.001 -16"><span class='ocrx_word' id='word_1_619' title='bbox 300 4828 535 4886; x_wconf 90' lang='lat' dir='ltr'>deundi</span> <span class='ocrx_word' id='word_1_620' title='bbox 588 4830 821 4885; x_wconf 89' lang='lat' dir='ltr'>veniam</span> <span class='ocrx_word' id='word_1_621' title='bbox 871 4828 1221 4901; x_wconf 89' lang='lat' dir='ltr'>impetrarit,</span> <span class='ocrx_word' id='word_1_622' title='bbox 1254 4830 1576 4902; x_wconf 89' lang='lat' dir='ltr'>ignoratur.</span> <span class='ocrx_word' id='word_1_623' title='bbox 1610 4830 1807 4901; x_wconf 89' lang='lat' dir='ltr'>Neque</span> <span class='ocrx_word' id='word_1_624' title='bbox 1883 4830 1963 4884; x_wconf 90' lang='lat' dir='ltr'>ita</span> 
     </span>
    </p>
   </div>
   <div class='ocr_carea' id='block_1_94' title="bbox 298 4917 1962 4990">
    <p class='ocr_par' dir='ltr' id='par_1_94' title="bbox 298 4917 1962 4990">
     <span class='ocr_line' id='line_1_94' title="bbox 298 4917 1962 4990; baseline 0.001 -17"><span class='ocrx_word' id='word_1_625' title='bbox 298 4918 500 4974; x_wconf 89' lang='lat' dir='ltr'>multo</span> <span class='ocrx_word' id='word_1_626' title='bbox 533 4923 665 4990; x_wconf 91' lang='lat' dir='ltr'>post</span> <span class='ocrx_word' id='word_1_627' title='bbox 696 4918 987 4974; x_wconf 88' lang='lat' dir='ltr'>Eusebius</span> <span class='ocrx_word' id='word_1_628' title='bbox 1020 4935 1085 4974; x_wconf 89' lang='lat' dir='ltr'>ac</span> <span class='ocrx_word' id='word_1_629' title='bbox 1145 4917 1503 4990; x_wconf 89' lang='lat' dir='ltr'>Theognius,</span> <span class='ocrx_word' id='word_1_630' title='bbox 1564 4918 1962 4974; x_wconf 90' lang='lat' dir='ltr'>circumvento</span> 
     </span>
    </p>
   </div>
   <div class='ocr_carea' id='block_1_95' title="bbox 299 5005 1960 5078">
    <p class='ocr_par' dir='ltr' id='par_1_95' title="bbox 299 5005 1960 5078">
     <span class='ocr_line' id='line_1_95' title="bbox 299 5005 1960 5078; baseline 0 -16"><span class='ocrx_word' id='word_1_631' title='bbox 299 5005 501 5062; x_wconf 87' lang='lat' dir='ltr'>solitis</span> <span class='ocrx_word' id='word_1_632' title='bbox 534 5005 843 5061; x_wconf 86' lang='lat' dir='ltr'>fraudibus</span> <span class='ocrx_word' id='word_1_633' title='bbox 870 5010 1046 5077; x_wconf 89' lang='lat' dir='ltr'>atque</span> <span class='ocrx_word' id='word_1_634' title='bbox 1067 5006 1217 5061; x_wconf 92' lang='lat' dir='ltr'>dolis</span> <span class='ocrx_word' id='word_1_635' title='bbox 1248 5006 1703 5078; x_wconf 77' lang='lat' dir='ltr'>imperatore(c),</span> <span class='ocrx_word' id='word_1_636' title='bbox 1736 5006 1960 5062; x_wconf 88' lang='lat' dir='ltr'>oblato—</span> 
     </span>
    </p>
   </div>
   <div class='ocr_carea' id='block_1_96' title="bbox 304 5094 1961 5167">
    <p class='ocr_par' dir='ltr' id='par_1_96' title="bbox 304 5094 1961 5167">
     <span class='ocr_line' id='line_1_96' title="bbox 304 5094 1961 5167; baseline -0.001 -16"><span class='ocrx_word' id='word_1_637' title='bbox 304 5112 424 5167; x_wconf 88' lang='lat' dir='ltr'>que</span> <span class='ocrx_word' id='word_1_638' title='bbox 456 5094 867 5167; x_wconf 90' lang='lat' dir='ltr'>episcoporum</span> <span class='ocrx_word' id='word_1_639' title='bbox 902 5095 1272 5167; x_wconf 89' lang='lat' dir='ltr'>principibus</span> <span class='ocrx_word' id='word_1_640' title='bbox 1305 5096 1447 5149; x_wconf 83' lang='lat' dir='ltr'>ﬁctae</span> <span class='ocrx_word' id='word_1_641' title='bbox 1497 5095 1851 5167; x_wconf 70' lang='lat' dir='ltr'>pmnitentize</span> <span class='ocrx_word' id='word_1_642' title='bbox 1895 5095 1961 5150; x_wconf 92' lang='lat' dir='ltr'>li-</span> 
     </span>
    </p>
   </div>
   <div class='ocr_carea' id='block_1_97' title="bbox 299 5183 1961 5256">
    <p class='ocr_par' dir='ltr' id='par_1_97' title="bbox 299 5183 1961 5256">
     <span class='ocr_line' id='line_1_97' title="bbox 299 5183 1961 5256; baseline 0.001 -17"><span class='ocrx_word' id='word_1_643' title='bbox 299 5183 484 5251; x_wconf 90' lang='lat' dir='ltr'>bello,</span> <span class='ocrx_word' id='word_1_644' title='bbox 518 5184 686 5240; x_wconf 91' lang='lat' dir='ltr'>acciti</span> <span class='ocrx_word' id='word_1_645' title='bbox 716 5189 772 5239; x_wconf 90' lang='lat' dir='ltr'>et</span> <span class='ocrx_word' id='word_1_646' title='bbox 811 5184 869 5238; x_wconf 91' lang='lat' dir='ltr'>in</span> <span class='ocrx_word' id='word_1_647' title='bbox 931 5185 1198 5256; x_wconf 90' lang='lat' dir='ltr'>proprias</span> <span class='ocrx_word' id='word_1_648' title='bbox 1256 5184 1426 5240; x_wconf 85' lang='lat' dir='ltr'>sedes</span> <span class='ocrx_word' id='word_1_649' title='bbox 1488 5185 1742 5239; x_wconf 87' lang='lat' dir='ltr'>restituti</span> <span class='ocrx_word' id='word_1_650' title='bbox 1804 5190 1961 5240; x_wconf 90' lang='lat' dir='ltr'>sunt.</span> 
     </span>
    </p>
   </div>
   <div class='ocr_carea' id='block_1_98' title="bbox 299 5272 1963 5345">
    <p class='ocr_par' dir='ltr' id='par_1_98' title="bbox 299 5272 1963 5345">
     <span class='ocr_line' id='line_1_98' title="bbox 299 5272 1963 5345; baseline 0.002 -18"><span class='ocrx_word' id='word_1_651' title='bbox 299 5272 513 5329; x_wconf 86' lang='lat' dir='ltr'>Exstat</span> <span class='ocrx_word' id='word_1_652' title='bbox 541 5272 725 5329; x_wconf 88' lang='lat' dir='ltr'>libelli</span> <span class='ocrx_word' id='word_1_653' title='bbox 750 5272 1086 5345; x_wconf 90' lang='lat' dir='ltr'>exemplum</span> <span class='ocrx_word' id='word_1_654' title='bbox 1118 5274 1272 5344; x_wconf 90' lang='lat' dir='ltr'>apud</span> <span class='ocrx_word' id='word_1_655' title='bbox 1305 5273 1623 5339; x_wconf 87' lang='lat' dir='ltr'>Socratem,</span> <span class='ocrx_word' id='word_1_656' title='bbox 1665 5290 1780 5345; x_wconf 87' lang='lat' dir='ltr'>quo</span> <span class='ocrx_word' id='word_1_657' title='bbox 1826 5292 1963 5344; x_wconf 85' lang='lat' dir='ltr'>que-</span> 
     </span>
    </p>
   </div>
   <div class='ocr_carea' id='block_1_99' title="bbox 298 5362 1966 5436">
    <p class='ocr_par' dir='ltr' id='par_1_99' title="bbox 298 5362 1966 5436">
     <span class='ocr_line' id='line_1_99' title="bbox 298 5362 1966 5436; baseline 0.001 -19"><span class='ocrx_word' id='word_1_658' title='bbox 298 5366 526 5417; x_wconf 89' lang='lat' dir='ltr'>runtur</span> <span class='ocrx_word' id='word_1_659' title='bbox 556 5362 641 5417; x_wconf 93' lang='lat' dir='ltr'>illi</span> <span class='ocrx_word' id='word_1_660' title='bbox 674 5378 738 5418; x_wconf 92' lang='lat' dir='ltr'>se</span> <span class='ocrx_word' id='word_1_661' title='bbox 765 5362 986 5436; x_wconf 88' lang='lat' dir='ltr'>indicta</span> <span class='ocrx_word' id='word_1_662' title='bbox 1015 5379 1194 5418; x_wconf 88' lang='lat' dir='ltr'>causa</span> <span class='ocrx_word' id='word_1_663' title='bbox 1223 5362 1295 5417; x_wconf 91' lang='lat' dir='ltr'>ab</span> <span class='ocrx_word' id='word_1_664' title='bbox 1322 5362 1611 5435; x_wconf 89' lang='lat' dir='ltr'>episcopis</span> <span class='ocrx_word' id='word_1_665' title='bbox 1655 5363 1966 5418; x_wconf 89' lang='lat' dir='ltr'>damnatos</span> 
     </span>
    </p>
   </div>
   <div class='ocr_carea' id='block_1_100' title="bbox 298 5450 1966 5524">
    <p class='ocr_par' dir='ltr' id='par_1_100' title="bbox 298 5450 1966 5524">
     <span class='ocr_line' id='line_1_100' title="bbox 298 5450 1966 5524; baseline 0.001 -18"><span class='ocrx_word' id='word_1_666' title='bbox 298 5451 365 5507; x_wconf 91' lang='lat' dir='ltr'>in</span> <span class='ocrx_word' id='word_1_667' title='bbox 397 5450 796 5524; x_wconf 87' lang='lat' dir='ltr'>exsiliumque</span> <span class='ocrx_word' id='word_1_668' title='bbox 817 5450 1335 5523; x_wconf 80' lang='lat' dir='ltr'>pulsos,suffragia</span> <span class='ocrx_word' id='word_1_669' title='bbox 1354 5456 1549 5508; x_wconf 90' lang='lat' dir='ltr'>tamen</span> <span class='ocrx_word' id='word_1_670' title='bbox 1571 5451 1817 5507; x_wconf 57' lang='lat' dir='ltr'>Nicanae</span> <span class='ocrx_word' id='word_1_671' title='bbox 1832 5451 1966 5508; x_wconf 80' lang='lat' dir='ltr'>fidei</span> 
     </span>
    </p>
   </div>
   <div class='ocr_carea' id='block_1_101' title="bbox 369 5627 1606 5771">
    <p class='ocr_par' dir='ltr' id='par_1_101' title="bbox 369 5627 1606 5771">
     <span class='ocr_line' id='line_1_101' title="bbox 369 5627 1606 5771; baseline 0.002 -89"><span class='ocrx_word' id='word_1_672' title='bbox 369 5627 463 5771; x_wconf 52' lang='grc' dir='ltr'>ἔα)</span> <span class='ocrx_word' id='word_1_673' title='bbox 495 5627 619 5683; x_wconf 81' lang='lat' dir='ltr'>Vita</span> <span class='ocrx_word' id='word_1_674' title='bbox 650 5628 938 5684; x_wconf 87' lang='lat' dir='ltr'>Pachomii</span> <span class='ocrx_word' id='word_1_675' title='bbox 967 5628 1025 5683; x_wconf 90' lang='lat' dir='ltr'>in</span> <span class='ocrx_word' id='word_1_676' title='bbox 1054 5629 1199 5683; x_wconf 80' lang='lat' dir='ltr'>Actis</span> <span class='ocrx_word' id='word_1_677' title='bbox 1229 5628 1323 5685; x_wconf 89' lang='lat' dir='ltr'>SS.</span> <span class='ocrx_word' id='word_1_678' title='bbox 1361 5629 1428 5683; x_wconf 84' lang='grc'>14</span> <span class='ocrx_word' id='word_1_679' title='bbox 1450 5629 1606 5684; x_wconf 90' lang='lat' dir='ltr'>Maii.</span> 
     </span>
     <span class='ocr_line' id='line_1_102' title="bbox 398 5699 1606 5771; baseline 0.002 -18"><span class='ocrx_word' id='word_1_680' title='bbox 398 5700 457 5769; x_wconf 85' lang='lat' dir='ltr'>b)</span> <span class='ocrx_word' id='word_1_681' title='bbox 513 5700 736 5756; x_wconf 89' lang='lat' dir='ltr'>Socrat.</span> <span class='ocrx_word' id='word_1_682' title='bbox 786 5700 888 5755; x_wconf 91' lang='lat' dir='ltr'>lib.</span> <span class='ocrx_word' id='word_1_683' title='bbox 940 5718 978 5771; x_wconf 93' lang='lat'>1,</span> <span class='ocrx_word' id='word_1_684' title='bbox 1038 5716 1168 5771; x_wconf 88' lang='lat' dir='ltr'>cap.</span> <span class='ocrx_word' id='word_1_685' title='bbox 1227 5702 1297 5755; x_wconf 78' lang='grc'>24</span> <span class='ocrx_word' id='word_1_686' title='bbox 1356 5717 1370 5767; x_wconf 89' lang='grc'>;</span> <span class='ocrx_word' id='word_1_687' title='bbox 1434 5699 1606 5756; x_wconf 81' lang='lat' dir='ltr'>Sozor</span> 
     </span>
    </p>
   </div>
   <div class='ocr_carea' id='block_1_102' title="bbox 398 5699 1963 5779">
    <p class='ocr_par' dir='ltr' id='par_1_102' title="bbox 398 5699 1963 5779">
     <span class='ocr_line' id='line_1_103' title="bbox 398 5699 1963 5779; baseline 0.002 -26"><span class='ocrx_word' id='word_1_688' title='bbox 398 5700 736 5779; x_wconf 76' lang='lat' dir='ltr'>b)_Socrat.</span> <span class='ocrx_word' id='word_1_689' title='bbox 786 5700 888 5755; x_wconf 91' lang='lat' dir='ltr'>lib.</span> <span class='ocrx_word' id='word_1_690' title='bbox 940 5718 978 5771; x_wconf 93' lang='lat'>1,</span> <span class='ocrx_word' id='word_1_691' title='bbox 1038 5716 1168 5772; x_wconf 88' lang='lat' dir='ltr'>cap.</span> <span class='ocrx_word' id='word_1_692' title='bbox 1227 5702 1297 5779; x_wconf 32' lang='lat'>2&#39;4</span> <span class='ocrx_word' id='word_1_693' title='bbox 1356 5717 1370 5767; x_wconf 88' lang='lat'><strong>;</strong></span> <span class='ocrx_word' id='word_1_694' title='bbox 1434 5699 1662 5756; x_wconf 90' lang='lat' dir='ltr'>Sozom.</span> <span class='ocrx_word' id='word_1_695' title='bbox 1731 5700 1832 5756; x_wconf 93' lang='lat' dir='ltr'>lib.</span> <span class='ocrx_word' id='word_1_696' title='bbox 1900 5719 1963 5771; x_wconf 91' lang='lat'>11,</span> 
     </span>
    </p>
   </div>
   <div class='ocr_carea' id='block_1_103' title="bbox 292 5772 1262 5917">
    <p class='ocr_par' dir='ltr' id='par_1_103' title="bbox 292 5772 1262 5917">
     <span class='ocr_line' id='line_1_104' title="bbox 292 5772 1262 5917; baseline 0.002 -20"><span class='ocrx_word' id='word_1_697' title='bbox 292 5787 453 5915; x_wconf 51' lang='grc' dir='ltr'>ωδ)</span> <span class='ocrx_word' id='word_1_698' title='bbox 479 5772 837 5916; x_wconf 52' lang='lat' dir='ltr'>giiilostorg.</span> <span class='ocrx_word' id='word_1_699' title='bbox 870 5842 910 5901; x_wconf 91' lang='lat' dir='ltr'>l.</span> <span class='ocrx_word' id='word_1_700' title='bbox 943 5860 1006 5914; x_wconf 85' lang='lat'>11,</span> <span class='ocrx_word' id='word_1_701' title='bbox 1040 5860 1170 5917; x_wconf 87' lang='lat' dir='ltr'>cap.</span> <span class='ocrx_word' id='word_1_702' title='bbox 1206 5843 1262 5899; x_wconf 92' lang='lat'>7.</span> 
     </span>
    </p>
   </div>
   <div class='ocr_carea' id='block_1_104' title="bbox 2074 4828 3726 4904">
    <p class='ocr_par' dir='ltr' id='par_1_104' title="bbox 2074 4828 3726 4904">
     <span class='ocr_line' id='line_1_105' title="bbox 2074 4828 3726 4904; baseline 0.002 -18"><span class='ocrx_word' id='word_1_703' title='bbox 2074 4833 2230 4903; x_wconf 91' lang='lat' dir='ltr'>quod</span> <span class='ocrx_word' id='word_1_704' title='bbox 2252 4830 2399 4885; x_wconf 91' lang='lat' dir='ltr'>illud</span> <span class='ocrx_word' id='word_1_705' title='bbox 2450 4829 2625 4884; x_wconf 88' lang='lat' dir='ltr'>fuerit</span> <span class='ocrx_word' id='word_1_706' title='bbox 2679 4828 2899 4884; x_wconf 90' lang='lat' dir='ltr'>crimen</span> <span class='ocrx_word' id='word_1_707' title='bbox 2960 4829 3145 4901; x_wconf 91' lang='lat' dir='ltr'>aperit</span> <span class='ocrx_word' id='word_1_708' title='bbox 3190 4828 3592 4887; x_wconf 86' lang='lat' dir='ltr'>Theodoretus</span> <span class='ocrx_word' id='word_1_709' title='bbox 3635 4833 3726 4904; x_wconf 73' lang='grc' dir='ltr'>(Γ),</span> 
     </span>
    </p>
   </div>
   <div class='ocr_carea' id='block_1_105' title="bbox 2072 4918 3725 4976">
    <p class='ocr_par' dir='ltr' id='par_1_105' title="bbox 2072 4918 3725 4976">
     <span class='ocr_line' id='line_1_106' title="bbox 2072 4918 3725 4976; baseline 0.001 -1"><span class='ocrx_word' id='word_1_710' title='bbox 2072 4919 2396 4975; x_wconf 88' lang='lat' dir='ltr'>Eusebium</span> <span class='ocrx_word' id='word_1_711' title='bbox 2431 4918 2655 4974; x_wconf 89' lang='lat' dir='ltr'>scilicet</span> <span class='ocrx_word' id='word_1_712' title='bbox 2685 4918 3189 4974; x_wconf 88' lang='lat' dir='ltr'>Nicomediensem</span> <span class='ocrx_word' id='word_1_713' title='bbox 3224 4918 3283 4973; x_wconf 90' lang='lat' dir='ltr'>in</span> <span class='ocrx_word' id='word_1_714' title='bbox 3310 4919 3573 4976; x_wconf 91' lang='lat' dir='ltr'>veritatis</span> <span class='ocrx_word' id='word_1_715' title='bbox 3601 4920 3725 4976; x_wconf 88' lang='lat' dir='ltr'>vin-</span> 
     </span>
    </p>
   </div>
   <div class='ocr_carea' id='block_1_106' title="bbox 2074 5006 3726 5076">
    <p class='ocr_par' dir='ltr' id='par_1_106' title="bbox 2074 5006 3726 5076">
     <span class='ocr_line' id='line_1_107' title="bbox 2074 5006 3726 5076; baseline 0 -11"><span class='ocrx_word' id='word_1_716' title='bbox 2074 5010 2232 5065; x_wconf 85' lang='lat' dir='ltr'>dices</span> <span class='ocrx_word' id='word_1_717' title='bbox 2262 5008 2510 5063; x_wconf 88' lang='lat' dir='ltr'>insidias</span> <span class='ocrx_word' id='word_1_718' title='bbox 2548 5007 2972 5076; x_wconf 90' lang='lat' dir='ltr'>machinatum,</span> <span class='ocrx_word' id='word_1_719' title='bbox 2997 5007 3284 5063; x_wconf 91' lang='lat' dir='ltr'>desiderio</span> <span class='ocrx_word' id='word_1_720' title='bbox 3306 5006 3539 5064; x_wconf 91' lang='lat' dir='ltr'>videndi</span> <span class='ocrx_word' id='word_1_721' title='bbox 3566 5010 3726 5065; x_wconf 88' lang='lat' dir='ltr'>Jero-</span> 
     </span>
    </p>
   </div>
   <div class='ocr_carea' id='block_1_107' title="bbox 2074 5096 3727 5171">
    <p class='ocr_par' dir='ltr' id='par_1_107' title="bbox 2074 5096 3727 5171">
     <span class='ocr_line' id='line_1_108' title="bbox 2074 5096 3727 5171; baseline -0.001 -17"><span class='ocrx_word' id='word_1_722' title='bbox 2074 5099 2359 5171; x_wconf 84' lang='lat' dir='ltr'>solymam</span> <span class='ocrx_word' id='word_1_723' title='bbox 2388 5097 2888 5169; x_wconf 87' lang='lat' dir='ltr'>magniﬁcumque</span> <span class='ocrx_word' id='word_1_724' title='bbox 2902 5096 3186 5170; x_wconf 89' lang='lat' dir='ltr'>templum</span> <span class='ocrx_word' id='word_1_725' title='bbox 3210 5097 3282 5153; x_wconf 90' lang='lat' dir='ltr'>ab</span> <span class='ocrx_word' id='word_1_726' title='bbox 3297 5102 3561 5170; x_wconf 88' lang='lat' dir='ltr'>Augusto</span> <span class='ocrx_word' id='word_1_727' title='bbox 3576 5099 3727 5154; x_wconf 85' lang='lat' dir='ltr'>exci-</span> 
     </span>
    </p>
   </div>
   <div class='ocr_carea' id='block_1_108' title="bbox 2074 5185 3726 5259">
    <p class='ocr_par' dir='ltr' id='par_1_108' title="bbox 2074 5185 3726 5259">
     <span class='ocr_line' id='line_1_109' title="bbox 2074 5185 3726 5259; baseline -0.001 -16"><span class='ocrx_word' id='word_1_728' title='bbox 2074 5192 2263 5243; x_wconf 88' lang='lat' dir='ltr'>tatum</span> <span class='ocrx_word' id='word_1_729' title='bbox 2300 5187 2545 5259; x_wconf 87' lang='lat' dir='ltr'>ﬂagrare</span> <span class='ocrx_word' id='word_1_730' title='bbox 2570 5203 2630 5241; x_wconf 91' lang='lat' dir='ltr'>se</span> <span class='ocrx_word' id='word_1_731' title='bbox 2663 5185 3064 5251; x_wconf 89' lang='lat' dir='ltr'>simnlantem,</span> <span class='ocrx_word' id='word_1_732' title='bbox 3097 5186 3726 5242; x_wconf 84' lang='lat' dir='ltr'>Constantinovehicu-</span> 
     </span>
    </p>
   </div>
   <div class='ocr_carea' id='block_1_109' title="bbox 2074 5276 3729 5347">
    <p class='ocr_par' dir='ltr' id='par_1_109' title="bbox 2074 5276 3729 5347">
     <span class='ocr_line' id='line_1_110' title="bbox 2074 5276 3729 5347; baseline -0.001 -15"><span class='ocrx_word' id='word_1_733' title='bbox 2074 5277 2195 5332; x_wconf 91' lang='lat' dir='ltr'>lum</span> <span class='ocrx_word' id='word_1_734' title='bbox 2229 5276 2628 5341; x_wconf 89' lang='lat' dir='ltr'>ministrante,</span> <span class='ocrx_word' id='word_1_735' title='bbox 2653 5292 2718 5330; x_wconf 92' lang='lat' dir='ltr'>eo</span> <span class='ocrx_word' id='word_1_736' title='bbox 2752 5276 3075 5347; x_wconf 85' lang='lat' dir='ltr'>profectum</span> <span class='ocrx_word' id='word_1_737' title='bbox 3109 5292 3236 5330; x_wconf 89' lang='lat' dir='ltr'>esse</span> <span class='ocrx_word' id='word_1_738' title='bbox 3258 5291 3375 5330; x_wconf 91' lang='lat' dir='ltr'>una</span> <span class='ocrx_word' id='word_1_739' title='bbox 3403 5276 3729 5331; x_wconf 89' lang='lat' dir='ltr'>cumTheo-</span> 
     </span>
    </p>
   </div>
   <div class='ocr_carea' id='block_1_110' title="bbox 2075 5363 3726 5437">
    <p class='ocr_par' dir='ltr' id='par_1_110' title="bbox 2075 5363 3726 5437">
     <span class='ocr_line' id='line_1_111' title="bbox 2075 5363 3726 5437; baseline -0.001 -16"><span class='ocrx_word' id='word_1_740' title='bbox 2075 5366 2211 5437; x_wconf 85' lang='lat' dir='ltr'>gnio</span> <span class='ocrx_word' id='word_1_741' title='bbox 2244 5365 2476 5419; x_wconf 72' lang='lat' dir='ltr'>Nicaeno</span> <span class='ocrx_word' id='word_1_742' title='bbox 2524 5364 2977 5437; x_wconf 88' lang='lat' dir='ltr'>conspirationis</span> <span class='ocrx_word' id='word_1_743' title='bbox 3032 5364 3207 5419; x_wconf 91' lang='lat' dir='ltr'>socio.</span> <span class='ocrx_word' id='word_1_744' title='bbox 3259 5363 3482 5428; x_wconf 88' lang='lat' dir='ltr'>Quibus</span> <span class='ocrx_word' id='word_1_745' title='bbox 3532 5365 3726 5420; x_wconf 88' lang='lat' dir='ltr'>Antio-</span> 
     </span>
    </p>
   </div>
   <div class='ocr_carea' id='block_1_111' title="bbox 2075 5451 3730 5525">
    <p class='ocr_par' dir='ltr' id='par_1_111' title="bbox 2075 5451 3730 5525">
     <span class='ocr_line' id='line_1_112' title="bbox 2075 5451 3730 5525; baseline -0.002 -15"><span class='ocrx_word' id='word_1_746' title='bbox 2075 5454 2269 5511; x_wconf 87' lang='lat' dir='ltr'>chiam</span> <span class='ocrx_word' id='word_1_747' title='bbox 2304 5453 2565 5525; x_wconf 88' lang='lat' dir='ltr'>perlatis,</span> <span class='ocrx_word' id='word_1_748' title='bbox 2584 5453 2770 5509; x_wconf 88' lang='lat' dir='ltr'>amice</span> <span class='ocrx_word' id='word_1_749' title='bbox 2795 5456 2852 5509; x_wconf 88' lang='lat' dir='ltr'>et</span> <span class='ocrx_word' id='word_1_750' title='bbox 2881 5453 3124 5509; x_wconf 90' lang='lat' dir='ltr'>comiter</span> <span class='ocrx_word' id='word_1_751' title='bbox 3152 5451 3496 5509; x_wconf 86' lang='lat' dir='ltr'>Eustathius</span> <span class='ocrx_word' id='word_1_752' title='bbox 3514 5452 3730 5525; x_wconf 68' lang='lat' dir='ltr'>praebet</span> 
     </span>
    </p>
   </div>
   <div class='ocr_carea' id='block_1_112' title="bbox 2149 5625 3726 5705">
    <p class='ocr_par' dir='ltr' id='par_1_112' title="bbox 2149 5625 3726 5705">
     <span class='ocr_line' id='line_1_113' title="bbox 2149 5625 3726 5705; baseline -0.004 -17"><span class='ocrx_word' id='word_1_753' title='bbox 2149 5632 2225 5705; x_wconf 80' lang='grc' dir='ltr'>(ά)</span> <span class='ocrx_word' id='word_1_754' title='bbox 2258 5633 2481 5705; x_wconf 59' lang='lat' dir='ltr'>Socrat.</span> <span class='ocrx_word' id='word_1_755' title='bbox 2518 5628 2619 5683; x_wconf 93' lang='lat' dir='ltr'>lib.</span> <span class='ocrx_word' id='word_1_756' title='bbox 2663 5646 2700 5695; x_wconf 84' lang='lat'>1,</span> <span class='ocrx_word' id='word_1_757' title='bbox 2732 5645 2858 5705; x_wconf 59' lang='lat' dir='ltr'>ca_p.</span> <span class='ocrx_word' id='word_1_758' title='bbox 2888 5630 2955 5683; x_wconf 84' lang='grc'>24</span> <span class='ocrx_word' id='word_1_759' title='bbox 2984 5647 2997 5698; x_wconf 91' lang='grc'><strong>;</strong></span> <span class='ocrx_word' id='word_1_760' title='bbox 3030 5631 3253 5686; x_wconf 91' lang='lat' dir='ltr'>Sozom.</span> <span class='ocrx_word' id='word_1_761' title='bbox 3277 5628 3379 5683; x_wconf 90' lang='lat' dir='ltr'>lib.</span> <span class='ocrx_word' id='word_1_762' title='bbox 3405 5644 3468 5695; x_wconf 89' lang='lat'>11,</span> <span class='ocrx_word' id='word_1_763' title='bbox 3500 5625 3726 5697; x_wconf 69' lang='lat' dir='ltr'>capJQ;</span> 
     </span>
    </p>
   </div>
   <div class='ocr_carea' id='block_1_113' title="bbox 2077 5701 2837 5774">
    <p class='ocr_par' dir='ltr' id='par_1_113' title="bbox 2077 5701 2837 5774">
     <span class='ocr_line' id='line_1_114' title="bbox 2077 5701 2837 5774; baseline -0.008 -14"><span class='ocrx_word' id='word_1_764' title='bbox 2077 5701 2428 5774; x_wconf 43' lang='lat' dir='ltr'>Pb&#39;il&#39;ostorg.</span> <span class='ocrx_word' id='word_1_765' title='bbox 2464 5701 2600 5774; x_wconf 88' lang='lat'>1.11,</span> <span class='ocrx_word' id='word_1_766' title='bbox 2624 5701 2837 5774; x_wconf 60' lang='lat' dir='ltr'>cap].</span> 
     </span>
    </p>
   </div>
   <div class='ocr_carea' id='block_1_114' title="bbox 2170 5770 3235 5847">
    <p class='ocr_par' dir='ltr' id='par_1_114' title="bbox 2170 5770 3235 5847">
     <span class='ocr_line' id='line_1_115' title="bbox 2170 5770 3235 5847; baseline -0.001 -17"><span class='ocrx_word' id='word_1_767' title='bbox 2170 5776 2218 5847; x_wconf 92' lang='lat' dir='ltr'>e)</span> <span class='ocrx_word' id='word_1_768' title='bbox 2251 5770 2402 5847; x_wconf 51' lang='lat' dir='ltr'>Hist:</span> <span class='ocrx_word' id='word_1_769' title='bbox 2428 5773 2627 5847; x_wconf 63' lang='lat' dir='ltr'>Ariaa.</span> <span class='ocrx_word' id='word_1_770' title='bbox 2653 5770 2724 5827; x_wconf 76' lang='lat' dir='ltr'>ad</span> <span class='ocrx_word' id='word_1_771' title='bbox 2751 5770 3057 5828; x_wconf 68' lang='lat' dir='ltr'>Monac/tos.</span> <span class='ocrx_word' id='word_1_772' title='bbox 3089 5790 3147 5828; x_wconf 82' lang='grc' dir='ltr'><em>η.</em></span> <span class='ocrx_word' id='word_1_773' title='bbox 3182 5773 3235 5829; x_wconf 88' lang='grc'><strong>4.</strong></span> 
     </span>
    </p>
   </div>
   <div class='ocr_carea' id='block_1_115' title="bbox 2149 5776 2657 5920">
    <p class='ocr_par' dir='ltr' id='par_1_115' title="bbox 2149 5776 2657 5920">
     <span class='ocr_line' id='line_1_116' title="bbox 2170 5776 2657 5847; baseline -0.01 -17"><span class='ocrx_word' id='word_1_774' title='bbox 2170 5776 2218 5847; x_wconf 92' lang='lat' dir='ltr'>e)</span> <span class='ocrx_word' id='word_1_775' title='bbox 2251 5776 2396 5829; x_wconf 78' lang='lat' dir='ltr'>Hist.</span> <span class='ocrx_word' id='word_1_776' title='bbox 2428 5776 2619 5827; x_wconf 85' lang='lat' dir='ltr'>Arian.</span> <span class='ocrx_word' id='word_1_777' title='bbox 2653 5800 2657 5824; x_wconf 71' lang='grc' dir='ltr'>ι</span> 
     </span>
     <span class='ocr_line' id='line_1_117' title="bbox 2149 5776 2657 5920; baseline -0.008 -19"><span class='ocrx_word' id='word_1_778' title='bbox 2149 5776 2216 5920; x_wconf 51' lang='lat' dir='ltr'>if)</span> <span class='ocrx_word' id='word_1_779' title='bbox 2249 5845 2377 5901; x_wconf 91' lang='lat' dir='ltr'>Lib.</span> <span class='ocrx_word' id='word_1_780' title='bbox 2415 5860 2455 5916; x_wconf 93' lang='lat'>1,</span> <span class='ocrx_word' id='word_1_781' title='bbox 2489 5859 2538 5899; x_wconf 92' lang='lat' dir='ltr'>c.</span> <span class='ocrx_word' id='word_1_782' title='bbox 2567 5842 2657 5898; x_wconf 90' lang='grc'>21.</span> 
     </span>
    </p>
   </div>
  </div>
