4170 6378
431 427 614 485 LXXIV

1823 427 2247 491 PROLEGOM
2261 429 2434 492 ENA.

434 548 779 626 hospitium,
813 555 1063 625 Inde,ait
1091 558 1648 626 Theodoretus,cum
1665 560 1732 616 ad
1761 577 1927 617 sacra
1946 559 2073 617 loca
2102 563 2153 630 Α
2187 578 2332 635 pene
2357 561 2642 618 seditione
2669 561 3051 634 conflagravit
3078 557 3832 617 Antiochenacivitas.Fre~

433 645 856 716 pervenissent,
893 649 951 703 in
986 654 1209 720 partem
1243 649 1468 705 consilii
1513 656 1569 705 et
1625 651 2079 722 conspirationis

427 740 640 790 vocant
670 737 985 792 Eusebium
1020 738 1461 805 Caesariensem,
1494 740 1896 811 Patrophilum
1944 745 2076 812 Scy-

431 823 1113 896 thopolitanum,Aetium
1150 829 1902 898 Lyddensem,Theodotun:
1933 830 2076 884 Lao-

432 912 705 968 dicenum
745 931 758 982 ;
792 916 895 985 qui
922 933 1038 970 una
1073 933 1277 971 omnes
1335 925 1649 988 properant
1679 919 2072 972 Antiochiam.

434 1000 516 1054 Ibi
535 1002 821 1057 conducta
834 1003 1338 1076 muliercula,quae
1353 1007 1610 1077 corporis
1645 1006 2076 1077 pulchritudine

433 1096 722 1160 quaestum
757 1092 1021 1161 faciebat,
1056 1099 1322 1149 auctores
1353 1101 1494 1150 sunt
1521 1101 1583 1149 ut
1613 1096 1689 1150 rei
1722 1113 1918 1150 secum
1971 1097 2074 1150 ha-

427 1179 560 1232 bitae
587 1185 857 1235 sanctum
893 1184 1201 1252 praesulem
1246 1189 1498 1238 accuset.
1553 1185 1614 1238 In
1667 1184 2073 1256 episcoiiorum

425 1273 637 1323 coetum
670 1268 1013 1325 intromissa
1046 1272 1275 1342 mulier,
1308 1273 1590 1328 infantem
1634 1273 1914 1328 uberibus
1971 1274 2072 1328 ad-

425 1363 652 1412 motum
680 1360 1199 1428 ostendens,illum
1221 1362 1592 1416 exEustathii
1610 1363 1760 1416 coitu
1780 1363 2075 1434 peperisse

425 1446 700 1503 afﬁrmat.
733 1448 1079 1504 Eustathius
1103 1466 1256 1515 vero,
1280 1467 1396 1504 non
1434 1451 1672 1521 ignarus
1705 1453 1964 1506 conﬂata:
2014 1451 2072 1506 in

427 1551 490 1590 se
519 1536 995 1606 conspirationis,
1023 1537 1325 1593 mulierem
1359 1538 1408 1593 si
1438 1556 1614 1610 quem
1668 1540 1910 1595 haberet
1963 1541 2072 1596 hu-

419 1625 684 1695 jusmodi
711 1626 988 1682 facinoris
1013 1628 1310 1682 conscium
1330 1627 1389 1682 in
1423 1629 1679 1683 medium
1696 1630 1952 1700 proferre
1975 1631 2071 1700 ju-

427 1715 541 1769 bet.
565 1717 828 1786 Cumque
857 1715 1151 1771 neminem
1187 1716 1280 1772 ille
1312 1717 1524 1788 objecti
1557 1718 1823 1774 criminis
1865 1724 2071 1774 testem

429 1801 644 1859 habere
675 1820 736 1860 se
753 1804 990 1868 diceret,
1014 1805 1125 1876 ipsi
1156 1806 1573 1877 jusjurandum
1607 1807 1916 1863 Eusebiani
1975 1809 2071 1863 de-

421 1891 627 1948 tulere.
657 1891 883 1948 Juravit
910 1893 1010 1948 illa
1037 1893 1318 1949 infantem
1349 1895 1639 1950 Eustathii
1673 1912 1820 1965 esse,
1844 1897 2071 1952 statim-

424 1995 538 2051 que
561 1980 789 2050 judices
819 1982 1176 2054 iniquissimi
1207 1984 1395 2038 virum
1419 1985 1704 2040 damnant
1743 1990 1805 2040 ut
1843 1985 2068 2041 adulte-

423 2085 556 2124 rum
577 2069 1033 2126 reclamantibus
1068 2071 1205 2128 licet
1235 2073 1458 2128 caeteris
1490 2075 1780 2146 episcopis
1842 2075 1941 2146 qui
2003 2091 2071 2130 eo

422 2157 532 2214 loci
552 2161 1088 2228 convenerant,veri
1117 2163 1515 2227 tenacibus,et
1546 2164 1697 2234 frugi
1731 2163 2072 2220 hominibus

422 2247 521 2318 qui
554 2248 1137 2306 Eustathioauctores
1159 2257 1400 2306 erantut
1433 2269 1502 2306 ne
1535 2252 1751 2324 iniquae
1773 2255 2070 2310 sententia:

423 2336 1005 2408 acquiesceret.Hanc
1019 2339 1030 2392 i
1044 2344 1156 2394 tem
1171 2340 1335 2395 crimi
1348 2341 1776 2396 nationemcom
1786 2346 2074 2399 memorat

430 2424 838 2498 Hieronymus,
871 2429 1094 2498 Apolog.
1131 2447 1167 2483 11
1197 2428 1462 2485 adversus
1517 2432 1818 2500 Ruﬁnum:
1863 2456 1881 2479 «ι
1922 2433 2069 2502 Istae,

428 2513 649 2584 inquit,
693 2515 974 2572 machinae
1013 2517 1444 2585 haereticorum,
1503 2519 1561 2575 id
1615 2524 1708 2575 est
1765 2521 2072 2592 magistro-

434 2619 565 2658 rum
597 2608 832 2659 tuorum
863 2609 1022 2672 sunt,
1060 2611 1121 2660 ut
1143 2607 1386 2661 convicti
1420 2607 1490 2662 de
1522 2607 1766 2679 perfidia
1797 2610 1866 2663 ad
1894 2608 2073 2664 male-

431 2691 590 2746 dicta
621 2708 682 2748 se
713 2693 1032 2748 conferant.
1057 2695 1152 2749 Sic
1183 2695 1930 2752 EustathiusAntioebenus
1954 2697 2073 2769 epi-

431 2797 644 2852 scopus
676 2781 850 2847 filios,
882 2782 1023 2837 dum
1056 2784 1260 2850 nescit,
1288 2785 1527 2838 invenit.
1564 2807 1590 2833 )1

497 2871 550 2923 2.
587 2870 694 2925 Per
725 2869 868 2925 mihi
894 2871 1106 2926 mirum
1139 2878 1227 2928 est
1258 2877 1376 2927 tam
1407 2878 1661 2928 atrocem
1719 2872 2074 2930 calumniam

427 2958 810 3014 Athanasium
844 2961 1212 3032 praeteriisse,
1246 2961 1295 3016 si
1319 2978 1447 3016 vere
1479 2962 1677 3017 oblata
1726 2963 1918 3018 fuerit.
1972 2964 2072 3018 Sin

429 3047 744 3119 resciverit,
778 3050 918 3120 quid
950 3067 1140 3106 causae
1171 3056 1259 3105 est
1291 3051 1443 3122 quod
1480 3056 1708 3106 tantum
1724 3052 2076 3108 Eusebiano-

429 3155 561 3192 rum
595 3137 820 3193 facinus
851 3144 1078 3210 premat
1109 3138 1360 3209 silentio,
1395 3140 1493 3211 qui
1529 3139 1664 3195 huic
1697 3141 1932 3196 affinem
1985 3141 2074 3196 hi-

429 3225 671 3280 storiam
703 3227 773 3281 de
796 3227 1113 3298 Euphratae
1155 3227 1483 3283 Coloniensi
1532 3229 1813 3300 Stephani
1873 3231 2073 3285 Antio-

2189 654 2428 707 mcbant
2462 651 2657 724 pepuli
2694 651 2998 723 perinique
3030 652 3174 705 tanti
3209 651 3311 705 viri
3330 666 3532 704 casum
3562 650 3837 704 ferentes.

2188 741 2451 811 Cumque
2482 743 2552 795 de
2595 757 2932 796 successore
2973 740 3270 811 diligendo
3328 744 3617 811 ageretur,
3675 742 3841 792 tanta

2190 830 2427 884 flamma
2462 830 2849 884 dissensionis
2879 831 3112 895 exarsit,
3149 834 3211 883 ut
3241 845 3417 899 prope
3450 828 3624 882 fuerit
3656 827 3834 881 totius

2187 918 2440 973 civitatis
2468 919 2752 990 pernicies
2797 918 3224 988 excidiumque.
3291 919 3349 971 ln
3409 918 3525 971 dua
3583 932 3836 986 namque

2187 1014 2380 1078 partes
2411 1008 2689 1062 distracta
2720 1007 2922 1061 civitas
2946 1012 3090 1070 erat,
3123 1006 3256 1060 aliis
3303 1006 3619 1059 Eusebium
3662 1005 3836 1058 Pam-

2185 1096 2325 1168 phili
2353 1096 2622 1167 allegere,
2657 1095 2788 1150 aliis
2822 1094 3191 1149 Eustathium
3217 1095 3462 1149 retinere
3485 1093 3834 1148 nitentibus.

2185 1186 2429 1240 Stabant
2463 1186 2736 1256 utrinque
2768 1185 2999 1247 armati,
3033 1183 3306 1238 hostilem
3357 1182 3650 1253 spirantes
3705 1185 3839 1237 ani-

2185 1291 2370 1328 mum.
2405 1274 2655 1328 Militum
2678 1291 2709 1343 q
2724 1290 2912 1343 uoque
2927 1278 3154 1326 turmas
3171 1272 3416 1325 vidisses
3438 1270 3666 1342 utrique
3690 1271 3842 1342 parti

2184 1363 2510 1432 adjunctas.
2546 1363 2754 1417 Omnia
2784 1363 2853 1415 ad
2890 1378 3146 1432 pugnam
3171 1361 3593 1416 ethorrcndam
3611 1359 3836 1415 cladem

2183 1456 2385 1523 parata
2417 1469 2429 1518 ;
2464 1456 2820 1522 ventumque
2851 1451 3058 1504 fuisset
3090 1450 3160 1505 ad
3194 1449 3564 1521 gladios,nisi
3586 1449 3837 1520 impera-

2183 1541 2325 1596 toris
2355 1545 2547 1596 metus
2579 1540 2767 1612 plebis
2799 1539 3084 1610 impetum
3120 1539 3610 1594 coercuisset.Sed
3630 1555 3836 1610 super-

2180 1629 2480 1684 venientes
2509 1629 2755 1700 Augusti
2792 1627 2992 1682 littera:
3019 1627 3361 1698 mitigarunt
3383 1627 3634 1682 animos.
3654 1628 3834 1682 Euse-

2187 1717 2346 1772 biani
2379 1716 2873 1790 igiturEustathio
2893 1715 3184 1771 Eulalium
3203 1717 3554 1787 subrogant;
3580 1717 3833 1787 quicum

2183 1807 2391 1879 exiguo
2415 1813 2672 1879 tempore
2695 1812 2994 1877 superstes
3017 1805 3378 1874 fuisset,ejus
3408 1805 3534 1860 loco
3564 1805 3843 1877 deligitur

2186 1895 2476 1952 Eusebius
2510 1895 2818 1966 Pamphili.
2853 1898 3068 1949 Verum
3104 1894 3311 1949 abnuit
3341 1894 3438 1949 ille
3481 1895 3680 1949 subire
3713 1911 3838 1950 inu-

2183 2003 2295 2040 nus
2329 2003 2342 2051 ;
2375 2002 2444 2039 ex
2475 1984 2731 2039 animine
2749 1983 3155 2056 temperantia,
3177 1988 3238 2037 ut
3262 1983 3833 2051 innuitSocrates,an

2181 2073 2335 2144 quod
2369 2073 2725 2145 prospiceret
2757 2089 3057 2140 nunquam
3089 2071 3199 2127 sibi
3253 2088 3465 2143 pacem-
3517 2074 3636 2127 fore
3693 2090 3829 2128 cum

2179 2162 2561 2217 Antiochenis
2627 2159 2949 2227 catholicis,
2979 2161 3035 2215 id
3086 2177 3476 2232 summepere
3526 2160 3836 2217 incertum.

2185 2251 2400 2307 Ariano
2431 2251 2628 2322 itaque
2658 2250 2778 2317 alii,
2812 2250 2905 2305 cui
2934 2266 3143 2304 nomen
3203 2249 3560 2321 Euphronio,
3613 2251 3835 2322 episco-

2182 2340 2311 2413 pale
2334 2357 2551 2395 munus
2584 2340 2842 2394 defertur
2874 2357 2886 2394 :
2922 2356 3037 2409 quo
3072 2343 3203 2410 post
3227 2356 3448 2394 annum
3506 2344 3562 2394 et
3620 2357 3840 2411 paucos

2185 2446 2416 2485 menses
2445 2429 2560 2483 vita
2594 2426 3382 2499 functo,deligiturFlacillus
3403 2427 3540 2482 item
3560 2429 3838 2499 Arianus,

2183 2525 2241 2574 et
2272 2536 2388 2573 uno
2419 2517 2620 2573 avulso
2652 2535 2767 2572 non
2799 2516 3179 2572 deficitalter.
3209 2518 3343 2580 Quae
3376 2533 3555 2572 causa
3607 2517 3719 2571 fuit
3775 2524 3839 2573 ut

2185 2606 2375 2675 multi,
2409 2623 2542 2661 cum
2579 2604 2908 2679 popu'lares,
2943 2611 3068 2660 tum
3103 2605 3317 2672 clerici,
3361 2605 3576 2676 quibus
3630 2605 3832 2676 religio

2185 2695 2474 2750 catholica
2504 2695 2685 2762 cordi,
2718 2712 2751 2749 a
2781 2695 3026 2749 coetibus
3057 2694 3405 2749 Arianorum
3434 2694 3837 2762 abhorrentes,

2183 2800 2450 2840 seorsum
2483 2783 2756 2840 collectas
2788 2788 3056 2856 agerent.
3096 2783 3163 2837 Hi
3195 2799 3263 2838 ex
3293 2783 3517 2838 ardenti
3565 2799 3702 2854 erga
3731 2783 3839 2837 Eu-

2183 2874 2468 2928 stathium
2501 2874 2698 2928 studio
2730 2890 3065 2943 amoreque,
3125 2871 3496 2926 Eustathiani
3555 2872 3832 2944 deinceps

2183 2963 2515 3018 audierunt.
2553 2962 2901 3033 Hujusmodi
2937 2979 3110 3034 porro
3128 2961 3423 3016 discordia
3441 2961 3833 3017 Antiocheno-

2199 3069 2330 3107 rum
2365 3053 2434 3107 ad
2462 3053 2757 3123 integrum
2793 3054 2970 3107 ferme
3000 3050 3279 3106 sazculum
3313 3055 3570 3106 extracta
3600 3051 3729 3105 fuit.

2256 3147 2308 3197 2.
2331 3147 2637 3208 Caeterum,
2671 3143 2718 3196 si
2777 3141 3134 3196 Theodorcto
3193 3140 3270 3212 (ὁ)
3333 3141 3498 3207 fides,
3559 3140 3834 3196 meretrix

2192 3249 2319 3303 qua:
2355 3231 2724 3286 Eustathium
2757 3229 3212 3294 accusavit,cum
3247 3231 3304 3284 in
3337 3229 3753 3300 gravissimum
3771 3246 3838 3284 ac

428 3313 1820 3388 ebeni,insidiisperintromissammulierculam
1856 3324 2078 3375 tentato
2109 3306 2152 3372 C
2193 3321 2542 3375 diuturnum
2577 3321 2847 3375 morbum
2879 3317 3567 3386 incidisset,calumniam
3601 3318 3836 3384 detexit,

428 3413 698 3460 accurate
729 3407 1092 3461 recenset.Ex
1123 3406 1423 3462 Athanasii
1449 3407 1649 3478 utique
1679 3406 1913 3463 silentio
1941 3426 2078 3464 non-

427 3491 573 3548 nihil
599 3494 842 3550 fortasse
874 3499 1150 3550 nascatur
1179 3495 1556 3566 suspicionis,
1583 3497 1817 3566 quando
1839 3497 2072 3568 potissi-

425 3597 590 3637 mum
622 3582 939 3654 cernimus,
971 3583 1282 3656 plerosque
1310 3584 1481 3639 istius
1515 3585 1616 3640 aevi
1661 3586 1978 3658 scriptores
2009 3586 2073 3641 li-

423 3671 627 3726 benter
677 3672 882 3728 afferre
904 3671 1384 3728 muliercularum
1441 3672 1740 3741 historias,
1817 3692 2066 3746 quarum

417 3759 712 3815 nonnullae
745 3761 869 3834 pari
893 3761 1225 3832 suspicione
1249 3760 1537 3818 laborant.
1571 3763 1638 3818 Et
1667 3765 1823 3834 quod
1855 3769 2068 3836 augeat

416 3848 787 3920 scrupulum,
810 3853 1068 3905 Joannes
1087 3849 1538 3922 Chrysostomus
1589 3852 1645 3906 in
1680 3851 1900 3924 prolixo
1959 3854 2068 3908 Eu-

412 3937 615 3992 stathii
648 3939 933 4010 Encomz'o,
961 3939 1059 3994 ubi
1091 3937 1417 4010 permultas
1448 3941 1614 3996 affert
1637 3943 1764 4010 ejus
1800 3959 1906 4013 pro
1948 3943 2064 3998 ﬁde

410 4025 930 4094 calamitates,rem
954 4028 1130 4083 istam
1157 4027 1408 4099 praeterit
1436 4028 2063 4088 silentio.NaaSocrates

410 4120 724 4187 postquam
756 4116 1128 4172 Eustathium
1162 4116 1598 4173 Sabellianismi
1630 4135 1809 4174 causa
1831 4121 2061 4176 abdica-

408 4209 536 4259 tum
565 4205 841 4277 narravit,
875 4206 1112 4276 adjecit,
1147 4205 1222 4266 ὠς
1257 4206 1351 4277 μὲν
1413 4204 1505 4258 οὖν
1563 4227 1707 4268 τινες
1766 4209 1944 4284 φασὶν,
2006 4205 2058 4263 δι

409 4290 584 4354 ἄλλας
617 4292 716 4348 οὐκ
745 4294 946 4368 ἀγαθὰς
979 4293 1154 4356 αἰτίας
1204 4299 1448 4372 (po-vspch
1517 4293 1574 4350 δὲ
1631 4295 1730 4350 οὐκ
1784 4297 2053 4372 εὶρήκασι.

406 4382 526 4438 Hoc
555 4388 662 4450 est,
697 4390 762 4440 ut
788 4402 922 4441 vero
953 4385 1194 4456 quidam
1229 4391 1491 4456 narrant,
1543 4385 1675 4441 aliis
1732 4387 1802 4442 de
1861 4388 2055 4445 causis

405 4471 603 4528 minus
626 4473 886 4529 honestis
909 4474 1211 4530 abdicatus
1233 4479 1702 4546 est,quastamen
1726 4482 1922 4548 aperte
1937 4495 2049 4533 non

403 4562 724 4633 proferunt.
758 4585 786 4613 ››
849 4563 1073 4628 Quibus
1130 4563 1321 4619 verbis
1374 4564 1568 4619 innuit
1616 4583 1732 4620 non
1777 4567 2046 4622 concordi

2187 3427 2251 3464 ac
2275 3426 2511 3465 scenam
2545 3413 2727 3464 totam
2759 3408 3019 3480 aperuit:
3045 3423 3149 3462 nec
3182 3408 3413 3462 duobus
3445 3405 3832 3470 tribusve,sed

2183 3497 2638 3570 quamplurimis
2669 3497 3072 3553 sacerdotibus
3104 3495 3385 3552 indicavit
3415 3512 3483 3551 ea
3513 3513 3642 3568 qua:
3699 3495 3832 3551 dolo

2181 3587 2412 3643 fuerant
2441 3587 2808 3654 concinnata,
2843 3587 3002 3641 fassa
3041 3601 3105 3640 se
3161 3585 3426 3640 mercede
3473 3585 3825 3640 conductam

2179 3676 2482 3734 Eustathio
2516 3676 2574 3730 in
2605 3675 2825 3730 crimen
2857 3689 3094 3729 vocasse
3133 3716 3145 3738 ,
3179 3690 3369 3743 neque
3429 3677 3623 3727 tamen
3679 3672 3824 3728 falso

2165 3765 2425 3836 juratam
2453 3764 2778 3835 se,quando
2797 3760 3390 3831 Eustathiusquidam
3408 3760 3650 3816 aerarius
3666 3761 3827 3816 faber

2173 3853 2416 3909 infantis
2448 3858 2611 3924 pater
2635 3857 2808 3907 esset.
2845 3851 3006 3916 Quod
3055 3849 3104 3904 si
3155 3864 3284 3904 vere
3340 3853 3593 3920 gestum,
3647 3848 3828 3902 miror

2174 3949 2297 3998 tam
2322 3947 2590 4013 apertum
2622 3939 3086 3995 Eusebianorum
3113 3937 3404 4009 flagitium
3458 3935 3540 3991 vel
3601 3937 3822 4008 fugisse

2175 4031 2587 4095 Athanasium,
2615 4029 2701 4083 vel
2734 4027 3194 4100 pratermissum
3230 4026 3300 4081 ab
3333 4043 3398 4081 eo
3443 4026 3643 4082 fuisse.

2241 4122 2294 4176 3.
2333 4120 2486 4174 ϐοείη
2517 4118 2949 4173 Eusebz'anorum
2982 4119 3040 4171 in
3098 4116 3378 4187 Asclepam
3435 4115 3726 4170 Gazensem
3774 4119 3824 4171 ct

2168 4211 2514 4280 Eutropium.
2539 4240 2606 4247 ——
2639 4208 2746 4262 Per
2784 4207 2938 4262 idem
2970 4207 3086 4261 fere
3105 4210 3341 4277 tempus
3375 4203 3821 4276 Eusebiani,qui

2165 4315 2311 4354 verae
2347 4298 2479 4353 fidei
2507 4296 2898 4353 assertoribus
2925 4293 3277 4366 inexpiabile
3325 4293 3546 4348 bellum
3597 4293 3818 4349 indixe-

2164 4392 2315 4455 rant,
2351 4386 2657 4457 Asclepam
2692 4385 3012 4441 Gazensem
3042 4383 3402 4455 episcopum,
3436 4382 3626 4437 virum
3687 4399 3815 4454 pro-

2173 4477 2353 4533 bitate
2378 4482 2434 4532 et
2465 4475 2667 4530 multis
2698 4474 2915 4546 ingenii
2948 4473 3184 4529 dotibus
3217 4477 3514 4539 ornatum,
3547 4472 3818 4527 adoriun-

2161 4571 2258 4621 tur
2287 4566 2380 4637 (c);
2413 4570 2478 4629 et
2524 4564 2673 4635 quod
2700 4565 3050 4618 adornatum
3069 4567 3194 4616 erat
3224 4562 3536 4616 adversum
3556 4559 3816 4616 insontes

400 4651 665 4706 omnium
692 4652 981 4708 sententia
1013 4669 1139 4708 eam
1171 4670 1290 4708 rem
1323 4658 1448 4708 tum
1485 4654 1809 4709 admissam
1843 4656 2046 4711 fuisse.
2081 4679 2128 4741 Ι)
2159 4660 2217 4710 et
2245 4655 2601 4710 orthodoxos
2633 4653 3197 4723 telum,praepostere
3224 4649 3660 4741 derChristiana
3704 4649 3816 4704 fide

470 4741 630 4794 ANNO
662 4759 927 4796 emensa
959 4743 1081 4796 330.
1126 4775 1189 4781 -—
1253 4744 1303 4796 1.
1365 4742 1571 4798 Seditio
1625 4743 1947 4800 Antiochiae.
1983 4777 2049 4786 —

397 4829 673 4885 Abdicato
705 4829 886 4902 igitur
907 4831 1230 4899 Eustathio,
1267 4849 1380 4886 non
1405 4832 1462 4886 in
1491 4849 1556 4886 eo
1587 4833 1749 4888 stetit
1771 4833 2048 4890 Eusebia-

395 4935 602 4974 norum
627 4920 824 4974 odium
863 4919 1298 4992 ﬂagitiumque:
1335 4922 1434 4976 sed
1472 4921 1884 4992 imperatorem
1909 4940 2047 4978 con-

392 5008 988 5078 venientes,auctores
1018 5016 1157 5064 sunt
1189 5016 1250 5064 ut
1281 5009 1337 5064 in
1354 5009 1626 5064 exsilium
1662 5010 1920 5082 pellatur
1943 5029 2044 5067 an-

394 5097 562 5152 tistes
586 5098 694 5167 ((1).
720 5098 798 5153 De
825 5098 1012 5152 exsilii
1038 5098 1162 5154 loco
1186 5116 1296 5154 non
1334 5117 1448 5154 una
1479 5100 1790 5154 sententia.
1846 5101 2044 5157 Hiero-

395 5202 605 5256 nymus
635 5187 1051 5258 TrajanOpolin
1084 5187 1140 5242 in
1173 5189 1443 5257 Thracia,
1477 5188 1879 5244 Thcodoretus
1912 5207 2043 5244 vero

393 5273 450 5327 in
484 5275 800 5345 quamdam
836 5277 1046 5348 Illyciri
1083 5278 1287 5331 urbem
1316 5278 1636 5347 relegatum
1673 5281 2040 5335 narrant.Se-

393 5381 498 5418 cus
528 5363 624 5418 alii
659 5365 861 5419 dicunt
885 5383 986 5420 nec
1017 5372 1281 5421 nostrum
1307 5371 1396 5420 est
1449 5383 1568 5420 rem
1631 5367 1898 5437 pluribus
1957 5369 2043 5424 in-

390 5452 696 5524 vestigare.
741 5455 1023 5509 Cmterum
1059 5456 1115 5509 in
1173 5455 1462 5510 Eustathii
1505 5455 1868 5512 abdicatione
1921 5463 2041 5515 tota

459 5615 538 5685 (α)
566 5613 908 5687 ᾉΙηίἰετοηγιῃ.
963 5618 1038 5671 De
1088 5618 1386 5685 scriptoris
1433 5616 1874 5686 ecclesiasticis;
1932 5620 2034 5675 So-

387 5693 528 5762 crat,
695 5703 732 5756 1,
767 5685 893 5758 cap.
927 5691 1035 5762 247:
1068 5689 1296 5745 Sozom.
1335 5689 1436 5745 lib.
1473 5689 1532 5760 i1,
1559 5706 1688 5762 cap.
1728 5691 1810 5744 l9.

454 5757 532 5833 (b)
563 5757 690 5815 Lib.
726 5774 764 5830 1,
797 5757 924 5832 cap.
956 5761 1045 5820 22.

2160 4743 2376 4800 sentire
2407 4741 2813 4796 criminantur.
2849 4741 2961 4796 Nec
2997 4739 3454 4805 mora,abdicato
3487 4739 3821 4810 subrogant

2159 4833 2544 4898 Quintianum
2577 4831 2773 4885 nescio
2806 4847 3129 4900 quem,sua3
3166 4827 3435 4883 factionis
3485 4828 3809 4895 hominem,

2157 4921 2584 4992 Asclepamque
2617 4920 2805 4991 patrio
2826 4918 2949 4973 solo
2983 4918 3392 4972 exterminant.
3413 4916 3556 4971 Hinc
3575 4934 3812 4971 conver-

2157 5012 2241 5066 sis
2273 5011 2342 5066 ad
2362 5009 2699 5080 Eutropium
2717 5007 3304 5078 Adrianopolitanum
3330 5004 3421 5058 τὸν
3449 5001 3810 5081 φιλόχριστον

2155 5101 2485 5168 conatibus,
2519 5098 2706 5152 virum
2733 5098 2883 5152 lictis
2908 5095 3587 5151 criminibusdeturbare
3611 5095 3809 5149 nitun-

2154 5197 2268 5245 tur.
2299 5187 2618 5261 Eutropius
2650 5191 2870 5256 autem,
2905 5191 2968 5240 ut
2999 5203 3211 5241 nomen
3235 5188 3687 5249 sonat,summaa
3726 5183 3816 5238 vir

2158 5278 2484 5352 probitatis,
2523 5278 2581 5331 in
2641 5276 2862 5330 crimen
2920 5275 3049 5330 ideo
3109 5279 3370 5341 vocatur,
3420 5273 3574 5344 quod
3627 5271 3808 5327 libere

2153 5368 2470 5423 Eusebium
2501 5369 2860 5435 coargueret,
2895 5365 3109 5418 etistac
3147 5362 3812 5418 transeuntibusauctor

2150 5463 2305 5513 esset
2328 5460 2392 5510 ut
2423 5471 2493 5510 ne
2524 5455 2722 5524 impiis
2749 5455 2876 5524 ejus
2900 5453 3071 5508 dictis
3105 5453 3386 5508 haberent
3417 5452 3612 5506 fidem.
3644 5451 3806 5517 Quod

2220 5620 2293 5688 (ο)
2324 5616 2535 5688 Athan.
2565 5615 2709 5669 Hist.
2741 5617 3071 5671 Arianorum
3099 5615 3173 5670 ad
3228 5615 3517 5671 monachos
3536 5630 3557 5675 ;
3619 5629 3678 5668 n.
3728 5613 3764 5666 5
3793 5628 3808 5678 ;

2147 5687 2369 5746 Theod.
2405 5687 2508 5744 lib.
2533 5705 2570 5758 1,
2595 5703 2722 5759 cap.
2755 5688 2844 5742 20.
