4170 6458
1619 451 1807 517 VITA
1848 451 1916 517 Β.
1960 453 2415 519 ATHANASII.

3590 450 3775 518 LXXV"

335 578 396 641 in
427 599 608 642 causa
636 584 820 644 fuisse
852 586 1109 644 creditur
1128 588 1195 645 ut
1217 586 1522 655 Eusebius,
1548 584 1871 643 ulciscendi
1890 583 1985 643 sui
2012 588 2067 656 Α
2098 604 2227 661 quae
2258 587 2404 645 nihil
2437 589 2681 647 haberet
2710 589 2769 646 in
2800 592 2922 647 toto
2953 602 3132 663 regno
3172 586 3424 657 ﬁdelius,
3458 590 3523 644 ut
3551 599 3755 645 secum

334 674 632 747 cupidine,
662 677 979 733 Basilinam
1000 677 1139 733 Julii
1190 676 1512 735 Constantii
1539 694 1777 732 uxorem
1806 678 1996 732 conci-

333 768 488 820 taret
508 766 564 819 in
587 770 857 821 sanctum
881 766 1212 836 praesulem,
1240 767 1410 837 cujus
1438 783 1631 836 opera,
1657 767 1859 820 eadem
1883 782 1993 835 qua

331 854 683 910 Eustathius
717 872 887 926 poena
918 854 1224 923 multatur,
1260 855 1404 909 urbe
1455 854 1663 925 pulsus
1695 855 1913 926 pariter
1938 860 1995 910 et

331 942 611 998 Ecclesia.
640 944 785 998 Cum
811 961 981 1016 porro
1004 943 1261 998 Basilina
1285 960 1437 998 anno
1461 945 1585 1010 331,
1612 944 1817 1015 paucis
1841 946 1995 1016 post-

257 1020 274 1034 .
334 1048 517 1103 quam
536 1032 838 1087 Julianum
864 1038 1165 1105 pepererat
1187 1032 1511 1101 mensibus,
1539 1032 1693 1086 diem
1720 1032 1996 1087 clauserit

333 1125 687 1187 extremum,
721 1122 1042 1193 Euphronii
1075 1121 1344 1177 exsilium
1379 1126 1703 1193 opportune
1744 1122 1991 1177 conferri

334 1215 529 1283 potest
558 1211 615 1265 in
649 1228 869 1266 annum
902 1213 1026 1265 330.

408 1320 461 1372 4.
492 1318 753 1389 Abyssz’ni
782 1320 1101 1373 Frumentio
1158 1318 1374 1372 doctore
1432 1317 1637 1371 Christi
1674 1317 1837 1387 ﬁdem
1862 1334 1989 1371 am-

326 1408 674 1479 plectuntur.
707 1439 774 1446 —
803 1408 937 1462 Jam
969 1408 1040 1461 ad
1095 1406 1533 1462 conversionem
1566 1407 1989 1478 Abyssinorum

332 1496 669 1568 Ethiopum
684 1497 1072 1551 enarrandam
1088 1500 1326 1551 evocant
1339 1513 1443 1551 nos
1458 1495 1568 1550 scri
1579 1500 1772 1567 ptores
1786 1512 1992 1550 omnes

329 1585 733 1656 ecclesiastici,
758 1586 857 1658 qui
883 1586 992 1640 sub
1014 1585 1247 1640 initium
1272 1586 1652 1656 episcopatus
1689 1584 1993 1639 Athanasii

326 1676 564 1731 venisse
611 1674 1024 1730 Alexandriam
1091 1673 1491 1729 l’rumentium
1552 1677 1653 1743 (α),
1716 1679 1889 1746 atque
1920 1672 1991 1729 ab

326 1764 655 1820 Athanasio
687 1764 976 1819 delectum
1011 1764 1194 1819 fuisse
1225 1763 1585 1835 episcopum,
1627 1762 1989 1834 apostolum-

327 1870 449 1926 que
470 1854 598 1924 ejus
619 1854 875 1926 regionis
903 1857 1209 1908 testantur.
1253 1854 1393 1907 Eam
1435 1853 1740 1907 historiam
1764 1853 1833 1907 ad
1858 1868 1989 1906 ver-

328 1944 476 2000 bum
508 1959 576 2032 ex
606 1943 816 1998 Ruﬁno
849 1947 1215 2032 mutuamur,
1249 1942 1347 2032 qui
1380 1958 1440 1996 se
1472 1942 1545 1995 ab
1563 1941 1825 2032 ngdesio,
1855 1941 1987 1995 Fru-
2020 1968 2067 2032 B

328 2031 541 2087 mentii
572 2032 786 2086 comite
820 2030 1420 2103 peregrinationisquu
1454 2030 1633 2101 socio,
1668 2046 1788 2085 rem
1825 2044 1987 2084 acce-

326 2120 490 2194 pisse
530 2124 971 2176 commemorat.
1007 2143 1031 2168 ‹‹
1070 2119 1131 2174 In
1164 2136 1253 2187 ea,
1288 2118 1484 2189 inquit
1532 2119 1804 2183 Ruﬁnus,
1837 2117 1988 2172 divi-

326 2209 498 2266 sione
529 2208 688 2264 orbis
718 2212 907 2273 terra=,
964 2224 1091 2278 quae
1150 2209 1222 2262 ad
1276 2208 1713 2279 praedicandum
1744 2207 1985 2261 verbum

324 2299 431 2354 Dei
457 2302 612 2354 sorte
639 2314 743 2370 per
774 2297 1070 2369 apostolos
1101 2296 1392 2352 celebrata
1412 2301 1519 2361 est,
1545 2312 1679 2350 cum
1708 2294 1831 2349 aliae
1856 2295 1987 2350 aliis

325 2387 640 2461 provinciae
664 2387 1063 2454 obvenissent,
1083 2385 1320 2441 Thomas
1346 2384 1601 2451 Parthia,
1632 2389 1689 2441 et
1718 2385 1988 2440 Matthan

325 2476 649 2549 Ethiopia,
682 2475 851 2547 eique
882 2475 1185 2530 adhaerens
1217 2474 1448 2529 citerior
1478 2474 1642 2529 India
1682 2472 1988 2529 Bartholo-

328 2582 478 2621 mmo
510 2565 726 2620 dicitur
754 2569 907 2619 sorte
928 2564 1178 2619 decreta.
1201 2562 1357 2617 Inter
1378 2580 1553 2633 quam
1576 2562 1989 2633 Parthiamque

327 2654 545 2724 media,
570 2653 671 2709 sed
696 2652 871 2724 longo
892 2652 1134 2707 interior
1154 2655 1344 2706 tractu
1366 2651 1529 2705 India
1550 2651 1790 2707 ulterior
1806 2652 1987 2722 jacet,

327 2742 535 2799 multis
557 2742 853 2813 variisque
877 2740 1097 2813 linguis
1119 2744 1175 2796 et
1192 2740 1466 2812 gentibus
1487 2740 1783 2808 habitata;
1808 2757 1986 2812 quam

325 2832 485 2888 velut
513 2832 685 2903 longe
717 2841 1002 2886 remotam
1036 2829 1236 2885 nullus
1263 2830 1593 2900 apostolicae
1628 2830 1987 2902 praedicatio-

328 2920 423 2976 nis
451 2920 669 2976 vomeri
715 2920 1135 2992 impresserat:
1199 2936 1330 2991 quze
1390 2924 1585 2975 tamen
1622 2920 1993 2991 temporibus

330 3009 691 3065 Constantini
712 3009 815 3065 tali
836 3010 1090 3080 quadam
1108 3026 1177 3063 ex
1197 3025 1377 3063 causa
1399 3009 1629 3063 semina
1652 3008 1781 3063 fidei
1800 3008 1989 3079 prima

328 3098 609 3170 suscepit.
644 3099 1011 3154 Metrodorus
1043 3098 1280 3169 quidam
1344 3097 1751 3169 phi|050phus,
1802 3097 1985 3168 inspi-

326 3186 671 3244 ciendorum
704 3186 987 3252 locorum,
1020 3190 1076 3240 et
1130 3185 1288 3239 orbis
1347 3183 1753 3256 perscrutandi
1801 3183 1988 3255 gratia

329 3276 666 3332 ulteriorem
693 3275 909 3329 dicitur
931 3274 1159 3328 Indiam
1199 3279 1556 3345 penetrasse.
1584 3273 1761 3343 Cujus
1792 3289 1985 3327 exem-

2104 696 2411 751 usquequo
2433 680 2786 736 adolesceret
2808 680 2984 749 ﬁlius,
3018 679 3256 752 regendi
3287 677 3449 751 regni
3475 677 3756 734 sollicitu-

2104 768 2299 823 dinem
2324 768 2680 840 partirentur
2704 788 2715 834 ;
2742 773 2797 824 et
2823 770 3110 841 praecipue
3150 768 3556 823 Frumentium
3580 767 3754 837 cujus

2105 858 2415 929 prudentia
2439 859 2507 913 ad
2534 860 2957 914 moderandum
2981 858 3275 913 sufﬁceret
3299 873 3546 929 regnum
3574 875 3585 911 :
3612 873 3751 911 nam

2102 946 2255 1000 alius
2286 948 2460 1001 ﬁdem
2494 965 2700 1018 puram
2734 952 2789 1001 et
2817 948 3074 1003 sobriam
3106 950 3361 1001 mentem
3407 942 3754 1014 simpliciter

2103 1035 2433 1090 exhibebat.
2468 1037 2646 1107 quue
2676 1037 2817 1091 dum
2849 1040 3105 1108 agerent,
3156 1040 3213 1090 et
3265 1034 3427 1105 regni
3460 1034 3751 1106 guberna-

2103 1126 2235 1179 cula
2272 1125 2642 1180 Frumentius
2680 1125 2919 1180 haberet
2942 1125 2998 1179 in
3028 1124 3321 1191 manibus,
3352 1124 3469 1179 Deo
3497 1128 3754 1179 mentem

2102 1214 2231 1284 ejus
2252 1218 2306 1268 et
2330 1214 2559 1269 animos
2581 1214 2917 1286 instigante,
2942 1213 3235 1285 requirere
3252 1212 3539 1268 sollicitus
3556 1212 3753 1284 coepit,

2104 1302 2151 1357 si
2176 1302 2273 1374 qui
2298 1302 2451 1357 inter
2477 1303 2870 1375 negotiatores
2892 1303 3184 1357 Romanos
3201 1301 3515 1357 Christiani
3534 1305 3751 1368 essent,

2102 1394 2159 1445 et
2191 1391 2334 1461 ipsis
2367 1396 2711 1463 potestatem
2744 1392 3061 1446 maximam
3106 1391 3244 1446 dare
3301 1408 3366 1445 ac
3420 1406 3658 1447 monere
3689 1394 3756 1446 ut

2103 1480 2503 1535 conventicula
2533 1498 2637 1553 per
2665 1480 2793 1536 loca
2821 1480 3055 1553 singula
3086 1480 3359 1545 facerent,
3393 1480 3464 1535 ad
3494 1496 3617 1550 quae
3642 1480 3754 1535 Ro-

2103 1586 2277 1624 mano
2300 1570 2414 1625 ritu
2439 1569 2719 1625 orationis
2745 1587 2924 1626 causa
2953 1570 3314 1625 conﬂuerent
3347 1587 3359 1627 :
3403 1570 3505 1625 sed
3541 1574 3597 1625 et
3626 1570 3757 1641 ipsa

2102 1658 2287 1713 multo
2310 1660 2502 1731 magis
2528 1661 2731 1715 eadem
2759 1660 2964 1730 facere,
3008 1663 3065 1714 et
3084 1659 3167 1714 ita
3188 1667 3421 1714 caeteros
3444 1658 3755 1727 cohortari,

2102 1748 2295 1803 favore
2324 1752 2380 1803 et
2412 1748 2714 1803 beneﬁciis
2746 1748 3013 1815 invitare,
3041 1752 3315 1819 praestare
3347 1746 3631 1820 quidquid
3656 1763 3757 1819 op-

2100 1841 2418 1908 portunum
2442 1837 2671 1903 fuisset,
2712 1837 2839 1892 loca
2870 1836 3135 1892 aediﬁciis
3164 1835 3395 1907 aliaque
3427 1835 3759 1892 necessaria

2100 1926 2372 1998 praebere,
2426 1930 2482 1981 et
2513 1926 2752 1981 omnino
2802 1926 3017 1998 gestire
3069 1930 3134 1981 ut
3178 1925 3643 1980 Christianorum
3674 1925 3756 1979 ibi

2098 2030 2299 2071 semen
2321 2019 2679 2086 exsurgeret.
2704 2016 2815 2071 Sed
2841 2032 2973 2071 cum
2999 2016 3197 2087 regius
3219 2032 3364 2087 puer
3380 2014 3754 2084 adolevisset,

2098 2103 2197 2174 qui
2221 2105 2691 2175 procurationem
2715 2104 2876 2177 regni
2896 2105 3194 2176 gerebant,
3214 2104 3459 2176 expletis
3473 2104 3751 2160 omnibus

2098 2196 2154 2247 ct
2182 2209 2250 2247 ex
2280 2194 2393 2249 ﬁde
2426 2194 2679 2261 traditis,
2714 2194 2967 2249 multum
2999 2194 3133 2250 licet
3152 2194 3548 2248 detinentibus
3579 2197 3637 2248 et
3656 2210 3749 2249 ro-

2098 2282 2379 2352 gantibus
2410 2286 2476 2337 ut
2506 2286 2812 2338 manerent
2836 2282 3038 2354 regina
3066 2282 3152 2337 vel
3184 2281 3323 2348 ﬁlio,
3349 2282 3419 2337 ad
3444 2283 3643 2337 orbem
3666 2286 3750 2337 ta-

2100 2387 2235 2426 men
2266 2377 2535 2427 nostrum
2577 2376 2967 2427 revertuntur.
3019 2371 3244 2427 [Edesio
3294 2370 3602 2427 festinante
3632 2372 3746 2444 Ty—

2100 2477 2254 2526 rum,
2278 2465 2550 2533 parentes
2577 2463 3056 2533 propinquosque
3080 2462 3346 2531 revisere,
3374 2460 3750 2516 Frumentius

2099 2549 2512 2605 Alexandriam
2544 2550 2755 2622 pergit,
2788 2551 2991 2606 dicens
3021 2567 3253 2622 (equum
3303 2566 3417 2605 non
3449 2566 3577 2605 esse
3603 2566 3753 2621 opus

2100 2638 2389 2694 occultare
2421 2639 2811 2693 Dominicum.
2847 2639 3031 2710 Igitur
3061 2656 3184 2695 rem
3215 2655 3450 2695 omnem
3496 2642 3562 2694 ut
3592 2643 3757 2712 gesta

2098 2732 2187 2783 est
2217 2727 2445 2798 exponii
2481 2729 2775 2800 episcopo,
2808 2745 2874 2793 ac
2906 2732 3104 2784 monet
3134 2733 3199 2783 ut
3230 2729 3532 2801 provideat
3559 2728 3753 2785 virum

2098 2816 2354 2887 aliquem
2386 2816 2653 2887 dignum,
2688 2833 2863 2888 quem
2913 2818 3279 2890 congregatis
3317 2817 3445 2888 jam
3477 2816 3752 2889 plurimis

2096 2904 2465 2973 Christianis,
2490 2909 2544 2959 et
2562 2904 2823 2961 ecclesiis
2838 2906 3191 2961 constructis
3206 2908 3265 2961 in
3279 2906 3586 2962 barbarico
3603 2906 3750 2978 loco,

2098 2994 2440 3067 episcopum
2473 2994 2683 3049 mittat.
2720 2999 2865 3049 Tum
2922 3012 3055 3051 vero
3112 2995 3468 3051 Athanasius
3509 3001 3669 3065 (nam
3699 2996 3751 3052 is

2097 3100 2286 3154 nuper
2326 3082 2721 3138 sacerdotium
2779 3085 3136 3155 susceperat)
3194 3085 3474 3140 attentius
3529 3089 3587 3139 et
3616 3101 3750 3156 pro-

2097 3171 2338 3242 pensius
2370 3171 2687 3226 Frumentii
2721 3172 2876 3227 dicta
2915 3176 3197 3243 gestaque
3256 3172 3656 3239 considerans,
3687 3173 3748 3228 in

2097 3260 2343 3316 concilio
2367 3262 2738 3315 sacerdotum
2760 3260 2841 3316 ait
2866 3277 2878 3314 :
2906 3282 2934 3311 ‹‹
2961 3262 3029 3315 Et
3058 3276 3233 3332 quem
3283 3261 3459 3316 aliam
3490 3260 3748 3317 invenie-

329 3364 425 3437 plo
457 3365 741 3420 invitatus
767 3363 1051 3436 Meropius
1074 3338 1315 3433 quidam
1339 3361 1549 3433 Tyrius
1572 3338 1980 3433 philosophus,
2016 3338 2058 3404 (λ
2101 3371 2129 3399 (ί
2162 3366 2294 3404 mus
2325 3350 2514 3403 Virum
2546 3348 2743 3419 talem,
2777 3348 2834 3403 in
2860 3365 2974 3420 quo
2995 3349 3073 3405 Sit
3092 3349 3334 3421 Spiritus
3378 3350 3474 3405 Dei
3506 3349 3659 3406 sicut
3686 3349 3747 3404 in

330 3454 510 3510 simili
541 3471 612 3510 ex
643 3470 823 3509 causa
851 3454 1012 3509 adire
1038 3451 1269 3507 Indiam
1300 3450 1504 3521 voluit,
1537 3451 1761 3505 habens
1783 3466 1984 3505 secum

330 3546 479 3601 duos
502 3543 801 3617 puerulos,
826 3560 974 3615 quos
998 3541 1346 3597 liberalibus
1376 3540 1608 3607 litteris,
1632 3544 1831 3611 utpote
1853 3556 1985 3611 pro-

331 3635 604 3708 pinquos,
629 3633 996 3688 instituebat.
1018 3634 1277 3696 Quorum
1303 3647 1478 3695 unus,
1503 3628 1603 3701 qui
1627 3628 1984 3698 eratjunior,

330 3723 620 3789 Edesius,
636 3722 785 3777 alter
799 3721 1176 3777 Frumentius
1190 3720 1525 3775 vocabatur.
1542 3718 1725 3790 Igitur
1742 3717 1988 3789 pervisis

331 3818 389 3869 et
416 3814 476 3868 in
500 3812 768 3867 notitiam
793 3810 979 3883 captis
1001 3809 1095 3864 his
1122 3809 1337 3881 quibus
1360 3808 1595 3863 animus
1618 3808 1988 3878 pascebatur,

333 3919 466 3959 cum
500 3901 891 3974 philosophus
924 3898 1112 3954 redire
1142 3902 1432 3969 coepisset,
1488 3914 1652 3968 aquae
1709 3895 1796 3951 vel
1826 3900 1989 3950 caete-

334 4008 533 4047 rorum
567 3990 1035 4045 necessariorum
1069 4004 1268 4056 causa,
1300 3988 1370 4041 ad
1405 3990 1635 4057 portum
1674 3987 1991 4055 quemdam

335 4082 499 4136 navis
530 4096 649 4151 qua
674 4079 996 4135 vehebatur
1027 4076 1341 4149 aepplicuit.
1378 4075 1558 4129 Moris
1588 4080 1676 4129 est
1696 4074 1839 4128 inibi
1869 4075 1995 4129 bar-

336 4170 640 4236 barorum,
674 4172 739 4223 ut
772 4169 820 4222 si
853 4167 1090 4238 quando
1124 4165 1313 4220 fmdus
1346 4163 1457 4219 sibi
1520 4180 1655 4217 cum
1708 4164 1991 4218 Romanis

334 4259 640 4316 turbatum
690 4256 892 4310 vicina:
924 4253 1323 4309 nuntiaverint
1371 4257 1597 4323 gentes,
1652 4268 1858 4306 omnes
1891 4251 1993 4322 qui

336 4348 493 4420 apud
527 4364 626 4402 eos
660 4363 727 4401 ex
761 4344 1039 4400 Romanis
1097 4341 1315 4397 inventi
1374 4342 1591 4395 fuerint
1624 4339 1992 4411 jugulentur.

337 4435 642 4492 Invaditur
674 4434 837 4489 navis
871 4429 1226 4504 philosophi,
1250 4429 1441 4484 cuncti
1470 4446 1606 4483 cum
1629 4429 1756 4499 ipso
1780 4430 1997 4500 pariter

337 4525 748 4598 perimuntur:
771 4522 1002 4594 pueruli
1027 4520 1241 4592 reperti
1264 4520 1374 4574 sub
1397 4519 1602 4573 arbore
1625 4518 1995 4588 meditantes,

337 4613 692 4670 etlectiones
714 4628 853 4667 suas
874 4614 1173 4682 parantes,
1208 4609 1593 4663 barbarorum
1627 4606 1999 4662 miseratione

2097 3462 2125 3483 υ
2160 3443 2235 3505 te,
2271 3439 2370 3510 qui
2405 3438 2524 3492 haec
2556 3438 2743 3509 possit
2769 3438 3012 3510 implere
3034 3438 3063 3493 ?
3095 3461 3121 3487 ››
3150 3439 3217 3493 Et
3246 3439 3459 3494 tradito
3480 3439 3533 3495 ei
3554 3455 3745 3493 sacer—

2098 3528 2275 3598 dotio,
2310 3528 2499 3582 redire
2530 3542 2665 3581 eum
2697 3543 2830 3582 cum
2868 3527 3095 3582 Domini
3127 3527 3315 3599 gratia
3335 3528 3490 3583 unde
3510 3530 3749 3583 venerat

2092 3618 2282 3688 jubet.
2316 3617 2423 3683 Qui
2456 3634 2588 3671 cum
2650 3615 2960 3688 episcopus
3008 3616 3357 3688 perrexisset
3393 3617 3464 3673 ad
3500 3616 3750 3681 Indiam,

2098 3712 2263 3761 tanta
2283 3706 2331 3762 ei
2358 3706 2497 3761 data
2514 3723 2642 3762 esse
2664 3723 2698 3761 a
2723 3707 2833 3760 Deo
2857 3706 3143 3760 virtutum
3188 3705 3376 3778 gratia
3419 3705 3654 3774 dicitur,
3690 3709 3756 3760 ut

2100 3796 2271 3867 signa
2300 3813 2402 3867 per
2432 3812 2565 3850 eum
2589 3795 2908 3865 apostolica
2931 3796 3153 3865 ﬁerent,
3178 3799 3235 3851 et
3256 3796 3522 3851 inﬁnitus
3545 3812 3752 3851 nume-

2102 3903 2201 3940 rus
2235 3886 2619 3940 barbarorum
2654 3888 3086 3939 converteretur
3117 3885 3188 3939 ad
3222 3885 3418 3940 ﬁdem.
3451 3886 3534 3939 Ex
3556 3901 3670 3955 quo
3694 3884 3754 3939 in

2102 3974 2279 4030 Indiae
2305 3974 2573 4046 partibus
2595 3980 2650 4029 et
2673 3973 2872 4045 populi
2907 3973 3374 4029 Christianorum
3401 3978 3458 4029 et
3486 3974 3755 4030 Ecclesiae

2104 4067 2255 4120 facta
2277 4068 2433 4129 sunt,
2458 4067 2515 4117 et
2538 4063 2928 4117 sacerdotium
2953 4063 3139 4134 coepit.
3168 4067 3302 4130 Quae
3328 4080 3435 4119 nos
3458 4063 3540 4118 ita
3569 4066 3754 4134 gesta,

2104 4171 2219 4209 non
2252 4154 2528 4225 opinione
2558 4152 2735 4225 vulgi,
2769 4154 2867 4207 sed
2903 4153 3031 4225 ipso
3060 4154 3290 4209 [EdesiO
3341 4152 3474 4226 Tyri
3519 4153 3757 4224 presby-

2103 4247 2227 4299 tero
2274 4242 2651 4314 postmodum
2685 4244 2855 4310 facto,
2889 4242 2987 4313 qui
3020 4242 3342 4297 Frumentii
3373 4258 3570 4297 comes
3596 4241 3761 4313 prius

2106 4334 2316 4395 fuerat,
2349 4332 2654 4397 referente,
2686 4331 3093 4403 cognovimus.
3122 4353 3149 4380 »
3172 4332 3302 4387 Haec
3325 4331 3573 4385 Ruﬁnus
3600 4348 3612 4398 ;
3642 4331 3757 4401 cui,

2105 4427 2171 4477 ut
2201 4421 2405 4476 audita
2459 4420 2745 4485 narranti,
2805 4420 2963 4475 haud
3024 4420 3160 4475 licet
3208 4437 3421 4493 negare
3454 4420 3651 4476 ﬁdem.
3684 4422 3760 4475 At

2109 4509 2295 4564 multa
2326 4513 2469 4564 sunt
2498 4509 2555 4563 in
2592 4508 2809 4580 quibus
2862 4507 2948 4563 vel
3007 4524 3201 4563 errore
3246 4509 3372 4580 ipse
3402 4508 3641 4575 labitur,
3671 4506 3761 4563 vel

2108 4599 2280 4670 vulgo
2313 4603 2605 4669 receptam
2637 4615 2754 4653 aevo
2777 4614 2907 4664 suo,
2931 4596 3065 4652 licet
3090 4596 3321 4665 falsam,
3350 4598 3621 4669 sequitur
3642 4597 3761 4669 opi-

338 4703 575 4773 servati,
612 4702 913 4756 ducuntur
942 4700 1013 4754 ad
1038 4713 1255 4769 regem.
1279 4699 1501 4751 Horum
1526 4694 1622 4750 ille
1643 4694 1915 4760 alterum,
1941 4695 1997 4750 id
2028 4714 2075 4777 D
2110 4689 2366 4743 nionem.
2427 4687 2557 4741 Ηωο
2617 4686 2820 4757 Ρᾶυοίε
2851 4687 3371 4741 Commemoranda
3401 4685 3571 4741 DObiB
3602 4689 3761 4753 sunt,

337 4796 429 4848 est
483 4790 804 4856 IEdesium,
868 4787 980 4844 sibi
1038 4785 1375 4859 pincernam
1440 4784 1613 4852 fecit;
1664 4785 1999 4840 Frumentio

337 4897 494 4949 vero,
527 4896 703 4951 quem
763 4878 931 4949 quasi
990 4876 1384 4948 perspicacem
1441 4874 1905 4945 deprehenderat
1944 4878 2001 4929 et

342 4971 711 5042 prudentem,
748 4967 1005 5021 rationes
1037 4982 1176 5021 suas
1206 4962 1538 5032 scriniaqne
1578 4962 1906 5017 commisit:
1933 4979 2002 5017 ex

344 5075 459 5130 quo
491 5062 548 5113 et
576 5057 635 5111 in
668 5057 887 5112 honore
922 5070 1134 5127 magno
1166 5053 1319 5123 apud
1376 5068 1572 5124 regem
1604 5051 1810 5121 habiti,
1852 5057 1910 5107 et
1942 5052 2001 5106 in

344 5163 563 5203 amore.

415 5236 469 5289 5.
502 5234 852 5291 Frumentius
877 5232 945 5287 ab
983 5231 1281 5287 Athanasio
1327 5229 1691 5285 constituitur
1718 5231 2002 5302 episcopus

347 5326 765 5395 Abyssz'norum.
792 5354 857 5363 -—
883 5344 911 5371 ‹‹
934 5325 1009 5375 At
1029 5337 1162 5375 vero
1188 5320 1444 5375 moriens
1485 5334 1583 5373 rex
1605 5334 1843 5374 uxorem
1866 5336 2001 5374 cum

346 5413 586 5488 parvulo
606 5412 721 5467 ﬁlio
737 5412 903 5484 regni
932 5408 1169 5481 reliquit
1188 5408 1503 5473 hazredem;
1534 5406 2003 5464 adolescentibus

347 5510 547 5560 autem
579 5502 721 5573 quid
756 5500 969 5557 vellent
998 5496 1209 5571 agendi
1265 5497 1427 5551 dedit
1482 5495 1727 5551 liberam
1763 5497 2001 5553 faculta-

344 5597 464 5650 tem
490 5610 503 5649 :
529 5608 677 5664 quos
700 5595 897 5647 tamen
912 5588 1113 5662 regina
1126 5585 1470 5658 suppliciter
1481 5590 1702 5653 exorat,
1720 5590 2003 5659 tanquam

2108 4776 2182 4832 iis
2213 4776 2430 4832 additis
2462 4793 2611 4847 quae,
2647 4774 2895 4831 Tellezio
2926 4774 3271 4847 ueterisque
3317 4776 3425 4831 PP.
3458 4774 3763 4831 Societatis

2107 4866 2249 4921 Jesu
2277 4865 2637 4929 auctoribus,
2672 4864 3027 4936 accepimus.
3062 4867 3198 4929 Quae
3231 4882 3265 4920 a
3289 4863 3620 4920 clarissimo
3641 4864 3764 4920 viro

2106 4956 2254 5011 Jobo
2286 4953 2585 5025 Ludolpho
2608 4953 3053 5009 accuratissime
3074 4953 3336 5022 collecta,
3360 4958 3419 5009 et
3440 4952 3768 5009 innumeris

2111 5049 2281 5101 aucta
2301 5043 2701 5099 monumentis
2724 5043 2881 5098 haud
2905 5043 2986 5099 ita
3004 5042 3230 5115 pridem
3249 5041 3309 5097 in
3330 5040 3520 5097 lucem
3538 5040 3767 5114 prodie-

2113 5129 2272 5179 runt.

2180 5233 2234 5286 6.
2260 5230 2486 5286 Indiam
2512 5230 2780 5296 Ruﬁnus,
2802 5230 3304 5300 quemadmodum
3322 5232 3380 5283 et
3400 5226 3499 5283 alii
3522 5226 3767 5299 scripto-

2112 5338 2205 5377 res
2246 5318 2647 5386 ecclesiastici,
2682 5335 2810 5373 eam
2868 5323 3038 5373 vocat
3093 5318 3413 5391 regionem,
3474 5332 3591 5388 quo
3624 5315 3770 5372 Fru-

2114 5408 2316 5464 mentii
2349 5425 2457 5479 ope
2498 5407 2709 5462 Christi
2774 5408 2885 5461 ﬁde
2935 5404 3232 5462 illustrata
3287 5408 3393 5461 est.
3430 5405 3579 5459 Tum
3612 5404 3771 5459 enim

2114 5496 2529 5554 remotissimis
2550 5495 2883 5567 quibusque
2906 5494 3247 5565 regionibus
3266 5510 3470 5549 versus
3486 5492 3771 5547 orientem

2114 5605 2180 5643 ac
2212 5585 2517 5642 meridiem
2550 5583 2664 5639 late
2686 5582 3029 5655 patentibus
3066 5582 3243 5637 Indiae
3276 5598 3490 5637 nomen
3522 5584 3665 5636 erat.
3700 5582 3774 5635 At

419 5805 506 5880 (α)
533 5805 756 5864 SOcrat.
777 5804 882 5863 lib.
908 5821 946 5862 ι.
971 5819 1102 5876 cap.
1129 5801 1234 5859 19:
1256 5800 1485 5859 Sozom.
1511 5798 1615 5857 lib.
1660 5817 1725 5873 ιι,
1750 5816 1879 5874 cap.
1902 5802 2011 5873 2/1;
2050 5800 2337 5859 Theodor.
2370 5798 2476 5855 lib.
2510 5814 2548 5855 ι.
2581 5812 2707 5868 cap.
2738 5796 2829 5851 23.
