4170 6388
381 378 566 459 LXXVI

1777 384 2201 451 PROLEGOM
2210 387 2362 449 ENA
2379 435 2390 447 .

383 506 645 603 immane
686 514 975 603 quantum
1015 510 1235 571 labitur
1285 514 1549 589 Ruﬁnus,
1610 532 1745 574 cum
1802 516 2030 575 Indiam
2060 520 2117 589 Α
2144 520 2396 603 alterunt
2421 520 2618 581 Ruﬁni
2672 525 3133 599 ceterorumque
3188 522 3542 600 scriptorum
3580 521 3794 593 verba;

384 597 552 657 illam
583 601 939 673 ulteriorem,
974 609 1038 659 ut
1066 610 1252 672 vocat,
1282 606 1434 662 inter
1465 605 1687 662 Indiam
1710 607 2037 665 citeriorem

386 692 445 746 et
474 689 771 747 Parthiam
805 693 977 749 sitam
1025 693 1183 749 dicit.
1246 693 1793 766 Exploratissimum
1824 697 2039 770 quippe

387 783 498 849 est,
534 780 852 855 regionem,
896 798 1023 853 quae
1056 783 1460 839 Frumentium
1503 788 1674 841 nacta
1704 787 2037 858 apostolum

388 873 499 951 est,
531 886 659 925 eam
692 885 821 925 esse
874 871 1171 944 Ethiopiaa
1229 878 1481 945 partem,
1541 890 1670 946 quas
1700 875 2037 947 Abyssinia,

388 956 757 1027 Habessinia,
789 959 875 1014 vel
906 960 1148 1017 Abassia
1203 962 1438 1017 dicitur.
1493 963 1685 1034 Hujus
1715 964 1874 1036 regia
1897 967 2039 1021 tunc

387 1048 840 1117 eratAuxumis,
875 1050 1015 1104 urbs
1074 1050 1375 1123 perampla
1432 1055 1488 1106 et
1536 1052 1833 1123 opulenta,
1868 1055 2037 1125 cujus

385 1134 674 1208 hodieque
701 1138 915 1193 rudera
942 1139 1236 1207 visuntur,
1270 1157 1373 1195 nec
1407 1140 1519 1196 nisi
1569 1141 1915 1214 oppidulum
1949 1147 2039 1198 est

384 1229 601 1293 Acsum
662 1226 911 1293 dictum,
969 1228 1027 1283 in
1083 1245 1261 1302 regno
1321 1230 1505 1303 Tigres
1564 1230 1766 1299 situm,
1810 1231 2036 1286 decimo

384 1319 593 1393 quarto
615 1321 674 1371 et
703 1315 949 1372 dimidio
970 1319 1156 1391 gradu
1182 1317 1514 1375 latitudinis
1538 1317 2035 1392 septentrionalis.

384 1402 810 1461 Obtruncatum
833 1406 916 1462 ait
938 1406 1189 1463 Ruﬁnus
1211 1409 1536 1483 Meropium
1564 1427 1577 1465 :
1602 1410 1659 1464 id
1688 1413 1901 1482 negant
1920 1409 2037 1465 Ha-

381 1492 628 1565 bessini,
660 1495 760 1552 sed
794 1497 998 1553 morbo
1030 1496 1197 1553 aiunt
1225 1499 1598 1554 exstinctum.
1634 1498 2038 1555 Frumentium

385 1588 584 1643 autem
615 1590 675 1641 et
701 1585 1001 1642 {Edesium
1034 1604 1141 1643 sua
1172 1604 1309 1643 voce
1358 1592 1705 1660 nuncupant
1746 1589 2038 1645 Eremona-

387 1682 504 1731 tum
542 1679 600 1730 et
655 1674 987 1747 Sydracum.
1047 1675 1302 1733 Priorem
1363 1676 1643 1733 Salamam
1673 1693 1907 1749 quoque
1936 1693 2037 1749 ap-

386 1759 604 1839 pellare
625 1764 835 1831 solent,
859 1781 973 1837 quo
997 1767 1231 1821 nomine
1253 1765 1347 1821 his
1396 1765 1725 1822 celebratur
1754 1765 2036 1823 carmini-

384 1853 500 1911 bus
529 1870 599 1911 ex
622 1853 950 1926 jEthiopico
979 1853 1165 1910 versis
1194 1871 1228 1911 a
1260 1853 1565 1925 Ludolpho
1593 1872 1606 1911 :

386 1942 631 2000 Salutem
659 1960 783 2000 voce
813 1944 1024 2001 laetitia
1052 1943 1171 2000 dico
1202 1944 1275 2014 ei,

384 2014 539 2086 Magn
548 2017 740 2086 iﬁcans
770 2024 820 2072 et
848 2015 1111 2071 extollens
1140 2031 1284 2078 eum,

383 2087 688 2154 Salamam,
702 2087 944 2158 januam
965 2087 1365 2143 misericordia:
1386 2091 1438 2141 et
1466 2087 1762 2143 clementia:
1783 2103 1796 2142 :

391 2160 496 2228 Qui
522 2161 666 2215 oriri
691 2160 822 2231 fecit
879 2160 941 2216 in
992 2159 1279 2231 .‘Ethiopia
1334 2160 1566 2215 luminis
1622 2158 2040 2286 Christfidiplen-

1903 2247 2040 2286 rent.

386 2300 524 2371 Cum
550 2305 714 2357 antea
742 2302 803 2357 in
831 2317 896 2357 ea
925 2301 1109 2373 caligo
1137 2310 1189 2359 et
1220 2301 1462 2359 tenebrae
1500 2303 1752 2374 fuissent.
1807 2231 2040 2301 morem,

385 2391 673 2465 Fremona
715 2391 854 2448 item
912 2394 1105 2447 exstat
1160 2391 1444 2464 oppidum
1502 2390 1562 2446 in
1618 2392 1821 2447 eodem
1853 2391 2041 2464 Tigrw

386 2496 567 2553 regno
625 2480 826 2565 situm,
886 2497 955 2535 ex
1012 2480 1357 2537 Fremonato
1416 2497 1516 2537 seu
1576 2481 1911 2537 Frumentio
1962 2480 2043 2536 ita

386 2569 634 2626 dictum.
668 2568 990 2625 Frumentii
1023 2572 1219 2625 autem
1252 2568 1536 2625 memoria
1565 2570 1721 2642 apud
1742 2568 2041 2642 [Ethiopes

388 2657 722 2715 celebratur
749 2658 843 2714 die
883 2657 1111 2713 decima
1141 2662 1343 2714 octava
1400 2658 1753 2714 Decembris.
1791 2656 2036 2714 Unicum

386 2753 510 2821 regi
541 2747 779 2804 obeunti
832 2746 1018 2803 tilium
1070 2747 1255 2804 fuisse
1299 2753 1584 2803 memorat
1615 2747 1900 2815 Rufinus;
1936 2747 2038 2803 sed

384 2836 691 2895 Athanasii
742 2837 1197 2910 fEthiopumque
1255 2836 1609 2893 testimoniis
1652 2842 2038 2908 compertum,

388 2927 539 2983 duos
564 2926 743 2982 fuisse
766 2926 995 2991 fratres,
1018 2925 1119 2998 qui
1136 2926 1289 2998 apud
1310 2925 1698 2983 Athanasium
1716 2925 1775 2981 in
1794 2924 2043 2997 epistola

312 3043 316 3046 ⁴
387 3015 715 3073 Constantii
730 3016 803 3071 ad
820 3016 1055 3071 eosdem
1076 3015 1367 3088 principes
1388 3014 2042 3088 nuncupanturAziana

388 3107 446 3160 et
470 3104 693 3160 Zazana
712 3104 1044 3159 Auxumeos
1065 3103 1320 3177 tyranni,
1344 3102 1417 3159 ab
1446 3102 1814 3176 [Ethiopibus
1842 3108 2037 3160 autem

386 3192 619 3249 Abreha
641 3191 986 3263 etAtzbeha,
1004 3208 1118 3265 quo
1132 3192 1370 3248 nomine
1388 3192 1739 3266 principium
1757 3191 2041 3249 memoria

388 3281 668 3353 recolitur
696 3281 789 3338 die
814 3282 846 3336 4
876 3262 1166 3352 Octobris,
1207 3262 1514 3354 atquevhis
1570 3262 1933 3339 carminibus
1964 3283 2037 3339 ab
2068 3262 2111 3330 (ἶ

383 3371 650 3445 Ethiope
676 3375 806 3427 vate
846 3369 1177 3428 celebratur
1202 3386 1215 3424 :

384 3461 632 3519 Salutem
661 3459 889 3517 Abrehw
916 3468 968 3515 et
994 3458 1268 3527 Atzbehze,
1297 3462 1395 3532 qui
1421 3460 1679 3517 sederunt

381 3537 446 3590 In
477 3548 647 3603 regno
662 3548 792 3597 uno,
827 3532 997 3587 multo
1026 3547 1083 3586 se
1107 3540 1375 3587 amantes.

379 3606 587 3661 Priscis
642 3603 982 3668 hominibus,
1044 3604 1143 3674 qui
1194 3604 1256 3658 in
1283 3605 1577 3677 praeceptis
1621 3604 1767 3677 legis
1787 3603 2034 3659 Mosaicae

1562 3673 1577 3744 i
1583 3673 1961 3742 ambulabant,

383 3746 489 3807 Ore
574 3762 765 3803 eorum
838 3743 1209 3817 praedicatum
1264 3747 1373 3817 fuit
1444 3743 1668 3802 verbum
1719 3747 2037 3829 fuangelii

380 3890 448 3946 Et
531 3887 790 3944 manibus
876 3902 1068 3944 eorum
1126 3902 1339 3960 quoque
1392 3888 1664 3961 aediﬁcata
1716 3816 2036 3959 μῖξιῗέὺὶ-

1638 3960 1792 4029 (latio
1820 3960 1959 4032 ejus.

379 4048 803 4106 Exinveterata
823 4047 1079 4120 quadam
1105 4046 1379 4119 opinione
1401 4052 1617 4115 ortum,
1642 4048 1794 4120 quod
1820 4047 2036 4104 dicitur

380 4137 593 4195 horum
625 4135 956 4210 principum
987 4153 1104 4193 evo
1134 4136 1321 4210 legem
1354 4136 1671 4193 Mosaicam
1707 4137 2033 4194 obtinuisse

380 4227 440 4283 in
461 4225 828 4282 Habessinia.
856 4224 1003 4281 Nam
1030 4228 1236 4297 putant
1260 4240 1463 4298 regum
1482 4242 1725 4282 suorum
1743 4225 2030 4298 originem

380 4316 582 4373 ducta
612 4315 870 4387 quodam
928 4313 1303 4381 Menileheco,
1362 4313 1692 4370 Salomonis
1734 4331 1803 4370 ex
1831 4314 2034 4386 regina

379 4405 535 4463 Saba
563 4404 684 4461 filio
713 4422 726 4460 :
757 4421 885 4476 quas
917 4421 1009 4461 res
1040 4403 1352 4474 sagacibus
1375 4402 1633 4458 fabulam
1666 4403 1840 4475 sapit.
1867 4404 2030 4470 Quod

377 4511 511 4552 vero
533 4494 682 4551 ritus
696 4492 923 4550 Judaici
947 4509 1063 4548 non
1096 4492 1268 4566 pauci
1289 4492 1442 4563 apud
1476 4509 1576 4547 eos
1604 4493 1676 4547 ad
1702 4492 1822 4548 haec
1844 4508 2032 4563 usque

2064 1891 2113 1957 B

2148 627 2283 667 cum
2315 611 2579 685 exemplo
2610 612 2922 670 Metrodori
2954 614 3305 689 philosophi,
3338 615 3439 688 qui
3472 615 3533 671 in
3567 614 3798 671 ulterio-

2147 716 2270 755 rem
2294 700 2518 756 Indiam
2545 703 2978 775 commigraret,
3003 704 3207 760 dicunt
3228 703 3551 776 Meropium
3574 708 3796 765 tantam

2148 789 2478 862 suscepisse
2510 790 2961 863 navigationem.
2991 792 3305 849 Metrodori
3348 795 3545 848 autem
3574 793 3800 848 reditus

2147 878 2208 934 in
2248 896 2469 935 annum
2521 886 2586 935 ut
2640 880 2819 937 citius
2867 883 2972 937 324
3001 882 3249 938 conferri
3280 887 3545 955 oportere
3573 886 3798 939 certum

2146 974 2254 1024 est.
2279 973 2427 1024 Nam
2448 985 2518 1025 ex
2544 969 2644 1025 illa
2694 970 3162 1044 peregrinatione
3190 988 3480 1041 reversus,
3511 973 3799 1029 Constan-
3880 976 3891 983 '

2146 1057 2337 1113 tinum
2359 1058 2617 1131 Byzantii
2644 1059 2905 1130 offendit,
2930 1059 3029 1131 qui
3053 1077 3320 1132 gemmas
3345 1060 3711 1133 unionesque
3730 1077 3801 1117 ex

2146 1147 2313 1202 India
2339 1147 2539 1202 furtim
2573 1146 2799 1204 ablatas
2828 1149 2983 1204 dono
3014 1149 3192 1204 dedit.
3226 1148 3336 1214 Qui
3376 1150 3799 1207 Constantinus

2146 1251 2300 1290 anno
2325 1239 2552 1292 tantum
2579 1238 2680 1294 324
2710 1237 2963 1294 Orientis
2988 1238 3231 1309 imperio
3255 1239 3498 1311 potitus,
3525 1257 3642 1296 non
3664 1244 3800 1295 ante

2149 1323 2337 1396 potuit
2367 1325 2624 1395 Byzantii
2656 1325 2980 1382 considere.
3034 1326 3093 1383 Si
3152 1344 3286 1384 vero
3343 1329 3636 1401 Meropius
3663 1333 3804 1401 post

2148 1413 2458 1469 Metrodori
2491 1414 2742 1471 reditum
2774 1416 3070 1487 profectus
3100 1421 3209 1485 est,
3242 1433 3394 1473 anno
3426 1422 3568 1490 puta
3590 1419 3696 1473 3‘35
3715 1417 3803 1474 vel

2147 1502 2274 1571 326,
2308 1501 2409 1575 qui
2438 1503 2692 1575 potuerit
2724 1503 3102 1560 Frumentius
3149 1505 3261 1560 sub
3310 1503 3547 1562 initium
3574 1506 3800 1579 episco-

2147 1594 2324 1663 patus
2345 1591 2646 1648 Athanasii
2669 1590 3079 1649 Alexandriam
3104 1594 3357 1664 venisse,
3389 1595 3512 1667 qui,
3548 1596 3631 1650 uti
3656 1594 3802 1651 dixi-

2149 1697 2284 1736 mus
2315 1698 2514 1753 supra,
2548 1698 2703 1736 anno
2733 1682 2839 1736 326
2868 1681 3089 1738 electus
3120 1687 3210 1739 est
3265 1683 3625 1759 episcopus?
3654 1684 3804 1741 Nam

2147 1773 2358 1841 praeter
2389 1768 2533 1825 illud
2589 1769 2649 1824 in
2706 1770 3134 1844 peregrinando
3195 1771 3464 1844 elapsum
3524 1772 3806 1846 temporis

2147 1858 2429 1931 spatium,
2465 1875 2652 1915 annos
2683 1860 2824 1914 sane
2857 1857 3146 1933 plurimos
3175 1862 3367 1933 egisse
3396 1861 3805 1920 Frumentium

2153 1964 2389 2004 necesse
2416 1950 2527 2016 est,
2584 1947 2704 2003 sive
2765 1964 2899 2004 cum
2958 1948 3263 2023 Ethiopiaa
3322 1966 3474 2023 rege,
3525 1951 3647 2008 sive
3677 1955 3810 2024 post

2150 2036 2492 2093 defunctum
2525 2053 2721 2109 regem
2752 2055 2886 2093 cum
2940 2038 3162 2111 regina,
3220 2056 3408 2112 usque
3441 2039 3583 2097 dum
3613 2040 3808 2098 adole-

2149 2124 2371 2182 vissent
2401 2124 2527 2180 filii.
2584 2125 2737 2182 Sane
2794 2127 2844 2182 si
2900 2131 3178 2201 suscepta
3234 2128 3624 2202 peregrinatio
3674 2134 3811 2203 post

2151 2214 2464 2271 Metrodori
2498 2213 2750 2271 reditum
2784 2215 2913 2284 fuit,
2944 2216 3038 2272 vix
3067 2233 3222 2273 anno
3278 2218 3383 2272 340
3440 2222 3634 2290 potest
3663 2220 3807 2275 Fru-

2151 2303 2356 2359 mentii
2387 2303 2800 2360 Alexandriam
2832 2306 3129 2376 profectus
3160 2304 3496 2379 contigisse.
3517 2308 3705 2380 Atque
3725 2308 3810 2366 ita

2156 2409 2272 2448 non
2317 2392 2491 2464 paulo
2524 2396 2657 2465 post
2691 2392 2938 2450 electum
2970 2393 3365 2451 Athanasium
3394 2395 3805 2455 Alexandriam

2149 2483 2373 2538 venerit
2402 2501 2415 2550 ;
2440 2483 2539 2538 sed
2565 2481 2769 2538 multis
2798 2487 2931 2555 post
2952 2483 3143 2538 annis.
3167 2483 3386 2541 Verum
3413 2484 3506 2541 his
3529 2487 3827 2562 omnibus-

2151 2570 2495 2640 occurritur,
2517 2572 2567 2626 si
2591 2572 2935 2645 Meropium,
2969 2589 3084 2627 non
3118 2578 3447 2645 exspectato
3494 2575 3805 2632 Metrodori

2151 2659 2362 2727 reditu,
2394 2659 2787 2732 zEthiOpicum
2818 2660 2929 2717 iter
2977 2661 3306 2718 instituisse
3365 2661 3652 2719 dicamus.
3686 2664 3800 2720 Nec

2151 2748 2451 2822 quidpiam
2482 2749 2542 2804 in
2565 2750 2757 2805 Ruﬁni
2789 2750 3121 2807 narratione
3142 2756 3461 2823 comparet,
3485 2754 3638 2825 quod
3668 2752 3804 2811 huic

2151 2838 2452 2895 sententiae
2482 2840 2846 2895 adversetur.
2877 2839 2942 2896 In
2972 2858 3195 2896 annum
3227 2858 3365 2914 ergo
3413 2842 3647 2899 circiter
3673 2844 3802 2914 330,

2150 2926 2239 2982 vel
2266 2928 2512 2983 fortasse
2543 2928 2854 2996 maturius,
2890 2930 3241 2986 conferenda
3291 2930 3614 2989 Frumentii
3644 2932 3804 2988 ordi-

2150 3016 2308 3072 natio
2331 3016 2577 3073 videtur.
2609 3018 2918 3075 Promotus
2940 3017 3036 3075 ille
3060 3019 3133 3075 ab
3154 3018 3476 3079 Athanasio
3499 3021 3558 3076 in
3586 3021 3807 3078 zEthio-

2150 3104 2258 3176 piaa
2289 3105 2651 3178 episcopum,
2679 3110 2911 3179 gentem
2940 3106 3101 3163 illam
3133 3106 3347 3164 Christi
3394 3109 3660 3169 doctrina
3678 3110 3807 3167 illu-

2149 3195 2376 3263 stravit,
2408 3195 2655 3267 ejusque
2683 3195 2985 3268 apostolus
3016 3194 3219 3253 haberi
3252 3197 3487 3254 meruit.

2218 3342 2383 3395 ANNO
2411 3355 2673 3395 cmcrrsn
2701 3340 2827 3395 331.
2858 3371 2925 3382 -
2962 3340 3011 3395 1.
3042 3341 3316 3398 Eusebius
3344 3346 3581 3399 conatur
3607 3344 3803 3399 Arium

2148 3428 2543 3484 Alexandriam
2624 3430 2922 3485 remittere.
3012 3430 3328 3487 Mcletianos
3391 3433 3503 3488 sibi
3564 3433 3798 3488 asciscit.

2144 3548 2214 3558 —
2240 3517 2530 3573 Eusebius
2554 3533 2725 3588 porro
2748 3523 2805 3573 et
2824 3517 3082 3590 asseclas,
3105 3518 3276 3591 pulso
3304 3521 3611 3578 Eustathio
3634 3525 3801 3578 caete-

2143 3607 2340 3679 risque
2368 3606 2484 3661 veri
2517 3606 2948 3673 defensoribus,
2981 3608 3053 3663 ad
3094 3607 3203 3663 hoc
3236 3625 3446 3665 nervos
3476 3626 3681 3667 omnes
3712 3610 3800 3666 in-

2143 3695 2383 3751 dustria
2421 3696 2870 3764 contenderunt,
2890 3701 2955 3751 ut
2973 3695 3093 3750 Arii
3114 3695 3525 3753 Alexandriam
3575 3715 3801 3772 regres-

2145 3800 2276 3841 sum
2308 3783 2693 3856 impetrarent
2721 3784 2840 3853 (a);
2895 3798 3147 3854 cumque
3207 3785 3573 3841 occasionem
3630 3786 3715 3857 illi
3745 3792 3804 3843 et

2142 3888 2349 3928 ansam
2376 3871 2643 3945 gerendae
2667 3871 2750 3927 rei
2794 3871 3109 3943 percupide
3158 3871 3555 3937 observarent,
3589 3889 3800 3946 oppor-

2140 3964 2285 4017 tune
2314 3961 2522 4016 cecidit
2552 3964 2616 4015 ut
2642 3964 2769 4015 tum
2804 3958 3098 4015 Meletiani
3124 3976 3228 4032 per
3256 3964 3569 4034 Egyptum
3597 3963 3801 4021 turbas

2142 4050 2373 4117 darent,
2405 4065 2471 4105 ac
2502 4053 2704 4105 contra
2735 4065 2908 4121 quam
2954 4049 3145 4105 fuerat
3204 4049 3261 4105 in
3315 4051 3549 4107 Nicsena
3579 4054 3799 4125 synodo

2142 4138 2473 4206 definitum,
2516 4138 2694 4195 rebus
2734 4154 2863 4194 sese
2924 4138 3325 4195 immiscerent
3359 4140 3797 4199 ecclesiasticis.

2140 4228 2421 4284 Homines
2451 4228 2809 4284 Athanasius
2842 4228 3136 4299 precibus,
3187 4228 3600 4300 hortamentis,
3633 4247 3800 4287 com-

2141 4317 2568 4374 minationibus
2600 4318 2671 4373 ad
2717 4316 2977 4373 officium
3025 4333 3295 4375 revocare
3345 4319 3800 4392 societatemque

2140 4406 2576 4464 communionis
2605 4406 2752 4462 inire
2780 4407 3068 4462 tentabat.
3102 4409 3174 4463 At
3204 4408 3647 4465 Meletianorum
3667 4427 3797 4482 pro-

2139 4495 2322 4553 tervia
2352 4497 2571 4552 frustra
2600 4496 2777 4552 cessit
2825 4501 3093 4551 conatus.
3153 4500 3233 4552 Re
3292 4502 3593 4570 comperta
3621 4499 3798 4555 Euse-

376 4576 646 4657 tempora
678 4600 788 4640 usu
818 4583 1077 4652 veniant,
1118 4582 1179 4639 id
1223 4582 1378 4637 unde
1435 4598 1814 4655 progressum
1872 4580 2030 4637 haud
2068 4634 2111 4658 η
2143 4585 2296 4652 bius,
2328 4589 2456 4641 tum
2488 4584 2757 4641 factionis
2789 4601 2907 4639 suae
2963 4584 3132 4641 facile
3181 4586 3475 4658 princeps.
3510 4587 3693 4643 mittit
3723 4589 3794 4644 ad

378 4634 1804 4745 ξιῖἇῑὲἷιὲᾏέἷΝᾷώῌιίιιῖάιιὲωοωω
1836 4671 2034 4726 multi—
2067 4634 2113 4698 Β
2143 4634 2504 4746 Meletianos,
2563 4691 2712 4746 quos
2799 4674 3029 4748 magnis
3105 4634 3215 4730 sib‘i
3276 4634 3797 4748 pollicitationibus

375 4764 519 4820 tudo
543 4763 668 4835 jam
701 4761 840 4817 olim
870 4777 937 4817 eo
968 4760 1272 4824 conﬂuxit,
1335 4764 1399 4815 ut
1458 4777 1573 4815 non
1606 4758 1786 4815 semel
1810 4759 2027 4831 Negusi

377 4870 483 4910 seu
540 4850 913 4925 imperatoris
972 4850 1171 4922 copias
1226 4850 1435 4916 adorti,
1466 4848 1525 4904 in
1557 4847 1872 4904 discrimen
1904 4864 2026 4904 rem

375 4940 760 5013 IEthiopicam
806 4938 1175 4995 adduxerint.
1225 4941 1581 4993 Memoratur
1621 4952 1762 4992 sane
1789 4936 2028 4993 Judzeus

377 5029 618 5104 quidam
649 5029 884 5085 Gedeon
915 5027 1175 5094 nomine,
1217 5026 1317 5099 qui
1376 5043 1510 5082 cum
1572 5025 2027 5097 imperatoribus

377 5124 630 5193 quatuor
671 5122 905 5174 strenue
962 5133 1115 5189 saepe
1170 5132 1545 5188 congressus,
1604 5115 1843 5171 demum
1874 5132 2026 5172 anno

375 5208 515 5265 4624
544 5208 733 5264 victus
763 5211 1091 5280 captusque
1123 5222 1326 5277 pcenas
1347 5205 1526 5261 dedit.
1554 5204 1641 5259 Ab
1664 5204 1823 5260 hisce
1844 5205 2027 5277 igitur

373 5296 594 5354 Judzeis
613 5296 841 5352 invecta
860 5300 1103 5368 putatur
1131 5294 1521 5361 circumcisio,
1547 5293 1785 5350 Sabbati
1817 5296 2021 5351 obser-

375 5386 552 5453 vatio,
583 5390 642 5440 et
673 5385 895 5441 similes
936 5385 1105 5440 ritus.

444 5476 499 5531 7.
532 5474 665 5531 Jam
695 5474 850 5545 quod
886 5490 1106 5529 annum
1161 5472 1367 5530 delecti
1422 5474 1495 5529 ab
1523 5473 1841 5532 Athanasio
1873 5476 2019 5532 Fru-

376 5563 560 5621 menti
610 5567 854 5635 spectat,
914 5563 1071 5619 haud
1131 5562 1312 5619 levem
1370 5564 1775 5619 controversim
1814 5581 2017 5619 ansam

445 5672 521 5745 (α)
543 5670 755 5727 Athan.
776 5669 1003 5742 Apolog.
1023 5673 1220 5726 contra
1239 5670 1493 5740 Aricinos,
1519 5688 1576 5726 n.
1595 5672 1665 5726 59
1690 5689 1704 5740 ;
1729 5670 2016 5743 Epiphan.

374 5743 576 5802 heres.
610 5758 807 5801 vam.
1784 5772 1791 5778 η

2139 4762 2427 4831 devincit;
2462 4763 2725 4835 initaque
2753 4780 2886 4818 cum
2944 4761 3064 4819 illis
3120 4763 3457 4821 clanculum
3513 4766 3794 4834 amicitia,

2138 4854 2209 4909 de
2238 4852 2359 4907 Arii
2390 4851 2579 4908 reditu
2610 4850 2918 4907 constituit
2946 4852 3261 4924 agendum.
3314 4855 3627 4925 Postquam
3658 4869 3795 4927 ergo

2138 4942 2300 5014 prius
2312 4941 2511 4997 Ariani
2532 4957 2667 4996 cum
2689 4939 3013 4996 Meletianis
3027 4934 3358 4999 simultates
3380 4947 3580 5014 aperte
3596 4958 3794 5016 gesse-

2137 5035 2271 5088 rant
2299 5032 2396 5102 (b),
2429 5030 2527 5086 ubi
2562 5030 2942 5085 adverterunt
2986 5028 3216 5102 plebem
3263 5030 3574 5087 catholicis
3600 5048 3793 5087 sacer-

2134 5121 2371 5177 dotibus
2399 5136 2529 5176 esse
2551 5118 2871 5186 addictam,
2895 5118 3248 5176 stimulante
3272 5119 3473 5187 livore,
3497 5120 3789 5191 ejusmodi

2134 5211 2322 5266 fmdus
2356 5209 2507 5264 inter
2537 5226 2599 5265 se
2629 5208 2908 5274 inierunt,
2942 5224 3404 5281 communesque
3441 5209 3790 5266 inimicitias

2132 5303 2522 5372 susceperunt
2551 5299 2833 5354 adversus
2863 5296 3084 5353 clerum
3135 5298 3622 5355 Alexandrinum.
3650 5299 3787 5364 Quae

2131 5406 2223 5445 res
2254 5387 2407 5444 male
2434 5386 2604 5442 vertit
2634 5386 2958 5442 Meletianis
2989 5388 3099 5459 (c):
3153 5404 3221 5443 ex
3249 5387 3599 5444 Arianorum
3631 5388 3789 5445 enim

2129 5476 2558 5534 consuetudine
2596 5479 2655 5530 et
2684 5474 2961 5531 societate
2986 5492 3138 5531 verse
3168 5476 3304 5532 ﬁdei
3326 5477 3623 5547 jacturam
3643 5476 3791 5532 fece-

2131 5572 2282 5635 rant,
2320 5566 2532 5621 hausto
2582 5563 2803 5619 sensim
2847 5564 3062 5621 erroris
3092 5580 3335 5637 veneno,
3367 5563 3448 5620 ita
3479 5568 3545 5621 ut
3583 5570 3641 5622 et
3670 5565 3788 5637 ipsi

2224 5673 2277 5742 b)
2308 5668 2617 5742 sozomrl.
2647 5686 2717 5742 An,
2751 5670 3002 5742 cap.72t.

2224 5674 2277 5742 b)
2308 5674 2536 5727 Sozam.
2569 5674 2609 5725 l.
2655 5686 2717 5738 11,
2751 5685 2878 5741 cap.
2911 5674 2935 5722 2

2196 5674 2270 5817 Ec)
2296 5741 2510 5811 Athan.
2542 5740 2710 5814 ibid.,
2745 5758 2809 5803 n.
2840 5741 2935 5812 60,
