4170 6388
1683 417 1866 484 VITA
1914 416 1979 479 S.
2027 416 2476 481 ATHANASII.

3588 432 3793 485 ικιπι

370 568 627 630 persmpo
655 552 855 613 Ariani
889 554 1009 613 sint
1037 550 1332 627 appellati.
1388 553 1506 610 Hoc
1556 552 1751 625 juncti
1791 552 2024 619 foedere,
2055 554 2114 620 Α
2140 554 2299 610 Nova
2338 572 2429 610 res
2467 558 2645 627 atque
2701 554 3051 612 admiranda
3104 552 3442 629 imperatori
3495 555 3621 613 visa
3670 559 3779 612 est.

374 662 611 719 operam
634 646 786 701 inter
802 662 863 700 se
888 645 1242 712 diviserunt;
1268 648 1331 699 ut
1352 640 2025 699 Meletianicallidissimi

374 734 646 792 homines
677 739 735 789 et
773 736 843 790 ad
895 734 1222 789 calumnias
1255 750 1486 805 semper
1524 732 1733 804 parati,
1770 748 1872 803 pro
1902 730 2027 786 suis

370 824 640 897 partibus
670 824 985 879 criminum
1009 822 1415 879 conﬁctionem
1438 818 2028 892 susciperent,Ariani

373 931 529 980 vero,
592 914 1054 969 Eusebianorum
1112 912 1301 984 gratia
1368 915 1425 966 et
1476 910 1819 966 auctoritate
1876 908 2025 976 freti,

375 1002 579 1074 iudicii
615 1003 835 1077 ferendi
872 1002 985 1057 sibi
1018 1006 1215 1073 partes
1244 1000 1625 1056 vindicarent.

448 1105 501 1155 2.
536 1102 758 1156 Eusebii
786 1099 1088 1155 calumnia
1120 1101 1179 1155 in
1210 1100 1593 1155 Athanasium.
1647 1098 1811 1153 Arius
1840 1105 1889 1152 et
1921 1097 2028 1151 Eu-

372 1193 532 1246 zoius
563 1190 814 1246 libellum
841 1190 970 1259 ﬁdei
990 1190 1224 1261 offerunt
1247 1189 1704 1243 Constantino.—
1728 1188 1796 1241 Et
1824 1185 2033 1258 princi-

379 1280 475 1353 pio
507 1280 745 1351 quidem
778 1279 1067 1333 Eusebius
1113 1277 1417 1333 Athanasii
1452 1277 1716 1332 animum
1764 1275 2030 1345 tentavit,

379 1368 815 1442 optatissimum
849 1367 961 1422 sibi
996 1372 1209 1438 putans
1241 1383 1368 1422 esse
1390 1367 1562 1438 (a),ac
1593 1366 1769 1421 rebus
1798 1364 2037 1419 Ariano-

383 1475 515 1514 rum
550 1456 838 1530 augendis
859 1454 1489 1524 commodissimum,si
1511 1458 1712 1509 tantus
1736 1453 1834 1508 ille
1855 1454 1940 1508 vir
1963 1453 2032 1507 ad

380 1563 580 1603 eorum
614 1550 811 1617 partes
840 1545 1139 1600 accederet
1202 1562 1215 1612 ;
1274 1561 1338 1598 ac
1394 1544 1604 1599 litteris
1644 1543 1878 1613 quidem
1912 1542 2037 1597 suis

381 1636 626 1708 rogabat
680 1634 913 1690 Arianis
971 1633 1218 1698 aditum,
1267 1631 1555 1688 tabellarii
1614 1636 1811 1687 autem
1864 1647 2040 1703 opera

383 1724 878 1781 interminabatur
905 1722 1139 1779 insidiis
1168 1723 1565 1793 appetendum
1598 1720 1741 1785 fore,
1766 1719 1880 1775 nisi
1902 1736 2009 1775 con
2033 1755 2039 1761 ι

383 1815 615 1870 cederet
646 1811 1029 1884 postulatum.
1092 1811 1307 1866 Verum
1365 1809 1746 1874 Athanasius,
1798 1808 1898 1864 ubi
1949 1825 2039 1864 res

2138 643 2588 717 Respondetque
2619 646 2847 719 roganti
2884 663 2895 701 :
2930 670 2957 697 ‹‹
2984 646 3043 703 Si
3075 646 3324 702 decretis
3354 645 3560 719 synodi
3592 645 3786 718 Arius,

2137 734 2187 789 si
2254 735 2527 790 doctrinas
2596 736 2967 807 astipulatur,
3022 736 3273 792 libenter
3338 736 3638 792 hominem
3715 737 3787 792 ad

2138 827 2515 895 conspectum
2579 826 2911 894 admittam,
2962 830 3019 881 et
3068 842 3202 881 cum
3261 826 3480 881 honore
3536 825 3789 882 Alexan-

2140 912 2328 969 driam
2387 915 2591 969 reverti
2644 916 2982 970 concedam.
3045 938 3064 963 υ
3103 915 3452 987 Litterisque
3482 916 3793 971 confestim

2139 1008 2337 1058 evocat
2363 1003 2563 1058 Arium
2588 1004 2682 1075 (ο).
2713 1005 3247 1060 Procrastinantem
3280 1010 3345 1061 ut
3372 1005 3549 1073 videt,
3580 1021 3791 1061 secun-

2140 1092 2247 1147 das
2273 1092 2472 1161 mittit,
2504 1094 2573 1146 27
2606 1093 2949 1150 Novembris
2982 1095 3171 1162 datas,
3208 1095 3426 1166 quibus
3456 1095 3799 1151 cohortatur

2142 1186 2205 1237 ut
2236 1182 2560 1254 profectum
2592 1186 2868 1251 maturet,
2904 1200 3007 1238 nec
3040 1201 3235 1239 moras
3292 1184 3533 1240 alterius
3582 1184 3799 1255 trahat,

2144 1273 2245 1327 sed
2278 1288 2595 1327 conscenso
2630 1271 2859 1343 publico
2890 1272 3154 1328 vehiculo
3214 1289 3277 1328 se
3323 1272 3649 1329 conveniat.
3701 1273 3801 1328 llis

2148 1360 2404 1432 acceptis
2434 1360 2631 1429 Arius,
2683 1360 2999 1417 comitante
3054 1362 3268 1417 Euzoio
3324 1361 3566 1418 diacono
3598 1362 3802 1435 impie-

2144 1448 2717 1520 tatis,abdicationis,
2762 1448 2947 1505 exsilii
3005 1450 3163 1506 socio
3214 1450 3627 1523 imperatorem
3659 1451 3799 1507 adit.

2144 1539 2540 1594 Accendentes
2562 1538 2885 1611 imperator
2913 1542 3310 1611 percontatur,
3332 1556 3605 1596 veramne
3626 1541 3802 1596 ﬁdem

2148 1628 2714 1699 sectentur.Sectari,
2748 1628 3022 1700 amplecti
3053 1645 3178 1684 eam
3209 1630 3585 1701 respondent.
3611 1630 3805 1686 Libel-

2148 1715 2273 1772 lum
2304 1716 2436 1772 ﬁdei
2469 1718 2606 1772 dare
2628 1718 2817 1788 jubet.
2852 1716 2942 1773 Illi
2977 1719 3241 1790 protinas
3278 1719 3531 1775 offerunt
3560 1720 3807 1775 medita-

2148 1810 2277 1862 tum
2302 1806 2630 1876 vaferrime,
2663 1810 2722 1862 et
2750 1807 2969 1863 dolosis
2997 1808 3189 1864 verbis
3221 1808 3658 1878 concinnatum,
3680 1826 3809 1881 quae

382 1903 669 1976 agebatur
696 1900 1092 1957 ecclesiastica
1131 1899 1556 1967 labefactanda,
1592 1916 1697 1953 nec
1728 1897 1905 1953 minis
1937 1914 2041 1952 nec
2075 1928 2122 1992 B
2152 1912 2257 1951 nec
2287 1900 2485 1967 aperte
2516 1897 2690 1951 fidem
2718 1895 3156 1969 impugnarent,
3192 1914 3381 1969 neque
3411 1898 3626 1955 erroris
3651 1899 3813 1956 virus

384 1992 656 2064 precibus
715 1994 1102 2062 opportunus,
1135 1987 1352 2060 optatis
1383 1987 1618 2043 Eusebii
1652 1987 1857 2042 abnuit
1889 2004 1901 2042 :
1941 2002 2045 2040 nec

385 2082 560 2139 modo
591 2078 823 2135 Arianis
846 2096 963 2134 non
986 2078 1209 2133 aditum
1236 2077 1755 2145 concessit,verum
1787 2076 1961 2131 etiam
1983 2075 2044 2129 in

385 2186 589 2227 eorum
624 2168 826 2224 hieresi
851 2167 1229 2238 exstirpanda
1246 2183 1432 2238 operae
1456 2182 1688 2237 semper
1718 2164 2044 2236 plurimum

386 2258 684 2330 studiique
732 2257 1118 2329 consumpsit.
1154 2258 1288 2321 Quae
1325 2272 1417 2310 res
1448 2254 1680 2311 Eusebii
1713 2258 1770 2308 et
1797 2258 2045 2309 sectato-

386 2365 522 2404 rum
581 2348 713 2418 ejus
770 2346 1035 2401 animum
1086 2343 1537 2415 exasperavitin
1597 2342 1944 2398 antistitem.
1978 2344 2048 2398 Et

388 2436 713 2509 conspicati
746 2452 861 2490 non
894 2451 1064 2507 posse
1094 2433 1281 2488 virum
1339 2433 1410 2488 ab
1471 2432 1740 2488 instituto
1768 2431 2044 2498 revocari,

389 2526 823 2600 promotionem
878 2525 1006 2595 ejus
1064 2523 1125 2577 in
1158 2523 1355 2578 sedem
1386 2521 1775 2593 episcopalem
1809 2521 1867 2575 in
1899 2521 2043 2576 invi-

390 2615 550 2672 diam
564 2617 774 2670 vocant
797 2612 1127 2683 ;juniorem
1142 2628 1246 2682 pro
1263 2616 1426 2666 tanto
1444 2609 2045 2682 munere,indignum,

391 2702 463 2757 ab
494 2700 782 2772 improbis
814 2700 1102 2755 delectum
1126 2699 1591 2770 ementiti,cujus
1621 2697 2047 2754 criminationis

390 2790 617 2846 vanitas
648 2806 717 2845 ex
768 2788 1053 2845 recensita
1112 2788 1386 2859 superius
1443 2788 1698 2859 cooptati
1752 2786 2048 2843 Athanasii

396 2880 619 2936 ratione
670 2877 983 2950 perspicua
1014 2880 1120 2933 est.
1157 2877 1384 2933 Ruebat
1441 2883 1649 2949 suapte
1705 2876 2049 2932 infirmitate

396 2967 710 3034 calumnia,
733 2967 983 3023 testibus
1012 2965 1342 3022 innumeris
1370 2966 1453 3022 rei
1483 2966 1787 3021 veritatem
1820 2964 2045 3037 procla-

394 3055 1010 3113 mantibus.lntellexit
1039 3060 1236 3111 autem
1270 3056 1553 3112 Eusebius
1582 3054 1727 3110 nihil
1758 3054 2050 3127 ejusmodi

390 3145 882 3209 machinamentis
914 3146 1235 3217 perlectum
1268 3144 1360 3215 iri,
1392 3145 1504 3199 nisi
1535 3145 1851 3216 imperator
1880 3160 2051 3200 suam

389 3235 786 3307 interponeret
814 3234 1243 3290 auctoritatem.
1277 3234 1668 3299 Quamobrem
1710 3232 1821 3289 alio
1883 3232 2051 3288 vertit

388 3288 1016 3392 studiis—et'conatusmt
1048 3288 1165 3394 qua
1196 3288 1613 3394 valebatapud
1646 3288 2052 3378 Constantiam
2085 3288 2127 3354 C

389 3414 715 3486 Augustam
749 3412 1094 3468 auctoritate
1123 3414 1181 3467 et
1212 3412 1403 3484 gratia
1430 3428 1574 3467 usus
1593 3412 1696 3482 (b),
1729 3410 2053 3467 ministerio

391 3518 628 3574 quoque
663 3500 927 3557 adhibito
949 3501 1261 3572 cujusdam
1285 3499 1607 3572 presbyteri
1628 3499 1779 3554 inter
1801 3499 2051 3555 familia-

393 3608 487 3650 res
507 3594 787 3662 Augustae
810 3588 1470 3662 computati,mulierem
1493 3588 1758 3643 animum
1781 3588 1855 3643 ad
1889 3589 2051 3644 Aria-

394 3697 606 3736 norum
642 3679 1033 3752 patrocinium
1057 3677 1291 3735 allicere
1323 3677 1682 3734 tentabat.Et
1708 3694 1843 3733 vero
1866 3678 2053 3734 admi-

392 3770 577 3827 nister
596 3767 700 3824 illa
712 3767 1094 3825 consiliorum
1120 3766 1356 3823 Eusebii
1384 3783 1535 3838 saepe
1554 3783 1690 3822 cum
1716 3767 2054 3823 Constantia

392 3859 465 3915 de
501 3859 637 3914 Ario
677 3873 1008 3914 sermonem
1048 3856 1275 3925 habuit,
1335 3856 1526 3911 virum
1594 3856 1756 3912 aiens
1835 3857 2049 3928 injuria

393 3948 669 4005 affectum
700 3947 993 4019 asynodo,
1026 3963 1132 4003 nec
1162 3946 1246 4001 ita
1279 3947 1496 4002 sentire
1529 3950 1595 4001 ut
1625 3945 1783 4019 vulgi
1813 3963 2051 4002 rumore

393 4037 709 4105 ferebatur,
743 4052 838 4093 sec
889 4053 1046 4095 sanae
1096 4035 1234 4092 fidei
1294 4035 1531 4091 haerere.
1576 4035 1680 4091 His
1711 4034 2054 4092 Constantia

394 4127 570 4185 fidem
601 4125 842 4194 habuit;
868 4142 971 4182 nec
1002 4130 1198 4181 tamen
1230 4141 1296 4180 ea
1328 4125 1399 4180 de
1426 4142 1486 4180 re
1508 4124 1846 4197 imperatori
1876 4126 2053 4181 verba

393 4215 582 4272 facere
637 4218 728 4271 est
774 4231 939 4271 ausa.
1000 4213 1223 4269 Accidit
1272 4214 1425 4269 inter
1455 4213 1597 4283 haec,
1631 4217 1697 4268 ut
1725 4214 1784 4268 in
1815 4230 2050 4286 gravem

399 4304 502 4361 illa
536 4304 810 4363 morbum
837 4304 1118 4360 incideret
1141 4320 1155 4360 :
1176 4319 1387 4375 aegram
1434 4303 1752 4374 imperator
1779 4304 2052 4376 frequens

395 4394 611 4450 adibat.
649 4394 1099 4465 Ingravescente
1128 4393 1359 4458 morbo,
1383 4392 1809 4465 desperataque
1827 4392 2052 4449 valetu-

395 4482 563 4549 dine,
585 4482 970 4538 Constantino
1002 4482 1411 4554 presbyterum
1447 4479 1611 4535 illum
1654 4482 2050 4550 commendat,

392 4576 610 4629 testata
646 4571 755 4627 viri
814 4572 1164 4643 probitatem
1217 4571 1387 4641 juxta
1442 4574 1619 4641 atque
1680 4569 2045 4643 religionem,

2154 1984 2549 2041 eliminarent.
2582 1985 2940 2042 Perorabant
2967 1991 3164 2042 autem
3217 1988 3330 2043 sub
3370 1987 3551 2043 libelli
3606 1989 3808 2060 finem,

2155 2077 2451 2145 rogantes,
2484 2074 2718 2145 quando
2750 2091 2896 2130 sana
2925 2078 2981 2129 et
3021 2075 3251 2131 sincera
3282 2080 3479 2131 essent
3509 2075 3809 2149 opinione,

2155 2162 2379 2217 aditum
2412 2161 2524 2217 sibi
2583 2164 2654 2218 ad
2686 2162 3001 2220 Ecclesiam
3061 2180 3176 2219 non
3235 2165 3456 2237 negari.
3516 2166 3636 2221 Hac
3687 2164 3810 2220 Arii

2153 2251 2408 2307 formula
2463 2252 2667 2307 offensi
2726 2251 2898 2308 multi
2951 2257 3307 2309 sectatorum
3357 2255 3505 2325 ejus,
3577 2255 3811 2327 pristini

2156 2340 2372 2396 erroris
2402 2340 2869 2410 retinentissimi,
2899 2342 3116 2414 quibus
3147 2343 3419 2415 impietas
3466 2343 3646 2400 nullis
3677 2343 3813 2399 deli-

2157 2429 2283 2485 nita
2310 2430 2525 2498 verbis,
2573 2434 2638 2486 ut
2689 2431 2975 2503 principio
3029 2432 3219 2487 fuerat
3277 2431 3591 2504 publicata,
3655 2433 3815 2489 cordi

2156 2524 2282 2573 erat
2313 2520 2386 2573 ab
2416 2536 2482 2574 eo
2515 2519 2872 2590 desciscunt,
2904 2520 3220 2592 aliamque,
3252 2520 3609 2592 dispararem
3643 2522 3813 2577 fami-

2156 2606 2297 2663 liam
2347 2608 2675 2678 ordiuntur,
2726 2610 2899 2681 cujus
2930 2610 3255 2666 seoundum
3286 2610 3408 2666 haec
3438 2610 3810 2684 antesignani

2157 2697 2398 2753 fuerunt
2428 2697 2630 2754 Aetius
2660 2702 2717 2755 et
2739 2699 3085 2755 Eunomius.

2235 2790 2399 2843 ANNO
2439 2805 2701 2844 maenaa
2728 2790 2929 2844 332.-—
2961 2792 3012 2844 1.
3046 2791 3210 2845 Arius
3240 2790 3642 2847 Alexandriam
3657 2792 3813 2862 petit.

2162 2876 2552 2934 Constantinus
2564 2879 2720 2949 jubet
2748 2880 2926 2950 recipi
2942 2880 3230 2935 Ariam—
3249 2878 3533 2937 Caeterum
3566 2879 3815 2937 delusus

2162 2967 2275 3022 Arii
2307 2966 2625 3023 calliditate
2655 2967 3094 3037 Constantinus,
3156 2985 3221 3024 eo
3271 2969 3497 3042 appulit
3525 2970 3815 3038 animum,

2162 3060 2227 3111 ut
2258 3073 2393 3112 eum
2425 3056 2835 3112 Alexandriam
2858 3057 3149 3129 proﬁcisci
3172 3057 3363 3114 libens
3393 3059 3817 3131 concederet(d)

2164 3145 2379 3201 Verum
2412 3145 2788 3214 Athanasius,
2844 3146 2944 3217 qui
2975 3146 3272 3201 hominem
3310 3148 3553 3214 pristino
3586 3165 3821 3221 semper

2164 3250 2359 3289 errore
2386 3233 2774 3305 implicatum,
2836 3233 3294 3307 simulatamque
3324 3251 3390 3290 ac
3419 3235 3552 3293 dolo
3582 3236 3817 3309 plenam

2164 3325 2293 3395 ejus
2326 3322 2459 3379 ﬁdei
2510 3323 2941 3378 confessionem
2973 3324 3152 3394 probe
3173 3328 3361 3395 norat,
3397 3325 3625 3380 aditum
3658 3326 3709 3380 ei
3745 3328 3815 3381 ad

2163 3410 2599 3468 Catholicorum
2667 3411 3144 3468 communionem
3192 3413 3541 3469 interclusit.
3580 3415 3650 3469 Et
3681 3431 3817 3471 vero

2163 3518 2280 3556 non
2312 3501 2438 3556 sine
2491 3517 2670 3555 causa
2700 3499 2996 3572 repulsam
3031 3500 3237 3557 tulisse
3264 3502 3466 3558 Arium
3502 3520 3636 3558 mox
3683 3520 3817 3575 pro-

2162 3589 2358 3662 palam
2389 3589 2520 3645 fuit.
2552 3590 2791 3645 Errores
2819 3590 2975 3645 enim
3025 3589 3123 3645 ille
3155 3607 3258 3662 per
3305 3592 3508 3647 urbem
3541 3592 3813 3649 dissemi-

2162 3696 2302 3735 nare
2333 3679 2404 3734 de
2429 3679 2656 3752 integro
2688 3683 2955 3745 conatus,
2988 3680 3197 3736 turbas
3227 3680 3587 3737 Alexandria;
3618 3682 3817 3749 dabat,

2161 3774 2219 3824 et
2246 3768 2306 3823 in
2337 3768 2653 3823 discrimen
2686 3773 2927 3824 vocabat
2954 3785 3157 3840 pacem
3182 3768 3514 3841 reipublicae
3536 3770 3818 3827 Christia-

2161 3875 2269 3915 nae.
2326 3857 2398 3913 Ut
2452 3858 2594 3912 vidit
2658 3856 2944 3913 Eusebius
3015 3858 3236 3914 frustra
3293 3858 3505 3915 tentari
3562 3859 3819 3916 Athana-

2162 3947 2320 4002 sium
2352 3948 2442 4019 (θ),
2479 3947 2592 4002 nisi
2650 3946 3023 4019 imperatoris
3046 3947 3240 4018 jussio
3271 3949 3586 4017 accederet,
3620 3954 3831 4005 auctor

2162 4036 2274 4108 ipsi
2325 4036 2436 4091 fuit
2465 4042 2530 4091 ut
2558 4035 2784 4091 litteras
2812 4037 2885 4091 ad
2919 4037 3241 4093 antistitem
3303 4037 3466 4094 daret
3521 4038 3819 4096 minarum

2162 4125 2644 4198 plenas,quarum
2676 4129 2902 4197 partem
2926 4125 3093 4181 affert
3109 4126 3468 4183 Athanasius
3495 4127 3581 4183 sic
3605 4128 3822 4184 haben-

2161 4220 2280 4270 tem
2320 4232 2333 4269 :
2381 4238 2401 4263 σι
2441 4214 2585 4270 Cum
2620 4214 2802 4288 igitur
2827 4213 3188 4271 voluntatem
3223 4232 3414 4272 meam
3461 4221 3819 4289 compertam

2162 4304 2687 4373 habeas,omnibus
2718 4304 2819 4376 qui
2843 4303 2902 4358 in
2934 4303 3249 4360 Ecclesiam
3284 4305 3510 4361 admitti
3541 4307 3821 4380 efﬂagita-

2162 4394 2574 4460 rint,liberum
2606 4394 2860 4466 praebeto
2894 4393 3250 4467 ingressum.
3275 4393 3334 4449 Si
3358 4411 3505 4466 quos
3536 4399 3734 4451 autem
3758 4396 3818 4452 in
3874 4432 3879 4441 κ

2160 4482 2427 4539 Ecclesiae
2450 4481 2928 4539 communionem
2950 4481 3183 4537 admitti
3213 4482 3514 4554 cupientes
3547 4487 3599 4540 te
3622 4484 3823 4556 prohi~

2160 4573 2491 4640 buisse,aut
2510 4571 2735 4627 aditum
2781 4570 2901 4625 illis
2940 4569 3341 4627 interclusisse
3370 4572 3648 4640 didicero,
3679 4573 3819 4629 mit-

394 4678 621 4721 necnon
654 4660 1004 4717 benevolum
1036 4659 1199 4716 illius
1229 4659 1476 4730 imperio
1536 4659 1821 4713 animum.
1859 4659 2058 4731 Neque
2089 4658 2134 4722 D
2162 4666 2285 4717 tam
2309 4660 2771 4733 quamprimum,
2805 4660 2906 4732 qui
2937 4664 2994 4714 te
3015 4661 3193 4731 jussu
3216 4673 3354 4716 meo
3386 4661 3636 4729 abdicet,
3666 4666 3724 4718 et
3751 4679 3821 4718 ex

394 4749 479 4806 ita
512 4749 698 4806 multo
730 4753 863 4822 post
895 4749 1051 4805 diem
1072 4748 1175 4804 illa
1195 4748 1411 4805 clausit
1432 4748 2053 4821 supremum.Presby-

393 4844 482 4896 ter
527 4839 734 4897 exinde
760 4839 913 4895 inter
943 4837 1440 4895 familiarissimos
1471 4838 1843 4909 imperatoris
1867 4855 2053 4893 annu-

298 4931 313 4938 ’
397 4934 659 4987 meratus
689 4933 776 4985 est
806 4946 820 4985 :
849 4932 907 4984 et
938 4929 1222 5000 majorem
1252 4928 1313 4983 in
1361 4928 1486 4983 dies
1537 4930 1746 4982 nactus
1800 4928 2052 4999 gratiam

397 5018 1061 5089 ﬁduciamque,demum
1084 5017 1465 5074 Constantino
1485 5033 1662 5072 suum
1694 5018 1765 5072 dc
1788 5034 2055 5073 revocan-

396 5108 469 5163 do
500 5107 635 5165 Ario
657 5106 971 5163 consilium
999 5106 1205 5178 aperit,
1227 5105 1372 5162 nihil
1405 5105 1622 5161 sentire
1653 5105 1844 5161 virum
1867 5106 2051 5178 aiens,

398 5213 577 5268 quam
608 5196 761 5267 quod
794 5196 852 5251 in
881 5197 1103 5269 synodo
1133 5196 1436 5252 decretum
1470 5194 1697 5265 fuisset,
1734 5195 1783 5250 si
1818 5194 1875 5249 in
1910 5212 2051 5251 con-

317 5308 323 5313 ’
396 5290 663 5358 spectum
693 5286 823 5358 ejus
882 5286 1249 5354 admittatur,
1303 5284 1759 5358 astipulaturum
1802 5286 2050 5343 Nicaenis

397 5376 647 5433 decretis
680 5394 693 5445 ;
729 5376 857 5431 sine
884 5392 1063 5432 causa
1094 5392 1260 5433 reum
1293 5375 1387 5448 agi
1417 5379 1475 5430 et
1501 5373 1562 5429 in
1594 5372 1814 5430 crimen
1836 5377 2047 5433 vocari.

469 5548 786 5626 (aiSpcrat.
822 5550 991 5626 lib.1,
1034 5570 1162 5624 cap.
1219 5553 1330 5626 23;
1379 5555 1605 5626 Sozom.
1658 5550 1765 5626 lib.
1808 5570 1871 5619 11,
1920 5570 2046 5626 cap.

396 5621 465 5675 18
490 5638 508 5697 ;_
526 5621 748 5697 Athan.
808 5625 1027 5697 Apolog.
1071 5621 1262 5681 contra
1289 5624 1546 5693 Arianos,
1582 5640 1640 5697 n._
1670 5623 1760 5677 59.

467 5690 541 5831 (ὁῖ
574 5692 796 5750 Socrat.
827 5690 1031 5775 .libfi,
1065 5713 1197 5769 cap,
1222 5697 1335 5763 25;
1366 5690 1665 5753 Sozom.l.
1702 5712 1764 5761 ιι,
1795 5713 1921 5770 cap.
1954 5700 2045 5755 25.

467 5762 515 5831 (c
567 5763 787 5825 Socrat.
822 5766 1007 5831 1bid.;
1040 5768 1281 5831 Sozam,
1302 5766 1669 5831 lib.11,cap.
1697 5768 1799 5823 27ν

466 5762 536 5835 (c)
567 5763 787 5825 Socrat.
822 5765 966 5826 ibid.
992 5762 1669 5841 ;'Soz'om.,lib.11,cap.
1697 5768 1799 5823 27ν

2164 4752 2406 4807 sedibus
2446 4750 2762 4806 transferat
2790 4748 2928 4805 tuis.
2967 4772 2995 4798 »
3030 4750 3128 4805 His
3158 4750 3280 4805 adit
3307 4754 3665 4807 Sozomenus
3721 4752 3817 4825 (f),

2165 4840 2396 4897 Eusebii
2425 4844 2482 4895 et
2526 4839 2811 4910 Theognii
2845 4838 3287 4896 criminationes
3315 4839 3375 4895 in
3406 4840 3818 4912 Athanasium,

2163 4931 2319 5002 quod
2345 4928 2613 4985 videlicet
2632 4928 2941 4983 turbarum
2960 4933 3017 4983 et
3037 4929 3402 4984 tumultuum
3418 4935 3622 4985 auctor
3640 4934 3819 4998 esset,

2164 5019 2485 5091 multisque
2506 5018 2565 5073 in
2587 5017 2904 5073 Ecclesiam
2928 5017 3155 5091 ingredi
3181 5018 3554 5090 cupientibus
3579 5018 3816 5075 claude-

2162 5114 2250 5165 ret
2288 5108 2536 5176 aditum,
2593 5124 2758 5163 veras
2812 5122 2940 5162 esse
2995 5106 3385 5163 contendisse.
3450 5106 3816 5176 Meletianos,

2159 5196 2405 5255 Joannis
2434 5213 2715 5269 sequaces
2741 5213 2753 5263 ;
2780 5195 2882 5267 qui
2914 5196 3135 5251 crebris
3156 5196 3226 5251 ad
3246 5196 3660 5268 imperatorem
3692 5196 3815 5253 itio-

2164 5287 2358 5343 nibus.
2388 5284 2668 5341 ementito
2699 5284 3129 5341 Catholicorum
3190 5286 3447 5351 nomine,
3491 5285 3816 5342 Athanasio

2163 5380 2221 5432 et
2249 5374 2554 5432 catholicis
2610 5372 2901 5446 episcopis
2956 5372 3223 5441 crimina,
3283 5375 3489 5446 caades,
3557 5374 3814 5443 vincula,

2254 5556 2309 5627 (ἰ)
2341 5554 2560 5627 Socrat.
2595 5550 2702 5627 lib.
2732 5568 2772 5617 1,
2805 5566 2931 5622 cap.
2965 5551 3071 5627 27;
3105 5551 3332 5627 Sozom,
3368 5571 3428 5627 11,
3461 5570 3587 5627 cap.
3611 5556 3702 5608 22.

2254 5623 2302 5695 ε)
2336 5625 2541 5681 Athan.
2570 5623 3007 5695 Apologrcontra
3036 5624 3292 5695 Arianos,
3326 5642 3383 5679 n.
3417 5626 3505 5681 59.

2229 5694 2298 5771 (Γ)
2347 5697 2470 5754 Lib.
2508 5712 2569 5766 11,
2603 5710 2730 5765 cap.
2760 5694 2850 5768 22.
