4170 6386
347 420 586 479 ικχνιιῐ

1743 361 2358 470 PROLEGOMENA.

343 549 606 618 verbera,
639 544 864 620 plagas,
897 544 1168 602 incendia
1197 543 1572 602 ecclesiarum
1604 540 1992 599 ascribebant.
2023 541 2079 607 Α
2109 541 2436 601 audivisset
2463 545 2767 620 Augustus
2797 546 2896 620 (ὁ),
2929 547 3026 606 ille
3064 549 3135 606 de
3165 563 3326 606 more
3355 548 3486 606 falsi
3515 545 3761 606 convicti

343 637 701 695 Athanasius
721 636 971 708 acceptis
1001 635 1074 690 ab
1104 635 1453 706 imperatore
1484 632 1693 689 litteris
1724 632 1994 688 rescribit

342 728 458 800 ipsi
491 744 506 783 :
538 727 749 783 Joanni
768 729 824 781 et
853 724 1026 780 sociis
1057 725 1186 795 ejus
1217 723 1550 796 illegitimas
1579 722 1780 792 objicit
1801 739 1991 777 sacer-

344 818 549 873 dotum
577 814 990 888 promotiones,
1041 813 1305 868 studium
1336 812 1717 868 immutandae
1751 811 1990 867 Niczenai

2108 648 2382 704 repusam
2414 634 2982 694 tulere.Athanasius
3024 643 3219 694 autem
3249 639 3566 694 honoriﬁce
3596 653 3758 694 exce-

2102 725 2240 792 ptus
2264 723 2584 778 remittitur
2611 724 3262 790 Alexandriam,litteris
3286 727 3551 782 munitur
3580 727 3761 799 impe-

2102 811 2335 867 ratoriis
2348 813 2420 867 ad
2436 814 2717 884 populum
2733 815 3192 871 Alexandrinum
3213 816 3756 888 ;quibusConstan-

342 906 500 974 ﬁdei,
547 904 870 960 doctrinam
932 902 1176 957 minime
1231 918 1458 971 sanam,
1518 899 1904 956 contumelias
1936 904 1992 955 et
2099 899 2260 955 tinus
2318 900 2765 958 Meletianorum
2826 905 3071 973 scelera,
3113 907 3339 976 turbas,
3374 905 3757 960 ambitionem

341 995 659 1052 seditiones
690 993 967 1048 adversus
1011 991 1384 1047 orthodoxos.
1446 991 1602 1045 Inter
1632 990 1808 1044 hasce
1841 989 1988 1044 ultro

2099 988 2309 1044 acriter
2337 989 2679 1058 insectatur,
2713 992 3220 1065 Athanasiumque
3277 995 3654 1050 commendat
3694 999 3760 1050 ut

339 1084 602 1155 citroque
632 1081 854 1137 oblatas
884 1080 1353 1145 criminationes,
1404 1079 1584 1134 animi
1618 1079 1878 1149 pendens
1933 1084 1990 1134 et
2099 1077 2262 1148 pium
2295 1083 2352 1133 et
2385 1079 2534 1151 frugi
2565 1080 2936 1154 virum,aequi
2969 1083 3225 1154 bonique
3256 1084 3610 1138 studiosum.

338 1173 431 1228 cui
465 1172 722 1227 crederet
755 1171 1032 1242 ignorans
1086 1168 1527 1233 Constantinus,
1587 1185 1714 1224 eam
1747 1169 1984 1223 demum

336 1261 497 1318 dedit
525 1259 834 1332 epistolam
858 1260 1030 1328 cujus
1059 1257 1330 1329 superius
1351 1261 1573 1328 partem
1595 1257 1986 1324 exaravimus,

334 1349 730 1406 deferentibus
761 1345 1054 1420 Syncletio
1087 1351 1143 1401 et
1168 1345 1490 1402 Gaudentio
1524 1345 1815 1417 palatinis.

403 1441 459 1495 2.
494 1439 829 1494 Athanasius
885 1439 1048 1506 negat
1104 1437 1235 1491 Ario
1285 1435 1518 1489 aditum.
1573 1434 1984 1490 Meletianorum

331 1530 743 1584 criminationes
799 1528 860 1580 in
915 1525 1297 1580 Athanasium.
1355 1523 1686 1579 Athanasius
1740 1525 1982 1578 Nicome-

330 1617 486 1674 diam
508 1618 737 1689 petit.—-
759 1613 1059 1685 Ejusmodi
1080 1613 1294 1668 litteris
1320 1611 1464 1667 nihil
1487 1617 1788 1683 permotus
1808 1612 1984 1666 Atha-

331 1705 536 1761 nasius
584 1705 682 1776 (a),
744 1702 1082 1775 imperatori
1116 1701 1410 1756 renuntiat
1448 1700 1672 1756 nullam
1712 1717 1841 1756 esse
1866 1700 1981 1755 hae-

331 1793 528 1852 reticis
549 1793 777 1850 Christo
799 1789 1245 1846 adversantibus
1269 1807 1403 1845 cum
1423 1789 1677 1845 Ecclesia
1697 1788 1985 1844 catholica

2165 1168 2218 1220 3.
2253 1169 2494 1240 [sc/lyra?
2523 1171 2773 1225 historia.
2833 1203 2904 1214 —
2954 1172 3241 1228 Reversus
3271 1172 3623 1228 Athanasius
3648 1173 3756 1228 ali-

2096 1257 2442 1328 quantisper
2471 1259 2528 1313 in
2562 1276 2701 1330 pace
2732 1260 2909 1332 degit.
2969 1263 3036 1315 At
3092 1261 3404 1326 Meletiani,
3441 1261 3758 1316 calumniis

2095 1351 2152 1400 et
2179 1347 2716 1418 conspirationibus
2757 1350 3117 1404 adornandis
3150 1349 3458 1422 pervigiles
3485 1351 3575 1420 (ε),
3598 1350 3752 1405 haud

2095 1433 2283 1490 multo
2315 1435 2656 1508 interposito
2688 1437 2905 1508 spatio,
2936 1437 3088 1510 pacti
3121 1437 3252 1492 initi
3304 1455 3613 1509 memores,
3647 1440 3755 1494 ob-

2095 1522 2274 1578 latam
2299 1523 2574 1579 moliendi
2603 1542 2745 1580 nove
2772 1525 2833 1580 in
2865 1525 3257 1582 Athanasium
3281 1527 3647 1583 occasionem
3671 1544 3758 1582 ar-

2093 1612 2339 1684 ripiunt,
2371 1617 2428 1668 et
2453 1614 2852 1685 redintegrant
2881 1615 2951 1669 de
2982 1612 3161 1670 calice
3208 1612 3396 1670 fracto
3427 1616 3749 1687 querelam.

2093 1701 2178 1756 En
2211 1706 2395 1756 totam
2455 1701 2664 1757 fabulae
2716 1719 2979 1758 causam.
3007 1707 3069 1757 In
3103 1703 3375 1773 Mareote,
3419 1703 3751 1760 Alexadrini

2092 1791 2218 1862 agri
2253 1790 2771 1861 portione,viculus
2794 1796 2918 1846 erat
2943 1793 3184 1848 nomine
3216 1798 3331 1847 Pax
3353 1794 3746 1864 Secontaruri,

331 1883 692 1953 societatem,
717 1897 823 1937 nec
851 1897 1024 1954 posse
1055 1897 1136 1947 se,
1171 1879 1330 1935 salvo
1374 1879 1588 1946 ofﬁcio,
1635 1879 1977 1978 hujusmodi
2014 1915 2060 1978 Β
2096 1895 2172 1950 qu
2191 1877 2351 1934 oloco
2394 1880 2859 1936 sedemhabebat
2881 1881 3145 1952 lscbyras
3161 1882 3401 1952 quidam
3429 1882 3752 1954 profligatis

331 1972 676 2028 hominibus
696 1970 922 2028 aditum
955 1970 1227 2042 praebere.
1256 1971 1573 2041 Imperator
1605 1972 1800 2023 autem
1833 1967 1980 2022 nihil

333 2061 494 2117 ultra
524 2064 789 2133 questus,
823 2057 1144 2114 Athanasio
1175 2057 1418 2114 liberam
1450 2056 1531 2112 rei
1563 2059 1634 2112 ad
1668 2056 1977 2111 arbitrium

327 2151 592 2222 gerendas
624 2147 959 2204 facultatem
991 2145 1278 2219 permisit.
1319 2148 1390 2201 At
1419 2146 1727 2211 Eusebius,
1763 2163 1875 2200 non
1911 2163 1980 2201 ex

324 2243 455 2296 voto
484 2239 726 2294 cadente
781 2237 1034 2309 negotio,
1094 2235 1407 2292 consilium
1466 2235 1976 2308 init0pprimendi

323 2327 648 2394 Athanasii,
683 2334 842 2381 ratus
871 2343 985 2382 non
1018 2340 1209 2396 posse,
1241 2341 1307 2380 eo
1338 2323 1642 2388 incolumi,
1675 2324 1974 2395 impetrari

325 2417 480 2488 quod
519 2416 577 2470 in
608 2415 824 2487 optatis
844 2413 1329 2470 erat.Meletianis
1358 2413 1538 2485 igitur
1569 2430 1712 2468 usus
1743 2412 1978 2468 insidia-

325 2521 458 2560 rum
490 2503 880 2567 administris,
913 2503 1180 2558 hortatur
1210 2507 1275 2557 ut
1306 2518 1596 2558 memores
1621 2501 1975 2557 veteratorie:

324 2594 488 2661 artis,
519 2611 636 2664 qua
665 2592 808 2648 olim
842 2592 1100 2659 Petrum,
1160 2591 1450 2647 Achillam
1497 2595 1553 2647 et
1582 2591 1974 2646 Alexandrum

322 2700 425 2755 per
453 2681 808 2739 calumniam
829 2684 1138 2737 vocassent
1165 2681 1225 2736 in
1256 2681 1633 2751 crimen,jam
1667 2681 1792 2752 pari
1824 2697 1973 2736 ausu

324 2772 785 2845 aggrederentur
800 2771 1210 2826 Athanasium.
1236 2769 1321 2825 Illi
1345 2786 1450 2826 nec
1472 2770 1719 2841 impigre
1741 2769 1974 2824 Eusebii

314 2863 492 2932 jussa
520 2863 924 2932 exsequuntur
976 2875 990 2914 :
1051 2859 1522 2929 excubantesque
1551 2858 1608 2913 in
1641 2858 1976 2913 occasiones

320 2949 673 3006 criminandi
705 2947 1175 3016 Athanasii,_oum
1194 2947 1392 3003 nullus
1422 2947 1780 3004 accusationi
1809 2945 1976 3002 locus

318 3037 408 3094 vel
438 3038 634 3094 aditus
681 3042 855 3104 esset,
916 3038 1154 3092 demum
1215 3036 1449 3092 Eusebii
1504 3035 1768 3105 consilio,
1801 3052 1976 3106 opera

324 3125 534 3183 Isionis
595 3126 927 3193 Athribeos,
961 3125 1289 3180 Edaemonis
1345 3125 1591 3188 Taneos,
1624 3127 1680 3178 et
1710 3123 1973 3180 Callinici

318 3214 1180 3285 Pelusii,Meletianorum,hanc
1213 3213 1465 3287 priorem
1499 3215 1731 3286 ﬁngunt
1781 3212 1974 3269 crimi-

2092 1968 2356 2024 moribus
2380 1969 2575 2033 homo,
2610 1985 2857 2041 perosus
2882 1969 3036 2040 plebi
3069 1995 3083 2035 ;
3110 1969 3211 2042 qui
3241 1971 3382 2025 olim
3416 1988 3450 2026 a
3480 1971 3749 2027 Collutbo

2091 2059 2394 2130 presbyter
2423 2059 2752 2124 creatus,ad
2813 2058 3096 2114 laicorum
3158 2059 3554 2116 conditionem
3588 2061 3749 2117 Hosii

2081 2148 2279 2218 jussu,
2314 2151 2378 2202 ut
2415 2148 2640 2203 dictum
2693 2152 2802 2218 est,
2858 2149 3136 2203 reductus
3195 2149 3400 2203 fuerat.
3443 2149 3497 2204 Is
3528 2151 3750 2206 nefario

2086 2253 2236 2292 ausu
2252 2253 2416 2292 sacre
2430 2238 2716 2307 attingere
2733 2242 2790 2292 et
2811 2254 3030 2292 munus
3049 2238 3408 2294 sacerdotale
3424 2237 3584 2294 obire
3600 2239 3746 2294 nihil

2084 2326 2412 2382 verebatur.
2467 2327 2536 2381 Et
2595 2343 2729 2380 cum
2763 2325 2926 2382 nulla
2956 2325 3015 2380 in
3047 2326 3239 2382 viculo
3277 2330 3529 2383 exstaret
3558 2327 3748 2384 eccle-

2085 2415 2260 2481 sia,in
2282 2415 2528 2470 aedicula
2549 2415 2795 2487 orphani
2814 2415 3123 2486 cujusdam
3143 2414 3354 2471 Isionis
3373 2431 3494 2470 rem
3519 2433 3746 2472 sacram

2085 2504 2486 2576 agebat,tanta
2505 2508 2700 2558 tamen
2721 2502 2966 2558 infamia
2983 2504 3140 2574 apud
3160 2503 3387 2558 accolas
3411 2504 3740 2560 rusticanos

2083 2591 2380 2658 laborans,
2429 2597 2492 2647 ut
2539 2591 2774 2648 nonnisi
2806 2596 3030 2662 septem
3063 2609 3130 2646 ex
3163 2592 3444 2647 afﬁnibus
3492 2593 3738 2648 cmtibus

2084 2683 2213 2753 ejus
2248 2681 2618 2737 interessent.
2654 2681 2734 2736 Re
2766 2685 3066 2752 comperta
3114 2681 3436 2752 presbyter,
3495 2681 3590 2736 cui
3621 2686 3743 2737 erat

2083 2770 2374 2840 ejusmodi
2403 2770 2634 2825 viculus
2680 2769 3076 2835 contributus,
3108 2769 3432 2824 Athanasio
3465 2769 3740 2826 ecclesias

2082 2860 2155 2916 de
2184 2877 2345 2916 more
2378 2858 2759 2931 perlustranti
2781 2859 3028 2914 facimus
3051 2858 3364 2914 denuntiat
3390 2883 3404 2925 ;
3441 2860 3536 2930 qui
3557 2860 3742 2915 Maca-

2084 2949 2236 3004 rium
2272 2949 2678 3021 presbyterum
2712 2946 2914 3015 mittit,
2948 2947 3244 3019 Ischyram
3287 2947 3561 3003 accitum.
3595 2953 3742 3004 Eum

2082 3039 2433 3111 aegritudine
2451 3036 2818 3093 laborantem
2843 3053 2909 3093 ac
2925 3037 3371 3092 decumbentem
3396 3037 3609 3108 reperit
3627 3038 3743 3093 Ma-

2084 3128 2278 3183 carius
2307 3145 2319 3182 :
2355 3126 2624 3198 patrique
2656 3125 2817 3180 illius
2838 3126 3030 3196 jubet,
3062 3130 3187 3180 uta
3214 3123 3315 3180 tali
3367 3141 3511 3180 ausu
3548 3125 3740 3181 ﬁlium

2083 3220 2363 3272 coerceat.
2397 3215 2598 3270 Morbo
2629 3215 2869 3270 demum
2901 3213 3127 3270 levatus
3159 3215 3586 3286 Ischyras,cum
3614 3231 3742 3286 pro-

319 3283 616 3360 nationem
643 3323 656 3373 ;
686 3305 841 3376 quod
873 3303 1098 3359 scilicet
1117 3283 1474 3359 Athanasius
1494 3283 1620 3376 lege
1651 3303 1788 3358 data
1818 3302 1972 3358 linea
2002 3283 2044 3349 (ἶ
2083 3305 2318 3360 bibente
2367 3308 2533 3377 patre
2583 3320 2749 3359 sacra
2799 3303 2960 3359 adire
3002 3301 3252 3359 facultas
3297 3283 3413 3358 non
3455 3283 3633 3371 esset,
3666 3304 3737 3359 ad

316 3393 614 3465 sticharia,
631 3410 734 3450 seu
765 3398 955 3449 vestes
988 3409 1187 3449 sacras
1219 3392 1628 3448 ministrorum
1663 3390 1865 3447 altaris
1895 3393 1968 3448 ab

2082 3393 2423 3450 Meletianos
2455 3409 2518 3447 se
2549 3391 2964 3465 proripitzquid
2988 3391 3142 3447 haud
3165 3389 3456 3447 illibenter
3487 3391 3743 3448 scelesti-

315 3483 600 3556 Egyptiis
629 3482 857 3554 primus
905 3483 1214 3554 exegisset.
1275 3482 1392 3537 Nec
1429 3499 1613 3548 mora,
1643 3481 1866 3537 crimen
1897 3482 1969 3536 ad
2079 3484 2299 3539 simum
2333 3482 2656 3550 hominem,
2692 3486 2750 3536 et
2779 3479 3042 3536 consiliis
3073 3485 3472 3553 opportunum
3504 3482 3632 3538 suis
3652 3499 3737 3539 re-

316 3572 729 3644 imperatorem
761 3571 1041 3627 defertur.
1101 3571 1211 3626 Sed
1263 3570 1638 3626 commodum
1688 3569 1882 3625 evenit
1910 3573 1975 3624 ut
2079 3572 2322 3644 cipiunt.
2379 3575 2448 3626 Et
2477 3569 2940 3642 quamprimum,
2991 3586 3064 3624 ne
3096 3570 3315 3624 frustra
3354 3570 3542 3625 forent
3573 3575 3742 3627 tanta

317 3661 433 3716 duo
461 3659 838 3715 Alexandrini
871 3658 1439 3731 presbyteri,quibus
1498 3675 1712 3714 nomen
1746 3658 1882 3730 Apis
1912 3664 1971 3714 et

315 3749 626 3814 Macarius,
658 3748 792 3804 istic
813 3751 938 3803 tum
960 3751 1368 3815 versarentur;
1403 3765 1437 3802 a
1457 3747 1674 3818 quibus
1705 3747 1787 3802 rei
1818 3746 1969 3802 veri-

317 3842 497 3894 tatem
565 3854 697 3892 cum
760 3836 1062 3892 didicisset
1124 3836 1461 3907 imperator,
1529 3835 1970 3891 Meletianorum

317 3926 684 3999 deprehensa
714 3925 1010 3981 calumnia
1041 3930 1148 3982 est.
1182 3925 1514 3980 Secundum
1573 3924 1694 3979 haec
1750 3924 1975 3980 litteras

318 4015 500 4071 mittit
531 4013 1152 4086 Constantinus,queis
1172 4013 1382 4070 Isionis
1405 4014 1624 4068 factum
1658 4013 1972 4081 damnans,

315 4104 710 4161 Athanasium
734 4104 911 4175 jubet
940 4120 1003 4159 se
1041 4102 1368 4158 convenire.
1426 4102 1735 4167 Eusebius,
1771 4119 1830 4157 re
1865 4102 1975 4157 im-

319 4210 595 4266 prospere
643 4197 827 4266 gesta,
854 4209 967 4247 non
1028 4193 1205 4248 ﬁnem
1254 4192 1388 4247 fecit
1432 4190 1780 4246 insidiarum
1825 4193 1974 4247 :sed

321 4281 498 4339 Isioui
557 4285 616 4337 et
664 4281 1073 4337 consceieratis
1122 4284 1326 4336 auctor
1383 4285 1474 4336 est
1527 4280 1864 4336 Nicomedia
1905 4299 1976 4337 ne

318 4371 616 4440 secedant,
653 4370 754 4426 sed
787 4371 1198 4426 adventantem
1230 4369 1613 4425 Athanasium
1644 4369 1807 4425 novis
1837 4371 1974 4426 ado-

321 4459 552 4515 riantur
582 4457 1112 4514 criminationibus.
1172 4458 1250 4514 Eo
1299 4475 1434 4514 cum
1468 4459 1825 4530 pervenisset
1852 4459 1968 4525 ille,

319 4548 608 4604 delatores
639 4547 830 4620 parati
862 4547 1242 4619 meditatique
1273 4547 1557 4603 accedunt
1590 4565 1603 4614 ;
1661 4564 1727 4602 ac
1783 4548 1972 4619 primo

2083 3661 2415 3717 accessione
2445 3660 2624 3730 aucti,
2675 3659 2934 3715 hominis
2990 3659 3063 3714 ad
3097 3658 3444 3714 meditatum
3505 3659 3736 3716 facinus

2085 3765 2322 3822 operam
2353 3748 2936 3820 requirunt,insidias
2965 3748 3238 3818 aperiunt
3260 3747 3318 3802 in
3351 3748 3740 3804 Athanasium

2085 3842 2364 3903 structas,
2397 3838 2524 3908 ejus
2557 3837 2883 3892 ministerio
2915 3853 3064 3908 opus
3096 3852 3224 3891 esse
3253 3835 3364 3892 sibi
3396 3836 3580 3892 aiunt.
3619 3838 3742 3893 Etsi

2087 3926 2329 4000 perditis
2365 3927 2629 3981 moribus
2660 3931 2785 3982 erat
2839 3926 3038 3993 homo,
3073 3925 3242 3981 initio
3300 3931 3498 3982 tamen
3531 3943 3743 3999 negare

2083 4033 2344 4090 operam,
2391 4016 2747 4086 horroreque
2777 4015 3045 4072 criminis
3077 4013 3318 4071 resilire.
3342 4020 3418 4070 At
3449 4014 3742 4072 Meletiani

2082 4106 2137 4160 vi
2170 4105 2565 4176 compulsum,
2589 4109 2766 4175 atque
2796 4104 2989 4177 plagis
3017 4108 3347 4172 oneratum,
3371 4105 3443 4159 ad
3477 4103 3741 4176 iniquam

2084 4194 2413 4266 pactionem
2445 4193 2782 4260 deducunt;
2815 4208 2882 4248 ac
2909 4191 3250 4262 hujusmodi
3271 4191 3741 4248 criminationem

2085 4300 2204 4338 una
2223 4299 2427 4337 omnes
2446 4283 2679 4354 ﬁngunt
2695 4285 2750 4336 et
2771 4279 3743 4352 comminiscuntur(d),irruentem

2083 4371 2302 4428 scilicet
2323 4371 2640 4426 Macarium
2673 4386 2909 4425 sacrum
2936 4367 3178 4424 calicem
3199 4369 3746 4442 confregisse,men-

2082 4479 2210 4518 sam
2237 4460 2538 4526 evertisse,
2569 4458 2752 4514 libros
2785 4458 3208 4524 combussisse,
3267 4463 3344 4526 et,
3395 4463 3459 4514 ut
3501 4464 3746 4515 narrant

2081 4549 2200 4616 alii,
2233 4548 2570 4604 cathedram
2603 4547 2905 4616 dejecisse,
2961 4545 3391 4618 ecclesiamque
3421 4548 3679 4604 diruisse
3711 4565 3746 4603 a

319 4638 636 4694 Macarium
654 4636 958 4692 Athanasii
977 4639 1381 4709 presbyterum
1400 4637 1470 4691 de
1487 4636 1780 4692 confracto
1799 4635 1974 4693 calice
2004 4657 2052 4722 Β
2084 4636 2568 4695 fundamentis.Si
2591 4635 2817 4692 Socrati
2847 4635 3421 4692 ﬁdes.Nicomediam
3455 4637 3743 4710 Isohyras,

321 4743 484 4783 sacro
517 4725 1205 4798 insimulant,ipsumque
1225 4725 1614 4781 Athanasium
1645 4726 1704 4780 in
1727 4726 1972 4794 capitale

320 4815 541 4871 crimen
583 4815 969 4886 omniumque
1029 4814 1466 4870 atrocissimum
1526 4821 1768 4886 vocant;
1813 4815 1968 4887 quod

320 4903 588 4960 videlicet
617 4903 814 4959 hostili
846 4920 983 4975 erga
1014 4903 1425 4975 imperatorem
1457 4904 1742 4971 animo,in
1777 4905 1969 4960 subsi-

320 4994 484 5050 dium
500 4992 635 5049 belli
649 4992 933 5048 scrinium
955 4991 1215 5048 misisset
1229 4992 1357 5049 auri
1373 4993 1610 5065 plenum
1625 4993 1973 5048 Philumeno

321 5081 555 5138 cuidam
580 5081 894 5153 imperium
927 5082 1240 5137 affectanti.
1283 5084 1407 5137 Ilaec
1437 5099 1576 5139 sane
1609 5088 1776 5138 erant
1803 5082 1973 5137 ferini

323 5172 382 5226 in
410 5169 804 5226 Athanasium
830 5170 946 5225 odii
980 5170 1668 5244 signa.Sed,providente
1700 5170 1973 5241 Numine,

323 5259 613 5332 ejusmodi
646 5259 906 5314 hostium
938 5258 1072 5327 tela,
1106 5277 1275 5332 quuae
1309 5260 1367 5314 in
1400 5260 1548 5316 sacri
1580 5260 1738 5315 illius
1769 5258 1979 5331 capitis

325 5347 650 5421 periculum
710 5347 1115 5416 imminebant,
1180 5349 1334 5405 brevi
1383 5348 1630 5420 depulsa
1682 5353 1842 5404 sunt.
1869 5347 1978 5403 Ubi

323 5436 479 5493 enim
511 5435 898 5492 Athanasium
921 5436 1260 5509 hujusmodi
1289 5437 1509 5493 crimen
1534 5437 1978 5509 propulsantem

325 5527 386 5582 in
421 5523 704 5580 ruburbio
734 5523 1107 5594 Nicomedia,
1164 5527 1257 5582 cui
1316 5542 1528 5582 nomen
1576 5524 1981 5582 Psammatilia

398 5669 476 5740 (a)
505 5665 718 5740 Athan.
749 5665 915 5740 Apol.
946 5675 1134 5724 contra
1164 5669 1421 5738 Arianos,
1456 5685 1515 5723 n.
1546 5669 1638 5724 60.

399 5736 476 5814 (ὁ)
504 5736 715 5798 Athan.
748 5736 916 5812 ibid.,
949 5757 1010 5798 η.
1035 5740 1126 5813 60,
1157 5740 1249 5796 61.

2084 4745 2113 4785 a
2138 4743 2440 4783 sacrorum
2461 4725 2653 4782 ofﬁcio
2675 4723 3030 4780 interclusus
3054 4725 3399 4797 profugit,et
3416 4742 3551 4781 cum
3572 4727 3748 4783 Euse-

2083 4818 2178 4873 bio
2203 4815 2622 4872 concinnandaa
2654 4812 2964 4868 calumniae
2994 4813 3280 4870 rationem
3314 4815 3500 4870 inivit.
3525 4815 3744 4872 Verum

2083 4921 2220 4960 cum
2251 4902 2539 4974 ejusmodi
2565 4901 2844 4973 profectio
2865 4902 2936 4957 ab
2968 4902 3289 4959 Athanasio
3314 4905 3488 4975 juxta
3518 4908 3694 4977 atque
3712 4923 3747 4962 a

2085 4993 2307 5049 caeteris
2337 4989 2721 5062 scriptoribus
2770 4995 3050 5064 taceatur,
3076 4993 3215 5062 jure
3245 4992 3304 5048 in
3338 4994 3743 5066 suspicionem

2086 5080 2218 5137 falsi
2267 5079 2478 5148 veniat,
2503 5079 2756 5136 maxime
2787 5079 2928 5152 quia
2949 5097 3071 5135 rem
3101 5080 3427 5152 saepissime
3484 5085 3746 5138 tractans

2085 5169 2463 5235 Athanasius,
2497 5169 2555 5224 id
2590 5185 2706 5224 non
2738 5169 3245 5240 praetermissurus
3277 5175 3420 5238 erat,
3465 5171 3514 5226 si
3545 5187 3746 5228 revera

2086 5262 2318 5332 gestum
2348 5256 2877 5314 fuisset.Meletiani
2910 5257 3093 5330 igitur
3123 5259 3422 5331 Ischyram
3457 5275 3586 5315 esse
3615 5276 3744 5332 pre-

2091 5348 2393 5419 sbyterum
2414 5345 3363 5418 praedicantubique,utejusmodi
3385 5346 3743 5405 calumniam

2091 5434 2460 5510 pervulganti
2492 5435 2778 5489 habeatur
2808 5435 2973 5492 ﬁdes.
3021 5437 3075 5493 Is
3106 5453 3240 5492 vero
3272 5426 3744 5493 commentitium

2093 5525 2321 5582 facinus
2351 5523 2568 5594 ubique
2599 5523 2922 5579 denuntiat.
2965 5525 3185 5581 Verum
3216 5542 3250 5582 ει
3293 5525 3748 5598 consanguineis

2184 5668 2234 5734 c)
2267 5665 2475 5721 Athan.
2507 5664 2679 5732 ibid.,
2707 5682 2768 5721 n.
2800 5668 2871 5721 7O
2898 5672 2956 5724 et
2981 5669 3072 5723 74.

2184 5668 2234 5734 c)
2267 5667 2475 5721 Athan.
2507 5667 2679 5732 ibid.,
2707 5682 2768 5721 n.
2800 5668 2871 5721 7O
2898 5672 2956 5724 et
2981 5669 3072 5723 74.

2162 5667 2241 5814 ἑά)
2273 5736 2480 5797 Hilarii
2514 5737 2872 5813 Fragment.,
2905 5755 2966 5813 p.
2999 5740 3158 5796 1311.
