4170 6378
1689 419 1874 485 νιΤΑ
1924 421 1989 483 S.
2035 422 2352 484 ATHANA
2367 420 2489 484 SII.

3620 423 3808 481 LXXIX

385 551 754 626 objurgatus,
790 556 1188 629 pertaesusque
1219 556 1476 625 sceleris,
1525 557 1596 613 ad
1652 556 2039 614 Athanasium
2069 561 2122 624 Α
2152 557 2419 627 Arsenio,
2454 556 2711 629 primum
2741 574 3007 615 rumores
3037 558 3254 631 ubique
3285 559 3591 630 spargunt,
3629 568 3798 609 enec-

388 642 515 698 adit
554 643 1004 717 collacrymans.
1040 649 1348 703 Hominem
1380 648 1451 703 ob
1484 652 1711 703 tantum
1746 648 2036 719 flagitium

392 730 654 803 increpat
677 733 1037 791 Athanasius
1070 738 1171 807 (a)'
1196 738 1297 792 llle
1329 738 1717 792 subornatum
1750 754 1811 792 se
1843 743 1898 792 et
1924 738 2040 792 cir—

387 828 770 877 cumventum
804 841 837 877 a
868 824 1191 881 Meletianis
1222 828 1301 880 ait
1333 827 1402 881 ad
1442 826 1731 898 ejusmodi
1768 827 2040 882 crimina-

388 910 608 966 tionem
649 914 1235 981 comminiscendam,
1271 915 1534 971 libellum
1568 917 1748 971 tradit
1768 915 2037 983 antistiti,

390 1016 505 1070 quo
529 1016 589 1054 se
638 1005 885 1057 testatur
945 1004 1016 1057 ab
1084 1006 1276 1059 lsaaco
1303 1004 1705 1076 CleOpatridis,
1740 1004 2041 1060 Heraclide

387 1089 558 1153 Nicii,
590 1095 647 1144 et
681 1093 875 1146 lsaaco
936 1093 1295 1164 Letopoleos,
1355 1094 1676 1148 Meletianis
1725 1094 2038 1165 episcopis,

388 1176 581 1249 plagis
631 1186 688 1233 et
716 1181 1052 1235 verberibus
1102 1182 1173 1236 ad
1232 1182 1291 1236 in
1326 1182 1599 1237 facinoris
1643 1182 2038 1254 compulsum.

387 1273 469 1322 Ac
499 1268 684 1322 Deum
716 1269 1063 1336 obtestatus,
1096 1272 1395 1325 renuntiat
1450 1288 1513 1326 se
1570 1272 1745 1343 probe
1776 1272 1923 1326 scire
1954 1271 2042 1326 ni-

387 1356 471 1411 hil
503 1357 574 1411 ab
608 1356 928 1413 Athanasio
960 1358 1047 1414 vel
1105 1377 1139 1413 a
1196 1360 1445 1415 Macario
1478 1360 1803 1415 admissum
1836 1360 2042 1430 hujus-

390 1446 567 1501 modi.
594 1447 781 1518 Rogat
810 1448 1049 1503 demum
1081 1449 1195 1504 sibi
1219 1449 1521 1504 Athanasii
1547 1450 1929 1504 conventibus
1954 1451 2042 1504 in-

383 1538 603 1589 teresse
632 1535 821 1591 liceat.
858 1538 1161 1607 Ejusmodi
1192 1536 1459 1592 libellum
1514 1537 1741 1593 curavit
1779 1540 2041 1593 Athana-

382 1623 509 1679 sius
540 1641 573 1679 a
604 1624 803 1679 multis
859 1626 1211 1697 presbyteris
1269 1626 1668 1698 diaconisqua,
1716 1644 1848 1682 cum
1912 1627 2042 1683 Ale-

381 1712 688 1767 xandrinis
719 1716 845 1767 tum
879 1713 1229 1782 Mareoticis,
1290 1715 1578 1770 subscribi
1640 1720 1696 1770 et
1740 1716 2040 1788 suffragiis

384 1800 622 1856 muniri.
659 1802 856 1873 Neque
886 1808 1081 1858 tamen
1114 1804 1313 1859 statim
1350 1805 1593 1876 lschyrzn
1625 1822 1939 1861 concessus
1965 1807 2036 1861 ad

2148 650 2273 701 tum
2308 648 2380 701 ab
2438 647 2758 703 Athanasio
2818 648 2999 704 fuisse
3049 648 3386 713 Arsenium,
3421 662 3487 702 ac
3533 640 3799 700 veneﬁcii

2148 751 2324 791 causa
2359 737 2729 792 membratim
2759 739 3195 793 obtruncatum.
3253 737 3313 791 ln
3362 734 3597 792 sceleris
3630 736 3801 787 trun-

2149 840 2277 879 cam
2310 842 2553 879 manum
2603 826 3111 897 circumferebant,
3171 826 3356 881 obviis
3400 822 3799 889 ostentabant,

2154 918 2217 968 ut
2248 914 2652 969 universorum
2684 916 2745 970 in
2777 920 3068 971 auctorem
3095 916 3242 970 iram
3263 914 3667 970 accenderent.
3694 915 3802 964 De-

2153 1020 2316 1057 mum
2348 1020 2416 1057 ea
2455 1004 2582 1074 ipsa
2613 1004 2861 1058 crimina
2891 1005 3186 1072 Iscbyram
3218 1008 3275 1059 et
3296 1002 3610 1058 Arsenium
3642 1014 3805 1070 spec-

2151 1092 2340 1147 tantia
2371 1092 2638 1146 deferunt
2668 1093 2739 1147 ad
2788 1093 3259 1157 Constantinum,
3308 1092 3432 1163 qui,
3492 1092 3646 1163 quod
3680 1108 3812 1162 per-

2153 1180 2369 1234 mirum
2403 1181 2684 1247 videatur,
2720 1181 2826 1236 etsi
2851 1183 2975 1251 jam
3021 1182 3413 1253 sycophantas
3460 1182 3805 1238 Meletianos

2152 1269 2337 1323 oculis
2370 1270 2492 1340 ipse
2525 1271 2648 1325 suis
2682 1270 3163 1341 deprehenderat,
3179 1272 3353 1326 ﬁdem
3386 1270 3571 1325 nihilo
3605 1271 3806 1327 minus

2154 1358 2275 1413 haec
2321 1359 2795 1414 renuntiantibus
2826 1359 3067 1415 habuit:
3102 1359 3349 1431 ideoque
3380 1359 3603 1416 litteras
3646 1360 3809 1416 misit

2159 1446 2521 1502 Antiochiam
2554 1449 2625 1502 ad
2659 1447 3014 1503 Dalmatium
3048 1464 3371 1515 censorem,
3406 1448 3498 1503 cui
3557 1448 3806 1505 homici-

2153 1535 2233 1590 dii
2266 1554 2504 1591 causam
2539 1538 2893 1592 audiendam
2924 1537 3349 1592 committebat.

2220 1628 2384 1681 ANNO
2416 1628 2540 1681 333.
2571 1658 2638 1667 —
2670 1628 2721 1681 1.
2783 1626 3036 1697 Synodus
3088 1632 3355 1685 Caesareae
3384 1627 3670 1683 indicitur.
3706 1628 3807 1682 Ar-

2148 1715 2291 1769 senii
2318 1716 2510 1785 fabula
2537 1715 3059 1785 deprehenditur.—
3080 1716 3151 1770 Et
3182 1731 3334 1786 vero,
3353 1720 3419 1771 ut
3459 1721 3661 1772 nostra
3681 1717 3810 1789 qui-

2154 1804 2287 1859 dem
2319 1806 2430 1858 fert
2460 1804 2677 1876 Opinio,
2732 1805 2936 1860 eodem
2989 1808 3250 1876 tempore
3309 1806 3599 1877 synodum
3630 1806 3812 1861 edixit

385 1890 693 1946 ecclesiam
724 1891 1153 1947 Catholicorum
1186 1893 1380 1949 aditus
1415 1894 1513 1964 (ωε
1544 1896 1687 1949 Cum
1727 1895 1885 1949 enim
1908 1897 2034 1966 jam
2074 1927 2122 1991 B
2159 1893 2431 1948 Caesareae
2466 1893 2526 1947 in
2561 1892 2850 1949 Palestina
2880 1893 3316 1959 celebrandum,
3364 1893 3605 1966 triginta
3641 1894 3810 1949 nimi-

381 1978 484 2033 diu
518 1980 588 2034 ad
619 1979 1040 2048 Colluthianos,
1104 1986 1277 2053 atque
1337 1982 1544 2038 exinde
1592 1984 1662 2037 ad
1704 1983 2042 2039 Meletianos

382 2068 744 2137 descivisset,
778 2068 1142 2125 diuturniore
1171 2088 1318 2141 opus
1363 2076 1486 2126 erat
1530 2072 1946 2159 exp‘erimento,
1979 2078 2044 2128 ut

381 2158 612 2214 sincera
642 2157 748 2212 viri
779 2158 1121 2229 pcenitentia
1150 2157 1646 2229 comprobaretur.

456 2248 521 2301 In
552 2247 803 2319 epistola
833 2248 1073 2303 Mareoti
1130 2248 1268 2303 cleri
1328 2251 1595 2321 quaedam
1622 2253 1853 2322 praefert
1881 2253 2041 2307 Nan—

381 2336 463 2391 nii
494 2337 681 2391 versio
712 2340 806 2404 (ε),
844 2354 971 2408 quae
1003 2337 1060 2391 in
1094 2336 1253 2392 nullo
1286 2338 1440 2393 edito
1475 2339 1561 2394 vel
1607 2340 1822 2412 scripto
1880 2343 2037 2397 codi-

379 2441 463 2494 ce,
496 2441 672 2496 quem
705 2426 943 2497 quidem
976 2426 1302 2497 inspectare
1360 2427 1610 2495 licuerit,
1644 2430 1838 2485 Graece
1878 2448 2035 2487 com-

381 2519 605 2586 parent.
634 2514 766 2568 Hzec
793 2520 931 2569 sunt
962 2516 1091 2585 ejus
1122 2517 1334 2571 verba:
1376 2540 1395 2564 ε
1432 2518 1576 2571 Nam
1612 2535 1744 2574 cum
1803 2520 1899 2575 ille
1930 2522 2034 2591 (Is-

380 2604 616 2675 chyras)
645 2609 777 2674 post
807 2604 1188 2660 defectionem
1251 2607 1322 2660 ad
1384 2606 1722 2664 Meletianos
1756 2610 1924 2665 nobis
1947 2628 2033 2666 re-

381 2691 678 2747 conciliari
709 2697 765 2747 et
796 2693 1073 2765 conjungi
1104 2693 1796 2766 vellet,quemadmodum
1832 2703 1887 2753 et
1908 2700 2034 2755 Pis-

384 2787 499 2850 tus,
533 2781 635 2853 qui
676 2786 734 2837 et
762 2782 887 2853 ipse
927 2799 1159 2854 quoque
1188 2783 1329 2838 talia
1360 2786 1430 2839 de
1460 2785 1779 2842 Athanasio
1820 2788 1877 2842 in
1909 2790 2035 2844 vul-

387 2887 494 2943 gus
524 2876 862 2941 sparserat;
926 2876 1198 2927 neutrum
1258 2878 1478 2940 tamen,
1531 2892 1870 2947 quanquam
1900 2896 2031 2950 pro-

387 2960 512 3031 pria
540 2976 720 3015 manu
743 2965 1102 3016 testarentur
1132 2961 1278 3017 nihil
1310 2963 1423 3018 tale
1455 2964 1672 3019 factum
1705 2982 1854 3035 esse,
1887 2972 1943 3022 et
1972 2986 2034 3024 se

383 3047 736 3103 subornatos
768 3065 801 3102 a
830 3048 1002 3105 certis
1061 3049 1402 3106 hominibus
1460 3056 1524 3107 ut
1579 3053 1721 3109 talia
1750 3056 2032 3124 dicerent,

379 3136 634 3209 recipere
664 3137 995 3193 voluerunt.
1032 3162 1053 3191 ι
1122 3140 1225 3195 Vix
1284 3156 1424 3195 sane
1480 3142 1750 3197 credatur
1777 3144 1847 3199 de
1877 3145 2032 3202 Pisto

378 3224 576 3281 istbaec
606 3227 732 3281 sine
772 3228 993 3283 codicis
1054 3229 1387 3300 cujuspiam
1449 3231 1628 3285 Graeci
1682 3234 2028 3291 auctoritate

2154 2000 2286 2037 rum
2318 1982 2623 2038 mensibus
2653 1986 2787 2037 ante
2817 1983 3052 2054 Tyriam
3087 1982 3475 2054 synodum,ut
3506 1982 3681 2038 habet
3712 1984 3813 2039 So-

2153 2088 2430 2127 romenus
2464 2072 2559 2141 (e),
2619 2071 2886 2127 videlicet
2939 2088 3140 2127 mense
3169 2071 3400 2126 circiter
3434 2071 3641 2127 Martio
3671 2073 3809 2128 anni

2150 2162 2417 2226 333.Quae
2443 2178 2541 2217 rex
2572 2161 2709 2216 item
2732 2160 3291 2232 Philoppopolitanae
3316 2161 3523 2233 synodi
3564 2161 3812 2232 epistola

2150 2251 2441 2317 ﬁrmatur,
2474 2266 2605 2321 quae
2636 2250 2720 2304 sic
2750 2250 2962 2304 habet:
3000 2249 3145 2305 Nam
3179 2254 3418 2321 propter
3446 2249 3568 2304 haec
3608 2266 3808 2306 neces-

2151 2338 2303 2394 sario
2334 2338 2649 2394 concilium
2681 2340 2834 2410 apud
2890 2338 3233 2406 Caesaream,
3284 2338 3657 2394 Palaestinam
3689 2339 3810 2410 pri-

2150 2445 2245 2484 mo
2276 2428 2508 2483 videtur
2539 2443 2670 2483 esse
2699 2427 3033 2483 condictum
3060 2433 3145 2483 :et
3166 2444 3301 2482 cum
3320 2427 3565 2484 minime
3584 2428 3657 2482 ab
3678 2427 3808 2499 ipso

2147 2516 2235 2571 vel
2269 2517 2342 2571 ab
2373 2516 2727 2571 satellitibus
2758 2516 2829 2570 ad
2846 2515 3250 2587 supradictum
3266 2516 3580 2571 concilium
3610 2533 3809 2572 occur-

2147 2610 2391 2671 reretur,
2423 2609 2552 2676 post
2584 2604 2833 2659 alterum
2868 2621 3089 2659 annum
3124 2605 3184 2659 in
3216 2606 3367 2677 Tyro
3410 2609 3649 2677 propter
3678 2607 3810 2677 ejus

2148 2694 2406 2749 facinora
2432 2695 2762 2749 necessario
2781 2694 2991 2748 iterum
3016 2694 3410 2749 celebratur.»
3434 2694 3538 2749 Cui
3561 2696 3803 2766 synodo.

2145 2787 2210 2837 ut
2239 2783 2486 2851 videtur,
2519 2780 2845 2837 Dalmatius
2901 2786 3116 2837 Censor
3169 2784 3258 2853 (f),
3293 2783 3806 2853 {quemadmodum

2141 2872 2275 2945 Tyri
2305 2872 2617 2944 Dionysius
2647 2871 2879 2940 Comes,
2901 2871 3297 2927 interfuturus
3320 2873 3679 2939 erat,omnia
3698 2890 3805 2928 au-

2143 2962 2408 3017 ctoritate
2436 2967 2493 3016 et
2523 2960 2765 3016 arbitrio
2797 2977 2905 3015 suo
2938 2961 3601 3017 moderaturus.Censor
3625 2962 3807 3017 Atha-

2142 3051 2307 3106 nasio
2338 3050 2493 3105 diem
2525 3049 2689 3117 dixit,
2725 3054 2789 3103 ut
2819 3066 2880 3104 se
2910 3050 3222 3105 adornaret
3252 3050 3324 3105 ad
3349 3067 3477 3105 eam
3509 3050 3806 3123 depellen-

2141 3139 2276 3194 dam
2308 3138 2803 3194 criminationem.
2861 3138 2967 3201 Qui
3030 3136 3247 3193 littoris
3278 3137 3554 3193 Dalmatii
3596 3155 3802 3211 accep—

2140 3227 2234 3292 tis,
2267 3226 2430 3282 initio
2462 3226 2692 3283 futilem
2724 3230 2780 3281 et
2810 3243 2844 3281 a
2873 3226 2992 3281 veri
3036 3225 3426 3282 similitudine
3475 3226 3802 3283 abhorren-

378 3315 608 3387 adjecta
640 3316 821 3371 fuisse
852 3335 885 3371 θ,
916 3317 1163 3373 Nannio.
1197 3321 1330 3383 Quae
1364 3320 1412 3373 si
1446 3336 1578 3375 vera
1608 3325 1765 3392 sunt,
1810 3322 2027 3379 mirum
2058 3304 2103 3367 C
2142 3321 2259 3372 tem
2291 3315 2649 3371 calumniam
2692 3314 2837 3369 nihil
2878 3316 3313 3381 curabat,tutus
3346 3314 3707 3371 conscientia
3729 3333 3802 3372 ne

372 3403 453 3458 ita
484 3404 731 3477 carptim
766 3422 888 3461 rem
922 3407 1294 3478 perstrictam
1329 3408 1527 3463 fuisse.

443 3497 494 3548 4.
527 3495 757 3549 Arsenii
786 3494 1037 3551 historia.
1070 3528 1138 3535 —
1170 3496 1368 3568 Neque
1402 3497 1640 3553 fuerunt
1683 3498 1882 3556 isthazc
1912 3502 2030 3558 Me-

375 3580 610 3639 letianis
630 3585 700 3638 ad
727 3584 1045 3655 perniciem
1097 3586 1417 3641 Athanasio
1447 3586 1815 3644 inferendam
1861 3592 2028 3647 satis.

374 3670 450 3742 (ά)
478 3670 716 3743 Verum,
748 3677 812 3729 ut
841 3673 1154 3746 multiplici
1186 3675 1429 3730 crimine
1460 3676 1688 3733 facilius
1710 3680 1900 3735 virum
1933 3698 2030 3753 op-

372 3760 711 3831 primerent,
746 3762 904 3817 aliud
938 3764 1473 3820 comminiscuntur
1502 3767 1754 3837 portenti
1786 3785 1926 3824 sane
1960 3786 2025 3826 ac

370 3849 618 3922 prodigii
649 3850 865 3906 simile.
909 3852 1051 3906 Rem
1084 3853 1259 3908 altius
1288 3854 1468 3909 ordiri
1504 3871 1740 3911 necesse
1772 3859 2027 3913 est.Erat

373 3939 615 4009 quidam
646 3941 933 3997 Arsenius
986 3941 1297 4013 episcopus
1351 3943 1651 4014 Hypseles,
1704 3945 2027 4003 Meletianis

374 4028 807 4084 necessitudine
829 4030 1096 4101 junctus,
1130 4030 1263 4086 licet
1286 4031 1347 4086 in
1376 4034 1659 4089 Breviario
1690 4052 1870 4107 supra
1902 4053 2026 4093 me-

372 4122 596 4172 morato
628 4117 781 4173 inter
808 4118 1147 4175 Meletianos
1178 4120 1484 4193 episcOpos
1518 4139 1631 4177 non
1660 4131 2021 4196 compareat;

370 4205 470 4277 qui
502 4224 575 4261 an
604 4207 677 4263 ad
711 4207 1053 4263 Meletianos
1076 4210 1203 4280 jam
1234 4210 1545 4282 episcopus
1567 4212 1896 4282 desciverit,
1930 4233 2024 4285 an,

370 4300 571 4351 contra
600 4314 778 4367 quam
818 4298 1068 4353 vetitum
1126 4299 1187 4353 in
1248 4298 1479 4357 Nicwna
1530 4302 1754 4372 synodo
1797 4304 2023 4376 fuisset,

366 4384 440 4438 ab
472 4383 684 4440 iisdem
716 4386 891 4442 fuerit
914 4392 1243 4459 cooptatus,
1278 4388 1495 4458 pariter
1532 4388 1844 4446 incertum.
1877 4394 2024 4449 Eum

364 4472 478 4527 sibi
511 4473 806 4529 Meletiani
838 4476 910 4531 ad
944 4476 1304 4549 singularem
1338 4480 1709 4550 atrocemque
1746 4480 2024 4537 crimina-

364 4561 583 4617 tionem
615 4563 674 4617 in
715 4563 1106 4621 Athanasium
1155 4566 1555 4623 adornandam
1606 4569 2021 4627 administrum

2143 3405 2377 3477 cogitati
2410 3405 2670 3476 quidem,
2705 3405 2921 3459 nedum
2940 3403 3499 3460 admissitacinoris.
3522 3408 3799 3461 Attamen

2142 3495 2241 3549 ubi
2273 3497 2633 3550 commotum
2664 3494 2752 3548 ira
2779 3491 3195 3566 imperatorem
3218 3510 3346 3549 esse
3376 3493 3798 3565 accepisset,ad

2140 3584 2578 3640 comministros
2617 3583 2923 3656 episcopos
2956 3599 3057 3655 per
3080 3584 3391 3655 [Egyptum
3422 3599 3545 3638 rem
3577 3582 3800 3655 signiﬁ-

2139 3678 2232 3729 cat
2261 3674 2691 3745 diaconumque
2725 3673 2925 3741 mittit,
2960 3671 3061 3744 qui
3094 3671 3537 3745 pervestigaret,
3567 3671 3667 3727 ubi
3710 3672 3796 3728 lo-

2138 3780 2338 3818 corum
2370 3767 2527 3819 esset
2554 3763 2857 3832 Arsenius,
2891 3762 2991 3833 qui
3026 3779 3059 3817 a
3088 3762 3348 3833 quinque
3380 3760 3467 3817 vel
3499 3778 3599 3817 sex
3620 3762 3797 3818 annis

2138 3853 2197 3907 in
2213 3852 2520 3907 Athanasii
2551 3856 2931 3924 conspectum
2964 3868 3079 3906 non
3110 3850 3667 3907 venerat.Diaconus
3689 3867 3791 3906 au-

2138 3944 2253 3997 tem
2288 3942 2579 4013 profectus
2610 3941 2681 3995 ad
2716 3939 3139 3996 monasterium
3170 3943 3793 4011 Ptemencyrceos,quo

2136 4030 2261 4086 loco
2291 4030 2469 4086 latere
2500 4030 2812 4085 Arsenium
2874 4046 3077 4086 rumor
3119 4033 3264 4095 erat,
3298 4029 3555 4101 primum
3588 4028 3798 4084 incidit

2136 4119 2197 4175 in
2228 4119 2539 4190 quosdam,
2578 4119 2882 4191 Pecysium
2911 4135 3121 4191 nempe
3153 4116 3794 4191 presbyterum,Sylva-

2136 4224 2278 4264 num
2314 4208 2482 4264 Heliae
2516 4208 2788 4264 monachi
2819 4208 3084 4279 ejusdem
3147 4206 3486 4263 monasterii
3529 4207 3792 4275 fratrem,

2134 4298 2730 4370 Tapenacerameum,
2761 4302 2817 4354 et
2837 4297 3086 4353 Paulum
3100 4295 3379 4371 Hypseles
3412 4295 3792 4363 monachum,

2135 4387 2235 4458 qui
2268 4388 2579 4443 Arsenium
2615 4386 2744 4442 istic
2775 4385 2994 4441 versari
3019 4385 3271 4441 confessi
3305 4388 3465 4441 sunt.
3521 4384 3603 4439 Re
3634 4400 3792 4439 com-

2134 4480 2301 4547 perta
2331 4476 2546 4531 Pinnes
2576 4476 2843 4547 ejusdem
2877 4474 3215 4530 monasterii
3248 4474 3551 4545 presbyter
3600 4472 3792 4529 homi-

2134 4582 2268 4621 nem
2300 4565 2360 4619 in
2392 4564 2719 4620 naviculam
2751 4563 2961 4633 conjici
3003 4563 3251 4631 curavit,
3301 4566 3366 4617 ut
3394 4562 3652 4618 secundo
3680 4562 3789 4617 flu-

363 4652 879 4725 parant.Princeps
909 4653 1361 4725 conspirationis
1384 4657 1676 4712 ordiendae
1710 4658 1819 4714 fuit
1848 4663 2024 4716 Joan-
2057 4672 2103 4735 D
2137 4655 2295 4710 mine
2326 4654 2397 4709 ad
2432 4653 2736 4709 inferiores
2785 4650 3011 4724 Egypti
3070 4655 3264 4723 Partes
3315 4667 3433 4705 una
3463 4667 3597 4705 cum
3628 4649 3793 4707 Helia

363 4756 469 4795 nes
491 4742 837 4812 cognomine
869 4742 1121 4814 Archap,
1184 4740 1628 4800 Meletianorum
1675 4748 2017 4822 antesigna-

363 4845 495 4884 nus.
531 4830 598 4884 Et
623 4831 762 4901 quia
792 4847 961 4886 nemo
994 4831 1140 4887 solet
1179 4833 1248 4887 ad
1284 4833 1639 4889 maleficium
1672 4835 1798 4891 sine
1829 4855 1931 4909 spe
1961 4843 2019 4893 et

359 4917 759 4973 emolumento
782 4920 1072 4987 accedere,
1108 4921 1375 4993 pactione
1424 4922 1680 4992 pecunia
1714 4924 2012 4983 hominem

361 5006 618 5078 perpulit
648 5009 718 5063 ad
757 5024 885 5063 sese
916 5008 1351 5079 occultandum,
1380 5028 1447 5065 eo
1512 5028 1720 5084 nempe
1746 5016 2010 5083 concilio,

362 5101 424 5150 ut
455 5096 560 5150 viri
596 5114 708 5151 non
743 5096 993 5154 ulterius
1024 5098 1177 5153 inter
1199 5099 1468 5155 homines
1489 5102 1774 5157 versantia
1797 5107 2011 5162 caedem

356 5188 460 5239 aut
491 5185 923 5241 mutilationem
982 5186 1293 5260 cvulgandi
1353 5188 1597 5244 facultas
1649 5197 1822 5248 esset.
1848 5196 2011 5251 Late-

355 5272 596 5329 brarum
628 5274 791 5331 locus
824 5277 1246 5332 monasterium
1306 5277 1419 5331 fuit
1479 5279 1714 5335 nomine
1742 5281 2009 5339 Ptemen-

354 5362 563 5435 cyrcis,
594 5363 653 5418 in
685 5365 1055 5436 Anteopolite
1116 5383 1290 5422 nomo
1322 5368 1523 5422 situm.
1557 5369 1792 5426 Latente
1833 5372 2012 5445 igitur

424 5539 500 5613 (ᾳ)
532 5539 747 5613 Athan.
784 5542 936 5613 Apol.
970 5546 1161 5597 contra
1186 5543 1377 5598 Arion.
1412 5560 1471 5598 n.
1504 5545 1594 5599 63.

457 5610 505 5680 δ)
536 5612 753 5681 Athan,
789 5610 955 5681 ibid.,
988 5615 1167 5667 11.74.

447 5686 495 5746 c)
525 5683 742 5740 Athan.
775 5683 939 5741 ibid..
975 5686 1035 5740 in
1057 5685 1235 5741 notis.

446 5751 506 5826 α)
533 5754 753 5815 Athan.
777 5755 917 5814 ibid.
926 5800 943 5830 ,
975 5774 1034 5817 n.
1065 5758 1137 5816 65
1155 5760 1215 5829 et,
1240 5772 1407 5831 seqq.

2134 4743 2420 4799 monacho
2460 4743 2818 4798 concederet.
2854 4744 2991 4796 Post
3047 4740 3188 4809 haec,
3235 4739 3474 4811 elapsis,
3506 4742 3572 4793 ut
3619 4742 3789 4811 puta-

2127 4851 2285 4901 mus,
2317 4832 2673 4905 quibusdam
2729 4831 2801 4887 ad
2859 4828 3086 4886 Arsenii
3144 4828 3503 4902 profectione
3556 4828 3786 4898 diebus,

2125 4921 2432 4977 Athanasii
2463 4920 2746 4976 diaconus
2778 4937 2913 4975 cum
2946 4919 3259 4975 comitibus
3287 4916 3586 4974 nonnullis
3603 4934 3790 4973 rever-

2126 5026 2248 5079 sus,
2284 5010 2594 5081 derepente
2626 5008 2686 5063 in
2720 5007 3142 5063 monasterium
3196 5005 3492 5078 quazrendi
3544 5005 3786 5061 Arsenii

2124 5116 2303 5155 causa
2321 5115 2448 5155 sese
2480 5098 2766 5165 immisit;
2792 5101 3199 5167 quem,utpote
3217 5095 3330 5151 alio
3360 5094 3783 5151 transmissum

2123 5206 2257 5245 cum
2283 5206 2397 5244 non
2429 5188 2765 5259 reperirent,
2783 5187 3026 5241 Pinnem
3045 5186 3446 5258 presbyterum
3466 5200 3600 5239 cum
3622 5184 3786 5240 Helia

2123 5278 2410 5334 monacho
2450 5277 2679 5332 Arsenii
2739 5278 2952 5331 comite
3005 5274 3418 5331 Alexandriam
3448 5273 3783 5346 deportatos

2121 5368 2254 5424 duci
2284 5366 2567 5423 obtulere.
2596 5368 2667 5421 Et
2697 5382 2832 5421 cum
2865 5364 3029 5421 nulla
3056 5363 3307 5436 negandi
3334 5362 3427 5418 via
3457 5363 3783 5428 esset,fassi

2291 5547 2520 5601 Sozom.
2582 5544 2682 5599 lib.
2743 5560 2803 5611 ιι,
2863 5558 2990 5612 cap.
3045 5542 3148 5609 25;
3211 5540 3395 5595 Hilar.
3444 5543 3674 5612 Fragm.
3708 5557 3768 5612 p.

2116 5618 2501 5761 BgﬁAthan.
2533 5686 2752 5759 Apolog.
2783 5687 2979 5743 contra
3005 5684 3260 5750 Arianos,
3293 5698 3354 5737 n.
3396 5683 3469 5737 65
3521 5684 3581 5738 et
3606 5696 3770 5753 seqq.
