4166 6422
1135 18 1613 30 __._—..———————-

333 438 492 499 lxxx

1745 432 2356 499 PROLEGOMENA.

334 564 563 624 suntin
593 563 742 625 vivis
789 565 1105 624 Arsaniam
1149 583 1217 625 ac
1269 565 1511 624 minime
1565 566 1981 624 obtruncatum
2013 574 2068 640 Α
2102 584 2371 625 mensam
2403 582 2686 636 eversam,
2722 564 3240 635 calicemfractum
3271 563 3544 623 vecordes
3562 559 3749 622 homi-

333 672 483 714 esse.
517 659 603 713 Ad
637 657 759 714 haec
781 657 1122 729 omniajam
1156 662 1477 713 memorata
1520 658 1735 713 Pinnes
1770 658 1827 712 in
1870 674 1988 713 mo-

333 747 660 804 nasterium
691 764 993 820 regressus
1023 747 1234 802 Joanni
1293 747 1606 819 Archapho
1662 747 1986 818 rescripsit,

333 851 582 892 monens
608 840 674 891 ut
693 852 765 891 ne
795 835 989 905 modo,
1018 834 1359 906 pervulgata
1390 834 1473 889 rei
1504 833 1764 904 veritate,
1807 834 1986 889 Atha-

333 924 500 980 nasio
526 926 738 980 caedem
770 924 1062 980 ascribere
1091 925 1503 996 aggrederetur
1535 939 1547 977 :
1573 939 1747 993 quam
1779 923 1988 994 episto-

330 1013 473 1082 lam,
517 1013 832 1086 Paphnutii
887 1012 1158 1068 monachi
1217 1029 1396 1068 manu
1454 1017 1770 1078 exaratam,
1820 1013 1987 1068 nobis

329 1103 692 1159 Athanasius
725 1102 1010 1173 integram
1042 1102 1312 1157 servavit.
1336 1102 1545 1161 Narrat
1576 1101 1714 1156 item
1745 1101 1983 1169 Pinnes,

327 1191 556 1247 Arsenii
588 1191 776 1246 enecti
806 1189 1064 1246 fabulam
1094 1191 1176 1245 ita
1193 1207 1295 1262 per
1323 1195 1507 1246 totam
1521 1194 1832 1262 Egyptum
1857 1206 1980 1261 per-

327 1280 646 1348 crebuisse,
683 1283 748 1334 ut
779 1296 850 1336 ne
881 1279 1589 1350 ultracelaripossetﬂaec
1605 1296 1783 1334 causa
1804 1278 1985 1334 fuisse

325 1373 566 1442 putatur
594 1369 835 1424 Arsenio
868 1373 932 1424 ut
962 1370 1181 1442 Tyrum
1216 1369 1568 1440 profugeret,
1601 1385 1717 1439 quo
1749 1367 1826 1422 ibi
1853 1385 1981 1439 pro-

325 1457 421 1515 cul
451 1458 643 1530 patria
674 1462 732 1514 et
760 1458 1295 1525 Athanasio,tutius
1325 1457 1708 1513 delitesceret.
1728 1461 1804 1510 At
1835 1457 1983 1512 forte

322 1547 516 1604 evenit
545 1546 815 1602 Archelai
847 1546 1176 1602 consularis
1206 1546 1433 1612 famuli,
1458 1550 1524 1601 ut
1551 1546 1611 1600 in
1643 1546 1884 1600 taberna
1905 1545 1984 1599 la-

321 1639 443 1694 tere
465 1636 777 1693 Arsenium
793 1636 1150 1708 quibusdam
1165 1636 1640 1692 renuntiantibus
1653 1636 1983 1708 acciperent

322 1742 566 1798 remque
595 1725 920 1781 indicarent
950 1725 1108 1780 hero.
1146 1727 1200 1780 Is
1233 1730 1461 1781 mature
1501 1726 1693 1780 virum
1745 1725 1980 1796 perqui-

323 1814 417 1883 rit,
445 1819 861 1886 repertumque
893 1814 952 1869 in
983 1813 1312 1869 custodiam
1327 1814 1509 1870 tradit
1533 1814 1979 1884 asservandum,

320 1907 379 1961 et
397 1904 507 1960 sub
538 1903 661 1958 haec
689 1903 1013 1959 Athanasio
1045 1903 1340 1976 signiﬁcat
1389 1903 1821 1976 deprehensum
1872 1906 1976 1956 Ar-

321 1993 575 2050 senium.
605 1993 783 2064 Cujus
813 1992 953 2047 item
987 1992 1068 2048 rei
1098 1991 1316 2048 oculati
1341 1993 1500 2048 fuere
1529 1996 1707 2048 testes
1737 1990 1978 2064 quidam

320 2082 510 2156 ipsius
537 2080 841 2138 Athanasii
874 2080 1211 2136 familiares.
1231 2081 1518 2137 Arsenius
1540 2098 1672 2137 vero
1695 2098 1766 2136 ne
1779 2081 1980 2152 depre-

319 2171 540 2229 hensus
571 2171 810 2242 quidem
841 2187 903 2226 se
934 2169 1245 2226 Arsenium
1278 2186 1408 2227 esse
1453 2171 1760 2237 fatebatur,
1794 2170 1978 2225 donec

320 2262 391 2317 ad
426 2260 589 2316 Pauli
619 2259 753 2333 Tyri
784 2259 1038 2332 episcopi
1072 2259 1327 2315 tribunal
1359 2263 1629 2315 evocatus
1649 2262 1824 2330 atque
1843 2275 1978 2314 con-

317 2349 528 2417 victus,
589 2348 1077 2421 negandi.ﬁnem
1157 2349 1388 2404 faceret.
1448 2352 1568 2403 Hoc
1628 2352 1822 2403 autem
1881 2346 1979 2402 ille

323 2439 476 2510 pacti
508 2455 645 2493 cum
675 2437 927 2493 Eusebio
958 2436 1088 2492 initi
1121 2453 1300 2493 causa
1329 2437 1559 2509 agebat,
1594 2452 1666 2491 ne
1697 2453 1760 2492 se
1807 2451 1976 2508 syco-

321 2527 544 2600 phanta
574 2525 936 2599 deprehenso
966 2530 1088 2581 tota
1115 2531 1487 2582 evanesceret
1516 2524 1734 2581 fabula.
1768 2527 1976 2581 Peccat

322 2621 520 2672 autem
550 2619 816 2671 Socrates
845 2616 951 2688 (a),
1009 2615 1110 2688 qui
1157 2614 1334 2671 istam
1366 2613 1711 2687 deprehensi
1746 2613 1973 2669 Arsenii

321 2704 633 2761 historiam
664 2703 847 2778 Tyrias
879 2704 1085 2777 synodi
1114 2708 1375 2776 tempore
1406 2704 1724 2775 contigisse
1756 2707 1976 2770 narrat,

321 2794 440 2851 Nos
469 2793 860 2850 Athanasium
893 2793 1200 2866 sequimur
1230 2793 1344 2848 ﬁde
1373 2809 1514 2848 sane
1541 2791 1892 2864 digniorem.

390 2885 446 2939 2.
483 2883 778 2939 Calumnia
799 2882 1024 2938 detecta.
1061 2913 1127 2922 ——
1157 2883 1312 2937 Inter
1367 2881 1486 2936 haec
1510 2880 1793 2936 Eusebius
1814 2880 1978 2936 Nico-

327 2971 669 3042 mediensis,
700 2971 1036 3044 Theognius
1069 2971 1420 3042 Nicaenus,et
1447 2970 1787 3026 Theodorus
1801 2969 1976 3025 Hera-

326 3061 563 3132 cleotes,
595 3065 906 3133 postquam
946 3060 1166 3116 crebris
1221 3059 1504 3116 itionibus
1560 3059 1976 3132 postulationi-

323 3148 1060 3223 busque,intolerabilia,ut
1088 3149 1342 3219 aiebant,
1375 3149 1682 3204 Athanasii
1719 3149 1976 3205 facinora

321 3240 381 3295 in
419 3240 641 3313 synodo
673 3238 873 3311 aliqua
903 3238 1154 3310 disquiri
1183 3243 1450 3311 oportere
1470 3238 1807 3311 imperatori
1838 3255 1974 3294 sua-

318 3327 536 3386 sissent
558 3326 1274 3400 (b),jamquecelebrandaa
1321 3327 1543 3400 synodo
1567 3327 1782 3397 deputa
1821 3331 1976 3382 esset
2005 3317 2047 3384 C

321 3416 580 3473 Cesarea
606 3416 667 3471 in
687 3415 1026 3484 Palaestina;
1044 3431 1250 3472 versus
1262 3415 1555 3471 Orientem
1577 3417 1971 3488 properabant

320 3507 518 3563 animo
539 3505 847 3562 Athanasii
870 3505 929 3560 in
954 3505 1243 3576 ejusmodi
1266 3506 1488 3577 synodo
1518 3505 1971 3562 abdicandi.Ve-

320 3612 454 3651 rum
483 3594 582 3650 ille
609 3611 830 3667 gnarus
861 3593 1213 3649 insidiarum
1242 3598 1303 3649 et
1332 3593 1500 3649 mala:
1532 3594 1747 3650 mentis
1777 3595 1973 3650 adver-

321 3683 750 3749 sariorum,iter
769 3687 827 3738 et
848 3683 1142 3753 judicium
1163 3682 1339 3738 istius
1369 3683 1706 3755 synodi,nec
1731 3684 1969 3754 injuria,

320 3773 697 3830 detrectabat.
723 3771 906 3836 Quare
936 3777 1172 3844 peracta
1199 3773 1270 3826 de
1283 3773 1526 3828 Arsenio
1551 3772 1973 3844 perquisitione

321 3867 379 3919 et
407 3860 708 3935 patefactis
765 3860 1210 3916 Meletianorum
1271 3861 1826 3932 conspirationibus,
1867 3863 1972 3917 im-

321 3951 571 4025 peratori
631 3950 930 4006 renuntiat
979 3955 1276 4022 repertum
1332 3951 1662 4022 Arsenium,
1691 3957 1750 4008 et
1786 3957 1969 4009 totam

321 4039 624 4097 homicidii
641 4055 877 4096 scenam
909 4040 979 4096 de
993 4039 1185 4095 medio
1214 4039 1507 4096 sublatam
1524 4041 1732 4096 fuisse:
1754 4058 1821 4097 ac
1844 4058 1972 4113 quas

321 4130 393 4186 de
424 4128 674 4186 Macario
705 4129 1036 4202 presbytero
1066 4128 1206 4184 olim
1225 4129 1516 4185 Meletiani
1542 4131 1613 4185 ad
1644 4131 1840 4202 ipsum
1872 4131 1970 4186 de-

321 4218 614 4287 tulissent,
639 4223 869 4274 revocat
896 4219 954 4273 in
988 4219 1356 4274 memoriam.
1410 4219 1798 4276 Commodum
1833 4220 1971 4277 item

321 4308 554 4377 accidit,
581 4311 648 4364 ut
675 4307 967 4364 Meletiani
1001 4307 1060 4362 in
1091 4307 1318 4364 iteratis
1340 4308 1464 4364 suis
1485 4309 1558 4364 de
1588 4309 1768 4365 calice
1790 4310 1972 4366 fracto

322 4405 380 4455 et
407 4398 481 4455 de
507 4414 713 4453 mensa
736 4398 1019 4453 subversa
1047 4395 1558 4454 criminationibus
1581 4398 1970 4455 Athanasium

320 4487 517 4555 modo,
550 4487 724 4543 modo
754 4487 1073 4542 Macarium
1099 4485 1530 4542 insimularent.
1564 4487 1726 4553 Quod
1771 4489 1973 4560 utique

325 4576 558 4649 signum
581 4575 1087 4632 eratluculentum
1112 4576 1342 4632 conﬁcti
1375 4580 1433 4631 et
1452 4576 1759 4649 excogitati
1781 4577 1974 4632 crimi-

322 4665 434 4722 nis.
470 4667 598 4722 Haec
631 4665 812 4722 misso
839 4665 1090 4721 Macario
1121 4665 1364 4722 diacono
1396 4665 1690 4738 significat
1720 4666 1971 4740 impera-
2004 4691 2050 4755 D

319 4755 433 4811 tori
455 4754 1034 4827 :quistatimjudicio
1055 4755 1315 4811 censoris
1338 4754 1973 4827 prohibito,Eusebium

319 4848 377 4901 et
407 4845 600 4900 socios
631 4843 688 4898 in
722 4845 1015 4900 Orientem
1048 4843 1351 4899 Athanasii
1385 4844 1639 4900 Ecclesia
1667 4846 1976 4901 deturban-

319 4933 377 4990 di
399 4933 674 5005 cupidine
696 4937 1076 5006 properantes
1091 4933 1408 5005 retrogradi
1423 4933 1621 5005 jubet:
1648 4933 1976 5007 litterisque

320 5022 520 5079 missis
548 5022 936 5078 Athanasium
961 5021 1391 5084 cohortatur.ut
1401 5021 1616 5094 populo
1639 5039 1745 5078 suo
1770 5041 1972 5096 pacem

320 5116 378 5168 et
404 5111 872 5184 tranquilitatem
904 5109 1217 5166 conciliare
1241 5111 1493 5180 studeat,
1518 5111 1572 5166 id
1609 5129 1741 5166 cum
1766 5113 1973 5184 primis

321 5200 625 5272 inoptatis
647 5215 775 5256 esse
804 5199 1010 5255 sibi.ln
1045 5198 1396 5254 Meletiunos
1417 5203 1790 5273 autem,quos
1813 5203 1972 5257 omni

322 5288 715 5345 exsecratione
736 5289 947 5362 dignos
1006 5287 1283 5360 appellat,
1335 5288 1629 5344 invehitur
1672 5291 1972 5348 acerrime.

322 5376 516 5431 Mirari
548 5393 610 5432 se
640 5377 896 5449 ait,quos
926 5376 1008 5431 illi
1051 5377 1208 5432 viros
1228 5377 1611 5447 interemptos
1623 5379 1977 5450 jactitabant

325 5483 425 5523 eos
458 5466 616 5538 ipsos
647 5465 975 5522 incolumes
1005 5471 1144 5522 ante
1171 5465 1438 5521 omnium
1469 5465 1668 5523 oculos
1715 5469 1931 5525 versari
1958 5488 1971 5539 ;

394 5627 480 5698 (α)
506 5626 727 5683 Socrat.
762 5626 867 5682 lib.
900 5644 940 5693 ι,
973 5643 1101 5698 cap.
1131 5625 1224 5682 29.

394 5699 474 5770 (b)
493 5698 713 5775 Athan:
769 5700 924 5772 Apol.
983 5707 1177 5775 contra
1231 5698 1485 5768 Arianos,
1528 5715 1586 5755 n.
1617 5702 1689 5756 65
1716 5706 1774 5757 et
1803 5718 1927 5775 seq.
1957 5721 1970 5771 ;

322 5769 659 5828 TheOdoret.
691 5770 731 5827 l.
767 5769 966 5843 I,'cap.
996 5769 1088 5826 28.

2012 1950 2059 2015 B

2101 674 2204 713 nes
2234 659 2408 713 modo
2440 657 2511 712 ab
2545 656 2884 723 Athanasio,
2921 672 3053 712 mox
3075 674 3107 711 a
3137 655 3387 712 Macario
3417 654 3749 722 etl‘utire,ut

2099 746 2201 802 illa
2226 745 2638 802 incertitudine
2671 745 3059 802 accusationis
3090 747 3148 800 in
3191 743 3584 818 schphantise
3615 760 3746 800 sus-

2099 837 2386 909 picionem
2420 842 2787 891 vocarentur.
2818 835 2993 890 Jubet
3039 835 3232 906 palam
3272 834 3384 906 legi
3415 833 3744 905 epistolam,

2096 930 2163 982 ut
2193 942 2363 982 nemo
2395 943 2551 980 unus
2583 929 2806 997 gestam
2841 941 2984 980 rem.
3047 924 3608 995 Meletianorumque
3658 923 3745 976 in-

2096 1014 2282 1070 sidias
2318 1015 2562 1086 ignoret.
2597 1014 2939 1070 Plectendos
2967 1013 3293 1077 denuntiat,
3327 1012 3551 1084 siquos
3584 1011 3748 1084 paria

2095 1121 2272 1160 ausos
2328 1103 2805 1176 deprehenderet.
2888 1101 3348 1158 Gratulatoriam
3425 1099 3749 1156 Alexander

2095 1193 2638 1249 Thessalonicensis
2704 1191 3028 1247 Athanasio
3085 1189 3395 1263 epistolam
3455 1189 3618 1244 misit
3655 1190 3744 1260 (ε),

2094 1283 2348 1354 acceptis
2379 1299 2481 1354 per
2507 1282 2882 1354 Serapionem
2909 1281 3172 1336 Sozontis
3202 1278 3410 1349 filium,
3444 1279 3589 1334 bene
3619 1293 3743 1332 mo-

2092 1376 2286 1428 ratum
2318 1371 2770 1440 adolescentem,
2828 1370 3094 1438 ejusdem
3152 1367 3403 1435 litteris;
3463 1365 3743 1423 scelerato

2089 1461 2301 1516 Joanni
2336 1460 2498 1516 aiens
2520 1462 2658 1531 jure
2687 1459 2944 1514 infamiae
2981 1463 3182 1514 notam
3223 1458 3506 1524 inustam,
3539 1461 3742 1528 utpote

2092 1550 2572 1622 turpissimarum
2605 1565 2802 1604 rerum
2833 1547 3063 1604 artifici.

2161 1641 2215 1693 3.
2250 1640 2510 1695 Arscm'us
2547 1639 2738 1694 delicti
2762 1640 2980 1693 veniam
3006 1638 3170 1709 petit.
3203 1635 3740 1708 —Apertissimum

2091 1732 2287 1784 autem
2322 1728 2466 1783 illud
2499 1728 2611 1783 fuit
2635 1726 3086 1800 conSpirationis
3139 1729 3573 1798 argumentum,
3606 1741 3741 1780 cum

2091 1818 2376 1873 Arsenius
2434 1817 2560 1889 ipse
2614 1823 2926 1889 postquam
2987 1814 3175 1871 latens
3239 1814 3566 1886 deprensus
3625 1813 3745 1869 fue-

2091 1912 2203 1973 rat,
2236 1907 2436 1963 missis
2467 1907 2539 1962 ad
2571 1905 2961 1961 Athanasium
3018 1905 3228 1960 litteris
3259 1903 3356 1975 (d),
3395 1903 3745 1975 significavit

2090 1997 2248 2051 cordi
2283 2012 2412 2052 esse
2441 1995 2552 2051 sibi
2584 2011 2784 2068 pacem
2843 1998 2902 2050 et
2949 1993 3425 2050 communionem
3475 1991 3741 2047 Ecclesiae

2087 2083 2407 2155 catholicas,
2443 2100 2645 2156 rogare
2671 2083 2897 2138 aditum
2956 2081 3069 2138 sibi
3123 2081 3274 2146 dari,
3307 2079 3566 2153 polliceri
3614 2081 3743 2136 nul-

2086 2171 2204 2229 lam
2237 2173 2520 2228 initurum
2555 2189 2617 2229 se
2641 2189 2775 2228 cum
2814 2171 3208 2228 schismaticis
3256 2170 3612 2237 societatem,
3646 2187 3742 2225 ne-

2087 2279 2200 2335 que
2232 2263 2601 2335 imprudente
2630 2266 2731 2318 aut
2759 2261 2938 2317 invito
2995 2259 3336 2329 Athanasio,
3386 2259 3600 2314 scitum
3633 2257 3738 2314 ali-

2087 2353 2243 2426 quod
2274 2351 2362 2407 vel
2391 2353 2691 2408 decretum
2727 2367 2846 2406 una
2875 2367 3009 2405 eum
3042 2349 3174 2404 aliis
3205 2348 3497 2420 episcopis
3546 2347 3739 2403 editu-

2086 2459 2239 2498 rum.
2278 2443 2425 2497 Istas
2456 2441 2742 2497 Arsenius
2773 2440 2932 2496 dedit
2974 2439 3221 2504 litteras,
3253 2437 3354 2509 qui
3393 2435 3580 2492 multa
3612 2441 3741 2507 post

2087 2531 2208 2587 haec
2242 2546 2346 2586 nec
2377 2532 2628 2587 obscura
2657 2529 2913 2602 praetulit
2963 2529 3174 2583 mutati
3230 2532 3287 2583 et
3317 2525 3619 2582 catholicis
3650 2543 3738 2581 re-

2086 2619 2198 2676 bus
2229 2618 2448 2674 addicti
2481 2619 2664 2673 animi
2723 2617 2910 2689 signa.
2944 2621 3025 2672 Re
3082 2616 3316 2691 cognita
3343 2616 3598 2672 Joannes
3628 2620 3733 2669 Ar-

2086 2708 2298 2780 cbaph,
2333 2713 2398 2763 ut
2425 2707 2542 2762 vidi
2573 2711 2738 2780 gesta
2796 2723 2904 2762 sua
2963 2707 3022 2761 in
3067 2721 3166 2761 ore
3205 2705 3472 2761 omnium
3496 2703 3734 2771 versari,

2084 2797 2313 2854 traduci
2346 2797 2406 2852 in
2438 2797 2583 2868 dies,
2644 2812 2922 2869 magnam
2980 2794 3091 2850 sibi
3149 2794 3434 2850 invidiam
3465 2792 3736 2859 conﬂare,

2085 2887 2255 2959 quasi
2290 2885 2572 2958 paenitens
2602 2884 2761 2956 facti,
2795 2883 3268 2940 communionem
3319 2881 3627 2938 Athanasii
3659 2881 3741 2936 ef-

2086 2975 2349 3049 ﬂagitare
2379 2975 2590 3046 ccepit:
2625 2991 2691 3030 ac
2750 2973 2958 3029 litteris
3012 2971 3350 3045 imperatori
3396 2969 3744 3026 testificatur

2086 3081 2172 3134 se,
2197 3066 2325 3136 jam
2359 3064 2517 3119 omni
2550 3063 2737 3136 posita
2769 3061 3087 3132 simultate,
3122 3077 3324 3133 pacem
3375 3059 3740 3116 communio-

2085 3171 2338 3226 nemque
2367 3171 2501 3208 cum
2533 3152 2855 3208 Athanasio
2885 3154 3156 3222 exoptare
3184 3166 3251 3205 ac
3284 3149 3742 3220 requirere.Per-

2085 3249 2262 3317 grataa
2295 3243 2496 3297 litterae
2528 3241 2907 3298 Constantino
2925 3240 3272 3312 fuere,pacis
3295 3237 3515 3295 scilicet
3536 3253 3739 3292 aman-

2084 3332 2353 3401 tissimo;
2387 3332 2640 3403 dataque
2661 3329 2909 3403 epistola
2922 3329 3115 3386 virum
3145 3332 3363 3398 evocat,
3381 3326 3597 3401 publici
3644 3343 3738 3381 ve-

2090 3422 2272 3478 hiculi
2304 3422 2530 3494 copiam
2565 3421 2721 3490 facit,
2755 3424 2821 3476 ut
2859 3419 3079 3490 majore
3119 3417 3334 3492 gaudio
3391 3421 3737 3490 praesentem
3769 3432 3775 3440 '

2082 3511 2360 3585 pacisque
2391 3511 2722 3566 studiosum
2746 3506 3485 3580 exciperet.Talistumfait
3501 3506 3581 3561 rei
3614 3504 3738 3560 exi-

2080 3600 2645 3672 tus,etaliquantum
2687 3598 2970 3672 temporis
2990 3596 3248 3670 sopitum
3283 3595 3582 3668 negotium
3607 3595 3736 3650 fuit.

2153 3695 2321 3747 ANNO
2351 3706 2612 3745 cmcrrsa
2642 3689 2768 3744 334.
2829 3719 2892 3728 —
2927 3688 2980 3742 l.
3029 3688 3297 3742 Antonius
3339 3684 3739 3741 Alexandriam

2080 3782 2247 3836 venit.
2279 3809 2348 3819 ——
2379 3783 2488 3834 Per
2518 3778 2576 3834 id
2608 3777 2839 3833 circiter
2864 3781 3100 3848 tempus
3131 3774 3352 3842 Ariani,
3405 3773 3740 3829 rumoribus

2087 3868 2435 3942 spargendis
2464 3883 2697 3940 semper
2723 3865 3115 3939 invigilantes,
3147 3868 3364 3920 temere
3390 3863 3742 3935 jactitabant

2084 3957 2284 4031 magni
2315 3974 2419 4030 per
2438 3957 2752 4029 [Egyptum
2786 3954 3042 4010 nominis
3057 3955 3250 4009 virum
3272 3951 3593 4008 Antonium
3623 3968 3740 4006 mo-

2082 4048 2402 4104 nachorum
2437 4051 2662 4117 patrem
2695 4044 2970 4099 doctrinae
3030 4061 3148 4100 suis
3209 4043 3398 4098 favere
3427 4045 3484 4096 et
3514 4040 3738 4112 astipu-

2087 4136 2194 4192 lari
2225 4136 2317 4207 (θ).
2353 4135 2582 4190 Perlata
2611 4151 2703 4190 res
2734 4133 2986 4189 Antonio
3040 4131 3227 4188 dolori
3279 4131 3426 4198 fuit;
3459 4129 3737 4202 graviter-

2082 4242 2195 4298 que
2225 4241 2583 4281 succensens
2614 4223 3011 4293 novatoribus,
3036 4221 3270 4277 hortatu
3301 4220 3737 4293 episcoporum,

2081 4319 2138 4372 et
2171 4314 2423 4370 maxime
2454 4310 3213 4379 Athanasii,Alexandriam
3245 4327 3307 4365 se
3337 4309 3734 4365 confert.Tum

2083 4403 2257 4476 ccepit
2285 4401 2534 4458 Arianos
2569 4401 2802 4473 publice
2831 4415 3166 4473 coarguere,
3200 4398 3498 4454 hwreticos
3547 4395 3742 4469 appel-

2080 4491 2503 4559 lare,hazresim
2536 4507 2735 4546 eorum
2768 4504 2970 4545 vocare
2993 4487 3336 4544 Antichristi
3363 4487 3736 4560 prodomum,

2082 4581 2401 4654 praedicare
2459 4578 2587 4636 Filii
2649 4579 3054 4644 aeternitatem,
3115 4577 3412 4644 deitatem,
3457 4573 3738 4647 populum

2080 4685 2220 4729 voce
2237 4667 2596 4740 monitisque
2620 4668 2675 4723 in
2701 4684 2834 4724 vera
2855 4667 3124 4722 doctrina
3145 4665 3512 4722 conﬁrmare.
3530 4665 3740 4736 Ingens

2083 4760 2194 4815 fuit
2222 4757 2625 4814 multitudinis
2657 4756 2876 4822 laetitia,
2905 4757 3126 4829 grande
3181 4754 3380 4811 odium
3421 4754 3738 4810 conflatum

2083 4848 2290 4905 haeresi
2324 4848 2578 4902 adventu
2609 4845 2714 4900 viri
2748 4845 2867 4901 Dei.
2888 4845 3286 4901 Accurrebant
3320 4843 3476 4899 cives
3505 4841 3741 4897 videndi

2081 4935 2320 4993 Antonii
2351 4934 2628 5007 cupidine
2659 4933 3118 5007 ﬂagrantes.lpsi
3150 4931 3396 5007 gentiles
3430 4932 3742 5002 conspecta

2080 5027 2190 5082 viri
2222 5026 2556 5081 litterarum
2590 5023 2850 5096 imperiti
2880 5025 2934 5079 vi
2968 5023 3272 5086 orationis,
3313 5019 3622 5093 stupefacti
3655 5019 3739 5074 si-

2083 5115 2216 5189 gnis
2247 5114 2666 5185 miraculisque
2699 5114 2770 5168 ad
2803 5129 3005 5186 preces
3033 5113 3162 5184 ejus
3193 5110 3366 5167 editis
3389 5111 3549 5182 (nam
3581 5124 3742 5164 ener-

2082 5221 2390 5279 gumenos,
2421 5221 2487 5259 ac
2518 5207 2714 5259 mente
2743 5207 2942 5275 captos
2968 5203 3115 5259 bene
3163 5199 3381 5256 multos
3431 5197 3737 5270 curabat);

2083 5298 2245 5350 tanto
2276 5308 2520 5348 numero
2547 5293 2617 5348 ad
2650 5291 3042 5347 Christianam
3074 5291 3249 5346 fidem
3273 5287 3642 5360 {conﬂuxere,
3677 5289 3742 5341 ut

2082 5384 2282 5457 plures
2315 5382 2520 5454 paucis
2551 5381 2778 5448 diebus,
2802 5398 2982 5453 quam
3010 5379 3156 5437 alias
3183 5394 3287 5451 per
3317 5378 3612 5450 integrum
3642 5391 3744 5432 an-

2084 5489 2248 5541 num,
2281 5487 2429 5526 verae
2463 5471 2595 5525 ﬁdei
2626 5470 2783 5525 viam
2815 5470 3280 5543 ingrederentur.
3313 5467 3384 5523 Et
3410 5483 3543 5524 vero
3572 5468 3742 5522 tanta

2176 5633 2225 5760 ἓ)
2259 5631 2474 5686 Athan.
2507 5629 2675 5713 i_bi_d.,
2708 5647 2766 5686 n.
2799 5632 2890 5687 66.

2218 5706 2232 5760 l
2262 5702 2478 5758 Athan.
2517 5703 2685 5760 1b1d..
2720 5720 2778 5759 n.
2806 5703 2890 5758 69.

2215 5706 2232 5777 )
2262 5702 2478 5777 Athan.
2517 5702 2778 5777 ibid.,_n.
2806 5703 2898 5758 69.

2155 5774 2228 5850 (ε)
2259 5776 2323 5833 In
2362 5776 2482 5834 Vita
2507 5774 2752 5846 Antonii,
2785 5793 2844 5832 n.
2873 5775 2970 5832 69.
