4166 6436
1671 407 1857 474 VITA
1900 408 1985 505 s.
2010 402 2459 469 ATHANASII.

3574 416 3763 472 LXXXI

343 551 472 603 erat
500 544 777 619 opinione
807 543 1208 602 sanctimoniae
1240 549 1297 599 et
1325 542 1577 615 pietatis,
1617 548 1678 599 ut
1722 542 1998 611 universi,
2029 543 2085 607 Α
2114 542 2317 595 derent
2347 558 2503 612 ergo,
2539 557 2639 612 per
2668 540 2852 596 otium
2883 543 2942 596 et
2982 556 3187 613 pacem
3218 542 3541 599 Athanasio
3592 546 3763 602 licere

344 653 416 693 ne
449 635 695 708 paganis
726 635 964 706 quidem
1008 633 1285 706 exceptis,
1318 633 1616 688 hominem
1668 632 1790 698 Dei,
1827 634 1998 687 Anto-

345 725 510 780 nium
544 723 982 796 compellarent.

409 818 463 869 2.
500 814 782 871 Antonius
825 816 987 868 curat
1016 812 1436 869 dazmoniacam.
1489 841 1557 851 —
1608 814 1749 865 Cum
1802 813 1998 865 autem

341 904 647 960 excederet
677 904 841 970 urbe,
855 901 1173 957 Athanasio
1204 899 1445 956 honoris
1466 916 1642 954 causa
1663 900 1998 964 comitante,

343 997 409 1046 ut
430 992 499 1045 ad
532 996 761 1062 portam
794 991 1076 1062 pervenit,
1094 994 1246 1045 retro
1273 988 1535 1044 clamans
1563 988 1774 1043 mulier
1797 988 2001 1042 sistere

344 1081 594 1153 gradum
614 1080 878 1151 rogabat,
894 1084 951 1135 et
983 1096 1190 1135 sanare
1220 1078 1400 1133 ﬁliam
1422 1095 1589 1133 suam
1622 1078 1886 1132 daemone
1906 1092 1999 1131 ve-

348 1174 565 1225 xatam.
602 1169 863 1241 Rogante
909 1168 1085 1224 etiam
1126 1167 1461 1235 Athanasio,
1495 1166 1755 1223 substitit
1780 1166 1911 1233 ille;
1948 1171 2005 1222 et

347 1259 591 1332 propius
624 1259 930 1314 accedente
962 1275 1093 1313 cum
1126 1257 1247 1313 ﬁlia
1278 1255 1543 1324 muliere,
1577 1256 1802 1311 daemon
1839 1255 2003 1328 puel-

349 1348 466 1404 lam
501 1348 667 1404 humi
718 1347 934 1418 dejicit.
966 1348 1117 1402 Tum
1150 1350 1420 1418 precatus
1473 1345 1778 1415 Antonius,
1810 1344 2003 1416 impu-

350 1453 481 1493 rum
532 1437 853 1492 daemonem
908 1436 1089 1508 fugat,
1123 1440 1181 1491 et
1226 1434 1585 1490 incolumem
1617 1435 1789 1489 matri
1820 1434 2004 1489 ﬁliam

349 1525 626 1583 restituit.
660 1524 1012 1596 Cunctisque
1038 1540 1173 1578 cum
1224 1525 1545 1595 gratiarum
1574 1524 1799 1579 actione
1826 1525 2007 1577 Anto-

348 1615 513 1670 nium
544 1612 865 1669 honorifice
890 1611 1338 1676 deducentibus,
1372 1611 1631 1684 gestiens
1664 1612 1721 1666 in
1746 1617 2005 1667 amatam

347 1702 727 1760 solitudinem
758 1700 1115 1773 remigravit.
1148 1701 1424 1764 Quaedam
1472 1705 1625 1756 certe
1668 1705 1809 1756 sunt
1840 1700 2007 1773 queis

346 1792 718 1858 inducamur,
755 1794 821 1846 ut
850 1794 1051 1847 contra
1078 1806 1257 1861 quam
1280 1789 1542 1845 sentiunt
1564 1788 1832 1844 nonnulli
1854 1789 2008 1845 docti

343 1882 474 1951 viri,
508 1882 570 1936 in
615 1897 838 1937 annum
889 1880 1118 1935 circiter
1158 1880 1281 1950 334,
1321 1879 1551 1934 Antonii
1598 1878 2006 1934 Alexandriam
2042 1917 2085 1979 Β

345 1971 763 2043 profectionem
814 1969 1250 2041 consignemus.
1302 1968 1385 2023 Ne
1431 1968 1585 2022 ultra
1633 1984 1853 2022 annum
1903 1966 2008 2021 334

347 2060 437 2115 vel
470 2064 535 2115 ut
573 2058 803 2115 tardius
831 2058 938 2112 335
968 2057 1333 2122 differamus,
1366 2060 1520 2111 vetat
1567 2057 1722 2127 quod
1753 2056 2009 2111 Athana-

349 2150 475 2206 sius
491 2150 549 2203 in
577 2147 812 2203 Antonii
836 2146 988 2211 Vita,
1006 2146 1104 2200 ubi
1131 2145 1397 2217 apprime
1416 2145 1701 2217 temporis
1724 2145 2010 2200 rationem

354 2241 536 2307 ducit,
572 2240 702 2310 ejus
728 2237 1134 2293 Alexandriam
1168 2236 1494 2308 profectum
1526 2241 1785 2305 enarrat,
1819 2237 2010 2308 prius-

357 2345 537 2402 quam
569 2329 641 2385 de
671 2325 1036 2383 Constantini
1068 2326 1139 2381 ad
1161 2325 1434 2381 eumdem
1467 2325 1789 2380 Antonium
1815 2325 2015 2382 missis

356 2417 566 2473 litteris
613 2417 790 2472 verba
836 2414 1031 2471 faciat.
1067 2415 1133 2469 Et
1162 2415 1302 2486 quia
1349 2430 1415 2469 eo
1464 2418 1726 2486 tempore
1774 2414 2014 2470 Alexan-

359 2506 499 2561 drits
548 2504 897 2562 versabatur
942 2503 1323 2569 Athanasius,
1364 2508 1430 2558 ut
1476 2503 1602 2575 ipse
1644 2507 1862 2572 narrat,
1897 2521 2013 2559 non

359 2597 550 2668 potest
578 2592 734 2648 ultra
771 2608 994 2647 annum
1024 2591 1130 2646 335
1159 2591 1379 2647 differri
1412 2592 1523 2647 iter
1572 2593 1798 2647 Antonii
1830 2611 1843 2660 ;
1877 2593 2017 2664 quia

360 2688 491 2756 post
505 2698 727 2739 annum
742 2680 972 2746 illum,d
984 2697 1081 2735 um
1097 2680 1314 2736 viveret
1326 2681 2017 2748 Constantinus,Alexan-

268 2840 273 2843 ν
361 2773 550 2829 driam
583 2788 699 2827 non
720 2770 863 2826 vidit
881 2769 1258 2826 Athanasius.
1275 2771 1359 2827 Ad
1392 2770 1531 2839 haec,
1557 2775 1689 2843 post
1709 2771 2015 2827 Athanasii

361 2859 651 2931 exsilium,
685 2876 820 2915 cum
872 2859 1146 2930 frequens
1175 2858 1399 2915 litteras
1446 2860 1733 2915 Antonius
1764 2861 1837 2915 ad
1868 2864 2015 2916 Con—

367 2948 927 3005 stantinum'reditus
948 2947 1136 3020 ipsius
1155 2947 1509 3020 impetrandi
1539 2964 1717 3004 causa
1735 2949 2014 3017 mitteret,

365 3037 562 3094 nullus
591 3038 863 3095 residuus
914 3037 1024 3093 fuit
1050 3038 1280 3093 Ariauis
1326 3036 1490 3093 locus
1538 3036 1871 3110 evulgandi,
1901 3038 2013 3094 sibi

362 3127 604 3199 suisque
619 3127 915 3184 erroribus
942 3126 1247 3198 astipulari
1275 3127 1585 3183 Antonium
1612 3145 1624 3193 ;
1658 3144 1791 3182 cum
1814 3131 2017 3184 contra

362 3217 688 3273 clamarent
707 3216 815 3271 viri
848 3219 1033 3289 gesta,
1065 3219 1120 3271 et
1149 3214 1462 3272 Catholicis
1486 3216 1784 3271 addictum
1809 3217 2015 3288 prode-

2109 629 2340 685 solitam
2373 632 2651 703 augendae
2682 630 2762 686 rei
2794 630 3092 686 catholicas
3122 648 3361 703 operam
3384 652 3593 690 navare
3622 662 3635 703 ,
3669 636 3764 690 in-

2108 720 2437 775 terturbare
2457 720 2704 774 consilia
2720 720 2848 789 ejus
2866 720 3309 776 Meletianorum
3328 739 3436 795 ope
3465 729 3761 797 satagunt,

2109 808 2334 878 hosque
2366 825 2600 862 rursum
2632 809 3279 881 evocantadpristinam
3312 813 3568 884 fingendi
3593 818 3765 870 etca-

2110 896 2439 951 lumniandi
2473 902 2678 952 artem.
2710 898 2999 953 Meletiani
3030 898 3211 970 igitur
3239 901 3562 958 instaurato
3587 904 3765 959 foede-

2110 1003 2171 1040 re
2202 986 2308 1057 (at),
2342 985 2557 1057 elapsis
2602 986 2840 1058 triginta
2870 988 2942 1042 ab
2992 988 3211 1044 indicta
3241 990 3511 1046 Caesareae
3542 994 3765 1065 synodo

2111 1075 2439 1140 mensibus,
2457 1076 2837 1130 Athanasium
2858 1076 3051 1131 denuo
3086 1094 3250 1134 reum
3275 1086 3456 1152 agunt
3477 1083 3631 1152 apud
3655 1082 3764 1138 im-

2113 1170 2458 1237 peratorem,
2476 1168 2531 1219 et
2560 1165 2912 1220 inveteratas
2935 1168 3379 1240 contutatasque
3402 1171 3766 1227 criminatio-

2114 1270 2217 1309 nes
2250 1258 2547 1309 renovant.
2572 1254 2826 1324 Prodigii
2859 1255 3052 1310 simile
3077 1261 3182 1323 est,
3212 1262 3332 1312 tam
3354 1260 3686 1316 versatilem
3709 1265 3768 1317 et

2114 1342 3264 1415 sycophantisoPportuuumConstantini
3280 1348 3543 1403 animum
3561 1350 3766 1419 fuisse;

2119 1437 2185 1487 ut
2213 1448 2341 1504 quae
2363 1431 2534 1487 toties
2565 1430 2664 1486 ille
2696 1432 2842 1487 falsa
2858 1437 2914 1487 et
2936 1435 3766 1508 commentitiadeprehendis-

2116 1526 2225 1592 set,
2260 1537 2327 1576 ea
2357 1521 2547 1575 denuo
2578 1520 2636 1575 in
2663 1521 2957 1591 judicium
2988 1524 3178 1577 vocari
3210 1526 3556 1581 consederit.
3590 1527 3768 1583 Euse-

2116 1610 2273 1665 biani
2307 1626 2467 1681 ergo,
2501 1615 2566 1664 ut
2613 1610 2695 1665 ait
2741 1610 3118 1682 Athanasius,
3153 1611 3225 1667 iis
3256 1614 3347 1668 usi
3373 1630 3558 1669 scenae
3591 1632 3769 1687 quam

2116 1700 2405 1773 parabant
2460 1699 2863 1770 histrionibus,
2899 1705 3165 1756 auctores
3215 1707 3355 1757 sunt
3408 1703 3768 1778 imperatori,

2120 1793 2186 1843 ut
2215 1789 2505 1860 synodum
2555 1787 2691 1857 Tyri
2729 1790 2937 1859 jubeat
2980 1791 3342 1862 congregari.
3376 1796 3521 1847 Tum
3574 1809 3770 1849 comes

2118 1878 2433 1948 Dionysius
2469 1894 2533 1931 eo
2568 1877 2842 1945 mittitur,
2876 1877 3119 1949 imperio
3151 1896 3255 1935 suo
3277 1881 3476 1936 omnia
3507 1884 3772 1938 modera-

2119 1973 2286 2020 turus
2315 1966 2407 2036 (e).
2439 1965 2791 2020 Satellitium
2822 1966 3074 2022 militare
3105 1969 3453 2025 Eusebianis
3484 1973 3677 2040 datur,
3708 1976 3775 2028 ut

2119 2054 2359 2110 arbitrio
2390 2071 2497 2109 suo
2526 2060 2807 2127 peragant
2836 2056 3054 2111 omnia.
3088 2057 3167 2112 Eo
3197 2060 3526 2115 concedunt
3556 2078 3772 2133 magno

2120 2160 2363 2198 numero
2392 2143 2703 2198 Eusebian‘i
2729 2162 2745 2209 ;
2780 2160 3031 2215 quorum
3053 2146 3448 2218 primipilares
3482 2150 3771 2207 Eusebius

2121 2232 2606 2299 Nicomediensis,
2666 2234 2949 2289 Eusebius
3010 2233 3401 2305 Caesariensis,
3461 2238 3772 2296 Narcissus

2121 2322 2675 2393 Neronopolitanus,
2697 2321 2969 2379 Placillus
2990 2324 3409 2397 Antiochenus,
3434 2328 3774 2401 Theognius

2122 2411 2411 2477 Nicamus,
2444 2412 2620 2467 Maris
2668 2412 3178 2480 Chalcedonensis,
3213 2415 3552 2473 Theodorus
3592 2418 3775 2475 Hera-

2123 2500 2353 2568 cleotes,
2391 2500 2764 2572 Patrophilus
2812 2502 3342 2575 Scythopolitanus,
3389 2506 3773 2580 Theophilus,

2130 2589 2399 2645 Ursacius
2418 2590 2883 2662 Singidonensis,
2915 2591 3130 2647 Valens
3161 2593 3479 2663 Mursinus,
3511 2598 3775 2654 Macedo-

2126 2679 2260 2734 nius
2309 2679 2773 2750 Mopsuestenus,
2822 2681 3104 2753 Georgius
3153 2683 3539 2752 Laodicenus,
3570 2691 3627 2741 et
3674 2687 3773 2744 alii

2125 2768 2383 2839 plurimi.
2418 2769 2534 2825 Nec
2572 2773 2770 2823 tamen
2800 2771 3043 2825 deerant
3088 2772 3307 2843 quibus
3338 2774 3486 2846 aequi
3518 2776 3775 2849 bonique

2124 2857 2389 2913 studium
2437 2862 2614 2926 esset,
2658 2859 2760 2914 sed
2811 2860 3106 2932 perpauci.
3140 2861 3297 2917 Inter
3338 2878 3437 2919 eos
3481 2866 3776 2922 maximus

2124 2946 2702 3019 Hicrosolymitanus,
2722 2947 3032 3004 Marcellus
3059 2952 3424 3024 Ancyranus,
3448 2953 3780 3013 Alexander

2124 3035 2687 3107 Thessalonicensis,
2758 3037 3033 3110 Asclepas
3106 3039 3400 3098 Gazensis.
3457 3043 3773 3118 Sexaginta

2124 3142 2329 3181 omnes
2363 3142 2607 3181 numero
2630 3131 2838 3197 prater
2863 3127 3159 3201 [Egyptios
3190 3137 3375 3202 erant,
3401 3138 3635 3189 auctore
3673 3135 3783 3192 So-

2125 3220 2282 3270 crate
2311 3215 2501 3286 (f).Ab
2534 3215 2642 3270 hoc
2673 3220 2823 3271 coetu
2856 3218 3151 3273 avertebat
3178 3219 3482 3277 Athanasii
3509 3224 3777 3281 animum

363 3309 511 3362 rent.
537 3307 671 3371 Quae
704 3322 844 3361 sane
882 3321 1063 3360 causa
1107 3304 1276 3359 nobis
1303 3308 1413 3373 est,
1446 3322 1518 3361 ne
1540 3305 1863 3377 profectum
1886 3307 2014 3378 ejus
2045 3292 2087 3357 C
2126 3304 2508 3377 pristinarum
2541 3306 2863 3361 recordatio
2886 3307 3385 3379 conspirationum
3412 3334 3426 3379 ;
3455 3327 3561 3367 nec
3581 3316 3776 3370 tutum

364 3399 498 3467 post
529 3410 749 3449 annum
778 3393 886 3449 335
915 3393 1312 3449 conferamus.

432 3484 487 3539 3.
531 3483 794 3539 Eusebius
838 3482 1199 3540 Casariensis
1248 3484 1576 3538 inimicitias
1630 3485 1863 3555 suscipit
1918 3482 2018 3538 ad-

362 3588 549 3629 versus
578 3572 882 3643 .Egyptios.
916 3603 983 3612 —
1012 3574 1134 3626 Hoc
1162 3571 1302 3627 item
1333 3587 1487 3626 anno
1518 3572 1806 3627 Eusebius
1834 3575 2019 3626 Caesa-

364 3661 577 3717 riensis
594 3662 655 3716 in
672 3660 875 3716 odium
898 3659 1389 3731 inimicitiamque
1410 3660 1690 3716 adversus
1718 3660 2020 3732 IEgyptios

364 3750 667 3823 episcopos
698 3749 893 3822 palam
927 3748 1213 3821 prorupit.
1246 3748 1367 3803 Etsi
1399 3749 1555 3804 enim
1590 3766 1625 3804 a
1662 3748 1867 3805 multis
1890 3749 2019 3820 jam

364 3840 537 3895 annis
566 3844 719 3896 esset
750 3838 978 3895 Arianis
1009 3838 1185 3895 rebus
1216 3854 1321 3894 nec
1352 3839 1599 3894 obscure
1624 3839 1857 3894 deditus
1888 3838 1966 3909 (ιι)
2004 3856 2017 3895 :

364 3932 425 3984 at
454 3945 569 3984 non
601 3929 682 3984 ita
715 3933 779 3983 ut
808 3926 1229 3983 catholicorum
1262 3926 1580 3999 priesulum
1607 3926 1800 3999 palam
1833 3927 2021 3983 hostis

364 4018 616 4074 audiret.
648 4017 783 4081 Quis
813 4034 984 4089 porro
1012 4034 1192 4073 causa
1212 4017 1387 4073 fuerit
1418 4016 1764 4077 simultatis,
1790 4021 1855 4072 ut
1872 4017 2019 4072 nulli

365 4123 483 4163 non
515 4111 657 4162 tunc
707 4105 1075 4179 exploratum
1123 4110 1180 4161 et
1226 4112 1431 4162 notum
1464 4106 1646 4161 fuisse
1692 4109 2025 4161 memorant

366 4195 619 4269 [Egyptii
654 4194 936 4268 episcOpi.
969 4194 1053 4250 sic
1092 4196 1218 4265 jam
1266 4212 1384 4250 non
1415 4194 1473 4249 in
1528 4200 1802 4267 promptu
1848 4195 2025 4252 fuerit

366 4285 665 4357 augurari.
732 4285 1169 4340 Bubedoramur
1223 4288 1443 4353 tamen,
1511 4284 1641 4339 ideo
1698 4284 2022 4341 Eusebium

367 4373 647 4446 Egyptiis
707 4372 1137 4441 succensuisse,
1198 4374 1354 4444 quod
1404 4372 1666 4428 fortassis
1722 4390 1842 4429 una
1886 4390 2023 4429 cum

362 4461 689 4520 Athanasio
720 4460 1071 4518 abnuissent
1122 4461 1193 4516 ad
1241 4461 1530 4534 synodum
1562 4461 1833 4518 Caesareae
1865 4462 2022 4517 indi-

364 4555 521 4607 ctam
553 4568 616 4607 se
646 4551 930 4620 conferre,
960 4551 1102 4622 quia
1133 4550 1420 4607 Eusebius
1443 4551 1572 4621 jam
1604 4551 1662 4606 in
1703 4550 2021 4607 Arianismi

2128 3410 2256 3450 esse
2314 3394 2709 3449 arbitrabatur
2757 3395 3026 3452 hostibus
3083 3414 3145 3453 se
3192 3399 3576 3465 committere,
3628 3417 3779 3474 quos

2128 3500 2304 3555 penes
2338 3487 2477 3538 tunc
2506 3500 2741 3539 summa
2769 3502 2967 3540 rerum
2998 3490 3173 3554 esset,
3198 3487 3296 3542 ubi
3328 3488 3488 3545 nulla
3516 3492 3667 3562 aequi
3690 3508 3782 3548 ra-

2130 3572 2210 3628 tio
2241 3573 2458 3639 futura,
2493 3572 2595 3628 sed
2626 3574 3303 3631 omniaEusebianorum
3338 3577 3578 3634 arbitrio
3602 3596 3780 3652 agen-

2129 3661 2224 3727 da,
2248 3662 2495 3732 jubente
2525 3662 2756 3727 comite,
2787 3663 3131 3735 cogentibus
3153 3664 3459 3723 militibus.
3490 3669 3562 3723 At
3582 3669 3670 3725 vel
3692 3669 3780 3725 in-

2129 3751 2282 3805 vitus
2313 3749 2428 3818 ille,
2464 3750 2675 3806 litteris
2706 3753 3047 3824 compulsus
3070 3752 3784 3831 imperatoris,iniquoju-

2129 3839 2280 3895 dicio
2311 3857 2510 3895 secum
2542 3840 2636 3913 agi
2667 3857 2898 3913 passus,
2932 3858 2998 3898 eo
3030 3859 3166 3898 cum
3187 3844 3470 3917 Egyptiis
3492 3847 3782 3920 episcopis

2131 3929 2518 4001 quadraginta
2545 3946 2749 3985 novem
2782 3947 2844 3986 se
2875 3931 3140 3987 contulit.
3161 3933 3450 3991 Macarius
3480 3935 3617 3991 item
3649 3953 3783 4009 pre-

2130 4018 2328 4090 sbyter
2372 4018 2623 4090 vinctus,
2656 4020 2994 4092 catenisque
3045 4027 3314 4094 onustus,
3346 4024 3561 4097 Tyrum
3603 4027 3784 4082 addu-

2130 4111 2261 4163 ctus
2291 4124 2325 4162 a
2356 4107 2642 4163 militibus
2673 4113 2781 4178 est,
2814 4111 2886 4165 ob
2909 4110 3167 4167 delatum
3202 4112 3423 4168 crimen
3455 4115 3620 4170 fracti
3644 4116 3785 4172 cali-

2132 4195 2215 4251 cis
2244 4203 2301 4251 et
2331 4213 2508 4252 versae
2542 4214 2775 4253 mensae.
2812 4201 2945 4264 Quae
2998 4216 3089 4256 res
3120 4217 3223 4273 per
3272 4203 3509 4275 quidem
3542 4204 3785 4279 indigna

2131 4290 2274 4353 erat,
2327 4287 2686 4342 sacerdotem
2738 4289 2988 4345 necdum
3039 4290 3370 4348 convictum
3411 4297 3533 4349 tam
3579 4311 3784 4368 aspere

2131 4373 2318 4446 excipi
2349 4374 2408 4429 in
2441 4377 2749 4448 praesentia
2778 4379 3209 4450 episcoporum.

2203 4467 2256 4518 2.
2292 4465 2585 4519 Eusebium
2635 4468 2818 4537 arguit
2864 4470 3208 4525 Potammon.
3258 4500 3327 4510 —
3367 4473 3785 4530 Constantinus

2133 4552 2576 4610 reconciliandae
2616 4555 2776 4627 pacis
2807 4556 3160 4627 percupidus
3188 4558 3284 4631 (g),
3320 4559 3530 4617 litteris
3562 4562 3633 4617 ad
3666 4563 3784 4636 Ty-

363 4645 423 4696 et
452 4639 571 4696 odii
598 4640 1129 4713 ergaAthanasium
1153 4639 1550 4712 suspicionem
1572 4640 1847 4696 venisset.
1873 4641 2025 4696 Sane
2068 4672 2109 4734 Β
2140 4642 2288 4697 riam
2334 4643 2619 4716 synodum
2679 4644 2899 4715 missis,
2950 4646 3301 4718 significavit
3346 4650 3786 4721 optatissimum

365 4728 448 4784 ait
477 4728 877 4786 Theodoretus
898 4727 1337 4800 (b),suspectam
1368 4728 1682 4785 Athanasio
1700 4729 2022 4785 Caesaream

367 4818 551 4875 fuisse
580 4818 654 4874 ob
685 4817 846 4874 illius
878 4818 1043 4874 urbis
1079 4817 1423 4873 antistitem.

437 4909 603 4963 ANNO
633 4909 760 4963 335.
788 4938 858 4949 -ο
891 4910 940 4963 1.
976 4907 1227 4979 Synodus
1264 4909 1445 4979 Tyria.
1471 4939 1539 4949 --ο
1571 4906 1863 4963 Meletiani
1893 4923 2027 4963 vero

368 4997 672 5070 patefactis
703 4997 936 5052 insidiis
968 4997 1190 5069 pudore
1221 4996 1431 5064 affecti,
1466 4997 1666 5052 studia
1694 5002 1751 5052 et
1782 4996 2029 5053 consilia

368 5085 482 5141 alio
509 5090 913 5142 converterant
940 5087 1011 5158 (ε)
1042 5104 1055 5153 ;
1089 5103 1157 5141 ac
1181 5086 1426 5141 fortasse
1449 5085 1825 5157 conspirandi
1849 5087 2025 5141 finem

367 5173 663 5243 fecissent,
698 5174 812 5232 nisi
862 5174 1251 5230 accessissent
1278 5174 1743 5230 Eusebianorum
1774 5174 2024 5241 stimuli,

367 5264 586 5335 quibus
639 5281 754 5319 non
803 5262 1243 5319 Meletianorum
1294 5263 1451 5319 fama
1495 5266 1553 5318 et
1600 5262 1875 5333 dignitas,
1922 5264 2025 5318 sed

366 5352 716 5409 Arianorum
749 5370 842 5409 res
869 5352 1029 5408 cordi
1060 5356 1121 5409 et
1148 5351 1531 5409 sollicitudini
1560 5355 1746 5407 erant.
1780 5351 1923 5407 Cum
1946 5350 2027 5407 vi-

438 5550 518 5682 ἓα)
549 5551 759 5635 Athan.
792 5552 948 5624 Apol.
981 5554 1178 5607 contra
1206 5551 1430 5619 Arium,
1464 5565 1521 5607 n.
1550 5550 1643 5605 78.

464 5625 518 5682 b)
550 5624 672 5679 [ιώ.
706 5641 749 5682 1.
782 5641 910 5682 can.
941 5624 1034 5678 28.

464 5625 518 5708 οὶ
550 5624 672 5708 ιέῖιρ-
706 5641 749 5691 ιν
782 5624 1034 5708 95:19:28-

439 5697 522 5765 (ε)
549 5694 760 5752 Athan.
794 5694 964 5765 ibid.,
998 5712 1057 5751 n.
1085 5696 1179 5761 70,
1209 5695 1300 5751 71.

440 5766 519 5845 (οι)
546 5766 776 5828 Sozam.
810 5768 851 5827 Ι.
887 5784 952 5843 n,
982 5784 1037 5830 ο.
1065 5767 1157 5825 25.

2140 4748 2269 4788 esse
2298 4733 2438 4796 sibi,
2469 4738 2535 4788 ut
2565 4733 2838 4791 simultas
2869 4735 3062 4791 omnis
3092 4739 3149 4791 et
3179 4736 3474 4795 altercatio
3506 4739 3563 4795 in
3595 4739 3787 4796 Eccle-

2138 4812 2225 4867 sia
2274 4813 2734 4885 comprimatur;
2793 4815 2894 4870 sed
2947 4815 3085 4886 quia
3135 4833 3248 4872 non
3296 4817 3585 4887 deessent,
3617 4820 3789 4892 queis

2134 4901 2340 4957 turbas
2370 4902 2509 4957 dare
2535 4906 2593 4957 et
2622 4903 2821 4958 omnia
2847 4903 3091 4959 miscere
3122 4904 3357 4962 animus
3384 4906 3790 4974 esset,hortari

2134 5007 2197 5045 se
2229 4992 2532 5063 episcopos
2564 4993 2634 5046 ad
2667 4993 2954 5064 synodum
2980 4994 3387 5051 celebrandam
3420 5002 3789 5067 convocatos,

2134 5084 2201 5135 ut
2232 5079 2575 5136 dissidentia
2610 5081 2875 5138 membra
2909 5084 2978 5139 ad
3030 5085 3401 5140 concordiam
3430 5091 3788 5155 revocarent,

2137 5186 2314 5240 quam
2340 5170 2410 5227 de
2442 5170 2634 5227 medio
2666 5172 2984 5228 sustulerat
3013 5190 3330 5246 paucorum
3364 5173 3669 5230 hominum
3704 5192 3794 5231 ar-

2136 5257 2421 5329 rogantia.
2456 5259 2653 5315 Monet
2701 5265 2765 5315 ut
2817 5262 2965 5317 citra
3017 5263 3218 5317 odium
3268 5262 3637 5335 gratiamque
3678 5263 3788 5320 ali-

2136 5364 2313 5419 quam
2356 5350 2526 5419 juxta
2579 5348 2847 5407 Ecclesiaa
2895 5350 3131 5423 regulas
3183 5349 3527 5406 delictorum
3587 5368 3789 5425 poenas

2227 5546 2277 5613 θ)
2308 5546 2516 5602 Athan.
2549 5545 2717 5613 ibid.,
2749 5565 2807 5601 ιι.
2840 5548 2930 5601 71.
3006 5512 3009 5519 ’

2227 5562 2256 5601 e
2308 5547 2516 5602 Athan.
2549 5547 2717 5613 ibid.,
2749 5565 2785 5601 n

2204 5547 2277 5690 EI;
2304 5618 2427 5674 Lib.
2464 5635 2501 5687 ι,
2536 5634 2663 5689 cap.
2694 5619 2787 5690 25.

2203 5687 2281 5762 (ρ’)
2310 5687 2655 5749 Theodoret.
2691 5688 2733 5748 l.
2766 5706 2804 5764 ι,
2837 5706 2887 5747 c.
2918 5687 3009 5751 29.
