4166 6390
360 385 567 448 Lxxxn

1774 375 2399 443 PROLEGOMENA.

355 510 618 564 sumant.
640 507 742 566 His
763 511 1018 583 acceptis
1039 511 1273 579 litteris,
1292 510 1550 584 episcopi
1577 527 1814 566 causam
1843 512 2023 566 Atha-
2055 516 2103 579 Α
2141 515 2371 567 caliant.
2408 515 2652 568 Aicliant
2681 531 2914 589 nempe,
2944 534 3075 574 cum
3110 520 3331 574 omnes
3359 516 3615 590 episcopi
3661 522 3797 571 ante

354 596 502 649 nasii
533 612 704 669 agere
735 605 1054 672 caeperunt.
1087 600 1376 657 Sedebant
1402 600 1660 671 episcOpi
1705 599 2024 655 Athanasio

352 683 764 754 infensissimi,
797 689 950 744 inter
989 706 1140 760 quos
1190 690 1488 745 eminebat
1519 689 1810 744 Eusebius
1839 690 2022 744 Cessa-

351 772 588 829 ricnsis.
631 775 838 831 Stabat
891 794 1086 834 coram
1137 777 1515 846 Athanasius,
1551 777 1645 832 cui
1697 776 1855 831 sedis
1905 794 2024 832 suae

345 861 482 931 jure
513 863 736 934 primas
774 866 988 922 deferri
1013 867 1393 938 oportuisset,
1435 884 1554 920 una
1583 883 1717 920 cum
1741 865 2026 938 {Egyptiis

346 950 660 1024 episcopis,
695 954 794 1024 qui
827 955 885 1008 in
925 955 1032 1011 viae
1062 955 1429 1026 periculique
1477 956 1822 1010 societatem
1858 971 2025 1008 vene-

345 1041 822 1097 rant.Eusebium
846 1042 998 1099 inter
1017 1045 1250 1116 judices
1275 1045 1652 1115 conspicatus
1675 1049 2023 1099 Potammon

344 1125 635 1184 Heraclea:
683 1129 741 1185 in
773 1132 1018 1204 [Egypto
1072 1133 1386 1204 episcopus
1418 1133 1521 1204 (a),
1557 1135 1652 1188 cui
1687 1133 1878 1187 fuerat
1909 1133 2020 1188 sub

342 1213 697 1273 Maximiano
729 1237 833 1291 pro
867 1222 980 1275 fide
1011 1221 1226 1276 Christi
1258 1220 1469 1276 oculus
1502 1222 1866 1292 exsculptus,
1900 1220 2018 1275 col-

339 1300 675 1377 lacrymans
705 1313 762 1363 et
793 1308 1000 1364 dolens
1025 1309 1120 1364 his
1152 1309 1451 1364 hominem
1485 1309 1660 1364 dictis
1681 1308 2014 1380 compellat.

341 1393 496 1461 Tene,
530 1396 735 1466 inquit,
772 1398 1000 1465 Eusebi,
1033 1398 1246 1465 sedere,
1270 1403 1321 1453 et
1352 1399 1624 1453 insontem
1654 1399 2019 1453 Athanasium

337 1489 387 1536 te
424 1483 672 1553 judicent
723 1485 926 1558 ferre?
971 1489 1112 1556 Quis
1160 1486 1352 1541 isthazc
1397 1486 1635 1542 toleret?
1687 1488 1789 1541 Dic
1839 1487 2013 1557 sodes,

337 1586 522 1626 nonne
567 1589 782 1628 mecum
835 1583 1203 1646 tyrannorum
1234 1585 1470 1647 tempore
1523 1579 1584 1631 in
1629 1576 1873 1632 custodia
1901 1578 2015 1646 fui-

337 1658 459 1714 sti?
489 1660 661 1731 Atque
690 1678 788 1730 ego
839 1663 1060 1734 quidem
1107 1665 1264 1719 oculo
1295 1682 1419 1720 sum
1444 1681 1546 1736 pro
1593 1667 1823 1720 veritate
1875 1666 2017 1718 mul-

339 1751 485 1803 tatus
517 1767 534 1804 :
567 1759 630 1804 tu
680 1751 840 1806 nulla
887 1754 1128 1824 corporis
1175 1758 1335 1825 parte
1377 1753 1677 1809 mutilatas
1727 1771 1803 1820 es,
1837 1770 2036 1825 neque.

337 1837 400 1891 in
446 1837 578 1907 ﬁdei
625 1841 998 1896 testimonium
1042 1841 1265 1913 aliquid
1307 1859 1530 1913 passus,
1575 1843 1667 1898 sed
1715 1844 2013 1898 incolumis

338 1928 652 1998 integerque
682 1928 828 1984 ades.
873 1931 1127 1998 Quanam
1155 1934 1369 1987 ratione
1415 1949 1484 1988 ex
1510 1934 1760 1989 custodia
1790 1933 2010 2004 elapsus

351 2032 428 2086 es,
461 2017 580 2072 nisi
619 2020 750 2088 quia
779 2019 1058 2089 pollicitus
1105 2037 1158 2076 es
1189 2029 1238 2076 te
1283 2023 1565 2093 nefarium
1595 2022 1879 2093 quidpiam
1909 2025 2011 2077 ad-

341 2120 671 2177 missurum,
704 2108 790 2162 vel
833 2109 1068 2177 fortasse
1089 2109 1416 2165 admisisti?
1446 2111 1550 2166 His
1580 2110 1872 2166 Eusebius
1902 2127 2006 2166 au-

337 2193 479 2250 ditis
509 2195 860 2263 excanduit;
895 2202 952 2252 et
1007 2215 1142 2253 mox
1173 2215 1538 2271 consurgens
1587 2205 1801 2255 coetum
1837 2199 2008 2256 solvit

341 2283 464 2339 haec
495 2283 727 2340 locutus
763 2302 775 2340 :
813 2285 875 2340 Si
901 2290 1058 2342 tanta
1102 2289 1191 2343 hic
1212 2290 1414 2359 procul
1445 2289 1647 2358 finibus
1698 2291 1889 2343 vestris
1919 2305 2007 2344 ar-

336 2375 595 2442 rogantia
627 2375 799 2441 estis;
834 2375 982 2430 haud
1013 2376 1114 2431 abs
1160 2394 1223 2432 re
1251 2394 1312 2432 in
1341 2379 1555 2432 crimen
1597 2379 1930 2447 petulantiae
1957 2386 2010 2434 et

339 2462 616 2532 superbia
643 2465 922 2518 vocamini
967 2481 1001 2519 α
1031 2465 1436 2520 contribulibus
1485 2467 1695 2521 vestris.
1728 2467 1855 2521 Non
1907 2467 2004 2521 de-

339 2555 479 2606 sunt
499 2555 720 2622 tamen,
749 2551 850 2623 qui
874 2553 1191 2609 Eusebium
1220 2570 1470 2626 purgare
1490 2559 1697 2610 curent
1716 2572 1749 2610 a
1765 2555 2007 2611 crimine

342 2640 434 2696 vel
466 2639 799 2711 suspicione
821 2641 1003 2697 oblati
1035 2643 1149 2698 diis
1180 2643 1452 2698 sacrificii
1472 2661 1484 2699 :
1505 2661 1704 2699 verum
1733 2644 1901 2699 nobis
1933 2644 2005 2699 ad

348 2727 627 2784 ulteriora
653 2730 1104 2800 properantibus
1134 2732 1256 2786 haec
1286 2749 1400 2787 non
1433 2731 1569 2788 licet
1598 2732 1876 2788 subtilius
1907 2750 2006 2788 ex-

348 2817 596 2888 plorare.
630 2818 916 2874 Caeterum
949 2835 1065 2875 non
1114 2820 1402 2876 Eusebius
1433 2825 1663 2876 tantum
1697 2826 2008 2877 accusatus

349 2911 440 2962 est
463 2923 476 2974 ;
501 2907 601 2961 sed
619 2910 785 2962 erant
804 2905 863 2962 in
881 2912 1032 2963 ecetu
1057 2909 1517 2964 Eusebianorum
1542 2909 1640 2964 alii
1659 2910 2006 2966 criminibus

352 2995 588 3051 obnoxii
622 3011 634 3049 :
672 2996 771 3067 qui
804 3012 937 3051 cum
961 2997 1270 3063 haereseos,
1304 3002 1428 3053 tum
1463 2998 1711 3054 aliorum
1747 2999 1894 3054 foede
1917 3016 2008 3072 ge-

349 3087 577 3140 storum
610 3101 788 3140 causa
818 3084 968 3140 male
992 3086 1310 3142 audiebant
1344 3105 1357 3154 ;
1391 3086 1498 3142 hos
1530 3087 1682 3142 inter
1711 3088 2008 3144 eminebat

347 3171 750 3244 nequissimus
780 3172 876 3228 ille
905 3175 1184 3246 Georgius
1233 3175 1614 3242 Laodicenus,
1649 3178 1720 3230 ab
1754 3176 2005 3233 Alexan-

2138 605 2554 659 tli'2(‘re\‘iss.”:nl.
2592 611 2652 658 ut
2695 621 2866 662 nemo
2897 607 3207 678 eligeretur
3254 611 3570 678 antequam
3601 605 3799 661 oblata

2137 690 2250 744 sibi
2290 691 2541 745 crimina
2587 710 2785 748 coram
2837 694 3121 762 dilueret;
3157 696 3544 751 Athanasium
3597 699 3794 749 tamen

2137 781 2532 850 quorumdam
2567 783 2823 852 perjurio
2854 785 2924 838 ad
2969 785 3368 856 episcopatum
3423 784 3793 856 pervenisse;

2136 885 2263 938 qum.
2297 885 2475 923 causa
2525 869 2670 940 ipsis
2711 872 2915 928 fuerat.
2953 879 3014 927 ut
3047 875 3248 928 fraude
3294 872 3674 927 circumventi
3721 872 3797 927 ab

2136 956 2324 1027 ipsius
2357 957 2633 1012 societate
2655 965 2710 1013 et
2741 963 3152 1017 communione
3178 962 3588 1017 desciscerent.
3621 961 3795 1016 Atha-

2134 1045 2366 1101 nasium
2404 1051 2624 1111 autem,
2658 1051 2872 1104 nedum
2905 1051 3098 1105 oblata
3125 1051 3373 1105 crimina
3402 1051 3792 1122 propulsaret,

2130 1134 2184 1188 vi
2219 1135 2382 1190 illata
2416 1136 2575 1207 ipsos
2607 1145 2974 1193 accusatores
3007 1139 3065 1194 in
3121 1155 3409 1194 carcerem
3444 1140 3786 1208 conjecisse.

2131 1223 2265 1278 Post
2284 1224 2404 1278 haec
2435 1226 2728 1281 accusatio
2756 1228 2826 1280 de
2845 1229 3088 1282 Arsenio
3111 1228 3321 1283 iterum
3347 1229 3790 1299 agitata.Atque

2129 1315 2195 1366 ut
2225 1312 2455 1368 evenire
2485 1313 2806 1376 solet.eum
2840 1315 2900 1382 ii,
2922 1316 3022 1387 qui
3052 1315 3366 1388 perniciem
3393 1316 3644 1386 alicujus
3669 1333 3790 1371 ma-

2127 1399 2464 1466 chinantur,
2495 1403 2685 1474 gratio.
2722 1408 2779 1458 et
2806 1405 3152 1460 auctoritate
3197 1403 3409 1472 valent,
3441 1405 3636 1458 videre
3663 1409 3790 1458 erat

2127 1489 2378 1544 Eusebio
2432 1496 2799 1547 assentantes
2850 1491 3183 1562 nonnullos,
3215 1493 3315 1564 qui
3365 1493 3519 1548 inter
3565 1492 3788 1548 amicos

2124 1578 2428 1633 Athanasii
2491 1584 2623 1633 ante
2676 1581 3310 1650 numerabantur,jam
3362 1581 3787 1653 inexspectatos

2126 1673 2494 1722 accusatores
2539 1669 2829 1723 accedere.
2881 1670 3087 1723 Lectus
3136 1675 3226 1724 est
3277 1685 3512 1741 quoque
3551 1669 3790 1728 libellus

2125 1755 2497 1827 popularium
2554 1755 3071 1820 exclamationum,
3128 1759 3298 1828 quasi
3351 1757 3572 1813 scilicet
3621 1758 3787 1829 plebs

2127 1844 2537 1911 Alexandrina,
2587 1845 2720 1900 odio
2781 1845 3084 1900 Athanasii
3141 1845 3400 1913 incensa,
3459 1851 3781 1902 conventus

2121 1932 2550 1988 ecclesiasticos
2583 1935 2950 1989 detrectaret.
2973 1935 3330 1990 Athanasius
3353 1941 3547 1990 autem
3571 1937 3782 2006 jussus

2119 2039 2353 2078 causam
2410 2023 2620 2091 dicere,
2665 2040 2730 2077 ac
2777 2023 3107 2094 frequenter
3153 2025 3211 2078 in
3256 2025 3357 2095 jus
3403 2030 3664 2089 vocatus,
3712 2041 3782 2080 ex

2118 2111 2329 2167 oblatis
2360 2111 2709 2166 criminibus
2731 2111 2846 2166 alia
2875 2112 3140 2184 depulit;
3174 2130 3274 2184 pro
3307 2112 3438 2167 aliis
3461 2118 3694 2184 tempus
3725 2119 3781 2169 et

2119 2218 2344 2256 moram
2374 2199 2691 2272 postulavit
2728 2201 2800 2255 ad
2829 2200 3334 2272 perquisitionem.
3359 2201 3489 2255 Haec
3521 2218 3588 2256 ex
3612 2203 3779 2257 Sozo-

2118 2307 2289 2345 meno
2325 2289 2675 2353 hausimus;
2712 2289 2769 2344 in
2803 2290 2974 2360 cujus
3021 2289 3354 2346 narratione
3383 2291 3498 2344 veri
3532 2292 3779 2362 vestigia

2117 2383 2476 2450 comparent.
2501 2377 2789 2433 Meletiani
2815 2396 3072 2450 namque
3095 2395 3300 2434 omnes
3322 2377 3417 2432 hic
3441 2381 3773 2447 memorati,

2116 2484 2233 2522 uno
2259 2471 2496 2538 excepto
2527 2466 3158 2539 Euplo,enumerantur
3173 2483 3376 2522 omnes
3403 2468 3461 2521 in
3490 2467 3774 2523 breviario

2117 2556 2356 2612 Meletii.
3773 2627 3782 2632 _

2189 2648 2243 2702 4.
2276 2645 2396 2700 Etsi
2431 2663 2599 2718 porro
2631 2645 2880 2700 crimina
2912 2644 3098 2700 multa
3128 2645 3448 2701 olferebant
3495 2645 3773 2710 antistiti,

2116 2735 2231 2790 duo
2264 2734 2637 2806 potissimum
2669 2738 2838 2789 erant
2868 2734 2925 2787 in
2958 2735 3086 2803 ejus
3139 2735 3380 2789 exitium
3411 2739 3772 2806 comparata,

2115 2825 2175 2878 in
2205 2824 2422 2896 quibus
2453 2823 2906 2894 comprobandis
2947 2839 3183 2894 operam
3218 2825 3529 2894 ponebant.
3561 2825 3779 2879 Aderat

2118 2912 2405 2984 Ischyras,
2441 2912 2540 2984 qui
2583 2911 2970 2967 Athanasium
3005 2912 3198 2978 modo,
3233 2913 3404 2966 modo
3453 2912 3774 2967 Macarium

2117 3001 2397 3056 confracti
2446 3001 2646 3056 calicis
2695 3000 3098 3056 insimulabat.
3153 3000 3412 3056 Praesens
3462 3001 3600 3055 item
3651 3006 3776 3056 erat

2114 3091 2388 3159 Joannes,
2423 3091 2521 3162 qui
2553 3089 2780 3144 Arsenii
2833 3104 3031 3144 necem
3085 3087 3402 3143 Athanasio
3457 3089 3778 3158 imputaret

2117 3195 2398 3251 perquam
2423 3177 2962 3250 impudentissime,
2992 3182 3326 3248 postquam,
3355 3193 3457 3231 nec
3489 3178 3615 3232 sine
3646 3179 3776 3248 ejus

344 3262 448 3318 dro
479 3260 619 3318 olim
651 3262 979 3333 abdicatus,
1003 3264 1103 3335 qui
1136 3264 1490 3336 turpissimae
1516 3265 1644 3319 vita;
1676 3282 1855 3321 causa
1876 3284 1999 3322 om-
2032 3256 2074 3321 C
2115 3269 2336 3340 pudore
2369 3273 2424 3324 et
2447 3267 2711 3334 infamia,
2736 3266 3104 3338 deprehensa
3124 3283 3190 3321 ac
3222 3266 3447 3321 detecta
3475 3265 3776 3322 calumnia

346 3350 525 3406 nibus
556 3367 798 3422 perosus
828 3357 972 3408 erat.

410 3440 465 3495 3.
500 3440 632 3508 Quae
658 3442 903 3496 crimina
950 3441 1246 3498 Athanasio
1274 3440 1610 3515 offeruntur.
1645 3474 1713 3484 —
1743 3442 1997 3498 Ventum

339 3527 552 3584 deinde
581 3529 652 3584 ad
684 3529 935 3586 crimina
955 3534 1044 3586 est
1072 3548 1086 3599 ;
1121 3531 1524 3602 acceduntque
1545 3548 1613 3586 ex
1644 3537 1808 3603 parte
1826 3531 2000 3587 Joan-

337 3616 430 3673 nis
458 3618 754 3689 Archapbi
776 3617 1066 3674 delatores
1088 3618 1400 3686 Meletiani,
1425 3618 1741 3676 Callinicus
1759 3619 1995 3688 Pelusii,

336 3709 394 3761 et
440 3705 709 3778 Isehyras
757 3706 877 3762 sive
929 3707 1229 3778 Ischyrion
1279 3708 1377 3778 (ὁ).
1427 3707 1528 3762 Hic
1579 3709 1650 3763 de
1706 3710 1997 3764 contracto

336 3794 537 3866 calice,
572 3795 642 3850 de
684 3811 891 3850 mensa
919 3801 978 3851 et
1026 3796 1303 3852 cathedra
1331 3797 1648 3869 episcOpali
1700 3799 1998 3855 subversis

338 3882 742 3940 accusationes
811 3883 1248 3956 redintegravit.
1311 3886 1674 3951 Querebatur
1739 3887 1878 3941 item
1937 3904 1998 3943 se

336 3989 736 4044 saepenumero
758 3973 1062 4028 Athanasii
1095 3975 1348 4045 operain
1380 3974 1631 4031 vinculis
1654 3976 1993 4044 detentum;

339 4065 398 4117 et
426 4065 768 4116 accusatum
801 4062 934 4116 ﬁcto
967 4062 1212 4117 crimine
1245 4064 1397 4135 apud
1430 4064 1724 4135 Hyginum
1768 4064 1995 4136 zEgypti

335 4149 694 4222 praefectum,
718 4151 878 4222 quod
914 4150 1285 4222 imperatoris
1309 4151 1598 4224 imagines
1629 4153 1784 4209 saxis
1814 4171 1994 4225 appe-

338 4239 553 4306 tiisset,
606 4238 665 4294 in
715 4256 1006 4295 carcerem
1060 4240 1364 4296 detrusum
1416 4242 1617 4296 fuisse.
1679 4241 1994 4300 Callinicus

337 4327 674 4384 abdicatum
728 4343 790 4383 se
823 4329 895 4384 ab
944 4329 1266 4385 Athanasio
1317 4335 1670 4400 conquestus
1717 4336 1825 4401 est,
1859 4331 1994 4388 licet

337 4419 471 4472 ante
502 4415 829 4472 Alexandro
861 4417 1275 4473 communione
1297 4419 1543 4488 junctus
1576 4420 1783 4476 fuisset
1814 4438 1827 4488 ;
1857 4437 1992 4476 cau-

335 4522 463 4562 sam
497 4505 719 4561 irarum
754 4505 954 4573 fuisse,
981 4507 1136 4578 quod
1168 4506 1484 4564 Callinicus
1507 4509 1632 4581 ipse
1663 4510 1990 4564 communi-

2113 3358 2320 3412 fuerat.

2180 3447 2233 3501 5.
2267 3446 2588 3503 Calumniaz
2617 3447 2964 3514 deteguntur.
2993 3475 3062 3483 —-
3083 3445 3232 3498 Tum
3267 3443 3620 3500 Athanasius
3642 3444 3772 3500 alii-

2109 3552 2223 3608 que
2250 3536 2521 3608 zEgyptii,
2555 3535 2655 3606 qui
2687 3533 2974 3606 principio
3007 3533 3322 3589 Eusebium
3355 3539 3410 3588 et
3441 3534 3632 3589 socios
3665 3551 3766 3590 su-

2109 3626 2308 3698 perius
2342 3630 2696 3681 memoratos
2719 3623 3029 3693 judicesin
3062 3640 3169 3677 sua
3199 3638 3378 3678 causa
3405 3628 3768 3695 recusarunt,

2107 3715 2263 3787 quod
2298 3714 2476 3785 probe
2507 3714 2744 3782 scirent,
2781 3712 3196 3782 neminemque
3243 3711 3486 3782 fugeret,
3521 3729 3620 3767 eos
3653 3730 3769 3769 non

2105 3802 2409 3858 Athanasii
2444 3802 2639 3869 modo,
2664 3801 2765 3857 sed
2794 3800 3248 3855 orthodoxorum
3274 3800 3539 3855 omnium
3573 3801 3771 3856 inimi-

2107 3910 2206 3948 cos
2237 3875 2403 3957 .esse,
2439 3892 2608 3962 queis
2654 3889 2865 3962 quavis
2919 3890 3057 3944 data
3086 3888 3389 3944 occasione
3437 3889 3684 3946 insidias
3715 3896 3774 3946 et

2107 3981 2327 4037 bellum
2346 3985 2637 4053 pararent;
2657 3977 3007 4035 necessitate
3029 3983 3204 4048 atque
3223 3978 3440 4047 injuria
3458 3979 3770 4050 compulsi,

2106 4069 2556 4126 Meletianorum
2591 4067 3062 4123 criminationem
3097 4066 3154 4120 in
3177 4066 3564 4122 Athanasium
3597 4069 3768 4123 ador-

2104 4163 2304 4215 natam
2339 4157 2682 4230 propulsare
2731 4155 3176 4227 aggrediuntur.
3210 4158 3427 4210 Verum
3459 4156 3769 4212 Eusebiani

2103 4247 2261 4303 dicta
2290 4247 2700 4319 episcoporum
2734 4242 3464 4316 interpellare,eorumque
3495 4245 3766 4300 testimo-

2104 4337 2204 4392 nia
2233 4336 2542 4408 repudiare
2574 4333 2689 4390 nisi
2721 4337 2880 4388 sunt.
2917 4334 3067 4388 Tum
3099 4333 3248 4388 versi
3281 4334 3339 4388 in
3360 4334 3614 4404 judices,
3637 4335 3769 4406 qui-

2102 4426 2214 4481 bus
2245 4424 2541 4497 quoddam
2601 4423 2820 4477 inesset
2849 4422 2966 4476 veri
3017 4425 3074 4476 et
3103 4423 3255 4493 aequi
3301 4423 3588 4485 studium,
3623 4423 3768 4478 alios

2104 4513 2306 4579 minis,
2341 4511 2487 4568 alios
2545 4510 2824 4566 conviciis
2873 4511 3179 4576 lacessere,
3216 4516 3280 4566 ut
3305 4513 3664 4568 deterrerent
3693 4513 3766 4568 ab

335 4598 604 4649 caturum
638 4611 700 4651 se
732 4611 866 4650 cum
897 4595 1221 4651 Athanasio
1253 4601 1544 4668 negasset,
1577 4597 1759 4652 donec
1791 4597 1994 4652 ealicis
2028 4629 2073 4692 Β
2105 4600 2380 4674 aequitate
2408 4598 2782 4653 vindicanda.
2817 4597 3017 4667 Neque
3049 4602 3241 4652 tamen
3277 4615 3513 4653 summa
3545 4597 3679 4652 licet
3708 4598 3765 4654 vi

335 4683 611 4738 confracti
644 4683 865 4739 crimen
888 4687 943 4739 et
973 4684 1372 4755 suspicionem
1396 4684 1725 4756 depelleret.
1756 4685 1998 4758 Indigne

335 4773 486 4827 ferre
517 4789 578 4827 se
607 4771 924 4828 Callinicus
955 4773 1341 4844 aiebat,quod
1366 4774 1627 4829 Marcum
1655 4775 1995 4846 quemdam,

335 4860 657 4933 presbyteri
688 4861 880 4916 officio
912 4862 1314 4928 deturbatum,
1345 4861 1403 4916 in
1449 4862 1664 4918 Pelusii
1696 4863 1996 4934 episcopa-

334 4953 460 5003 tum
494 4949 916 5019 promovisset;
949 4965 1131 5021 seque
1154 4949 1469 5004 militarem
1503 4951 1855 5016 eustodiam,
1885 4955 1999 5004 tor-

336 5041 532 5092 menta
561 5037 870 5109 acjudicia
899 5039 1166 5110 ejusdem
1189 5037 1492 5093 Athanasii
1527 5040 1776 5104 artibus,
1798 5039 1999 5094 subire

336 5125 730 5197 compulsum.
787 5127 1046 5182 Aderant
1101 5132 1382 5198 praeterea
1433 5143 1502 5182 ex
1551 5127 1999 5183 Meletianorum

337 5217 567 5268 caterva
623 5213 871 5286 Epulas,
927 5214 1301 5286 Pachomius,
1373 5216 1556 5283 Isaac,
1626 5213 1889 5270 Achillas
1945 5219 2003 5269 et

335 5305 642 5358 Hermaeon
691 5303 972 5375 episc0pi,
1007 5303 1106 5373 qui
1157 5303 1381 5358 inflicta
1412 5304 1524 5358 sibi
1555 5304 1628 5358 ab
1684 5302 2002 5359 Athanasio

335 5390 578 5445 verbera
623 5391 1080 5448 mentiebantur.
1114 5392 1332 5448 Omnes
1363 5408 1536 5463 porro
1587 5409 1706 5447 una
1735 5391 2001 5461 ejusdem

340 5475 538 5533 farinae
567 5481 937 5535 accusatores
961 5479 1372 5552 promotionen
1394 5482 1524 5552 ejus
1556 5480 1614 5535 in
1648 5479 1871 5536 crimen
1901 5495 2001 5536 vo-

412 5638 470 5705 (a
526 5636 808 5710 Epiphan.
841 5639 978 5697 haer.
1014 5658 1163 5700 Lx1x.

412 5637 498 5788 (bi
515 5711 744 5769 Sozom.
774 5710 877 5774 lib.
910 5729 976 5788 ιι,
1007 5729 1140 5788 cap.

411 5707 487 5796 (ὁ)
515 5707 744 5769 Sozam.
774 5710 877 5774 lib.
910 5729 976 5788 ιι,
1007 5729 1140 5793 cap.
1166 5714 1260 5774 25.

2107 4689 2199 4745 usi
2229 4689 2322 4759 (c),
2354 4686 2492 4742 licet
2521 4685 2754 4741 comitis
2813 4686 3157 4739 auctoritate
3188 4702 3254 4741 ac
3302 4685 3555 4741 militum
3586 4703 3766 4742 manu

2105 4776 2409 4844 freti,licet
2436 4774 2708 4830 carnifice
2732 4773 2985 4843 quodam
3011 4777 3067 4827 et
3087 4773 3456 4846 compulsore
3479 4775 3769 4833 ministris

2110 4867 2222 4933 usi,
2245 4865 2382 4919 licet
2413 4862 2612 4917 omnia
2644 4862 2964 4932 praeterjus
2997 4861 3200 4932 fasque
3222 4869 3481 4935 agerent,
3505 4880 3769 4936 compro-

2107 4957 2247 5010 bare
2304 4957 2542 5024 potuere
2601 4950 2851 5005 crimina
2918 4949 3234 5010 Athanasio
3303 4951 3518 5008 oblata.
3577 4954 3768 5026 Ischy-

2110 5061 2186 5098 rae
2217 5057 2475 5112 namque
2512 5037 2809 5095 calumnia
2840 5039 2910 5093 de
2956 5039 3131 5094 calice
3164 5041 3342 5095 fracto
3393 5045 3450 5096 et
3477 5043 3568 5112 Ede
3605 5060 3766 5098 men-

2111 5149 2176 5188 sa
2223 5131 2523 5196 subversa,
2576 5127 2986 5198 episcoporum
3039 5129 3306 5184 omnium
3360 5131 3767 5202 [Egyptiorum

2110 5218 2448 5276 testimonio
2524 5214 2772 5288 depulsa
2844 5220 2954 5278 est,
3016 5233 3120 5270 nec
3192 5218 3509 5289 quodpiam
3591 5225 3766 5291 gestia

2114 5308 2359 5378 hujusce
2426 5306 2505 5360 rei
2566 5303 2756 5376 potuit
2815 5303 3102 5376 lschyras,
3160 5311 3575 5376 argumentum
3635 5326 3770 5381 pro-

2113 5395 2432 5547 1,εὶῖἱθξὶιιοᾶ
2463 5480 2640 5537 aliam
2671 5495 2804 5534 vero
2835 5480 3277 5552 syc0phantiam
3310 5487 3534 5554 spectat
3564 5485 3636 5540 de
3658 5492 3768 5541 Ar-

2183 5645 2255 5718 (c)
2287 5641 2495 5700 Athan.
2528 5640 2683 5715 Apol.
2715 5645 2906 5700 contra
2930 5642 3191 5712 Arianos,
3223 5659 3282 5699 n.
3311 5644 3425 5701 7-9.
