4166 6386
1691 392 1878 456 VITA
1920 392 1985 453 S.
2032 387 2485 453 ATHANASII.

3552 406 3785 458 mxm

371 525 518 581 senii
551 542 693 584 nece
722 528 911 601 (a),sic
939 528 1039 585 illa
1069 530 1350 585 referente
1382 528 1744 583 Theodereto
1768 529 2014 591 detecta,
2048 531 2093 589 Α
2131 524 2289 577 Tune
2327 522 2515 587 illa,ut
2547 521 2858 577 mulierum
2892 538 2953 577 se
2985 521 3191 578 talium
3222 525 3544 596 procacitas
3575 528 3772 594 habet,

371 632 477 671 nec
506 617 632 672 sine
664 618 889 691 ingenti
920 619 1362 675 Meletianorum
1396 616 1718 689 ignominia
1746 616 1875 671 fuit.
1910 615 2016 669 De-

370 705 506 761 inde
536 707 825 764 lamosam
854 708 1017 763 illam
1049 709 1279 764 thecam
1310 713 1366 763 et
1395 724 1639 762 manum
1672 705 1792 761 sale
1814 704 2019 759 condi—

366 796 488 848 tam
522 795 918 864 protulerunt,
951 801 1078 851 tum
1111 796 1303 868 erupit
1334 796 1724 868 spectantium
1756 793 2015 859 clamor;

367 882 498 937 aliis
526 900 732 939 verum
766 885 1053 957 flagitium
1085 902 1213 941 esse
1244 884 1710 950 aestimantibus;
1746 882 1897 948 aliis,
1922 880 2017 950 qui

366 970 545 1026 latere
601 973 915 1029 Arsenium
966 979 1199 1039 norant,
1252 973 1466 1029 falsum
1516 971 1879 1044 putantibus.
1912 970 2021 1024 Vix

364 1061 604 1116 tandem
640 1063 996 1133 compressis
1014 1062 1630 1132 clamoribus,judices
1661 1059 2020 1115 Athanasius

367 1154 767 1220 percontatur,
800 1169 944 1206 num
980 1152 1071 1207 cui
1104 1157 1282 1207 notus
1310 1151 1617 1207 Arsenius.
1670 1150 1815 1205 Cum
1850 1148 2020 1203 multi

368 1240 810 1311 respondissent
838 1257 971 1297 eum
1008 1258 1072 1297 se
1089 1242 1267 1313 probe
1285 1240 1696 1306 nosse,adduci
1723 1238 2019 1293 hominem

361 1328 552 1399 jubet.
588 1330 847 1384 Rursum
882 1328 998 1397 ille,
1056 1330 1185 1385 isne
1216 1334 1371 1386 esset
1417 1328 1699 1384 Arsenius
1758 1327 2020 1399 rogabat,

373 1432 545 1487 quem
579 1418 924 1489 peremisset
954 1419 1099 1491 ipse,
1133 1436 1304 1489 quem
1337 1418 1678 1490 perquirent
1706 1416 1815 1482 illi,
1855 1417 2023 1484 cujus

372 1520 614 1559 manum
648 1505 773 1576 ipse
805 1507 1099 1562 dexteram
1154 1510 1541 1577 amputasset.
1605 1505 1888 1559 Fatentur
1916 1502 2020 1571 illi,

373 1593 686 1649 Arsenium
714 1593 912 1666 ipsum
940 1610 1087 1650 esse.
1122 1594 1345 1659 Quibus
1380 1592 1753 1663 Athanasius,
1786 1592 2023 1647 reducto

370 1678 569 1750 pallio,
604 1684 916 1752 utramque
963 1697 1206 1736 manum
1252 1681 1527 1751 ostendit,
1580 1681 1841 1735 dextram
1875 1678 2022 1734 sini-

370 1772 689 1839 stramque.
721 1768 932 1837 Aliam,
964 1770 1182 1842 inquit,
1209 1774 1487 1842 praeterea
1518 1786 1688 1824 nemo
1720 1769 2021 1841 requirat;

368 1857 521 1912 duas
547 1857 704 1913 enim
737 1857 929 1914 solum
964 1876 1177 1915 manus
1231 1876 1265 1914 a
1320 1859 1619 1914 conditore
1676 1858 1791 1914 Deo
1818 1874 2025 1913 omnes

369 1945 723 2017 accepimus.
756 1948 1018 2003 Socrates
1048 1952 1244 2004 autem
1275 1948 1357 2002 ita
1403 1965 1525 2003 rem
1576 1952 1796 2003 narrat.
1844 1946 2024 2001 Atha-

371 2035 575 2090 nasius
609 2034 782 2105 pallio
841 2037 900 2091 in
960 2037 1210 2092 alterum
1259 2036 1414 2092 latus
1474 2037 1731 2104 reducto,
1782 2053 2024 2091 manum

373 2124 630 2180 hominis
661 2126 938 2181 ostendit.
974 2127 1228 2181 Rursum
1262 2126 1562 2182 nonnullis
1588 2126 2028 2197 suspicantibus

374 2213 560 2268 altera
590 2232 724 2270 eum
758 2232 938 2270 manu
970 2220 1306 2271 truncatum
1335 2216 1724 2286 ;aliquantum
1749 2220 2028 2284 moratus,

376 2303 662 2375 ancipites
691 2303 827 2359 illos
861 2305 1077 2360 haerere
1109 2305 1394 2376 permisit,
1430 2321 1564 2359 cum
1595 2304 1844 2359 alterum
1870 2302 2029 2376 pallii

377 2389 535 2445 latus
565 2391 915 2460 reduxisset,
951 2392 1194 2447 alteram
1228 2409 1463 2464 quoque
1515 2393 1745 2449 Arsenii
1787 2392 2033 2448 nudavit

385 2496 631 2535 manum
658 2498 671 2549 ;
704 2485 762 2536 et
791 2484 1107 2553 praesentes
1138 2481 1497 2553 compellans
1523 2500 1536 2550 ;
1594 2482 1875 2537 Arsenius
1906 2480 2033 2553 qui-

383 2568 539 2631 dem,
576 2568 676 2637 ait,
712 2572 777 2625 ut
831 2569 1062 2638 videtis,
1126 2575 1373 2642 utraque
1429 2587 1609 2626 manu
1668 2570 1892 2642 integer
1923 2574 2029 2625 est.

384 2657 581 2713 Tertia
610 2658 732 2714 haec
762 2660 916 2715 unde
963 2660 1157 2715 excisa
1188 2660 1381 2727 fuerit,
1444 2660 1704 2715 indicent
1733 2663 2034 2715 accusato-

383 2761 497 2801 res.
533 2747 739 2803 Utrum
770 2765 906 2804 vero
939 2749 1053 2804 ista
1084 2749 1231 2804 serie
1260 2749 1558 2804 calumnia
1588 2748 1841 2804 mutilati
1868 2753 2036 2804 Arse-

386 2836 466 2889 nii
497 2837 724 2892 detecta
754 2838 932 2905 sit,an
954 2839 1298 2893 exornandae
1331 2840 1611 2895 orationis
1642 2855 1822 2894 causa
1846 2838 2034 2893 multa

388 2924 502 2978 sint
530 2926 828 2997 adjuncta,
859 2928 1170 2982 incertum.
1208 2927 1399 2982 Unum
1441 2932 1671 2983 constat
1723 2929 1820 2999 (b),
1854 2931 2031 2983 Arse-

384 3013 545 3068 nium
571 3032 780 3087 nempe
802 3017 1023 3088 synodo
1048 3016 1327 3084 adfuisse,
1355 3022 1822 3088 praesentemque
1853 3017 2029 3072 caedis

382 3107 439 3157 et
469 3103 861 3160 mutilationis
892 3104 1114 3160 crimen
1148 3106 1528 3177 repulisse,ut
1558 3111 1757 3162 narrat
1776 3106 2029 3162 Athana-

378 3209 524 3247 eius.

2128 612 2449 681 objurgans
2479 610 2890 667 Timotheum:
2925 613 3032 680 Tu,
3066 615 3149 679 tu,
3206 612 3419 685 inquit,
3486 617 3625 670 mihi
3662 619 3774 673 vim

2128 700 2404 766 fecisti,tu
2422 700 2476 753 in
2494 699 2591 754 illo
2612 700 2736 755 loco
2754 700 3199 756 commaculasti
3219 703 3546 759 castitatem
3562 722 3781 761 meam.

2130 790 2280 843 Tum
2312 805 2517 843 omnes
2549 788 2899 845 ridiculosus
2932 790 3120 861 pudor
3150 791 3365 847 habere
3394 793 3587 865 cmpit,
3621 797 3776 867 quod

2128 881 2247 931 tam
2282 877 2447 932 facile
2470 884 2689 932 tacente
2719 895 2784 933 eo
2816 879 2971 934 ﬁctio
3033 880 3341 951 compositi
3374 881 3639 939 criminis
3673 902 3779 956 pa-

2128 966 2363 1021 tuisset.
2396 988 2415 1015 ι)
2443 968 2591 1021 Tum
2613 967 2857 1023 dimissa
2889 969 3099 1025 mulier
3120 970 3613 1027 l'uit.Athanasius
3643 991 3778 1030 vero

2131 1072 2246 1109 non
2272 1056 2678 1110 dimittendam
2703 1073 2828 1111 esse
2850 1058 3254 1123 contendebat,
3288 1061 3387 1114 sed
3422 1061 3782 1134 interrogan-

2130 1143 2265 1197 dam
2299 1144 2433 1214 quis
2466 1143 2677 1199 horum
2710 1150 2912 1199 auctor
2940 1150 3337 1202 esset.Verum
3372 1148 3455 1203 illi
3489 1150 3779 1207 acclama-

2132 1249 2286 1299 rum,
2351 1232 2463 1287 alia
2491 1250 2800 1305 superesse
2830 1234 3077 1290 crimina
3108 1235 3277 1308 longe
3329 1239 3614 1309 graviora,
3649 1258 3777 1313 quae

2132 1319 2294 1375 nullo
2317 1326 2558 1393 possent
2578 1322 2823 1378 artiﬁcio
2847 1323 3076 1394 depelli.
3112 1330 3192 1379 Ac
3223 1332 3347 1380 tum
3379 1332 3616 1384 ventum
3650 1346 3781 1386 esse

2132 1409 2213 1464 ait
2243 1410 2312 1464 ad
2346 1410 2809 1466 criminationem
2842 1412 2912 1465 de
2940 1413 3184 1468 Arsenio
3216 1419 3435 1470 enecto.

2203 1500 2257 1552 9.
2292 1499 2400 1553 Sed
2434 1515 2562 1554 eam
2597 1499 2951 1555 mulierculae
2970 1500 3274 1557 historiam
3300 1504 3502 1559 multis
3532 1508 3784 1563 nomini-

2131 1587 2242 1642 bus
2275 1594 2612 1659 suspectam
2638 1604 2786 1657 esse,
2819 1606 2887 1644 ac
2916 1590 3192 1661 ﬁngentis
3226 1592 3413 1664 magis
3443 1594 3782 1667 artificium,

2133 1692 2312 1747 quam
2346 1693 2467 1730 rem
2492 1694 2622 1733 vere
2652 1682 2877 1749 gestam
2908 1678 3263 1749 olere,nemo
3296 1681 3523 1737 inficias
3555 1686 3782 1756 eat,qui

2114 1765 2446 1821 (adverterit
2468 1783 2595 1821 eam
2629 1784 2743 1822 non
2776 1769 2847 1822 ab
2892 1769 3234 1838 Athanasio,
3270 1770 3366 1840 qui
3396 1787 3487 1827 res
3519 1768 3655 1845 Tyri
3684 1791 3782 1846 ge-

2134 1858 2257 1909 stas
2278 1860 2547 1910 accurate
2576 1857 2666 1911 bis
2700 1861 2853 1912 terve
2886 1863 3167 1929 recenset,
3202 1860 3319 1914 imo
3353 1877 3458 1915 nec
3487 1878 3521 1916 a
3544 1863 3785 1934 synodis

2057 1916 2102 1979 B
2132 1941 2540 2006 Alexandrina,
2576 1944 2839 1999 Romana
2870 1946 2979 2001 sub
3009 1946 3188 2013 Julio,
3221 1952 3278 2002 et
3307 1916 3635 2007 Sardicenusi
3672 1970 3790 2008 me-

2138 2031 2440 2097 morari,in
2460 2050 2708 2103 quarum
2734 2036 3030 2106 synodicis
3057 2036 3322 2108 epistolis
3344 2037 3615 2110 pluribus
3638 2059 3788 2098 onu-

2139 2127 2443 2175 merantur
2471 2121 2595 2176 alia}
2618 2123 3082 2179 Eusebianorum
3114 2125 3172 2179 in
3203 2127 3590 2184 Athanasium
3617 2133 3787 2187 avlor-

2139 2214 2285 2263 natae
2309 2210 2768 2267 criminationes.
2802 2213 2935 2276 Qum
2966 2231 3097 2269 vero
3128 2231 3306 2271 causa
3335 2217 3481 2272 tanti
3512 2219 3787 2277 facinoris

2092 2324 2098 2330 -
2140 2297 2372 2353 silentio
2397 2300 2895 2370 praetermittendi.
2961 2303 3336 2374 potissimum
3370 2305 3427 2360 in
3457 2309 3785 2365 Sardicensi

2141 2388 2382 2458 synodo,
2418 2390 2652 2460 quando
2683 2406 2712 2444 e
2744 2408 2803 2445 re
2824 2395 3065 2447 Patrum
3096 2398 3219 2448 erat
3252 2394 3309 2448 id
3370 2394 3523 2450 inter
3552 2397 3666 2453 alia
3695 2398 3786 2454 af-

2144 2476 2310 2546 ferre,
2345 2493 2459 2547 quo
2489 2477 2773 2549 liquidius
2806 2480 3110 2552 foretjura
3142 2499 3208 2537 ac
3239 2484 3445 2539 merito
3485 2489 3658 2541 tantae
3685 2504 3788 2544 ca-

2142 2564 2382 2625 lumnia
2402 2568 2657 2624 artiﬁces
2671 2568 2939 2625 damnari
2956 2572 3283 2627 etabdicari
3298 2572 3324 2626 ?
3346 2575 3635 2638 Quorsum
3650 2576 3788 2632 Phi-

2142 2660 2548 2734 lipp0politani
2580 2658 2858 2730 praisules
2912 2659 3310 2729 conscelerati,
3344 2664 3608 2734 repetitis
3655 2664 3788 2722 aliis

2143 2751 2200 2804 in
2220 2750 2609 2806 Athanasium
2636 2748 3323 2820 criminationibus,hanc
3357 2756 3587 2808 taceant
3613 2754 3640 2807 ‘?
3671 2756 3790 2811 Cur

2141 2840 2505 2911 Epiphanius
2525 2844 2581 2894 et
2603 2838 2870 2893 Socrates
2887 2842 3007 2893 tam
3031 2837 3225 2895 nobile
3245 2840 3531 2911 ﬂagitium
3552 2843 3791 2900 Ariano-

2139 2946 2270 2983 rum
2302 2929 2596 2995 omittant,
2628 2928 2675 2982 si
2708 2944 2839 2983 vere
2870 2933 3123 2999 gestum,
3159 2928 3258 3000 qui
3292 2929 3560 3002 pluribus
3580 2932 3786 3004 Tyrias

2140 3035 2232 3073 res
2259 3022 2693 3089 persequuntur
2715 3016 2742 3070 ἱ)
2776 3017 2845 3071 Et
2864 3032 3006 3072 sane
3024 3016 3401 3083 Sozomenus,
3434 3021 3534 3091 qui
3567 3037 3636 3076 ex
3666 3022 3787 3077 Ru-

2140 3108 2256 3161 fino
2287 3124 2415 3162 eam
2444 3106 2772 3173 historiam,
2805 3109 2869 3159 ut
2898 3111 2955 3160 et
3010 3106 3431 3175 Theodoretus,
3481 3114 3787 3167 mutuatus

2138 3196 2472 3261 est,fatetur
2494 3213 2622 3252 eam
2638 3212 2751 3251 non
2781 3194 2840 3249 in
2863 3194 3009 3250 actis
3026 3196 3408 3267 synodalibus
3425 3215 3787 3273 comparere,

442 3285 497 3338 7.
526 3282 629 3338 His
660 3284 983 3356 perspectis
1013 3288 1402 3353 accusatores,
1436 3284 1513 3339 ait
1542 3285 1921 3353 Sozomenus,
1951 3285 2023 3339 ad
2057 3287 2099 3353 C
2137 3285 2260 3351 sed,
2296 3290 2494 3356 utpote
2524 3289 2755 3356 turpem
2787 3288 2842 3338 et
2872 3283 3202 3347 ridiculam,
3262 3285 3543 3342 omissam
3581 3288 3782 3346 fuisse.

374 3372 675 3428 levandam
708 3372 1094 3444 ignominiam
1123 3391 1269 3429 novo
1302 3375 1393 3429 usi
1426 3374 1871 3443 crimine,aiunt
1903 3374 2031 3428 Plu-

374 3462 607 3517 sianum
636 3464 954 3533 quemdam
988 3463 1679 3535 episcopum,Athanasio
1703 3462 2026 3531 addictum,

366 3552 543 3622 jussu
578 3550 740 3606 illius
770 3552 1101 3607 incendisse
1127 3553 1371 3608 domum
1429 3552 1681 3621 Arsenii,
1712 3551 2026 3624 ipsumque

372 3640 659 3695 columnae
691 3640 994 3713 alligatum
1020 3640 1160 3697 loris
1215 3641 1530 3713 excepisse,
1565 3646 1623 3697 et
1652 3642 1710 3695 in
1753 3640 2023 3697 cellulam

369 3729 704 3797 inclusisse,
737 3731 891 3786 unde
925 3730 1160 3802 elapsus
1190 3730 1471 3786 Arsenius
1498 3746 1600 3802 per
1620 3730 1935 3785 fenestram
1961 3747 2023 3786 se

368 3818 792 3890 proripuisset;
826 3836 893 3874 ac
922 3819 1127 3875 exinde
1158 3819 1499 3890 aliquandiu
1562 3818 1882 3887 delituisse,
1916 3836 2021 3876 nec

368 3909 495 3962 sine
526 3924 707 3962 causa
736 3925 839 3978 pro
871 3913 1103 3963 mortuo
1127 3914 1183 3963 et
1203 3910 1476 3964 ambusto
1499 3908 1767 3964 habitum
1801 3909 2016 3966 fuisse:

370 3997 509 4068 quid
543 3996 700 4068 quod
725 3998 1040 4068 prmelarus
1067 3998 1157 4052 vir
1175 4003 1329 4054 esset
1354 4003 1409 4053 et
1431 3997 1818 4053 confessionis
1838 3997 2025 4069 gloria

368 4085 641 4157 insignis,
674 4086 889 4140 idcirco
920 4085 1202 4141 Joannem
1237 4090 1294 4141 et
1322 4086 1598 4157 asseclas,
1630 4088 1759 4157 ejus
1790 4088 2021 4159 perqui-

368 4175 529 4229 rendi
563 4191 761 4239 causa,
796 4174 1175 4247 magistratus
1204 4176 1440 4232 adiisse.
1458 4176 1552 4231 Ait
1581 4180 1780 4232 tamen
1814 4177 2019 4233 Socra-

367 4268 477 4335 tes,
501 4264 792 4319 Joannem
815 4263 1049 4319 detectae
1065 4263 1370 4319 calumnia
1393 4266 1614 4335 pudore
1643 4265 1797 4321 illico
1822 4266 2020 4339 fugam

368 4352 600 4409 fecisse.

439 4444 492 4497 8.
524 4444 766 4498 Historia
794 4443 1139 4498 muliercqu
1171 4447 1436 4515 suspecta.
1470 4475 1538 4486 —
1567 4443 1756 4500 Aliam
1778 4462 2019 4517 memo-

365 4535 456 4586 rat
487 4532 735 4587 Ruﬁnus
764 4532 1234 4587 criminationem
1264 4532 1640 4599 mulierculae,
1673 4551 1801 4605 quae
1822 4535 1894 4589 ad
1924 4552 2023 4607 sy-

2136 3373 2313 3437 Quasi
2341 3388 2475 3427 vero
2506 3373 2562 3427 id
2595 3389 2753 3428 more
2784 3376 3084 3444 receptum
3116 3374 3213 3441 sit,
3250 3378 3313 3428 ut
3342 3374 3401 3428 in
3445 3376 3667 3444 judicio
3697 3382 3787 3433 ta-

2138 3467 2379 3518 ceantur
2408 3478 2641 3517 reorum
2672 3460 3143 3529 calumnias,cum
3177 3466 3542 3535 turpes,cum
3575 3464 3787 3521 ridicu-

2138 3550 2204 3606 laa
2232 3556 2392 3619 sunt,
2425 3551 2525 3606 ubi
2556 3568 2587 3606 e
2617 3568 2677 3607 re
2717 3550 2991 3621 judicum
3021 3557 3111 3605 est
3166 3557 3229 3606 ut
3260 3556 3459 3623 pateat
3511 3554 3789 3610 omnibus

2128 3641 2265 3711 jure
2295 3658 2362 3697 ac
2394 3640 2800 3712 meritoinﬂigi
2832 3657 3054 3713 pcenas.
3088 3641 3157 3695 Et
3214 3640 3471 3713 alioquin
3504 3660 3620 3698 non
3651 3644 3788 3700 talis

2138 3732 2260 3785 haec
2282 3729 2529 3786 historia
2551 3734 2639 3785 est
2659 3730 2752 3785 cui
2775 3730 2961 3785 honos
2994 3730 3327 3801 praefandus
3351 3732 3429 3787 sit
3453 3750 3465 3799 ;
3491 3749 3627 3787 cum
3660 3750 3787 3789 ma-

2138 3821 2291 3875 xime
2320 3820 2697 3890 quantumvis
2726 3825 2896 3890 turpe
2926 3820 3146 3874 lactum
3181 3821 3370 3892 possit
3398 3823 3646 3894 carptim
3678 3823 3789 3878 ho-

2138 3914 2417 3980 nesteque
2449 3909 2695 3965 narrari.
2727 3909 2814 3963 Ad
2847 3909 2988 3979 haec,
3044 3910 3175 3981 quis
3232 3910 3590 3966 Eusebianos
3621 3915 3789 3983 putet

2137 4004 2259 4054 tam
2282 3998 2669 4070 supinos,tam
2696 3998 3014 4053 oscitantes
3037 3998 3239 4066 fuisse,
3275 4003 3340 4054 ut
3387 4000 3681 4055 adornatae
3714 4001 3787 4055 ad

2136 4087 2495 4142 calumniam
2584 4086 2945 4142 mulierculae
3028 4104 3144 4143 non
3196 4087 3536 4159 iudicarint,
3606 4106 3783 4160 quem

2136 4181 2475 4232 accusatum
2504 4176 2844 4248 oporteret?

2208 4266 2293 4320 10.
2322 4264 2510 4321 Athis
2543 4265 2787 4321 fortasse
2817 4266 3183 4338 argumentis
3217 4265 3351 4338 quis
3383 4271 3669 4334 occurrat,
3695 4268 3786 4322 di-

2142 4356 2322 4410 cendo
2354 4354 2811 4427 Philostorgium
2844 4354 2946 4426 (ά),
2984 4354 3085 4426 qui
3141 4355 3363 4411 sanctis
3393 4361 3451 4411 et
3482 4355 3786 4412 catholicis

2132 4444 2383 4500 infestus
2410 4443 2573 4515 viris,
2606 4444 3049 4499 criminationes
3080 4444 3152 4498 ab
3184 4460 3384 4500 eorum
3433 4444 3785 4501 adversariis

2132 4533 2413 4589 conﬂatas
2436 4534 2580 4605 ipsis
2602 4533 2894 4589 ascribere
2926 4532 3092 4599 solet,
3152 4549 3425 4588 enarrare
3466 4532 3783 4591 muliercu-

363 4621 585 4676 nodum
616 4621 956 4677 intromissa
985 4621 1291 4677 vociferari
1313 4622 1488 4693 coepit
1517 4622 2016 4696 (c),virginitatem
2049 4665 2097 4731 Β
2130 4622 2247 4679 1am
2271 4623 2343 4678 ab
2368 4622 2688 4678 Athanasio
2710 4623 3089 4677 subornatam
3109 4622 3445 4694 fuisse,quze
3461 4623 3781 4680 Eusebium

366 4727 419 4731 μ
456 4711 566 4731 πη
890 4727 941 4731 _-
978 4712 1039 4731 ,ι
1108 4710 1405 4731 ηιηηε,
1466 4716 1583 4731 ιη,
1918 4730 2007 4731 κη
2126 4711 2252 4731 ,νη
2308 4711 2616 4731 ημηηὼ
2654 4710 2795 4731 ημιε
2832 4710 3020 4731 -.____.

362 4727 426 4766 se
456 4711 573 4765 Deo
604 4711 851 4776 vovisse,
886 4727 947 4766 se
975 4712 1046 4765 ab
1096 4710 1412 4767 Athanasio
1466 4716 1591 4767 tum
1644 4712 1873 4784 hospite
1912 4730 2018 4769 suo

360 4800 415 4853 vi
448 4816 847 4871 compressam
877 4804 934 4854 et
964 4799 1247 4871 pollutam
1281 4800 1464 4855 fuisse
1494 4817 1506 4854 :
1544 4822 1571 4851 ‹‹
1615 4801 1913 4856 Introduci
1945 4803 2018 4858 ad

361 4887 595 4953 haec,ait
636 4888 902 4955 Ruﬁnus,
963 4890 1198 4959 iubetur
1247 4889 1628 4945 Athanasius.
1693 4891 2019 4962 Ingreditur

361 4993 494 5031 cum
522 4976 827 5032 Timotheo
861 4978 1199 5049 presbytero
1225 4994 1353 5043 suo,
1413 4994 1666 5050 cumque
1724 4984 1924 5035 monet
1955 4985 2019 5035 ut

360 5070 748 5138 posteaquam
782 5066 997 5121 mulier
1023 5066 1255 5121 dicendi
1312 5067 1489 5122 ﬁnem
1548 5068 1803 5135 fecisset,
1836 5085 1898 5124 se
1928 5074 2014 5125 ta-

362 5160 550 5222 cente,
582 5155 654 5210 ad
688 5172 755 5210 ea
786 5172 913 5226 quae
936 5155 1160 5210 dixerat
1180 5157 1574 5228 responderet.
1600 5159 1861 5229 Cumque
1893 5175 2017 5213 mu-

361 5243 468 5300 lier
487 5261 556 5300 ea
588 5262 714 5316 qua
739 5245 910 5300 docta
934 5245 1121 5299 fuerat
1143 5249 1493 5317 perorasset,
1510 5245 1851 5301 Timotheus
1877 5264 2009 5302 con-

357 5351 563 5390 versus
594 5335 666 5389 ad
699 5350 868 5389 eam:
902 5334 1066 5400 Vere,
1100 5333 1315 5405 inquit,
1382 5334 1613 5405 mulier,
1673 5351 1778 5406 ego
1822 5336 2012 5391 mansi

356 5424 510 5496 apud
544 5429 599 5479 te
632 5423 968 5496 aliquando,
1002 5428 1106 5479 aut
1133 5423 1251 5478 vim
1282 5423 1413 5492 tibi,
1474 5428 1539 5479 ut
1568 5424 1806 5495 asseris,
1858 5423 1964 5481 feci
1985 5425 2014 5478 Ἰ

426 5605 504 5677 (a)
536 5606 760 5678 Socrat.
793 5604 834 5661 l.
869 5622 908 5675 1,
942 5620 1072 5678 cap2
1093 5603 1208 5678 28;
1242 5604 1470 5660 Sozom.
1502 5603 1605 5660 lib.
1638 5622 1701 5674 ιι,
1733 5620 1861 5678 cap.
1894 5605 1965 5660 25
1993 5622 2008 5675 ;

356 5675 644 5749 TheOdor.
679 5676 782 5732 lib.
814 5694 856 5749 ι,
889 5675 1026 5749 cap.
1048 5675 1138 5731 30.

428 5747 506 5827 (b)
535 5748 749 5808 Athan.
781 5748 937 5825 Apol.
959 5747 1169 5807 contra
1196 5747 1390 5825 Arian,
1414 5764 1473 5809 n.
1504 5750 1593 5811 72.

2126 4711 2627 4768 Nicomediensem
2652 4710 2797 4766 illati
2828 4715 2919 4766 stu
2935 4710 3024 4782 pri
3056 4716 3395 4767 accusaret:
3441 4711 3533 4767 cui
3555 4714 3783 4769 occasio

2130 4801 2250 4856 haec
2273 4802 2573 4856 scribendi
2600 4800 2780 4856 fuisse
2802 4799 3181 4855 videaturilla
3204 4799 3669 4857 Eusebianorum
3693 4819 3783 4859 ca-

2126 4889 2353 4944 lumnia
2383 4890 2441 4944 in
2474 4889 2856 4944 Athanasium
2888 4894 3111 4960 parata.
3145 4888 3255 4943 Sed
3308 4905 3441 4943 cum
3474 4894 3608 4945 ante
3638 4890 3775 4945 Phi-
3802 4946 3803 4949 η

2126 4979 2390 5051 lostorgii
2422 4984 2650 5034 aetatem
2678 4996 2766 5043 ea,
2827 4995 2926 5034 seu
2957 4995 3112 5043 vera,
3173 4994 3278 5033 seu
3335 4977 3483 5033 falsa
3512 4979 3585 5033 sit
3627 4981 3781 5035 evul-

2126 5073 2281 5140 gata,
2318 5068 2461 5123 nihil
2511 5068 2647 5123 hinc
2679 5068 2750 5122 ad
2807 5084 2937 5123 eam
2968 5066 3346 5123 asserendam
3402 5066 3527 5121 erui
3560 5072 3772 5138 potest.

2127 5156 2549 5230 Philostorgius
2580 5157 2797 5229 quippe
2818 5161 2938 5212 tam
2972 5173 3041 5211 ex
3073 5155 3237 5225 falsa,
3297 5172 3475 5225 quam
3524 5171 3593 5210 ex
3639 5173 3777 5213 vera

2124 5246 2391 5313 historia,
2424 5247 2614 5317 potuit
2668 5262 2735 5301 ea
2765 5244 3058 5301 scribendi
3101 5242 3465 5299 occasionem
3496 5243 3771 5315 arripere.

2198 5338 2283 5392 11.
2317 5368 2386 5375 -
2417 5337 2639 5407 Legatio
2669 5337 2980 5391 Mareotica.
3016 5332 3326 5389 Eusebiani
3359 5333 3647 5403 patefacta
3672 5334 3773 5389 de-

2124 5426 2529 5498 prehensaque
2558 5424 3006 5497 conspiratione,
3038 5422 3258 5497 pudore
3287 5420 3495 5491 affecti,
3534 5420 3770 5494 inopes-

2193 5606 2262 5678 (ο)
2289 5604 2618 5678 Ριιιίὶηηιίι).
2652 5621 2691 5671 1,
2724 5620 2864 5678 cap.
2889 5604 2954 5658 17
2980 5629 2994 5673 ;
3018 5602 3245 5659 Sozom.
3277 5597 3378 5654 lib.
3405 5614 3466 5671 II,
3500 5613 3626 5672 cap.
3658 5599 3761 5677 25;

2119 5676 2465 5734 Thebdoret.
2496 5676 2538 5733 l.
2571 5694 2611 5746 1,
2642 5693 2770 5748 cap.
2804 5676 2894 5731 30.

2189 5750 2268 5830 (ἀ)
2299 5748 2425 5809 Lib.
2460 5765 2524 5825 ιι,
2548 5765 2608 5807 n.
2643 5749 2729 5807 ll.
