  <div class='ocr_page' id='page_1' title='image "/cluster/home/n/w/nwhite01/storage/ocr_20150623/25:no.1/coo.31924054873066/097.png"; bbox 0 0 4166 6392; ppageno 0'>
   <div class='ocr_carea' id='block_1_1' title="bbox 358 391 578 446">
    <p class='ocr_par' dir='ltr' id='par_1_1' title="bbox 358 391 578 446">
     <span class='ocr_line' id='line_1_1' title="bbox 358 391 578 446; baseline 0.009 -2"><span class='ocrx_word' id='word_1_1' title='bbox 358 391 578 446; x_wconf 75' lang='lat' dir='ltr'>um</span> 
     </span>
    </p>
   </div>
   <div class='ocr_carea' id='block_1_2' title="bbox 3189 351 3216 381">
    <p class='ocr_par' dir='ltr' id='par_1_2' title="bbox 3189 351 3216 381">
     <span class='ocr_line' id='line_1_2' title="bbox 3189 351 3216 381; baseline 0 0"><span class='ocrx_word' id='word_1_2' title='bbox 3189 351 3216 381; x_wconf 53' lang='grc' dir='ltr'><strong>ἢ</strong></span> 
     </span>
    </p>
   </div>
   <div class='ocr_carea' id='block_1_3' title="bbox 1753 375 2368 443">
    <p class='ocr_par' dir='ltr' id='par_1_3' title="bbox 1753 375 2368 443">
     <span class='ocr_line' id='line_1_3' title="bbox 1753 375 2368 443; baseline -0.002 -1"><span class='ocrx_word' id='word_1_3' title='bbox 1753 375 2368 443; x_wconf 73' lang='lat' dir='ltr'>PROLEGOMENA.</span> 
     </span>
    </p>
   </div>
   <div class='ocr_carea' id='block_1_4' title="bbox 355 512 3763 588">
    <p class='ocr_par' dir='ltr' id='par_1_4' title="bbox 355 512 3763 588">
     <span class='ocr_line' id='line_1_4' title="bbox 355 512 3763 588; baseline 0 -18"><span class='ocrx_word' id='word_1_4' title='bbox 355 531 469 588; x_wconf 90' lang='lat' dir='ltr'>que</span> <span class='ocrx_word' id='word_1_5' title='bbox 499 513 748 586; x_wconf 83' lang='lat' dir='ltr'>consilii,</span> <span class='ocrx_word' id='word_1_6' title='bbox 781 527 970 585; x_wconf 86' lang='lat' dir='ltr'>usque</span> <span class='ocrx_word' id='word_1_7' title='bbox 997 529 1065 569; x_wconf 89' lang='lat' dir='ltr'>eo</span> <span class='ocrx_word' id='word_1_8' title='bbox 1097 512 1238 586; x_wconf 89' lang='lat' dir='ltr'>quid</span> <span class='ocrx_word' id='word_1_9' title='bbox 1270 517 1509 586; x_wconf 81' lang='lat' dir='ltr'>agerent</span> <span class='ocrx_word' id='word_1_10' title='bbox 1536 531 1649 568; x_wconf 90' lang='lat' dir='ltr'>non</span> <span class='ocrx_word' id='word_1_11' title='bbox 1684 515 2000 583; x_wconf 79' lang='lat' dir='ltr'>habebant,</span> <span class='ocrx_word' id='word_1_12' title='bbox 2036 516 2084 579; x_wconf 79' lang='grc' dir='ltr'><strong>Α</strong></span> <span class='ocrx_word' id='word_1_13' title='bbox 2118 515 2426 586; x_wconf 79' lang='lat' dir='ltr'>cpiscopus</span> <span class='ocrx_word' id='word_1_14' title='bbox 2457 514 3196 586; x_wconf 87' lang='lat' dir='ltr'>Thessalonicensis,cujus</span> <span class='ocrx_word' id='word_1_15' title='bbox 3215 513 3592 587; x_wconf 84' lang='lat' dir='ltr'>grandiserat</span> <span class='ocrx_word' id='word_1_16' title='bbox 3607 514 3763 587; x_wconf 89' lang='lat' dir='ltr'>apud</span> 
     </span>
    </p>
   </div>
   <div class='ocr_carea' id='block_1_5' title="bbox 357 601 2006 675">
    <p class='ocr_par' dir='ltr' id='par_1_5' title="bbox 357 601 2006 675">
     <span class='ocr_line' id='line_1_5' title="bbox 357 601 2006 675; baseline -0.001 -17"><span class='ocrx_word' id='word_1_17' title='bbox 357 607 422 658; x_wconf 88' lang='lat' dir='ltr'>ut</span> <span class='ocrx_word' id='word_1_18' title='bbox 453 601 725 675; x_wconf 85' lang='lat' dir='ltr'>Dionysio</span> <span class='ocrx_word' id='word_1_19' title='bbox 757 601 954 657; x_wconf 78' lang='lat' dir='ltr'>comiti</span> <span class='ocrx_word' id='word_1_20' title='bbox 1003 607 1270 657; x_wconf 77' lang='lat' dir='ltr'>auctores</span> <span class='ocrx_word' id='word_1_21' title='bbox 1321 606 1515 657; x_wconf 84' lang='lat' dir='ltr'>essent</span> <span class='ocrx_word' id='word_1_22' title='bbox 1549 603 1770 673; x_wconf 81' lang='lat' dir='ltr'>legatos</span> <span class='ocrx_word' id='word_1_23' title='bbox 1801 603 1857 656; x_wconf 91' lang='lat' dir='ltr'>iu</span> <span class='ocrx_word' id='word_1_24' title='bbox 1887 607 2006 656; x_wconf 77' lang='lat' dir='ltr'>Ma-</span> 
     </span>
    </p>
   </div>
   <div class='ocr_carea' id='block_1_6' title="bbox 353 689 2009 762">
    <p class='ocr_par' dir='ltr' id='par_1_6' title="bbox 353 689 2009 762">
     <span class='ocr_line' id='line_1_6' title="bbox 353 689 2009 762; baseline -0.001 -16"><span class='ocrx_word' id='word_1_25' title='bbox 353 696 575 746; x_wconf 90' lang='lat' dir='ltr'>reotem</span> <span class='ocrx_word' id='word_1_26' title='bbox 600 691 892 756; x_wconf 84' lang='lat' dir='ltr'>mittendi,</span> <span class='ocrx_word' id='word_1_27' title='bbox 911 689 1301 761; x_wconf 88' lang='lat' dir='ltr'>perquisitum</span> <span class='ocrx_word' id='word_1_28' title='bbox 1316 706 1388 744; x_wconf 91' lang='lat' dir='ltr'>an</span> <span class='ocrx_word' id='word_1_29' title='bbox 1411 690 1717 762; x_wconf 82' lang='lat' dir='ltr'>quidpiam</span> <span class='ocrx_word' id='word_1_30' title='bbox 1743 689 2009 745; x_wconf 84' lang='lat' dir='ltr'>criminis</span> 
     </span>
    </p>
   </div>
   <div class='ocr_carea' id='block_1_7' title="bbox 353 778 2006 852">
    <p class='ocr_par' dir='ltr' id='par_1_7' title="bbox 353 778 2006 852">
     <span class='ocr_line' id='line_1_7' title="bbox 353 778 2006 852; baseline -0.003 -16"><span class='ocrx_word' id='word_1_31' title='bbox 353 784 596 852; x_wconf 84' lang='lat' dir='ltr'>possent</span> <span class='ocrx_word' id='word_1_32' title='bbox 626 780 684 834; x_wconf 93' lang='lat' dir='ltr'>in</span> <span class='ocrx_word' id='word_1_33' title='bbox 715 779 950 834; x_wconf 83' lang='lat' dir='ltr'>Macarii</span> <span class='ocrx_word' id='word_1_34' title='bbox 982 778 1164 849; x_wconf 83' lang='lat' dir='ltr'>gestis</span> <span class='ocrx_word' id='word_1_35' title='bbox 1215 778 1648 850; x_wconf 89' lang='lat' dir='ltr'>deprehendere</span> <span class='ocrx_word' id='word_1_36' title='bbox 1687 779 1783 849; x_wconf 82' lang='lat' dir='ltr'>(a),</span> <span class='ocrx_word' id='word_1_37' title='bbox 1837 778 2006 849; x_wconf 91' lang='lat' dir='ltr'>quasi</span> 
     </span>
    </p>
   </div>
   <div class='ocr_carea' id='block_1_8' title="bbox 354 866 2008 940">
    <p class='ocr_par' dir='ltr' id='par_1_8' title="bbox 354 866 2008 940">
     <span class='ocr_line' id='line_1_8' title="bbox 354 866 2008 940; baseline -0.002 -16"><span class='ocrx_word' id='word_1_38' title='bbox 354 885 448 924; x_wconf 88' lang='lat' dir='ltr'>res</span> <span class='ocrx_word' id='word_1_39' title='bbox 481 886 592 924; x_wconf 89' lang='lat' dir='ltr'>non</span> <span class='ocrx_word' id='word_1_40' title='bbox 625 867 768 923; x_wconf 83' lang='lat' dir='ltr'>satis</span> <span class='ocrx_word' id='word_1_41' title='bbox 797 866 1014 940; x_wconf 88' lang='lat' dir='ltr'>agitata</span> <span class='ocrx_word' id='word_1_42' title='bbox 1045 872 1100 921; x_wconf 90' lang='lat' dir='ltr'>et</span> <span class='ocrx_word' id='word_1_43' title='bbox 1120 883 1373 938; x_wconf 83' lang='lat' dir='ltr'>expensa</span> <span class='ocrx_word' id='word_1_44' title='bbox 1407 867 1635 922; x_wconf 91' lang='lat' dir='ltr'>fuisset.</span> <span class='ocrx_word' id='word_1_45' title='bbox 1663 871 1877 921; x_wconf 91' lang='lat' dir='ltr'>Verum</span> <span class='ocrx_word' id='word_1_46' title='bbox 1904 883 2008 921; x_wconf 91' lang='lat' dir='ltr'>nec</span> 
     </span>
    </p>
   </div>
   <div class='ocr_carea' id='block_1_9' title="bbox 354 955 2009 1028">
    <p class='ocr_par' dir='ltr' id='par_1_9' title="bbox 354 955 2009 1028">
     <span class='ocr_line' id='line_1_9' title="bbox 354 955 2009 1028; baseline -0.001 -16"><span class='ocrx_word' id='word_1_47' title='bbox 354 959 601 1012; x_wconf 81' lang='lat' dir='ltr'>obscure</span> <span class='ocrx_word' id='word_1_48' title='bbox 623 956 678 1010; x_wconf 92' lang='lat' dir='ltr'>id</span> <span class='ocrx_word' id='word_1_49' title='bbox 703 955 930 1011; x_wconf 87' lang='lat' dir='ltr'>consilii</span> <span class='ocrx_word' id='word_1_50' title='bbox 956 956 1297 1010; x_wconf 85' lang='lat' dir='ltr'>Eusebianis</span> <span class='ocrx_word' id='word_1_51' title='bbox 1319 960 1535 1019; x_wconf 89' lang='lat' dir='ltr'>erat,ut</span> <span class='ocrx_word' id='word_1_52' title='bbox 1560 956 1719 1027; x_wconf 84' lang='lat' dir='ltr'>quia,</span> <span class='ocrx_word' id='word_1_53' title='bbox 1743 955 2009 1028; x_wconf 85' lang='lat' dir='ltr'>depulsis</span> 
     </span>
    </p>
   </div>
   <div class='ocr_carea' id='block_1_10' title="bbox 354 1045 2006 1116">
    <p class='ocr_par' dir='ltr' id='par_1_10' title="bbox 354 1045 2006 1116">
     <span class='ocr_line' id='line_1_10' title="bbox 354 1045 2006 1116; baseline -0.001 -15"><span class='ocrx_word' id='word_1_54' title='bbox 354 1045 1114 1110; x_wconf 88' lang='lat' dir='ltr'>criminibus,iuterclusam</span> <span class='ocrx_word' id='word_1_55' title='bbox 1139 1045 1248 1099; x_wconf 89' lang='lat' dir='ltr'>sibi</span> <span class='ocrx_word' id='word_1_56' title='bbox 1269 1061 1430 1116; x_wconf 89' lang='lat' dir='ltr'>spem</span> <span class='ocrx_word' id='word_1_57' title='bbox 1457 1045 2006 1116; x_wconf 89' lang='lat' dir='ltr'>opprimendiAtha-</span> 
     </span>
    </p>
   </div>
   <div class='ocr_carea' id='block_1_11' title="bbox 350 1132 2005 1204">
    <p class='ocr_par' dir='ltr' id='par_1_11' title="bbox 350 1132 2005 1204">
     <span class='ocr_line' id='line_1_11' title="bbox 350 1132 2005 1204; baseline -0.002 -15"><span class='ocrx_word' id='word_1_58' title='bbox 350 1134 500 1190; x_wconf 90' lang='lat' dir='ltr'>nasii</span> <span class='ocrx_word' id='word_1_59' title='bbox 529 1139 854 1201; x_wconf 87' lang='lat' dir='ltr'>cernerent,</span> <span class='ocrx_word' id='word_1_60' title='bbox 883 1132 941 1188; x_wconf 91' lang='lat' dir='ltr'>in</span> <span class='ocrx_word' id='word_1_61' title='bbox 975 1132 1366 1188; x_wconf 82' lang='lat' dir='ltr'>Athanasium</span> <span class='ocrx_word' id='word_1_62' title='bbox 1399 1134 1701 1188; x_wconf 86' lang='lat' dir='ltr'>absentem</span> <span class='ocrx_word' id='word_1_63' title='bbox 1737 1150 1840 1204; x_wconf 88' lang='lat' dir='ltr'>pro</span> <span class='ocrx_word' id='word_1_64' title='bbox 1875 1132 2005 1187; x_wconf 90' lang='lat' dir='ltr'>libi-</span> 
     </span>
    </p>
   </div>
   <div class='ocr_carea' id='block_1_12' title="bbox 350 1222 2006 1294">
    <p class='ocr_par' dir='ltr' id='par_1_12' title="bbox 350 1222 2006 1294">
     <span class='ocr_line' id='line_1_12' title="bbox 350 1222 2006 1294; baseline -0.001 -16"><span class='ocrx_word' id='word_1_65' title='bbox 350 1224 481 1278; x_wconf 87' lang='lat' dir='ltr'>dine</span> <span class='ocrx_word' id='word_1_66' title='bbox 510 1223 935 1294; x_wconf 82' lang='lat' dir='ltr'>conspirarent.</span> <span class='ocrx_word' id='word_1_67' title='bbox 971 1222 1334 1277; x_wconf 89' lang='lat' dir='ltr'>Atbanasius</span> <span class='ocrx_word' id='word_1_68' title='bbox 1382 1227 1581 1277; x_wconf 90' lang='lat' dir='ltr'>autem</span> <span class='ocrx_word' id='word_1_69' title='bbox 1643 1227 1700 1276; x_wconf 92' lang='lat' dir='ltr'>et</span> <span class='ocrx_word' id='word_1_70' title='bbox 1753 1222 2006 1294; x_wconf 67' lang='lat' dir='ltr'>Egyptii</span> 
     </span>
    </p>
   </div>
   <div class='ocr_carea' id='block_1_13' title="bbox 349 1309 2002 1382">
    <p class='ocr_par' dir='ltr' id='par_1_13' title="bbox 349 1309 2002 1382">
     <span class='ocr_line' id='line_1_13' title="bbox 349 1309 2002 1382; baseline -0.001 -15"><span class='ocrx_word' id='word_1_71' title='bbox 349 1317 550 1368; x_wconf 91' lang='lat' dir='ltr'>contra</span> <span class='ocrx_word' id='word_1_72' title='bbox 591 1312 943 1367; x_wconf 88' lang='lat' dir='ltr'>contendere</span> <span class='ocrx_word' id='word_1_73' title='bbox 996 1327 1489 1382; x_wconf 86' lang='lat' dir='ltr'>supervacaneam</span> <span class='ocrx_word' id='word_1_74' title='bbox 1546 1311 1666 1365; x_wconf 90' lang='lat' dir='ltr'>fore</span> <span class='ocrx_word' id='word_1_75' title='bbox 1726 1309 1889 1366; x_wconf 91' lang='lat' dir='ltr'>illam</span> <span class='ocrx_word' id='word_1_76' title='bbox 1944 1311 2002 1366; x_wconf 90' lang='lat' dir='ltr'>in</span> 
     </span>
    </p>
   </div>
   <div class='ocr_carea' id='block_1_14' title="bbox 349 1399 2003 1473">
    <p class='ocr_par' dir='ltr' id='par_1_14' title="bbox 349 1399 2003 1473">
     <span class='ocr_line' id='line_1_14' title="bbox 349 1399 2003 1473; baseline -0.001 -16"><span class='ocrx_word' id='word_1_77' title='bbox 349 1401 668 1457; x_wconf 86' lang='lat' dir='ltr'>Mareotem</span> <span class='ocrx_word' id='word_1_78' title='bbox 701 1401 1078 1473; x_wconf 85' lang='lat' dir='ltr'>legationem,</span> <span class='ocrx_word' id='word_1_79' title='bbox 1112 1399 1307 1471; x_wconf 88' lang='lat' dir='ltr'>palam</span> <span class='ocrx_word' id='word_1_80' title='bbox 1351 1400 1744 1472; x_wconf 89' lang='lat' dir='ltr'>perstringere</span> <span class='ocrx_word' id='word_1_81' title='bbox 1800 1417 2003 1456; x_wconf 90' lang='lat' dir='ltr'>eorum</span> 
     </span>
    </p>
   </div>
   <div class='ocr_carea' id='block_1_15' title="bbox 347 1489 2006 1561">
    <p class='ocr_par' dir='ltr' id='par_1_15' title="bbox 347 1489 2006 1561">
     <span class='ocr_line' id='line_1_15' title="bbox 347 1489 2006 1561; baseline -0.001 -15"><span class='ocrx_word' id='word_1_82' title='bbox 347 1489 787 1546; x_wconf 79' lang='lat' dir='ltr'>simulationem</span> <span class='ocrx_word' id='word_1_83' title='bbox 837 1494 1014 1561; x_wconf 90' lang='lat' dir='ltr'>atque</span> <span class='ocrx_word' id='word_1_84' title='bbox 1036 1489 1508 1560; x_wconf 86' lang='lat' dir='ltr'>vafritiem,quod</span> <span class='ocrx_word' id='word_1_85' title='bbox 1524 1506 1644 1545; x_wconf 89' lang='lat' dir='ltr'>rem</span> <span class='ocrx_word' id='word_1_86' title='bbox 1667 1491 1873 1545; x_wconf 90' lang='lat' dir='ltr'>tandiu</span> <span class='ocrx_word' id='word_1_87' title='bbox 1891 1506 2006 1545; x_wconf 90' lang='lat' dir='ltr'>me-</span> 
     </span>
    </p>
   </div>
   <div class='ocr_carea' id='block_1_16' title="bbox 350 1578 2004 1651">
    <p class='ocr_par' dir='ltr' id='par_1_16' title="bbox 350 1578 2004 1651">
     <span class='ocr_line' id='line_1_16' title="bbox 350 1578 2004 1651; baseline -0.001 -17"><span class='ocrx_word' id='word_1_88' title='bbox 350 1579 620 1645; x_wconf 90' lang='lat' dir='ltr'>ditatam,</span> <span class='ocrx_word' id='word_1_89' title='bbox 650 1583 816 1634; x_wconf 88' lang='lat' dir='ltr'>tanta</span> <span class='ocrx_word' id='word_1_90' title='bbox 844 1595 1022 1650; x_wconf 88' lang='lat' dir='ltr'>opera</span> <span class='ocrx_word' id='word_1_91' title='bbox 1052 1578 1485 1644; x_wconf 89' lang='lat' dir='ltr'>concinnatam,</span> <span class='ocrx_word' id='word_1_92' title='bbox 1510 1579 1635 1649; x_wconf 89' lang='lat' dir='ltr'>jam</span> <span class='ocrx_word' id='word_1_93' title='bbox 1683 1578 1882 1651; x_wconf 82' lang='lat' dir='ltr'>inOpia</span> <span class='ocrx_word' id='word_1_94' title='bbox 1911 1595 2004 1634; x_wconf 86' lang='lat' dir='ltr'>ar-</span> 
     </span>
    </p>
   </div>
   <div class='ocr_carea' id='block_1_17' title="bbox 350 1667 2001 1740">
    <p class='ocr_par' dir='ltr' id='par_1_17' title="bbox 350 1667 2001 1740">
     <span class='ocr_line' id='line_1_17' title="bbox 350 1667 2001 1740; baseline 0.001 -18"><span class='ocrx_word' id='word_1_95' title='bbox 350 1673 769 1740; x_wconf 88' lang='lat' dir='ltr'>gumentorum</span> <span class='ocrx_word' id='word_1_96' title='bbox 801 1667 1062 1723; x_wconf 89' lang='lat' dir='ltr'>dicerent</span> <span class='ocrx_word' id='word_1_97' title='bbox 1108 1684 1222 1722; x_wconf 89' lang='lat' dir='ltr'>non</span> <span class='ocrx_word' id='word_1_98' title='bbox 1272 1667 1417 1723; x_wconf 87' lang='lat' dir='ltr'>satis</span> <span class='ocrx_word' id='word_1_99' title='bbox 1447 1669 1798 1740; x_wconf 77' lang='lat' dir='ltr'>exploratam</span> <span class='ocrx_word' id='word_1_100' title='bbox 1836 1684 2001 1724; x_wconf 90' lang='lat' dir='ltr'>esse:</span> 
     </span>
    </p>
   </div>
   <div class='ocr_carea' id='block_1_18' title="bbox 349 1756 1994 1828">
    <p class='ocr_par' dir='ltr' id='par_1_18' title="bbox 349 1756 1994 1828">
     <span class='ocr_line' id='line_1_18' title="bbox 349 1756 1994 1828; baseline 0.002 -17"><span class='ocrx_word' id='word_1_101' title='bbox 349 1756 490 1828; x_wconf 91' lang='lat' dir='ltr'>quia</span> <span class='ocrx_word' id='word_1_102' title='bbox 537 1773 630 1812; x_wconf 89' lang='lat' dir='ltr'>res</span> <span class='ocrx_word' id='word_1_103' title='bbox 679 1773 849 1812; x_wconf 88' lang='lat' dir='ltr'>secus</span> <span class='ocrx_word' id='word_1_104' title='bbox 893 1757 1186 1821; x_wconf 84' lang='lat' dir='ltr'>cessisset,</span> <span class='ocrx_word' id='word_1_105' title='bbox 1241 1772 1418 1827; x_wconf 86' lang='lat' dir='ltr'>quam</span> <span class='ocrx_word' id='word_1_106' title='bbox 1452 1761 1825 1828; x_wconf 88' lang='lat' dir='ltr'>peroptarent</span> <span class='ocrx_word' id='word_1_107' title='bbox 1854 1756 1994 1828; x_wconf 89' lang='lat' dir='ltr'>ipsi.</span> 
     </span>
    </p>
   </div>
   <div class='ocr_carea' id='block_1_19' title="bbox 351 1844 2080 1951">
    <p class='ocr_par' dir='ltr' id='par_1_19' title="bbox 351 1844 2080 1951">
     <span class='ocr_line' id='line_1_19' title="bbox 351 1844 2080 1951; baseline -0.002 -50"><span class='ocrx_word' id='word_1_108' title='bbox 351 1845 500 1901; x_wconf 89' lang='lat' dir='ltr'>Tum</span> <span class='ocrx_word' id='word_1_109' title='bbox 535 1844 634 1901; x_wconf 90' lang='lat' dir='ltr'>ubi</span> <span class='ocrx_word' id='word_1_110' title='bbox 686 1845 1078 1911; x_wconf 88' lang='lat' dir='ltr'>adverterunt,</span> <span class='ocrx_word' id='word_1_111' title='bbox 1132 1861 1198 1900; x_wconf 91' lang='lat' dir='ltr'>eo</span> <span class='ocrx_word' id='word_1_112' title='bbox 1247 1845 1485 1900; x_wconf 91' lang='lat' dir='ltr'>demum</span> <span class='ocrx_word' id='word_1_113' title='bbox 1538 1844 1999 1900; x_wconf 90' lang='lat' dir='ltr'>Eusebianorum</span> <span class='ocrx_word' id='word_1_114' title='bbox 2034 1887 2080 1951; x_wconf 77' lang='grc' dir='ltr'><strong>Β</strong></span> 
     </span>
    </p>
   </div>
   <div class='ocr_carea' id='block_1_20' title="bbox 347 1932 2001 2005">
    <p class='ocr_par' dir='ltr' id='par_1_20' title="bbox 347 1932 2001 2005">
     <span class='ocr_line' id='line_1_20' title="bbox 347 1932 2001 2005; baseline 0 -17"><span class='ocrx_word' id='word_1_115' title='bbox 347 1932 482 1990; x_wconf 92' lang='lat' dir='ltr'>dolo</span> <span class='ocrx_word' id='word_1_116' title='bbox 501 1938 558 1988; x_wconf 92' lang='lat' dir='ltr'>et</span> <span class='ocrx_word' id='word_1_117' title='bbox 578 1933 904 2005; x_wconf 85' lang='lat' dir='ltr'>pervicacia</span> <span class='ocrx_word' id='word_1_118' title='bbox 924 1939 1160 1988; x_wconf 89' lang='lat' dir='ltr'>ventum</span> <span class='ocrx_word' id='word_1_119' title='bbox 1184 1950 1332 2001; x_wconf 90' lang='lat' dir='ltr'>esse,</span> <span class='ocrx_word' id='word_1_120' title='bbox 1365 1938 1430 1988; x_wconf 92' lang='lat' dir='ltr'>ut</span> <span class='ocrx_word' id='word_1_121' title='bbox 1451 1933 1689 1989; x_wconf 89' lang='lat' dir='ltr'>omnino</span> <span class='ocrx_word' id='word_1_122' title='bbox 1711 1934 2001 2001; x_wconf 88' lang='lat' dir='ltr'>ejusmodi</span> 
     </span>
    </p>
   </div>
   <div class='ocr_carea' id='block_1_21' title="bbox 348 2022 1999 2094">
    <p class='ocr_par' dir='ltr' id='par_1_21' title="bbox 348 2022 1999 2094">
     <span class='ocr_line' id='line_1_21' title="bbox 348 2022 1999 2094; baseline 0 -18"><span class='ocrx_word' id='word_1_123' title='bbox 348 2022 560 2094; x_wconf 85' lang='lat' dir='ltr'>legatio</span> <span class='ocrx_word' id='word_1_124' title='bbox 591 2023 882 2078; x_wconf 84' lang='lat' dir='ltr'>mittenda</span> <span class='ocrx_word' id='word_1_125' title='bbox 910 2026 1065 2077; x_wconf 87' lang='lat' dir='ltr'>esset</span> <span class='ocrx_word' id='word_1_126' title='bbox 1093 2040 1106 2089; x_wconf 94' lang='lat'><strong>;</strong></span> <span class='ocrx_word' id='word_1_127' title='bbox 1140 2022 1198 2077; x_wconf 92' lang='lat' dir='ltr'>id</span> <span class='ocrx_word' id='word_1_128' title='bbox 1231 2023 1535 2092; x_wconf 82' lang='lat' dir='ltr'>rogabant,</span> <span class='ocrx_word' id='word_1_129' title='bbox 1568 2027 1633 2077; x_wconf 91' lang='lat' dir='ltr'>ut</span> <span class='ocrx_word' id='word_1_130' title='bbox 1663 2039 1735 2078; x_wconf 91' lang='lat' dir='ltr'>ne</span> <span class='ocrx_word' id='word_1_131' title='bbox 1792 2023 1999 2078; x_wconf 86' lang='lat' dir='ltr'>saltem</span> 
     </span>
    </p>
   </div>
   <div class='ocr_carea' id='block_1_22' title="bbox 348 2109 1998 2182">
    <p class='ocr_par' dir='ltr' id='par_1_22' title="bbox 348 2109 1998 2182">
     <span class='ocr_line' id='line_1_22' title="bbox 348 2109 1998 2182; baseline 0 -16"><span class='ocrx_word' id='word_1_132' title='bbox 348 2111 605 2182; x_wconf 86' lang='lat' dir='ltr'>suspecti</span> <span class='ocrx_word' id='word_1_133' title='bbox 637 2110 745 2166; x_wconf 91' lang='lat' dir='ltr'>viri</span> <span class='ocrx_word' id='word_1_134' title='bbox 778 2109 1118 2182; x_wconf 66' lang='lat' dir='ltr'>quaesitores</span> <span class='ocrx_word' id='word_1_135' title='bbox 1140 2111 1438 2165; x_wconf 88' lang='lat' dir='ltr'>darentur.</span> <span class='ocrx_word' id='word_1_136' title='bbox 1461 2111 1646 2182; x_wconf 66' lang='lat' dir='ltr'>Eque</span> <span class='ocrx_word' id='word_1_137' title='bbox 1678 2127 1770 2165; x_wconf 89' lang='lat' dir='ltr'>res</span> <span class='ocrx_word' id='word_1_138' title='bbox 1802 2111 1998 2166; x_wconf 88' lang='lat' dir='ltr'>comiti</span> 
     </span>
    </p>
   </div>
   <div class='ocr_carea' id='block_1_23' title="bbox 348 2197 1998 2272">
    <p class='ocr_par' dir='ltr' id='par_1_23' title="bbox 348 2197 1998 2272">
     <span class='ocr_line' id='line_1_23' title="bbox 348 2197 1998 2272; baseline 0.001 -18"><span class='ocrx_word' id='word_1_139' title='bbox 348 2200 474 2255; x_wconf 86' lang='lat' dir='ltr'>visa</span> <span class='ocrx_word' id='word_1_140' title='bbox 498 2199 767 2265; x_wconf 88' lang='lat' dir='ltr'>est,viros</span> <span class='ocrx_word' id='word_1_141' title='bbox 798 2197 948 2270; x_wconf 62' lang='lat' dir='ltr'>equi</span> <span class='ocrx_word' id='word_1_142' title='bbox 979 2199 1236 2271; x_wconf 90' lang='lat' dir='ltr'>bonique</span> <span class='ocrx_word' id='word_1_143' title='bbox 1267 2200 1583 2268; x_wconf 87' lang='lat' dir='ltr'>studiosos,</span> <span class='ocrx_word' id='word_1_144' title='bbox 1610 2217 1715 2254; x_wconf 89' lang='lat' dir='ltr'>nec</span> <span class='ocrx_word' id='word_1_145' title='bbox 1737 2199 1998 2272; x_wconf 87' lang='lat' dir='ltr'>cuipiam</span> 
     </span>
    </p>
   </div>
   <div class='ocr_carea' id='block_1_24' title="bbox 347 2287 1998 2360">
    <p class='ocr_par' dir='ltr' id='par_1_24' title="bbox 347 2287 1998 2360">
     <span class='ocr_line' id='line_1_24' title="bbox 347 2287 1998 2360; baseline 0.002 -19"><span class='ocrx_word' id='word_1_146' title='bbox 347 2287 584 2343; x_wconf 88' lang='lat' dir='ltr'>factioni</span> <span class='ocrx_word' id='word_1_147' title='bbox 618 2288 870 2353; x_wconf 91' lang='lat' dir='ltr'>deditos,</span> <span class='ocrx_word' id='word_1_148' title='bbox 901 2304 968 2343; x_wconf 90' lang='lat' dir='ltr'>eo</span> <span class='ocrx_word' id='word_1_149' title='bbox 1000 2287 1152 2342; x_wconf 84' lang='lat' dir='ltr'>mitti</span> <span class='ocrx_word' id='word_1_150' title='bbox 1183 2294 1466 2359; x_wconf 85' lang='lat' dir='ltr'>oportere.</span> <span class='ocrx_word' id='word_1_151' title='bbox 1500 2293 1574 2343; x_wconf 88' lang='lat' dir='ltr'>At</span> <span class='ocrx_word' id='word_1_152' title='bbox 1619 2289 1723 2359; x_wconf 90' lang='lat' dir='ltr'>illi,</span> <span class='ocrx_word' id='word_1_153' title='bbox 1783 2290 1998 2360; x_wconf 87' lang='lat' dir='ltr'>quibus</span> 
     </span>
    </p>
   </div>
   <div class='ocr_carea' id='block_1_25' title="bbox 346 2375 1998 2448">
    <p class='ocr_par' dir='ltr' id='par_1_25' title="bbox 346 2375 1998 2448">
     <span class='ocr_line' id='line_1_25' title="bbox 346 2375 1998 2448; baseline 0.002 -18"><span class='ocrx_word' id='word_1_154' title='bbox 346 2377 406 2430; x_wconf 93' lang='lat' dir='ltr'>in</span> <span class='ocrx_word' id='word_1_155' title='bbox 442 2377 638 2432; x_wconf 90' lang='lat' dir='ltr'>animo</span> <span class='ocrx_word' id='word_1_156' title='bbox 670 2383 795 2433; x_wconf 90' lang='lat' dir='ltr'>erat</span> <span class='ocrx_word' id='word_1_157' title='bbox 825 2376 1069 2432; x_wconf 89' lang='lat' dir='ltr'>insidias</span> <span class='ocrx_word' id='word_1_158' title='bbox 1097 2375 1311 2432; x_wconf 89' lang='lat' dir='ltr'>iterum</span> <span class='ocrx_word' id='word_1_159' title='bbox 1344 2393 1549 2448; x_wconf 89' lang='lat' dir='ltr'>parare</span> <span class='ocrx_word' id='word_1_160' title='bbox 1602 2378 1660 2431; x_wconf 92' lang='lat' dir='ltr'>in</span> <span class='ocrx_word' id='word_1_161' title='bbox 1693 2376 1998 2433; x_wconf 83' lang='lat' dir='ltr'>Athanasii</span> 
     </span>
    </p>
   </div>
   <div class='ocr_carea' id='block_1_26' title="bbox 345 2465 1994 2538">
    <p class='ocr_par' dir='ltr' id='par_1_26' title="bbox 345 2465 1994 2538">
     <span class='ocr_line' id='line_1_26' title="bbox 345 2465 1994 2538; baseline 0.001 -18"><span class='ocrx_word' id='word_1_162' title='bbox 345 2465 685 2538; x_wconf 89' lang='lat' dir='ltr'>perniciem,</span> <span class='ocrx_word' id='word_1_163' title='bbox 720 2465 919 2521; x_wconf 91' lang='lat' dir='ltr'>missis</span> <span class='ocrx_word' id='word_1_164' title='bbox 950 2470 1201 2536; x_wconf 77' lang='lat' dir='ltr'>quatuor</span> <span class='ocrx_word' id='word_1_165' title='bbox 1229 2470 1364 2520; x_wconf 85' lang='lat' dir='ltr'>ante</span> <span class='ocrx_word' id='word_1_166' title='bbox 1396 2465 1609 2521; x_wconf 91' lang='lat' dir='ltr'>diebus</span> <span class='ocrx_word' id='word_1_167' title='bbox 1657 2467 1994 2537; x_wconf 86' lang='lat' dir='ltr'>veredariis,</span> 
     </span>
    </p>
   </div>
   <div class='ocr_carea' id='block_1_27' title="bbox 347 2554 1995 2627">
    <p class='ocr_par' dir='ltr' id='par_1_27' title="bbox 347 2554 1995 2627">
     <span class='ocr_line' id='line_1_27' title="bbox 347 2554 1995 2627; baseline 0.001 -18"><span class='ocrx_word' id='word_1_168' title='bbox 347 2554 447 2626; x_wconf 91' lang='lat' dir='ltr'>qui</span> <span class='ocrx_word' id='word_1_169' title='bbox 481 2554 822 2610; x_wconf 87' lang='lat' dir='ltr'>Meletianos</span> <span class='ocrx_word' id='word_1_170' title='bbox 843 2555 901 2609; x_wconf 91' lang='lat' dir='ltr'>in</span> <span class='ocrx_word' id='word_1_171' title='bbox 929 2555 1244 2610; x_wconf 87' lang='lat' dir='ltr'>Mareotem</span> <span class='ocrx_word' id='word_1_172' title='bbox 1273 2554 1522 2610; x_wconf 89' lang='lat' dir='ltr'>alienam</span> <span class='ocrx_word' id='word_1_173' title='bbox 1554 2554 1665 2610; x_wconf 79' lang='lat' dir='ltr'>sibi</span> <span class='ocrx_word' id='word_1_174' title='bbox 1699 2556 1995 2627; x_wconf 78' lang='lat' dir='ltr'>regionem</span> 
     </span>
    </p>
   </div>
   <div class='ocr_carea' id='block_1_28' title="bbox 345 2643 1996 2715">
    <p class='ocr_par' dir='ltr' id='par_1_28' title="bbox 345 2643 1996 2715">
     <span class='ocr_line' id='line_1_28' title="bbox 345 2643 1996 2715; baseline 0.002 -18"><span class='ocrx_word' id='word_1_175' title='bbox 345 2647 640 2715; x_wconf 85' lang='lat' dir='ltr'>cogerent,</span> <span class='ocrx_word' id='word_1_176' title='bbox 673 2643 994 2715; x_wconf 82' lang='lat' dir='ltr'>praemissis</span> <span class='ocrx_word' id='word_1_177' title='bbox 1021 2643 1159 2698; x_wconf 87' lang='lat' dir='ltr'>item</span> <span class='ocrx_word' id='word_1_178' title='bbox 1179 2643 1507 2699; x_wconf 89' lang='lat' dir='ltr'>Meletianis</span> <span class='ocrx_word' id='word_1_179' title='bbox 1527 2650 1585 2700; x_wconf 91' lang='lat' dir='ltr'>et</span> <span class='ocrx_word' id='word_1_180' title='bbox 1613 2644 1996 2701; x_wconf 86' lang='lat' dir='ltr'>Colluthianis</span> 
     </span>
    </p>
   </div>
   <div class='ocr_carea' id='block_1_29' title="bbox 345 2731 1994 2804">
    <p class='ocr_par' dir='ltr' id='par_1_29' title="bbox 345 2731 1994 2804">
     <span class='ocr_line' id='line_1_29' title="bbox 345 2731 1994 2804; baseline 0.001 -18"><span class='ocrx_word' id='word_1_181' title='bbox 345 2731 727 2804; x_wconf 89' lang='lat' dir='ltr'>quibusdam,</span> <span class='ocrx_word' id='word_1_182' title='bbox 760 2733 863 2804; x_wconf 89' lang='lat' dir='ltr'>qui</span> <span class='ocrx_word' id='word_1_183' title='bbox 894 2733 1092 2787; x_wconf 86' lang='lat' dir='ltr'>omnia</span> <span class='ocrx_word' id='word_1_184' title='bbox 1124 2733 1192 2787; x_wconf 86' lang='lat' dir='ltr'>ad</span> <span class='ocrx_word' id='word_1_185' title='bbox 1226 2733 1716 2804; x_wconf 88' lang='lat' dir='ltr'>conspirationem</span> <span class='ocrx_word' id='word_1_186' title='bbox 1749 2734 1994 2789; x_wconf 84' lang='lat' dir='ltr'>adorna-</span> 
     </span>
    </p>
   </div>
   <div class='ocr_carea' id='block_1_30' title="bbox 346 2821 1998 2895">
    <p class='ocr_par' dir='ltr' id='par_1_30' title="bbox 346 2821 1998 2895">
     <span class='ocr_line' id='line_1_30' title="bbox 346 2821 1998 2895; baseline 0.002 -20"><span class='ocrx_word' id='word_1_187' title='bbox 346 2825 498 2888; x_wconf 83' lang='lat' dir='ltr'>rent,</span> <span class='ocrx_word' id='word_1_188' title='bbox 529 2821 729 2877; x_wconf 88' lang='lat' dir='ltr'>babito</span> <span class='ocrx_word' id='word_1_189' title='bbox 760 2821 1008 2878; x_wconf 88' lang='lat' dir='ltr'>seorsim</span> <span class='ocrx_word' id='word_1_190' title='bbox 1039 2822 1302 2888; x_wconf 91' lang='lat' dir='ltr'>concilio,</span> <span class='ocrx_word' id='word_1_191' title='bbox 1336 2821 1487 2878; x_wconf 86' lang='lat' dir='ltr'>clam</span> <span class='ocrx_word' id='word_1_192' title='bbox 1509 2822 1729 2895; x_wconf 83' lang='lat' dir='ltr'>legatos</span> <span class='ocrx_word' id='word_1_193' title='bbox 1750 2839 1816 2879; x_wconf 89' lang='lat' dir='ltr'>eo</span> <span class='ocrx_word' id='word_1_194' title='bbox 1846 2823 1998 2879; x_wconf 89' lang='lat' dir='ltr'>dele-</span> 
     </span>
    </p>
   </div>
   <div class='ocr_carea' id='block_1_31' title="bbox 346 2910 1998 2984">
    <p class='ocr_par' dir='ltr' id='par_1_31' title="bbox 346 2910 1998 2984">
     <span class='ocr_line' id='line_1_31' title="bbox 346 2910 1998 2984; baseline 0 -18"><span class='ocrx_word' id='word_1_195' title='bbox 346 2915 488 2983; x_wconf 88' lang='lat' dir='ltr'>gant</span> <span class='ocrx_word' id='word_1_196' title='bbox 517 2927 636 2966; x_wconf 64' lang='lat' dir='ltr'>suae</span> <span class='ocrx_word' id='word_1_197' title='bbox 668 2915 835 2966; x_wconf 67' lang='lat' dir='ltr'>sectae</span> <span class='ocrx_word' id='word_1_198' title='bbox 864 2910 1545 2984; x_wconf 88' lang='lat' dir='ltr'>principes,’l‘beognium</span> <span class='ocrx_word' id='word_1_199' title='bbox 1569 2911 1998 2983; x_wconf 81' lang='lat' dir='ltr'>scilicet,Marix</span> 
     </span>
    </p>
   </div>
   <div class='ocr_carea' id='block_1_32' title="bbox 345 3000 1993 3070">
    <p class='ocr_par' dir='ltr' id='par_1_32' title="bbox 345 3000 1993 3070">
     <span class='ocr_line' id='line_1_32' title="bbox 345 3000 1993 3070; baseline 0.001 -16"><span class='ocrx_word' id='word_1_200' title='bbox 345 3000 740 3070; x_wconf 90' lang='lat' dir='ltr'>Theodorum,</span> <span class='ocrx_word' id='word_1_201' title='bbox 775 3000 1206 3066; x_wconf 89' lang='lat' dir='ltr'>Macedonium,</span> <span class='ocrx_word' id='word_1_202' title='bbox 1241 3001 1543 3055; x_wconf 90' lang='lat' dir='ltr'>Ursacium</span> <span class='ocrx_word' id='word_1_203' title='bbox 1576 3007 1634 3056; x_wconf 93' lang='lat' dir='ltr'>ct</span> <span class='ocrx_word' id='word_1_204' title='bbox 1673 3001 1993 3057; x_wconf 86' lang='lat' dir='ltr'>Valentem.</span> 
     </span>
    </p>
   </div>
   <div class='ocr_carea' id='block_1_33' title="bbox 347 3089 1995 3162">
    <p class='ocr_par' dir='ltr' id='par_1_33' title="bbox 347 3089 1995 3162">
     <span class='ocr_line' id='line_1_33' title="bbox 347 3089 1995 3162; baseline 0.002 -20"><span class='ocrx_word' id='word_1_205' title='bbox 347 3089 497 3144; x_wconf 88' lang='lat' dir='ltr'>Hinc</span> <span class='ocrx_word' id='word_1_206' title='bbox 525 3089 730 3146; x_wconf 70' lang='lat' dir='ltr'>litterae</span> <span class='ocrx_word' id='word_1_207' title='bbox 760 3090 830 3146; x_wconf 90' lang='lat' dir='ltr'>ad</span> <span class='ocrx_word' id='word_1_208' title='bbox 865 3090 1182 3161; x_wconf 87' lang='lat' dir='ltr'>perfectum</span> <span class='ocrx_word' id='word_1_209' title='bbox 1216 3089 1384 3158; x_wconf 69' lang='lat' dir='ltr'>datae,</span> <span class='ocrx_word' id='word_1_210' title='bbox 1416 3094 1481 3144; x_wconf 91' lang='lat' dir='ltr'>ut</span> <span class='ocrx_word' id='word_1_211' title='bbox 1513 3091 1795 3145; x_wconf 90' lang='lat' dir='ltr'>arbitratu</span> <span class='ocrx_word' id='word_1_212' title='bbox 1839 3091 1995 3162; x_wconf 91' lang='lat' dir='ltr'>lega-</span> 
     </span>
    </p>
   </div>
   <div class='ocr_carea' id='block_1_34' title="bbox 342 3178 1994 3250">
    <p class='ocr_par' dir='ltr' id='par_1_34' title="bbox 342 3178 1994 3250">
     <span class='ocr_line' id='line_1_34' title="bbox 342 3178 1994 3250; baseline 0.002 -17"><span class='ocrx_word' id='word_1_213' title='bbox 342 3182 538 3234; x_wconf 89' lang='lat' dir='ltr'>torum</span> <span class='ocrx_word' id='word_1_214' title='bbox 569 3178 768 3235; x_wconf 88' lang='lat' dir='ltr'>omnia</span> <span class='ocrx_word' id='word_1_215' title='bbox 799 3183 1016 3250; x_wconf 83' lang='lat' dir='ltr'>ageret.</span> <span class='ocrx_word' id='word_1_216' title='bbox 1053 3179 1193 3234; x_wconf 88' lang='lat' dir='ltr'>Hinc</span> <span class='ocrx_word' id='word_1_217' title='bbox 1223 3178 1478 3234; x_wconf 83' lang='lat' dir='ltr'>militare</span> <span class='ocrx_word' id='word_1_218' title='bbox 1522 3179 1863 3235; x_wconf 86' lang='lat' dir='ltr'>satellitium</span> <span class='ocrx_word' id='word_1_219' title='bbox 1895 3181 1994 3236; x_wconf 88' lang='lat' dir='ltr'>de—</span> 
     </span>
    </p>
   </div>
   <div class='ocr_carea' id='block_1_35' title="bbox 2122 603 3761 674">
    <p class='ocr_par' dir='ltr' id='par_1_35' title="bbox 2122 603 3761 674">
     <span class='ocr_line' id='line_1_35' title="bbox 2122 603 3761 674; baseline 0.001 -16"><span class='ocrx_word' id='word_1_220' title='bbox 2122 611 2427 674; x_wconf 81' lang='lat' dir='ltr'>utramque</span> <span class='ocrx_word' id='word_1_221' title='bbox 2461 608 2683 674; x_wconf 79' lang='lat' dir='ltr'>partem</span> <span class='ocrx_word' id='word_1_222' title='bbox 2714 603 3087 669; x_wconf 83' lang='lat' dir='ltr'>existimatio,</span> <span class='ocrx_word' id='word_1_223' title='bbox 3131 605 3400 674; x_wconf 76' lang='lat' dir='ltr'>famaque</span> <span class='ocrx_word' id='word_1_224' title='bbox 3448 605 3761 660; x_wconf 89' lang='lat' dir='ltr'>sanctimo-</span> 
     </span>
    </p>
   </div>
   <div class='ocr_carea' id='block_1_36' title="bbox 2119 692 3765 764">
    <p class='ocr_par' dir='ltr' id='par_1_36' title="bbox 2119 692 3765 764">
     <span class='ocr_line' id='line_1_36' title="bbox 2119 692 3765 764; baseline 0.002 -18"><span class='ocrx_word' id='word_1_225' title='bbox 2119 693 2248 761; x_wconf 67' lang='lat' dir='ltr'>niae,</span> <span class='ocrx_word' id='word_1_226' title='bbox 2309 692 2517 748; x_wconf 78' lang='lat' dir='ltr'>litteris</span> <span class='ocrx_word' id='word_1_227' title='bbox 2576 699 2774 748; x_wconf 87' lang='lat' dir='ltr'>monet</span> <span class='ocrx_word' id='word_1_228' title='bbox 2832 693 3103 747; x_wconf 91' lang='lat' dir='ltr'>comitem</span> <span class='ocrx_word' id='word_1_229' title='bbox 3140 694 3211 763; x_wconf 79' lang='grc' dir='ltr'>(ο)</span> <span class='ocrx_word' id='word_1_230' title='bbox 3250 692 3442 764; x_wconf 88' lang='lat' dir='ltr'>palam</span> <span class='ocrx_word' id='word_1_231' title='bbox 3476 710 3538 747; x_wconf 91' lang='lat' dir='ltr'>se</span> <span class='ocrx_word' id='word_1_232' title='bbox 3569 693 3765 749; x_wconf 86' lang='lat' dir='ltr'>videre</span> 
     </span>
    </p>
   </div>
   <div class='ocr_carea' id='block_1_37' title="bbox 2117 779 3766 852">
    <p class='ocr_par' dir='ltr' id='par_1_37' title="bbox 2117 779 3766 852">
     <span class='ocr_line' id='line_1_37' title="bbox 2117 779 3766 852; baseline 0 -17"><span class='ocrx_word' id='word_1_233' title='bbox 2117 779 2609 852; x_wconf 85' lang='lat' dir='ltr'>conspirationem</span> <span class='ocrx_word' id='word_1_234' title='bbox 2641 781 2697 835; x_wconf 90' lang='lat' dir='ltr'>in</span> <span class='ocrx_word' id='word_1_235' title='bbox 2729 780 3160 836; x_wconf 87' lang='lat' dir='ltr'>Athanasianos</span> <span class='ocrx_word' id='word_1_236' title='bbox 3189 780 3643 850; x_wconf 91' lang='lat' dir='ltr'>adornari,quod</span> <span class='ocrx_word' id='word_1_237' title='bbox 3671 797 3766 835; x_wconf 90' lang='lat' dir='ltr'>su-</span> 
     </span>
    </p>
   </div>
   <div class='ocr_carea' id='block_1_38' title="bbox 2116 869 3762 940">
    <p class='ocr_par' dir='ltr' id='par_1_38' title="bbox 2116 869 3762 940">
     <span class='ocr_line' id='line_1_38' title="bbox 2116 869 3762 940; baseline 0.001 -16"><span class='ocrx_word' id='word_1_238' title='bbox 2116 877 2344 940; x_wconf 87' lang='lat' dir='ltr'>spectos</span> <span class='ocrx_word' id='word_1_239' title='bbox 2374 875 2431 924; x_wconf 89' lang='lat' dir='ltr'>et</span> <span class='ocrx_word' id='word_1_240' title='bbox 2460 874 2756 925; x_wconf 76' lang='lat' dir='ltr'>recusatos</span> <span class='ocrx_word' id='word_1_241' title='bbox 2780 869 3049 924; x_wconf 89' lang='lat' dir='ltr'>homines</span> <span class='ocrx_word' id='word_1_242' title='bbox 3099 886 3164 924; x_wconf 91' lang='lat' dir='ltr'>eo</span> <span class='ocrx_word' id='word_1_243' title='bbox 3188 869 3491 925; x_wconf 89' lang='lat' dir='ltr'>misissent</span> <span class='ocrx_word' id='word_1_244' title='bbox 3514 869 3762 940; x_wconf 89' lang='lat' dir='ltr'>legatos:</span> 
     </span>
    </p>
   </div>
   <div class='ocr_carea' id='block_1_39' title="bbox 2115 957 3764 1030">
    <p class='ocr_par' dir='ltr' id='par_1_39' title="bbox 2115 957 3764 1030">
     <span class='ocr_line' id='line_1_39' title="bbox 2115 957 3764 1030; baseline 0.001 -19"><span class='ocrx_word' id='word_1_245' title='bbox 2115 957 2358 1012; x_wconf 90' lang='lat' dir='ltr'>allatum</span> <span class='ocrx_word' id='word_1_246' title='bbox 2392 957 2501 1012; x_wconf 91' lang='lat' dir='ltr'>sibi</span> <span class='ocrx_word' id='word_1_247' title='bbox 2535 958 2968 1013; x_wconf 87' lang='lat' dir='ltr'>fuissenuntios</span> <span class='ocrx_word' id='word_1_248' title='bbox 2988 958 3322 1030; x_wconf 61' lang='lat' dir='ltr'>praemissos</span> <span class='ocrx_word' id='word_1_249' title='bbox 3344 975 3377 1012; x_wconf 87' lang='lat' dir='ltr'>a</span> <span class='ocrx_word' id='word_1_250' title='bbox 3396 959 3639 1026; x_wconf 85' lang='lat' dir='ltr'>Joanne,</span> <span class='ocrx_word' id='word_1_251' title='bbox 3663 974 3764 1029; x_wconf 88' lang='lat' dir='ltr'>pe-</span> 
     </span>
    </p>
   </div>
   <div class='ocr_carea' id='block_1_40' title="bbox 2116 1046 3762 1117">
    <p class='ocr_par' dir='ltr' id='par_1_40' title="bbox 2116 1046 3762 1117">
     <span class='ocr_line' id='line_1_40' title="bbox 2116 1046 3762 1117; baseline 0.001 -17"><span class='ocrx_word' id='word_1_252' title='bbox 2116 1047 2482 1117; x_wconf 90' lang='lat' dir='ltr'>riculumque</span> <span class='ocrx_word' id='word_1_253' title='bbox 2514 1064 2640 1101; x_wconf 87' lang='lat' dir='ltr'>esse</span> <span class='ocrx_word' id='word_1_254' title='bbox 2668 1063 2739 1102; x_wconf 91' lang='lat' dir='ltr'>ne</span> <span class='ocrx_word' id='word_1_255' title='bbox 2763 1046 3137 1110; x_wconf 87' lang='lat' dir='ltr'>Colluthiani,</span> <span class='ocrx_word' id='word_1_256' title='bbox 3163 1047 3452 1101; x_wconf 87' lang='lat' dir='ltr'>Meletiani</span> <span class='ocrx_word' id='word_1_257' title='bbox 3482 1053 3540 1101; x_wconf 88' lang='lat' dir='ltr'>et</span> <span class='ocrx_word' id='word_1_258' title='bbox 3565 1047 3762 1102; x_wconf 85' lang='lat' dir='ltr'>Ariani</span> 
     </span>
    </p>
   </div>
   <div class='ocr_carea' id='block_1_41' title="bbox 2116 1135 3764 1207">
    <p class='ocr_par' dir='ltr' id='par_1_41' title="bbox 2116 1135 3764 1207">
     <span class='ocr_line' id='line_1_41' title="bbox 2116 1135 3764 1207; baseline 0.001 -18"><span class='ocrx_word' id='word_1_259' title='bbox 2116 1151 2218 1207; x_wconf 89' lang='lat' dir='ltr'>per</span> <span class='ocrx_word' id='word_1_260' title='bbox 2248 1137 2554 1207; x_wconf 62' lang='lat' dir='ltr'>Egyptum</span> <span class='ocrx_word' id='word_1_261' title='bbox 2587 1140 2768 1190; x_wconf 88' lang='lat' dir='ltr'>totam</span> <span class='ocrx_word' id='word_1_262' title='bbox 2812 1136 3015 1190; x_wconf 89' lang='lat' dir='ltr'>turbas</span> <span class='ocrx_word' id='word_1_263' title='bbox 3068 1140 3372 1203; x_wconf 85' lang='lat' dir='ltr'>moveant;</span> <span class='ocrx_word' id='word_1_264' title='bbox 3427 1152 3537 1190; x_wconf 91' lang='lat' dir='ltr'>neu</span> <span class='ocrx_word' id='word_1_265' title='bbox 3600 1135 3764 1192; x_wconf 92' lang='lat' dir='ltr'>locus</span> 
     </span>
    </p>
   </div>
   <div class='ocr_carea' id='block_1_42' title="bbox 2115 1224 3764 1296">
    <p class='ocr_par' dir='ltr' id='par_1_42' title="bbox 2115 1224 3764 1296">
     <span class='ocr_line' id='line_1_42' title="bbox 2115 1224 3764 1296; baseline 0.001 -17"><span class='ocrx_word' id='word_1_266' title='bbox 2115 1224 2464 1279; x_wconf 90' lang='lat' dir='ltr'>criminandi</span> <span class='ocrx_word' id='word_1_267' title='bbox 2498 1225 2802 1296; x_wconf 89' lang='lat' dir='ltr'>episcopos</span> <span class='ocrx_word' id='word_1_268' title='bbox 2834 1225 3026 1289; x_wconf 87' lang='lat' dir='ltr'>fuerit,</span> <span class='ocrx_word' id='word_1_269' title='bbox 3061 1225 3109 1280; x_wconf 89' lang='lat' dir='ltr'>si</span> <span class='ocrx_word' id='word_1_270' title='bbox 3143 1241 3257 1279; x_wconf 91' lang='lat' dir='ltr'>non</span> <span class='ocrx_word' id='word_1_271' title='bbox 3289 1241 3356 1279; x_wconf 82' lang='lat' dir='ltr'>ex</span> <span class='ocrx_word' id='word_1_272' title='bbox 3385 1239 3550 1295; x_wconf 67' lang='lat' dir='ltr'>aequo</span> <span class='ocrx_word' id='word_1_273' title='bbox 3583 1229 3638 1280; x_wconf 88' lang='lat' dir='ltr'>et</span> <span class='ocrx_word' id='word_1_274' title='bbox 3667 1225 3764 1280; x_wconf 90' lang='lat' dir='ltr'>bo-</span> 
     </span>
    </p>
   </div>
   <div class='ocr_carea' id='block_1_43' title="bbox 2116 1314 2770 1384">
    <p class='ocr_par' dir='ltr' id='par_1_43' title="bbox 2116 1314 2770 1384">
     <span class='ocr_line' id='line_1_43' title="bbox 2116 1314 2770 1384; baseline -0.003 -16"><span class='ocrx_word' id='word_1_275' title='bbox 2116 1329 2188 1369; x_wconf 91' lang='lat' dir='ltr'>no</span> <span class='ocrx_word' id='word_1_276' title='bbox 2212 1314 2502 1384; x_wconf 90' lang='lat' dir='ltr'>judicium</span> <span class='ocrx_word' id='word_1_277' title='bbox 2535 1315 2770 1368; x_wconf 89' lang='lat' dir='ltr'>feratur.</span> 
     </span>
    </p>
   </div>
   <div class='ocr_carea' id='block_1_44' title="bbox 2184 1403 3763 1474">
    <p class='ocr_par' dir='ltr' id='par_1_44' title="bbox 2184 1403 3763 1474">
     <span class='ocr_line' id='line_1_44' title="bbox 2184 1403 3763 1474; baseline 0.001 -17"><span class='ocrx_word' id='word_1_278' title='bbox 2184 1403 2273 1457; x_wconf 81' lang='grc'>44.</span> <span class='ocrx_word' id='word_1_279' title='bbox 2325 1405 2582 1473; x_wconf 66' lang='grc' dir='ltr'>ἉΕθυρίίὶ</span> <span class='ocrx_word' id='word_1_280' title='bbox 2641 1403 2919 1474; x_wconf 75' lang='lat' dir='ltr'>appellant</span> <span class='ocrx_word' id='word_1_281' title='bbox 2971 1404 3376 1473; x_wconf 76' lang='lat' dir='ltr'>imperatorem.</span> <span class='ocrx_word' id='word_1_282' title='bbox 3441 1434 3508 1443; x_wconf 74' lang='grc' dir='ltr'>-ο</span> <span class='ocrx_word' id='word_1_283' title='bbox 3558 1403 3763 1459; x_wconf 86' lang='lat' dir='ltr'>Comes</span> 
     </span>
    </p>
   </div>
   <div class='ocr_carea' id='block_1_45' title="bbox 2113 1490 3761 1564">
    <p class='ocr_par' dir='ltr' id='par_1_45' title="bbox 2113 1490 3761 1564">
     <span class='ocr_line' id='line_1_45' title="bbox 2113 1490 3761 1564; baseline 0.001 -18"><span class='ocrx_word' id='word_1_284' title='bbox 2113 1491 2426 1564; x_wconf 85' lang='lat' dir='ltr'>Dionysius</span> <span class='ocrx_word' id='word_1_285' title='bbox 2455 1491 2664 1546; x_wconf 87' lang='lat' dir='ltr'>litteris</span> <span class='ocrx_word' id='word_1_286' title='bbox 2697 1490 3008 1546; x_wconf 83' lang='lat' dir='ltr'>Alexandri</span> <span class='ocrx_word' id='word_1_287' title='bbox 3040 1495 3388 1558; x_wconf 80' lang='lat' dir='ltr'>commotus,</span> <span class='ocrx_word' id='word_1_288' title='bbox 3407 1492 3653 1547; x_wconf 85' lang='lat' dir='ltr'>Eusebio</span> <span class='ocrx_word' id='word_1_289' title='bbox 3675 1497 3761 1547; x_wconf 89' lang='lat' dir='ltr'>at-</span> 
     </span>
    </p>
   </div>
   <div class='ocr_carea' id='block_1_46' title="bbox 2113 1579 3762 1652">
    <p class='ocr_par' dir='ltr' id='par_1_46' title="bbox 2113 1579 3762 1652">
     <span class='ocr_line' id='line_1_46' title="bbox 2113 1579 3762 1652; baseline 0.002 -18"><span class='ocrx_word' id='word_1_290' title='bbox 2113 1597 2225 1652; x_wconf 86' lang='lat' dir='ltr'>que</span> <span class='ocrx_word' id='word_1_291' title='bbox 2257 1579 2428 1636; x_wconf 89' lang='lat' dir='ltr'>sociis</span> <span class='ocrx_word' id='word_1_292' title='bbox 2460 1581 2746 1646; x_wconf 88' lang='lat' dir='ltr'>rescribit,</span> <span class='ocrx_word' id='word_1_293' title='bbox 2781 1603 2807 1628; x_wconf 90' lang='grc'><strong><em>‹‹</em></strong></span> <span class='ocrx_word' id='word_1_294' title='bbox 2836 1581 2957 1650; x_wconf 88' lang='lat' dir='ltr'>jam</span> <span class='ocrx_word' id='word_1_295' title='bbox 2994 1597 3055 1634; x_wconf 90' lang='lat' dir='ltr'>se</span> <span class='ocrx_word' id='word_1_296' title='bbox 3106 1579 3341 1636; x_wconf 82' lang='lat' dir='ltr'>Flacillo</span> <span class='ocrx_word' id='word_1_297' title='bbox 3393 1581 3762 1638; x_wconf 86' lang='lat' dir='ltr'>renuntiasse</span> 
     </span>
    </p>
   </div>
   <div class='ocr_carea' id='block_1_47' title="bbox 2112 1669 3762 1740">
    <p class='ocr_par' dir='ltr' id='par_1_47' title="bbox 2112 1669 3762 1740">
     <span class='ocr_line' id='line_1_47' title="bbox 2112 1669 3762 1740; baseline 0.002 -16"><span class='ocrx_word' id='word_1_298' title='bbox 2112 1674 2500 1740; x_wconf 86' lang='lat' dir='ltr'>conquestum</span> <span class='ocrx_word' id='word_1_299' title='bbox 2532 1669 2918 1724; x_wconf 88' lang='lat' dir='ltr'>Athanasium</span> <span class='ocrx_word' id='word_1_300' title='bbox 2951 1669 3022 1723; x_wconf 93' lang='lat' dir='ltr'>de</span> <span class='ocrx_word' id='word_1_301' title='bbox 3053 1669 3248 1739; x_wconf 90' lang='lat' dir='ltr'>iniqua</span> <span class='ocrx_word' id='word_1_302' title='bbox 3295 1674 3351 1723; x_wconf 91' lang='lat' dir='ltr'>et</span> <span class='ocrx_word' id='word_1_303' title='bbox 3408 1675 3762 1740; x_wconf 66' lang='lat' dir='ltr'>prmpostera</span> 
     </span>
    </p>
   </div>
   <div class='ocr_carea' id='block_1_48' title="bbox 2113 1757 3760 1830">
    <p class='ocr_par' dir='ltr' id='par_1_48' title="bbox 2113 1757 3760 1830">
     <span class='ocr_line' id='line_1_48' title="bbox 2113 1757 3760 1830; baseline 0.001 -17"><span class='ocrx_word' id='word_1_304' title='bbox 2113 1758 2421 1830; x_wconf 82' lang='lat' dir='ltr'>legatione,</span> <span class='ocrx_word' id='word_1_305' title='bbox 2445 1775 2566 1813; x_wconf 88' lang='lat' dir='ltr'>rem</span> <span class='ocrx_word' id='word_1_306' title='bbox 2591 1774 2964 1830; x_wconf 86' lang='lat' dir='ltr'>nequaquam</span> <span class='ocrx_word' id='word_1_307' title='bbox 2989 1775 3058 1813; x_wconf 85' lang='lat' dir='ltr'>cx</span> <span class='ocrx_word' id='word_1_308' title='bbox 3077 1757 3273 1812; x_wconf 90' lang='lat' dir='ltr'>animo</span> <span class='ocrx_word' id='word_1_309' title='bbox 3306 1758 3525 1813; x_wconf 91' lang='lat' dir='ltr'>domini</span> <span class='ocrx_word' id='word_1_310' title='bbox 3552 1761 3760 1815; x_wconf 65' lang='lat' dir='ltr'>animm</span> 
     </span>
    </p>
   </div>
   <div class='ocr_carea' id='block_1_49' title="bbox 2112 1847 3759 1920">
    <p class='ocr_par' dir='ltr' id='par_1_49' title="bbox 2112 1847 3759 1920">
     <span class='ocr_line' id='line_1_49' title="bbox 2112 1847 3759 1920; baseline 0.001 -17"><span class='ocrx_word' id='word_1_311' title='bbox 2112 1865 2228 1903; x_wconf 76' lang='lat' dir='ltr'>suae</span> <span class='ocrx_word' id='word_1_312' title='bbox 2251 1849 2356 1918; x_wconf 91' lang='lat' dir='ltr'>(sic</span> <span class='ocrx_word' id='word_1_313' title='bbox 2378 1848 2494 1917; x_wconf 92' lang='lat' dir='ltr'>ille)</span> <span class='ocrx_word' id='word_1_314' title='bbox 2521 1847 2831 1902; x_wconf 85' lang='lat' dir='ltr'>Alexandri</span> <span class='ocrx_word' id='word_1_315' title='bbox 2857 1849 3066 1902; x_wconf 87' lang='lat' dir='ltr'>factam</span> <span class='ocrx_word' id='word_1_316' title='bbox 3097 1865 3108 1911; x_wconf 87' lang='lat'>;</span> <span class='ocrx_word' id='word_1_317' title='bbox 3143 1847 3198 1900; x_wconf 91' lang='lat' dir='ltr'>id</span> <span class='ocrx_word' id='word_1_318' title='bbox 3232 1847 3343 1902; x_wconf 91' lang='lat' dir='ltr'>sibi</span> <span class='ocrx_word' id='word_1_319' title='bbox 3376 1863 3607 1920; x_wconf 89' lang='lat' dir='ltr'>semper</span> <span class='ocrx_word' id='word_1_320' title='bbox 3623 1865 3759 1904; x_wconf 93' lang='lat' dir='ltr'>con-</span> 
     </span>
    </p>
   </div>
   <div class='ocr_carea' id='block_1_50' title="bbox 2110 1936 3762 2008">
    <p class='ocr_par' dir='ltr' id='par_1_50' title="bbox 2110 1936 3762 2008">
     <span class='ocr_line' id='line_1_50' title="bbox 2110 1936 3762 2008; baseline 0.001 -17"><span class='ocrx_word' id='word_1_321' title='bbox 2110 1936 2224 1992; x_wconf 90' lang='lat' dir='ltr'>silii</span> <span class='ocrx_word' id='word_1_322' title='bbox 2259 1937 2440 1992; x_wconf 78' lang='lat' dir='ltr'>fuisse</span> <span class='ocrx_word' id='word_1_323' title='bbox 2475 1942 2539 1991; x_wconf 90' lang='lat' dir='ltr'>ut</span> <span class='ocrx_word' id='word_1_324' title='bbox 2568 1937 2866 1991; x_wconf 91' lang='lat' dir='ltr'>communi</span> <span class='ocrx_word' id='word_1_325' title='bbox 2900 1936 3119 1990; x_wconf 88' lang='lat' dir='ltr'>calculo</span> <span class='ocrx_word' id='word_1_326' title='bbox 3152 1942 3210 1990; x_wconf 91' lang='lat' dir='ltr'>et</span> <span class='ocrx_word' id='word_1_327' title='bbox 3255 1937 3532 2008; x_wconf 73' lang='lat' dir='ltr'>suffragio</span> <span class='ocrx_word' id='word_1_328' title='bbox 3561 1938 3762 1994; x_wconf 86' lang='lat' dir='ltr'>mitte-</span> 
     </span>
    </p>
   </div>
   <div class='ocr_carea' id='block_1_51' title="bbox 2111 2024 3756 2097">
    <p class='ocr_par' dir='ltr' id='par_1_51' title="bbox 2111 2024 3756 2097">
     <span class='ocr_line' id='line_1_51' title="bbox 2111 2024 3756 2097; baseline 0.001 -17"><span class='ocrx_word' id='word_1_329' title='bbox 2111 2031 2314 2080; x_wconf 89' lang='lat' dir='ltr'>rentur</span> <span class='ocrx_word' id='word_1_330' title='bbox 2334 2024 2503 2097; x_wconf 88' lang='lat' dir='ltr'>legati</span> <span class='ocrx_word' id='word_1_331' title='bbox 2530 2043 2542 2091; x_wconf 93' lang='lat'><strong>;</strong></span> <span class='ocrx_word' id='word_1_332' title='bbox 2569 2025 2726 2080; x_wconf 92' lang='lat' dir='ltr'>baud</span> <span class='ocrx_word' id='word_1_333' title='bbox 2758 2025 2943 2080; x_wconf 91' lang='lat' dir='ltr'>levem</span> <span class='ocrx_word' id='word_1_334' title='bbox 2978 2026 3095 2080; x_wconf 87' lang='lat' dir='ltr'>fore</span> <span class='ocrx_word' id='word_1_335' title='bbox 3123 2024 3515 2080; x_wconf 90' lang='lat' dir='ltr'>criminationi</span> <span class='ocrx_word' id='word_1_336' title='bbox 3541 2025 3756 2094; x_wconf 90' lang='lat' dir='ltr'>locum,</span> 
     </span>
    </p>
   </div>
   <div class='ocr_carea' id='block_1_52' title="bbox 2109 2113 3759 2189">
    <p class='ocr_par' dir='ltr' id='par_1_52' title="bbox 2109 2113 3759 2189">
     <span class='ocr_line' id='line_1_52' title="bbox 2109 2113 3759 2189; baseline 0.002 -20"><span class='ocrx_word' id='word_1_337' title='bbox 2109 2114 2158 2169; x_wconf 92' lang='lat' dir='ltr'>si</span> <span class='ocrx_word' id='word_1_338' title='bbox 2188 2114 2514 2169; x_wconf 85' lang='lat' dir='ltr'>Alexander</span> <span class='ocrx_word' id='word_1_339' title='bbox 2543 2114 2854 2186; x_wconf 85' lang='lat' dir='ltr'>episcOpus</span> <span class='ocrx_word' id='word_1_340' title='bbox 2887 2115 3061 2169; x_wconf 88' lang='lat' dir='ltr'>rebus</span> <span class='ocrx_word' id='word_1_341' title='bbox 3091 2113 3273 2185; x_wconf 78' lang='lat' dir='ltr'>gestis</span> <span class='ocrx_word' id='word_1_342' title='bbox 3307 2131 3421 2169; x_wconf 92' lang='lat' dir='ltr'>non</span> <span class='ocrx_word' id='word_1_343' title='bbox 3456 2115 3759 2189; x_wconf 89' lang='lat' dir='ltr'>obtempe-</span> 
     </span>
    </p>
   </div>
   <div class='ocr_carea' id='block_1_53' title="bbox 2100 2192 3758 2274">
    <p class='ocr_par' dir='ltr' id='par_1_53' title="bbox 2100 2192 3758 2274">
     <span class='ocr_line' id='line_1_53' title="bbox 2100 2192 3758 2274; baseline 0.001 -16"><span class='ocrx_word' id='word_1_344' title='bbox 2100 2192 2282 2258; x_wconf 87' lang='lat' dir='ltr'>raret.</span> <span class='ocrx_word' id='word_1_345' title='bbox 2320 2226 2346 2251; x_wconf 90' lang='grc'><strong>››</strong></span> <span class='ocrx_word' id='word_1_346' title='bbox 2378 2203 2508 2258; x_wconf 67' lang='lat' dir='ltr'>Haec</span> <span class='ocrx_word' id='word_1_347' title='bbox 2541 2202 2656 2257; x_wconf 91' lang='lat' dir='ltr'>ille.</span> <span class='ocrx_word' id='word_1_348' title='bbox 2682 2203 2881 2274; x_wconf 91' lang='lat' dir='ltr'>Neque</span> <span class='ocrx_word' id='word_1_349' title='bbox 2914 2202 2967 2256; x_wconf 88' lang='lat' dir='ltr'>id</span> <span class='ocrx_word' id='word_1_350' title='bbox 3004 2219 3116 2257; x_wconf 90' lang='lat' dir='ltr'>non</span> <span class='ocrx_word' id='word_1_351' title='bbox 3141 2202 3550 2273; x_wconf 88' lang='lat' dir='ltr'>intelligebant</span> <span class='ocrx_word' id='word_1_352' title='bbox 3583 2204 3758 2259; x_wconf 85' lang='lat' dir='ltr'>Euse-</span> 
     </span>
    </p>
   </div>
   <div class='ocr_carea' id='block_1_54' title="bbox 2108 2291 3756 2362">
    <p class='ocr_par' dir='ltr' id='par_1_54' title="bbox 2108 2291 3756 2362">
     <span class='ocr_line' id='line_1_54' title="bbox 2108 2291 3756 2362; baseline 0.001 -16"><span class='ocrx_word' id='word_1_353' title='bbox 2108 2293 2302 2347; x_wconf 90' lang='lat' dir='ltr'>biani:</span> <span class='ocrx_word' id='word_1_354' title='bbox 2337 2293 2436 2347; x_wconf 87' lang='lat' dir='ltr'>sed</span> <span class='ocrx_word' id='word_1_355' title='bbox 2469 2292 2704 2347; x_wconf 84' lang='lat' dir='ltr'>vetabat</span> <span class='ocrx_word' id='word_1_356' title='bbox 2724 2291 2939 2362; x_wconf 90' lang='lat' dir='ltr'>cupido</span> <span class='ocrx_word' id='word_1_357' title='bbox 2970 2291 3394 2346; x_wconf 81' lang='lat' dir='ltr'>exterminandi</span> <span class='ocrx_word' id='word_1_358' title='bbox 3423 2291 3756 2360; x_wconf 83' lang='lat' dir='ltr'>Athanasii,</span> 
     </span>
    </p>
   </div>
   <div class='ocr_carea' id='block_1_55' title="bbox 2110 2381 3758 2452">
    <p class='ocr_par' dir='ltr' id='par_1_55' title="bbox 2110 2381 3758 2452">
     <span class='ocr_line' id='line_1_55' title="bbox 2110 2381 3758 2452; baseline 0 -16"><span class='ocrx_word' id='word_1_359' title='bbox 2110 2397 2180 2436; x_wconf 91' lang='lat' dir='ltr'>ne</span> <span class='ocrx_word' id='word_1_360' title='bbox 2211 2381 2350 2452; x_wconf 90' lang='lat' dir='ltr'>quid</span> <span class='ocrx_word' id='word_1_361' title='bbox 2383 2381 2626 2436; x_wconf 89' lang='lat' dir='ltr'>consilio</span> <span class='ocrx_word' id='word_1_362' title='bbox 2657 2386 2712 2435; x_wconf 82' lang='lat' dir='ltr'>et</span> <span class='ocrx_word' id='word_1_363' title='bbox 2741 2381 3000 2452; x_wconf 65' lang='lat' dir='ltr'>aequitati</span> <span class='ocrx_word' id='word_1_364' title='bbox 3031 2382 3255 2436; x_wconf 87' lang='lat' dir='ltr'>darent.</span> <span class='ocrx_word' id='word_1_365' title='bbox 3317 2381 3579 2452; x_wconf 89' lang='lat' dir='ltr'>Cumque</span> <span class='ocrx_word' id='word_1_366' title='bbox 3633 2383 3758 2437; x_wconf 85' lang='lat' dir='ltr'>ani-</span> 
     </span>
    </p>
   </div>
   <div class='ocr_carea' id='block_1_56' title="bbox 2109 2470 3757 2542">
    <p class='ocr_par' dir='ltr' id='par_1_56' title="bbox 2109 2470 3757 2542">
     <span class='ocr_line' id='line_1_56' title="bbox 2109 2470 3757 2542; baseline 0.001 -17"><span class='ocrx_word' id='word_1_367' title='bbox 2109 2471 2534 2526; x_wconf 87' lang='lat' dir='ltr'>madverterent</span> <span class='ocrx_word' id='word_1_368' title='bbox 2564 2470 2810 2542; x_wconf 57' lang='lat' dir='ltr'>{Egyptii</span> <span class='ocrx_word' id='word_1_369' title='bbox 2843 2470 3123 2541; x_wconf 88' lang='lat' dir='ltr'>episcopi,</span> <span class='ocrx_word' id='word_1_370' title='bbox 3150 2470 3514 2525; x_wconf 88' lang='lat' dir='ltr'>Eusebianos</span> <span class='ocrx_word' id='word_1_371' title='bbox 3547 2470 3757 2527; x_wconf 90' lang='lat' dir='ltr'>nihilo-</span> 
     </span>
    </p>
   </div>
   <div class='ocr_carea' id='block_1_57' title="bbox 2108 2559 3758 2630">
    <p class='ocr_par' dir='ltr' id='par_1_57' title="bbox 2108 2559 3758 2630">
     <span class='ocr_line' id='line_1_57' title="bbox 2108 2559 3758 2630; baseline 0.001 -16"><span class='ocrx_word' id='word_1_372' title='bbox 2108 2560 2306 2614; x_wconf 89' lang='lat' dir='ltr'>minus</span> <span class='ocrx_word' id='word_1_373' title='bbox 2336 2559 2407 2614; x_wconf 90' lang='lat' dir='ltr'>ad</span> <span class='ocrx_word' id='word_1_374' title='bbox 2439 2563 2624 2630; x_wconf 70' lang='lat' dir='ltr'>empta</span> <span class='ocrx_word' id='word_1_375' title='bbox 2651 2559 2943 2629; x_wconf 85' lang='lat' dir='ltr'>progredi,</span> <span class='ocrx_word' id='word_1_376' title='bbox 2978 2575 3166 2630; x_wconf 90' lang='lat' dir='ltr'>neque</span> <span class='ocrx_word' id='word_1_377' title='bbox 3197 2559 3406 2613; x_wconf 89' lang='lat' dir='ltr'>sistere</span> <span class='ocrx_word' id='word_1_378' title='bbox 3465 2561 3712 2630; x_wconf 88' lang='lat' dir='ltr'>gradum</span> <span class='ocrx_word' id='word_1_379' title='bbox 3743 2585 3758 2627; x_wconf 86' lang='lat'><strong>;</strong></span> 
     </span>
    </p>
   </div>
   <div class='ocr_carea' id='block_1_58' title="bbox 2107 2646 3761 2720">
    <p class='ocr_par' dir='ltr' id='par_1_58' title="bbox 2107 2646 3761 2720">
     <span class='ocr_line' id='line_1_58' title="bbox 2107 2646 3761 2720; baseline 0 -17"><span class='ocrx_word' id='word_1_380' title='bbox 2107 2649 2386 2719; x_wconf 89' lang='lat' dir='ltr'>rescripto</span> <span class='ocrx_word' id='word_1_381' title='bbox 2417 2649 2489 2703; x_wconf 89' lang='lat' dir='ltr'>ad</span> <span class='ocrx_word' id='word_1_382' title='bbox 2539 2647 2881 2720; x_wconf 81' lang='lat' dir='ltr'>Dionysium</span> <span class='ocrx_word' id='word_1_383' title='bbox 2941 2646 3212 2702; x_wconf 87' lang='lat' dir='ltr'>comitem</span> <span class='ocrx_word' id='word_1_384' title='bbox 3271 2648 3427 2716; x_wconf 89' lang='lat' dir='ltr'>dato,</span> <span class='ocrx_word' id='word_1_385' title='bbox 3461 2652 3668 2719; x_wconf 86' lang='lat' dir='ltr'>rogant</span> <span class='ocrx_word' id='word_1_386' title='bbox 3698 2651 3761 2703; x_wconf 84' lang='lat' dir='ltr'>ut</span> 
     </span>
    </p>
   </div>
   <div class='ocr_carea' id='block_1_59' title="bbox 2107 2735 3756 2809">
    <p class='ocr_par' dir='ltr' id='par_1_59' title="bbox 2107 2735 3756 2809">
     <span class='ocr_line' id='line_1_59' title="bbox 2107 2735 3756 2809; baseline 0.001 -18"><span class='ocrx_word' id='word_1_387' title='bbox 2107 2738 2342 2808; x_wconf 90' lang='lat' dir='ltr'>quando</span> <span class='ocrx_word' id='word_1_388' title='bbox 2376 2736 2685 2792; x_wconf 82' lang='lat' dir='ltr'>Eusebiani</span> <span class='ocrx_word' id='word_1_389' title='bbox 2717 2753 2819 2808; x_wconf 92' lang='lat' dir='ltr'>pro</span> <span class='ocrx_word' id='word_1_390' title='bbox 2852 2736 3094 2791; x_wconf 91' lang='lat' dir='ltr'>libidine</span> <span class='ocrx_word' id='word_1_391' title='bbox 3125 2735 3286 2790; x_wconf 91' lang='lat' dir='ltr'>nulla</span> <span class='ocrx_word' id='word_1_392' title='bbox 3345 2742 3573 2792; x_wconf 87' lang='lat' dir='ltr'>servata</span> <span class='ocrx_word' id='word_1_393' title='bbox 3605 2737 3756 2809; x_wconf 66' lang='lat' dir='ltr'>inqui</span> 
     </span>
    </p>
   </div>
   <div class='ocr_carea' id='block_1_60' title="bbox 2107 2825 3761 2897">
    <p class='ocr_par' dir='ltr' id='par_1_60' title="bbox 2107 2825 3761 2897">
     <span class='ocr_line' id='line_1_60' title="bbox 2107 2825 3761 2897; baseline -0.001 -16"><span class='ocrx_word' id='word_1_394' title='bbox 2107 2826 2359 2897; x_wconf 89' lang='lat' dir='ltr'>bonique</span> <span class='ocrx_word' id='word_1_395' title='bbox 2392 2827 2635 2890; x_wconf 85' lang='lat' dir='ltr'>ratione,</span> <span class='ocrx_word' id='word_1_396' title='bbox 2669 2825 2854 2880; x_wconf 89' lang='lat' dir='ltr'>multa</span> <span class='ocrx_word' id='word_1_397' title='bbox 2885 2826 2942 2879; x_wconf 92' lang='lat' dir='ltr'>in</span> <span class='ocrx_word' id='word_1_398' title='bbox 2976 2841 3143 2881; x_wconf 88' lang='lat' dir='ltr'>suam</span> <span class='ocrx_word' id='word_1_399' title='bbox 3179 2825 3494 2897; x_wconf 88' lang='lat' dir='ltr'>perniciem</span> <span class='ocrx_word' id='word_1_400' title='bbox 3537 2826 3761 2882; x_wconf 85' lang='lat' dir='ltr'>machi-</span> 
     </span>
    </p>
   </div>
   <div class='ocr_carea' id='block_1_61' title="bbox 2106 2915 3756 2986">
    <p class='ocr_par' dir='ltr' id='par_1_61' title="bbox 2106 2915 3756 2986">
     <span class='ocr_line' id='line_1_61' title="bbox 2106 2915 3756 2986; baseline -0.001 -17"><span class='ocrx_word' id='word_1_401' title='bbox 2106 2920 2405 2981; x_wconf 88' lang='lat' dir='ltr'>narentur,</span> <span class='ocrx_word' id='word_1_402' title='bbox 2432 2915 2724 2985; x_wconf 87' lang='lat' dir='ltr'>judicium</span> <span class='ocrx_word' id='word_1_403' title='bbox 2758 2920 2946 2970; x_wconf 89' lang='lat' dir='ltr'>totum</span> <span class='ocrx_word' id='word_1_404' title='bbox 2981 2915 3756 2986; x_wconf 88' lang='lat' dir='ltr'>reservareturimperatori.</span> 
     </span>
    </p>
   </div>
   <div class='ocr_carea' id='block_1_62' title="bbox 2105 3003 3750 3076">
    <p class='ocr_par' dir='ltr' id='par_1_62' title="bbox 2105 3003 3750 3076">
     <span class='ocr_line' id='line_1_62' title="bbox 2105 3003 3750 3076; baseline 0.001 -18"><span class='ocrx_word' id='word_1_405' title='bbox 2105 3004 2312 3059; x_wconf 88' lang='lat' dir='ltr'>Comes</span> <span class='ocrx_word' id='word_1_406' title='bbox 2341 3009 2557 3069; x_wconf 92' lang='lat' dir='ltr'>autem,</span> <span class='ocrx_word' id='word_1_407' title='bbox 2591 3005 2698 3059; x_wconf 89' lang='lat' dir='ltr'>etsi</span> <span class='ocrx_word' id='word_1_408' title='bbox 2761 3004 3067 3075; x_wconf 84' lang='lat' dir='ltr'>legationis</span> <span class='ocrx_word' id='word_1_409' title='bbox 3126 3003 3496 3075; x_wconf 88' lang='lat' dir='ltr'>iniquitatem</span> <span class='ocrx_word' id='word_1_410' title='bbox 3558 3003 3750 3076; x_wconf 79' lang='lat' dir='ltr'>palam</span> 
     </span>
    </p>
   </div>
   <div class='ocr_carea' id='block_1_63' title="bbox 2106 3091 3760 3162">
    <p class='ocr_par' dir='ltr' id='par_1_63' title="bbox 2106 3091 3760 3162">
     <span class='ocr_line' id='line_1_63' title="bbox 2106 3091 3760 3162; baseline 0.001 -18"><span class='ocrx_word' id='word_1_411' title='bbox 2106 3092 2474 3162; x_wconf 86' lang='lat' dir='ltr'>coarguebat,</span> <span class='ocrx_word' id='word_1_412' title='bbox 2508 3091 2755 3146; x_wconf 88' lang='lat' dir='ltr'>infestus</span> <span class='ocrx_word' id='word_1_413' title='bbox 2789 3097 2981 3146; x_wconf 88' lang='lat' dir='ltr'>tamen</span> <span class='ocrx_word' id='word_1_414' title='bbox 3019 3091 3619 3156; x_wconf 83' lang='lat' dir='ltr'>Athanasio,multum</span> <span class='ocrx_word' id='word_1_415' title='bbox 3652 3092 3760 3146; x_wconf 87' lang='lat' dir='ltr'>ad-</span> 
     </span>
    </p>
   </div>
   <div class='ocr_carea' id='block_1_64' title="bbox 2103 3179 3757 3251">
    <p class='ocr_par' dir='ltr' id='par_1_64' title="bbox 2103 3179 3757 3251">
     <span class='ocr_line' id='line_1_64' title="bbox 2103 3179 3757 3251; baseline 0.001 -16"><span class='ocrx_word' id='word_1_416' title='bbox 2103 3197 2309 3235; x_wconf 89' lang='lat' dir='ltr'>versus</span> <span class='ocrx_word' id='word_1_417' title='bbox 2345 3179 2514 3234; x_wconf 92' lang='lat' dir='ltr'>illum</span> <span class='ocrx_word' id='word_1_418' title='bbox 2547 3197 2732 3251; x_wconf 66' lang='lat' dir='ltr'>Opera:</span> <span class='ocrx_word' id='word_1_419' title='bbox 2767 3181 3123 3248; x_wconf 89' lang='lat' dir='ltr'>insumebat,</span> <span class='ocrx_word' id='word_1_420' title='bbox 3156 3198 3300 3235; x_wconf 89' lang='lat' dir='ltr'>usus</span> <span class='ocrx_word' id='word_1_421' title='bbox 3332 3181 3403 3236; x_wconf 87' lang='lat' dir='ltr'>ad</span> <span class='ocrx_word' id='word_1_422' title='bbox 3445 3181 3757 3236; x_wconf 87' lang='lat' dir='ltr'>arbitrium</span> 
     </span>
    </p>
   </div>
   <div class='ocr_carea' id='block_1_65' title="bbox 342 3257 3754 3340">
    <p class='ocr_par' dir='ltr' id='par_1_65' title="bbox 342 3257 3754 3340">
     <span class='ocr_line' id='line_1_65' title="bbox 342 3257 3754 3340; baseline 0.001 -18"><span class='ocrx_word' id='word_1_423' title='bbox 342 3272 639 3340; x_wconf 90' lang='lat' dir='ltr'>putatum,</span> <span class='ocrx_word' id='word_1_424' title='bbox 674 3271 735 3323; x_wconf 92' lang='lat' dir='ltr'>ut</span> <span class='ocrx_word' id='word_1_425' title='bbox 765 3267 1021 3323; x_wconf 89' lang='lat' dir='ltr'>militum</span> <span class='ocrx_word' id='word_1_426' title='bbox 1053 3285 1161 3340; x_wconf 89' lang='lat' dir='ltr'>ope</span> <span class='ocrx_word' id='word_1_427' title='bbox 1189 3273 1246 3324; x_wconf 92' lang='lat' dir='ltr'>et</span> <span class='ocrx_word' id='word_1_428' title='bbox 1274 3268 1489 3323; x_wconf 85' lang='lat' dir='ltr'>auxilio</span> <span class='ocrx_word' id='word_1_429' title='bbox 1521 3269 1861 3324; x_wconf 91' lang='lat' dir='ltr'>testimonia</span> <span class='ocrx_word' id='word_1_430' title='bbox 1896 3287 1990 3326; x_wconf 88' lang='lat' dir='ltr'>ex-</span> <span class='ocrx_word' id='word_1_431' title='bbox 2022 3257 2065 3323; x_wconf 87' lang='lat' dir='ltr'>C</span> <span class='ocrx_word' id='word_1_432' title='bbox 2102 3270 2155 3324; x_wconf 91' lang='lat' dir='ltr'>vi</span> <span class='ocrx_word' id='word_1_433' title='bbox 2179 3269 2640 3340; x_wconf 88' lang='lat' dir='ltr'>auctoritateque</span> <span class='ocrx_word' id='word_1_434' title='bbox 2661 3272 2930 3335; x_wconf 75' lang='lat' dir='ltr'>sua.Quae</span> <span class='ocrx_word' id='word_1_435' title='bbox 2955 3269 3261 3324; x_wconf 86' lang='lat' dir='ltr'>causatuit</span> <span class='ocrx_word' id='word_1_436' title='bbox 3287 3274 3353 3324; x_wconf 91' lang='lat' dir='ltr'>ut</span> <span class='ocrx_word' id='word_1_437' title='bbox 3374 3269 3754 3338; x_wconf 88' lang='lat' dir='ltr'>Athanasius,</span> 
     </span>
    </p>
   </div>
   <div class='ocr_carea' id='block_1_66' title="bbox 341 3357 1992 3431">
    <p class='ocr_par' dir='ltr' id='par_1_66' title="bbox 341 3357 1992 3431">
     <span class='ocr_line' id='line_1_66' title="bbox 341 3357 1992 3431; baseline 0.001 -19"><span class='ocrx_word' id='word_1_438' title='bbox 341 3360 703 3430; x_wconf 87' lang='lat' dir='ltr'>torquerent,</span> <span class='ocrx_word' id='word_1_439' title='bbox 735 3360 792 3412; x_wconf 92' lang='lat' dir='ltr'>et</span> <span class='ocrx_word' id='word_1_440' title='bbox 821 3357 1175 3412; x_wconf 88' lang='lat' dir='ltr'>documenta</span> <span class='ocrx_word' id='word_1_441' title='bbox 1203 3358 1658 3413; x_wconf 88' lang='lat' dir='ltr'>couscribereut.</span> <span class='ocrx_word' id='word_1_442' title='bbox 1711 3359 1992 3431; x_wconf 88' lang='lat' dir='ltr'>Quodque</span> 
     </span>
    </p>
   </div>
   <div class='ocr_carea' id='block_1_67' title="bbox 339 3445 1992 3518">
    <p class='ocr_par' dir='ltr' id='par_1_67' title="bbox 339 3445 1992 3518">
     <span class='ocr_line' id='line_1_67' title="bbox 339 3445 1992 3518; baseline 0.001 -17"><span class='ocrx_word' id='word_1_443' title='bbox 339 3446 676 3518; x_wconf 75' lang='lat' dir='ltr'>suapicione</span> <span class='ocrx_word' id='word_1_444' title='bbox 708 3446 947 3517; x_wconf 90' lang='lat' dir='ltr'>plenum</span> <span class='ocrx_word' id='word_1_445' title='bbox 974 3461 1042 3501; x_wconf 89' lang='lat' dir='ltr'>ac</span> <span class='ocrx_word' id='word_1_446' title='bbox 1073 3445 1515 3518; x_wconf 90' lang='lat' dir='ltr'>iniquissimum</span> <span class='ocrx_word' id='word_1_447' title='bbox 1543 3451 1685 3513; x_wconf 88' lang='lat' dir='ltr'>erat,</span> <span class='ocrx_word' id='word_1_448' title='bbox 1738 3446 1992 3503; x_wconf 89' lang='lat' dir='ltr'>Macario</span> 
     </span>
    </p>
   </div>
   <div class='ocr_carea' id='block_1_68' title="bbox 342 3533 1992 3607">
    <p class='ocr_par' dir='ltr' id='par_1_68' title="bbox 342 3533 1992 3607">
     <span class='ocr_line' id='line_1_68' title="bbox 342 3533 1992 3607; baseline 0.002 -17"><span class='ocrx_word' id='word_1_449' title='bbox 342 3535 679 3607; x_wconf 80' lang='lat' dir='ltr'>presbytero</span> <span class='ocrx_word' id='word_1_450' title='bbox 710 3535 822 3590; x_wconf 88' lang='lat' dir='ltr'>sub</span> <span class='ocrx_word' id='word_1_451' title='bbox 853 3533 1109 3590; x_wconf 88' lang='lat' dir='ltr'>militum</span> <span class='ocrx_word' id='word_1_452' title='bbox 1140 3535 1406 3591; x_wconf 87' lang='lat' dir='ltr'>custodia</span> <span class='ocrx_word' id='word_1_453' title='bbox 1433 3534 1653 3604; x_wconf 89' lang='lat' dir='ltr'>relicto,</span> <span class='ocrx_word' id='word_1_454' title='bbox 1686 3542 1992 3593; x_wconf 88' lang='lat' dir='ltr'>accusato-</span> 
     </span>
    </p>
   </div>
   <div class='ocr_carea' id='block_1_69' title="bbox 341 3623 1046 3679">
    <p class='ocr_par' dir='ltr' id='par_1_69' title="bbox 341 3623 1046 3679">
     <span class='ocr_line' id='line_1_69' title="bbox 341 3623 1046 3679; baseline -0.001 -1"><span class='ocrx_word' id='word_1_455' title='bbox 341 3639 465 3679; x_wconf 88' lang='lat' dir='ltr'>rem</span> <span class='ocrx_word' id='word_1_456' title='bbox 499 3639 700 3678; x_wconf 88' lang='lat' dir='ltr'>secum</span> <span class='ocrx_word' id='word_1_457' title='bbox 733 3623 1046 3679; x_wconf 84' lang='lat' dir='ltr'>abduxere.</span> 
     </span>
    </p>
   </div>
   <div class='ocr_carea' id='block_1_70' title="bbox 413 3711 1991 3784">
    <p class='ocr_par' dir='ltr' id='par_1_70' title="bbox 413 3711 1991 3784">
     <span class='ocr_line' id='line_1_70' title="bbox 413 3711 1991 3784; baseline 0.001 -17"><span class='ocrx_word' id='word_1_458' title='bbox 413 3713 500 3767; x_wconf 89' lang='grc'>12.</span> <span class='ocrx_word' id='word_1_459' title='bbox 535 3711 858 3784; x_wconf 78' lang='lat' dir='ltr'>Conquestio</span> <span class='ocrx_word' id='word_1_460' title='bbox 891 3711 1194 3767; x_wconf 70' lang='lat' dir='ltr'>Athanasii</span> <span class='ocrx_word' id='word_1_461' title='bbox 1223 3721 1274 3768; x_wconf 78' lang='lat' dir='ltr'>et</span> <span class='ocrx_word' id='word_1_462' title='bbox 1301 3714 1707 3784; x_wconf 62' lang='lat' dir='ltr'>Egyptiorum.</span> <span class='ocrx_word' id='word_1_463' title='bbox 1761 3744 1828 3754; x_wconf 86' lang='lat'><strong><em>—</em></strong></span> <span class='ocrx_word' id='word_1_464' title='bbox 1888 3714 1991 3769; x_wconf 89' lang='lat' dir='ltr'>His</span> 
     </span>
    </p>
   </div>
   <div class='ocr_carea' id='block_1_71' title="bbox 339 3800 1991 3876">
    <p class='ocr_par' dir='ltr' id='par_1_71' title="bbox 339 3800 1991 3876">
     <span class='ocr_line' id='line_1_71' title="bbox 339 3800 1991 3876; baseline 0.001 -20"><span class='ocrx_word' id='word_1_465' title='bbox 339 3800 667 3873; x_wconf 80' lang='lat' dir='ltr'>conSpectis</span> <span class='ocrx_word' id='word_1_466' title='bbox 689 3800 940 3873; x_wconf 62' lang='lat' dir='ltr'>[Egyptii</span> <span class='ocrx_word' id='word_1_467' title='bbox 963 3801 1242 3872; x_wconf 88' lang='lat' dir='ltr'>episcopi,</span> <span class='ocrx_word' id='word_1_468' title='bbox 1258 3801 1506 3872; x_wconf 77' lang='lat' dir='ltr'>quicum</span> <span class='ocrx_word' id='word_1_469' title='bbox 1523 3802 1842 3858; x_wconf 87' lang='lat' dir='ltr'>Athanasio</span> <span class='ocrx_word' id='word_1_470' title='bbox 1855 3803 1991 3876; x_wconf 73' lang='lat' dir='ltr'>Tyri</span> 
     </span>
    </p>
   </div>
   <div class='ocr_carea' id='block_1_72' title="bbox 337 3889 1990 3961">
    <p class='ocr_par' dir='ltr' id='par_1_72' title="bbox 337 3889 1990 3961">
     <span class='ocr_line' id='line_1_72' title="bbox 337 3889 1990 3961; baseline 0.001 -16"><span class='ocrx_word' id='word_1_471' title='bbox 337 3890 744 3955; x_wconf 86' lang='lat' dir='ltr'>versabantur,</span> <span class='ocrx_word' id='word_1_472' title='bbox 777 3890 856 3944; x_wconf 88' lang='lat' dir='ltr'>rei</span> <span class='ocrx_word' id='word_1_473' title='bbox 889 3889 1297 3961; x_wconf 88' lang='lat' dir='ltr'>indignitatem</span> <span class='ocrx_word' id='word_1_474' title='bbox 1322 3907 1436 3946; x_wconf 91' lang='lat' dir='ltr'>non</span> <span class='ocrx_word' id='word_1_475' title='bbox 1462 3891 1729 3957; x_wconf 87' lang='lat' dir='ltr'>ferentes,</span> <span class='ocrx_word' id='word_1_476' title='bbox 1753 3893 1890 3947; x_wconf 90' lang='lat' dir='ltr'>data</span> <span class='ocrx_word' id='word_1_477' title='bbox 1918 3893 1990 3947; x_wconf 89' lang='lat' dir='ltr'>ad</span> 
     </span>
    </p>
   </div>
   <div class='ocr_carea' id='block_1_73' title="bbox 340 3978 1990 4051">
    <p class='ocr_par' dir='ltr' id='par_1_73' title="bbox 340 3978 1990 4051">
     <span class='ocr_line' id='line_1_73' title="bbox 340 3978 1990 4051; baseline 0.001 -16"><span class='ocrx_word' id='word_1_478' title='bbox 340 3978 486 4035; x_wconf 91' lang='lat' dir='ltr'>alios</span> <span class='ocrx_word' id='word_1_479' title='bbox 517 3978 823 4051; x_wconf 89' lang='lat' dir='ltr'>episcopos</span> <span class='ocrx_word' id='word_1_480' title='bbox 846 3978 979 4050; x_wconf 81' lang='lat' dir='ltr'>Tyri</span> <span class='ocrx_word' id='word_1_481' title='bbox 1006 3983 1240 4034; x_wconf 89' lang='lat' dir='ltr'>coactos</span> <span class='ocrx_word' id='word_1_482' title='bbox 1263 3979 1511 4050; x_wconf 89' lang='lat' dir='ltr'>epistola</span> <span class='ocrx_word' id='word_1_483' title='bbox 1532 3979 1630 4050; x_wconf 75' lang='grc'>(1)),</span> <span class='ocrx_word' id='word_1_484' title='bbox 1658 3985 1990 4036; x_wconf 88' lang='lat' dir='ltr'>contestan-</span> 
     </span>
    </p>
   </div>
   <div class='ocr_carea' id='block_1_74' title="bbox 340 4067 1994 4140">
    <p class='ocr_par' dir='ltr' id='par_1_74' title="bbox 340 4067 1994 4140">
     <span class='ocr_line' id='line_1_74' title="bbox 340 4067 1994 4140; baseline 0.002 -18"><span class='ocrx_word' id='word_1_485' title='bbox 340 4072 438 4122; x_wconf 90' lang='lat' dir='ltr'>tur</span> <span class='ocrx_word' id='word_1_486' title='bbox 467 4067 836 4140; x_wconf 90' lang='lat' dir='ltr'>perspicuam</span> <span class='ocrx_word' id='word_1_487' title='bbox 869 4067 981 4124; x_wconf 90' lang='lat' dir='ltr'>sibi</span> <span class='ocrx_word' id='word_1_488' title='bbox 1004 4084 1132 4123; x_wconf 88' lang='lat' dir='ltr'>esse</span> <span class='ocrx_word' id='word_1_489' title='bbox 1163 4068 1623 4124; x_wconf 88' lang='lat' dir='ltr'>Eusebianorum</span> <span class='ocrx_word' id='word_1_490' title='bbox 1657 4069 1714 4124; x_wconf 93' lang='lat' dir='ltr'>in</span> <span class='ocrx_word' id='word_1_491' title='bbox 1742 4069 1994 4125; x_wconf 86' lang='lat' dir='ltr'>Athana-</span> 
     </span>
    </p>
   </div>
   <div class='ocr_carea' id='block_1_75' title="bbox 340 4156 1992 4229">
    <p class='ocr_par' dir='ltr' id='par_1_75' title="bbox 340 4156 1992 4229">
     <span class='ocr_line' id='line_1_75' title="bbox 340 4156 1992 4229; baseline 0.002 -17"><span class='ocrx_word' id='word_1_492' title='bbox 340 4156 497 4212; x_wconf 90' lang='lat' dir='ltr'>sium</span> <span class='ocrx_word' id='word_1_493' title='bbox 527 4162 584 4212; x_wconf 90' lang='lat' dir='ltr'>et</span> <span class='ocrx_word' id='word_1_494' title='bbox 614 4157 672 4211; x_wconf 90' lang='lat' dir='ltr'>in</span> <span class='ocrx_word' id='word_1_495' title='bbox 695 4173 759 4212; x_wconf 88' lang='lat' dir='ltr'>se</span> <span class='ocrx_word' id='word_1_496' title='bbox 789 4157 1096 4212; x_wconf 86' lang='lat' dir='ltr'>conﬂatam</span> <span class='ocrx_word' id='word_1_497' title='bbox 1131 4157 1624 4229; x_wconf 87' lang='lat' dir='ltr'>conspirationem</span> <span class='ocrx_word' id='word_1_498' title='bbox 1655 4159 1992 4222; x_wconf 82' lang='lat' dir='ltr'>Queruntur</span> 
     </span>
    </p>
   </div>
   <div class='ocr_carea' id='block_1_76' title="bbox 340 4246 1991 4320">
    <p class='ocr_par' dir='ltr' id='par_1_76' title="bbox 340 4246 1991 4320">
     <span class='ocr_line' id='line_1_76' title="bbox 340 4246 1991 4320; baseline 0.002 -19"><span class='ocrx_word' id='word_1_499' title='bbox 340 4249 542 4301; x_wconf 89' lang='lat' dir='ltr'>contra</span> <span class='ocrx_word' id='word_1_500' title='bbox 562 4247 667 4316; x_wconf 88' lang='lat' dir='ltr'>jus</span> <span class='ocrx_word' id='word_1_501' title='bbox 700 4246 903 4317; x_wconf 82' lang='lat' dir='ltr'>fasque</span> <span class='ocrx_word' id='word_1_502' title='bbox 933 4251 1098 4318; x_wconf 87' lang='lat' dir='ltr'>gesta</span> <span class='ocrx_word' id='word_1_503' title='bbox 1127 4246 1348 4314; x_wconf 91' lang='lat' dir='ltr'>omnia,</span> <span class='ocrx_word' id='word_1_504' title='bbox 1382 4251 1685 4319; x_wconf 86' lang='lat' dir='ltr'>suspectos</span> <span class='ocrx_word' id='word_1_505' title='bbox 1716 4249 1991 4320; x_wconf 88' lang='lat' dir='ltr'>ejeratos-</span> 
     </span>
    </p>
   </div>
   <div class='ocr_carea' id='block_1_77' title="bbox 340 4335 1989 4409">
    <p class='ocr_par' dir='ltr' id='par_1_77' title="bbox 340 4335 1989 4409">
     <span class='ocr_line' id='line_1_77' title="bbox 340 4335 1989 4409; baseline 0.002 -19"><span class='ocrx_word' id='word_1_506' title='bbox 340 4351 454 4406; x_wconf 89' lang='lat' dir='ltr'>que</span> <span class='ocrx_word' id='word_1_507' title='bbox 477 4335 710 4406; x_wconf 88' lang='lat' dir='ltr'>judices</span> <span class='ocrx_word' id='word_1_508' title='bbox 741 4335 942 4403; x_wconf 86' lang='lat' dir='ltr'>tuisse,</span> <span class='ocrx_word' id='word_1_509' title='bbox 977 4336 1112 4392; x_wconf 79' lang='lat' dir='ltr'>ficta</span> <span class='ocrx_word' id='word_1_510' title='bbox 1142 4337 1412 4403; x_wconf 88' lang='lat' dir='ltr'>crimina,</span> <span class='ocrx_word' id='word_1_511' title='bbox 1435 4336 1654 4409; x_wconf 87' lang='lat' dir='ltr'>legatos</span> <span class='ocrx_word' id='word_1_512' title='bbox 1714 4339 1826 4394; x_wconf 89' lang='lat' dir='ltr'>sibi</span> <span class='ocrx_word' id='word_1_513' title='bbox 1886 4339 1989 4394; x_wconf 90' lang='lat' dir='ltr'>ad-</span> 
     </span>
    </p>
   </div>
   <div class='ocr_carea' id='block_1_78' title="bbox 339 4423 1986 4497">
    <p class='ocr_par' dir='ltr' id='par_1_78' title="bbox 339 4423 1986 4497">
     <span class='ocr_line' id='line_1_78' title="bbox 339 4423 1986 4497; baseline 0.002 -18"><span class='ocrx_word' id='word_1_514' title='bbox 339 4423 629 4481; x_wconf 85' lang='lat' dir='ltr'>versarios</span> <span class='ocrx_word' id='word_1_515' title='bbox 659 4423 1019 4496; x_wconf 86' lang='lat' dir='ltr'>designatos,</span> <span class='ocrx_word' id='word_1_516' title='bbox 1055 4425 1154 4497; x_wconf 90' lang='lat' dir='ltr'>qui</span> <span class='ocrx_word' id='word_1_517' title='bbox 1176 4425 1328 4480; x_wconf 90' lang='lat' dir='ltr'>nihil</span> <span class='ocrx_word' id='word_1_518' title='bbox 1352 4443 1467 4482; x_wconf 89' lang='lat' dir='ltr'>non</span> <span class='ocrx_word' id='word_1_519' title='bbox 1490 4426 1773 4482; x_wconf 88' lang='lat' dir='ltr'>arbitratu</span> <span class='ocrx_word' id='word_1_520' title='bbox 1809 4428 1986 4483; x_wconf 88' lang='lat' dir='ltr'>Euse-</span> 
     </span>
    </p>
   </div>
   <div class='ocr_carea' id='block_1_79' title="bbox 339 4513 1991 4587">
    <p class='ocr_par' dir='ltr' id='par_1_79' title="bbox 339 4513 1991 4587">
     <span class='ocr_line' id='line_1_79' title="bbox 339 4513 1991 4587; baseline 0.003 -19"><span class='ocrx_word' id='word_1_521' title='bbox 339 4513 650 4568; x_wconf 89' lang='lat' dir='ltr'>bianorum</span> <span class='ocrx_word' id='word_1_522' title='bbox 679 4518 940 4586; x_wconf 88' lang='lat' dir='ltr'>agerent,</span> <span class='ocrx_word' id='word_1_523' title='bbox 974 4514 1098 4586; x_wconf 90' lang='lat' dir='ltr'>pari</span> <span class='ocrx_word' id='word_1_524' title='bbox 1129 4515 1245 4570; x_wconf 80' lang='lat' dir='ltr'>fide</span> <span class='ocrx_word' id='word_1_525' title='bbox 1275 4520 1440 4587; x_wconf 87' lang='lat' dir='ltr'>gesta</span> <span class='ocrx_word' id='word_1_526' title='bbox 1470 4521 1694 4572; x_wconf 76' lang='lat' dir='ltr'>caetera.</span> <span class='ocrx_word' id='word_1_527' title='bbox 1756 4517 1991 4574; x_wconf 82' lang='lat' dir='ltr'>Monent</span> 
     </span>
    </p>
   </div>
   <div class='ocr_carea' id='block_1_80' title="bbox 2102 3357 3758 3431">
    <p class='ocr_par' dir='ltr' id='par_1_80' title="bbox 2102 3357 3758 3431">
     <span class='ocr_line' id='line_1_80' title="bbox 2102 3357 3758 3431; baseline 0.001 -18"><span class='ocrx_word' id='word_1_528' title='bbox 2102 3359 2474 3431; x_wconf 89' lang='lat' dir='ltr'>conspicatus</span> <span class='ocrx_word' id='word_1_529' title='bbox 2505 3359 2703 3414; x_wconf 92' lang='lat' dir='ltr'>omnia</span> <span class='ocrx_word' id='word_1_530' title='bbox 2722 3359 3008 3414; x_wconf 87' lang='lat' dir='ltr'>arbitratu</span> <span class='ocrx_word' id='word_1_531' title='bbox 3038 3364 3094 3414; x_wconf 87' lang='lat' dir='ltr'>et</span> <span class='ocrx_word' id='word_1_532' title='bbox 3116 3357 3378 3430; x_wconf 90' lang='lat' dir='ltr'>impulsu</span> <span class='ocrx_word' id='word_1_533' title='bbox 3403 3359 3758 3415; x_wconf 87' lang='lat' dir='ltr'>adversario-</span> 
     </span>
    </p>
   </div>
   <div class='ocr_carea' id='block_1_81' title="bbox 2101 3447 3748 3521">
    <p class='ocr_par' dir='ltr' id='par_1_81' title="bbox 2101 3447 3748 3521">
     <span class='ocr_line' id='line_1_81' title="bbox 2101 3447 3748 3521; baseline 0.001 -18"><span class='ocrx_word' id='word_1_534' title='bbox 2101 3466 2232 3503; x_wconf 90' lang='lat' dir='ltr'>rum</span> <span class='ocrx_word' id='word_1_535' title='bbox 2264 3448 2567 3520; x_wconf 88' lang='lat' dir='ltr'>agi,sequc</span> <span class='ocrx_word' id='word_1_536' title='bbox 2598 3448 2655 3502; x_wconf 93' lang='lat' dir='ltr'>in</span> <span class='ocrx_word' id='word_1_537' title='bbox 2690 3447 3029 3503; x_wconf 89' lang='lat' dir='ltr'>discrimine</span> <span class='ocrx_word' id='word_1_538' title='bbox 3057 3448 3298 3515; x_wconf 89' lang='lat' dir='ltr'>versari,</span> <span class='ocrx_word' id='word_1_539' title='bbox 3333 3465 3395 3503; x_wconf 90' lang='lat' dir='ltr'>se</span> <span class='ocrx_word' id='word_1_540' title='bbox 3424 3448 3748 3521; x_wconf 85' lang='lat' dir='ltr'>proriperet</span> 
     </span>
    </p>
   </div>
   <div class='ocr_carea' id='block_1_82' title="bbox 2111 3536 2880 3608">
    <p class='ocr_par' dir='ltr' id='par_1_82' title="bbox 2111 3536 2880 3608">
     <span class='ocr_line' id='line_1_82' title="bbox 2111 3536 2880 3608; baseline -0.001 -16"><span class='ocrx_word' id='word_1_541' title='bbox 2111 3539 2416 3608; x_wconf 89' lang='lat' dir='ltr'>adiretque</span> <span class='ocrx_word' id='word_1_542' title='bbox 2444 3536 2880 3608; x_wconf 86' lang='lat' dir='ltr'>imperatorem.</span> 
     </span>
    </p>
   </div>
   <div class='ocr_carea' id='block_1_83' title="bbox 2176 3625 3753 3697">
    <p class='ocr_par' dir='ltr' id='par_1_83' title="bbox 2176 3625 3753 3697">
     <span class='ocr_line' id='line_1_83' title="bbox 2176 3625 3753 3697; baseline 0 -16"><span class='ocrx_word' id='word_1_543' title='bbox 2176 3630 2259 3682; x_wconf 90' lang='grc'>15.</span> <span class='ocrx_word' id='word_1_544' title='bbox 2288 3631 2442 3696; x_wconf 83' lang='lat' dir='ltr'>Fuga</span> <span class='ocrx_word' id='word_1_545' title='bbox 2498 3625 2800 3681; x_wconf 79' lang='lat' dir='ltr'>Athanasii.</span> <span class='ocrx_word' id='word_1_546' title='bbox 2867 3657 2934 3666; x_wconf 95' lang='lat'><strong>—</strong></span> <span class='ocrx_word' id='word_1_547' title='bbox 2981 3626 3225 3681; x_wconf 78' lang='lat' dir='ltr'>Videtur</span> <span class='ocrx_word' id='word_1_548' title='bbox 3279 3643 3450 3697; x_wconf 87' lang='lat' dir='ltr'>porro</span> <span class='ocrx_word' id='word_1_549' title='bbox 3494 3626 3753 3682; x_wconf 81' lang='lat' dir='ltr'>Athana-</span> 
     </span>
    </p>
   </div>
   <div class='ocr_carea' id='block_1_84' title="bbox 2101 3715 3753 3788">
    <p class='ocr_par' dir='ltr' id='par_1_84' title="bbox 2101 3715 3753 3788">
     <span class='ocr_line' id='line_1_84' title="bbox 2101 3715 3753 3788; baseline 0.001 -18"><span class='ocrx_word' id='word_1_550' title='bbox 2101 3716 2224 3771; x_wconf 89' lang='lat' dir='ltr'>sius</span> <span class='ocrx_word' id='word_1_551' title='bbox 2257 3715 2549 3788; x_wconf 88' lang='lat' dir='ltr'>profectus</span> <span class='ocrx_word' id='word_1_552' title='bbox 2579 3732 2707 3772; x_wconf 88' lang='lat' dir='ltr'>esse</span> <span class='ocrx_word' id='word_1_553' title='bbox 2730 3715 2927 3770; x_wconf 89' lang='lat' dir='ltr'>statim</span> <span class='ocrx_word' id='word_1_554' title='bbox 2952 3715 3316 3787; x_wconf 86' lang='lat' dir='ltr'>atquclegati</span> <span class='ocrx_word' id='word_1_555' title='bbox 3340 3717 3410 3770; x_wconf 86' lang='lat' dir='ltr'>ad</span> <span class='ocrx_word' id='word_1_556' title='bbox 3439 3716 3753 3771; x_wconf 86' lang='lat' dir='ltr'>Mareotem</span> 
     </span>
    </p>
   </div>
   <div class='ocr_carea' id='block_1_85' title="bbox 2102 3804 3756 3876">
    <p class='ocr_par' dir='ltr' id='par_1_85' title="bbox 2102 3804 3756 3876">
     <span class='ocr_line' id='line_1_85' title="bbox 2102 3804 3756 3876; baseline -0.001 -17"><span class='ocrx_word' id='word_1_557' title='bbox 2102 3807 2214 3859; x_wconf 88' lang='lat' dir='ltr'>iter</span> <span class='ocrx_word' id='word_1_558' title='bbox 2241 3804 2644 3868; x_wconf 88' lang='lat' dir='ltr'>instituerunt,</span> <span class='ocrx_word' id='word_1_559' title='bbox 2661 3804 2944 3876; x_wconf 65' lang='lat' dir='ltr'>.‘Egyptiis</span> <span class='ocrx_word' id='word_1_560' title='bbox 2965 3805 3382 3875; x_wconf 84' lang='lat' dir='ltr'>imperatorem</span> <span class='ocrx_word' id='word_1_561' title='bbox 3407 3804 3756 3876; x_wconf 88' lang='lat' dir='ltr'>appellanti-</span> 
     </span>
    </p>
   </div>
   <div class='ocr_carea' id='block_1_86' title="bbox 2101 3893 3755 3966">
    <p class='ocr_par' dir='ltr' id='par_1_86' title="bbox 2101 3893 3755 3966">
     <span class='ocr_line' id='line_1_86' title="bbox 2101 3893 3755 3966; baseline 0 -18"><span class='ocrx_word' id='word_1_562' title='bbox 2101 3894 2309 3949; x_wconf 89' lang='lat' dir='ltr'>bus.Et</span> <span class='ocrx_word' id='word_1_563' title='bbox 2328 3909 2463 3948; x_wconf 89' lang='lat' dir='ltr'>vero</span> <span class='ocrx_word' id='word_1_564' title='bbox 2481 3894 2618 3964; x_wconf 71' lang='lat' dir='ltr'>quid</span> <span class='ocrx_word' id='word_1_565' title='bbox 2655 3893 2944 3964; x_wconf 89' lang='lat' dir='ltr'>reliquum</span> <span class='ocrx_word' id='word_1_566' title='bbox 2975 3899 3100 3948; x_wconf 88' lang='lat' dir='ltr'>erat</span> <span class='ocrx_word' id='word_1_567' title='bbox 3131 3899 3260 3966; x_wconf 89' lang='lat' dir='ltr'>post</span> <span class='ocrx_word' id='word_1_568' title='bbox 3283 3893 3624 3964; x_wconf 90' lang='lat' dir='ltr'>bujusmodi</span> <span class='ocrx_word' id='word_1_569' title='bbox 3648 3910 3755 3965; x_wconf 89' lang='lat' dir='ltr'>ap-</span> 
     </span>
    </p>
   </div>
   <div class='ocr_carea' id='block_1_87' title="bbox 2097 3982 3744 4055">
    <p class='ocr_par' dir='ltr' id='par_1_87' title="bbox 2097 3982 3744 4055">
     <span class='ocr_line' id='line_1_87' title="bbox 2097 3982 3744 4055; baseline 0 -18"><span class='ocrx_word' id='word_1_570' title='bbox 2097 3982 2680 4055; x_wconf 89' lang='lat' dir='ltr'>pellationem,quam</span> <span class='ocrx_word' id='word_1_571' title='bbox 2699 3987 2765 4036; x_wconf 88' lang='lat' dir='ltr'>ut</span> <span class='ocrx_word' id='word_1_572' title='bbox 2787 3982 3512 4038; x_wconf 79' lang='lat' dir='ltr'>adireturConstantinus?</span> <span class='ocrx_word' id='word_1_573' title='bbox 3533 3983 3601 4037; x_wconf 89' lang='lat' dir='ltr'>Et</span> <span class='ocrx_word' id='word_1_574' title='bbox 3622 3982 3744 4037; x_wconf 68' lang='lat' dir='ltr'>haec</span> 
     </span>
    </p>
   </div>
   <div class='ocr_carea' id='block_1_88' title="bbox 2099 4073 3751 4144">
    <p class='ocr_par' dir='ltr' id='par_1_88' title="bbox 2099 4073 3751 4144">
     <span class='ocr_line' id='line_1_88' title="bbox 2099 4073 3751 4144; baseline 0 -16"><span class='ocrx_word' id='word_1_575' title='bbox 2099 4077 2187 4128; x_wconf 92' lang='lat' dir='ltr'>est</span> <span class='ocrx_word' id='word_1_576' title='bbox 2212 4073 2350 4128; x_wconf 91' lang='lat' dir='ltr'>item</span> <span class='ocrx_word' id='word_1_577' title='bbox 2383 4089 2622 4129; x_wconf 90' lang='lat' dir='ltr'>concors</span> <span class='ocrx_word' id='word_1_578' title='bbox 2653 4073 3006 4144; x_wconf 85' lang='lat' dir='ltr'>scriptorum</span> <span class='ocrx_word' id='word_1_579' title='bbox 3041 4089 3187 4144; x_wconf 92' lang='lat' dir='ltr'>pene</span> <span class='ocrx_word' id='word_1_580' title='bbox 3213 4073 3480 4128; x_wconf 91' lang='lat' dir='ltr'>omnium</span> <span class='ocrx_word' id='word_1_581' title='bbox 3515 4077 3751 4128; x_wconf 88' lang='lat' dir='ltr'>senten-</span> 
     </span>
    </p>
   </div>
   <div class='ocr_carea' id='block_1_89' title="bbox 2097 4161 3749 4234">
    <p class='ocr_par' dir='ltr' id='par_1_89' title="bbox 2097 4161 3749 4234">
     <span class='ocr_line' id='line_1_89' title="bbox 2097 4161 3749 4234; baseline -0.001 -17"><span class='ocrx_word' id='word_1_582' title='bbox 2097 4163 2199 4218; x_wconf 90' lang='lat' dir='ltr'>tia.</span> <span class='ocrx_word' id='word_1_583' title='bbox 2234 4161 2368 4225; x_wconf 70' lang='lat' dir='ltr'>Quaa</span> <span class='ocrx_word' id='word_1_584' title='bbox 2392 4179 2524 4217; x_wconf 91' lang='lat' dir='ltr'>vero</span> <span class='ocrx_word' id='word_1_585' title='bbox 2544 4161 2787 4232; x_wconf 69' lang='lat' dir='ltr'>quaestio</span> <span class='ocrx_word' id='word_1_586' title='bbox 2809 4166 3297 4228; x_wconf 91' lang='lat' dir='ltr'>movetur,utrum</span> <span class='ocrx_word' id='word_1_587' title='bbox 3325 4162 3547 4217; x_wconf 88' lang='lat' dir='ltr'>crimen</span> <span class='ocrx_word' id='word_1_588' title='bbox 3581 4162 3749 4234; x_wconf 90' lang='lat' dir='ltr'>prius</span> 
     </span>
    </p>
   </div>
   <div class='ocr_carea' id='block_1_90' title="bbox 2098 4249 3752 4317">
    <p class='ocr_par' dir='ltr' id='par_1_90' title="bbox 2098 4249 3752 4317">
     <span class='ocr_line' id='line_1_90' title="bbox 2098 4249 3752 4317; baseline -0.001 -10"><span class='ocrx_word' id='word_1_589' title='bbox 2098 4250 2384 4315; x_wconf 90' lang='lat' dir='ltr'>oblatum,</span> <span class='ocrx_word' id='word_1_590' title='bbox 2415 4249 2640 4306; x_wconf 90' lang='lat' dir='ltr'>illudne</span> <span class='ocrx_word' id='word_1_591' title='bbox 2666 4251 2735 4305; x_wconf 89' lang='lat' dir='ltr'>de</span> <span class='ocrx_word' id='word_1_592' title='bbox 2765 4249 2944 4304; x_wconf 91' lang='lat' dir='ltr'>calice</span> <span class='ocrx_word' id='word_1_593' title='bbox 2979 4251 3178 4317; x_wconf 90' lang='lat' dir='ltr'>fracto,</span> <span class='ocrx_word' id='word_1_594' title='bbox 3213 4267 3284 4306; x_wconf 87' lang='lat' dir='ltr'>an</span> <span class='ocrx_word' id='word_1_595' title='bbox 3314 4249 3473 4305; x_wconf 90' lang='lat' dir='ltr'>aliud</span> <span class='ocrx_word' id='word_1_596' title='bbox 3509 4251 3579 4305; x_wconf 91' lang='lat' dir='ltr'>de</span> <span class='ocrx_word' id='word_1_597' title='bbox 3608 4266 3752 4306; x_wconf 89' lang='lat' dir='ltr'>ene-</span> 
     </span>
    </p>
   </div>
   <div class='ocr_carea' id='block_1_91' title="bbox 2097 4338 3757 4406">
    <p class='ocr_par' dir='ltr' id='par_1_91' title="bbox 2097 4338 3757 4406">
     <span class='ocr_line' id='line_1_91' title="bbox 2097 4338 3757 4406; baseline -0.001 -11"><span class='ocrx_word' id='word_1_598' title='bbox 2097 4345 2188 4395; x_wconf 89' lang='lat' dir='ltr'>cto</span> <span class='ocrx_word' id='word_1_599' title='bbox 2218 4339 2483 4406; x_wconf 86' lang='lat' dir='ltr'>Arsenio,</span> <span class='ocrx_word' id='word_1_600' title='bbox 2515 4338 2658 4394; x_wconf 89' lang='lat' dir='ltr'>levis</span> <span class='ocrx_word' id='word_1_601' title='bbox 2691 4339 2929 4394; x_wconf 89' lang='lat' dir='ltr'>omnino</span> <span class='ocrx_word' id='word_1_602' title='bbox 2962 4339 3265 4394; x_wconf 83' lang='lat' dir='ltr'>momenti.</span> <span class='ocrx_word' id='word_1_603' title='bbox 3302 4339 3591 4395; x_wconf 79' lang='lat' dir='ltr'>Eortassis</span> <span class='ocrx_word' id='word_1_604' title='bbox 3647 4339 3757 4394; x_wconf 91' lang='lat' dir='ltr'>bac</span> 
     </span>
    </p>
   </div>
   <div class='ocr_carea' id='block_1_92' title="bbox 2100 4426 3748 4500">
    <p class='ocr_par' dir='ltr' id='par_1_92' title="bbox 2100 4426 3748 4500">
     <span class='ocr_line' id='line_1_92' title="bbox 2100 4426 3748 4500; baseline -0.001 -15"><span class='ocrx_word' id='word_1_605' title='bbox 2100 4430 2323 4485; x_wconf 86' lang='lat' dir='ltr'>ratione</span> <span class='ocrx_word' id='word_1_606' title='bbox 2355 4426 2522 4484; x_wconf 86' lang='lat' dir='ltr'>facile</span> <span class='ocrx_word' id='word_1_607' title='bbox 2551 4427 2934 4483; x_wconf 90' lang='lat' dir='ltr'>concilientur</span> <span class='ocrx_word' id='word_1_608' title='bbox 2962 4429 3288 4500; x_wconf 88' lang='lat' dir='ltr'>opiniones,</span> <span class='ocrx_word' id='word_1_609' title='bbox 3323 4429 3370 4484; x_wconf 92' lang='lat' dir='ltr'>si</span> <span class='ocrx_word' id='word_1_610' title='bbox 3404 4445 3542 4484; x_wconf 91' lang='lat' dir='ltr'>cum</span> <span class='ocrx_word' id='word_1_611' title='bbox 3569 4428 3748 4484; x_wconf 88' lang='lat' dir='ltr'>Atha-</span> 
     </span>
    </p>
   </div>
   <div class='ocr_carea' id='block_1_93' title="bbox 2099 4517 3753 4589">
    <p class='ocr_par' dir='ltr' id='par_1_93' title="bbox 2099 4517 3753 4589">
     <span class='ocr_line' id='line_1_93' title="bbox 2099 4517 3753 4589; baseline -0.001 -15"><span class='ocrx_word' id='word_1_612' title='bbox 2099 4519 2265 4574; x_wconf 87' lang='lat' dir='ltr'>nasio</span> <span class='ocrx_word' id='word_1_613' title='bbox 2297 4518 2582 4587; x_wconf 88' lang='lat' dir='ltr'>dicamus,</span> <span class='ocrx_word' id='word_1_614' title='bbox 2617 4517 2854 4573; x_wconf 89' lang='lat' dir='ltr'>allatam</span> <span class='ocrx_word' id='word_1_615' title='bbox 2887 4517 3144 4589; x_wconf 91' lang='lat' dir='ltr'>primum</span> <span class='ocrx_word' id='word_1_616' title='bbox 3175 4518 3357 4573; x_wconf 91' lang='lat' dir='ltr'>fuisse</span> <span class='ocrx_word' id='word_1_617' title='bbox 3384 4517 3753 4573; x_wconf 88' lang='lat' dir='ltr'>criminatio-</span> 
     </span>
    </p>
   </div>
   <div class='ocr_carea' id='block_1_94' title="bbox 341 4603 3752 4693">
    <p class='ocr_par' dir='ltr' id='par_1_94' title="bbox 341 4603 3752 4693">
     <span class='ocr_line' id='line_1_94' title="bbox 341 4603 3752 4693; baseline 0.001 -35"><span class='ocrx_word' id='word_1_618' title='bbox 341 4603 989 4693; x_wconf 21' lang='lat' dir='ltr'>demum,AEu_sebi_anos</span> <span class='ocrx_word' id='word_1_619' title='bbox 1012 4604 1145 4693; x_wconf 84' lang='lat' dir='ltr'>dolo</span> <span class='ocrx_word' id='word_1_620' title='bbox 1176 4605 1651 4693; x_wconf 10' lang='lat' dir='ltr'>usos‘epistolam</span> <span class='ocrx_word' id='word_1_621' title='bbox 1674 4607 1990 4663; x_wconf 87' lang='lat' dir='ltr'>tradidisse</span> <span class='ocrx_word' id='word_1_622' title='bbox 2023 4629 2069 4693; x_wconf 82' lang='lat' dir='ltr'>D</span> <span class='ocrx_word' id='word_1_623' title='bbox 2103 4623 2235 4663; x_wconf 89' lang='lat' dir='ltr'>nem</span> <span class='ocrx_word' id='word_1_624' title='bbox 2269 4605 2432 4662; x_wconf 89' lang='lat' dir='ltr'>illam</span> <span class='ocrx_word' id='word_1_625' title='bbox 2465 4607 2536 4662; x_wconf 88' lang='lat' dir='ltr'>de</span> <span class='ocrx_word' id='word_1_626' title='bbox 2567 4606 2749 4662; x_wconf 91' lang='lat' dir='ltr'>calice</span> <span class='ocrx_word' id='word_1_627' title='bbox 2784 4607 2962 4662; x_wconf 88' lang='lat' dir='ltr'>fracto</span> <span class='ocrx_word' id='word_1_628' title='bbox 2996 4610 3053 4661; x_wconf 88' lang='lat' dir='ltr'>et</span> <span class='ocrx_word' id='word_1_629' title='bbox 3083 4607 3154 4662; x_wconf 93' lang='lat' dir='ltr'>de</span> <span class='ocrx_word' id='word_1_630' title='bbox 3185 4623 3389 4662; x_wconf 90' lang='lat' dir='ltr'>mensa</span> <span class='ocrx_word' id='word_1_631' title='bbox 3429 4608 3711 4662; x_wconf 89' lang='lat' dir='ltr'>subversa</span> <span class='ocrx_word' id='word_1_632' title='bbox 3738 4623 3752 4674; x_wconf 88' lang='lat'><strong>;</strong></span> 
     </span>
    </p>
   </div>
   <div class='ocr_carea' id='block_1_95' title="bbox 340 4691 1992 4764">
    <p class='ocr_par' dir='ltr' id='par_1_95' title="bbox 340 4691 1992 4764">
     <span class='ocr_line' id='line_1_95' title="bbox 340 4691 1992 4764; baseline 0.002 -17"><span class='ocrx_word' id='word_1_633' title='bbox 340 4691 507 4764; x_wconf 83' lang='lat' dir='ltr'>quasi</span> <span class='ocrx_word' id='word_1_634' title='bbox 536 4709 570 4748; x_wconf 88' lang='lat' dir='ltr'>a</span> <span class='ocrx_word' id='word_1_635' title='bbox 599 4691 1008 4760; x_wconf 87' lang='lat' dir='ltr'>Colluthianis,</span> <span class='ocrx_word' id='word_1_636' title='bbox 1042 4691 1368 4748; x_wconf 76' lang='lat' dir='ltr'>Meletianis</span> <span class='ocrx_word' id='word_1_637' title='bbox 1398 4697 1454 4747; x_wconf 91' lang='lat' dir='ltr'>et</span> <span class='ocrx_word' id='word_1_638' title='bbox 1505 4693 1738 4750; x_wconf 88' lang='lat' dir='ltr'>Arianis</span> <span class='ocrx_word' id='word_1_639' title='bbox 1787 4695 1992 4750; x_wconf 85' lang='lat' dir='ltr'>adver-</span> 
     </span>
    </p>
   </div>
   <div class='ocr_carea' id='block_1_96' title="bbox 338 4781 1995 4855">
    <p class='ocr_par' dir='ltr' id='par_1_96' title="bbox 338 4781 1995 4855">
     <span class='ocr_line' id='line_1_96' title="bbox 338 4781 1995 4855; baseline 0.002 -18"><span class='ocrx_word' id='word_1_640' title='bbox 338 4797 474 4838; x_wconf 88' lang='lat' dir='ltr'>sum</span> <span class='ocrx_word' id='word_1_641' title='bbox 504 4797 566 4837; x_wconf 90' lang='lat' dir='ltr'>se</span> <span class='ocrx_word' id='word_1_642' title='bbox 612 4781 891 4853; x_wconf 91' lang='lat' dir='ltr'>scriptam</span> <span class='ocrx_word' id='word_1_643' title='bbox 919 4799 931 4836; x_wconf 92' lang='lat'><strong>:</strong></span> <span class='ocrx_word' id='word_1_644' title='bbox 967 4782 1289 4837; x_wconf 90' lang='lat' dir='ltr'>cavendum</span> <span class='ocrx_word' id='word_1_645' title='bbox 1321 4798 1448 4838; x_wconf 89' lang='lat' dir='ltr'>esse</span> <span class='ocrx_word' id='word_1_646' title='bbox 1480 4799 1551 4838; x_wconf 91' lang='lat' dir='ltr'>ne</span> <span class='ocrx_word' id='word_1_647' title='bbox 1575 4783 1876 4855; x_wconf 88' lang='lat' dir='ltr'>quidpiam</span> <span class='ocrx_word' id='word_1_648' title='bbox 1905 4801 1995 4840; x_wconf 89' lang='lat' dir='ltr'>eo-</span> 
     </span>
    </p>
   </div>
   <div class='ocr_carea' id='block_1_97' title="bbox 339 4870 1991 4946">
    <p class='ocr_par' dir='ltr' id='par_1_97' title="bbox 339 4870 1991 4946">
     <span class='ocr_line' id='line_1_97' title="bbox 339 4870 1991 4946; baseline 0.002 -21"><span class='ocrx_word' id='word_1_649' title='bbox 339 4886 469 4946; x_wconf 87' lang='lat' dir='ltr'>rum</span> <span class='ocrx_word' id='word_1_650' title='bbox 484 4873 693 4941; x_wconf 87' lang='lat' dir='ltr'>rogatu</span> <span class='ocrx_word' id='word_1_651' title='bbox 711 4870 1073 4941; x_wconf 87' lang='lat' dir='ltr'>designetur,</span> <span class='ocrx_word' id='word_1_652' title='bbox 1102 4875 1301 4942; x_wconf 89' lang='lat' dir='ltr'>utpote</span> <span class='ocrx_word' id='word_1_653' title='bbox 1317 4870 1694 4927; x_wconf 89' lang='lat' dir='ltr'>inimicorum</span> <span class='ocrx_word' id='word_1_654' title='bbox 1712 4873 1820 4929; x_wconf 92' lang='lat' dir='ltr'>sibi</span> <span class='ocrx_word' id='word_1_655' title='bbox 1842 4899 1855 4940; x_wconf 85' lang='lat'><strong>;</strong></span> <span class='ocrx_word' id='word_1_656' title='bbox 1875 4890 1991 4928; x_wconf 92' lang='lat' dir='ltr'>non</span> 
     </span>
    </p>
   </div>
   <div class='ocr_carea' id='block_1_98' title="bbox 337 4957 1990 5033">
    <p class='ocr_par' dir='ltr' id='par_1_98' title="bbox 337 4957 1990 5033">
     <span class='ocr_line' id='line_1_98' title="bbox 337 4957 1990 5033; baseline 0.002 -19"><span class='ocrx_word' id='word_1_657' title='bbox 337 4959 607 5030; x_wconf 90' lang='lat' dir='ltr'>ignorare</span> <span class='ocrx_word' id='word_1_658' title='bbox 638 4957 770 5014; x_wconf 89' lang='lat' dir='ltr'>illos</span> <span class='ocrx_word' id='word_1_659' title='bbox 797 4959 898 5030; x_wconf 89' lang='lat' dir='ltr'>qui</span> <span class='ocrx_word' id='word_1_660' title='bbox 926 4975 1116 5014; x_wconf 70' lang='lat' dir='ltr'>causae</span> <span class='ocrx_word' id='word_1_661' title='bbox 1149 4964 1324 5027; x_wconf 90' lang='lat' dir='ltr'>esset,</span> <span class='ocrx_word' id='word_1_662' title='bbox 1355 4961 1508 5031; x_wconf 92' lang='lat' dir='ltr'>quod</span> <span class='ocrx_word' id='word_1_663' title='bbox 1543 4961 1616 5016; x_wconf 89' lang='lat' dir='ltr'>ab</span> <span class='ocrx_word' id='word_1_664' title='bbox 1655 4979 1807 5017; x_wconf 90' lang='lat' dir='ltr'>anno</span> <span class='ocrx_word' id='word_1_665' title='bbox 1859 4978 1990 5033; x_wconf 91' lang='lat' dir='ltr'>pro-</span> 
     </span>
    </p>
   </div>
   <div class='ocr_carea' id='block_1_99' title="bbox 339 5047 1992 5120">
    <p class='ocr_par' dir='ltr' id='par_1_99' title="bbox 339 5047 1992 5120">
     <span class='ocr_line' id='line_1_99' title="bbox 339 5047 1992 5120; baseline 0.003 -19"><span class='ocrx_word' id='word_1_666' title='bbox 339 5047 494 5102; x_wconf 88' lang='lat' dir='ltr'>ximo</span> <span class='ocrx_word' id='word_1_667' title='bbox 526 5047 809 5102; x_wconf 89' lang='lat' dir='ltr'>Eusebius</span> <span class='ocrx_word' id='word_1_668' title='bbox 835 5047 1210 5103; x_wconf 65' lang='lat' dir='ltr'>Caesariensis</span> <span class='ocrx_word' id='word_1_669' title='bbox 1252 5048 1310 5102; x_wconf 91' lang='lat' dir='ltr'>in</span> <span class='ocrx_word' id='word_1_670' title='bbox 1339 5053 1571 5120; x_wconf 89' lang='lat' dir='ltr'>apertas</span> <span class='ocrx_word' id='word_1_671' title='bbox 1602 5051 1910 5106; x_wconf 89' lang='lat' dir='ltr'>adversum</span> <span class='ocrx_word' id='word_1_672' title='bbox 1930 5068 1992 5106; x_wconf 88' lang='lat' dir='ltr'>se</span> 
     </span>
    </p>
   </div>
   <div class='ocr_carea' id='block_1_100' title="bbox 341 5134 1994 5209">
    <p class='ocr_par' dir='ltr' id='par_1_100' title="bbox 341 5134 1994 5209">
     <span class='ocr_line' id='line_1_100' title="bbox 341 5134 1994 5209; baseline 0.002 -19"><span class='ocrx_word' id='word_1_673' title='bbox 341 5134 685 5191; x_wconf 89' lang='lat' dir='ltr'>inimicitias</span> <span class='ocrx_word' id='word_1_674' title='bbox 715 5136 1102 5207; x_wconf 87' lang='lat' dir='ltr'>prorupisset.</span> <span class='ocrx_word' id='word_1_675' title='bbox 1126 5136 1274 5191; x_wconf 86' lang='lat' dir='ltr'>Huic</span> <span class='ocrx_word' id='word_1_676' title='bbox 1304 5153 1535 5209; x_wconf 88' lang='lat' dir='ltr'>quoque</span> <span class='ocrx_word' id='word_1_677' title='bbox 1567 5139 1758 5194; x_wconf 89' lang='lat' dir='ltr'>simile</span> <span class='ocrx_word' id='word_1_678' title='bbox 1789 5139 1994 5194; x_wconf 90' lang='lat' dir='ltr'>rescri-</span> 
     </span>
    </p>
   </div>
   <div class='ocr_carea' id='block_1_101' title="bbox 341 5224 1348 5296">
    <p class='ocr_par' dir='ltr' id='par_1_101' title="bbox 341 5224 1348 5296">
     <span class='ocr_line' id='line_1_101' title="bbox 341 5224 1348 5296; baseline 0.001 -17"><span class='ocrx_word' id='word_1_679' title='bbox 341 5229 507 5296; x_wconf 89' lang='lat' dir='ltr'>ptum</span> <span class='ocrx_word' id='word_1_680' title='bbox 537 5224 813 5293; x_wconf 81' lang='lat' dir='ltr'>Dionysio</span> <span class='ocrx_word' id='word_1_681' title='bbox 843 5225 1086 5280; x_wconf 87' lang='lat' dir='ltr'>tradunt</span> <span class='ocrx_word' id='word_1_682' title='bbox 1123 5225 1348 5280; x_wconf 92' lang='lat' dir='ltr'>comiti.</span> 
     </span>
    </p>
   </div>
   <div class='ocr_carea' id='block_1_102' title="bbox 417 5313 1989 5387">
    <p class='ocr_par' dir='ltr' id='par_1_102' title="bbox 417 5313 1989 5387">
     <span class='ocr_line' id='line_1_102' title="bbox 417 5313 1989 5387; baseline 0.001 -18"><span class='ocrx_word' id='word_1_683' title='bbox 417 5313 500 5369; x_wconf 84' lang='lat' dir='ltr'>l3.</span> <span class='ocrx_word' id='word_1_684' title='bbox 550 5313 869 5369; x_wconf 73' lang='lat' dir='ltr'>Alexander</span> <span class='ocrx_word' id='word_1_685' title='bbox 915 5313 1414 5370; x_wconf 76' lang='lat' dir='ltr'>Thessalonicensis</span> <span class='ocrx_word' id='word_1_686' title='bbox 1461 5315 1730 5386; x_wconf 82' lang='lat' dir='ltr'>improbat</span> <span class='ocrx_word' id='word_1_687' title='bbox 1783 5319 1989 5387; x_wconf 81' lang='lat' dir='ltr'>factum</span> 
     </span>
    </p>
   </div>
   <div class='ocr_carea' id='block_1_103' title="bbox 340 5402 1994 5461">
    <p class='ocr_par' dir='ltr' id='par_1_103' title="bbox 340 5402 1994 5461">
     <span class='ocr_line' id='line_1_103' title="bbox 340 5402 1994 5461; baseline 0.002 -4"><span class='ocrx_word' id='word_1_688' title='bbox 340 5402 792 5458; x_wconf 73' lang='lat' dir='ltr'>Eusebianorum.</span> <span class='ocrx_word' id='word_1_689' title='bbox 828 5432 898 5444; x_wconf 77' lang='grc' dir='ltr'>-ο</span> <span class='ocrx_word' id='word_1_690' title='bbox 927 5403 1147 5458; x_wconf 88' lang='lat' dir='ltr'>Horum</span> <span class='ocrx_word' id='word_1_691' title='bbox 1175 5403 1386 5459; x_wconf 90' lang='lat' dir='ltr'>certior</span> <span class='ocrx_word' id='word_1_692' title='bbox 1429 5403 1616 5460; x_wconf 89' lang='lat' dir='ltr'>factus</span> <span class='ocrx_word' id='word_1_693' title='bbox 1667 5403 1994 5461; x_wconf 83' lang='lat' dir='ltr'>Alexander</span> 
     </span>
    </p>
   </div>
   <div class='ocr_carea' id='block_1_104' title="bbox 404 5558 1600 5644">
    <p class='ocr_par' dir='ltr' id='par_1_104' title="bbox 404 5558 1600 5644">
     <span class='ocr_line' id='line_1_104' title="bbox 404 5558 1600 5644; baseline 0.001 -26"><span class='ocrx_word' id='word_1_694' title='bbox 404 5558 492 5644; x_wconf 65' lang='grc' dir='ltr'>(ᾳ)</span> <span class='ocrx_word' id='word_1_695' title='bbox 517 5561 730 5644; x_wconf 69' lang='lat' dir='ltr'>Athan.</span> <span class='ocrx_word' id='word_1_696' title='bbox 763 5562 915 5644; x_wconf 69' lang='grc' dir='ltr'>ᾼΡρζ.</span> <span class='ocrx_word' id='word_1_697' title='bbox 947 5565 1140 5618; x_wconf 81' lang='lat' dir='ltr'>contra</span> <span class='ocrx_word' id='word_1_698' title='bbox 1171 5563 1384 5632; x_wconf 68' lang='lat' dir='ltr'>Arium,</span> <span class='ocrx_word' id='word_1_699' title='bbox 1419 5581 1477 5620; x_wconf 90' lang='lat' dir='ltr'>n.</span> <span class='ocrx_word' id='word_1_700' title='bbox 1510 5565 1600 5619; x_wconf 88' lang='lat'>72.</span> 
     </span>
    </p>
   </div>
   <div class='ocr_carea' id='block_1_105' title="bbox 411 5631 1148 5782">
    <p class='ocr_par' dir='ltr' id='par_1_105' title="bbox 411 5631 1148 5782">
     <span class='ocr_line' id='line_1_105' title="bbox 413 5631 916 5708; baseline -0.002 -17"><span class='ocrx_word' id='word_1_701' title='bbox 413 5631 480 5708; x_wconf 71' lang='grc' dir='ltr'>(ὅ</span> <span class='ocrx_word' id='word_1_702' title='bbox 524 5631 740 5689; x_wconf 66' lang='lat' dir='ltr'>Athan.</span> <span class='ocrx_word' id='word_1_703' title='bbox 775 5631 916 5690; x_wconf 89' lang='lat' dir='ltr'>ibid.</span> 
     </span>
     <span class='ocr_line' id='line_1_106' title="bbox 411 5637 1148 5782; baseline -0.001 -17"><span class='ocrx_word' id='word_1_704' title='bbox 411 5637 492 5782; x_wconf 54' lang='lat' dir='ltr'>(cl</span> <span class='ocrx_word' id='word_1_705' title='bbox 518 5704 732 5766; x_wconf 85' lang='lat' dir='ltr'>Athan.</span> <span class='ocrx_word' id='word_1_706' title='bbox 765 5704 934 5778; x_wconf 89' lang='lat' dir='ltr'>ibid.,</span> <span class='ocrx_word' id='word_1_707' title='bbox 966 5722 1026 5765; x_wconf 89' lang='lat' dir='ltr'>n.</span> <span class='ocrx_word' id='word_1_708' title='bbox 1059 5707 1148 5764; x_wconf 90' lang='lat'>80.</span> 
     </span>
    </p>
   </div>
   <div class='ocr_carea' id='block_1_106' title="bbox 2103 4695 3756 4767">
    <p class='ocr_par' dir='ltr' id='par_1_106' title="bbox 2103 4695 3756 4767">
     <span class='ocr_line' id='line_1_107' title="bbox 2103 4695 3756 4767; baseline -0.001 -15"><span class='ocrx_word' id='word_1_709' title='bbox 2103 4697 2203 4752; x_wconf 90' lang='lat' dir='ltr'>sed</span> <span class='ocrx_word' id='word_1_710' title='bbox 2231 4713 2365 4751; x_wconf 89' lang='lat' dir='ltr'>cum</span> <span class='ocrx_word' id='word_1_711' title='bbox 2397 4696 2606 4750; x_wconf 89' lang='lat' dir='ltr'>idonea</span> <span class='ocrx_word' id='word_1_712' title='bbox 2663 4695 3001 4750; x_wconf 89' lang='lat' dir='ltr'>testimonia</span> <span class='ocrx_word' id='word_1_713' title='bbox 3043 4700 3100 4751; x_wconf 88' lang='lat' dir='ltr'>et</span> <span class='ocrx_word' id='word_1_714' title='bbox 3152 4701 3500 4767; x_wconf 89' lang='lat' dir='ltr'>argumenta</span> <span class='ocrx_word' id='word_1_715' title='bbox 3527 4695 3596 4750; x_wconf 86' lang='lat' dir='ltr'>ad</span> <span class='ocrx_word' id='word_1_716' title='bbox 3625 4712 3756 4752; x_wconf 89' lang='lat' dir='ltr'>eam</span> 
     </span>
    </p>
   </div>
   <div class='ocr_carea' id='block_1_107' title="bbox 2103 4784 3757 4857">
    <p class='ocr_par' dir='ltr' id='par_1_107' title="bbox 2103 4784 3757 4857">
     <span class='ocr_line' id='line_1_108' title="bbox 2103 4784 3757 4857; baseline -0.002 -16"><span class='ocrx_word' id='word_1_717' title='bbox 2103 4784 2600 4857; x_wconf 89' lang='lat' dir='ltr'>comprobandam</span> <span class='ocrx_word' id='word_1_718' title='bbox 2635 4801 2749 4839; x_wconf 89' lang='lat' dir='ltr'>non</span> <span class='ocrx_word' id='word_1_719' title='bbox 2782 4789 3181 4855; x_wconf 86' lang='lat' dir='ltr'>suppeterent,</span> <span class='ocrx_word' id='word_1_720' title='bbox 3207 4785 3355 4840; x_wconf 88' lang='lat' dir='ltr'>itum</span> <span class='ocrx_word' id='word_1_721' title='bbox 3389 4785 3459 4840; x_wconf 91' lang='lat' dir='ltr'>ad</span> <span class='ocrx_word' id='word_1_722' title='bbox 3485 4784 3757 4839; x_wconf 87' lang='lat' dir='ltr'>crimina-</span> 
     </span>
    </p>
   </div>
   <div class='ocr_carea' id='block_1_108' title="bbox 2101 4873 3757 4946">
    <p class='ocr_par' dir='ltr' id='par_1_108' title="bbox 2101 4873 3757 4946">
     <span class='ocr_line' id='line_1_109' title="bbox 2101 4873 3757 4946; baseline -0.001 -16"><span class='ocrx_word' id='word_1_723' title='bbox 2101 4875 2321 4930; x_wconf 90' lang='lat' dir='ltr'>tionem</span> <span class='ocrx_word' id='word_1_724' title='bbox 2362 4875 2433 4928; x_wconf 92' lang='lat' dir='ltr'>de</span> <span class='ocrx_word' id='word_1_725' title='bbox 2464 4873 2692 4928; x_wconf 86' lang='lat' dir='ltr'>Arsenii</span> <span class='ocrx_word' id='word_1_726' title='bbox 2727 4890 2902 4938; x_wconf 89' lang='lat' dir='ltr'>nece;</span> <span class='ocrx_word' id='word_1_727' title='bbox 2939 4890 3066 4944; x_wconf 73' lang='lat' dir='ltr'>quae</span> <span class='ocrx_word' id='word_1_728' title='bbox 3099 4890 3233 4928; x_wconf 90' lang='lat' dir='ltr'>cum</span> <span class='ocrx_word' id='word_1_729' title='bbox 3293 4874 3420 4946; x_wconf 89' lang='lat' dir='ltr'>ipso</span> <span class='ocrx_word' id='word_1_730' title='bbox 3472 4877 3757 4946; x_wconf 81' lang='lat' dir='ltr'>praesente</span> 
     </span>
    </p>
   </div>
   <div class='ocr_carea' id='block_1_109' title="bbox 2103 4962 3753 5034">
    <p class='ocr_par' dir='ltr' id='par_1_109' title="bbox 2103 4962 3753 5034">
     <span class='ocr_line' id='line_1_110' title="bbox 2103 4962 3753 5034; baseline -0.001 -17"><span class='ocrx_word' id='word_1_731' title='bbox 2103 4963 2346 5019; x_wconf 89' lang='lat' dir='ltr'>Arsenio</span> <span class='ocrx_word' id='word_1_732' title='bbox 2379 4962 2526 5017; x_wconf 90' lang='lat' dir='ltr'>falsa</span> <span class='ocrx_word' id='word_1_733' title='bbox 2554 4967 2610 5016; x_wconf 90' lang='lat' dir='ltr'>ct</span> <span class='ocrx_word' id='word_1_734' title='bbox 2669 4963 2980 5033; x_wconf 86' lang='lat' dir='ltr'>nugatoria</span> <span class='ocrx_word' id='word_1_735' title='bbox 3036 4979 3164 5017; x_wconf 89' lang='lat' dir='ltr'>esse</span> <span class='ocrx_word' id='word_1_736' title='bbox 3197 4962 3753 5034; x_wconf 89' lang='lat' dir='ltr'>deprehenderetur,</span> 
     </span>
    </p>
   </div>
   <div class='ocr_carea' id='block_1_110' title="bbox 2103 5050 3758 5123">
    <p class='ocr_par' dir='ltr' id='par_1_110' title="bbox 2103 5050 3758 5123">
     <span class='ocr_line' id='line_1_111' title="bbox 2103 5050 3758 5123; baseline -0.001 -16"><span class='ocrx_word' id='word_1_737' title='bbox 2103 5053 2298 5123; x_wconf 89' lang='lat' dir='ltr'>inopia</span> <span class='ocrx_word' id='word_1_738' title='bbox 2326 5051 2663 5119; x_wconf 91' lang='lat' dir='ltr'>criminum,</span> <span class='ocrx_word' id='word_1_739' title='bbox 2698 5052 3153 5123; x_wconf 78' lang='lat' dir='ltr'>redintegratum</span> <span class='ocrx_word' id='word_1_740' title='bbox 3189 5057 3313 5107; x_wconf 90' lang='lat' dir='ltr'>tum</span> <span class='ocrx_word' id='word_1_741' title='bbox 3349 5051 3530 5108; x_wconf 86' lang='lat' dir='ltr'>fuisse</span> <span class='ocrx_word' id='word_1_742' title='bbox 3562 5050 3758 5122; x_wconf 89' lang='lat' dir='ltr'>pristi-</span> 
     </span>
    </p>
   </div>
   <div class='ocr_carea' id='block_1_111' title="bbox 2103 5139 3754 5212">
    <p class='ocr_par' dir='ltr' id='par_1_111' title="bbox 2103 5139 3754 5212">
     <span class='ocr_line' id='line_1_112' title="bbox 2103 5139 3754 5212; baseline -0.001 -16"><span class='ocrx_word' id='word_1_743' title='bbox 2103 5159 2239 5196; x_wconf 90' lang='lat' dir='ltr'>nam</span> <span class='ocrx_word' id='word_1_744' title='bbox 2271 5141 2430 5196; x_wconf 85' lang='lat' dir='ltr'>illam</span> <span class='ocrx_word' id='word_1_745' title='bbox 2464 5147 2702 5212; x_wconf 90' lang='lat' dir='ltr'>propter</span> <span class='ocrx_word' id='word_1_746' title='bbox 2733 5156 2910 5210; x_wconf 89' lang='lat' dir='ltr'>quam</span> <span class='ocrx_word' id='word_1_747' title='bbox 2945 5141 3158 5210; x_wconf 82' lang='lat' dir='ltr'>legatio</span> <span class='ocrx_word' id='word_1_748' title='bbox 3177 5139 3327 5196; x_wconf 90' lang='lat' dir='ltr'>clam</span> <span class='ocrx_word' id='word_1_749' title='bbox 3351 5140 3581 5196; x_wconf 87' lang='lat' dir='ltr'>decreta</span> <span class='ocrx_word' id='word_1_750' title='bbox 3625 5139 3754 5194; x_wconf 86' lang='lat' dir='ltr'>fuit.</span> 
     </span>
    </p>
   </div>
   <div class='ocr_carea' id='block_1_112' title="bbox 2176 5229 3754 5300">
    <p class='ocr_par' dir='ltr' id='par_1_112' title="bbox 2176 5229 3754 5300">
     <span class='ocr_line' id='line_1_113' title="bbox 2176 5229 3754 5300; baseline -0.001 -15"><span class='ocrx_word' id='word_1_751' title='bbox 2176 5233 2259 5285; x_wconf 90' lang='grc'>16.</span> <span class='ocrx_word' id='word_1_752' title='bbox 2291 5230 2544 5286; x_wconf 89' lang='lat' dir='ltr'>Narrant</span> <span class='ocrx_word' id='word_1_753' title='bbox 2593 5231 2862 5300; x_wconf 77' lang='lat' dir='ltr'>Ruﬁnus,</span> <span class='ocrx_word' id='word_1_754' title='bbox 2920 5231 3278 5285; x_wconf 88' lang='lat' dir='ltr'>Sozomenus</span> <span class='ocrx_word' id='word_1_755' title='bbox 3337 5235 3395 5285; x_wconf 93' lang='lat' dir='ltr'>et</span> <span class='ocrx_word' id='word_1_756' title='bbox 3426 5229 3754 5284; x_wconf 88' lang='lat' dir='ltr'>Theodore-</span> 
     </span>
    </p>
   </div>
   <div class='ocr_carea' id='block_1_113' title="bbox 2101 5318 3756 5391">
    <p class='ocr_par' dir='ltr' id='par_1_113' title="bbox 2101 5318 3756 5391">
     <span class='ocr_line' id='line_1_114' title="bbox 2101 5318 3756 5391; baseline -0.002 -16"><span class='ocrx_word' id='word_1_757' title='bbox 2101 5325 2198 5375; x_wconf 89' lang='lat' dir='ltr'>tus</span> <span class='ocrx_word' id='word_1_758' title='bbox 2225 5320 2321 5391; x_wconf 73' lang='grc' dir='ltr'>(εἰ),</span> <span class='ocrx_word' id='word_1_759' title='bbox 2355 5318 2596 5375; x_wconf 89' lang='lat' dir='ltr'>delectis</span> <span class='ocrx_word' id='word_1_760' title='bbox 2648 5319 2880 5374; x_wconf 89' lang='lat' dir='ltr'>insidiis</span> <span class='ocrx_word' id='word_1_761' title='bbox 2938 5335 3004 5374; x_wconf 92' lang='lat' dir='ltr'>ac</span> <span class='ocrx_word' id='word_1_762' title='bbox 3061 5318 3427 5391; x_wconf 88' lang='lat' dir='ltr'>deprehensa</span> <span class='ocrx_word' id='word_1_763' title='bbox 3456 5318 3756 5389; x_wconf 89' lang='lat' dir='ltr'>conspira-</span> 
     </span>
    </p>
   </div>
   <div class='ocr_carea' id='block_1_114' title="bbox 2101 5405 3758 5480">
    <p class='ocr_par' dir='ltr' id='par_1_114' title="bbox 2101 5405 3758 5480">
     <span class='ocr_line' id='line_1_115' title="bbox 2101 5405 3758 5480; baseline -0.001 -17"><span class='ocrx_word' id='word_1_764' title='bbox 2101 5409 2278 5476; x_wconf 91' lang='lat' dir='ltr'>tione,</span> <span class='ocrx_word' id='word_1_765' title='bbox 2310 5412 2682 5465; x_wconf 89' lang='lat' dir='ltr'>accusatores</span> <span class='ocrx_word' id='word_1_766' title='bbox 2739 5413 2797 5464; x_wconf 91' lang='lat' dir='ltr'>et</span> <span class='ocrx_word' id='word_1_767' title='bbox 2845 5408 3079 5480; x_wconf 90' lang='lat' dir='ltr'>judices</span> <span class='ocrx_word' id='word_1_768' title='bbox 3125 5408 3226 5480; x_wconf 88' lang='lat' dir='ltr'>qui</span> <span class='ocrx_word' id='word_1_769' title='bbox 3281 5408 3505 5464; x_wconf 84' lang='lat' dir='ltr'>fraudis</span> <span class='ocrx_word' id='word_1_770' title='bbox 3537 5405 3758 5463; x_wconf 88' lang='lat' dir='ltr'>conscii</span> 
     </span>
    </p>
   </div>
   <div class='ocr_carea' id='block_1_115' title="bbox 2171 5567 3762 5642">
    <p class='ocr_par' dir='ltr' id='par_1_115' title="bbox 2171 5567 3762 5642">
     <span class='ocr_line' id='line_1_116' title="bbox 2171 5567 3762 5642; baseline -0.001 -17"><span class='ocrx_word' id='word_1_771' title='bbox 2171 5569 2248 5642; x_wconf 78' lang='grc' dir='ltr'>(ά)</span> <span class='ocrx_word' id='word_1_772' title='bbox 2277 5570 2491 5642; x_wconf 88' lang='lat' dir='ltr'>Athan.</span> <span class='ocrx_word' id='word_1_773' title='bbox 2527 5569 2696 5640; x_wconf 92' lang='lat' dir='ltr'>ibid.,</span> <span class='ocrx_word' id='word_1_774' title='bbox 2732 5587 2790 5626; x_wconf 83' lang='grc' dir='ltr'><strong>η.</strong></span> <span class='ocrx_word' id='word_1_775' title='bbox 2813 5571 2914 5642; x_wconf 84' lang='grc'>82;</span> <span class='ocrx_word' id='word_1_776' title='bbox 2940 5569 3129 5642; x_wconf 80' lang='lat' dir='ltr'>Ruﬁn.</span> <span class='ocrx_word' id='word_1_777' title='bbox 3162 5569 3268 5642; x_wconf 89' lang='lat' dir='ltr'>lib.</span> <span class='ocrx_word' id='word_1_778' title='bbox 3302 5587 3342 5640; x_wconf 78' lang='grc' dir='ltr'>ι,</span> <span class='ocrx_word' id='word_1_779' title='bbox 3373 5586 3499 5641; x_wconf 89' lang='lat' dir='ltr'>cap.</span> <span class='ocrx_word' id='word_1_780' title='bbox 3532 5570 3636 5642; x_wconf 64' lang='lat' dir='ltr'>i7;</span> <span class='ocrx_word' id='word_1_781' title='bbox 3663 5567 3762 5625; x_wconf 91' lang='lat' dir='ltr'>So-</span> 
     </span>
    </p>
   </div>
   <div class='ocr_carea' id='block_1_116' title="bbox 2099 5641 3612 5716">
    <p class='ocr_par' dir='ltr' id='par_1_116' title="bbox 2099 5641 3612 5716">
     <span class='ocr_line' id='line_1_117' title="bbox 2099 5641 3612 5716; baseline -0.001 -18"><span class='ocrx_word' id='word_1_782' title='bbox 2099 5641 2247 5702; x_wconf 72' lang='lat' dir='ltr'>zom.</span> <span class='ocrx_word' id='word_1_783' title='bbox 2283 5641 2389 5699; x_wconf 92' lang='lat' dir='ltr'>lib.</span> <span class='ocrx_word' id='word_1_784' title='bbox 2423 5659 2490 5711; x_wconf 78' lang='grc' dir='ltr'>ιι,</span> <span class='ocrx_word' id='word_1_785' title='bbox 2524 5659 2652 5716; x_wconf 89' lang='lat' dir='ltr'>cap.</span> <span class='ocrx_word' id='word_1_786' title='bbox 2685 5644 2757 5698; x_wconf 86' lang='lat'>25</span> <span class='ocrx_word' id='word_1_787' title='bbox 2787 5660 2800 5711; x_wconf 90' lang='lat'><strong>;</strong></span> <span class='ocrx_word' id='word_1_788' title='bbox 2833 5641 3121 5698; x_wconf 90' lang='lat' dir='ltr'>Theodor.</span> <span class='ocrx_word' id='word_1_789' title='bbox 3159 5641 3260 5697; x_wconf 92' lang='lat' dir='ltr'>lib.</span> <span class='ocrx_word' id='word_1_790' title='bbox 3293 5659 3332 5714; x_wconf 78' lang='grc' dir='ltr'>ι,</span> <span class='ocrx_word' id='word_1_791' title='bbox 3364 5658 3490 5714; x_wconf 91' lang='lat' dir='ltr'>cap.</span> <span class='ocrx_word' id='word_1_792' title='bbox 3521 5641 3612 5696; x_wconf 92' lang='grc'>30.</span> 
     </span>
    </p>
   </div>
  </div>
