4166 6414
1653 408 1843 469 VITA
1889 408 1955 469 S.
2002 407 2453 469 ATHANASII.

312 546 501 609 erant,
530 543 796 599 tumultu
829 560 895 599 ac
926 542 1212 599 seditione
1242 542 1532 611 synodum
1554 541 1962 613 complevisse,
1996 544 2044 607 Α
2079 542 2248 611 perit.
2294 541 2741 612 Responderunt
2788 540 3001 595 iterum
3031 538 3137 605 illi,
3171 539 3228 593 in
3263 538 3480 594 cellula
3512 556 3735 612 aegrum
3832 568 3835 569 ν

313 631 1379 705 praestigiatoremvociferantesAthan
1388 631 1600 698 asium,
1611 630 1803 684 malefi
1814 646 1944 685 cum
1959 671 1972 695 ,

309 720 635 777 sacerdotio
664 721 998 794 indignum,
1034 738 1099 775 ac
1129 721 1201 775 de
1234 719 1424 775 medio
1448 718 1773 775 tollendum
1800 736 1812 773 :
1848 723 1970 773 tum

314 826 416 865 eos
438 810 729 881 quijussu
760 810 1132 882 imperatoris
1173 807 1501 880 disciplinae
1544 808 1821 879 pacisque
1854 824 1974 863 ser-

320 900 523 954 vandm
545 917 724 955 causa
771 900 990 971 synodo
1038 900 1380 965 intererant,
1414 898 1626 952 veritos
1658 915 1729 952 ne
1759 896 1976 951 violen-

309 992 403 1044 tas
434 987 485 1042 ei
534 987 818 1043 inferrent
848 1005 1081 1053 manus,
1112 986 1257 1042 clam
1284 987 1589 1057 judicibus
1621 986 1809 1040 virum
1842 1002 1977 1057 pro-

321 1078 595 1149 ripuisse,
627 1077 1133 1149 Athanasiumque
1154 1092 1478 1133 conscensa
1498 1076 1628 1131 navi
1651 1075 1979 1131 Constanti-

311 1165 573 1238 nopolim
611 1167 935 1237 profectum
966 1183 1117 1231 esse,
1146 1171 1211 1220 ut
1242 1182 1482 1221 causam
1534 1165 1690 1237 apud
1725 1164 1974 1235 impera-

314 1260 502 1311 torem
534 1261 753 1328 ageret.

387 1344 474 1399 17.
506 1349 833 1415 Legalorum
862 1347 1013 1416 gesta
1042 1342 1396 1399 Atexandriae
1434 1345 1485 1398 et
1532 1343 1594 1396 in
1624 1342 1873 1399 Mareote.
1910 1375 1977 1383 —-

323 1435 543 1488 Interea
572 1433 747 1504 legati
776 1450 909 1487 cum
943 1432 1180 1503 Ischyra
1215 1431 1472 1503 profecti,
1509 1430 1707 1485 relicto
1729 1434 1840 1487 sub
1864 1432 1973 1486 mi-

316 1522 486 1577 litum
510 1522 777 1577 custodia
796 1522 1069 1581 Macario.
1094 1520 1503 1575 Alexandriam
1542 1525 1827 1576 venerunt
1857 1523 1932 1593 (a)
1960 1539 1972 1590 ;

317 1612 582 1683 datasque
631 1610 835 1666 litterae
885 1612 1178 1683 Philagrio
1229 1614 1368 1666 sunt
1404 1609 1630 1682 IEgypti
1685 1612 1973 1681 praefecto,

318 1716 531 1772 genere
559 1701 907 1772 Cappadoci,
932 1701 1254 1771 transfugae
1274 1717 1307 1754 a
1326 1698 1607 1771 religione
1625 1700 1972 1765 Christiana,

317 1790 418 1860 qui
451 1790 803 1845 auctoritate
850 1790 1124 1861 deinceps
1154 1794 1211 1844 et
1240 1806 1414 1861 opera
1444 1805 1551 1843 sua
1580 1788 1639 1842 in
1672 1804 1763 1843 res
1796 1789 1973 1844 Euse-

318 1878 633 1933 bianorum
657 1878 944 1949 gerendas
964 1878 1254 1932 incubuit.
1286 1876 1645 1931 Alexandriae
1681 1878 1822 1932 dum
1847 1894 1973 1933 ver-

316 1972 552 2023 sarentu
564 1985 590 2021 r
610 1966 805 2038 legati,
827 1968 1041 2022 domus
1055 1966 1361 2038 victusque
1379 1965 1782 2037 quotidianam
1798 1966 1977 2022 socie-

313 2060 494 2111 tatem
517 2055 775 2111 habuere
797 2074 931 2110 curn
955 2060 1294 2111 accusatore
1316 2054 1572 2126 Ischyra.
1596 2054 1659 2108 Et
1691 2056 1800 2109 sub
1832 2056 1974 2127 haec,

315 2146 634 2200 comitante
670 2145 980 2217 Philagrio,
1014 2144 1303 2199 militibus
1328 2144 1529 2215 stipati
1562 2143 1623 2198 in
1666 2148 1975 2200 Mareotem

316 2233 790 2307 proﬁciscuntur,
824 2235 1141 2305 sedemque
1174 2237 1402 2305 ponunt
1430 2234 1488 2287 in
1522 2233 1711 2305 ipsius
1732 2234 1976 2306 lschyraa

316 2324 509 2379 domo.
544 2322 649 2378 Hic
680 2326 1064 2378 monumenta
1093 2322 1271 2387 edita,
1294 2322 1387 2377 hic
1411 2322 1868 2393 perquisitiones
1891 2324 1974 2378 fa-

314 2416 419 2467 cta:
448 2416 590 2467 sunt
617 2437 631 2479 ;
668 2411 763 2466 hic
793 2411 979 2480 dolos,
1020 2411 1346 2479 machinas,
1379 2414 1590 2465 cuncta
1618 2411 1973 2467 veteratoriae

315 2501 456 2556 artis
487 2500 605 2556 tela
659 2504 1098 2571 compararunt.
1170 2500 1595 2554 Animadversa
1650 2500 1973 2572 presbyteri

314 2590 695 2646 Alexandrini
736 2593 793 2645 et
824 2588 1121 2644 Mareotici
1152 2589 1479 2660 legatorum
1512 2589 1775 2660 nequitia
1799 2597 1974 2662 atque

311 2679 560 2746 vafritie,
591 2679 862 2734 homines
913 2695 1107 2734 coram
1141 2679 1476 2750 objurgant,
1508 2679 1663 2749 quod
1696 2677 1806 2734 soli
1838 2696 1971 2735 cum

316 2772 679 2830 accusatore,
713 2784 808 2823 reo
841 2767 975 2840 Tyri
1019 2767 1287 2833 dimisso,
1339 2770 1715 2822 accederent:
1769 2772 1972 2840 postu-

314 2856 441 2911 lant
469 2856 579 2911 sibi
611 2858 820 2912 saltem
854 2871 1055 2911 eorum
1089 2856 1235 2911 actis
1293 2860 1350 2911 et
1389 2855 1794 2927 perquisitioni
1828 2856 1972 2911 inte-

318 2961 476 3000 resse
507 2945 709 3013 liceat;
745 2960 807 3000 se
840 2944 1018 3000 totius
1050 2944 1265 3017 negotii
1298 2949 1355 2999 et
1388 2960 1589 3000 eorum
1622 2962 1751 3018 quae
1783 2944 1973 3018 Ischy-

314 3050 442 3088 ram
489 3037 822 3106 spectarent
868 3049 997 3089 esse
1024 3033 1310 3099 conscios,
1350 3048 1565 3104 gnaros
1589 3033 1724 3089 item
1751 3033 1852 3105 qui
1885 3039 1969 3088 te-

310 3127 431 3177 stes
450 3138 701 3189 veraces,
728 3122 829 3194 qui
847 3126 1052 3177 contra
1069 3122 1139 3176 ab
1158 3120 1393 3193 Ischyra
1412 3121 1714 3177 subornati
1735 3127 1931 3177 essent
1952 3139 1965 3176 :

310 3227 563 3281 quorum
598 3212 816 3265 nedum
851 3210 1111 3265 admissa
1138 3210 1456 3281 postulatio
1479 3210 1673 3278 fuerit,
1700 3227 1811 3266 non
1840 3211 1968 3266 sine

3546 422 3739 469 LXXXV

2088 631 2457 685 decubuisse.
2490 631 2618 686 Non
2646 631 2837 686 stabat
2864 629 3042 701 igitur
3073 629 3171 700 qui
3206 629 3608 696 decumberet,
3634 646 3740 685 nec

2086 736 2255 773 sacra
2283 720 2530 775 faciebat
2585 719 2685 791 qui
2745 719 2803 773 in
2862 717 3071 773 cellula
3099 722 3353 789 aegrotus
3376 719 3622 789 jaceret.
3652 719 3738 774 Ad

2085 808 2206 863 haec
2230 809 2577 863 testificante
2614 808 2850 879 lschyra
2879 825 2913 863 a
2944 806 3194 862 Macario
3228 808 3534 863 ambustos
3556 807 3741 863 fuisse

2086 897 2341 952 ecclesiae
2366 896 2548 952 libros
2575 915 2588 964 ;
2615 896 2729 967 ipsi
2759 903 2951 951 tamen
2973 901 3174 965 testes,
3195 896 3427 952 etiamsi
3453 895 3740 953 submissi

2085 990 2143 1040 et
2172 986 2496 1051 subornati,
2534 986 2673 1040 fassi
2732 991 2870 1040 sunt
2928 984 3074 1040 nihil
3132 985 3475 1057 hujusmodi
3505 991 3739 1058 gestum

2087 1075 2289 1138 fuisse,
2324 1076 2423 1130 sed
2459 1075 2694 1130 mentiri
2754 1076 3067 1146 Ischyram.
3104 1078 3171 1129 Et
3202 1091 3488 1146 perquam
3520 1075 3739 1130 mirum

2085 1163 2197 1218 fuit
2219 1168 2572 1235 conquestos
2596 1162 2905 1235 lucifugas,
2929 1163 3251 1220 occultatos
3274 1164 3457 1219 fuisse
3475 1165 3546 1219 ab
3565 1164 3745 1220 Atha-

2087 1252 2251 1307 nasio
2281 1269 2381 1308 eos
2412 1252 2513 1324 qui
2544 1252 2951 1307 testimonium
3006 1253 3156 1308 ferre
3209 1257 3469 1324 possent,
3504 1254 3741 1309 eosdem

2085 1348 2283 1398 tamen
2317 1341 2511 1414 palam
2543 1341 2956 1413 interrogasse.
2994 1346 3131 1396 Acta
3161 1346 3355 1397 autem
3400 1342 3743 1413 hujusmodi

2085 1448 2285 1485 eorum
2312 1430 2550 1485 arbitrio
2574 1436 2632 1485 et
2659 1429 2921 1497 nutibus,
2948 1429 3203 1502 praefecti
3224 1435 3461 1499 terrore,
3486 1431 3741 1486 militum

2084 1519 2138 1573 vi
2170 1525 2345 1591 atque
2379 1519 2558 1575 illatis
2590 1518 2779 1591 plagis
2812 1519 3163 1592 conscripta,
3216 1524 3378 1575 tanto
3412 1519 3620 1591 pudori
3650 1520 3742 1576 vel

2086 1608 2230 1680 ipsis
2263 1609 2604 1664 auctoribus
2640 1609 2817 1677 fuere,
2854 1614 2918 1664 ut
2947 1625 3015 1663 ea
3057 1625 3294 1664 summa
3345 1608 3743 1665 sollicitudine

2085 1698 2383 1765 abderent,
2409 1697 3306 1769 amanuensibusquejuberent,
3335 1703 3400 1753 ut
3420 1713 3622 1753 eorum
3648 1714 3745 1754 ne-

2084 1787 2227 1841 mini
2269 1787 2496 1859 copiam
2530 1788 2824 1842 facerent:
2863 1786 2963 1842 sed
2997 1787 3177 1869 cessit
3210 1804 3300 1843 res
3331 1792 3533 1842 contra
3564 1804 3741 1859 quam

2083 1875 2192 1930 rati
2215 1880 2400 1930 erant.
2425 1875 2571 1930 Nam
2601 1875 2787 1931 Rufus
2812 1892 3015 1931 eorum
3044 1876 3255 1943 scriba,
3282 1876 3381 1947 qui
3404 1879 3606 1948 postea
3633 1875 3746 1931 fuit

2087 1964 2145 2019 in
2169 1964 2596 2036 Angustaliana
2618 1964 2959 2036 spiculator,
2982 1964 3247 2019 omnium
3279 1982 3518 2037 gnarus,
3544 1965 3747 2020 aderat

2088 2053 2498 2124 quigestorum
2522 2053 2695 2108 ferret
2714 2053 3145 2109 testimonium.
3173 2053 3489 2108 Eusebiani
3514 2070 3751 2125 quoque

2086 2144 2156 2213 (ε)
2188 2142 2392 2213 paucis
2424 2148 2555 2213 post
2587 2142 2757 2198 annis
2786 2159 2853 2197 ea
2884 2159 2987 2214 per
3016 2146 3276 2198 oratores
3320 2158 3463 2198 suos
3496 2143 3744 2199 Romam

2090 2230 2849 2303 miserunt,Athanasioque
2870 2236 3008 2286 sunt
3027 2247 3093 2287 ea
3117 2232 3245 2303 ipsa
3261 2247 3362 2303 per
3389 2231 3607 2287 Julium
3626 2233 3748 2304 epi-

2085 2337 2327 2392 scopum
2353 2320 2721 2376 transmissa.
2747 2322 2884 2386 Quae
2910 2337 3001 2376 res
3025 2320 3337 2376 sceleratos
3377 2321 3435 2375 in
3477 2322 3738 2378 furorem

2084 2414 2141 2463 et
2170 2408 2466 2464 vesaniam
2499 2410 2730 2482 agebat,
2766 2410 2920 2480 quod
2952 2409 3219 2465 videlicet
3248 2427 3376 2481 quae
3426 2410 3654 2466 occulta
3683 2415 3744 2467 et

2085 2499 2283 2570 ignota
2311 2514 2439 2553 esse
2470 2504 2866 2570 peroptarent,
2894 2516 2963 2555 ea
3009 2498 3368 2555 Athanasius
3400 2516 3515 2571 pris
3548 2499 3739 2555 mani-

2084 2587 2195 2642 bus
2229 2587 2490 2655 haberet,
2521 2604 2590 2641 ea
2621 2586 2856 2659 legeret.

2155 2676 2243 2732 18.
2279 2676 2607 2748 Presbyteri
2639 2682 2833 2732 autem
2867 2680 2924 2732 et
2948 2677 3201 2745 diaconi,
3234 2694 3366 2733 cum
3400 2678 3742 2734 Alexandri-

2082 2765 2162 2834 ni,
2187 2772 2314 2821 tum
2340 2766 2629 2821 Mareotici
2656 2767 2759 2837 (d),
2784 2766 2864 2821 rei
2889 2767 3300 2838 indignitatem
3325 2784 3441 2823 non
3466 2768 3739 2837 ferentes,

2082 2855 2368 2927 rescripta
2389 2857 2610 2922 edunt;
2635 2862 3040 2911 contestantur
3061 2873 3176 2912 non
3213 2873 3282 2912 ex
3319 2874 3484 2929 aequo
3507 2862 3565 2913 et
3586 2858 3740 2914 bono

2080 2945 2562 3016 perquisitionem
2594 2944 2819 3000 haberi.
2848 2946 2917 3000 Et
2944 2944 3319 3000 Alexandrini
3356 2945 3619 3018 quidem,
3644 2946 3740 3002 lit-

2080 3034 2216 3089 teris
2247 3034 2319 3089 ad
2353 3033 2576 3106 legatos
2600 3033 2821 3100 missis,
2844 3039 3173 3105 queruntur
3193 3052 3289 3089 reo
3313 3051 3426 3090 non
3451 3041 3739 3108 praesente

2078 3122 2338 3178 habitam
2370 3122 2776 3194 quaestionem,
2804 3122 2915 3178 sibi
2941 3140 3135 3178 rerum
3159 3124 3360 3196 gnaris
3382 3125 3736 3197 denegatum

2077 3210 2301 3266 aditum
2330 3228 2343 3278 ;
2373 3216 2438 3265 ut
2459 3210 2601 3267 solis
2623 3210 2818 3266 liceret
2848 3228 2949 3283 pro
2972 3210 3215 3267 libidine
3245 3229 3365 3267 rem
3390 3228 3607 3285 gerere.
3629 3214 3739 3270 Da-

309 3300 362 3355 vi
394 3299 617 3371 repulsi
648 3304 707 3355 et
747 3298 1032 3355 eliminati
1088 3305 1245 3355 sunt.
1296 3300 1577 3370 Quodque
1625 3300 1844 3355 mirum
1901 3317 1968 3356 ac
1998 3292 2041 3358 C
2082 3317 2141 3355 re
2173 3317 2234 3355 se
2264 3298 2569 3372 epistolam
2604 3300 2799 3365 istam,
2832 3317 2959 3373 qua;
2989 3301 3048 3355 in
3082 3317 3215 3355 vera
3246 3302 3467 3374 synodo
3498 3301 3557 3356 in
3574 3303 3736 3359 testi-

311 3389 415 3443 tali
446 3393 678 3444 caterva
707 3387 1150 3461 dignissimum,
1182 3387 1399 3443 exactis
1433 3388 1806 3461 presbyteris,
1843 3388 1969 3443 Phi-

312 3477 565 3550 lagrium
602 3476 935 3549 militesque
964 3476 1229 3532 ethnicos
1273 3476 1642 3532 admiserunt
1672 3477 1743 3532 ad
1771 3494 1969 3533 rerum

311 3581 617 3620 sacrarum
650 3566 1052 3638 quaestionem.
1087 3563 1417 3619 Intromissi
1450 3565 1522 3620 ad
1563 3565 1968 3621 testimonium

308 3654 639 3724 ferendum,
675 3672 793 3710 non
823 3654 1041 3723 clerici,
1074 3655 1175 3709 sed
1207 3653 1637 3722 catechumeni,
1661 3654 1761 3726 qui
1786 3654 1970 3711 sacris

309 3759 643 3815 numquam
667 3742 1038 3799 interessent.
1071 3743 1193 3797 Imo
1216 3759 1347 3798 vero
1371 3743 1584 3798 ethnici
1611 3760 1676 3799 ac
1697 3743 1884 3799 διιόωὶ
1911 3744 1970 3799 in

306 3836 487 3888 testes
498 3831 767 3900 admissi;
785 3831 886 3888 ubi
902 3832 972 3887 de
987 3832 1281 3888 confracto
1294 3849 1458 3888 sacro
1473 3831 1751 3896 calice,de
1769 3849 1973 3889 mensa

308 3935 411 3976 seu
430 3919 601 3976 altari
622 3919 903 3976 subverso
924 3937 1015 3976 res
1034 3925 1184 3988 erat;
1203 3920 1439 3992 quibus,
1459 3926 1525 3975 ut
1539 3926 1669 3992 pote
1684 3922 1968 3993 profanis,

309 4008 1005 4080 necinitiatis,nsobtueri
1020 4010 1260 4082 quidem
1276 4010 1718 4082 reshujusmodi
1742 4010 1970 4067 licitum

308 4105 452 4154 erat.
480 4097 608 4154 Non
634 4114 702 4153 ea
725 4103 941 4167 mente,
967 4115 1083 4154 non
1106 4115 1172 4154 eo
1192 4098 1439 4154 consilio
1458 4101 1973 4172 interrogabantur

308 4186 406 4258 (b),
436 4191 501 4242 ut
522 4186 823 4243 veritatem
851 4186 1166 4259 aperirent,
1190 4188 1290 4243 sed
1319 4192 1386 4243 ut
1420 4192 1569 4243 nutu
1592 4187 1969 4245 inimicorum

304 4273 633 4341 Athanasii,
663 4274 915 4330 crimina
944 4276 1287 4347 proferrent.
1323 4275 1383 4330 Si
1418 4275 1552 4347 quis
1582 4276 1972 4334 Athanasium

318 4361 494 4418 illatae
511 4363 882 4420 contumelia;
900 4364 1290 4432 insimularet,
1310 4364 1362 4420 is
1378 4382 1511 4421 mox
1528 4365 1863 4423 Catholicus
1879 4384 1978 4423 au-

309 4451 593 4522 diebat,et
607 4453 657 4508 si
676 4469 1003 4524 numquam
1023 4452 1414 4509 Christianam
1439 4455 1737 4526 professus
1753 4454 1979 4528 religio-

309 4558 465 4597 nem.
486 4541 601 4597 Nec
621 4542 768 4597 satis
786 4541 1053 4598 consulto
1074 4548 1268 4598 tamen
1288 4543 1648 4599 concinnatae
1670 4560 1763 4600 res
1782 4546 1970 4612 fuere;

310 4631 558 4702 suisque
580 4631 692 4703 ipsi
718 4632 1046 4699 fraudibus,
1071 4631 1196 4687 suis
1216 4631 1711 4687 machinamentis
1733 4633 1969 4705 proditi,

310 4736 378 4774 ac
407 4719 557 4787 suis,
593 4723 657 4774 ut
688 4719 769 4774 ita
801 4718 1016 4786 dicam,
1054 4719 1187 4776 telis
1219 4720 1475 4776 confossi
1507 4725 1666 4775 sunt.
1688 4720 1767 4776 De
1789 4721 1973 4778 sacris

309 4808 467 4863 enim
490 4807 878 4879 quaestionem
904 4807 1187 4864 habentes
1209 4825 1344 4863 cum
1367 4809 1587 4865 Judaeis
1609 4814 1667 4865 et
1696 4809 1971 4866 catechu-

312 4895 505 4950 menis
534 4912 548 4950 :
575 4894 850 4961 Ubinam,
875 4895 1133 4963 aiebant,
1156 4896 1355 4965 eratis,
1380 4897 1614 4969 quando
1636 4897 1973 4971 irrumpens

310 4984 603 5040 Macarius
626 5000 891 5040 mensam
913 4985 1161 5040 evertit?
1185 4985 1371 5047 Intus.
1390 4986 1693 5058 inquiunt,
1714 5004 1970 5043 eramus.

307 5072 483 5143 Atqui
524 5089 640 5127 non
674 5076 899 5144 poterat
929 5072 1146 5129 oblatio
1190 5077 1316 5129 tum
1374 5072 1525 5141 ﬁeri,
1588 5073 1637 5129 si
1696 5075 1971 5131 catechu-

312 5161 469 5217 meni
490 5160 653 5217 intus
671 5164 857 5216 erant.
877 5161 947 5216 Et
962 5177 1095 5217 cum
1118 5161 1327 5217 litteris
1345 5161 1721 5234 evulgassent
1734 5164 1970 5235 ubique,

312 5253 504 5305 stante
524 5248 785 5322 Ischyria
806 5252 864 5305 et
884 5266 1052 5305 sacra
1072 5249 1340 5321 faciente,
1362 5250 1607 5307 irruisse
1628 5250 1972 5319 Macarium,

310 5341 367 5393 et
388 5338 589 5395 omnia
609 5337 924 5408 evertisse;
957 5355 1027 5395 ea
1057 5355 1291 5411 quoque
1323 5340 1394 5395 de
1430 5356 1492 5395 re
1532 5346 1970 5411 percontantur,

311 5424 557 5484 ubinam
586 5430 745 5484 esset
772 5425 1064 5499 Ischyras,
1087 5442 1202 5498 quo
1222 5430 1487 5499 tempore
1512 5426 1801 5485 Macarius
1821 5429 1973 5485 irru-

411 5672 463 5743 b)
492 5676 707 5732 Athan.
739 5672 1007 5743 ibid.,vn.
1040 5680 1129 5733 85.

408 5746 459 5805 cl
487 5746 701 5805 Athan.
734 5747 882 5805 ibid.

596 5875 864 5942 Panem.
908 5874 1026 5941 Gn.
1053 5873 1245 5942 XXV.

385 5602 407 5818 ἓ

409 5621 441 5658 a
492 5604 711 5661 Athan.
742 5605 968 5675 Apotog.
999 5609 1189 5661 contra
1212 5605 1449 5672 Arium,
1482 5621 1545 5661 ιι.
1582 5605 1669 5675 13,
1706 5608 1791 5662 14.

411 5675 441 5729 b
492 5676 707 5732 Athan.
739 5672 911 5743 ibid.,
948 5695 1007 5733 n.
1040 5680 1129 5733 85.

409 5606 463 5821 cl
487 5746 701 5805 Athan.
734 5747 882 5805 ibid.

2081 3388 2343 3444 monium
2380 3389 2704 3443 afferretur.
2740 3388 3034 3444 Mareotici
3056 3406 3210 3456 vero,
3250 3389 3502 3461 epistola
3532 3391 3603 3446 ad
3638 3408 3734 3464 sy-

2082 3478 2303 3533 nodum
2322 3478 2555 3550 Tyriam
2581 3478 2783 3544 missa,
2806 3477 3141 3550 significant
3158 3478 3455 3551 Ischyram
3474 3496 3590 3535 non
3606 3497 3737 3537 vere

2082 3569 2511 3640 presbyterum,
2545 3567 2682 3622 ficta
2711 3567 2962 3622 crimina
2992 3566 3052 3622 in
3084 3566 3432 3636 Macarium,
3456 3568 3514 3623 id
3539 3569 3648 3625 sibi
3676 3571 3737 3625 in

2081 3656 2283 3712 eodem
2309 3672 2446 3728 agro
2474 3656 2847 3711 versantibus
2870 3657 3048 3728 probe
3070 3662 3437 3729 compertum
3462 3675 3611 3726 esse,
3634 3660 3738 3731 qui

2080 3745 2398 3802 Athanasio
2430 3746 2738 3801 Mareotica
2774 3745 2897 3801 loca
2947 3745 3327 3817 perlustranti
3375 3763 3608 3819 semper
3637 3749 3739 3803 ad-

2082 3840 2311 3892 essent:
2333 3836 2677 3890 accedentes
2698 3851 2759 3890 se
2782 3839 2847 3890 ut
2862 3834 3349 3907 inquisitionibus
3366 3836 3738 3904 interessent,

2083 3923 2247 3979 aditu
2279 3921 2651 3990 interclusos,
2686 3922 2982 3995 repulsam
3006 3922 3236 3994 tulisse,
3270 3928 3329 3980 et
3358 3941 3595 3981 summo
3617 3925 3744 3998 qui-

2085 4013 2216 4068 dem
2269 4028 2442 4084 opere
2472 4016 2764 4084 exoptare,
2808 4017 2874 4067 ut
2897 4017 3113 4085 Tyrum
3146 4014 3459 4070 accedendi
3493 4014 3741 4071 facultas

2085 4102 2181 4169 sit,
2217 4101 2263 4157 si
2298 4118 2412 4156 non
2438 4101 2734 4172 omnibus,
2761 4100 2970 4157 saltem
2994 4102 3348 4172 quibusdam
3374 4120 3407 4159 a
3425 4120 3487 4160 se
3507 4103 3735 4177 legatis.

2086 4191 2297 4246 Eadem
2336 4190 2518 4246 ferme
2548 4189 2677 4261 ipsa
2719 4189 3040 4259 Mareotici,
3102 4191 3393 4264 Philagrio
3446 4196 3737 4264 praefecto,

2086 4278 2345 4335 Palladio
2378 4279 2620 4334 Curioso
2659 4284 2714 4335 et
2731 4279 2984 4335 Antonio
3007 4285 3448 4336 commeatuum
3472 4282 3741 4354 praefecto

2085 4367 2295 4423 litteris
2328 4369 2689 4435 renuntiant,
2722 4374 3046 4441 rogantque
3076 4374 3141 4425 ut
3161 4368 3409 4441 hujusce
3432 4370 3513 4426 rei
3536 4371 3744 4428 notitia

2085 4458 2158 4513 ad
2189 4457 2603 4529 imperatorem
2633 4462 2691 4512 et
2720 4459 2791 4513 ad
2851 4457 3002 4513 ﬁlios
3060 4461 3190 4530 ejus
3244 4460 3563 4515 deferatur.
3598 4460 3745 4516 Data

2086 4546 2197 4603 fuit
2226 4545 2346 4601 haec
2378 4545 2627 4619 epistola
2646 4546 2739 4602 die
2769 4545 2997 4603 decima
3023 4545 3245 4602 mensis
3267 4547 3437 4615 Thot,
3462 4548 3520 4602 id
3543 4552 3633 4603 est
3653 4564 3742 4603 se-

2085 4635 2272 4708 ptima
2298 4634 2679 4707 Septembris,
2697 4651 2848 4691 coss.
2869 4635 3025 4691 Julio
3048 4636 3388 4691 Constantio
3405 4637 3580 4692 fratrs
3597 4642 3743 4693 Con-

2085 4722 2331 4779 stantini
2358 4723 2732 4796 imperatoris
2761 4728 2820 4779 et
2848 4724 3058 4779 Ruﬁno
3087 4723 3321 4794 Albino,
3354 4742 3508 4781 anno
3541 4727 3744 4782 Domi-

2080 4813 2138 4868 ni
2169 4814 2297 4868 335.

2155 4903 2240 4956 19.
2276 4902 2355 4957 Ex
2398 4902 2652 4957 Mareote
2706 4902 2949 4973 profecti
3000 4902 3416 4959 Alexandriam
3466 4903 3557 4976 (θ),
3589 4903 3741 4958 indi-

2080 5008 2199 5064 gna
2225 4991 2283 5047 in
2330 4990 2679 5056 Catholicos,
2716 4992 2773 5046 in
2831 4992 3109 5064 virgines,
3168 4992 3225 5047 in
3288 4992 3440 5065 frugi
3473 4993 3743 5050 homines

2081 5077 2391 5135 Athanasii
2440 5083 2707 5135 amantes
2766 5084 3199 5152 perpetrarunt.
3262 5081 3473 5136 Eorum
3525 5081 3743 5153 quippe

2073 5167 2251 5238 jussu
2276 5165 2492 5221 milites
2506 5171 2562 5221 et
2573 5165 2821 5238 gentiles
2842 5167 3061 5223 strictis
3075 5168 3288 5241 gladiis
3309 5169 3528 5237 obvios,
3547 5174 3604 5225 et
3624 5187 3745 5225 ma-

2080 5255 2237 5311 xime
2251 5255 2507 5328 virgines
2524 5256 2822 5328 impetere,
2843 5274 3045 5313 earum
3062 5274 3228 5314 sacra
3242 5275 3484 5331 corpora
3496 5277 3529 5313 n
3540 5261 3740 5328 udare,

2082 5345 2325 5412 caedere,
2360 5344 2438 5400 ita
2478 5350 2540 5400 ut
2569 5346 2817 5416 pedibus
2860 5345 3014 5402 male
3046 5347 3289 5404 multata
3317 5347 3738 5405 claudicarent.

2081 5432 2307 5489 Ethnici
2340 5448 2473 5489 vero
2507 5449 2637 5489 aras
2690 5439 2748 5489 et
2804 5434 3093 5490 sacrificia
3150 5435 3411 5491 minitari
3444 5454 3457 5506 ;
3491 5438 3634 5493 adeo
3667 5441 3730 5493 ut

2155 5609 2233 5682 (ἀ)
2261 5609 2477 5682 Athan.
2511 5610 2652 5682 ibid.
2686 5629 2744 5665 n.
2774 5612 2863 5664 73.

2155 5680 2228 5754 (ε)
2260 5680 2475 5737 Athan.
2505 5680 2672 5752 ibid.,
2707 5699 2765 5737 n.
2799 5683 2886 5737 15.
