4166 6430
429 401 648 450 LXXXVI

1826 389 2441 454 PROLEGOMENA.

427 521 777 579 temerarius
807 522 1046 595 quidam
1069 522 1264 594 homo,
1290 521 1456 594 quasi
1479 525 1763 594 potestate
1800 523 1871 578 ab
1896 523 2079 595 impio
2109 526 2164 590 Α
2194 523 2522 596 legati.Ha2c
2536 524 3417 582 consceleratihomineslitteris
3431 523 3714 579 mandare
3727 538 3844 578 non

428 612 698 683 praefecto
725 612 784 667 in
807 612 1213 684 episcoporum
1238 613 1482 683 gratiam
1509 615 1771 683 accepta,
1797 611 2082 683 virginem

431 716 610 755 manu
639 701 943 773 abreptam
965 702 1036 756 ad
1055 702 1234 756 altare
1250 703 1392 756 forte
1410 701 1645 756 obvium
1675 705 1949 772 raptaret,
1965 701 2082 755 vim

431 788 574 845 olim
606 789 953 846 Christianis
984 789 1205 846 illatam
1237 794 1293 846 et
1333 795 1716 864 tyrannorum
1749 789 2082 844 violentiam

433 877 764 934 aemulatus.
797 878 953 935 Inter
981 879 1100 935 haec
1133 880 1391 936 facinora
1447 880 1643 935 videre
1673 883 1798 934 erat
1828 879 2087 951 virgines

431 967 650 1041 fugere,
704 973 759 1023 et
815 968 1076 1024 ethnicos
1133 969 1451 1025 Ecclesiam
1510 969 1721 1035 ridere,
1754 973 1812 1024 et
1841 968 2081 1041 quidem

432 1062 566 1114 ante
588 1057 744 1130 ipsas
762 1057 1172 1129 episcoporum
1188 1059 1359 1128 zedes,
1376 1074 1502 1130 quae
1519 1073 1716 1113 revera
1729 1061 1893 1113 erant
1907 1058 1968 1112 of
1969 1057 2085 1112 fici-

431 1163 507 1202 na
532 1145 804 1218 nequitiae
826 1151 882 1203 et
903 1148 1270 1203 diversorum
1295 1147 1672 1220 ﬂagitiorum.
1694 1147 1774 1201 Ex
1790 1146 2084 1218 eaquippe

434 1236 607 1292 domo
637 1235 849 1309 gladiis
882 1253 949 1292 ac
979 1236 1113 1292 telis
1145 1236 1420 1292 instructi
1471 1237 1803 1308 prodibant,
1838 1236 1936 1307 qui
1967 1235 2082 1290 vim

430 1328 486 1381 et
510 1324 668 1381 mala
695 1325 1022 1382 Catholocis
1053 1326 1357 1393 inferrent,
1382 1326 1484 1397 qui
1509 1325 1762 1398 virgines
1785 1325 1944 1381 nullo
1968 1343 2082 1380 non

430 1414 922 1471 contumeliarum
946 1431 1156 1486 genere
1177 1419 1503 1471 onerarent.
1524 1416 1593 1470 Et
1610 1415 1731 1470 haec
1750 1414 1859 1469 illae
1870 1413 2084 1486 jejunii

429 1508 692 1576 tempore
722 1521 756 1560 a
786 1503 1074 1558 militibus
1105 1503 1620 1562 contubernalibus
1652 1509 1709 1559 et
1741 1503 2084 1576 compotori-

431 1593 542 1649 bus
572 1592 982 1665 episcoporum
1014 1609 1301 1665 perpessa:
1334 1600 1490 1648 sunt.
1519 1594 1651 1657 Quae
1674 1599 1871 1649 autem
1895 1598 2083 1649 tanto-

430 1699 563 1738 rum
595 1681 949 1754 ﬂagitiorum
980 1683 1206 1738 occasio
1256 1682 1447 1752 fuerit,
1503 1682 1776 1755 nuspiam
1810 1684 2079 1738 traditur.

431 1772 647 1827 Verum
679 1772 952 1844 augurari
985 1771 1119 1827 licet
1148 1789 1213 1827 eo
1244 1771 1573 1844 iniquitatis
1599 1777 1656 1828 et
1686 1771 1973 1828 violentiae
2004 1772 2082 1828 le-

431 1864 598 1933 gatos
629 1865 686 1916 et
714 1862 1052 1933 praefectum
1086 1877 1446 1934 progressos,
1480 1862 1618 1934 quia
1647 1868 1949 1918 cernerent
1981 1880 2082 1934 po-

432 1947 634 2022 pulum
662 1949 1144 2016 Alexandrinum,
1169 1951 1539 2024 maximeque
1560 1951 1818 2024 virgines
1851 1952 2085 2008 horrere

430 2037 595 2094 illam
621 2039 988 2112 periniquam
1012 2044 1216 2095 contra
1234 2040 1620 2096 Athanasium
1645 2045 1933 2096 structam
1957 2059 2089 2097 con-

430 2127 834 2200 spirationem,
865 2133 921 2184 et
940 2129 1184 2184 fortasse
1202 2128 1533 2185 maledictis
1556 2131 1684 2201 ejus
1719 2131 1973 2186 artiﬁces
1996 2132 2087 2186 in-

430 2217 620 2290 sequi,
639 2235 774 2274 cum
792 2222 925 2291 post
941 2223 1172 2290 peracta
1190 2217 1290 2274 illa
1311 2219 1531 2274 nefaria
1556 2225 1937 2276 monumenta
1960 2238 2087 2292 pro-

430 2307 702 2364 cederent
733 2325 835 2380 per
864 2308 1092 2364 urbem.

500 2398 591 2452 20.
624 2397 961 2454 Athanasius
1018 2399 1334 2456 damnatur.
1371 2429 1439 2439 ——
1472 2399 1668 2472 Legati
1726 2400 1965 2455 demum
1997 2417 2084 2456 re-

430 2486 542 2542 bus
565 2485 837 2558 praeclare
858 2486 1041 2560 gestis
1099 2491 1312 2560 Tyrum
1348 2487 1759 2560 remigrarunt,
1791 2505 1925 2544 cum
1958 2507 2085 2546 sese

424 2575 551 2646 jam
563 2575 1584 2632 AthanasiusEusebianorumfurori
1599 2578 2082 2650 proripuisset(a),

433 2664 524 2720 Ait
539 2680 673 2721 vero
699 2665 987 2735 Socrates,
1011 2669 1142 2737 post
1159 2665 1357 2738 fugam
1381 2665 1790 2731 Athanasium,
1811 2667 2084 2722 declinati

428 2751 638 2824 judicii
667 2768 867 2820 causa,
899 2754 1242 2808 damnatum
1279 2754 1496 2822 fuisse;
1547 2759 1856 2827 postquam
1889 2761 2085 2812 autem

435 2846 568 2898 acta
587 2841 900 2898 Mareotica
924 2842 1104 2898 allata
1123 2847 1282 2914 sunt,
1311 2844 1698 2900 abdicationis
1720 2845 1778 2900 in
1800 2863 1934 2901 eum
1959 2862 2088 2902 scn-

433 2931 680 2986 tentiam
702 2930 912 2987 tulisse
932 2932 1312 2988 Eusebianos.
1337 2934 1690 2989 Sozomenus
1710 2951 1843 2989 vero
1867 2936 1961 3007 (ὁ),
1985 2935 2084 3006 qui

438 3020 644 3093 Tyrias
667 3037 758 3076 res
781 3020 1112 3078 accuratius
1135 3039 1312 3094 quam
1336 3021 1435 3078 alii
1459 3028 1741 3092 recenset,
1770 3024 1863 3080 his
1908 3042 2086 3096 prope

435 3111 627 3166 verbis
646 3126 767 3166 rem
790 3114 1040 3166 enarrat.
1067 3111 1334 3183 Synodus
1357 3113 1653 3168 absentem
1699 3114 2084 3170 Athanasium

436 3201 737 3256 damnavit
773 3205 829 3256 et
882 3199 1220 3273 episcopatu
1279 3202 1608 3270 abdicavit;
1671 3204 2085 3276 interdixitque

435 3290 597 3346 aditu
624 3289 1009 3358 Alexandriae,
1034 3307 1105 3346 ne
1127 3291 1494 3346 tumultuum
1526 3293 1950 3365 turbarumque
1981 3312 2083 3350 au-

436 3385 559 3436 ctor
578 3385 753 3436 esset.
777 3380 1066 3436 Joannem
1087 3397 1220 3435 vero
1242 3385 1298 3436 et
1319 3381 1596 3452 asseclas,
1623 3387 1905 3454 tanquam
1930 3385 2084 3456 inju-

435 3470 521 3526 ria
541 3469 743 3542 pulsos
767 3474 823 3526 et
843 3471 994 3525 male
1023 3474 1311 3541 acceptos,
1337 3471 1407 3526 ad
1437 3471 1868 3528 communionis
1903 3475 2084 3530 socie-

432 3563 614 3615 tatem
645 3559 921 3626 admittit,
954 3558 1322 3631 singulisque
1353 3577 1527 3616 suum
1560 3560 1618 3614 in
1651 3561 1805 3617 clero
1835 3563 2082 3634 gradum

434 3648 714 3704 restituit.
746 3649 894 3704 Hinc
923 3648 1136 3704 litteris
1168 3649 1506 3720 imperatori
1538 3655 1703 3721 gesta
1732 3668 1840 3706 sua
1865 3651 2085 3723 signiti-

434 3742 571 3793 cant
590 3738 926 3806 Eusebiani,
949 3737 1342 3809 epistolasque
1363 3738 1637 3794 omnibus
1661 3740 1877 3811 ubique
1899 3745 2083 3796 terra-

434 3844 564 3883 rum
591 3825 939 3900 prazsulibus
962 3827 1224 3898 mittunt,
1249 3828 1416 3898 queis
1435 3828 1739 3884 hortantur
1759 3834 1822 3884 ut
1842 3847 1911 3885 ne
1931 3829 2084 3885 ultra

432 3917 734 3974 Athanasii
765 3916 1166 3972 communioni
1213 3917 1332 3971 sint
1387 3918 1670 3990 adjuncti,
1733 3935 1844 3974 neu
1872 3918 2082 3976 litteris

433 4006 590 4062 ultro
621 4006 882 4078 citroque
915 4005 1114 4062 missis
1141 4005 1460 4061 amicitiam
1495 4023 1628 4061 cum
1662 4006 1761 4063 illo
1813 4008 2078 4077 foveant;

432 4095 745 4153 scelestum
775 4099 1071 4164 vocantes,
1092 4112 1255 4152 reum
1291 4096 1610 4152 multorum
1643 4097 1959 4153 criminum
1983 4099 2080 4153 de-

432 4185 812 4258 prehensum,
846 4186 983 4257 fuga
1013 4186 1276 4258 elapsum
1301 4186 1627 4258 judicibus,
1662 4188 1814 4259 quod
1867 4205 2080 4243 novum

434 4275 758 4332 facinorum
791 4281 946 4332 esset
978 4280 1412 4348 argumentum.
1453 4277 1567 4332 Hac
1597 4293 1769 4349 porro
1800 4278 1871 4332 de
1903 4293 2083 4333 causa

429 4364 682 4422 inﬂictas
713 4365 763 4421 ei
794 4382 994 4437 poenas
1027 4381 1176 4432 esse,
1237 4366 1392 4438 quod
1452 4383 1585 4421 cum
1630 4383 1784 4422 anno
1817 4367 2080 4438 proximo

430 4456 720 4529 synodum
741 4455 1042 4512 Athanasii
1075 4472 1254 4511 causa
1277 4455 1557 4511 celebrari
1589 4456 1867 4512 edixisset
1895 4456 2080 4529 impe-

429 4549 606 4613 rator,
639 4546 1019 4602 detrectasset
1048 4545 1143 4601 ille
1173 4545 1282 4601 iter
1337 4545 1662 4612 instituere,
1697 4546 1938 4601 tametsi
1973 4547 2079 4602 ad—

425 4639 668 4691 ventum
699 4634 886 4708 ipsius
903 4638 1305 4708 exspectantes
1329 4634 1496 4690 multi
1519 4635 1821 4708 prasules,
1846 4636 2079 4691 diutur-
2112 4659 2158 4723 D

428 4740 572 4779 num
627 4729 893 4780 Caesarea:
949 4728 1186 4797 tempus
1242 4728 1646 4794 extraxerant;
1681 4725 1889 4781 deinde
1920 4727 2075 4798 quod

427 4829 563 4869 cum
597 4812 836 4886 plurimi
884 4813 1290 4886 episcoporum
1327 4814 1462 4883 Tyri
1521 4815 1948 4880 convenissent,
1984 4815 2080 4872 ille

426 4901 803 4958 multitudine
832 4902 1085 4974 stipatus
1117 4903 1419 4970 accedens,
1443 4903 1634 4959 turbis
1662 4904 2077 4960 seditionibus-

426 5009 538 5064 que
549 4991 873 5048 excitandis
890 4995 1611 5063 navassetoperam,modo
1625 4992 1820 5049 oblata
1833 4993 2080 5050 crimina

424 5081 715 5154 depellere
744 5083 1030 5150 abnuens,
1067 5081 1239 5138 modo
1271 5081 1534 5152 singulos
1556 5083 1861 5155 episcopos
1883 5083 2078 5139 convi-

425 5172 530 5228 ciis
551 5176 609 5227 et
631 5171 859 5244 probris
881 5188 1153 5238 onerans,
1175 5171 1470 5226 interdum
1494 5173 1716 5228 accitus
1735 5189 1846 5227 non
1871 5189 2078 5244 gerens

427 5278 672 5318 morem.
707 5261 999 5317 Confracti
1032 5265 1227 5316 autem
1260 5260 1489 5334 mystici
1520 5261 1716 5333 poculi
1749 5261 2077 5316 convictum

424 5351 609 5406 fuisse
638 5350 1008 5418 denuntiant,
1037 5351 1208 5423 cujus
1239 5350 1322 5406 rei
1354 5354 1531 5407 testes
1556 5355 1754 5407 essent
1781 5350 2077 5407 Mareotici

496 5456 572 5529 (a)
602 5455 824 5529 Socrat.
857 5456 960 5527 lib,
996 5474 1034 5524 ι,
1078 5473 1205 5529 cap.
1237 5458 1328 5512 28.

523 5527 576 5601 ὁ)
606 5528 833 5601 So_zom.
868 5529 971 5601 lib.
1007 5546 1069 5598 Π,
1113 5527 1238 5601 cap.
1272 5529 1360 5584 25.

516 5600 565 5672 ε)
593 5598 804 5672 Athan.
837 5600 990 5672 Apol.
1024 5598 1218 5657 contra
1246 5601 1464 5671 Arium,
1499 5618 1558 5658 n.
1592 5601 1680 5658 17.

492 5671 570 5745 (ct)
596 5671 731 5745 ω).
767 5687 830 5739 u,
860 5671 986 5745 cap.
1019 5674 1072 5728 8.

491 5744 562 5816 (e)
595 5743 722 5800 Lib.
755 5761 842 5815 ιιι,
873 5743 1000 5819 cap.
1033 5747 1088 5802 6.

712 5942 733 5972 ἲ

2194 616 2576 669 erubuerunt.
2605 614 2931 687 Presbyteri
2956 620 3152 670 autem
3179 613 3495 684 Mareotici,
3519 611 3618 683 qui
3641 611 3844 668 confu-

2192 704 2354 757 tandi
2389 703 2636 774 [schyraz
2667 721 2843 758 causa
2864 709 3239 761 accesserunt
3277 704 3368 774 (c),
3402 719 3473 757 ne
3497 701 3680 757 auditi
3713 701 3844 773 qui-

2193 792 2347 858 dem,
2383 793 2598 864 repulsi
2633 799 2791 848 sunt.
2846 793 3010 848 Multi
3045 798 3240 849 tamen
3299 810 3366 848 ex
3423 789 3713 864 episcopis
3744 789 3846 862 qui

2193 881 2455 953 aderant,
2491 881 2937 954 iniquojudicio
2967 900 3033 938 ac
3064 884 3240 939 rebus
3271 886 3472 938 contra
3511 883 3608 952 jus
3640 881 3848 952 fasque

2193 970 2376 1041 gestis
2409 970 2652 1026 minimc
2684 972 2982 1043 astipulati
3017 977 3174 1027 sunt.
3208 972 3497 1026 Maximus
3528 974 3723 1024 autem
3750 972 3846 1025 Je-

2194 1059 2676 1130 rosolymitanus,
2709 1077 2840 1115 cum
2875 1061 2931 1114 in
2967 1061 3139 1116 turba
3187 1060 3604 1116 sceleratorum
3654 1057 3847 1115 consi-

2193 1153 2390 1213 steret,
2425 1149 2512 1204 vir
2543 1156 2737 1204 tamen
2768 1149 2903 1221 pius
2950 1155 3008 1204 et
3050 1149 3442 1205 sanctimonia
3488 1148 3760 1220 insignis,
3790 1151 3847 1202 et

2193 1237 2404 1292 Christi
2438 1238 2759 1305 confessor,
2792 1256 2825 1294 a
2878 1238 3204 1310 Paphnutio
3263 1238 3526 1311 Egyptio
3575 1237 3848 1310 episcopo

2193 1325 2410 1398 pariter
2442 1329 2794 1395 confessore,
2828 1328 2922 1383 cui
2953 1328 3203 1384 eﬂ'ossus
3233 1327 3441 1384 oculus
3483 1343 3587 1400 pro
3631 1325 3849 1382 Christi

2193 1416 2430 1472 nomine
2459 1417 2668 1483 fuerat,
2713 1434 2892 1472 manu
2951 1418 3198 1473 eductus
3254 1421 3343 1473 est
3371 1434 3440 1472 ex
3498 1416 3741 1488 synodo,
3776 1430 3850 1471 ne

2192 1521 2502 1577 pravorum
2519 1506 2744 1577 judicio
2763 1505 3199 1578 astipularetur.
3226 1507 3375 1562 Sunt
3397 1510 3590 1562 autem
3616 1505 3716 1577 qui
3743 1521 3848 1560 an-

2191 1599 2283 1649 tea
2314 1596 2369 1649 in
2408 1595 2535 1666 ipso
2568 1596 2773 1668 synodi
2806 1596 3057 1652 decursu
3114 1596 3177 1658 id.
3202 1602 3432 1668 gestum
3467 1595 3846 1651 arbitrentur.

2193 1682 2288 1738 Ait
2309 1689 2502 1739 autem
2524 1685 2789 1741 Socrates
2813 1685 2911 1756 (ά),
2946 1685 3262 1741 Maximum
3289 1683 3652 1740 damnationi
3674 1683 3852 1740 Atha-

2193 1773 2343 1827 nasii
2368 1773 2712 1846 suffragium
2737 1774 3071 1846 ascripisse.
3093 1774 3302 1829 Verum
3319 1773 3649 1829 accuratius
3663 1772 3850 1830 multo

2192 1866 2548 1917 Sozomenus
2584 1866 2678 1931 (c),
2714 1880 2890 1934 quam
2948 1864 3234 1930 Socrates,
3291 1880 3415 1932 qua:
3445 1863 3682 1935 Tyriam
3715 1878 3847 1934 spe-

2197 1956 2355 2006 ctant
2377 1953 2664 2023 synodum
2698 1953 3089 2024 pertractavit.
3116 1953 3229 2008 Nec
3255 1951 3385 2024 plus
3407 1952 3584 2008 habet
3607 1952 3853 2008 ﬁrmita-

2197 2043 2294 2108 tis;
2328 2041 2482 2112 quod
2518 2041 2599 2096 ait
2629 2042 2752 2113 ipsc
2783 2042 3051 2097 Socrates
3087 2043 3176 2113 (f),
3223 2041 3537 2097 Arsenium
3591 2041 3852 2097 subscri-

2198 2131 2386 2202 psisse
2407 2130 2708 2185 Athanasii
2730 2131 3106 2186 abdicationi.
3133 2131 3278 2186 Nam
3309 2131 3557 2204 .Egyptii
3591 2131 3850 2205 episcopi

2197 2236 2350 2274 anno
2373 2220 2496 2286 340,
2522 2223 2926 2275 contestantur
2963 2219 3076 2274 sibi
3111 2220 3421 2274 Arsenium
3452 2219 3668 2275 haerere
3694 2238 3708 2287 ;
3741 2225 3798 2276 et
3819 2237 3854 2276 a

2196 2325 2331 2363 vero
2365 2308 2546 2362 simili
2577 2309 2871 2379 abhorret,
2931 2309 3267 2372 Arsenium.
3331 2309 3431 2381 qui
3465 2313 3728 2381 tempore
3757 2327 3852 2384 sy-

2196 2397 2332 2453 nodi
2357 2414 2423 2453 ex
2445 2398 2713 2470 partibus
2734 2399 2927 2454 stabat
2947 2398 3269 2469 Athanasii,
3298 2403 3360 2454 ut
3377 2397 3851 2456 criminationem

2196 2487 2582 2559 propulsaret,
2617 2487 3093 2543 condemnationi
3124 2493 3328 2560 postea
3347 2488 3474 2558 ejus
3497 2488 3847 2561 suffragium

2196 2576 2448 2632 dedisse.
2484 2577 2795 2649 Ignoratur
2825 2593 2996 2649 porro
3030 2578 3273 2649 quinam
3324 2577 3582 2650 episcopi
3613 2577 3850 2634 abdica-

2195 2665 2337 2720 tioni
2361 2665 2665 2722 Athanasii
2690 2666 3057 2722 subscribere
3083 2666 3382 2722 renuerint
3404 2685 3416 2723 :
3438 2684 3594 2722 unus
3616 2671 3849 2724 tantum

2196 2760 2558 2810 memoratur
2615 2754 2918 2810 Marcellus
2977 2757 3336 2828 Ancyranus,
3393 2756 3564 2828 cujus
3595 2771 3849 2828 perszepe

2197 2843 2417 2900 mentio
2450 2845 2718 2901 inferius.

2265 2934 2354 2988 21.
2387 2935 2636 3005 Ischyras
2689 2936 2968 3006 cpiscopus
3019 2935 3401 2990 constituitur.
3435 2966 3502 2974 —
3535 2933 3727 2990 Unum
3755 2949 3849 2990 re-

2196 3022 2412 3090 stabat,
2437 3027 2500 3077 ut
2548 3023 2768 3078 scilicet
2795 3022 3038 3095 Ischyrae
3092 3023 3462 3095 sycophantae
3493 3027 3722 3096 pactam
3753 3040 3848 3078 ca-

2199 3112 2432 3167 lumnize
2465 3113 2791 3168 mercedem
2846 3112 3156 3168 Eusebiani
3210 3111 3519 3169 solverent.
3556 3114 3756 3185 Itaque
3787 3116 3852 3168 ut

2195 3202 2408 3274 optatis
2423 3203 2680 3257 hominis
2695 3203 2856 3257 ﬂeret
2869 3203 3010 3257 satis
3033 3204 3128 3273 (g),
3148 3219 3280 3257 eum
3293 3247 3306 3269 ,
3330 3202 3564 3258 tametsi
3587 3203 3850 3259 nondum

2115 3281 2158 3348 C
2197 3292 2622 3363 presbyterum,
2656 3290 2716 3345 in
2744 3290 2868 3346 vico
2901 3291 3088 3362 ipsius
3109 3292 3373 3346 omnium
3398 3291 3849 3347 Mareoticorum

2197 3381 2441 3435 minimo
2463 3381 2805 3452 episc0pum
2830 3381 3282 3436 constituerunt:
3296 3380 3494 3452 Neque
3515 3384 3710 3436 tamen
3732 3397 3848 3436 non

2199 3469 2599 3542 intelligebant
2621 3469 2704 3524 illi
2729 3486 2849 3524 rem
2877 3470 3298 3542 perabsurdam
3317 3469 3848 3542 perqueindignam

2196 3575 2343 3626 esse,
2379 3564 2553 3632 atque
2585 3559 2992 3614 ecclesiasticae
3024 3559 3324 3614 traditioni
3383 3559 3702 3614 adversari.
3731 3559 3845 3615 Sed

2195 3649 2460 3721 pactione
2486 3666 2594 3704 sua
2616 3649 2670 3704 id
2696 3665 2866 3720 agere
2890 3648 3183 3721 compulsi
3233 3653 3407 3716 sunt;
3438 3664 3511 3704 ne
3533 3649 3580 3705 si
3613 3649 3844 3721 ingrate

2194 3755 2327 3792 cum
2360 3737 2814 3793 sceleratissimo
2847 3737 3085 3793 homine
3138 3743 3428 3809 ageretur,
3459 3737 3718 3793 fabulam
3752 3737 3849 3795 ille

2193 3831 2374 3883 totam
2402 3827 2790 3881 denuntiaret.
2820 3827 3159 3899 Imperatori
3182 3827 3362 3899 igitur
3377 3831 3644 3883 auctores
3664 3828 3846 3896 fuere,

2194 3921 2259 3971 ut
2279 3915 2490 3972 litteris
2511 3916 2582 3971 ad
2615 3915 2979 3971 Catholicum
3002 3933 3103 3972 seu
3142 3916 3598 3972 Thesaurarium
3623 3917 3846 3984 missis,

2184 4006 2420 4076 juberet
2441 4005 2746 4060 ecclesiam
2790 4006 3034 4077 lschyrae
3067 4006 3338 4061 aedificari
3361 4006 3419 4061 in
3453 4005 3578 4062 loco
3602 4005 3716 4061 Pax
3745 4007 3844 4062 Se-

2191 4094 2486 4150 contaruri
2545 4095 2720 4163 dicto,
2773 4111 2838 4150 eo
2899 4095 3134 4167 quidem
3163 4095 3407 4152 consilio
3439 4100 3505 4152 ut
3536 4096 3847 4169 episcopus

2191 4201 2325 4239 cum
2349 4187 2504 4240 esset
2520 4189 2694 4255 atque
2742 4183 2990 4240 ecclesia
3012 4183 3257 4256 potitus,
3281 4185 3396 4240 ﬁde
3427 4185 3642 4257 dignus
3672 4185 3846 4240 habe-

2193 4277 2352 4328 retur
2371 4290 2504 4328 cum
2533 4274 2605 4328 de
2625 4273 2802 4329 calice
2820 4277 2877 4329 et
2899 4274 2968 4329 de
2995 4290 3198 4329 mensa
3222 4274 3394 4330 ferret
3415 4273 3842 4330 testimonium.

2191 4362 2427 4418 Nullum
2460 4363 2614 4418 enim
2649 4379 2911 4434 unquam
2943 4368 3151 4418 nactus
3184 4363 3372 4418 fuerat
3401 4363 3843 4436 obsequentem,

2190 4453 2495 4525 populum,
2530 4469 2602 4508 ne
2632 4458 2909 4525 cognatos
2941 4453 3180 4524 quidem
3212 4457 3269 4508 et
3299 4452 3508 4509 afﬁnes
3538 4469 3679 4508 suos
3705 4470 3718 4521 ;
3741 4452 3845 4509 sed

2192 4542 2554 4615 sycophanta
2579 4543 2856 4598 audiebat
2876 4543 3030 4614 apud
3053 4558 3278 4609 omnes,
3304 4546 3380 4614 et,
3405 4547 3470 4598 ut
3491 4542 3572 4597 ait
3590 4542 3845 4599 Athana-

2191 4632 2335 4700 sius,
2370 4632 2538 4704 quasi
2569 4633 2733 4688 canis
2765 4631 3093 4704 pellebatur
3123 4632 3359 4704 ubique.
3383 4631 3718 4689 Catholicus
3749 4649 3848 4688 au-

2190 4726 2306 4778 tem
2334 4721 2643 4794 epistolam
2663 4721 2824 4776 misit
2866 4722 2936 4776 ad
2961 4727 3285 4776 exactorem
3310 4721 3598 4793 Mareotze,
3624 4722 3846 4792 jubens

2189 4810 2498 4868 ecclesiam
2525 4811 2585 4866 in
2617 4810 2956 4881 hujusmodi
2995 4811 3118 4865 vico
3145 4810 3381 4866 excitari
3409 4829 3421 4867 :
3468 4811 3625 4882 quod
3645 4815 3843 4866 tamen

2190 4901 2433 4956 minime
2455 4903 2758 4972 peractum
2804 4898 2936 4965 fuit,
2961 4899 3062 4954 sed
3112 4915 3353 4954 vacuam
3379 4898 3477 4955 ille
3499 4898 3843 4956 etinutilem

2190 4990 2440 5046 servavit
2462 4987 2793 5061 epistolam,
2827 5005 3008 5058 quam
3041 4989 3113 5043 ad
3133 4989 3375 5044 verbum
3399 4989 3566 5044 aﬂ'ert
3585 4989 3842 5046 Athana-

2189 5097 2332 5136 SlUS.

2258 5172 2346 5224 2'3.
2386 5170 2636 5241 Episcopi
2668 5169 2820 5240 Tyrii
2861 5185 2894 5222 α
2948 5169 3306 5224 Constantino
3362 5171 3655 5223 evocantur
3679 5171 3844 5226 Jero—

2187 5259 2474 5331 sotymam.
2539 5258 2792 5329 Synodus
2849 5258 3351 5327 Jerosotymatana.
3416 5288 3478 5300 --
3527 5256 3846 5315 Eusebiani

2189 5349 2502 5405 Athanasio
2526 5349 2803 5403 damnato
2825 5347 2926 5418 (ἢ),
2952 5347 3203 5404 necdum
3230 5351 3426 5402 tamen
3451 5347 3731 5403 confectis
3753 5363 3844 5404 re-

2283 5455 2332 5530 f)
2365 5456 2558 5530 Lib._1,
2593 5470 2716 5524 cap.
2751 5454 2840 5508 32.

2408 5457 2416 5465 .
2752 5457 2818 5484 ,ο

2258 5457 2335 5654 ig)
2365 5457 3093 5607 agi).ld§.cggnti;..4rian.os,
3128 5542 3185 5580 n.
3219 5526 3309 5581 85.

2258 5605 2277 5654 (
2324 5600 2337 5654 l
2370 5599 2586 5654 Socrat.
2617 5595 2717 5653 11b.
2756 5614 2795 5654 ι.
2829 5613 2957 5654 can.
2987 5597 3056 5653 33
3084 5622 3099 5654 ς
3133 5597 3309 5654 Sozon

2257 5595 2586 5671 (misceret.
2617 5595 2717 5671 lib.
2756 5614 2802 5671 1,,
2829 5613 2957 5671 cap3
2987 5597 3056 5653 33
3079 5595 3099 5663 7;
3133 5597 3358 5655 Sozom.
3398 5596 3444 5671 _l,
3477 5613 3540 5666 ιι,
3571 5612 3702 5669 cap.
3731 5597 3837 5667 26;

2185 5667 2399 5735 Euseb.
2424 5669 2527 5727 lib.
2553 5686 2610 5726 1v
2629 5670 2702 5726 De
2749 5670 2862 5726 vita
2900 5667 3275 5742 Constantini,
3299 5687 3349 5726 c.
3386 5669 3454 5725 43
3481 5675 3538 5726 et
3567 5667 3834 5741 sequent.
