4166 6456
1677 504 1865 572 VITA
1909 504 1976 570 S.
2024 502 2472 571 ATHANASII.

3544 512 3769 567 LXXXIX

354 635 531 696 sisset
552 635 612 695 in
643 637 832 712 patria
860 658 965 699 sna
996 640 1067 700 ab
1099 640 1328 700 Eusebii
1364 642 1622 715 potentia
1653 648 1709 698 et
1732 642 2004 713 maligni—
2036 644 2089 709 Α
2122 644 2478 698 conferimus
2511 642 2568 699 in
2602 643 2905 701 exordium
2939 640 3078 699 anni
3108 641 3233 709 336,
3278 637 3448 712 cujus
3486 636 3771 710 temporis
3801 642 3813 647 “

354 730 492 783 tate.
546 729 938 793 Quamobrem
997 751 1129 789 vero
1184 733 1439 789 similius
1485 734 1841 788 arbitramur
1888 732 2009 787 haec

354 816 572 873 dixisse
602 820 1055 877 Constantinum
1074 824 1393 893 juniorem,
1422 828 1485 877 ut
1507 823 1689 894 patris
1714 821 2007 877 memoria:

352 906 702 979 consuleret,
728 913 904 981 atque
926 911 1076 982 pulsi
1105 912 1410 967 Athanasii
1441 912 1813 983 iniquitatem
1839 916 1896 966 et
1918 911 2005 964 in-

351 995 571 1052 vidiam
607 998 870 1055 minuere
884 1000 1092 1055 saltem
1110 1005 1323 1072 posset.
1340 1002 1529 1056 Nmita
1545 1002 1601 1055 in
1616 1000 2005 1055 Athanasium

352 1090 762 1158 exasperatum
793 1089 1163 1145 Constantini
1197 1090 1461 1145 animum
1490 1094 1733 1146 narrant
1758 1088 2005 1161 [Egyptii

353 1174 652 1246 prmsules,
673 1180 739 1231 ut
761 1194 829 1232 ex
851 1177 975 1233 sola
1000 1179 1264 1234 numinis
1285 1179 1648 1251 providentia
1665 1178 1881 1233 factum
1907 1195 2008 1249 pu-

352 1265 499 1329 tent,
524 1266 681 1335 quod
715 1266 918 1321 exsilio
951 1271 1206 1335 tantum,
1242 1285 1357 1323 non
1389 1268 1597 1339 capite,
1628 1267 1819 1322 virum
1852 1267 2004 1322 mul-

350 1355 521 1409 taret.

420 1442 509 1495 29.
547 1442 946 1500 Constantinus
975 1450 1122 1501 vetat
1168 1447 1347 1501 alium
1376 1446 1516 1514 eligi
1543 1448 1604 1502 in
1636 1446 1815 1502 locum
1845 1446 2006 1502 Atha-

346 1533 517 1586 nasii.
543 1534 841 1589 Marcellus
871 1534 1194 1591 damnatur.
1232 1568 1299 1575 ——
1333 1538 1395 1591 In
1429 1536 1737 1592 Athanasii
1773 1534 1928 1607 pulsi
1951 1540 2007 1591 et

349 1620 519 1691 ejecti
536 1620 751 1693 locum,
772 1623 952 1679 alium
976 1624 1244 1680 factionis
1262 1643 1380 1681 sum
1396 1626 1735 1698 episcopum
1754 1625 2005 1697 deligere

350 1711 633 1781 parabant
669 1713 979 1768 Eusebiani
1013 1714 1309 1769 etAriani.
1344 1715 1561 1770 Verum
1587 1715 2004 1771 Constantinus

350 1798 667 1856 sceleratos
700 1818 734 1857 ει
763 1802 862 1857 tali
897 1820 1046 1858 ausu
1080 1804 1337 1859 coercuit
1371 1805 1468 1874 (al,
1502 1805 1639 1876 quia
1672 1804 2003 1860 oblatarum

349 1888 483 1961 Tyri
504 1889 821 1945 criminum
841 1893 1143 1947 convictus
1165 1911 1279 1949 non
1301 1893 1511 1949 fuisset
1526 1894 1882 1949 Athanasius
1905 1895 2000 1966 (ὑ).

349 1978 765 2050 Nequetamen
792 1980 899 2052 illi,
926 1999 1044 2053 qua
1059 1983 1559 2054 erantpervicacia
1579 1988 1636 2038 et
1658 1983 2001 2051 temeritate,
2036 2017 2081 2081 B

350 2067 524 2122 finem
559 2068 852 2123 faciebant
884 2069 1004 2125 haac
1032 2070 1331 2137 moliendi,
1359 2073 1542 2127 donec
1563 2072 1864 2127 intentatis
1897 2072 1999 2126 mi-

348 2155 440 2211 nis
467 2156 806 2229 imperator,
832 2160 1159 2231 petulantes
1190 2161 1461 2216 homines
1493 2179 1526 2215 a
1556 2165 1742 2233 empto
1775 2165 1831 2216 et
1862 2179 1997 2233 pr0«

346 2245 537 2317 posito
569 2247 904 2303 deterreret.
940 2249 1060 2304 Sub
1093 2249 1247 2305 idem
1282 2251 1462 2305 ferme
1492 2255 1727 2323 tempus
1761 2252 1997 2323 presby-

346 2334 458 2389 teri
490 2343 745 2406 quatuor
792 2335 1189 2404 Alexandrini,
1225 2340 1380 2409 quod
1420 2339 1689 2411 episcopo
1722 2356 1827 2394 suo
1861 2357 1998 2395 can-

338 2423 710 2495 junetissimi
759 2430 978 2491 essent,
1039 2427 1191 2498 pulsi
1243 2427 1460 2500 pariter
1507 2433 1565 2483 et
1624 2428 1679 2482 in
1726 2428 1997 2484 exsilium

348 2512 464 2568 acti
496 2517 663 2581 sunt;
722 2531 976 2585 quorum
1012 2515 1129 2571 haec
1162 2517 1424 2584 nomina,
1465 2517 1706 2585 Paulus,
1744 2517 1995 2589 Plution,

344 2601 676 2674 Aphtonius
708 2606 766 2658 et
796 2604 1013 2659 Paulus
1042 2604 1339 2676 Capitonis
1373 2606 1531 2662 filius
1564 2608 1650 2678 (ε).

416 2691 508 2746 30.
542 2691 857 2747 Eusebiani
903 2709 1181 2765 prospero
1238 2711 1433 2750 rerum
1467 2701 1673 2751 eventu
1710 2695 1845 2761 lenti,
1873 2696 1997 2766 jam

345 2798 480 2836 cum
515 2784 774 2852 potestas
808 2788 950 2851 erat,
982 2784 1331 2840 adversariis
1362 2785 1485 2839 suis
1518 2784 1832 2857 perniciem
1872 2802 1996 2839 ma-

348 2869 677 2925 chinantur.
731 2870 1119 2934 Quamobrem
1154 2873 1443 2945 synodum
1476 2874 1996 2946 Constantinopoli,

349 2963 706 3032 repugnante
732 2959 858 3015 licet
882 2959 1205 3016 Alexandro
1227 2961 1400 3017 istius
1424 2963 1586 3018 urbis
1601 2963 1873 3036 episcopo
1898 2963 1994 3035 (ἄ),

347 3046 670 3115 celebrant;
707 3053 764 3103 et
797 3050 951 3121 quod
985 3049 1042 3104 in
1066 3051 1213 3105 votis
1243 3055 1385 3121 erat,
1420 3051 1671 3107 Marcelli
1706 3069 1883 3108 causa
1914 3053 1996 3107 af-

343 3135 527 3192 fertur
558 3137 615 3192 in
649 3137 928 3192 medium.
964 3139 1017 3194 Is
1051 3139 1268 3193 librum
1301 3157 1497 3211 suum,
1532 3141 1686 3212 quod
1746 3146 1881 3195 ante
1925 3140 1994 3212 (si

342 3226 563 3281 Socrati
612 3226 782 3296 fides)
842 3227 1210 3299 promiserat,
1269 3228 1525 3284 ﬂammis
1574 3229 1711 3284 dare
1742 3234 1994 3284 recusat.

342 3316 735 3381 Quamobrem
769 3317 1033 3372 abdicata
1066 3316 1185 3384 illo,
1236 3317 1488 3373 Basilius
1519 3318 1576 3372 in
1627 3318 1756 3389 ejus
1785 3318 1996 3390 deligi-

2120 731 2267 786 ratio
2290 733 2557 803 pluribus
2587 734 2831 789 inferius
2868 733 3205 805 indaganda
3235 729 3443 786 veniet.

2187 824 2241 875 2.
2278 822 2440 877 Arius
2495 824 2834 879 Alexandria
2887 825 3079 895 pulsus
3139 818 3671 889 Constantinopolim
3716 830 3772 870 se

2117 910 2341 980 confert.
2377 912 2530 966 Inter
2567 912 2689 967 haec
2731 912 3043 969 Eusebiani
3098 927 3306 965 nervos
3337 923 3543 963 omnes
3595 904 3769 959 indu-

2119 998 2272 1052 striae
2304 1001 2750 1072 contendebant,
2772 1006 2837 1056 ut
2866 1006 3039 1056 tanta)
3060 999 3231 1056 molis
3257 1016 3401 1069 rem,
3426 995 3546 1051 Arii
3567 992 3771 1050 videli—

2119 1092 2209 1142 cet
2238 1088 2295 1142 in
2354 1089 2669 1145 Ecclesiam
2704 1090 3048 1146 admittendi
3106 1088 3496 1163 propositum,
3531 1084 3766 1158 perfice-

2118 1181 2246 1232 rent
2280 1178 2373 1249 (g).
2408 1179 2462 1234 Is
2483 1180 2840 1252 Jerosolyma
2868 1178 3282 1235 Alexandriam
3305 1176 3599 1248 profectus
3621 1175 3765 1237 erat,

2117 1269 2182 1320 ut
2205 1268 2377 1337 jussu
2413 1268 2618 1340 synodi
2651 1271 2722 1323 ad
2768 1269 3198 1324 Catholicorum
3230 1265 3505 1322 collectas
3536 1263 3769 1318 accede-

2117 1358 2223 1409 ret.
2258 1354 2471 1411 Verum
2504 1356 2881 1413 Alexandrini
2913 1358 3154 1431 indigne
3187 1357 3436 1412 ferentes
3465 1353 3764 1423 impurum

2114 1443 2412 1500 hominem
2446 1446 2877 1502 Catholiearum
2902 1464 3029 1503 sese
3050 1448 3225 1502 rebus
3252 1443 3604 1507 immiscere,
3628 1440 3764 1496 effe-

2115 1533 2225 1587 rati
2260 1533 2395 1589 item
2433 1536 2638 1591 nuntio
2661 1538 2947 1592 antistitis
2978 1536 3066 1592 sui
3090 1534 3351 1591 artificiis
3374 1536 3430 1587 et
3462 1529 3766 1586 fraudibus

2114 1621 2517 1678 haereticorum
2552 1626 2688 1680 sede
2714 1630 2771 1681 et
2802 1626 2989 1698 patria
3008 1624 3183 1698 pulsi,
3201 1624 3259 1677 in
3288 1621 3637 1677 sceleratum
3660 1616 3766 1671 ho-

2116 1711 2334 1766 minem
2386 1714 2685 1779 commoti,
2730 1715 2937 1770 turbas
3001 1731 3067 1770 ac
3110 1711 3404 1768 tumultus
3452 1708 3765 1772 concitant,

2116 1800 2500 1872 futurumque
2532 1807 2655 1858 erat
2687 1808 2749 1859 ut
2780 1808 2900 1860 tota
2922 1803 3123 1859 civitas
3147 1802 3429 1857 seditione
3449 1797 3768 1868 conﬂagra-

2115 1893 2219 1957 ret,
2253 1888 2365 1944 nisi
2414 1892 2853 1961 Constantinus,
2903 1898 3213 1966 postquam
3264 1904 3593 1963 perversam
3649 1883 3765 1938 Arii

2116 1982 2370 2033 mentem
2393 1986 2773 2053 compererat,
2802 1999 2936 2038 eum
2960 2000 3167 2038 rursus
3198 1974 3765 2048 Constantinopolim

2112 2073 2430 2135 avocasset,
2465 2069 2751 2125 rationem
2781 2076 3047 2127 motuum
3082 2071 3477 2133 redditurum,
3510 2079 3765 2138 quorum

2111 2173 2215 2211 nec
2248 2158 2493 2213 obscure
2522 2160 2833 2216 aucterillc
2853 2159 3387 2216 fuisset.Eusebius
3408 2161 3603 2212 tamen
3620 2169 3764 2224 quo-

2110 2247 2246 2300 dam
2277 2246 2403 2303 loco
2435 2248 2535 2317 ait,
2572 2253 2772 2321 rogatu
2792 2266 2918 2317 suo,
2953 2247 3463 2321 repugnantclicet
3488 2260 3554 2299 ac
3585 2241 3765 2296 invita

2110 2335 2457 2408 Alexandra,
2491 2339 2739 2394 accitum
2763 2340 2964 2395 Arium
2990 2341 3062 2394 ab
3084 2339 3433 2411 imperatore
3457 2334 3638 2390 fuisse
3666 2331 3765 2402 (h).

2111 2425 2426 2481 Evacatum
2457 2427 2661 2482 Arium
2694 2429 2979 2483 Eusebius
3010 2432 3066 2483 et
3113 2426 3371 2496 asseclae,
3406 2422 3593 2480 solitis
3624 2420 3764 2477 arti-

2112 2514 2224 2569 bus
2257 2532 2322 2569 ac
2379 2532 2482 2586 pro
2540 2517 2743 2572 innata
2769 2518 3020 2582 vafritie,
3076 2517 3361 2573 curabant
3409 2514 3467 2567 in
3498 2508 3766 2567 Ecclesiae

2118 2605 2775 2678 Canstantinopolitanaz
2809 2611 3127 2662 conventus
3150 2604 3408 2661 admitti.
3434 2604 3617 2669 Quam
3640 2614 3765 2654 rem

2114 2696 2179 2746 ut
2212 2692 2585 2764 imperatoris
2599 2696 2941 2751 auctoritate
2955 2696 3238 2750 conficere
3257 2694 3515 2765 possent,
3538 2690 3607 2745 de
3628 2687 3765 2743 ﬁdei

2112 2781 2362 2836 formula
2394 2778 2771 2840 Constantino
2818 2786 3111 2840 offerenda
3142 2801 3259 2839 una
3298 2797 3502 2837 omnes
3533 2776 3763 2852 prospi-

2111 2871 2293 2938 ciunt,
2324 2878 2760 2945 praecaventque
2784 2891 2853 2929 ne
2868 2874 3007 2945 quid
3024 2874 3082 2929 in
3098 2873 3197 2928 illo
3211 2869 3553 2927 offensionis
3569 2883 3765 2923 accur-

2110 2964 2218 3014 rat.
2242 2961 2576 3031 Ingressum
2593 2963 2857 3034 posthaec
2870 2962 3071 3017 Arium
3089 2962 3409 3033 interrogat
3425 2958 3761 3029 imperator,

2111 3066 2253 3103 num
2287 3050 2552 3105 Ecclesia
2585 3051 2881 3106 catholicae
2915 3051 3317 3107 teneatﬁdem.
3351 3047 3474 3114 Ille,
3506 3045 3599 3101 cui
3633 3059 3764 3117 per-

2107 3138 2243 3193 inde
2274 3145 2398 3193 erat
2428 3141 2498 3194 ad
2532 3141 2857 3211 perjurium
2874 3144 3045 3212 atque
3058 3141 3127 3195 ad
3147 3138 3517 3193 mendacium
3534 3133 3766 3190 accede-

2109 3243 2190 3295 re,
2223 3243 2285 3282 se
2316 3233 2468 3283 recte
2490 3227 3397 3301 sentirejuramentoconﬁrmat,
3417 3242 3481 3280 ac
3497 3222 3762 3278 libellum

2108 3316 2275 3371 affert
2307 3317 2465 3382 fidei,
2500 3318 2598 3372 ubi
2630 3318 2918 3373 occultata
2937 3318 3483 3385 haereseosveneno,
3506 3311 3764 3383 Scriptu-

343 3409 440 3460 tur
460 3404 678 3462 locum.
705 3405 872 3460 Vetat
902 3410 1095 3460 autem
1123 3406 1478 3478 synodorum
1504 3407 1992 3462 RomanaeetSar-
2026 3396 2070 3459 C
2110 3422 2185 3459 rae
2219 3422 2388 3461 voces
2436 3406 2635 3462 dolose
2696 3410 3037 3479 usurpabat.
3076 3409 3227 3462 Tum
3285 3405 3639 3476 imperator:
3701 3398 3763 3455 Si

345 3494 603 3550 dicensis
621 3494 962 3565 auctoritas,
990 3512 1059 3549 ne
1084 3499 1357 3565 putemus
1377 3512 1630 3551 errarem
1657 3496 1716 3550 in
1740 3495 1997 3551 Marcelli

345 3583 583 3656 scriptis
614 3582 926 3639 exstitisse.
954 3583 1102 3639 Nam
1125 3585 1395 3657 expensis
1418 3585 1549 3640 istic
1568 3584 1824 3641 Marcelli
1848 3585 2001 3641 clau-

345 3672 515 3739 sulis,
550 3689 800 3744 quarum
834 3689 1013 3727 causa
1045 3673 1360 3728 damnatus
1392 3681 1445 3729 et
1476 3675 1612 3730 sede
1644 3673 1850 3745 pulsus
1884 3675 1999 3729 fue-

345 3765 455 3830 rat,
488 3761 923 3833 deprehensum
957 3766 1045 3817 est
1065 3762 1253 3817 virum
1278 3763 1677 3832 rectesentire,
1705 3769 1761 3818 et
1784 3764 2001 3835 injuria

347 3851 403 3906 fu
416 3851 530 3906 isse
545 3850 903 3906 abdicatum.
931 3851 1220 3907 Eusebius
1235 3869 1404 3924 parra
1419 3852 1999 3925 Caesariensisjussu,

347 3944 412 3995 ut
441 3944 696 3996 testatur
726 3939 872 4011 ipse,
907 3940 1565 4013 Constantinopolitanze
1599 3943 1825 4014 synodi,
1852 3946 2003 3997 Mar-

346 4028 477 4085 celli
507 4028 728 4085 librum
750 4029 1091 4096 confutavit,
1116 4047 1290 4102 quem
1317 4030 1651 4086 Marcellum
1684 4033 1739 4086 in
1766 4032 1893 4104 ipso
1913 4032 2003 4087 sui

349 4118 544 4192 operis
596 4118 830 4173 exordio
862 4118 1092 4173 invidiae
1124 4136 1190 4174 ac
1231 4119 1428 4175 livoris
1460 4124 1696 4176 accusat
1742 4122 1837 4176 bis
1883 4139 2004 4176 ver-

348 4207 440 4264 bis
474 4225 487 4263 :
521 4208 584 4262 Ἡ
644 4204 894 4269 ὑπόθεσις
952 4205 1097 4279 αὐτῷ
1148 4213 1250 4276 τῆς
1299 4214 1515 4286 γραφῆς
1579 4211 1612 4277 ἡ
1678 4207 2007 4287 μισαδελφία

348 4297 581 4365 κατέστη
619 4317 631 4330 ·
663 4295 726 4349 τὸ
758 4293 815 4350 δὲ
842 4293 1046 4364 ταύτης
1081 4292 1254 4351 αἷίειον
1292 4294 1462 4367 ζηλος
1493 4298 1583 4352 καὶ
1615 4298 1833 4376 φθόνος.
1869 4303 2008 4371 Ejus

349 4403 487 4443 vero
519 4385 849 4442 doctrinam
884 4385 1089 4442 multis
1138 4386 1482 4443 nominibus
1516 4388 1734 4460 culpat.
1769 4389 2009 4455 Verum,

350 4481 418 4532 ut
444 4475 591 4531 alias
624 4479 1156 4531 commonstratum
1188 4480 1297 4542 est,
1335 4477 1564 4532 detorta
1616 4494 1871 4551 persaepe
1903 4479 2008 4533 viri

350 4563 665 4630 sententia,
716 4568 890 4636 atque
922 4565 992 4619 ad
1037 4581 1270 4636 pravam
1306 4564 1641 4637 Opinionem
1672 4566 1728 4620 vi
1780 4568 2009 4623 ratioci-

350 4654 432 4710 nii
458 4654 731 4722 deducta,
760 4656 1018 4709 utettam
1041 4656 1293 4709 testatur
1305 4653 1501 4711 Julius
1515 4655 1742 4728 Papain
1764 4656 2011 4729 epistola

351 4745 423 4800 ad
456 4742 777 4799 orientales
806 4744 899 4815 (e).

422 4835 588 4888 Anno
646 4831 770 4887 336.
804 4862 872 4871 ——-
929 4833 979 4887 1.
1011 4832 1346 4889 Athanasius
1377 4834 1624 4891 Treviros
1650 4836 1910 4892 concedit.
1944 4869 2012 4878 —-

348 4921 714 4979 Athanasius
754 4921 947 4977 solum
981 4929 1201 4977 vertere
1232 4926 1490 4994 coactus,
1525 4925 1791 4980 Treviros
1822 4926 2013 4982 exsilii

351 5012 548 5069 locum
580 5010 912 5067 contendit:
943 5026 1008 5067 eo
1031 5028 1165 5066 cum
1190 5012 1571 5084 pervenisset,
1598 5032 1631 5069 a
1654 5015 1818 5070 beato
1840 5018 2013 5071 Maxi—

353 5102 515 5159 mino
554 5104 683 5156 tum
716 5100 990 5173 episcopo
1022 5101 1464 5173 perhumaniter
1493 5109 1767 5175 exceptus
1798 5110 1887 5161 est
1914 5106 2010 5180 (Γ).

354 5190 611 5248 Treviris
640 5190 1137 5245 versabaturitem
1152 5191 1784 5262 Constantinusjunior
1808 5212 1821 5262 ;
1841 5212 1874 5249 a
1896 5213 2013 5267 quo

354 5280 577 5354 pariter
601 5279 922 5335 honorifice
954 5278 1216 5345 habitus,
1250 5280 1645 5353 omnibusque
1676 5283 1747 5339 ad
1791 5283 2011 5341 victum

355 5371 795 5442 honestumque
816 5368 1041 5423 cultum
1068 5369 1418 5426 necessariis
1433 5370 1665 5427 abunde
1688 5371 2014 5429 instructus

355 5462 488 5518 fuit.
520 5461 664 5533 Ejus
688 5475 860 5532 porro
881 5457 1150 5514 Treviros
1171 5459 1486 5515 adventum
1507 5477 1642 5517 cum
1664 5461 1802 5518 viris
1825 5463 2015 5519 doctis

451 5654 485 5694 a
535 5636 771 5710 Apolog.
796 5640 991 5692 contra
1016 5636 1236 5693 Arian..
1260 5653 1319 5694 n.
1349 5637 1443 5695 29.

452 5638 507 5779 bi
536 5709 756 5765 Athan.
782 5706 960 5777 ibid.,
988 5724 1047 5763 n.
1069 5707 1161 5763 50.

452 5707 507 5779 b)
536 5707 756 5765 Athan.
782 5707 960 5777 ibid.,
988 5724 1047 5763 n.
1069 5707 1161 5763 50.

452 5784 502 5864 cl
522 5780 738 5864 athan‘.
771 5778 943 5864 ibid,
976 5796 1037 5837 n.
1067 5780 1226 5864 40.“
1298 5852 1331 5864 ﬁ
1551 5852 1586 5864 Π

450 5852 507 5927 d)
533 5853 759 5910 Socrat.
792 5850 897 5908 lib.
928 5869 968 5923 ι,
1003 5868 1130 5924 cap.
1154 5850 1261 5921 37;
1296 5852 1525 5911 Sozam.
1550 5852 1653 5911 lib.
1677 5869 1739 5925 ιι,
1769 5870 1895 5926 cap.
1917 5855 2009 5912 29.

2109 3510 2275 3561 sana,
2307 3493 2517 3565 inquit,
2549 3500 2634 3550 est
2668 3497 2811 3552 fides
2834 3501 2954 3565 tua,
2972 3495 3377 3569 prabejurasti
3404 3492 3526 3561 ;sin
3557 3488 3757 3561 impia,

2110 3585 2167 3638 et
2196 3586 2391 3637 tamen
2418 3585 2628 3653 jurasti
2663 3587 2733 3642 de
2754 3587 2954 3657 jurato
2997 3587 3151 3641 Deus
3182 3587 3379 3640 sumat
3410 3596 3632 3653 pinnas.
3668 3578 3761 3632 Di-

2111 3672 2293 3727 misso
2327 3674 2398 3728 ab
2448 3674 2796 3746 imperatore
2825 3676 2958 3731 Aria
2989 3674 3282 3731 Eusebius
3330 3676 3387 3728 et
3416 3669 3558 3727 socii
3592 3666 3766 3723 solita

2112 3760 2203 3815 usi
2230 3762 2553 3832 petulantia
2584 3763 2639 3817 in
2656 3764 2959 3819 ecclesiam
2995 3764 3220 3819 aditum
3244 3758 3763 3817 faceretentabant.

2110 3850 2369 3906 Jacobus
2400 3855 2592 3907 autem
2628 3854 2955 3909 Nisibensis
2977 3854 3310 3926 cpiscopus,
3344 3850 3559 3924 pietate
3585 3846 3674 3900 vir
3698 3861 3763 3900 ac

2116 3939 2416 3995 miraculis
2468 3941 2683 4010 clarus,
2732 3944 3045 3999 Catholicis
3094 3948 3298 3998 auctor
3340 3939 3451 3997 fuit
3483 3942 3549 3993 ut
3586 3936 3763 3991 tanta;

2117 4028 2468 4085 calamitatis
2500 4032 2853 4088 declinandae
2886 4050 3065 4088 causa
3090 4047 3290 4103 preces
3322 4030 3393 4085 ad
3420 4030 3598 4084 Deum
3632 4025 3762 4078 fun-

2118 4118 2341 4174 derent.
2376 4119 2712 4177 Obsistebat
2743 4123 2882 4177 item
2915 4118 3599 4189 Constantinapolitanus
3630 4127 3770 4186 prae-

2119 4206 2233 4274 sul,
2268 4225 2383 4263 non
2416 4210 2627 4266 debere
2658 4212 3122 4267 aienshaereseos
3144 4214 3464 4275 auctorem,
3491 4207 3681 4261 locum
3705 4202 3764 4257 in

2118 4297 2364 4353 ecclesia
2392 4316 2699 4372 occupare.
2750 4304 2821 4356 At
2869 4300 3202 4366 Eusebiani,
3236 4297 3467 4371 jactatis
3497 4291 3766 4350 intermi-

2119 4386 2616 4457 nationibus,haec
2647 4391 3021 4463 impudenter
3036 4391 3138 4445 fari
3168 4408 3180 4445 :
3206 4389 3279 4445 Ut
3299 4382 3768 4459 repugnantibus

2118 4474 2252 4530 licet
2279 4477 2444 4532 vobis
2478 4479 2923 4551 impetravimus
2950 4478 3173 4535 evocari
3195 4479 3268 4533 ab
3300 4476 3651 4546 imperatore
3680 4468 3771 4523 vi—

2119 4581 2282 4633 rum;
2320 4567 2399 4623 ita
2454 4568 2547 4623 die
2580 4570 2857 4641 crastina,
2909 4574 2962 4625 te
3015 4569 3150 4623 licet
3197 4566 3397 4631 invito,
3458 4562 3768 4618 nobiscum

2118 4653 2293 4710 Arius
2368 4656 2427 4711 in
2477 4657 2586 4713 hac
2662 4659 2910 4715 ecclesia
2958 4659 3145 4714 aderit
3199 4652 3529 4712 conventui.
3592 4647 3769 4715 Queis

2119 4743 2451 4802 Alexander
2479 4747 2717 4814 auditis,
2738 4749 2946 4822 grandi
2968 4762 3209 4803 maerore
3227 4745 3523 4819 perfusus,
3547 4740 3771 4813 ingres-

2123 4850 2224 4890 sus
2272 4840 2362 4891 est
2391 4836 2450 4891 in
2508 4836 2816 4894 ecclesiam
2852 4839 3013 4894 [rene
3070 4835 3579 4910 cognominatam;
3623 4843 3768 4901 sup-

2121 4923 2420 4998 plicesque
2451 4944 2663 4983 manus
2696 4929 2767 4983 ad
2808 4928 2989 4983 Deum
3022 4927 3288 4998 tendens,
3345 4923 3770 4995 collacrymans

2122 5012 2182 5068 in
2200 5014 2424 5070 vultum
2440 5016 2688 5088 procidit
2705 5018 2857 5074 intra
2871 5018 3192 5074 sacrarium
3214 5034 3228 5086 ;
3243 5013 3527 5085 humique
3540 5013 3770 5083 jacens,

2122 5104 2360 5161 auditus
2393 5123 2425 5160 a
2447 5107 2698 5162 Macario
2730 5108 3069 5181 presbytero
3099 5110 3189 5164 est
3220 5107 3397 5162 hasce
3428 5112 3658 5159 maestas
3680 5102 3769 5158 ef-

2122 5193 2367 5250 fundere
2409 5212 2599 5253 vaces.
2634 5196 2695 5252 Si
2740 5197 2903 5254 Arius
2941 5200 3185 5255 crastina
3220 5196 3310 5252 die
3337 5195 3407 5252 ad
3448 5199 3771 5250 conventum

2122 5283 2355 5349 accedet,
2387 5301 2475 5339 me
2502 5301 2715 5342 servum
2744 5290 2905 5342 tuum
2931 5304 3002 5343 ea:
3038 5288 3139 5343 hac
3164 5288 3284 5343 luce
3308 5285 3592 5351 dimittito,
3623 5284 3673 5337 et
3702 5297 3774 5337 ne

2121 5374 2274 5428 sinas
2304 5390 2429 5429 cum
2456 5376 2631 5445 impio
2644 5378 2805 5447 pium
2822 5378 3160 5432 commisceri
3188 5381 3241 5432 et
3261 5393 3375 5431 una
3394 5373 3644 5430 interire.
3671 5369 3773 5426 Sin

2122 5465 2426 5520 L‘cctesiam
2452 5467 2741 5522 miseraris
2770 5474 2943 5537 tuam,
2994 5470 3045 5523 et
3074 5467 3292 5540 quidem
3335 5466 3640 5537 misereris,
3674 5465 3772 5522 hoc

2251 5642 2268 5725 )
2299 5642 2911 5725 Athan-{1pm.com}?
2938 5644 3132 5702 Arian.
3166 5663 3226 5702 n.
3257 5648 3345 5703 32.

2245 5713 2259 5785 )
2288 5713 2501 5787 Athan.
2526 5713 2694 5787 ibid.,
2729 5733 2788 5772 n.
2820 5717 2912 5770 87.

2253 5786 2270 5861 )
2301 5786 2522 5861 Socrat.
2554 5785 2731 5861 l_ib.'1,
2756 5788 3010 5861 cap.37;
3046 5788 3274 5861 Sozam.
3308 5788 3413 5845 lib.
3437 5804 3501 5857 II,
3534 5791 3768 5861 cap.29.

2255 5858 2273 5927 )
2303 5857 2515 5913 Athan.
2547 5858 2720 5930 Epist.
2752 5860 2817 5916 de
2831 5857 3016 5917 'morte
3042 5858 3186 5928 Arii,
3218 5876 3275 5915 n.
3300 5861 3356 5914 2.
3498 5884 3499 5887 η
