4166 6438
421 566 503 622 ιο

1825 552 2441 620 PROLEGOMENA.

422 693 560 752 beue
586 692 734 762 novi,
758 693 1140 750 animadverte
1183 692 1402 750 Eusebii
1420 700 1472 750 et
1497 694 1777 750 sociorum
1806 695 1992 762 verba,
2027 698 2076 750 et
2107 691 2160 757 Α
2191 691 2450 749 hominis
2467 692 2695 750 animos
2712 693 2945 767 fecit,ut
2965 694 3041 752 im
3054 695 3503 770 pensiusveram
3517 693 3845 753 doctrinam

422 801 495 841 ne
512 783 729 840 dederis
758 785 820 838 in.
848 785 1090 840 exitium
1118 788 1168 840 et
1212 785 1269 839 in
1301 785 1660 856 opprobrium
1703 784 2081 840 haereditatem

424 882 597 944 tuam,
632 890 703 929 ac
720 874 854 929 tolle
880 875 1098 941 Arium,
1123 890 1192 928 ne
1212 875 1553 942 ingrediente
1576 875 1675 930 illo
1693 876 1751 930 in
1772 875 2078 940 ecclesiam,

425 962 648 1020 heresis
675 979 791 1018 una
844 964 1077 1018 introire
1105 963 1378 1035 videatur,
1411 980 1520 1020 neu
1549 963 1802 1036 deinceps
1833 965 2083 1036 impietas

422 1055 642 1126 pietatis
672 1053 784 1108 loco
813 1052 1100 1108 habeatur.

494 1144 548 1198 3.
582 1141 718 1198 Mors
747 1141 887 1197 Arii.
921 1172 990 1182 --
1021 1142 1152 1198 Haec
1182 1141 1440 1198 Sabbato
1473 1141 1894 1213 pomeridianis
1922 1141 2083 1197 horis

421 1233 772 1305 precabatur
819 1231 1088 1299 antistes,
1140 1235 1198 1286 et
1244 1232 1357 1286 sub
1400 1231 1522 1286 haec
1569 1230 1824 1286 multum
1874 1231 2084 1287 anxius

422 1321 773 1394 digreditur.
807 1321 890 1376 Ea
937 1337 1072 1376 vero
1102 1319 1234 1392 ipsa
1277 1321 1440 1392 hora,
1473 1337 1750 1393 egressus
1793 1319 2082 1393 imperiali

423 1409 640 1484 palatio
700 1410 875 1466 Arius
933 1409 1009 1482 (a)
1077 1409 1430 1466 Eusebianis
1512 1410 1836 1466 satellitum
1899 1410 2087 1465 instar

426 1500 815 1572 stipantibus,
851 1515 954 1570 per
983 1499 1236 1555 civitatis
1288 1499 1548 1554 medium
1586 1499 1896 1571 magnifice
1931 1499 2083 1554 ince-

425 1589 574 1645 dens
604 1605 670 1644 ac
691 1587 948 1660 gestiens
979 1587 1215 1660 gaudio,
1269 1587 1460 1644 futilia
1492 1587 1764 1661 loquens,
1819 1587 2084 1643 omnium

426 1676 486 1733 in
538 1694 601 1734 se
658 1677 932 1734 movebat
989 1677 1212 1734 oculos.
1271 1682 1535 1750 Cumque
1595 1678 1960 1750 pervenisset
2013 1677 2084 1732 ad

426 1767 619 1823 furum
651 1766 1021 1823 Constantini
1051 1767 1300 1834 dictum,
1337 1785 1453 1839 quo
1486 1767 1544 1822 in
1577 1766 1705 1822 loco
1738 1771 1935 1822 statua
1966 1783 2090 1836 por-

427 1856 731 1930 phyretica
777 1856 968 1929 posita
996 1859 1140 1924 erat,
1185 1861 1250 1912 ut
1298 1856 1380 1912 ait
1436 1858 1725 1926 Socrates,
1785 1856 2087 1912 conscien-

425 1947 511 2002 tia
541 1945 829 2001 scelerum
861 1946 1300 2014 exhorrescens,
1336 1946 1406 2002 ad
1431 1946 1542 2002 alvi
1574 1946 1956 2002 exonerandas
1989 1961 2090 2000 ne-

2191 782 2532 849 vindicaret,
2570 785 2710 856 quia
2743 785 2985 842 Nicaeus:
3017 786 3150 842 fidei
3172 787 3474 842 veritatem
3495 785 3549 841 vi
3578 785 3847 841 miraculi

2192 873 2600 928 confirmatam
2627 873 2994 947 intelligeret.
3019 876 3134 931 Nec
3153 876 3480 931 audiendus
3494 876 3742 930 Ruﬁnus
3757 876 3846 946 (ε),

2192 963 2294 1033 qui
2323 967 2524 1017 contra
2553 962 2905 1035 scriptorum
2942 965 3206 1020 omnium
3241 965 3414 1021 ﬁdem
3442 969 3498 1020 et
3528 964 3846 1020 auctorita-

2193 1055 2335 1116 tem,
2371 1056 2568 1106 narrat
2599 1052 2822 1108 obitum
2853 1053 2972 1108 Arii
3021 1055 3131 1110 sub
3164 1054 3500 1110 Constantio
3530 1053 3847 1121 accidisse,

2192 1139 2424 1212 aliaque
2457 1141 2747 1197 immiscet
2795 1140 3048 1214 plurima
3094 1160 3228 1199 vero
3273 1148 3471 1216 aperte
3513 1160 3847 1215 repugnan-

2192 1231 2294 1285 tia.

2264 1321 2324 1375 5.
2379 1321 2645 1376 Antonius
2693 1337 2791 1392 pro
2837 1323 3133 1377 Athanasio
3180 1323 3370 1377 scribit
3416 1322 3487 1377 ad
3532 1321 3847 1376 Constanti-

2194 1426 2348 1464 num.
2383 1441 2451 1450 —
2499 1410 2784 1464 Caeterum
2832 1411 3106 1465 defuncto
3161 1411 3295 1466 Ario
3339 1411 3440 1480 (λ),
3474 1428 3846 1483 nequaquam

2196 1500 2398 1555 sedata
2427 1500 2819 1555 controversia
2851 1501 2957 1555 fuit
2980 1500 3048 1554 de
3071 1500 3446 1572 dogmatibus
3468 1501 3594 1570 ejus
3624 1501 3849 1566 oborta,

2197 1605 2386 1660 neque
2416 1593 2732 1644 sectatores
2763 1590 2893 1660 ejus
2937 1589 3284 1644 insidiarum
3338 1591 3513 1644 tinem
3563 1590 3850 1654 fecerunt,

2198 1694 2303 1733 nec
2334 1678 2544 1733 attrita:
2578 1694 2668 1733 res
2700 1695 2899 1734 eorum
2926 1678 3093 1734 ducis
3123 1695 3260 1733 casu
3285 1684 3344 1734 et
3374 1679 3548 1734 exitio
3576 1679 3850 1734 videban-

2196 1771 2314 1822 tur.
2347 1768 2497 1822 Sane
2557 1783 2690 1822 cum
2751 1766 3005 1839 populus
3066 1766 3497 1823 Alexandrinus
3558 1768 3851 1839 precibus,

2199 1855 2478 1921 clamore,
2541 1856 3064 1927 conquestionibus
3119 1856 3191 1911 de
3273 1857 3598 1912 revocando
3671 1857 3855 1912 Atha-

2201 1945 2368 2000 nasio
2392 1948 2587 2016 ageret
2603 1946 2859 2011 assidue,
2890 1961 3261 2016 magnusque
3279 1945 3562 2000 Antonius
3579 1947 3857 2018 frequens

429 2036 764 2133 cessitatem
795 2036 1163 2106 compulsus,
1188 2039 1566 2108 percontatur
1584 2036 1802 2091 numin
1826 2035 2092 2108 proximo
2124 2067 2172 2133 B
2202 2033 2427 2133 litteras
2442 2033 2694 2089 mitteret
2710 2035 3272 2133 ad.imperatorem,q
3285 2036 3408 2132 ueis
3425 2033 3639 2090 malam
3657 2035 3856 2102 ﬁdem,

429 2123 675 2181 latrinas.
694 2130 836 2180 Cum
855 2141 1004 2197 pone
1021 2125 1388 2182 Constantini
1405 2125 1599 2181 forum
1622 2142 1753 2181 esse
1767 2124 2088 2193 didicisset,

430 2229 498 2271 eo
533 2213 762 2286 pergit;
797 2230 863 2270 ac
893 2215 1204 2287 derepente
1236 2215 1432 2270 animo
1467 2215 1684 2286 deficit,
1719 2218 1776 2270 et
1803 2231 1924 2270 una
1955 2230 2088 2268 cum

429 2301 818 2359 excrementis
859 2302 1207 2359 dilabuntur
1236 2302 1666 2359 intestinacum
1687 2301 1890 2374 splene
1921 2319 1986 2357 ac
2002 2303 2089 2374 je-

432 2408 594 2459 core;
627 2396 704 2460 et,
739 2390 789 2448 si
832 2393 1135 2448 Athanasii
1165 2393 1341 2448 verba
1371 2397 1513 2448 sunt
1548 2393 1618 2448 ad
1651 2391 1905 2448 litteram
1941 2391 2092 2447 acci-

433 2479 667 2554 pienda,
702 2481 927 2552 crepuit
957 2480 1055 2537 ille
1086 2481 1321 2536 medius
1351 2480 1512 2536 velut
1535 2481 1684 2537 alter
1712 2481 2088 2546 Ischariotes;

434 2573 492 2626 et
520 2568 602 2624 ita
624 2568 810 2624 multo
830 2569 1012 2625 vitam
1045 2587 1177 2625 cum
1195 2571 1483 2642 sanguine
1503 2571 1674 2626 fudit.
1694 2570 1959 2643 Cumque
1973 2569 2093 2624 ela-

435 2675 543 2732 pso
575 2659 833 2731 quodam
863 2659 1146 2730 temporis
1176 2660 1367 2733 spatio
1396 2676 1510 2716 non
1544 2660 1967 2733 regrederetur,
1992 2659 2093 2732 qui

437 2747 580 2805 foris
608 2747 911 2804 hominem
945 2747 1443 2821 praestolabantur
1474 2749 1845 2822 introgressi,
1876 2749 2096 2804 exstin-

437 2840 601 2894 ctum
630 2836 689 2892 in
722 2835 1168 2909 sellajacentem
1189 2837 1838 2909 inveniunt.Ejusmodi
1856 2838 2094 2893 fuitArii

438 2924 648 2982 exitus.
682 2925 758 2981 Eo
781 2925 1094 2981 Eusebiani
1127 2926 1460 2998 spectaculo
1484 2927 1802 2999 pudefacti,
1837 2927 2098 2999 sociique

437 3015 617 3072 exitio
647 3014 962 3088 perterriti,
986 3015 1242 3070 defuncti
1267 3031 1477 3088 corpus
1499 3017 1841 3072 humarunt.
1868 3021 1945 3071 At
1965 3017 2099 3071 bea-

439 3107 512 3161 ιω
533 3104 624 3160 vir
645 3103 938 3160 memoriae
960 3103 1290 3161 Alexander
1311 3106 1645 3180 episcopus,
1669 3105 1819 3162 laetis
1841 3105 2095 3162 Catholi-

440 3209 643 3249 corum
695 3193 932 3259 animis,
983 3194 1518 3266 accurentibusque
1562 3194 1828 3251 beneficii
1878 3193 2097 3267 accepti

441 3298 620 3338 causa
672 3282 971 3350 fratribus,
1005 3283 1249 3354 synaxin
1281 3283 1610 3340 celebravit.
1641 3285 1792 3340 Tum
1825 3300 2098 3340 resonare

441 3371 644 3428 omnia
672 3369 971 3436 laudibus,
1002 3376 1060 3428 et
1088 3373 1410 3446 gratiarum
1443 3373 1773 3430 actionibus
1803 3373 2098 3430 celebrare

2203 2123 2418 2179 malam
2455 2128 2710 2178 mentem
2745 2121 3188 2178 Melctianorum
3216 2123 3530 2194 aperiebat,
3559 2125 3864 2179 monebat-

2201 2229 2313 2285 que
2327 2229 2399 2267 ne
2412 2211 3046 2267 crederetnebulonum
3061 2211 3596 2278 criminationibus;
3617 2212 3864 2268 Alexan-

2200 2301 2388 2357 drinis
2420 2300 2840 2356 Constantinus
2860 2300 3241 2373 petulantiam
3267 2305 3323 2355 et
3345 2301 3733 2356 temeritatem
3762 2319 3862 2357 ex-

2201 2390 2517 2463 probravit,
2573 2389 2801 2444 clericis
2870 2394 2928 2444 et
2974 2389 3299 2461 virginibus
3366 2393 3431 2444 ut
3495 2389 3866 2461 quiescerent

2201 2479 2400 2546 edixit,
2435 2497 2549 2534 non
2569 2496 2738 2551 posse
2752 2479 2912 2534 aiens
2925 2478 3308 2534 Athanasium
3326 2479 3602 2547 revocari,
3619 2480 3862 2535 seditio-

2204 2587 2337 2625 sum
2353 2569 2652 2624 hominem
2671 2568 3159 2639 etecclesiasticoj
3170 2568 3360 2623 udicio
3374 2569 3831 2624 condemnatum
3846 2614 3863 2639 ,

2203 2659 2453 2715 Antonio
2484 2661 2677 2713 autem
2696 2657 3015 2729 rescripsit,
3039 2673 3152 2712 non
3175 2656 3348 2712 licere
3370 2656 3480 2711 sibi
3504 2658 3858 2712 sententiam

2205 2747 2413 2821 synodi
2445 2747 2776 2819 despicere:
2814 2746 3084 2819 quamvis
3116 2745 3272 2801 enim
3305 2744 3570 2800 nonnulli
3597 2749 3697 2800 aut
3727 2745 3860 2801 odio

2205 2842 2309 2894 aut
2337 2836 2524 2909 gratia
2557 2835 2804 2908 permoti
2839 2836 2896 2890 in
2930 2835 3027 2889 tali
3055 2834 3281 2905 judicio
3314 2835 3580 2901 fuissent,
3617 2833 3737 2907 pari
3774 2839 3864 2890 ta-

2206 2943 2340 2982 men
2362 2926 2533 2981 modo
2567 2925 2834 2980 affectam
2853 2929 3073 2979 tantam
3114 2924 3471 2996 prudentum
3512 2924 3863 2996 proborum-

2205 3031 2322 3086 que
2342 3015 2751 3086 episcoporum
2772 3012 3211 3068 multitudinem
3237 3011 3518 3068 credibile
3549 3029 3663 3067 non
3696 3029 3863 3080 esse;

2207 3103 2590 3160 Athanasium
2623 3103 2920 3158 hominem
2955 3119 3082 3157 esse
3105 3102 3449 3174 superbum,
3476 3101 3864 3157 contumelio-

2207 3211 2364 3262 sum,
2398 3211 2466 3250 ac
2495 3191 2799 3250 discordiae
2830 3196 3147 3248 auctorem.
3197 3192 3449 3246 Tantum
3484 3192 3868 3263 przejudicata

2204 3283 2569 3340 Constantini
2618 3281 2815 3354 opinio
2862 3279 3062 3350 valuit,
3115 3284 3345 3336 tantum
3395 3280 3863 3336 Eusebianorum

2209 3374 2492 3430 machina:
2523 3375 2860 3445 potuerunt.
2895 3371 2991 3425 Na
3031 3369 3138 3436 illi,
3171 3369 3338 3441 gnari
3370 3369 3514 3425 mire
3546 3369 3865 3426 abhorrere

442 3476 648 3517 omnes
670 3461 770 3517 Dei
798 3461 1392 3536 providentiam,quae
1424 3467 1587 3519 tanta
1604 3480 1745 3519 cura
1761 3463 1936 3520 rebus
1960 3479 2092 3535 pro-
2127 3443 2170 3511 Ο
2208 3463 2622 3535 imperatorem
2651 3479 2685 3518 θ.
2713 3458 3240 3516 controversiarum
3275 3462 3330 3514 et
3361 3462 3630 3514 motuum
3663 3464 3863 3516 aucto-

437 3549 613 3622 spicit
644 3549 1090 3617 ecclesiasticis;
1140 3569 1254 3607 non
1289 3569 1405 3624 quo
1454 3553 1777 3624 gauderent
1807 3553 1878 3607 de
1925 3550 2092 3623 impii

437 3635 698 3694 hominis
728 3638 988 3711 interitu,
1024 3641 1125 3697 sed
1159 3641 1316 3714 quod
1339 3657 1408 3696 ea
1438 3658 1531 3697 res
1558 3659 1627 3697 ex
1659 3641 1945 3713 singulari
1979 3641 2092 3697 Nu-

437 3725 618 3782 minis
633 3727 991 3796 providentia
1003 3734 1209 3802 praeter
1223 3729 1549 3785 humanum
1566 3747 1738 3786 usum
1758 3729 2088 3785 accidisset.

440 3814 708 3871 Latrinas
727 3832 898 3888 porro
929 3817 1062 3873 illas
1087 3819 1168 3873 ait
1185 3819 1450 3874 Socrates
1475 3817 1646 3890 longo
1680 3821 1812 3890 post
1826 3823 2090 3889 tempore

433 3904 832 3976 superfuisse;
875 3907 976 3962 sed
1009 3909 1368 3964 Sozomenus
1397 3908 1474 3978 (b)
1506 3908 1588 3963 ita
1638 3907 1846 3962 habet:
1884 3908 2093 3962 Fertur

432 4008 606 4064 porro
655 3993 935 4051 diuturno
968 4001 1230 4067 tempore
1274 3995 1570 4052 neminem
1605 4013 1674 4051 ea
1715 3995 1860 4050 sella
1889 4011 2086 4050 usum.

430 4080 601 4150 Nam,
634 4099 768 4139 cum
802 4083 974 4141 multi
1006 4085 1258 4158 pellente
1281 4085 1626 4141 necessitate
1645 4101 1781 4140 eum
1806 4084 1865 4139 in
1893 4083 2086 4140 locum

430 4171 814 4241 conﬂuerent,
848 4173 945 4228 alii
977 4173 1124 4230 alios
1157 4174 1475 4230 monebant
1491 4177 1555 4228 ut
1575 4189 1702 4229 eam
1726 4171 2088 4228 declinarent

429 4258 660 4330 sellam,
689 4261 748 4317 in
779 4279 897 4335 qua
924 4263 1098 4319 Arius
1120 4263 1442 4336 impietatis
1464 4279 1664 4334 poenas
1685 4262 1946 4318 dedisset
1967 4280 1980 4331 ;
1999 4267 2083 4318 at-

427 4364 544 4421 que
574 4350 814 4406 demum
848 4352 1237 4408 exsecrationi
1263 4352 1372 4408 fuit
1402 4350 1586 4408 locus.
1612 4351 1929 4424 Aliquanto
1953 4356 2083 4424 post

423 4437 681 4496 Arianus
713 4441 952 4512 quidam
968 4442 1248 4514 praedives
1279 4445 1336 4498 et
1357 4441 1876 4514 opulentuslocum
1905 4442 2076 4497 emit:

422 4531 482 4584 et
513 4535 873 4588 commutata
904 4531 1097 4605 priore
1118 4531 1344 4587 aediﬁcii
1370 4533 1559 4588 forma
1578 4531 1819 4588 domum
1849 4530 1967 4586 illic
1989 4549 2082 4587 ex-

423 4616 648 4688 citavit,
683 4624 747 4676 ut
775 4637 870 4678 res
902 4620 1186 4694 paulatim
1220 4621 1276 4676 in
1310 4620 1660 4678 oblivionem
1691 4621 1932 4677 veniret.

502 4707 556 4762 4.
585 4707 902 4783 Postquam
935 4726 1170 4766 rumore
1201 4711 1408 4767 nuntio
1459 4709 1732 4783 evulgata
1761 4725 1921 4765 mors
1958 4709 2079 4765 Arii

420 4802 555 4873 fuit,
600 4817 715 4857 non
743 4815 859 4855 una
887 4800 1154 4856 omnium
1188 4799 1319 4867 fuit,
1353 4803 1417 4855 ut
1447 4799 1674 4855 evenire
1704 4797 1872 4863 solet,
1897 4800 1970 4855 de
1995 4815 2078 4854 re-

341 4899 346 4905 “
419 4895 545 4949 tam
569 4887 844 4945 insolenti
869 4887 1088 4960 opinio.
1116 4889 1401 4944 Putarunt
1423 4887 1520 4943 alii
1546 4887 1850 4959 repentino
1873 4888 2077 4944 morbo

419 4995 793 5054 Oppressum,
817 4980 917 5033 aut
932 4976 1153 5050 ingenti
1169 4977 1282 5033 lzeti
1295 4978 1392 5044 tia,
1412 4978 1567 5050 quod
1584 4993 1676 5033 res
1690 4976 1997 5032 cecidisset
2011 4994 2079 5032 ex

415 5076 572 5137 voto,
603 5071 952 5140 occupatum
985 5067 1309 5135 interiisse;
1344 5066 1441 5122 alii
1474 5065 1761 5123 scelerum
1783 5069 1840 5120 et
1869 5065 2076 5137 impie-

417 5159 558 5216 tatis
591 5174 789 5231 pzenas
817 5155 1020 5212 luisse.
1053 5157 1196 5212 Pars
1244 5159 1380 5212 ante
1414 5156 1544 5226 ejus
1589 5153 1827 5210 factioni
1863 5153 2072 5221 dediti,

417 5249 618 5305 audito
649 5246 956 5302 subitaneo
986 5263 1149 5310 casu,
1202 5244 1273 5301 ab
1306 5243 1540 5299 Arianis
1583 5243 1854 5316 partibus
1886 5242 2074 5298 desci-

417 5340 610 5393 scunt.
637 5334 753 5390 Alii
779 5351 1042 5390 errorum
1069 5332 1518 5390 retinentissimi
1537 5330 1820 5386 maleﬁcia
1846 5331 2074 5387 artibus

413 5431 683 5481 enectum
700 5423 1020 5480 clamitant.
1044 5422 1469 5479 Constantinus
1486 5424 1720 5491 accepto
1739 5419 1857 5474 Arii
1877 5420 2074 5475 interi-

411 5516 496 5584 tu,
528 5531 664 5570 eum
689 5517 754 5568 ut
783 5513 1086 5586 perjurum
1105 5511 1321 5567 habuit
1342 5515 1519 5582 atque
1542 5509 1905 5581 hrereticum,
1938 5527 2070 5582 pro-

412 5603 622 5660 merito
654 5601 942 5676 supplicio
988 5601 1273 5658 divinitus
1305 5600 1616 5668 attactum;
1660 5598 2071 5672 perniciesque

588 5837 809 5893 Socrat.
831 5832 837 5833 7
863 5832 1302 5901 ibid.’;"Sozom.
1317 5832 1334 5834 “
1349 5832 1468 5889 ibid
1483 5875 1495 5887 .

480 5765 559 5835 (a)
589 5761 947 5835 Socrat.{lib.
979 5762 1574 5835 1,:cap.38};'_So_zpm.
1600 5759 1701 5817 lib.
1727 5777 1788 5831 II,
1823 5776 1951 5834 cap.
1975 5763 2065 5819 30.

480 5773 537 5832 (α
589 5765 1071 5835 Socrat.{lib.1,§c

503 5838 533 5892 b
588 5837 809 5893 Socrat.
863 5833 1063 5901 ibid.’;‘

477 5765 559 5982 ἕεέ
586 5907 788 5980 Lib.;r,
820 5922 947 5979 cap.
981 5907 1071 5962 13.

2202 3552 2388 3620 ribus,
2422 3551 2712 3622 ejusmodi
2765 3548 3016 3604 crimina
3046 3553 3377 3620 opportuna
3425 3547 3651 3604 scilicet
3682 3550 3859 3605 rebus

2203 3641 2326 3698 suis
2339 3641 2660 3698 offerebant
2676 3639 2735 3695 in
2754 3637 3166 3694 Athanasium.
3190 3637 3388 3709 Neque
3405 3642 3599 3692 tamen
3616 3639 3860 3695 omnino

2202 3747 2293 3786 res
2323 3729 2500 3786 cessit
2528 3747 2596 3786 ex
2614 3734 2746 3785 voto
2779 3728 3150 3783 Arianorum.
3184 3728 3325 3782 Nam
3354 3743 3488 3782 cum
3521 3729 3859 3784 Constanti-

2201 3836 2314 3875 nus
2335 3819 2483 3874 duas
2514 3818 2572 3874 in
2596 3822 2792 3890 partes
2815 3817 3156 3873 distractam
3182 3814 3498 3871 Ecclesium
3516 3814 3860 3872 Alexandri-

2201 3925 2339 3963 nam
2370 3923 2498 3963 esse
2528 3907 2868 3979 accepisset,
2921 3909 2977 3960 et
3007 3904 3152 3960 alios
3197 3904 3435 3976 quidem
3464 3904 3856 3960 Athanasium

2199 3997 2410 4068 fovere,
2456 3995 2604 4052 alios
2647 3997 2936 4052 Joannem
2993 3993 3404 4062 Meletianum;
3460 3993 3519 4048 in
3565 3994 3857 4050 Joannem

2189 4087 2361 4158 juxta
2390 4089 2567 4156 atque
2620 4084 2680 4140 in
2714 4083 3102 4140 Athanasium
3155 4082 3517 4154 indignatus,
3553 4083 3855 4140 hominem

2197 4175 2502 4231 mulctavit
2555 4173 2789 4242 exsilio;
2829 4190 2932 4228 nec
2983 4172 3094 4245 ipsi
3129 4172 3395 4244 profuere
3435 4172 3616 4246 Tyria;
3646 4174 3853 4246 synodi

2193 4265 2445 4331 decreta,
2477 4265 2691 4338 quibus
2708 4263 2896 4319 fuerat
2918 4263 2989 4318 ad
3014 4261 3468 4318 ecclesiasticam
3491 4261 3858 4320 communio-

2193 4371 2328 4412 nem
2382 4355 2702 4411 admissus.

2260 4446 2314 4500 6.
2351 4444 2652 4500 Interdixit
2697 4445 2971 4515 praeterea
3001 4439 3424 4498 Constantinus
3457 4441 3548 4511 (e),
3583 4458 3654 4497 ne
3685 4446 3850 4500 extra

2188 4533 2570 4590 ecclesiarum
2593 4536 2780 4604 septa,
2815 4539 2914 4585 aut
2946 4531 3221 4604 privatim
3244 4535 3344 4584 aut
3369 4529 3562 4601 palam
3597 4530 3852 4589 haeretici

2187 4624 2586 4689 convenirent,
2621 4622 2723 4678 sed
2747 4621 2934 4692 jussit
2965 4625 3031 4676 ut
3075 4637 3136 4675 se
3166 4618 3598 4676 Catholicorum
3632 4621 3851 4695 junge-

2187 4715 2318 4767 rent
2347 4712 2612 4768 ccetibus.
2671 4709 2932 4766 Necdum
2965 4709 3121 4765 enim
3173 4708 3368 4763 Ariani
3400 4709 3459 4764 in
3491 4714 3711 4766 sectam
3736 4710 3848 4767 ali-

2109 4822 2154 4887 ο
2186 4817 2364 4874 quam
2397 4802 2470 4856 ab
2503 4800 2634 4856 aliis
2665 4798 2956 4854 hiereticis
2990 4798 3328 4853 distinctam
3386 4797 3515 4854 loco
3549 4799 3773 4856 scilicet
3797 4807 3856 4857 et

2188 4890 2594 4957 conventibus,
2648 4889 2956 4954 abierant;
3017 4888 3118 4943 sed
3167 4889 3426 4959 exceptis
3486 4888 3852 4960 Novatianis,

2188 4977 2537 5051 Phrygibus,
2593 4976 3044 5044 Valentinianis,
3097 4977 3461 5033 Marcionitis
3515 4982 3572 5034 et
3621 4978 3849 5035 Paulia-

2188 5067 2301 5133 nis,
2327 5065 2575 5122 aliorum
2595 5065 3110 5122 indiscriminatim
3128 5064 3532 5122 hereticorum
3550 5069 3848 5124 conventi-

2186 5155 2297 5211 bus
2328 5155 2670 5212 intererant.
2706 5159 2837 5209 Hzec
2871 5154 3088 5210 scilicet
3110 5160 3489 5222 Sozomenus,
3523 5158 3616 5212 cui
3645 5157 3704 5212 in
3737 5157 3848 5214 hoc

2184 5244 2464 5300 reclamat
2496 5243 2823 5300 Alexander
2845 5243 3272 5300 Alexandrinus
3291 5261 3472 5315 supra
3488 5263 3712 5318 p.Lx1v,
3742 5248 3842 5303 ubi

2183 5333 2266 5389 ait
2296 5332 2699 5390 Colluthianos
2731 5337 2906 5404 atque
2937 5350 3139 5389 eorum
3173 5332 3437 5405 exemplo
3496 5335 3744 5392 Arianos
3782 5337 3841 5392 in

2182 5423 2468 5495 separatis
2496 5423 2642 5478 locis
2672 5427 2990 5478 conventus
3021 5439 3212 5495 agere.
3252 5423 3329 5476 Ex
3353 5424 3631 5493 praedicta
3649 5425 3844 5499 impe-

2181 5511 2392 5568 ratoris
2425 5513 2549 5584 lege
2579 5516 2819 5581 tactum,
2867 5516 2931 5567 ut
2963 5529 3165 5568 earum
3219 5511 3506 5568 haeresum
3556 5516 3842 5570 memoria

2181 5617 2396 5674 magna
2425 5617 2493 5656 ex
2524 5605 2687 5673 parte
2727 5600 3059 5658 oblitterata
3091 5601 3190 5656 sit.

2251 5762 2324 5835 (d)
2357 5763 2586 5835 Sozom.
2615 5761 2724 5835 lib.
2757 5779 2822 5830 ιι,
2866 5778 2994 5835 cap.
3019 5763 3115 5835 752.

2247 5833 2322 5907 (ε)
2348 5834 2575 5891 Sozom.
2608 5833 2775 5904 ibid.,
2810 5833 2953 5906 cap.‘
2969 5834 3058 5889 33.
