4166 6430
1637 487 1826 560 ’νΙΤΑ
1873 488 1939 553 S.
1985 488 2430 552 ATHANASIL

3639 497 3741 546 XCI

381 638 436 696 7.
470 632 730 696 Eusebius
759 641 809 695 et
858 633 1155 707 Theognius
1185 631 1314 706 ﬁdei
1351 630 1651 705 formulam
1681 629 1867 685 edunt.
1902 660 1969 670 -—
1998 626 2054 693 Α
2081 631 2452 686 Constantius
2483 646 2597 701 prae
2631 626 2851 685 caeteris
2899 625 3149 683 dilectus
3179 624 3293 683 sibi
3334 622 3493 682 ﬁlius
3525 626 3740 682 adven-

309 729 529 788 Eodem
565 730 745 785 ferme
792 733 1054 800 tempore
1084 724 1372 781 Eusebius
1400 721 1866 778 Nicomediensis
1917 725 1975 776 et

312 818 654 892 Theognius
706 818 995 883 Nicaznus,
1030 816 1335 871 turbarum
1370 830 1436 869 ac
1470 817 1736 868 motuum
1770 828 1972 883 percu-

312 909 459 983 pidi,
494 925 705 963 novam
728 907 859 962 ﬁdei
889 904 1200 961 formulam
1237 903 1620 974 edidere,qua
1644 905 1739 954 τοῦ
1770 902 1971 972 ὁμοθυ-

312 996 434 1053 σίου
464 1014 663 1054 vocem
699 1014 812 1051 non
834 996 1141 1068 repudiare
1164 994 1401 1065 quidem
1423 996 1577 1047 metu
1605 990 1975 1063 imperatoris

312 1087 557 1145 Nicaanae
590 1086 725 1142 ﬁdei
760 1084 1133 1148 deditissimi,
1168 1084 1269 1137 sed
1304 1082 1659 1154 quibusdam
1702 1081 1772 1135 ad
1806 1096 1973 1135 suam

313 1176 624 1232 libidinem
676 1172 1255 1247 interpretationibus
1304 1171 1605 1226 inﬁrmare
1646 1174 1784 1225 sunt
1823 1169 1971 1224 ausi.

312 1267 503 1338 Atque
518 1265 653 1319 inde
667 1280 950 1319 novarum
967 1262 1357 1335 questionum
1377 1264 1431 1317 et
1447 1259 1977 1331 discerptationum

327 1356 508 1428 origo.

388 1444 442 1497 8.
456 1442 766 1498 Alexandri
779 1440 1375 1511 Constantinopolitmzi
1385 1440 1774 1494 mors.Pau1us
1794 1440 1849 1493 in
1864 1439 1979 1509 ejus

318 1533 499 1589 locum
510 1529 1266 1603 subrogatum—Alexander
1278 1528 1508 1583 interim
1525 1529 1981 1601 episcopusCon-

325 1620 910 1693 stantinopolitanus,
945 1635 1133 1689 neque
1163 1618 1244 1673 ita
1277 1616 1461 1673 multo
1494 1622 1625 1689 post
1656 1616 1977 1689 relegatum

323 1711 386 1768 in
420 1710 639 1767 Gallias
659 1709 1067 1779 Athanasium,
1096 1712 1249 1763 totos
1278 1712 1397 1763 tres
1429 1724 1608 1779 snpra
1633 1707 1854 1779 viginta
1877 1723 1979 1761 an-

315 1818 424 1858 nos
456 1799 774 1873 episcopali
807 1815 1045 1854 munere
1064 1814 1198 1853 cum
1228 1797 1400 1852 laude
1432 1798 1795 1869 perfunctus,
1826 1796 1979 1851 diem

320 1890 467 1947 obiit
504 1894 831 1945 extremum
856 1889 951 1959 (a),
978 1905 1162 1943 annos
1190 1894 1362 1942 natus
1390 1888 1711 1960 nonaginta
1742 1891 1799 1941 et
1829 1890 1977 1941 octo.

322 1980 399 2036 Ut
427 1987 560 2036 ante
609 1977 975 2035 Constantini
1010 1978 1234 2033 obitum
1278 1978 1406 2048 ejus
1439 1981 1686 2032 mortem
1720 1976 1984 2031 confera-

318 2087 476 2142 mus,
502 2069 711 2125 suadet
730 2068 1106 2135 Athanasius,
1135 2066 1235 2139 qui
1268 2084 1669 2122 successorem
1692 2067 1819 2137 ejus
1834 2066 1981 2120 Pau-

316 2159 443 2216 lum
477 2160 679 2215 eodem
724 2158 1049 2230 imperante
1081 2156 1265 2229 patrio
1321 2156 1445 2212 solo
1476 2157 1727 2226 ejectum
1762 2160 1979 2210 narrat.

2085 730 2251 793 taret,
2308 729 2729 782 testamentum
2783 728 3011 779 mature
3055 720 3167 794 ipsi
3228 720 3501 777 traderet.
3557 718 3741 774 Nemo

2084 816 2241 872 enim
2265 832 2417 871 unus
2440 815 2693 871 ﬁliorum
2715 814 2952 870 obeunti
2979 811 3128 884 patri
3150 811 3356 867 adfuit.
3384 811 3465 867 Re
3496 808 3581 865 sic
3603 825 3741 864 cou-

2085 908 2309 977 stituta,
2343 906 2549 978 exiguo
2582 904 2926 977 interposito
2959 903 3186 959 dierum
3220 902 3431 974 spatio,
3453 901 3574 957 vita
3603 901 3738 955 fun-

2085 1002 2215 1053 ctus
2242 1000 2348 1051 est.
2385 999 2588 1050 Fertur
2620 995 2677 1049 in
2710 993 2958 1066 epistola
2987 991 3360 1049 Constantini
3385 989 3739 1063 junioris,id

2085 1087 2267 1143 animi
2300 1086 2481 1141 fuisse
2513 1085 2686 1157 patri,
2721 1088 2785 1139 ut
2814 1082 3203 1139 Athanasium
3236 1083 3530 1137 revocaret
3553 1079 3613 1135 in
3647 1095 3740 1135 se-

2086 1178 2219 1232 dem
2266 1192 2455 1242 suam,
2490 1176 2591 1229 sed
2648 1175 2762 1230 fato
2813 1178 3281 1245 praeoccupatum
3311 1189 3429 1227 non
3480 1169 3742 1242 potuisse

2086 1270 2351 1338 optatum
2386 1264 2645 1337 exsequi.
2679 1264 2835 1319 Obiit
2865 1262 2963 1317 ille
2996 1263 3088 1317 die
3120 1265 3321 1317 sancto
3347 1263 3739 1330 Pentecostes,

2084 1356 2364 1411 vicesima
2391 1354 2525 1410 Maii
2556 1371 2707 1410 coss.
2743 1352 3034 1409 Feliciano
3069 1355 3126 1407 et
3148 1351 3396 1407 Titiano.

2158 1449 2211 1500 2.
2272 1445 2620 1500 Constantius
2683 1450 2933 1515 cognatos
2998 1440 3251 1497 trucidat.
3321 1471 3390 1481 --
3454 1440 3740 1495 Defuncto

2086 1534 2486 1600 Constantino,
2521 1533 2835 1605 imperium
2886 1529 3263 1587 Constantius
3294 1530 3446 1585 caede
3495 1546 3743 1584 consan-

2088 1625 2437 1697 guineorum
2471 1627 2559 1678 est
2589 1623 2952 1695 auspicatus.
2985 1620 3131 1676 Nam
3163 1619 3285 1675 sive
3315 1619 3463 1675 clam
3488 1618 3644 1690 jussi
3673 1618 3746 1673 ab

2091 1730 2156 1769 eo
2189 1712 2425 1784 milites,
2461 1713 2580 1769 sive
2628 1715 2837 1784 suopte
2887 1714 3047 1765 motu
3082 1713 3139 1764 et
3171 1707 3440 1774 consilio,
3473 1712 3539 1763 ut
3568 1708 3750 1762 tutior

2091 1803 2457 1859 Constantini
2490 1802 2626 1857 ﬁliis
2680 1806 2903 1874 pateret
2949 1800 3021 1855 ad
3072 1816 3318 1872 regnum
3350 1798 3566 1865 aditus,
3599 1798 3747 1853 Con-

2092 1892 2308 1949 stantio
2339 1892 2562 1948 interea
2588 1909 2689 1964 per
2719 1890 3255 1946 dissimulationem
3286 1886 3595 1960 ignorandi
3626 1904 3749 1942 rem

2013 2008 2060 2072 B
2095 2001 2207 2039 non
2263 1984 2555 2054 ingratam
2614 1982 2726 2037 sibi
2778 1980 2903 2035 ﬁeri
2961 1980 3331 2046 concedente,
3392 1977 3751 2034 Dalmatium

2094 2072 2862 2137 Caesarem,Annibalianum
2877 2069 3325 2142 regem,Julium
3341 2066 3750 2125 Constantium

2093 2162 2459 2219 Constantini
2480 2162 2736 2232 fratrem,
2766 2177 2900 2216 cum
2933 2159 3046 2215 alio
3080 2160 3218 2215 item
3251 2159 3379 2229 ejus
3411 2158 3607 2227 fratre,
3638 2174 3747 2213 cu-

317 2250 483 2305 Errat
504 2248 924 2315 Theodoretus,
949 2246 1046 2301 ubi
1083 2246 1394 2302 Eusebium
1413 2246 1555 2299 dicit
1586 2250 1719 2317 post
1738 2249 1981 2300 mortem
2084 2254 2186 2326 jus
2218 2256 2443 2308 tacetur
2473 2269 2707 2315 nomen,
2740 2255 2797 2305 et
2848 2250 3108 2322 quinque
3140 2248 3287 2305 alios
3330 2251 3607 2321 cognatos
3643 2248 3749 2302 ob-

318 2337 632 2395 Alexandri
666 2354 795 2392 eam
822 2338 1020 2391 sedem
1055 2335 1363 2391 invasisse.
1388 2336 1501 2389 Nec
1534 2335 1733 2389 minus
1758 2334 1873 2389 labi
1898 2334 1982 2388 vi-

320 2429 536 2485 dentur
566 2427 835 2483 Socrates
867 2430 923 2481 et
951 2426 1332 2489 Sozomenus,
1358 2424 1457 2496 qui
1492 2425 1718 2479 obitum
1751 2426 1880 2496 ejus
1905 2441 1988 2479 re-

322 2518 519 2574 ferunt
550 2516 607 2571 in
640 2515 962 2571 Constantii
997 2514 1331 2586 imperium.
1372 2518 1613 2569 Praestat
1646 2530 1787 2569 sane
1810 2513 1984 2568 Atha-

328 2607 494 2663 nasio
524 2606 739 2661 habere
773 2606 969 2672 ﬁdem,
1005 2605 1101 2676 qui
1136 2604 1367 2659 duobus
1399 2608 1531 2675 post
1564 2603 1869 2659 Alexandri
1896 2604 1990 2659 de-

328 2712 564 2753 cessum
595 2694 766 2750 annis
797 2692 1299 2765 Constantinopoli
1332 2709 1533 2766 agens,
1560 2710 1661 2765 per
1691 2709 1913 2748 moram
1934 2698 1991 2747 et

331 2786 589 2859 quietem
637 2782 960 2840 intermissi
1015 2781 1242 2837 itineris
1292 2781 1459 2837 testis
1506 2783 1616 2835 fuit
1660 2781 1878 2837 iteratae
1928 2782 1988 2836 in

331 2874 576 2932 Paulum
617 2872 1064 2938 criminationis,
1099 2888 1276 2942 quam
1326 2871 1546 2927 caeteris
1578 2871 1986 2944 scriptoribus,

334 2963 436 3036 qui
483 2967 613 3035 post
653 2962 920 3034 elapsum
972 2961 1251 3016 saeculum
1284 2961 1421 3033 [haec
1472 2960 1889 3033 conscripsere.
1926 2962 1987 3016 In

327 3052 635 3110 Alexandri
669 3068 805 3125 ergo
854 3051 1047 3106 locum
1097 3055 1403 3123 cooptatus
1452 3050 1673 3106 Paulus
1716 3051 1847 3105 fuit.
1882 3051 1991 3117 Qui

332 3142 656 3200 Alexander
704 3142 961 3197 instante
994 3141 1154 3196 obitu
1210 3140 1554 3211 rogantibus
1586 3139 1833 3206 clericis,
1867 3140 1989 3195 cui-

327 3249 464 3289 nam
496 3232 812 3287 deferenda
844 3232 1012 3286 sedes
1047 3234 1203 3285 esset
1237 3246 1248 3283 :
1283 3230 1340 3285 Si
1371 3229 1588 3294 virum,
1622 3229 1833 3301 inquit,
1869 3229 1987 3301 pie-

329 3325 447 3378 tate
488 3325 546 3377 et
577 3320 846 3376 doctrina
892 3319 1184 3391 insignem
1218 3318 1497 3389 quaeritis,
1532 3319 1697 3373 adest
1728 3318 1943 3373 Paulus
1974 3337 1985 3386 ;

2094 2347 2390 2399 truncant.
2447 2342 2589 2397 Caesi
2647 2342 2823 2396 etiam
2876 2344 3016 2395 sunt
3062 2340 3308 2411 Optatus
3365 2337 3645 2408 patricius
3697 2341 3755 2393 et

2094 2432 2374 2488 Ablavius
2423 2430 2677 2504 praetorii
2728 2430 3056 2502 praefectus.
3117 2429 3251 2492 Quae
3300 2444 3393 2483 res
3452 2442 3754 2499 magnam,

2098 2522 2181 2577 uti
2212 2539 2315 2593 per
2344 2525 2484 2585 erat,
2506 2519 2784 2575 invidiam
2818 2519 3041 2574 ineunti
3066 2517 3379 2589 imperium
3413 2515 3755 2573 Constantio

2099 2610 2392 2667 conﬂavit.
2426 2609 2552 2667 Non
2603 2609 2843 2681 perinde
2892 2612 3087 2663 tamen
3120 2607 3180 2662 in
3230 2608 3437 2663 fratres
3490 2605 3754 2678 iniquus,

2100 2702 2325 2766 ambos,
2373 2699 2823 2755 Constantinum
2873 2696 3096 2753 scilicet
3145 2700 3201 2752 et
3247 2697 3645 2761 Constantem,
3695 2696 3756 2751 in

2100 2789 2402 2846 Pannonia
2448 2788 2735 2859 convenit,
2798 2804 2866 2843 ex
2915 2804 3080 2858 aquo
3130 2789 3188 2841 et
3233 2785 3386 2841 bono
3442 2783 3758 2857 imperium

2100 2880 2319 2945 divisit,
2350 2883 2416 2934 ut
2470 2895 2584 2933 non
2636 2878 2922 2950 potiorem
2976 2877 3101 2948 ipse
3152 2875 3267 2932 sibi
3313 2879 3531 2932 sortem
3578 2874 3760 2931 ascri-

2098 2972 2280 3026 heret.

2171 3059 2223 3113 3.
2284 3058 2582 3113 Eusebiani
2632 3055 3015 3111 Constantium
3070 3054 3141 3110 ad
3191 3071 3321 3109 suas
3376 3057 3567 3126 partes
3625 3054 3762 3109 alli-

2100 3147 2273 3203 ciunt.
2306 3178 2374 3186 —-
2406 3146 2563 3200 Inter
2606 3145 2728 3199 haec
2760 3144 2825 3216 (c)
2859 3142 3147 3200 Eusebius
3188 3142 3653 3201 Nicomediensis
3704 3147 3761 3199 et

2100 3235 2434 3309 Theognius
2464 3235 2755 3305 Nicaanus,
2789 3232 3012 3289 assidui
3066 3233 3375 3288 turbarum
3406 3233 3466 3288 in
3498 3232 3760 3289 Ecclesia

2100 3330 2388 3389 auctores,
2412 3328 2835 3396 opportunum,
2856 3322 3239 3379 Constantino
3265 3324 3756 3391 demortuo,tem-

330 3412 424 3468 sin
464 3411 767 3467 hominem
802 3426 936 3465 cum
985 3408 1256 3481 gerendis
1287 3409 1461 3463 rebus
1510 3424 1829 3480 peracrem,
1861 3412 1987 3463 tum
2022 3383 2063 3449 Ο
2104 3433 2213 3488 pus
2261 3432 2322 3470 se
2369 3418 2567 3469 nactos
2622 3411 2911 3478 arbitrati,
2944 3412 3013 3467 de
3060 3428 3196 3467 voce
3251 3410 3543 3484 ὁμοούσιον
3593 3411 3754 3468 able-

328 3498 703 3573 colloquendi
734 3498 1187 3571 cumjudicibus
1222 3496 1815 3569 peritum,mavultis,
1835 3514 1990 3552 com-

329 3590 562 3647 medior
591 3588 987 3645 Macedonius.
1008 3588 1135 3643 Non
1158 3586 1469 3655 intactum,
1487 3603 1677 3659 neque
1697 3587 1846 3643 dolis
1869 3587 1994 3643 suis

328 3678 683 3751 insidiisque
724 3682 1017 3750 expertem
1070 3675 1322 3731 Paulum
1375 3676 1637 3731 siverunt
1668 3676 1880 3742 Ariani,
1913 3679 1994 3731 vi-

328 3786 462 3826 rum
493 3767 717 3824 scilicet
768 3767 1000 3838 pietatis
1033 3766 1144 3821 sibi
1196 3770 1253 3821 et
1299 3765 1539 3839 integrae
1576 3767 1707 3821 ﬁdei
1761 3767 1999 3822 nomine

329 3874 649 3932 perosum;
686 3857 787 3912 sed
829 3874 957 3929 quae
1003 3854 1274 3927 expedita
1303 3854 1419 3910 illis
1473 3860 1829 3927 assuetaque
1877 3860 2001 3911 erat

332 3947 654 4022 perniciem
704 3946 1083 4002 machinandi
1133 3944 1244 4011 via,
1300 3944 1551 3999 crimina
1597 3944 1813 4001 insonti
1858 3945 1998 4000 offc-

334 4040 496 4106 runt,
543 4036 858 4108 ipsumque
907 4052 1073 4090 reum
1120 4026 1303 4107 agunt
1359 4033 1511 4105 apud
1563 4034 2002 4106 imperatorem.

339 4125 1021 4193 Constantinus,iterum
1054 4123 1492 4180 circumventus
1520 4123 1763 4178 artificio
1784 4128 2005 4180 vetera-

340 4218 561 4284 torum,
594 4214 843 4271 Paulum
878 4213 1096 4285 relegat
1127 4212 1185 4268 in
1216 4216 1492 4268 Pontum.
1527 4215 1595 4268 At
1629 4231 1741 4268 non
1777 4214 2006 4269 diutur-

340 4323 486 4361 num
519 4304 795 4361 exsilium
828 4303 958 4359 fuit.
996 4302 1279 4358 Defuncto
1313 4319 1572 4372 namque
1603 4302 2006 4368 Constantino,

339 4395 401 4451 in
433 4394 634 4450 sedem
667 4397 732 4449 ut
760 4391 858 4448 alii
891 4391 1122 4448 exsules
1154 4408 1422 4447 reversus
1452 4396 1559 4446 est.

412 4489 580 4539 ANNO
629 4484 755 4537 337.
802 4514 868 4523 —
914 4482 960 4536 l.
1004 4481 1183 4537 Julius
1242 4483 1305 4535 in
1354 4483 1658 4537 Romanum
1705 4483 2015 4552 pontiﬁcem

337 4572 626 4644 deligitur.
650 4573 788 4627 Mors
816 4571 1182 4627 Constantini.
1208 4602 1277 4610 -—
1301 4575 1468 4625 Anno
1493 4570 1599 4624 339
1628 4570 1884 4643 ineunte,
1910 4573 2016 4641 Ju_

334 4661 455 4719 lius
483 4663 543 4717 in
566 4662 899 4717 Romanum
925 4660 1261 4733 pontiﬁcem
1286 4659 1567 4731 deligitur
1593 4660 1694 4732 (ὁ),
1719 4677 1849 4715 cum
1884 4679 2020 4733 post

2103 3506 2315 3579 ganda,
2368 3503 2819 3573 inducendaque
2869 3500 2986 3557 Arii
3048 3501 3315 3558 doctrina
3374 3499 3630 3569 solliciti,
3693 3517 3760 3556 eo

2105 3594 2349 3651 consilia
2396 3593 2595 3649 omnia
2639 3593 2919 3661 referunt,
2953 3591 3034 3646 rei
3094 3592 3363 3664 gerendas
3411 3590 3764 3647 administro

2106 3684 2199 3740 usi
2233 3682 2587 3756 presbytero,
2623 3681 2716 3736 cui
2752 3681 3152 3736 concreditum
3198 3699 3231 3737 a
3262 3680 3645 3737 Constantino
3676 3683 3765 3736 te-

2109 3776 2469 3829 stamentum
2519 3772 2724 3826 fuerat.
2759 3771 2922 3834 Quod
2972 3787 3105 3825 cum
3139 3769 3258 3837 ille,
3294 3772 3591 3842 utjussus
3621 3774 3767 3841 erat,

2110 3861 2449 3919 Constantio
2480 3860 2825 3927 obtulisset;
2864 3859 2953 3914 hic
2984 3864 3048 3915 ut
3099 3864 3363 3931 optatum
3397 3858 3510 3916 sibi
3542 3876 3577 3914 a
3608 3862 3772 3930 patre

2113 3951 2405 4025 assignari
2434 3949 2683 4005 Orientis
2716 3948 3028 4021 imperium
3063 3949 3321 4015 edidicit,
3355 3948 3769 4021 presbyterum

2114 4043 2172 4097 in
2209 4042 2391 4113 pretio
2417 4038 2624 4094 habuit
2654 4044 2711 4093 et
2739 4037 2797 4092 in
2830 4037 3457 4109 honore,liberumque
3486 4035 3776 4092 concessit

2118 4132 2185 4185 ad
2222 4127 2658 4201 imperatoriam
2704 4127 2946 4181 domum
2993 4126 3240 4181 aditum.
3272 4126 3391 4182 Hac
3421 4126 3562 4181 data
3589 4123 3773 4181 facul-

2120 4225 2235 4276 tate
2266 4218 2423 4274 brevi
2472 4216 2587 4284 ille,
2623 4222 2687 4271 ut
2720 4220 2843 4271 erat
2893 4218 3185 4271 veterator
3213 4215 3411 4281 homo,
3443 4218 3501 4270 et
3530 4214 3600 4269 ad
3635 4230 3776 4269 con-

2122 4308 2435 4366 ciliandam
2452 4306 2564 4362 sibi
2587 4305 2837 4378 gratiam
2862 4302 3625 4375 compositus,imperatrici
3648 4319 3773 4375 per-

2124 4396 2433 4455 familiaris
2466 4395 2594 4463 fuit,
2629 4393 2915 4449 eunuchis
2970 4394 3109 4448 item
3142 4392 3461 4465 percharus
3490 4396 3548 4448 et
3579 4409 3771 4448 neces-

2124 4488 2381 4544 situdine
2405 4488 2669 4555 junctus,
2696 4500 2946 4555 quorum
2966 4474 3185 4553 ingens
3216 4486 3341 4536 erat
3371 4481 3429 4536 in
3452 4481 3777 4537 Constantii

2126 4576 2343 4651 palatio
2376 4591 2657 4630 numerus
2699 4573 2869 4644 juxta
2900 4575 3077 4643 atque
3127 4571 3464 4626 auctoritas.
3499 4571 3566 4626 Et
3596 4569 3775 4638 brevi,

2126 4666 2487 4723 enuchorum
2518 4662 2776 4734 principe
2828 4660 3076 4716 Eusebio
3116 4659 3478 4731 imperatorii
3524 4658 3781 4714 cubiculi

339 4752 518 4808 Marci
552 4750 849 4824 pontiﬁcis
874 4749 1225 4822 acSylvestri
1249 4749 1609 4804 successoris
1634 4754 1879 4805 mortem
1913 4767 2003 4805 se-
2037 4767 2083 4831 D
2117 4755 2427 4831 praeposito
2457 4753 2513 4806 in
2528 4750 2647 4806 Arii
2679 4750 3028 4807 sententiam
3056 4748 3328 4817 deducto,
3354 4750 3482 4821 ejus
3505 4749 3780 4820 deinceps

340 4842 445 4898 des
479 4840 803 4913 apostolica
822 4842 1090 4894 vacasset
1121 4843 1373 4910 quatuor
1398 4838 1722 4893 mensibus.
1752 4838 2006 4911 Insignis

343 4931 503 4987 idem
556 4947 749 4986 annus
796 4928 906 4983 fuit
956 4927 1322 4983 Constantini
1381 4927 1580 4999 magni
1641 4927 1801 4982 obitu
1846 4954 1859 4996 ς
1910 4929 2011 5001 qui

346 5020 551 5076 morbo
593 5018 871 5075 laborans
903 5034 1201 5089 supremo,
1233 5016 1584 5071 Nicomedia
1615 5015 1854 5072 Eusebii
1886 5035 2010 5073 ma-

348 5108 525 5165 nibus
545 5108 845 5181 baptismo
868 5106 1136 5179 tingitur,
1162 5110 1224 5162 ut
1245 5106 1370 5177 jam
1396 5105 1631 5177 vulgata
1648 5106 2013 5162 eruditorum

348 5200 463 5256 fert
512 5198 731 5271 opinio.
767 5197 1165 5269 Inopportune
1213 5194 1427 5251 cecidit
1479 5195 1538 5249 in
1591 5195 1885 5251 catholicas
1932 5196 2015 5252 rei

349 5303 522 5363 grave
552 5289 1081 5358 detrimentum,ut
1109 5292 1527 5344 testamentum
1562 5304 1736 5342 suum
1760 5288 2017 5343 traderet

350 5376 562 5433 Ariano
594 5378 956 5451 presbytero,
980 5395 1155 5451 quem
1190 5394 1371 5450 supra
1402 5375 1786 5432 meminimus
1818 5393 1852 5432 a
1874 5377 2017 5432 Con-

352 5466 575 5522 stantia
616 5471 887 5540 Augusta
934 5468 992 5524 in
1044 5466 1241 5523 fratris
1291 5464 1619 5521 clientelam
1664 5470 1721 5520 et
1764 5465 2014 5537 gratiam

350 5558 702 5627 evocatum;
750 5557 1104 5613 obstrictum
1144 5555 1555 5628 jurejurando,
1611 5559 1676 5609 ut
1724 5554 1899 5610 simul
1950 5573 2016 5612 ac

425 5717 506 5789 (a)
536 5720 757 5792 βορραῖ.
791 5718 892 5775 lib.
929 5736 991 5788 ιι,
1025 5735 1153 5792 cap.
1177 5718 1212 5773 6
1240 5735 1254 5786 ;
1298 5717 1526 5773 Sozom.
1551 5715 1653 5772 lib.
1688 5734 1753 5786 ιι,
1775 5733 1900 5790 cap.
1941 5721 2013 5788 6;

356 5787 715 5863 Theudglib.
751 5808 790 5859 ι,
819 5808 947 5863 cap.
979 5787 1070 5847 ⁷19.

429 5860 505 5934 (b)
564 5862 782 5920 Socrat.
842 5859 945 5919 lib.
1008 5880 1047 5933 ι,
1107 5878 1235 5935 cap.
1296 5860 1367 5916 30
1419 5876 1432 5930 ;
1494 5861 1723 5918 Sozom.
1782 5859 1886 5919 lib.
1951 5879 2016 5933 II,

2120 4862 2295 4919 Opera
2326 4848 2448 4899 tota
2473 4845 2707 4897 caterva
2738 4840 3003 4895 eamdem
3028 4837 3355 4894 doctrinam
3381 4837 3651 4909 amplexa
3669 4841 3778 4893 est.

2119 4937 2246 4992 lmo
2295 4949 2428 4989 vero
2480 4931 2611 5003 ipsa
2656 4931 2939 5001 Augusta,
2974 4926 3297 4999 presbyteri
3345 4931 3404 4983 et
3449 4928 3781 4998 spadonum

2123 5026 2378 5087 hortatu,
2412 5020 2529 5076 Arii
2582 5034 2711 5075 sese
2760 5017 3026 5091 partibus
3078 5015 3363 5088 adjunxit.
3404 5016 3489 5070 Ad
3540 5019 3778 5072 caeteros

2125 5113 2345 5170 aulicos
2376 5109 2599 5165 malum
2651 5107 2925 5179 pervasit,
2958 5110 3132 5177 atque
3168 5122 3241 5161 ex
3270 5104 3486 5176 palatio
3518 5102 3782 5160 delatum

2123 5203 2185 5260 in
2217 5202 2445 5265 urbem,
2480 5198 2687 5255 exinde
2718 5214 2820 5268 per
2851 5200 3039 5252 totum
3074 5194 3371 5253 Orientem
3404 5194 3697 5250 emanavit
3728 5196 3785 5250 et

2124 5292 2239 5349 late
2284 5292 2663 5364 pervagatum
2697 5290 2811 5341 est:
2847 5286 2988 5340 dum
3020 5285 3243 5341 interea
3274 5284 3664 5342 occidentales
3692 5300 3783 5340 re—

2127 5383 2330 5455 giones
2379 5376 2721 5449 hujusmodi
2774 5379 2934 5447 peste
2971 5392 3165 5431 vacuae
3219 5379 3276 5431 et
3316 5374 3511 5430 liberas
3565 5378 3782 5430 essent.

2126 5469 2532 5533 Constantium
2564 5468 2699 5521 item
2735 5480 2882 5537 smpe
2915 5463 3279 5520 familiariter
3304 5462 3593 5520 allocutus
3616 5462 3782 5518 Aria-

2128 5577 2338 5617 norum
2370 5557 2468 5613 ille
2509 5554 2875 5623 administer,
2901 5554 3001 5609 ubi
3051 5554 3180 5625 ejus
3230 5553 3494 5610 animum
3540 5552 3783 5609 versati.

2128 5737 2269 5864 0&8!)
2291 5721 2589 5864 3§ocratn
2625 5785 2727 5864 lib.
2790 5803 2853 5856 11,
2913 5787 3160 5864 cap.‘2;
3223 5784 3451 5839 Sozom.
3522 5780 3625 5838 lib.
3698 5796 3783 5851 ιιι,

2129 5856 2262 5937 cap.’
2293 5864 2317 5919 1
2352 5881 2364 5934 ;
2396 5859 2616 5919 Theod.
2649 5856 2749 5913 lib.
2784 5874 2848 5926 ιι,
2882 5856 3009 5932 οαρῖ
3041 5858 3095 5913 2.
