4166 6386
425 445 554 498 ισιι

1836 434 2446 505 PROLEGOMENA.

431 569 543 626 lem
574 568 1062 647 levissimumque
1078 573 1486 648 deprehendit,
1511 575 1580 630 ad
1603 574 1950 631 Arianorum
1985 593 2080 645 pa-
2111 577 2166 640 Α
2199 576 2364 629 stolis
2400 579 2799 647 Augustorum
2835 591 3066 649 semper
3094 577 3411 646 comparet,
3443 588 3634 648 neque
3672 572 3846 632 etiam

424 660 742 717 trocinium
796 663 1236 736 suscipiendum
1284 664 1552 736 pellicere
1584 670 1792 732 tentat,
1821 664 2084 736 deplorat

423 751 808 820 tempestates
839 753 1054 823 quibus
1085 759 1284 808 essent
1321 753 1587 809 Ecclesiae
1619 754 1873 825 agitatae,
1909 758 2082 808 tanta:

425 835 609 892 cladis
659 844 924 896 auctores
971 843 1289 898 ementitur
1337 859 1436 898 eos
1481 843 1582 914 qui
1636 842 1993 897 invexissent
2020 840 2082 894 τὸ

428 923 688 996 ὁμο-ὂσιον
724 945 736 983 :
771 945 898 984 eam
932 947 1059 985 esse
1085 931 1515 986 discordiarum
1549 937 1606 986 et
1636 931 1954 986 {actionum
1988 948 2081 986 oc-

427 1015 743 1084 casionem,
781 1034 908 1072 eam
953 1023 1232 1074 aeternum
1279 1019 1516 1075 retineri
1570 1037 1775 1075 ansam
1816 1020 2080 1074 omnium

427 1106 973 1162 controversiarum.
1009 1109 1154 1164 Hinc
1184 1107 1244 1162 in
1276 1108 1662 1163 Athanasium
1708 1107 2082 1180 reliquosque

426 1192 577 1265 frugi
621 1195 898 1266 praesules
928 1200 1156 1252 tantam
1207 1197 1488 1252 invidiam
1524 1198 1784 1253 derivare
1815 1204 2078 1253 conatur.

424 1281 587 1338 Hunc
619 1284 772 1339 nacti
800 1285 1085 1341 fautorem
1123 1286 1790 1359 Eusebius,Theognius.
1815 1293 1870 1342 et
1901 1287 2083 1342 Theo-

419 1369 600 1426 dorus
650 1373 1032 1440 Heracleotes,
1067 1391 1222 1440 cum,
1259 1381 1459 1447 utpote
1510 1376 1706 1442 vicini,
1742 1377 2080 1447 frequentes

420 1460 838 1533 imperatorem
888 1464 1284 1535 convenirent,
1318 1464 1637 1520 Athanasio
1689 1465 1940 1520 reditum
1991 1465 2078 1521 in-

418 1548 746 1605 tercludere
769 1551 1178 1619 moliebantur,
1214 1571 1329 1625 quo
1364 1559 1603 1626 possent
1633 1554 1690 1608 in
1723 1556 1852 1624 ejus
1887 1554 2077 1610 locum

421 1637 774 1694 Arianorum
807 1640 1061 1712 aliquem
1093 1642 1503 1698 intrudere.At
1533 1643 1842 1699 consilium
1876 1661 2076 1700 eorum

422 1727 711 1799 praevertit
733 1733 789 1783 et
814 1729 1162 1786 disturbavit
1192 1731 1573 1786 Athanasius.
1600 1733 1744 1788 Cum
1773 1733 1928 1788 enim
1962 1737 2080 1789 tres

421 1817 672 1889 Augusti
723 1835 839 1872 una
890 1819 1298 1875 convenissent
1329 1820 1389 1874 in
1449 1821 1770 1886 Pannonia,
1806 1822 1976 1876 isthic
2011 1824 2081 1877 de

423 1905 694 1960 exsulum
727 1906 917 1962 reditu
950 1913 1143 1963 actum
1172 1927 1185 1974 ;
1215 1925 1490 1980 unusque
1520 1911 1628 1964 fuit
1658 1911 1922 1965 omnium
1956 1911 2080 1965 ani-
2112 1947 2159 2012 B

425 2010 581 2062 mus,
615 1999 680 2050 ut
717 1996 1106 2069 remigrarent
1135 2014 1339 2053 omnes
1388 1998 1445 2052 in
1479 1999 1678 2054 sedem
1711 1999 2080 2072 patriamque

425 2099 620 2139 suam.

493 2178 661 2229 ANNO
717 2175 842 2229 332.
903 2206 972 2216 ——
1033 2177 1087 2230 l.
1143 2174 1440 2231 Athanasii
1484 2176 1712 2232 reditus.
1765 2208 1834 2216 —
1893 2176 2080 2240 Quare

422 2262 864 2333 Constantinus,
897 2263 990 2319 cui
1040 2263 1238 2320 Galliae
1270 2269 1424 2319 sorte
1469 2265 1841 2331 obvenerant,
1875 2265 2077 2321 eodem

422 2367 689 2407 reversus
721 2353 820 2422 (α),
854 2369 984 2408 cum
1023 2353 1277 2409 Treviris
1312 2359 1660 2418 moraretur,
1690 2353 2077 2410 Athanasium

421 2439 649 2496 remisit
697 2441 1128 2508 Alexandriam,
1176 2441 1329 2496 datis
1378 2443 1447 2496 ad
1505 2442 1783 2514 populum
1835 2443 2078 2498 Alexan-

421 2528 655 2584 drinum
680 2528 1094 2602 litteris,queis
1126 2529 1317 2585 virum
1353 2531 1604 2586 summis
1621 2537 1861 2586 exornat
1890 2531 2079 2586 laudi-

418 2617 532 2672 bus
565 2634 578 2672 :
613 2617 808 2690 aitque
831 2619 960 2674 ideo
992 2637 1024 2673 a
1056 2619 1436 2676 Constantino
1468 2626 1632 2691 patre
1655 2623 1792 2676 sede
1818 2621 2075 2692 pulsum,

419 2707 574 2778 quod
607 2706 930 2778 periculum
953 2713 1108 2763 esset
1137 2725 1208 2762 ne
1239 2709 1613 2764 inimicorum
1643 2709 1876 2765 insidiis
1900 2710 2076 2765 inter-

419 2799 624 2868 ceptus
654 2796 906 2868 periret;
943 2797 1001 2851 in
1035 2797 1231 2851 animo
1254 2798 1436 2852 fuisse
1473 2798 1620 2868 patri
1651 2798 1840 2853 virum
1877 2800 2079 2854 remit-

419 2885 541 2939 tere
588 2883 648 2938 in
698 2884 1005 2940 ecclesiam
1052 2903 1242 2956 suam,
1288 2886 1388 2941 sed
1442 2886 1558 2941 fato
1608 2894 2078 2960 praeoccupatum

421 2973 577 3044 quod
610 2973 668 3028 in
701 2974 916 3045 aptatis
934 2979 1056 3029 erat
1078 2973 1316 3046 exsequi
1343 2992 1454 3030 non
1490 2976 1772 3047 potuisse.
1805 2983 1946 3033 Data
1970 2979 2082 3034 fuit

421 3061 671 3133 epistola
710 3063 964 3118 Treviris
995 3063 1087 3119 die
1117 3080 1233 3118 xvn
1283 3063 1446 3120 Junii
1478 3082 1654 3133 anno,
1685 3070 1748 3121 ut
1779 3072 2076 3139 putamus,

424 3151 552 3206 338.

491 3239 546 3294 2.
583 3239 708 3298 Non
739 3239 954 3296 desunt
976 3245 1170 3297 tamen
1207 3240 1348 3313 quid
1379 3241 1449 3297 ad
1481 3259 1704 3298 annum
1734 3245 1860 3310 337,
1894 3245 1988 3301 his
2009 3246 2080 3302 de

2193 665 2435 719 Cmsaris
2468 681 2678 720 nomen
2708 681 2940 737 semper
2971 666 3155 720 abest.
3191 665 3284 720 Sic
3317 666 3375 720 in
3408 663 3653 736 epistola
3673 664 3848 720 Maxi-

2193 753 2339 809 mini
2393 753 2641 824 Augusti
2693 755 2844 826 apud
2900 753 3214 808 Eusebium
3267 753 3388 808 hac
3436 753 3742 824 inscriptio
3775 753 3851 808 le-

2192 843 2372 914 gitur,
2415 841 2775 916 Αὐτοκράτωρ
2825 846 3025 915 Καῖσαρ
3077 841 3399 913 Μαξιμῖνος.
3432 844 3521 897 iEt
3566 845 3847 899 Constan-

2192 930 2352 986 tinus
2382 931 2440 986 in
2459 930 2704 1002 epistola
2730 948 2857 1003 quae
2881 931 3033 1002 apud
3061 931 3492 987 Theodoretum
3517 936 3724 996 exstat,
3753 932 3848 997 1.1,

2193 1036 2243 1074 c.
2280 1021 2366 1084 17,
2418 1037 2524 1074 nec
2578 1020 2845 1090 Augusti.
2881 1036 2984 1075 nec
3036 1020 3298 1087 Caesaris,
3334 1036 3439 1075 nec
3483 1020 3852 1091 imperatoris

2193 1125 2405 1163 nomen
2439 1108 2711 1164 assumit.
2750 1107 2994 1179 Reliqua
3028 1107 3251 1162 nullius
3285 1110 3566 1164 momenti
3599 1127 3727 1181 quae
3754 1111 3854 1164 ob-

2183 1196 2478 1267 jiciuntur
2509 1196 2781 1252 consulto
2811 1196 3169 1252 omittimus.

2262 1287 2313 1340 3.
2348 1288 2594 1357 Accepta
2639 1286 2995 1341 Athanasius
3047 1287 3324 1341 redeundi
3355 1287 3524 1341 venia
3574 1288 3670 1358 (b),
3704 1286 3844 1344 Ale-

2187 1375 2491 1430 xandriam
2543 1375 2918 1443 contendens,
2977 1374 3301 1430 Viminiaco
3356 1375 3587 1442 transit,
3653 1393 3718 1431 ac
3769 1377 3845 1431 ibi

2192 1464 2249 1518 in
2281 1464 2604 1519 Constantii
2640 1469 3019 1535 conspectum
3051 1465 3246 1528 venit;
3282 1470 3338 1519 et
3369 1482 3484 1536 qua
3509 1469 3635 1520 erat
3665 1465 3847 1521 animi

2189 1553 2578 1623 temperantia
2611 1552 2754 1607 nihil
2805 1552 2862 1607 in
2901 1552 3114 1607 malam
3150 1559 3373 1624 partem
3407 1554 3478 1609 de
3512 1554 3758 1609 Eusebio
3795 1559 3851 1610 et

2191 1642 2366 1696 sociis
2398 1641 2585 1697 exsilii
2622 1641 2711 1695 sui
2743 1642 3085 1696 auctoribus
3120 1641 3350 1697 locutus
3382 1647 3491 1697 est.
3527 1643 3665 1698 lnde
3703 1646 3848 1698 Con-

2191 1730 2636 1802 stantinopolim
2671 1731 3065 1795 contendit,et
3097 1730 3225 1785 istic
3249 1730 3672 1803 aliquantisper
3692 1749 3848 1788 com-

2192 1824 2476 1884 moratus,
2509 1818 2904 1874 criminationi
2939 1836 3042 1890 per
3074 1819 3481 1875 Macedonium
3515 1819 3693 1875 Paulo
3725 1821 3841 1893 epi-

2193 1925 2369 1980 scopo
2403 1909 2698 1964 intentata:
2723 1908 3003 1962 interfuit.
3029 1908 3083 1961 Si
3120 1909 3357 1979 quidem
3392 1909 3606 1964 Paulus
3631 1909 3848 1966 decreti

2188 2000 2588 2069 Angustorum
2621 1996 2902 2051 benelicio
2936 2001 3067 2068 post
3099 1996 3463 2052 Constantini
3497 1998 3721 2052 obitum
3756 2016 3849 2054 se-

2189 2088 2323 2141 dem
2375 2085 2684 2158 repetierat
2719 2103 2730 2140 :
2764 2103 2869 2140 nec
2920 2085 3020 2140 diu
3057 2085 3176 2139 viro
3208 2085 3502 2141 catholica:
3551 2087 3849 2158 opinionis

2189 2175 2355 2231 licuit
2384 2175 2442 2229 in
2480 2189 2617 2244 pace
2647 2175 2886 2230 versari.
2915 2174 2974 2229 In
3011 2174 3273 2244 proximo
3305 2191 3559 2246 namque
3583 2180 3710 2230 erat
3735 2177 3850 2231 Eu-

2190 2265 2390 2320 sebius
2421 2264 2904 2328 Nicomediensis,
2937 2263 3231 2336 impotens
3256 2264 3529 2336 cupidine
3559 2265 3848 2320 Constan-

2188 2353 2584 2424 tinopolitane
2605 2353 2762 2408 sedis
2781 2354 2837 2408 in
2859 2353 3222 2416 invadendae,
3239 2353 3338 2424 qui
3354 2353 3691 2409 Macedonio
3717 2371 3847 2426 pre-

2189 2443 2421 2514 sbytero
2454 2459 2596 2497 usus
2639 2441 2945 2496 calumnia:
2997 2442 3237 2510 artifice,
3271 2441 3461 2496 virum
3495 2443 3757 2497 accusari
3793 2448 3851 2499 et

2189 2532 2396 2586 deferri
2427 2531 2671 2586 curavit.
2706 2532 2923 2586 Tacent
2954 2537 3148 2585 autem
3183 2530 3562 2586 ecclesiastici
3597 2531 3847 2603 scripto-

2191 2637 2282 2675 res
2313 2638 2440 2692 quae
2475 2620 2646 2674 fuerit
2675 2619 2778 2674 illa
2812 2619 3166 2686 criminatio,
3202 2619 3400 2690 aitque
3432 2619 3622 2675 solum
3657 2621 3843 2676 Theo-

2189 2709 2426 2764 doretus
2442 2709 2685 2763 Paulum
2712 2707 3398 2778 seditionisaliorumque
3422 2709 3739 2763 criminum
3757 2726 3846 2763 ac-

2188 2802 2480 2853 cusatum.
2521 2798 2706 2853 Unum
2756 2796 3117 2868 exploratum
3150 2800 3260 2862 est,
3293 2813 3361 2851 ex
3395 2797 3624 2853 Eusebii
3658 2798 3846 2853 ambi-

2187 2887 2346 2941 tione
2380 2892 2574 2940 natam
2609 2885 2792 2941 fuisse
2823 2883 3201 2939 calumniam.
3238 2889 3508 2940 Attamen
3544 2891 3669 2941 tum
3693 2891 3844 2941 tem-

2190 2975 2350 3046 poris
2382 2974 2718 3030 intermissa
2764 2991 2943 3029 causa
2990 2980 3098 3038 est,
3133 2973 3595 3045 compositisque
3648 2975 3844 3040 rebus,

2191 3063 2568 3120 Macedonius
2600 3081 2732 3119 cum
2766 3063 3042 3136 episcopo
3075 3062 3446 3118 reconciliata
3477 3063 3666 3134 gratia
3697 3065 3848 3121 inter

2189 3152 2559 3224 presbyteros
2580 3151 2708 3223 ejus
2739 3149 3457 3216 annumerabatur,donec
3488 3149 3844 3222 redintegra-

2188 3247 2314 3296 tum
2347 3240 2566 3297 crimen
2586 3244 2756 3295 esset.
2775 3242 2898 3305 Oua
2928 3238 2997 3294 de
3022 3256 3080 3293 re
3107 3237 3258 3293 alius
3277 3237 3444 3294 nobis
3471 3238 3634 3295 locus
3654 3241 3723 3296 ad
3753 3241 3844 3295 di-

424 3328 620 3385 causis
664 3329 934 3385 referant.
972 3328 1184 3395 Primo,
1221 3331 1372 3402 quod
1421 3330 1841 3388 Constantinus
1873 3334 2080 3404 junior
2110 3317 2151 3384 C
2190 3331 2438 3386 cendum
2472 3336 2562 3385 est
2590 3329 2968 3384 constitutus.

423 3417 665 3472 Cesaris
697 3417 888 3474 solum
941 3434 1153 3473 nomen
1188 3418 1245 3472 in
1277 3436 1345 3474 ea
1389 3419 1635 3491 epistola
1665 3428 1928 3494 usurpet,
1958 3426 2073 3478 Au-

423 3506 580 3578 gusti
611 3511 979 3578 accepturus,
1012 3509 1061 3562 si
1093 3509 1164 3562 ad
1200 3524 1422 3564 annum
1470 3509 1575 3563 338
1604 3509 1705 3565 illa
1737 3513 2070 3582 pertineret.

421 3593 569 3649 Nam
604 3597 904 3667 Augustus
957 3595 1362 3667 promulgatus
1410 3603 1501 3654 est
1530 3616 1682 3654 anno
1711 3601 1836 3669 337,
1871 3617 2091 3668 mense,

422 3681 771 3754 Septembri.
804 3685 886 3738 Ad
919 3684 1061 3752 haec,
1095 3685 1280 3754 aiunt,
1315 3685 1364 3741 si
1417 3705 1610 3743 annus
1641 3694 1764 3744 erat
1794 3691 1919 3760 338,
1945 3691 2072 3762 jam

419 3769 504 3824 illi
538 3788 648 3826 sua
677 3771 906 3844 imperii
940 3774 1125 3844 portio
1176 3776 1494 3840 invenerat,
1540 3794 1644 3832 nec
1675 3778 1981 3850 quidpiam
2013 3780 2072 3836 in

417 3857 865 3929 Alexandrinos,
890 3861 949 3915 in
982 3862 1304 3917 Constantii
1337 3864 1554 3920 ditione
1587 3866 2075 3932 sitos,obtinebat

417 3948 802 4015 auctoritatis,
839 3956 901 4004 ut
929 3951 1185 4007 exsulem
1211 3951 1622 4010 Alexandriam
1655 3961 1852 4026 posset
1874 3957 2071 4013 remit-

417 4039 559 4092 tere.
616 4038 825 4093 Verum
877 4039 1000 4094 haec
1049 4047 1397 4112 argumenta
1447 4059 1563 4097 non
1617 4043 1763 4098 tanti
1817 4051 1976 4111 sunt,
2010 4052 2074 4100 ut

417 4126 636 4198 apertis
681 4127 1007 4195 Athanasii,
1041 4129 1352 4200 Epiphanii
1403 4147 1468 4186 ac
1511 4131 1857 4188 Theodoreti
1901 4135 2071 4191 testi-

418 4214 634 4270 moniis
666 4217 976 4288 praevalere
998 4217 1263 4272 debeant.
1287 4219 1465 4272 Aiunt
1496 4236 1751 4292 namque
1781 4222 1895 4278 duo
1919 4225 2070 4295 prio-

417 4321 530 4374 res,
565 4320 632 4358 ex
662 4304 841 4360 trium
888 4307 1134 4362 fratrum
1168 4308 1459 4364 sententia
1506 4316 1800 4366 revocatos
1838 4315 2070 4370 exsules

414 4392 616 4448 fuisse.
659 4393 804 4449 Cum
855 4400 1048 4450 autem
1102 4396 1520 4452 Constantinus
1569 4398 1915 4456 Nicomedia)
1963 4404 2064 4456 ob-

411 4481 545 4538 ierit
574 4499 726 4538 anno
774 4484 902 4549 337,
932 4485 1212 4541 vicesima
1249 4487 1342 4542 die
1395 4487 1552 4553 Maii,
1585 4488 1677 4543 vix
1726 4491 1914 4560 potuit
1967 4492 2068 4547 de-

411 4571 568 4627 cima
597 4572 849 4644 septima
875 4573 1033 4630 Junii
1069 4575 1332 4645 ejusdem
1369 4577 1505 4631 anni
1541 4579 1747 4634 mortis
1779 4579 2065 4637 Constan-

408 4660 515 4714 tini
550 4661 792 4717 nuntius
823 4662 894 4718 ad
947 4663 1215 4719 Treviros
1257 4665 1593 4735 pervenire;
1627 4667 1930 4741 multoque
1962 4671 2065 4726 mi-
2095 4690 2142 4755 Β

407 4765 522 4804 nus
571 4754 811 4821 potuere
862 4756 983 4808 tres
1035 4753 1294 4824 Augusti,
1338 4758 1500 4810 tanto
1550 4759 1840 4812 terrarum
1892 4758 2067 4816 inter-

404 4837 559 4893 vallo
607 4838 822 4905 dissiti,
856 4841 928 4894 de
981 4841 1321 4898 revocandis
1350 4843 1654 4900 exsulibus
1703 4862 1822 4901 una
1851 4847 2060 4919 egisse.

403 4927 488 4982 Ad
520 4927 662 4997 haec,
695 4932 896 4984 narrat
924 4929 1323 4986 Theodoretus
1356 4932 1741 4988 Athanasium
1778 4935 1927 4991 duos
1958 4955 2061 4992 an-

405 5033 512 5072 nos
543 5021 601 5072 et
630 5024 885 5089 quatuor
916 5035 1148 5075 menses
1201 5021 1454 5077 Treviris
1488 5027 1801 5078 moratum.
1837 5025 1916 5079 Ex
1947 5043 2063 5098 quo

404 5105 712 5161 conficitur
759 5123 874 5161 non
928 5109 1279 5181 remigrasse
1326 5109 1733 5167 Alexandriam
1781 5118 1917 5168 ante
1960 5132 2062 5170 an-

405 5211 548 5250 num
578 5195 703 5250 338.
738 5197 900 5261 Quod
935 5202 1131 5252 autem
1165 5198 1454 5269 objiciunt
1483 5200 1936 5258 Constantinum
1961 5205 2060 5273 ju-

405 5283 652 5349 niorem,
695 5285 743 5340 si
796 5303 949 5341 anno
1002 5287 1107 5340 338
1155 5304 1282 5342 eam
1343 5288 1681 5361 scripsisset
1728 5291 2061 5362 epistolam,

404 5373 654 5444 Augusti
687 5390 896 5430 nomen
932 5381 1377 5448 usurpaturum,
1412 5395 1527 5433 non
1559 5383 1668 5448 est,
1701 5383 1765 5433 ut
1786 5379 2060 5448 arbitror,

401 5462 548 5518 tanti
582 5463 876 5533 ponderis.
908 5464 1108 5536 Neque
1139 5466 1297 5522 enim
1330 5467 1572 5538 Augusti
1604 5485 1814 5524 nomen
1849 5470 1907 5526 in
1939 5472 2059 5544 epi-

471 5621 548 5765 (ag
577 5621 788 5677 Athan.
823 5625 977 5695 Apol.
1009 5630 1201 5682 contra
1230 5629 1449 5694 Arian.,
1482 5645 1540 5684 n.
1573 5630 1664 5684 87.

471 5693 525 5765 (b
573 5692 790 5765 Athan.
825 5697 979 5765 Apol.
1009 5698 1081 5753 ad
1113 5697 1420 5765 Conslanl.,
1454 5716 1512 5754 n.
1543 5701 1598 5754 5.

571 5692 790 5821 ἂξιᾶᾶιι.
825 5692 979 5767 Apol.
1009 5698 1081 5753 ad
1113 5692 1512 5767 Conslanlq'n.
1543 5701 1598 5754 5.

2257 3421 2308 3474 4.
2341 3419 2698 3474 Athanasius
2745 3434 2878 3472 vero
2909 3417 3002 3485 (ο),
3035 3419 3164 3488 post
3212 3415 3470 3488 aliquam
3506 3420 3570 3472 ut
3615 3417 3847 3472 videtur

2188 3524 2433 3573 moram,
2488 3505 2991 3577 Constantinopoli
3048 3505 3360 3575 profectus,
3403 3522 3504 3576 per
3545 3505 3844 3578 Cappado-

2184 3596 2334 3652 ciam
2369 3613 2617 3668 pergens
2666 3593 3096 3661 Alexandriam,
3127 3593 3398 3648 Caesareaa
3429 3595 3838 3651 Constantium

2184 3685 2396 3740 iterum
2430 3685 2708 3750 offendit;
2743 3684 3057 3756 ipsumque
3087 3683 3398 3748 allocutus,
3425 3682 3566 3740 nihil
3599 3683 3842 3749 durum,

2184 3773 2329 3828 nihil
2362 3791 2634 3845 asperum
2679 3773 2842 3828 effert
2894 3773 2951 3826 in
2988 3772 3300 3826 Eusebium
3351 3783 3409 3826 et
3437 3771 3694 3828 asseclas
3727 3774 3841 3830 sibi

2184 3879 2418 3934 semper
2448 3862 2900 3918 infensissimos.
2937 3863 3077 3916 inde
3122 3877 3252 3916 vero
3306 3878 3408 3932 per
3437 3861 3682 3933 Syriam,
3717 3879 3840 3918 ver-

2182 3955 2360 4018 tente,
2396 3957 2459 4006 ut
2507 3956 2804 4023 putamus,
2838 3968 2992 4006 anno
3024 3952 3148 4021 338,
3181 3949 3588 4005 Alexandriam
3640 3967 3838 4023 perve-

2184 4039 2288 4095 nit.
2324 4041 2615 4096 Reducem
2651 4040 3038 4096 Athanasium
3066 4040 3284 4110 ingenti
3311 4039 3510 4094 laetitia
3538 4039 3843 4112 excipiunt

2180 4128 2552 4184 Alexandrini
2600 4130 2699 4200 (ά),
2746 4146 3015 4184 accurare
3059 4145 3284 4194 omnes,
3338 4145 3554 4200 magna
3602 4130 3691 4184 vis
3744 4147 3843 4202 po-

2181 4219 2306 4291 puli
2330 4219 2641 4290 confluere,
2660 4219 2940 4274 laudibus
2957 4222 3168 4272 cuncta
3183 4218 3843 4289 resonare,gestireuni-

2178 4325 2379 4364 versos
2423 4309 2608 4364 sancti
2663 4307 2930 4380 praesulis
2978 4305 3212 4360 videndi
3257 4306 3554 4377 cupidine.
3587 4307 3841 4362 Maxima

2177 4413 2311 4454 vero
2344 4399 2454 4453 fuit
2487 4398 2888 4453 ministrorum
2920 4395 3382 4466 clericorumque
3412 4393 3709 4465 jubilatio,
3736 4396 3837 4468 qui

2177 4503 2306 4542 eam
2338 4487 2544 4542 exinde
2578 4487 2729 4542 diem
2764 4486 2916 4541 inter
2959 4484 3358 4539 faustissimas
3389 4485 3834 4555 computabant,

2175 4576 2425 4649 Egyptii
2449 4581 2641 4631 autem
2666 4573 3051 4646 episcopi,qui
3075 4571 3272 4627 exsule
3286 4571 3604 4627 Athanasio
3630 4572 3834 4644 pulsos

2175 4682 2237 4722 se
2266 4683 2400 4721 cum
2427 4665 2527 4720 illo
2559 4665 2950 4724 aestimabant,
2985 4678 3249 4735 regresso
3281 4661 3380 4715 illo
3412 4661 3696 4717 rebantur
3726 4679 3832 4735 pa-

2174 4755 2356 4810 trium
2391 4754 2505 4810 sibi
2539 4753 2731 4808 solum
2766 4751 3017 4808 restitui.

2244 4846 2408 4898 ANNO
2425 4844 2549 4898 339.
2577 4874 2642 4883 —
2666 4843 2714 4896 1.
2757 4843 3058 4897 Eusebium
3078 4856 3219 4896 nova
3238 4839 3549 4896 moliuntur
3569 4839 3631 4894 in
3665 4837 3833 4893 Atha-

2172 4934 2414 4987 nasium.
2445 4963 2512 4972 —-
2541 4931 2757 4986 Verum
2791 4929 3024 4985 Eusebii
3060 4935 3116 4984 et
3147 4930 3438 4984 sociorum
3475 4927 3642 4992 livor,
3670 4931 3834 4983 aeter-

2175 5039 2436 5095 numque
2478 5022 2535 5076 in
2585 5019 2975 5075 Athanasium
3009 5019 3209 5074 odium
3265 5016 3640 5072 diuturnitati
3672 5016 3833 5088 pacis

2172 5116 2348 5183 atque
2381 5109 2594 5166 latitia:
2623 5109 3103 5166 obfuit.Vixdum
3140 5109 3296 5164 enim
3322 5107 3519 5162 sedem
3546 5121 3716 5162 suam
3741 5121 3828 5160 re-

2174 5201 2436 5272 petierat,
2467 5217 2601 5256 cum
2626 5199 2708 5254 illi
2735 5215 2885 5254 nova
2910 5197 3116 5252 ineunt
3137 5195 3490 5252 deturbandi
3512 5194 3616 5249 viri
3641 5193 3831 5249 consi-

2171 5287 2250 5343 lia
2296 5291 2385 5361 (θ),
2418 5289 2608 5355 veriti,
2641 5288 2717 5344 ait
2771 5288 3040 5351 Rufinus,
3076 5304 3144 5340 ne
3177 5285 3222 5339 si
3275 5284 3508 5356 quando
3548 5287 3831 5338 Constan-

2170 5378 2318 5433 tium
2350 5378 2529 5434 libere
2579 5377 2998 5449 alloqueretur,
3031 5392 3179 5430 veras
3211 5373 3343 5429 lidei
3385 5372 3829 5445 amplectende,

2169 5467 2512 5539 Arianaeque
2534 5467 2907 5540 repudiandae
2939 5463 3051 5537 ipsi
3075 5469 3282 5520 auctor
3303 5467 3476 5518 esset.
3503 5461 3618 5518 Nec
3639 5475 3829 5526 mora,

2263 5629 2319 5699 ά)
2351 5629 2571 5699 Apolog.
2604 5632 2795 5685 contra
2823 5627 3044 5696 Arium,
3079 5625 3225 5699 n._7.

2263 5629 2296 5683 d
2351 5630 2388 5683 A
2431 5629 2571 5699 olog.
2604 5632 2795 5685 contra
2823 5629 3044 5696 Arium,
3079 5642 3138 5680 ιι.
3169 5629 3225 5679 7.

2239 5629 2319 5770 ἕεέ
2380 5645 2605 5756 ἔθει-ιιι.
2666 5700 2767 5756 lib.
2832 5711 2894 5766 ιι,
2963 5713 3088 5768 cap.
3147 5696 3220 5766 3;
3281 5697 3510 5754 Sozom.
3571 5692 3676 5752 lib.
3738 5709 3827 5761 ιιι,

2168 5788 2298 5844 cap.
2331 5775 2385 5828 2.
