4166 6386
1719 430 1908 499 νιτΑ
1954 426 2021 496 S.
2066 426 2521 497 ATHANASII.

3684 442 3834 497 XCII!

418 585 595 627 novas
626 566 713 625 illi
743 566 1069 627 calumnias
1100 573 1357 637 struunt,
1390 574 1609 627 veteres
1646 569 2064 639 redintegrant,
2100 566 2153 632 Α
2182 566 2306 621 339.
2340 570 2602 623 Socrates
2634 572 2828 624 autem
2861 581 3161 641 perperam
3203 561 3516 622 Alexandri
3551 568 3833 623 Constan-

416 657 649 715 solitam
686 660 941 732 fingendi
967 664 1153 715 artem
1172 660 1661 714 exercent.Primo
1684 659 2075 713 criminantur

415 748 747 821 ingressum
783 748 1168 803 Athanasium
1226 748 1655 810 Alexandriam,
1694 747 2069 814 seditionum,

416 837 686 902 caedium,
718 838 1059 893 exsiliorum
1111 841 1405 892 auctorem
1462 837 1662 892 fuisse.
1698 837 2075 892 Monumenta

414 925 651 998 publica
682 927 1052 998 proferebant
1084 927 1141 980 in
1174 925 1599 991 testimonium,
1656 930 1712 980 et
1754 925 2075 980 sententias

415 1014 477 1069 in
508 1030 635 1069 reos
659 1014 830 1070 latas.
862 1018 933 1069 At
989 1016 1143 1087 quod
1200 1014 1423 1069 solebat
1463 1014 1783 1085 c0njuratis
1815 1020 1871 1069 et
1920 1014 2076 1068 mala

416 1103 893 1158 machinantibus
925 1120 1247 1170 occurrere,
1273 1105 1398 1175 jam
1442 1104 1650 1158 accidit
1681 1104 2074 1175 imprudenti-

414 1191 620 1253 bus,ut
651 1209 849 1247 secum
883 1192 1107 1247 scilicet
1137 1192 1249 1264 ipsi
1274 1198 1622 1265 pugnarent.
1656 1193 1801 1247 Nam
1826 1210 1955 1264 quae
1986 1210 2075 1247 re-

415 1296 583 1336 verso
616 1281 933 1335 Athanasio
973 1281 1053 1335 illi
1081 1286 1243 1353 gesta
1267 1282 1449 1337 fuisse
1465 1281 1908 1353 jactitabant,ex
1931 1281 2075 1353 ipsis

418 1368 563 1425 actis
596 1368 791 1440 palam
813 1374 937 1425 erat
959 1370 1275 1442 contigisse
1310 1372 1570 1425 nondum
1604 1388 1868 1443 regresso
1898 1372 2074 1426 Atha-

417 1459 604 1524 nasio,
655 1476 787 1513 cum
840 1458 901 1513 in
949 1460 1114 1532 Syria
1156 1464 1329 1528 esset,
1386 1460 1611 1531 iterque
1642 1460 1855 1515 faceret
1884 1460 1941 1514 in
1975 1478 2071 1532 pa-

416 1546 683 1602 triam.In
715 1548 937 1603 crimen
970 1549 1257 1604 vocabant
1288 1550 1443 1619 quod
1476 1549 1789 1603 damnatus
1821 1554 1877 1605 et
1919 1550 2075 1620 deje-

417 1640 547 1692 ctus
597 1654 631 1691 a
660 1638 903 1709 synodo,
937 1641 1145 1709 suopte
1178 1642 1323 1692 nutu
1355 1642 1412 1692 et
1441 1639 1727 1692 sententia
1759 1638 1957 1693 sedem
1990 1655 2076 1693 re-

417 1725 702 1797 petiisset,
738 1744 853 1780 non
914 1731 1244 1797 exspectato
1305 1726 1510 1799 synodi
1562 1726 1803 1783 alterius
1828 1727 2073 1797 judicio.

417 1814 775 1869 Inveteratas
800 1814 927 1870 illas
951 1815 1305 1870 reiricabant
1326 1816 1787 1882 criminationes,
1814 1818 1883 1871 de
1900 1816 2076 1873 calice

417 1903 601 1959 fracto
628 1909 684 1959 et
715 1905 787 1958 de
818 1911 1019 1959 enecto
1052 1905 1313 1973 Arsenio,
1347 1904 1456 1960 etsi
1487 1905 1744 1977 depulsa:
1794 1912 1849 1961 et
1879 1906 2077 1979 explo-
2107 1940 2155 2005 Β

417 2009 496 2047 sae
525 1991 639 2046 illa;
662 2009 767 2048 nec
791 1992 1135 2063 sinegrandi
1165 1993 1660 2066 sycophantarum
1690 1995 1933 2051 infamia
1960 1997 2077 2052 fue-

418 2086 569 2136 rant.
606 2081 987 2153 Impudenter
1019 2083 1458 2137 mentiebantur
1490 2085 1851 2139 frumentum
1878 2085 2077 2141 aCon-

418 2169 676 2225 stantino
709 2170 936 2225 alendis
976 2171 1169 2227 viduis
1200 2178 1523 2244 erogatum.
1562 2172 1633 2227 ab
1667 2173 1987 2230 Athanasio
2019 2174 2076 2228 in

417 2258 714 2330 propriam
768 2259 975 2315 diverti
1039 2278 1180 2315 rem.
1242 2262 1308 2316 Et
1340 2265 1463 2316 erat
1507 2261 1648 2317 illud
1684 2267 2075 2318 veteratorum

418 2346 752 2414 consilium,
789 2353 849 2403 ut
880 2350 1172 2419 ejusmodi
1231 2351 1589 2406 frumentum
1636 2351 1695 2405 in
1726 2352 2078 2409 Arianorum

418 2453 593 2491 usum
627 2438 875 2493 cederet.
904 2438 1003 2493 His
1031 2444 1331 2510 permotus
1364 2440 1763 2502 Constantius.
1798 2442 1869 2496 ad
1903 2458 2076 2513 quem

418 2525 716 2597 perfacilis
746 2530 871 2581 erat
900 2526 1313 2584 consceleratis
1344 2529 1560 2593 aditus,
1584 2528 1795 2585 litteris
1821 2531 2078 2586 Athana-

419 2608 573 2669 sium
590 2614 959 2686 querelarum
978 2616 1341 2688 plenissimis
1356 2618 2078 2689 inscctatur,itanimirum

418 2703 765 2760 Eusebianis
822 2711 1214 2778 opportunus,
1275 2711 1337 2761 ut
1388 2709 1637 2762 necdum
1672 2709 1968 2781 explorata
1998 2710 2079 2765 rei

420 2793 685 2860 veritate,
716 2794 891 2850 fidem
921 2794 1094 2849 dictis
1117 2811 1317 2850 eorum
1345 2794 1602 2851 haberet.
1638 2797 1768 2852 Haec
1790 2815 1901 2853 non
1932 2799 2079 2854 Con-

428 2882 638 2937 stantio
670 2881 884 2949 solum,
919 2883 1020 2938 sed
1069 2888 1126 2938 et
1172 2884 1450 2941 fratribus
1509 2886 1639 2956 ejus
1668 2888 1950 2959 Augustis
1982 2889 2079 2944 de-

428 2970 779 3026 nuntiabant
808 2971 1070 3027 seditiosi
1103 2973 1371 3029 homines
1397 2992 1409 3030 :
1436 2975 1604 3046 queis
1632 2980 1831 3031 tamen
1862 2994 1976 3032 non
2000 2978 2081 3033 ita

424 3059 592 3116 facile
620 3066 745 3116 erat
774 3062 948 3117 verba
978 3062 1136 3133 dare,
1168 3064 1489 3135 praesertim
1535 3065 1899 3131 Eusebianis,
1935 3084 2081 3139 quo-

422 3164 553 3202 rum
588 3148 824 3204 animus
866 3154 1209 3221 perspectus
1238 3151 1384 3223 ipsis
1415 3153 1922 3210 erat.Athanasius
1948 3172 2081 3211 vero

422 3237 623 3293 missis
656 3238 728 3293 ad
758 3238 1168 3295 Constantium
1189 3239 1399 3296 litteris
1421 3241 1646 3297 oblatas
1669 3242 1779 3298 sibi
1803 3244 2079 3300 crimina—

2181 654 2549 726 tinopolitani
2584 657 2831 723 obitum,
2863 662 2920 713 et
2977 674 3105 729 qua:
3134 655 3301 711 illum
3334 657 3648 712 subsecuta
3673 660 3836 726 sunt,

2184 749 2316 814 post
2337 745 2700 800 Constantini
2723 746 2979 815 junioris
3002 750 3249 801 mortem
3271 748 3525 814 enarrat,
3557 746 3657 799 sed
3691 761 3835 816 prae-

2185 838 2505 905 postere,ut
2526 851 2696 890 nemo
2722 836 2956 907 penitus
2979 852 3096 890 non
3118 834 3327 889 videat.
3352 834 3639 889 Eusebius
3670 837 3836 905 opta-

2184 926 2311 976 tum
2346 927 2652 978 assecutus
2685 925 2786 991 (b),
2818 923 3307 996 imperatorisque
3337 922 3597 978 amicitia
3628 927 3686 978 et
3712 938 3840 995 gra-

2183 1010 2266 1064 tia
2296 1010 2709 1082 fultus,tandiu
2741 1013 3088 1068 meditatum
3113 1012 3424 1068 consilium
3449 1013 3521 1068 de
3550 1012 3839 1084 recipien-

2184 1099 2276 1155 dis
2306 1100 2363 1154 in
2396 1100 2713 1155 Ecclesiam
2745 1102 2975 1156 Arianis
3008 1102 3198 1173 palam
3240 1101 3477 1173 exsequi
3509 1106 3567 1157 et
3594 1100 3840 1172 implere

2184 1189 2453 1245 decrevit.
2489 1191 2555 1245 Et
2613 1207 2747 1245 cum
2780 1208 2845 1246 eo
2906 1194 3166 1263 tempore
3222 1190 3588 1246 Antiochiam
3620 1194 3842 1262 peteret

2185 1279 2582 1346 Constantius,
2616 1279 2812 1335 isthuc
2843 1296 2980 1334 cum
3014 1297 3079 1334 eo
3122 1280 3408 1335 Eusebius
3440 1284 3494 1335 et
3526 1278 3668 1335 socii
3700 1282 3843 1334 sunt

2188 1368 2428 1440 profecti
2458 1384 2469 1423 :
2505 1386 2609 1423 nec
2632 1370 2755 1440 jam
2788 1367 3014 1424 artibus
3045 1367 3254 1433 solitis,
3289 1368 3650 1440 occultisque
3694 1367 3839 1423 insi—

2186 1456 2299 1512 diis
2334 1457 2422 1512 usi
2447 1458 2662 1512 suntin
2693 1457 3125 1514 Catholicorum
3154 1456 3491 1529 perniciem;
3520 1458 3620 1513 sed
3644 1461 3843 1530 aperte

2186 1561 2426 1601 causam
2462 1547 2801 1602 Arianorum
2837 1551 2903 1601 ut
2933 1564 3101 1602 suam
3133 1563 3303 1619 agere
3345 1551 3662 1617 coeperunt.

2258 1637 2310 1689 3.
2363 1637 2663 1691 Eusebiani
2713 1637 2931 1691 Pistum
2987 1636 3241 1705 deligunt
3292 1637 3355 1690 in
3408 1636 3848 1691 Alexandrinum

2186 1726 2507 1796 episcopum
2561 1756 2624 1765 -—
2650 1725 2847 1780 Coacti
2879 1724 3409 1797 igiturAntiochiaa,
3442 1724 3665 1780 Pistum
3691 1725 3846 1781 Aria-

2188 1831 2329 1868 num
2356 1814 2761 1887 presbyterum
2782 1815 2852 1869 ab
2879 1814 3203 1871 Alexandro
3228 1813 3367 1869 olim
3399 1814 3756 1885 abdicatum,
3786 1814 3846 1870 in

2187 1902 2486 1958 Athanasii
2521 1902 2714 1959 locum
2766 1904 3107 1975 episcopum
3169 1903 3542 1959 constituunt
3600 1902 3850 1959 Alexan-

2189 1991 2573 2048 drinum.Hoc
2598 1992 2902 2048 exordium
2934 1993 3047 2048 fuit
3074 1992 3365 2048 malorum
3415 1996 3473 2047 et
3503 1992 3664 2065 origo
3694 1992 3849 2049 cala-

2191 2081 2465 2135 mitatum
2499 2081 3003 2153 tumultuumque,
3068 2081 3167 2152 qui
3202 2081 3357 2136 haud
3387 2081 3469 2136 ita
3500 2080 3686 2137 multo
3718 2085 3852 2154 post

2189 2185 2318 2224 eam
2352 2169 2641 2225 civitatem
2674 2171 3033 2224 invaserunt.
3084 2169 3277 2224 Missis
3308 2174 3505 2225 autem
3537 2168 3851 2224 Eusebiani

2189 2259 2643 2313 Alexandrinam
2669 2259 2741 2313 ad
2758 2259 3003 2314 Arianos
3026 2258 3417 2330 diaconis,qui
3444 2274 3560 2314 rem
3586 2274 3848 2323 commus

2190 2363 2325 2402 nem
2353 2352 2641 2419 gererent,
2672 2352 2801 2403 tum
2836 2353 3033 2418 aperte
3090 2352 3395 2420 coeperunt
3439 2364 3573 2403 cum
3620 2346 3852 2404 Arianis

2190 2436 2568 2509 adjungi,nec
2593 2436 2803 2508 puduit
2833 2438 3141 2493 damnatos
3173 2454 3204 2491 a
3225 2436 3447 2508 synodo
3479 2435 3768 2508 lucifugas
3791 2435 3851 2491 in

2189 2527 2624 2582 communionis
2646 2526 2983 2582 societatem
3009 2526 3354 2581 admittere:
3390 2524 3618 2580 diaconi
3654 2529 3850 2581 autem

2189 2615 2594 2671 Alexandriam
2620 2615 2787 2671 missi
2809 2632 2941 2670 cum
2968 2615 3109 2671 solis
3126 2614 3360 2670 Arianis
3383 2620 3702 2671 conventus
3725 2631 3855 2688 age-

2189 2705 2357 2760 bant.
2395 2704 2684 2761 Eusebius
2705 2705 2830 2778 ipse
2854 2705 2970 2759 Arii
2997 2704 3329 2777 opinionem
3354 2709 3419 2759 ut
3446 2720 3649 2760 sanam
3673 2708 3729 2760 et
3759 2721 3850 2758 or-

2196 2793 2512 2850 thodoxam
2545 2794 2760 2864 ubique
2791 2794 3166 2866 praedicabat,
3217 2793 3667 2850 commendabat
3693 2792 3854 2850 litte-

2199 2883 2304 2951 ris,
2339 2884 2566 2938 fovebat
2596 2900 2699 2955 pro
2750 2882 2994 2938 viribus.
3041 2884 3161 2939 Sub
3215 2882 3337 2938 haec
3378 2883 3531 2938 idem
3567 2883 3855 2959 Eusebius

2192 2990 2325 3028 cum
2357 2973 2713 3045 quibusdam
2748 2973 2925 3029 sociis
2956 2977 3217 3028 oratores
3240 2989 3374 3027 cum
3408 2971 3621 3028 litteris
3651 2973 3724 3028 ad
3753 2973 3853 3028 Ju-

2190 3059 2336 3116 lium
2370 3079 2583 3133 papam
2617 3062 2820 3131 mittit,
2873 3061 3192 3117 Macarium
3229 3061 3661 3134 presbyterum,
3699 3061 3849 3117 Mar—

2194 3151 2388 3223 yrium
2422 3157 2477 3207 et
2529 3151 2887 3224 Hesychium
2946 3151 3270 3217 diaconos;
3332 3154 3614 3223 erantque
3644 3150 3849 3207 littera:

2190 3240 2471 3295 adversus
2504 3238 3264 3308 Athanasium,Marcellum
3288 3242 3343 3295 et
3374 3238 3682 3311 Asclepam
3715 3256 3849 3296 con-

417 3325 607 3383 tiones
640 3326 1020 3399 propulsavit.
1055 3329 1163 3384 Sed
1209 3329 1428 3384 frustra
1459 3331 1707 3387 cessisse
1740 3338 1983 3389 conatus
2012 3351 2081 3390 ex
2112 3314 2154 3380 (ἶ
2195 3328 2443 3400 Βοτὶρῐω.
2471 3329 2978 3401 LegatiSjussum,
3014 3333 3078 3383 ut
3106 3327 3247 3383 Ρὶεῐὶ
3269 3344 3508 3383 causam
3532 3344 3666 3383 cum
3691 3328 3847 3384 Julio

417 3416 596 3472 rebus
618 3422 821 3488 postea
869 3418 1053 3489 gestis
1084 3417 1279 3489 palam
1312 3423 1421 3485 est,
1484 3420 1823 3475 Constantio
1856 3421 2079 3478 scilicet

416 3503 498 3559 ita
528 3510 812 3577 occupato
845 3505 1099 3578 querelis
1157 3507 1414 3562 assiduis
1447 3514 1622 3580 atque
1652 3510 2076 3566 criminationi-

416 3593 527 3649 bus
555 3594 1046 3661 Eusebianorum,
1106 3600 1171 3650 ut
1208 3595 1383 3651 nullae
1414 3602 1680 3670 paterent
1710 3600 1981 3671 purganti
2015 3618 2077 3657 se

413 3682 516 3737 viae
545 3684 664 3739 veri
696 3684 1000 3739 suadendi.

484 3773 538 3826 2.
599 3774 884 3836 Eusebius,
938 3774 1096 3845 pulso
1153 3777 1351 3846 Paulo,
1408 3775 2075 3845 Constantinopolitanam

413 3861 594 3916 sedem
616 3863 847 3917 invadit.
883 3894 952 3902 ——
998 3864 1326 3935 Antequam
1359 3871 1694 3937 erumperet
1718 3866 1778 3921 in
1818 3868 2073 3923 Athana-

414 3948 569 4005 sium
605 3950 1065 4007 Eusebianorum
1100 3953 1263 4008 furor
1301 3955 1405 4024 (a),
1437 3955 1726 4011 Eusebius
1752 3957 2074 4029 cupiditate

412 4056 646 4110 semper
697 4040 954 4111 flagrans
984 4041 1373 4114 imperatoriae
1414 4044 1577 4100 urbis
1609 4045 1807 4100 sedem
1839 4046 2069 4117 episco-

410 4126 601 4197 palem
634 4127 968 4195 invadendi,
1005 4129 1211 4185 initam
1252 4130 1515 4201 proximo
1544 4149 1696 4189 anno
1728 4134 1785 4188 in
1819 4135 2068 4191 Paulum

410 4214 1122 4289 Constantinopolitanum
1156 4218 1630 4277 criminationem
1662 4240 1766 4295 per
1803 4225 2069 4281 Macedo-

408 4304 575 4360 nium
635 4307 1020 4379 redintegrari
1075 4310 1316 4364 curavit.
1373 4313 1437 4364 Et
1488 4315 1613 4365 tum
1647 4313 1909 4384 quidem,
1944 4331 2068 4371 ces-

408 4398 577 4450 sante
607 4395 856 4467 actione,
888 4396 1265 4452 Macedonius
1320 4398 1501 4455 Paulo
1534 4401 1832 4469 subditus,
1866 4421 2067 4459 recon-

409 4482 606 4539 ciliata
634 4484 825 4556 gratia
854 4502 1056 4556 pacem
1090 4486 1333 4542 colebat.
1366 4490 1436 4542 At
1478 4489 1787 4559 Eusebius,
1822 4493 1922 4564 qui
1953 4494 2069 4566 epi-

409 4573 703 4644 scopalem
730 4572 1079 4645 dignitatem
1115 4574 1504 4647 amplitudine
1530 4577 1835 4635 civitatum
1869 4582 2067 4638 metie-

2188 3423 2447 3490 agerent,
2509 3423 2896 3490 auctoresque
2935 3417 3018 3472 illi
3080 3422 3279 3473 essent
3323 3423 3388 3473 ut
3424 3417 3651 3473 litteras
3681 3419 3849 3474 daret

2186 3506 2459 3578 pacificas
2517 3508 2589 3563 ad
2648 3502 3078 3579 ψευδεπίσκοπον
3138 3506 3305 3562 illum
3337 3505 3842 3562 transmittendas.

2187 3596 2522 3668 Legationis
2549 3597 2649 3668 qui
2684 3597 2857 3652 fuerit
2886 3596 3097 3665 exitus,
3142 3614 3274 3651 mox
3304 3595 3734 3652 enarrabimus.

2257 3686 2309 3740 4.
2336 3687 2450 3740 Hoc
2480 3685 2709 3741 circiter
2740 3703 2895 3741 anno
2927 3686 3249 3742 excessisse
3277 3686 3395 3741 vita
3425 3688 3702 3757 putamus
3732 3686 3846 3741 Eu-

2183 3775 2412 3830 sebium
2444 3775 2888 3842 Caesariensem,
2912 3775 3101 3830 virum
3138 3775 3463 3831 eruditione
3493 3774 3848 3847 scriptisque

2183 3864 2309 3919 suis
2339 3880 2518 3936 quam
2552 3864 2665 3919 {ide
2694 3868 2752 3919 et
2784 3864 3071 3935 probitate
3104 3864 3525 3936 insigniorem:
3580 3864 3751 3936 cujus
3784 3864 3844 3920 in

2181 3953 2382 4008 locum
2414 3953 2769 4025 subrogatur
2795 3953 3040 4009 Aeacius
3071 3954 3199 4025 ejus
3232 3951 3689 4025 discipulus,qui
3721 3970 3845 4008 ma-

2180 4041 2432 4114 gistrum
2472 4042 2772 4113 impietate
2806 4041 2973 4097 facile
3005 4042 3321 4114 superavit.

2250 4136 2417 4186 ANNO
2447 4132 2572 4187 340.
2607 4163 2676 4171 -
2710 4133 2759 4188 1.
2790 4131 3042 4204 Synodus
3077 4133 3478 4189 Alexandrina.
3501 4164 3568 4174 —
3598 4136 3727 4189 Non
3757 4132 3846 4189 fu-

2178 4219 2417 4291 giebant
2440 4219 2829 4277 Athanasium
2862 4225 3027 4276 tanta
3052 4220 3290 4277 Eusebii
3321 4225 3379 4277 et
3400 4220 3691 4277 sociorum
3714 4239 3844 4279 mo-

2178 4307 2385 4365 limina
2416 4308 2474 4363 in
2508 4310 2805 4381 pernicien
2868 4309 3140 4366 Ecclesia;
3201 4315 3559 4382 comparata.
3604 4312 3675 4366 Et
3702 4328 3842 4383 pro-

2178 4397 2433 4468 spiciens
2466 4398 2622 4469 quod
2654 4397 2800 4454 illud
2833 4397 2981 4453 foret
3012 4397 3341 4470 periculum
3375 4399 3468 4472 (ο),
3500 4400 3841 4458 ὴωπθιίουω

2176 4486 2475 4543 hominem
2506 4487 2566 4542 in
2592 4487 2937 4560 episcopum
2968 4487 3249 4559 cooptari,
3284 4489 3573 4561 synodum
3597 4489 3842 4545 Alexan-

2177 4576 2314 4631 driae
2363 4580 2659 4632 convocat.
2710 4577 2789 4632 Eo
2848 4578 3153 4632 conﬂuunt
3202 4593 3271 4632 ex
3316 4577 3580 4651 Egypto,
3639 4577 3837 4652 Libya,

408 4660 603 4728 batur,
636 4662 906 4734 sperebat
953 4680 1033 4731 se,
1070 4664 1118 4718 si
1163 4664 1335 4736 regiae
1367 4665 1529 4720 urbis
1560 4668 1865 4743 ecclesiam
1896 4688 2067 4727 occu-
2098 4685 2147 4749 D
2178 4670 2234 4721 et
2264 4665 2567 4737 Pentapoli
2598 4665 2854 4739 episcopi
2888 4682 3067 4738 prope
3111 4670 3368 4722 centum.
3402 4669 3612 4723 Actum
3642 4668 3714 4724 de
3742 4668 3837 4723 in-

408 4755 593 4822 paret,
626 4751 816 4823 magis
866 4751 1174 4825 magisque
1231 4753 1438 4809 ofﬁciis
1488 4770 1660 4826 posse
1698 4761 1758 4812 et
1787 4759 2066 4832 obsequio

407 4838 820 4910 imperatorem
853 4840 1337 4896 demereri.Morze
1363 4841 1545 4914 igitur
1573 4843 1889 4916 impatiens
1915 4853 2064 4904 Pau-

406 4926 529 4983 lum
552 4928 739 4984 defert
760 4928 830 4983 ad
854 4928 1289 5002 imperatorem,
1323 4935 1380 4986 et
1409 4948 1526 5003 qua
1557 4939 1681 4989 erat
1709 4938 2065 4993 veteratoriae

406 5016 549 5072 artis
578 5016 811 5089 peritia,
843 5019 972 5089 ejus
1032 5019 1298 5075 animum
1347 5028 1652 5092 exasperat
1681 5023 1741 5079 in
1775 5026 2061 5097 optimum

406 5106 783 5162 anstistitem.
806 5105 983 5162 Jussu
1016 5123 1152 5180 ergo
1184 5108 1557 5180 imperatoris
1583 5113 1750 5167 acciti
1782 5114 2060 5189 episcopi,

403 5192 666 5267 plerique
696 5212 902 5251 omnes
938 5196 1156 5265 Ariani,
1217 5198 1509 5269 synodum
1557 5201 2062 5277 Constantinopoli

405 5283 718 5340 celebrant.
752 5284 838 5339 Ibi
869 5285 1086 5341 Paulus
1117 5287 1188 5341 ad
1219 5286 1455 5342 Eusebii
1487 5287 1792 5346 libidinem
1824 5296 1882 5348 et
1907 5294 2062 5349 arbi-

404 5372 582 5428 trium
642 5375 980 5446 damnatus,
1015 5376 1439 5448 depositusque
1497 5382 1624 5447 est;
1658 5383 1735 5447 et,
1777 5381 1876 5453 qui
1907 5399 2063 5439 unus

402 5465 526 5518 erat
553 5462 817 5518 conﬂata:
878 5462 1331 5536 conspirationis
1388 5482 1623 5538 scopus,
1680 5468 1971 5528 Eusebius
2000 5472 2060 5528 in

404 5550 531 5622 ejus
564 5550 758 5608 locum
789 5557 1114 5625 promotus.
1165 5553 1227 5609 Id
1258 5557 1490 5627 gestum
1522 5556 1879 5614 arbitramur
1906 5579 2060 5618 anno

473 5693 552 5837 ξας
581 5695 824 5751 Historia
851 5696 1190 5779 Arianorum
1217 5694 1289 5752 ad
1315 5697 1628 5767 monachos,
1663 5716 1720 5755 n.
1751 5700 1808 5761 7.

500 5764 529 5819 b
582 5766 811 5824 Sozom.
844 5766 948 5824 lib.
978 5783 1064 5837 m,
1095 5783 1222 5837 cap.
1255 5768 1310 5822 5.

500 5764 552 5837 b)
582 5766 811 5824 Sozom.
844 5766 948 5824 lib.
978 5783 1064 5837 m,
1095 5783 1222 5841 cap.
1255 5768 1310 5822 5.

2178 4755 2473 4811 stantibus
2511 4754 2781 4827 negotiis,
2814 4756 3007 4827 deque
3038 4754 3296 4828 periculo
3328 4772 3461 4812 mox
3494 4756 3674 4813 futuri
3706 4757 3839 4813 Ale-

2177 4844 2472 4901 xandrinae
2494 4843 2763 4903 Ecclesiae
2786 4844 3041 4900 discidii.
3067 4843 3343 4899 Omnium
3371 4843 3596 4901 calculo
3627 4848 3685 4901 et
3713 4847 3837 4901 suf-

2180 4933 2364 5005 fragio
2380 4933 2711 5005 epistolaad
2745 4951 2951 4990 omnes
2980 4934 3199 5007 ubique
3220 4938 3509 4990 terrarum
3529 4934 3837 5009 episcopos

2179 5022 2474 5091 mittitur;
2509 5040 2626 5095 qua
2655 5023 2772 5078 orsi
2806 5025 2876 5078 ab
2925 5024 3245 5078 inveterato
3278 5023 3741 5079 Eusebianorum
3772 5025 3834 5080 in

2178 5112 2569 5168 Athanasium
2603 5112 2759 5178 odio,
2791 5112 2989 5168 oblata
3034 5112 3172 5169 olim
3204 5112 3330 5169 viro
3360 5112 3610 5168 crimina
3638 5129 3834 5170 recen-

2176 5206 2326 5274 sent,
2362 5206 2579 5274 negant
2603 5218 2738 5257 vera
2768 5219 2898 5258 esse
2944 5219 3308 5275 quaecunque
3336 5217 3540 5259 eorum
3571 5219 3749 5275 opera
3776 5206 3834 5260 et

2176 5296 2298 5348 arte
2337 5290 2606 5363 evulgata
2634 5291 2924 5361 fuissent;
2955 5295 3013 5347 et
3044 5297 3241 5348 tamen
3289 5292 3480 5347 virum
3536 5291 3830 5348 insontem

2175 5380 2364 5453 patrio
2396 5380 2519 5437 solo
2550 5384 2604 5436 et
2636 5378 2893 5436 Ecclesia
2914 5381 3165 5451 ejectum
3198 5382 3519 5452 acerbeque
3535 5386 3828 5452 vexatum,

2175 5469 2415 5526 vixdum
2446 5469 2693 5541 repetita
2722 5470 2881 5534 sede,
2914 5469 3079 5526 novis
3128 5468 3450 5541 alienisque
3476 5469 3683 5541 impeti
3712 5469 3830 5525 cri-

2176 5557 2619 5616 minationibus.
2650 5557 2830 5612 Aiunt
2858 5558 3066 5626 caades,
3111 5557 3450 5626 seditiones,
3479 5556 3685 5613 exsilia
3714 5556 3828 5623 im.

2244 5701 2314 5774 (ε)
2347 5698 2556 5768 Athan,
2586 5698 2741 5779 Apol.
2773 5702 2963 5759 centra
2990 5699 3215 5765 Arium,
3244 5715 3303 5753 n.
3333 5698 3385 5764 3,
