4166 6396
347 465 486 523 XCIV

1753 452 2368 522 PROLEGOMENA.

347 593 562 668 putari,
598 610 849 668 quorum
880 593 1097 653 nedum
1147 597 1349 654 auctor
1376 593 1503 670 ipse
1532 595 1830 653 occasiove
1860 594 2001 650 fuis-
2028 593 2082 661 Α
2112 598 2211 666 pta
2243 595 2318 665 (α)
2372 592 2607 662 dicitur,
2668 594 2876 652 fratres
2933 593 3054 652 sive
3102 591 3324 669 legatos
3383 607 3523 653 suos
3550 587 3764 671 πέρυσι,

345 687 456 752 set,
489 703 561 742 ne
614 686 797 741 redux
850 686 1110 759 quidem,
1170 687 1405 759 quando
1465 686 1797 742 istiusmodi
1837 689 2000 757 gesta

343 778 635 841 sunt,erat
665 793 678 843 ;
711 776 811 831 sed
845 776 1034 831 adhuc
1057 775 1255 848 procul
1307 775 1497 847 patria
1518 777 1577 830 in
1605 774 1772 848 Syria
1802 791 1998 830 versa-

339 863 550 919 batur:
587 864 935 936 negotiaque
992 864 1333 936 hujusmodi
1388 864 1477 920 vel
1526 863 1866 929 Ecclesiam,
1913 863 1997 919 vel

336 951 723 1009 Athanasium
761 952 1097 1009 nullatenus
1142 958 1458 1025 spectasse.
1493 955 1554 1008 In
1587 969 1788 1009 eorum
1823 953 1995 1008 ﬁdem

336 1046 467 1098 acta
496 1042 625 1114 ipsa
657 1046 714 1098 et
732 1041 1053 1098 sententias
1077 1043 1352 1113 judicum
1407 1059 1468 1098 se
1501 1046 1753 1098 attexere
1783 1042 1995 1112 episto-

338 1130 618 1186 laa.Multa
639 1131 912 1203 deinceps
967 1136 1262 1202 enarrant,
1296 1148 1425 1202 quae
1448 1132 1572 1203 jam
1607 1148 1640 1185 a
1671 1131 1840 1186 nobis
1873 1131 1996 1186 suis

335 1221 784 1276 suntrecensita
805 1221 968 1288 locis,
1001 1225 1375 1294 purgantque
1409 1220 1796 1275 Athanasium
1821 1237 1854 1274 a
1886 1220 1994 1274 cri-

333 1309 761 1364 minationibus
793 1310 1290 1377 adversariorum,
1324 1314 1576 1382 carpunt
1604 1309 1838 1364 Eusebii
1871 1327 1995 1364 am-

329 1398 519 1454 bitum
551 1402 609 1454 et
638 1398 975 1471 cupidinem
1011 1415 1360 1470 magnarum
1411 1401 1886 1470 occupandarum
1914 1398 1994 1453 ci-

325 1487 595 1542 vitatum.
627 1487 828 1542 Mirari
881 1503 943 1542 se
989 1504 1023 1541 a
1053 1488 1194 1555 viro,
1226 1488 1325 1559 qui
1353 1487 1584 1558 jamdiu
1617 1493 1672 1542 et
1705 1489 1832 1558 iure
1864 1488 1993 1559 qui-

331 1577 465 1632 dem
486 1575 794 1631 abdicatus
826 1576 1057 1641 fuisset,
1115 1577 1289 1648 objici
1321 1577 1641 1632 Athanasio
1670 1576 1830 1631 illam
1867 1593 1996 1649 por-

331 1668 623 1721 tentosam
654 1669 710 1721 et
740 1670 944 1720 contra
966 1666 1069 1736 jus
1102 1665 1308 1738 fasque
1355 1666 1488 1739 Tyri
1518 1665 1734 1721 editam
1768 1665 1995 1720 abdica-

332 1754 574 1810 tionem.
610 1753 1019 1826 Falsojactare
1046 1753 1198 1820 illos,
1231 1756 1565 1810 redeuntem
1601 1754 1992 1810 Athanasium

334 1858 485 1916 aegre
513 1848 569 1898 et
590 1842 934 1915 indignante
957 1843 1169 1916 populo
1193 1843 1462 1915 cleroque
1483 1843 1874 1898 Alexandrino
1899 1844 1997 1899 ad-

335 1934 608 2000 missum,
642 1933 876 2004 quando
931 1937 1152 2000 contra,
1214 1933 1479 1989 omnium
1538 1934 1710 2001 votis,
1769 1933 1988 2002 latitia,

325 2021 539 2095 plausu
572 2025 874 2093 exceptum
929 2021 1149 2077 nemini
1205 2039 1320 2077 non
1380 2021 1741 2094 exploratum
1791 2025 1983 2089 esset;

325 2114 492 2167 tanta
522 2110 797 2183 cupidine
827 2111 933 2166 viri
984 2111 1300 2183 perniciem
1351 2117 1636 2184 expetere,
1688 2115 1754 2166 ut
1786 2115 1989 2166 contra

326 2216 502 2273 quam
536 2204 906 2273 perspectum
931 2200 1041 2256 sibi
1066 2206 1124 2256 et
1174 2200 1585 2256 Alexandrinis
1608 2205 1784 2267 esset,
1818 2199 1986 2255 illum

328 2289 482 2362 apud
515 2289 928 2362 imperatorem
978 2291 1050 2345 de
1109 2307 1388 2346 conversa
1425 2290 1483 2345 in
1535 2307 1653 2345 rem
1691 2290 1986 2362 propriam

327 2397 561 2435 annona
592 2379 826 2451 publica
847 2379 1466 2436 detulissent.Monent
1487 2381 1723 2436 demum
1756 2381 1987 2435 univer-

328 2485 446 2535 sos,
481 2468 798 2524 Eusebium
852 2473 909 2524 et
936 2469 1125 2524 socios
1170 2469 1363 2540 posita
1394 2468 1555 2525 larva
1585 2486 1721 2524 cum
1755 2469 1989 2524 Arianis

335 2557 528 2631 palam
558 2556 830 2613 societate
861 2562 917 2613 et
946 2558 1359 2613 communione
1379 2559 1639 2629 junctos,
1665 2559 1872 2613 iisdem
1905 2559 1990 2613 in-

330 2650 551 2702 teresse
582 2647 828 2702 caatibus
859 2645 1292 2711 ecclesiasticis,
1349 2652 1524 2720 atque
1554 2648 1835 2702 Arianum
1867 2647 1987 2720 epi-

331 2751 576 2808 ICOpum
607 2733 1018 2791 Alexandrinis
1050 2735 1525 2803 dedisse,novam
1558 2735 1826 2792 haeresim
1860 2735 1988 2791 ubi-

330 2843 444 2900 que
476 2825 887 2881 commendare
943 2823 1373 2897 celebrareque.
1437 2825 1665 2898 Rogant
1713 2825 1990 2897 praesules

333 2930 560 2986 omnes,
624 2917 688 2969 ut
742 2917 800 2969 et
861 2913 1227 2980 Eusebianis,
1287 2914 1334 2969 si
1397 2914 1537 2986 quid
1606 2914 1992 2970 rescriberent

333 3007 537 3060 contra
585 3002 997 3071 Athanasium,
1060 3003 1234 3060 ﬁdem
1292 3003 1566 3070 habeant,
1619 3003 1850 3059 etiamsi
1892 3003 1989 3058 lit-

331 3097 469 3149 terae
508 3092 906 3165 Egyptiorum
967 3092 1363 3165 complurium
1421 3092 1829 3165 episcOporum
1887 3109 1989 3148 no-

331 3198 466 3238 men
497 3182 858 3255 praeferant:
892 3198 1019 3238 esse
1079 3182 1294 3255 quippe
1341 3181 1632 3254 ejusmodi
1665 3181 1905 3237 nomina
1934 3187 1993 3237 et

329 3270 608 3343 suffragia
638 3270 1080 3327 Meletianorum
1134 3271 1668 3338 schismaticorum,
1705 3271 1803 3344 qui
1835 3271 1991 3327 viros

2111 683 2167 738 id
2202 690 2310 751 est,
2373 701 2526 740 anno
2566 687 2828 758 proxime
2883 685 3082 759 elapso
3139 687 3264 754 340,
3322 686 3612 758 synodum
3660 685 3770 743 Ro-

2110 789 2217 828 mae
2251 773 2615 846 postulasse:
2681 776 3086 848 probabilique
3145 777 3484 848 conjectura
3513 779 3764 849 possunt

2109 863 2368 934 synodus
2399 867 2456 918 et
2493 864 2622 934 ejus
2679 863 2891 937 legatio
2949 865 3008 920 in
3067 883 3288 922 annum
3322 866 3595 921 eumdem
3629 881 3766 920 con-

2108 951 2264 1007 ferri.

2178 1044 2230 1096 3.
2265 1043 2450 1113 Legati
2505 1043 2794 1099 Athanasii
2850 1060 2976 1100 cum
3030 1045 3359 1100 Eusebiani:
3397 1043 3764 1114 congrediun-

2107 1136 2292 1189 tur.—
2325 1131 2442 1188 Hoc
2473 1132 2672 1205 igitur,
2709 1138 2772 1188 ut
2829 1139 3133 1205 putamus,
3190 1150 3365 1201 anno,
3425 1134 3592 1188 missi
3627 1137 3767 1189 sunt

2105 1220 2178 1275 ab
2209 1221 2532 1277 Athanasio
2562 1228 2619 1277 et
2647 1239 2681 1277 a
2709 1224 2932 1295 synodo
2981 1223 3376 1279 Alexandrina
3416 1222 3762 1295 presbyteri,

2104 1310 2205 1381 qui
2237 1311 2548 1382 epistolam
2579 1311 2741 1367 illam
2792 1313 3135 1386 synodicam
3182 1312 3337 1368 Julio
3369 1312 3664 1379 offerrent,
3697 1329 3762 1367 ac

2105 1399 2336 1455 Eusebii
2356 1400 2681 1472 legatorum
2706 1401 3012 1474 postulatis
3034 1402 3454 1457 obniterentur.
3473 1401 3765 1457 Macarius

2104 1488 2399 1560 siquidem
2432 1490 2751 1562 presbyter,
2813 1492 3124 1564 Martyrius
3179 1496 3236 1547 et
3285 1490 3607 1564 Hesychius
3638 1491 3762 1546 dia-

2103 1578 2234 1634 coni
2289 1584 2547 1634 oratores
2598 1581 2670 1634 ab
2724 1580 2971 1636 Eusebio
3027 1579 3216 1646 missi,
3275 1583 3541 1650 Romam,
3575 1583 3639 1634 ut
3669 1578 3758 1634 di-

2102 1671 2261 1723 ctum
2295 1673 2403 1739 est,
2432 1669 2899 1741 commigrarunt
2928 1695 2942 1736 ;
2973 1669 3323 1741 traditisque
3363 1668 3520 1724 Julio
3551 1667 3765 1723 litteris

2103 1756 2513 1829 signiﬁcarunt
2561 1757 2855 1814 admissos
2905 1759 2977 1812 ab
3011 1757 3354 1813 Eusebianis
3390 1758 3460 1812 ad
3495 1773 3762 1812 commu-

2104 1845 2338 1901 nionem
2393 1846 2576 1901 fuisse
2606 1846 2877 1913 Arianos,
2925 1852 3312 1918 auctoresque
3355 1846 3468 1918 ipsi
3500 1851 3668 1902 erant
3701 1850 3766 1902 ut

2103 1935 2302 2007 gratiae
2335 1935 2615 2008 pacisque
2673 1936 2945 1991 ineundae
3004 1953 3184 1992 causa
3241 1935 3466 1991 litteras
3497 1936 3661 1991 daret
3689 1936 3760 1991 ad

2102 2023 2328 2080 Pistum
2360 2025 2643 2080 Arianum
2704 2025 2776 2079 ab
2836 2024 3181 2080 Eusebianis
3238 2024 3552 2079 delectum.
3604 2022 3764 2080 Julio

2100 2113 2242 2169 item
2273 2114 2517 2168 tradunt
2548 2119 2932 2168 monumenta
2989 2118 3046 2168 et
3096 2117 3224 2169 acta
3264 2113 3597 2182 Mareotica,
3633 2131 3766 2186 quae

2101 2203 2172 2257 ad
2208 2202 2593 2258 Athanasium
2629 2201 2727 2258 ille
2784 2201 3134 2257 transmisit.
3182 2201 3366 2258 Multa
3394 2207 3570 2268 certe,
3617 2203 3761 2258 dum

2100 2291 2477 2346 Alexandrini
2508 2291 2682 2363 legati
2744 2292 3106 2357 accederent,
3159 2290 3554 2347 moliebantur
3582 2291 3668 2346 illi
3699 2291 3760 2347 in

2103 2381 2511 2445 Athanasium,
2570 2379 2732 2435 nulla
2790 2397 2906 2435 non
2952 2379 3108 2436 mala
3145 2380 3578 2452 pradicabant;
3615 2379 3762 2436 nihil

2101 2474 2303 2526 contra
2329 2469 2506 2525 ofﬁcii
2563 2469 3090 2541 praetermittebant
3139 2470 3209 2525 ad
3242 2470 3491 2541 gratiam
3525 2470 3762 2526 Arianis

2102 2559 2554 2616 conciliandam.
2587 2559 3013 2614 Accedentibus
3035 2564 3229 2614 autem
3257 2559 3564 2615 Athanasii
3597 2558 3754 2631 lega-

2100 2649 2198 2717 tis,
2225 2648 2512 2721 perterriti
2572 2648 2870 2720 inopinato
2897 2649 3169 2718 adventu,
3230 2665 3296 2704 ac
3354 2666 3534 2722 supra
3581 2649 3753 2703 ﬁdem

2103 2737 2300 2794 animo
2334 2738 2501 2793 fracti
2560 2742 2720 2805 sunt,
2782 2742 2846 2792 ut
2902 2737 3076 2792 etiam
3124 2737 3432 2810 legationis
3487 2737 3759 2810 princeps

2102 2827 2414 2895 Macarius,
2450 2843 2689 2898 corpore
2719 2825 2852 2882 licet
2895 2843 3065 2898 eger,
3117 2833 3290 2883 noctu
3322 2843 3385 2882 se
3416 2825 3758 2899 proriperet,

2105 2917 2442 2989 propediem
2478 2916 2738 2971 futurum
2793 2933 2908 2970 non
2943 2916 3134 2972 ferens
3165 2917 3488 2988 pudorem:
3524 2916 3761 2988 quando

2106 3006 2354 3072 Pistum,
2382 3006 2552 3076 cujus
2583 3003 2681 3060 ille
2711 3021 2950 3060 causam
2984 3004 3546 3077 agebat,legatorum
3583 3003 3759 3059 Atha-

2104 3094 2254 3150 nasii
2286 3093 2644 3162 testimonio,
2709 3111 2823 3150 non
2883 3093 3166 3149 Arianum
3212 3095 3408 3159 modo,
3443 3093 3544 3149 sed
3595 3110 3629 3148 a
3657 3095 3755 3149 Se-

2103 3183 2296 3240 cundo
2327 3201 2431 3256 per
2459 3182 2750 3238 Niczenam
2800 3183 3090 3256 synodum
3124 3182 3395 3238 abdicato
3423 3181 3761 3237 ordinatum

2104 3272 2308 3339 fuisse,
2342 3273 2843 3345 comprobandum
2907 3272 3027 3327 fore
3084 3271 3496 3344 prospiciebat.
3554 3271 3763 3343 Marty-

327 3359 388 3416 in
446 3360 571 3416 dies
623 3364 784 3416 tanto
837 3361 1022 3434 gradu
1075 3377 1359 3434 perquam
1391 3361 1667 3434 indignos
1698 3362 1769 3416 ad
1802 3377 1993 3417 sacer-
2026 3347 2068 3413 C
2105 3362 2226 3419 rius
2257 3367 2450 3419 autem
2483 3366 2540 3418 et
2592 3361 2916 3434 Hesychius
2961 3377 3158 3417 coram
3191 3359 3400 3433 legatis
3449 3359 3760 3416 Athanasii

329 3449 556 3506 dotium
589 3454 1020 3521 promoverent.

400 3539 455 3593 2.
489 3539 789 3611 Synodum
823 3556 994 3611 porro
1048 3539 1502 3596 Alexandrinam
1556 3540 1684 3596 ideo
1715 3557 1831 3596 non
1861 3543 1995 3596 ante

332 3642 555 3682 annum
613 3627 739 3695 340,
799 3627 1151 3684 celebratam
1229 3630 1606 3696 arbitramur,
1666 3629 1804 3701 quia
1877 3646 1991 3685 non

338 3715 563 3771 minore
593 3715 782 3787 spatio
812 3715 1094 3788 temporis
1115 3716 1236 3789 geri
1257 3718 1530 3773 videntur
1559 3718 1842 3790 potuisse,
1867 3734 1996 3789 qum

334 3804 408 3861 ab
441 3804 633 3860 reditu
665 3804 973 3860 Athanasii
1006 3806 1077 3861 ad
1110 3822 1237 3861 eam
1273 3823 1461 3878 usque
1506 3808 1794 3878 synodum
1829 3811 1997 3879 gesta

337 3893 865 3951 sunt.Athanasius
887 3894 1045 3950 enim
1077 3896 1187 3950 sub
1209 3897 1384 3974 tinam
1407 3896 1567 3974 Junii
1599 3897 1819 3952 mensis
1843 3912 1995 3952 anno

333 3984 442 4040 338
473 3982 729 4039 Treviris
762 3983 1078 4055 profectus,
1112 3965 1255 4040 cum,
1279 3961 1382 4056 ﬁer
1413 3961 1810 4056 Carmaniam,
1843 3985 1994 4040 Pan-

339 4071 603 4141 noniam,
660 4071 922 4127 Moesiam
958 4075 1014 4126 ct
1040 4071 1347 4127 Thraciam
1363 4047 1944 4144 'Con'stantinopolim
1980 4097 1994 4138 ;

335 4160 588 4232 indeque
621 4177 722 4232 per
752 4159 973 4231 Asiam,
1007 4159 1366 4232 Bithyniam,
1411 4158 1856 4232 Cappadociam,
1891 4160 1994 4232 Sy-

337 4249 508 4318 riam,
543 4248 911 4304 Palaestinam
942 4249 1001 4303 in
1035 4250 1347 4322 Egyptum
1409 4265 1674 4304 reversus
1715 4249 1811 4315 sit,
1845 4265 1994 4304 non-

340 4338 455 4394 nisi
487 4341 744 4393 vertente
774 4338 979 4393 eodem
1039 4355 1213 4406 anno,
1255 4342 1418 4394 tanto
1458 4338 1740 4392 nimirum
1771 4336 1996 4393 itineris

331 4443 572 4484 emenso
605 4427 821 4499 spatio,
856 4427 1047 4500 potuit
1091 4427 1502 4483 Alexandriam
1536 4428 1854 4500 pervenire.
1889 4429 1995 4482 Ex-

335 4517 473 4573 inde
489 4533 620 4573 vero
643 4515 956 4571 Eusebiani
971 4516 1190 4572 novain
1205 4534 1337 4573 eum
1361 4516 1726 4572 commentiti
1750 4516 1999 4572 crimina

342 4605 603 4677 undique
634 4603 1074 4678 pervulgarunt,
1097 4605 1216 4662 imo
1239 4607 1311 4662 ad
1340 4611 1459 4662 tres
1487 4607 1774 4662 miserunt
1802 4611 1998 4679 Augu-

2101 3450 2642 3520 constituti,oblatis
2672 3452 2743 3505 de
2772 3467 2936 3514 more
2958 3449 3309 3505 criminibus
3329 3452 3386 3505 et
3409 3448 3757 3518 maledictis,

2099 3541 2182 3598 ita
2213 3541 2390 3614 probe
2423 3541 2762 3612 naviterque
2819 3539 3101 3595 sontutati
3160 3544 3218 3595 et
3257 3538 3475 3612 repulsi
3505 3543 3662 3605 sunt,
3695 3542 3762 3594 ut

2102 3632 2307 3703 inOpes
2337 3629 2566 3686 consilii
2599 3645 2665 3685 eo
2701 3629 2941 3684 demum
2973 3628 3448 3701 confugerent,ut
3469 3627 3757 3700 synodum

2102 3719 2276 3775 indici
2338 3722 2632 3791 rogarent,
2691 3717 2752 3772 in
2813 3735 2930 3790 qua
2987 3717 3230 3789 polliciti
3296 3720 3435 3772 sunt
3465 3716 3668 3772 omnia
3697 3732 3760 3773 se

2101 3808 2424 3864 Athanasio
2456 3807 2651 3863 oblata
2682 3805 2929 3862 crimina
2990 3808 3496 3879 comprobaturos.
3531 3806 3593 3861 Id
3626 3822 3760 3861 cum

2102 3898 2492 3970 efflagitarent
2521 3896 2697 3952 etiam
2755 3895 3062 3952 Athanasii
3120 3895 3318 3970 legati,
3350 3895 3531 3952 edixit
3569 3895 3764 3951 Julius

2103 3992 2170 4043 ut
2200 3987 2508 4058 utriusque
2535 3985 2775 4041 arbitrio
2806 3985 2990 4057 partis
3020 3984 3186 4042 locus
3209 3985 3629 4058 assignaretur,
3663 3985 3761 4040 ubi

2104 4078 2346 4149 possent
2399 4091 2492 4130 res
2521 4074 2858 4132 accuratius
2917 4075 3186 4147 expendi.
3245 4073 3349 4130 His
3407 4074 3646 4147 perlatis
3689 4073 3760 4129 ad

2104 4165 2489 4230 Eusebianos,
2523 4164 2620 4218 ubi
2646 4164 3104 4231 subodorantur,
3129 4163 3265 4222 Julii
3298 4163 3642 4219 auctoritate
3672 4179 3762 4219 ce-

2103 4255 2448 4311 lebrandam
2483 4255 2773 4326 synodum
2804 4253 2956 4324 aequi
2989 4270 3054 4309 ac
3087 4253 3224 4309 boni
3256 4253 3584 4309 studiosam
3619 4253 3758 4317 fore,

2103 4344 2164 4400 in
2191 4360 2311 4416 qua
2367 4342 2512 4398 nihil
2570 4343 2748 4398 favori
2810 4346 2912 4397 aut
2968 4341 3167 4415 gratia:
3199 4343 3632 4408 concederetur,
3669 4340 3764 4396 ab-

2105 4437 2298 4490 nuunt
2324 4431 2482 4488 Julio
2515 4447 2714 4504 gerere
2750 4431 3362 4487 morem.Athanasius
3390 4435 3593 4487 contra
3622 4447 3759 4486 con-

2104 4522 2386 4578 ditionem
2420 4521 2651 4592 accipit.
2683 4520 2799 4575 Nec
2848 4525 3084 4592 tempus
3115 4519 3316 4593 itaque
3346 4537 3452 4576 nec
3482 4519 3645 4575 locus
3679 4519 3762 4574 fu-

2104 4616 2248 4667 turae
2282 4609 2488 4685 synodi
2539 4609 2876 4682 assignatus
2927 4626 2962 4665 a
3009 4609 3165 4666 Julio
3218 4609 3347 4677 fuit,
3400 4609 3502 4666 sed
3552 4626 3646 4664 res
3674 4611 3764 4665 est

337 4699 482 4752 8t08-
516 4699 638 4760 QUO
672 4695 891 4791 1'80th
923 4699 990 4750 ut
1020 4694 1258 4752 litteras»
1301 4695 1678 4752 Constantius
1710 4695 1781 4750 ad
1814 4695 1995 4791 Atha-
2028 4725 2073 4791 D
2107 4700 2362 4773 partium
2396 4698 2637 4755 arbitrio
2669 4699 2978 4771 permissa.
3037 4698 3151 4754 Alii
3203 4715 3374 4771 porro
3425 4715 3529 4771 per
3559 4697 3757 4754 orbem

337 4784 575 4842 nasium
606 4783 834 4840 miserit
890 4784 1261 4856 querelarum
1320 4784 1716 4858 plenissimas.
1759 4783 1995 4840 Accedit
2028 4783 2066 4791 ⁷
2103 4789 2381 4863 episcopi,
2417 4787 2634 4860 quibus
2690 4787 2908 4843 tradita
2967 4793 3056 4844 est
3111 4787 3519 4843 Alexandrina;
3552 4785 3761 4860 synodi

337 4872 770 4928 Antiochenam
802 4872 1129 4928 Constantii
1178 4877 1234 4929 et
1280 4873 1743 4929 Eusebianorum
1777 4873 1905 4941 iter,
1939 4877 1995 4928 et

338 4961 599 5035 synodus
631 4961 763 5018 istic
793 4960 1104 5025 celebrata,
1162 4961 1223 5016 in
1282 4979 1399 5036 qua
1457 4962 1654 5018 Pistus
1694 4961 1992 5035 deligitur,

338 5051 514 5126 legati
549 5069 679 5107 cum
703 5051 913 5108 litteris
944 5051 1262 5108 mittuntur
1282 5053 1548 5109 Romam.
1583 5054 1738 5118 Quas
1769 5052 1993 5109 litteras

340 5141 452 5198 sibi
483 5142 887 5209 transmissas,
920 5146 977 5198 et
1004 5142 1263 5214 quidem,
1298 5147 1363 5198 ut
1383 5143 1633 5210 videtur,
1665 5142 1868 5210 Roma,
1903 5143 1992 5197 in-

343 5235 539 5287 nuunt
568 5231 824 5303 episcopi
856 5231 1256 5305 {EgyptiiSub
1288 5231 1430 5300 haec,
1465 5232 1765 5288 celebratae
1787 5232 1992 5304 synodi

339 5319 711 5375 Antiochenaa
771 5325 1004 5393 accepto
1075 5321 1302 5391 nuntio,
1352 5322 1601 5395 {Egyptii
1633 5321 1994 5377 Alexandriae

342 5408 636 5480 synodum
674 5407 953 5465 habuere.
987 5409 1097 5465 Vix
1128 5415 1325 5466 autem
1359 5415 1609 5482 possunt
1639 5410 1840 5467 isthazc
1875 5429 1994 5467 om-

344 5497 444 5553 nia
465 5496 619 5552 intra
643 5498 777 5552 anni
798 5498 903 5552 339
929 5499 1186 5571 spatium
1210 5499 1629 5555 circumscribi.
1663 5501 1748 5555 Ad
1783 5500 1902 5556 haec
1934 5501 1994 5557 in

342 5584 590 5660 epistola
647 5586 904 5658 quadam
962 5587 1265 5645 Athanasii
1345 5605 1496 5644 anno
1549 5589 1651 5645 341
1739 5589 1993 5647 conscri-

417 5802 494 5879 (a)
521 5801 731 5860 Athan.
755 5802 928 5876 Epist.
958 5801 1261 5877 encyclica.

2101 4877 2369 4951 epistola,
2401 4877 2629 4933 Pistum
2657 4875 2977 4949 impietatis
3025 4893 3202 4933 causa
3231 4877 3592 4934 damnarunt
3621 4893 3761 4933 ana-

2102 4967 2378 5038 themate,
2412 4971 2470 5023 et
2500 4966 2850 5022 abdicarunt
2880 4971 2946 5021 ut
2975 4965 3332 5023 hazreticum.

2175 5059 2228 5113 4.
2259 5057 2590 5114 Athanasius
2647 5055 2812 5112 libros
2871 5055 3172 5128 Scriptura:
3218 5071 3397 5114 sacrae
3466 5057 3636 5112 mittit
3695 5053 3766 5110 ad

2105 5147 2472 5204 Constantem.
2520 5176 2587 5186 —
2617 5145 2724 5200 Per
2751 5144 2908 5200 idem
2932 5145 3049 5201 fere
3077 5149 3311 5217 tempus
3331 5148 3618 5201 Constans
3647 5147 3765 5200 Au-

2104 5241 2314 5310 gustus
2342 5235 2552 5291 litteris
2582 5233 2978 5290 Athanasium
3012 5239 3178 5308 rogat
3207 5235 3306 5308 (ὁ),
3339 5235 3424 5291 uti
3457 5238 3620 5290 curet
3651 5233 3764 5289 sibi

2105 5325 2435 5382 litterarum
2494 5339 2794 5381 sacrarum
2855 5323 3037 5380 libros
3095 5324 3156 5381 in
3216 5341 3393 5380 usum
3423 5323 3766 5380 commodos

2103 5415 2395 5486 adornari,
2429 5414 2569 5486 quia
2599 5411 2822 5469 scilicet
2851 5413 3117 5486 Egyptia
3158 5431 3302 5487 gens
3350 5413 3422 5470 iis
3455 5412 3765 5470 exarandis

2103 5511 2160 5563 et
2189 5502 2635 5577 compingendis
2667 5501 2937 5558 solertior
2990 5503 3218 5559 caeteris
3265 5506 3442 5560 esset.
3473 5501 3637 5567 Quod
3667 5499 3768 5557 ille

2103 5595 2264 5654 haud
2309 5593 2686 5668 indiligenter
2742 5595 3078 5666 exsecutus,
3129 5593 3426 5651 confectos
3477 5591 3662 5650 libros
3694 5590 3767 5647 ad

2180 5812 2258 5888 (ὸ)
2288 5810 2501 5871 Athan.
2532 5808 2688 5885 Apol.
2720 5807 2796 5868 ad
2820 5808 3119 5883 Constant.,
3152 5826 3212 5869 n.
3242 5810 3296 5866 4.
