4166 6400
1720 476 1911 541 VITA
1954 478 2022 541 S.
2066 473 2516 539 ATHANASII.

3709 496 3829 545 XCV

414 616 793 677 Constantem
824 616 1175 677 transmisit.
1206 622 1408 691 Neque
1439 616 1714 673 audiendi
1770 617 1870 688 qui
1912 616 2066 671 arbi-
2096 612 2151 677 Α
2182 614 2301 669 veri
2334 615 2460 673 loco
2492 616 2759 688 praesulis
2790 617 2997 675 habiti.
3031 616 3422 686 Quamobrem
3455 614 3567 673 alio
3597 633 3831 675 conver-

415 712 651 765 trantur
678 706 877 763 πυκτία
906 709 1025 779 illa,
1062 715 1126 766 ut
1179 714 1347 765 vocat
1401 708 1779 773 Athanasius,
1822 723 1948 762 esse
1976 722 2066 779 sy-

418 799 631 871 nopsin
666 799 976 871 Scripturze
1009 817 1208 869 sacrae,
1266 803 1327 853 ut
1363 798 1633 870 pluribus
1700 798 1843 851 alias
1875 801 2068 852 osten-

420 904 552 943 sum
586 893 695 943 est.

496 978 885 1033 Constantinus
907 979 1105 1049 junior
1135 979 1268 1034 obit.
1302 1010 1370 1017 —
1404 978 1520 1033 Hoc
1579 993 1732 1032 anno
1763 977 1915 1031 diem
1950 975 2073 1032 obit

422 1067 1060 1139 Constantinusjunior
1090 1067 1519 1139 Augustus,qui
1546 1084 1679 1122 cum
1702 1066 1922 1123 belium
1948 1082 2068 1121 mo-

418 1161 579 1213 veret
608 1158 665 1211 in
698 1157 1079 1212 Constantem
1141 1159 1401 1227 fratrem,
1464 1158 1535 1211 ab
1594 1157 1773 1225 hujus
1817 1156 2071 1211 exercitu

424 1263 740 1319 oppressus
771 1263 1073 1318 eassusque
1104 1250 1211 1313 est,
1276 1264 1426 1301 coss.
1488 1246 1790 1318 Acyndino
1835 1249 1893 1300 et
1936 1250 2073 1300 Pro-

423 1336 533 1392 elo.
594 1336 731 1391 Post
786 1335 967 1408 hujus
1026 1353 1227 1391 necem
1295 1334 1598 1391 Constanti
1657 1334 1903 1390 accessit
1942 1335 2073 1389 Gal-

422 1424 502 1480 lia
531 1429 588 1480 et
616 1425 916 1498 Hispania,
976 1429 1313 1497 caeterzeque
1369 1432 1530 1481 trans
1589 1424 1764 1496 Alpes
1822 1424 1946 1478 sitae
1982 1441 2074 1479 re—

424 1515 647 1588 giones.

496 1606 659 1659 ANNO
682 1605 1230 1676 341.—1.Synodus
1250 1604 1605 1660 Anttochena.
1643 1604 1903 1661 Eusebius
1932 1604 2076 1659 Emi-

423 1710 584 1749 senus
604 1695 886 1766 episcopus
907 1694 1316 1749 Alexandrinus
1345 1696 1707 1749 constituitur
1736 1712 1754 1749 :
1772 1694 2074 1764 negatsub—

429 1786 512 1839 ire
529 1800 752 1839 munus.
787 1815 855 1823 --
887 1783 1199 1839 Eusebiani
1229 1801 1361 1839 cum
1395 1784 1743 1839 conciliandi
1799 1784 1908 1840 sibi
1938 1783 2077 1839 Julii

428 1873 781 1945 pontiﬁcicis
806 1874 1109 1945 praecisum
1136 1890 1299 1945 spem
1325 1873 2081 1946 intelligerent,multosque

429 1966 736 2018 cernerent
766 1962 1045 2034 przesules
1076 1980 1109 2018 a
1140 1962 1408 2034 partibus
1439 1964 1563 2020 suis
1611 1963 1955 2033 desciscere,
2009 1965 2078 2019 ad
2112 1991 2160 2057 B

430 2052 755 2108 Constantii
786 2052 1173 2123 patrocinium
1199 2053 1547 2125 confugiunt
1571 2054 1667 2125 (α).
1693 2054 2080 2109 Commodum

431 2140 548 2197 illis
570 2140 782 2196 accidit
814 2146 880 2196 ut
909 2140 1151 2197 basilica
1181 2158 1379 2207 aurea,
1411 2142 1581 2212 cuius
1603 2143 1939 2197 fndamenta
1963 2145 2084 2197 An-

432 2231 661 2286 tiochiae
692 2234 970 2302 posuerat
998 2231 1416 2286 Constantinus
1449 2235 1632 2302 pater,
1685 2230 1954 2287 absoluto
1986 2234 2084 2288 dc-

434 2336 597 2375 mum
628 2336 769 2373 cura
799 2318 1116 2375 Constantii
1152 2318 1415 2389 aadiﬁcio,
1476 2320 1721 2375 solemni
1776 2320 1889 2374 ritu
1923 2321 2083 2375 dedi-

436 2409 623 2464 canda
655 2409 818 2465 foret.
855 2409 941 2463 Ad
972 2410 1140 2477 cujus
1169 2410 1425 2464 encmnia
1458 2409 1698 2479 majoris
1730 2408 2086 2466 celebritatis

434 2514 611 2554 causa
643 2501 840 2553 evocat
865 2498 1239 2554 Constantius
1269 2514 1338 2554 ex
1368 2498 1600 2555 Oriente
1653 2516 1928 2572 magnam
1970 2500 2087 2556 vim

441 2588 876 2659 episcoporum.
909 2588 1074 2641 Anno
1107 2588 1288 2660 igitur
1315 2587 1595 2643 inneunte
1626 2589 1748 2659 341,
1784 2590 2089 2646 coss.Mar—

441 2677 648 2733 cellino
682 2680 739 2731 et
786 2676 1057 2747 Probino,
1088 2676 1408 2733 indictione
1436 2677 1662 2733 decima
1692 2684 1922 2751 quarta,
1951 2696 2087 2735 con-

441 2766 632 2821 ﬂuunt
664 2765 1035 2821 Antiochiam
1093 2766 1351 2839 episcopi
1398 2784 1570 2832 xcvu,
1627 2768 1737 2835 vel,
1795 2773 1858 2823 ut
1914 2769 2091 2825 habet

440 2856 814 2926 Athanasius,
847 2872 937 2910 xc.
976 2857 1189 2910 Horum
1254 2855 1548 2928 principes
1606 2861 1771 2912 erant
1800 2857 2089 2914 Eusebius

442 2944 1147 3016 Constantinopolitanus,
1179 2945 1515 3017 Theognius
1545 2946 1835 3013 Nicaenus,
1877 2947 2087 3004 Flacil-

444 3032 534 3089 lus
564 3033 984 3101 Antiochenus,
1019 3035 1361 3090 Theodorus
1386 3034 1745 3101 Perinthius,
1780 3036 2089 3093 Narcissus

438 3122 807 3189 Neroniadis,
832 3123 1210 3179 Macedonius
1234 3125 1705 3196 Mopsuestenus,
1729 3126 1903 3181 Maris
1926 3126 2092 3182 Chal-

436 3211 802 3283 cedonensis,
836 3213 1083 3268 Aeacius
1116 3212 1510 3283 Caesariensis,
1545 3214 1917 3285 Patrophilus
1949 3215 2089 3288 Scy-

435 3301 859 3374 thopolitanus,
895 3301 1189 3357 Eudoxius
1212 3301 1591 3357 Germaniciae
1614 3303 1671 3357 in
1696 3302 1882 3374 Syria,
1915 3304 2089 3360 Geor-

2178 711 2310 762 tunt
2340 708 2555 764 studia.
2591 711 2725 765 Erat
2750 715 2874 765 tum
2900 710 3224 766 Antiochia
3246 708 3332 765 vir
3350 708 3565 766 nobilis
3587 710 3827 783 quidem

2180 800 2235 851 et
2256 798 2484 870 egregie
2508 799 2901 866 eruditus,sed
2923 800 3137 855 Ariana
3167 799 3297 855 labe
3320 798 3594 871 infectus,
3648 801 3828 855 Euse-

2181 886 2315 941 bius
2348 893 2733 959 cognomento
2768 890 3075 945 Emisenus
3098 890 3203 962 (c);
3237 888 3337 960 qui
3370 890 3589 945 Edessa
3635 889 3833 946 oriun-

2182 976 2315 1045 dus,
2348 981 2404 1031 et
2435 994 2467 1032 a
2499 994 2676 1049 puero
2736 978 2917 1034 sacris
2973 978 3183 1034 litteris
3241 978 3568 1047 institutus,
3604 979 3831 1035 Graecas

2183 1071 2383 1138 postea
2412 1066 2755 1138 disciplinas
2786 1085 2819 1124 a
2849 1068 3126 1140 magistro
3159 1070 3411 1140 quodam
3444 1073 3571 1124 tum
3603 1071 3833 1127 Edessa:

2184 1156 2416 1227 degenti
2440 1158 2678 1212 edoctus
2709 1161 2816 1223 est,
2849 1175 2915 1213 ac
2948 1159 3183 1212 demum
3219 1157 3552 1231 Patrophilo
3579 1164 3635 1214 et
3655 1161 3832 1215 Euse-

2186 1244 2280 1300 bio
2313 1246 2651 1301 Caesariensi
2687 1247 3022 1303 doctoribus
3053 1265 3352 1303 sacrarum
3401 1249 3832 1320 interpretatio-

2186 1351 2318 1389 nem
2348 1334 2679 1390 litterarum
2710 1336 2966 1391 edidicit.
2999 1337 3116 1391 Sub
3149 1337 3269 1391 haec
3304 1338 3667 1394 Antiochiam
3698 1356 3833 1393 cum

2184 1424 2460 1489 venisset,
2494 1425 2795 1481 Eustathio
2826 1430 2966 1481 tunc
2995 1425 3344 1481 Arianorum
3402 1426 3634 1483 insidiis
3664 1427 3834 1482 abdi-

2188 1518 2336 1584 cato,
2399 1513 2735 1569 societatem
2795 1515 2929 1569 iniit
2984 1516 3268 1571 Eusebius
3326 1532 3460 1571 cum
3499 1516 3835 1588 Euphronio

2190 1604 2317 1674 ejus
2349 1619 2672 1661 sucessore.
2708 1604 2847 1659 Inde
2876 1621 3009 1660 vero
3041 1604 3349 1661 sacerdotii
3405 1605 3630 1660 vitandi
3661 1622 3839 1661 causa

2188 1691 2601 1747 Alexandriam
2636 1710 2697 1749 se
2728 1694 3038 1766 proripuit,
3074 1698 3254 1766 atque
3285 1694 3417 1750 istic
3447 1692 3839 1768 philosophiae

2192 1781 2351 1836 dedit
2377 1798 2634 1853 operam.
2671 1783 2814 1837 llinc
2843 1800 3112 1838 reversus
3142 1782 3683 1848 Antiochiam,cum
3712 1783 3838 1840 Fla-

2191 1870 2325 1926 cillo
2343 1871 2662 1943 Euphronii
2691 1889 3027 1928 successore
3046 1877 3315 1928 versatur
3336 1890 3513 1946 quam
3540 1873 3842 1929 familiari-

2191 1962 2297 2014 ter.
2323 1960 2509 2031 Atque
2540 1960 2671 2015 istic
2702 1962 3061 2030 morabatur,
3095 1963 3331 2033 quando
3362 1962 3473 2034 ipsi
3494 1963 3567 2018 ab
3594 1963 3841 2018 Eusebio

2193 2049 2835 2121 Constantinopolitano
2899 2052 3066 2106 sedes
3122 2050 3515 2107 Alexandrina
3562 2052 3837 2108 defertur.

2191 2137 2407 2193 Verum
2442 2137 2556 2207 ille,
2592 2139 2683 2193 cui
2735 2143 3077 2211 perspectus
3135 2144 3261 2195 erat
3313 2140 3841 2197 Alexandrinorum

2193 2243 2330 2298 erga
2360 2227 2745 2283 Athanasium
2778 2233 3145 2301 amor,negat
3172 2230 3229 2284 id
3265 2230 3527 2286 muneris
3558 2247 3620 2286 se
3645 2230 3845 2287 subire

2196 2332 2404 2387 posse:
2442 2333 2621 2387 quare
2653 2317 2713 2372 in
2773 2318 3115 2390 episcopum
3173 2320 3393 2374 Emesa:
3455 2318 3514 2374 in
3550 2319 3845 2376 Phoenicia

2198 2410 2520 2477 cooptatur.
2555 2407 2811 2463 Emiseni
2872 2408 3281 2464 adventantem
3342 2411 3399 2463 et
3452 2408 3844 2481 episc0palem

2199 2499 2512 2566 occuparet
2543 2497 2741 2552 sedem
2773 2496 3050 2553 conviciis
3110 2501 3354 2553 onerant
3407 2502 3466 2553 et
3496 2498 3845 2565 maledictis,

2199 2584 2355 2654 quod
2388 2587 2541 2638 esset
2572 2582 2669 2639 ille
2699 2584 3043 2657 astrologiae,
3088 2601 3265 2656 quam
3333 2584 3845 2657 apotelesmaticen

2199 2676 2424 2739 vocant,
2462 2672 2846 2745 periculosam
2883 2675 3202 2729 admodum
3259 2673 3650 2745 disciplinam,
3684 2674 3846 2731 dedi-

2197 2761 2489 2817 tissimus.
2527 2762 2609 2817 Ita
2635 2762 2843 2834 pulsus
2874 2764 2942 2817 ad
2962 2763 3273 2836 Georgium
3302 2763 3686 2819 Laodicenum
3709 2780 3846 2819 con-

2199 2850 2369 2922 fugit,
2402 2852 2501 2923 qui
2533 2852 2817 2924 Georgius
2849 2853 3075 2908 curavit
3104 2871 3138 2909 a
3196 2852 3433 2909 Flacillo
3491 2856 3548 2908 et
3577 2853 3847 2909 Narcisso

2197 2940 2469 2995 Emesam
2501 2941 2719 2996 reduci.

2268 3030 2321 3083 2.
2358 3028 2827 3100 Gregoriomunus
2854 3031 3119 3101 defertur.
3141 3063 3206 3071 —
3240 3031 3547 3087 Abnuente
3576 3032 3846 3097 Eusebio,

2199 3117 2458 3173 defertur
2485 3120 2860 3191 episcopatus
2889 3119 3315 3175 Alexandrinus
3338 3120 3612 3193 Gregorio
3634 3121 3852 3194 Cappa-

2200 3207 2329 3261 doci
2362 3208 2459 3280 (εἰ).
2504 3208 2609 3275 Qui
2644 3208 2782 3263 olim
2816 3208 3175 3264 Alexandriae
3206 3209 3416 3265 litteris
3474 3209 3850 3266 addiscendis

2201 3296 2439 3352 dederat
2468 3314 2729 3369 operam,
2763 3299 3119 3370 comiterque
3152 3299 3224 3354 ab
3255 3298 3577 3355 Athanasio
3623 3317 3690 3355 ac
3721 3317 3849 3372 per-

435 3368 567 3463 gius
590 3368 1447 3462 Laodiceénus,Theophronius
1471 3368 2091 3463 Tyanensis.Aderant
2121 3368 2164 3434 C
2204 3368 2541 3442 humaniter
2573 3391 2866 3459 exceptus,
2902 3368 3073 3459 alque
3103 3387 3205 3442 ﬁlii
3236 3391 3293 3443 et
3324 3387 3496 3443 amici
3527 3387 3651 3444 loco
3678 3368 3851 3444 habi-

435 3481 612 3536 etiam
644 3480 888 3552 quidam
951 3479 1105 3552 frugi
1139 3484 1195 3535 et
1225 3479 1492 3535 catholici
1526 3480 1648 3535 viri.
1714 3481 1828 3537 Nec
1860 3483 2094 3538 defuere

436 3573 632 3625 tamen
668 3568 769 3641 qui
800 3568 900 3624 tali
934 3568 1263 3640 {conventui
1323 3569 1606 3625 interesse
1664 3570 2090 3640 detrectarent;

437 3674 505 3713 ex
535 3674 787 3731 quorum
822 3673 1068 3713 numero
1101 3658 1388 3713 Macarius
1416 3658 1958 3732 Jerosolymitanus,
1991 3660 2091 3731 qui

436 3747 617 3803 semel
641 3748 1552 3803 circumventusEusebianorum
1582 3748 2093 3817 fraudibus,caute

427 3835 552 3908 jam
586 3852 789 3892 eorum
817 3835 1207 3907 frequentiam
1237 3834 1587 3891 declinabat.
1626 3837 1738 3891 Sed
1774 3854 1966 3908 neque
1995 3839 2095 3893 Ju-

434 3924 549 3981 lius
571 3942 930 3997 quemquam
954 3925 1116 3980 misit
1139 3925 1238 3997 qui
1270 3924 1425 3980 vices
1445 3924 1716 3997 impleret
1745 3943 1921 3993 suas;
1956 3944 2089 3982 cum

431 4019 651 4085 tamen,
687 4017 751 4068 ut
782 4013 863 4068 ait
894 4014 1163 4069 Socrates
1202 4013 1299 4085 (b),
1333 4013 1731 4070 ecclesiastica
1760 4014 1963 4088 regula
1992 4033 2091 4072 ve-

431 4106 532 4175 tet,
568 4121 641 4159 ne
673 4103 897 4176 absque
928 4107 1074 4158 nutu
1098 4102 1346 4158 Romani
1373 4102 1667 4175 pontiﬁcis
1692 4103 1995 4176 quidpiam
2030 4104 2089 4159 in

431 4191 688 4248 Ecclesia
717 4192 1084 4248 decernatur.
1118 4193 1333 4247 Aderat
1362 4191 1504 4247 item
1537 4193 1760 4265 synodo
1806 4193 2089 4249 Constan-

430 4281 551 4338 tius
573 4282 930 4355 quotidianis
953 4280 1338 4354 querimoniis
1366 4281 1424 4335 in
1442 4282 1832 4337 Athanasium
1850 4300 2091 4355 exaspe-

431 4375 615 4439 ratus,
649 4370 751 4443 qui
784 4370 837 4425 vi
869 4375 927 4427 et
958 4370 1304 4427 auctoritate
1353 4387 1460 4425 sua
1493 4371 1691 4425 omnia
1724 4371 1785 4425 in
1838 4372 2088 4444 gratiam

431 4460 898 4517 Eusebianorum
932 4461 1355 4516 moderaretur.
1383 4460 1532 4514 Tum
1561 4459 1965 4533 redintegratas
1996 4478 2087 4517 ca-

427 4548 687 4617 lumniae,
721 4550 965 4622 repetita
995 4547 1244 4606 crimina
1274 4553 1451 4617 sunt;
1486 4549 1767 4605 nimirum
1803 4551 1958 4621 quod
1987 4551 2087 4605 ab-

429 4638 662 4695 dicatus
690 4640 1048 4695 Athanasius
1074 4638 1467 4711 episcopalem
1501 4639 1847 4705 sedem,non
1882 4657 2086 4711 exspe-

2204 3479 2321 3546 tus,
2354 3476 2666 3531 immemor
2687 3477 2886 3548 officii,
2922 3476 3130 3533 fabulae
3157 3477 3289 3533 caesi
3318 3476 3544 3533 Arsenii
3574 3477 3851 3551 evulgan-

2203 3564 2308 3627 dae,
2339 3583 2573 3638 operam
2627 3583 2796 3621 suam
2856 3565 3094 3622 locarat.
3156 3566 3461 3639 Ejusmodi
3525 3566 3848 3640 hominem,

2202 3659 2516 3726 postquam
2548 3655 2754 3711 oblatae
2786 3656 2915 3711 ﬁdei
2952 3656 3213 3711 formulae
3273 3672 3485 3712 nomen
3544 3661 3602 3713 et
3642 3658 3851 3713 suffra-

2202 3744 2364 3815 gium
2397 3744 2675 3813 dedisset,
2720 3744 3130 3801 Alexandriam
3188 3745 3431 3801 mittunt
3487 3746 3847 3819 episcopum.

2202 3833 2443 3889 militari
2480 3851 2653 3889 manu
2688 3835 2995 3907 stipatum,
3027 3835 3131 3889 viae
3164 3835 3478 3891 comitibus
3535 3836 3688 3892 datis
3718 3836 3851 3891 Phi-

2200 3922 2384 3996 lagrio
2418 3925 2684 3996 praefecto
2715 3930 2771 3980 et
2799 3925 3031 3981 Arsacio
3063 3925 3353 3993 eunucho,
3387 3925 3489 3997 qui
3517 3925 3573 3981 vi
3604 3925 3850 3981 Alexan-

2201 4013 2389 4069 drinis
2421 4013 2602 4081 illata,
2635 4014 2789 4069 viam
2822 4014 2935 4087 ipsi
2970 4015 3273 4070 munirent
3328 4016 3399 4071 ad
3461 4013 3851 4088 episcOpalem

2201 4103 2422 4157 sedem.

2271 4192 2323 4246 3.
2360 4195 2640 4249 Antonius
2672 4194 2904 4248 Paulum
2938 4193 3500 4250 adit.—Utferturin
3516 4193 3851 4265 Hieronymi

2203 4281 2468 4338 Chronico
2499 4286 2555 4337 et
2587 4284 2858 4349 Historia,
2894 4283 3004 4338 hoc
3036 4300 3210 4349 anno,
3264 4284 3555 4339 Antonius
3584 4287 3849 4357 Magnus,

2201 4370 2625 4426 monachorum
2661 4372 2845 4439 Pater,
2882 4371 3077 4427 divino
3110 4373 3371 4428 monitus
3401 4373 3656 4444 oraculo,
3698 4373 3849 4428 inte-

2200 4460 2410 4515 riorem
2436 4460 2579 4532 petit
2603 4460 3205 4528 eremum,invisurus
3235 4461 3483 4517 Paulum
3517 4461 3611 4534 (θ),
3646 4461 3745 4534 qui
3778 4462 3849 4517 ab

2199 4548 2438 4605 ineunte
2469 4548 2861 4605 adolescentia
2890 4549 2949 4604 in
2984 4548 3195 4605 cellula
3252 4550 3541 4621 reclusus,
3592 4551 3850 4607 homini-

2198 4638 2427 4710 busque
2455 4638 2689 4711 ignolus
2721 4640 2792 4694 ad
2822 4643 3171 4711 provectam
3194 4656 3382 4711 usque
3415 4644 3664 4706 aetatem,
3722 4643 3851 4696 tan-

428 4732 584 4785 ctata
615 4728 821 4800 synodi
855 4728 1186 4802 cujuspiam
1231 4728 1545 4799 sententia,
1607 4733 1813 4800 suopte
1845 4729 2087 4787 arbitrio
2118 4744 2165 4809 D
2196 4730 2317 4781 tam
2349 4727 2528 4783 coluit
2549 4727 3183 4799 solitudinem,nemini
3216 4734 3281 4784 ut
3312 4733 3489 4785 notus
3543 4734 3719 4785 esset.
3753 4733 3846 4783 ln-

428 4818 773 4891 repetisset;
809 4819 963 4890 quod
997 4818 1109 4874 sub
1139 4817 1471 4891 ingressum
1529 4818 1657 4888 ejus
1714 4816 1959 4873 excitato
1990 4823 2082 4873 tu-

428 4906 643 4977 multu,
677 4908 849 4963 multi
882 4908 939 4963 in
974 4906 1261 4963 seditione
1290 4907 1578 4974 exstincti,
1613 4905 1709 4961 alii
1743 4907 2083 4964 verberibus

426 4997 498 5053 ab
529 5014 596 5054 eo
630 4997 873 5069 excepti,
908 4998 967 5052 in
992 4998 1095 5069 jus
1126 4996 1310 5053 vocati
1370 4995 1466 5052 alii
1525 4996 1799 5055 fuissent.
1863 4996 2082 5052 Oblatae

426 5087 621 5144 denuo
644 5086 1133 5143 suntinveteratae
1166 5085 1298 5151 illae,
1332 5103 1437 5141 nec
1466 5086 1593 5141 sine
1623 5086 1954 5141 delatorum
1991 5087 2079 5141 in-

426 5176 607 5233 famia
626 5175 768 5233 olim
793 5176 1110 5249 repudiata
1144 5175 1679 5243 criminationes,de
1699 5175 1941 5231 Arsenio
1972 5177 2078 5231 ob-

423 5269 697 5321 truncato
724 5270 780 5321 et
810 5266 881 5321 de
913 5265 1092 5320 fracto
1126 5264 1321 5322 calice.
1366 5264 1590 5328 Quibus
1621 5262 1814 5319 allatis
1862 5265 1918 5318 in
1955 5282 2079 5320 me-

426 5353 612 5423 dium,
647 5355 718 5410 de
749 5370 1054 5410 sucessore
1085 5354 1144 5409 in
1194 5352 1496 5409 Athanasii
1546 5352 1739 5408 locum
1770 5352 2079 5426 deligendo

425 5444 734 5499 confestim
767 5448 986 5500 actum.
1022 5443 1284 5499 Pudebat
1314 5443 1468 5498 enim
1503 5442 1755 5515 cooptati
1782 5443 2081 5508 Pisti,om-

424 5531 588 5587 nium
607 5532 828 5589 calculo
851 5532 1259 5605 episcoporum
1282 5531 1567 5601 damnati,
1603 5549 1709 5587 nec
1740 5548 1772 5586 a
1802 5533 2078 5604 quopiam

513 5694 568 5767 ᾳ)
600 5694 824 5767 _So_crat.
860 5692 958 5750 lib.
993 5711 1032 5767 ι,
1067 5694 1256 5767 cap.8
1281 5736 1294 5763 ,
1329 5692 1559 5749 Sozom.
1596 5692 1701 5748 lib.
1737 5708 1823 5763 ιιι,
1859 5710 1989 5766 cap.
2021 5696 2075 5748 5.

513 5700 568 5763 ιι)
600 5700 824 5776 Socrat.
860 5700 958 5750 lib.
993 5711 1032 5759 ι,
1067 5710 1096 5749 c

490 5700 567 5909 l3
582 5764 814 5894 tata
835 5782 981 5894 at:
994 5766 1101 5908 fi;

512 5834 560 5909 ο)
582 5834 809 5894 Socrat.
835 5834 1007 5908 ibid.,
1053 5854 1180 5910 cap.
1212 5838 1248 5891 9
1280 5855 1295 5907 ;
1342 5836 1570 5892 Sozom.
1604 5834 1706 5891 lib.
1743 5853 1826 5908 ιιι,
1860 5853 1988 5910 cap.
2019 5836 2076 5894 5.

2194 4818 2387 4871 stante
2416 4816 2578 4871 obitu
2611 4817 2827 4873 Paulus
2854 4821 3019 4889 rogat
3048 4818 3395 4886 Antonium,
3456 4823 3521 4873 ut
3552 4822 3846 4875 monaste-

2192 4905 2348 4960 rium
2379 4910 2624 4977 repetat,
2694 4906 3049 4978 quaesiturus
3116 4906 3361 4978 pallium
3431 4908 3585 4963 dono
3633 4906 3743 4978 ipsi
3772 4907 3846 4963 ab

2188 4994 2509 5051 Athanasio
2533 4996 2881 5069 datum,quo
2904 4996 2992 5052 sui
3028 4997 3283 5052 defuncti
3316 5013 3530 5069 corpus
3577 4995 3843 5052 obvolve-

2190 5088 2296 5139 ret.
2325 5086 2488 5150 Quod
2529 5102 2594 5140 eo
2662 5085 2757 5140 ille
2814 5087 3008 5141 animo
3074 5086 3431 5159 efflagitavit,
3491 5092 3554 5141 ut
3584 5085 3844 5141 absentis

2192 5178 2438 5229 mortem
2474 5174 2836 5230 moderatius
2878 5175 3052 5231 ferret
3078 5176 3388 5246 Antonius,
3419 5179 3477 5231 et
3544 5192 3661 5231 una
3692 5178 3757 5230 ut
3781 5191 3843 5231 se

2190 5262 2603 5319 communione
2633 5263 2955 5319 Athanasio
2986 5265 3056 5318 ad
3093 5271 3344 5320 mortem
3376 5281 3562 5336 usque
3591 5265 3843 5336 conjun-

2189 5356 2349 5407 ctum
2380 5352 2775 5424 proﬁteretur.
2816 5354 2951 5418 Quae
2980 5352 3076 5407 ille
3108 5353 3308 5409 omnia
3337 5354 3535 5409 divino
3578 5352 3841 5409 illustra-

2187 5444 2284 5497 tus
2306 5441 2549 5496 numine
2569 5439 3150 5512 acceperat,nullum,
3186 5441 3267 5497 uti
3295 5442 3575 5510 diximus,
3621 5460 3656 5499 a
3684 5447 3842 5498 tene-

2190 5529 2271 5587 ris
2301 5530 2473 5586 annis
2506 5528 2813 5586 hominum
2845 5528 3159 5585 allocutus.

2285 5690 2341 5763 ἀ)
2374 5691 2597 5747 Socrat.
2619 5689 2786 5761 ibid.,
2820 5705 2946 5762 cap.
2982 5689 3067 5744 10.

2262 5691 2331 5835 ie)
2363 5762 2747 5835 Hieronymus
2795 5761 2855 5819 in
2918 5759 3214 5826 Chronico,
3276 5764 3335 5815 et
3389 5764 3449 5816 in
3514 5763 3635 5822 Vita
3660 5763 3839 5823 sancti

2186 5836 2231 5892 Ρ
2262 5759 2855 5890 (δέ-Ηίθι-οιιγωυειιι
2891 5759 3214 5826 Ὄὴνοηίσο,
3276 5764 3335 5815 et
3389 5764 3449 5816 in
3514 5763 3635 5822 Vita
3660 5763 3838 5823 sancti

2233 5850 2308 5891 au
2334 5851 2371 5891 ι.
