4166 6396
382 443 527 504 ιανι

1780 432 2365 506 PROLEGOMENA
2378 485 2393 503 .

457 571 491 628 4
519 569 1453 645 Fz'deiformulentt'ochz‘aseditae.
1488 607 1552 617 —
1576 574 1804 632 Interea
1851 580 2030 630 Euse-
2065 577 2110 640 Α
2147 575 2422 632 ecclesias
2451 572 2738 631 immittit.
2773 573 2879 642 Qui
2915 573 3221 648 promissis
3280 570 3559 649 Philagrii
3599 567 3793 631 conci-

383 658 518 718 hius
548 667 604 718 et
644 663 781 718 socii
806 663 902 734 (α),
938 665 1117 721 misso
1147 664 1557 721 Alexandriam
1609 667 1903 737 Gregorio,
1937 664 2034 734 qui

384 751 775 807 Athanasium
803 751 1085 808 invictum
1101 757 1197 806 τοῦ
1229 751 1524 826 ὁμοουσίου
1558 755 2036 821 vindicem,sede,

383 839 591 912 patria,
624 841 760 906 vita,
793 840 839 897 si
873 847 1089 913 posset,
1120 848 1375 911 exueret,
1437 845 1507 899 de
1564 845 1764 899 eodem
1827 843 2033 914 ὁμοθυ-

383 926 488 1001 σίῳ
518 931 853 1003 abrogando
884 931 1225 989 deliberant.
1290 933 1478 997 Quare
1536 933 1672 989 ﬁdei
1720 932 2032 988 formulam

379 1019 581 1085 edunt,
610 1035 725 1091 qua
755 1036 815 1076 se
846 1022 1194 1094 profitentur
1221 1039 1335 1078 non
1369 1021 1488 1077 Arii
1522 1039 1804 1096 sequaces
1855 1038 1984 1077 esse
2017 1040 2028 1089 ;

379 1108 479 1163 sed
512 1108 595 1163 ita
619 1108 856 1177 sentire,
893 1114 955 1164 ut
983 1127 1112 1179 sua,
1148 1127 1324 1184 quam
1351 1111 1554 1179 edunt,
1588 1111 1720 1166 fidei
1783 1111 2035 1166 formula

377 1196 558 1252 eﬂ‘ert.
594 1197 655 1252 In
687 1215 754 1254 ea
783 1203 981 1254 autem
1015 1203 1242 1254 tacetur
1263 1199 1517 1255 invisum
1542 1199 1685 1255 illud
1706 1202 1804 1252 τοῦ
1828 1199 2030 1272 ὁμοθυ-

377 1281 494 1338 σίου
518 1286 888 1342 vocabulum.
925 1287 1036 1343 Sed
1071 1287 1237 1359 quasi
1273 1305 1388 1343 non
1420 1293 1575 1344 esset
1622 1287 1720 1344 illa
1751 1289 1823 1344 ad
1855 1289 2026 1344 fidem

374 1391 542 1430 suam
576 1375 990 1433 declarandam
1032 1376 1197 1447 satis,
1231 1377 1404 1432 aliam
1439 1377 2029 1450 proferuntprolixio~

375 1479 521 1531 rem,
553 1465 613 1520 in
645 1482 758 1537 qua
791 1465 1010 1537 pariter
1041 1467 1222 1521 misso
1253 1463 1554 1537 ὁμὴουσίου
1586 1466 1888 1532 vocabulo,
1922 1485 2025 1522 su-

373 1553 858 1626 spiciosissimam
888 1553 1216 1610 clausulam
1278 1555 1584 1626 adjiciunt,
1644 1557 1784 1611 dum
1837 1555 2024 1625 aiunt,

373 1643 580 1698 Filium
608 1659 718 1699 non
745 1659 859 1700 esse
887 1650 1199 1699 creaturam
1228 1644 1373 1700 velut
1397 1661 1572 1699 unam
1601 1661 1670 1700 ex
1722 1645 2022 1715 creaturis,

372 1747 627 1787 errorem
651 1731 733 1787 ita
755 1749 927 1786 suum
953 1732 1338 1804 ambiguitate
1364 1733 1671 1788 verborum
1706 1738 2020 1806 contegen-

369 1823 705 1894 tes:quam
740 1821 872 1876 fidei
905 1821 1327 1892 professionem
1391 1822 1586 1876 Ariani
1648 1821 1906 1877 nominis
1966 1825 2024 1878 et

371 1908 900 1966 commendationis
917 1926 1092 1966 causa
1117 1910 1368 1966 Luciano
1403 1911 1640 1985 martyri
1672 1911 2018 1984 ascripsere.
2056 1947 2103 2012 Β

370 2001 610 2064 Verum,
638 2002 702 2054 ut
723 1998 897 2055 habet
927 2000 1499 2072 auctorDialogorum
1512 2000 1579 2056 de
1622 2001 1904 2056 Irim’tale
1925 2002 2022 2073 (bi,

370 2086 611 2145 Luciani
677 2087 1100 2144 confessionem
1184 2088 1388 2144 multis
1464 2089 1693 2145 laciniis
1767 2089 2024 2146 haeretici

369 2177 814 2250 interpolarunt.
845 2177 1101 2232 Tertiam
1171 2178 1494 2234 breviorem
1526 2178 1772 2250 protulit
1831 2179 2021 2234 Then-

369 2266 655 2338 phronius
683 2265 994 2339 episcopus
1025 2267 1374 2339 Tyanensis,
1404 2268 1462 2322 in
1495 2284 1636 2339 qua,
1668 2273 1876 2340 preter
1929 2270 2022 2320 τεῦ

368 2354 686 2428 ὁμοουσίου,
723 2354 1105 2412 amissionem
1139 2355 1285 2411 nihil
1337 2356 1694 2429 culpandum
1747 2360 2019 2413 occurrit.

368 2449 580 2502 Extant
609 2451 885 2518 praeterea
913 2444 972 2500 in
1033 2444 1492 2502 Collectionibus
1559 2463 1851 2502 canonum
1887 2462 2018 2502 cum

367 2534 696 2605 editis,tum
721 2534 1166 2608 manuscriptis,
1225 2552 1337 2590 xxv
1367 2552 1621 2591 canones
1647 2535 2022 2592 Antiochense

368 2623 599 2697 synodi,
631 2625 702 2680 de
733 2623 949 2696 quibus
981 2622 1180 2678 multa:
1211 2629 1412 2679 nostro
1445 2642 1562 2680 aevo
1611 2624 2022 2682 controversiae

369 2729 403 2768 a
433 2712 620 2770 doctis
649 2711 788 2768 viris
818 2712 1025 2779 edite;
1060 2729 1173 2784 quo
1223 2713 1516 2769 mittimus
1573 2713 1872 2781 lectorem,
1923 2731 2016 2784 ne,

368 2819 547 2875 quam
579 2802 917 2857 institutum
950 2801 1118 2871 ferat,
1150 2801 1440 2873 longiores
1472 2803 1680 2859 simus.

436 2891 492 2946 5.
512 2892 764 2960 Gregorii
783 2892 996 2947 invasio
1016 2892 1349 2948 truculenta.
1372 2923 1437 2932 —
1463 2892 1776 2965 Gregorius
1798 2898 2016 2963 autem,

367 2979 661 3053 Philagrio
692 2985 749 3034 et
778 2980 1016 3036 Arsacio
1070 2979 1410 3049 comitibus,
1442 2998 1577 3036 cum
1610 2981 2016 3039 Alexandriam

367 3070 704 3127 adventaret
733 3068 822 3141 (ε),
860 3068 1140 3142 populum
1202 3069 1667 3126 Alexandrinum
1731 3072 1848 3126 alta
1878 3089 2020 3144 pace

367 3159 654 3214 fruentem
689 3157 928 3223 invenit,
961 3162 1135 3231 atque
1166 3159 1552 3215 conventibus
1584 3159 1887 3216 Athanasii
1947 3161 2018 3216 dc

366 3262 528 3304 more
557 3251 882 3303 vacantem.
915 3246 1262 3320 Tranquilla
1292 3248 1512 3322 omnia,
1568 3266 1702 3305 cum
1757 3251 1816 3305 in
1850 3251 2015 3317 urbe,

2149 665 2275 730 tati,
2313 666 2648 738 irrumpunt
2679 666 2734 720 in
2767 665 3079 734 ecclesias;
3115 670 3290 738 atque
3322 667 3379 721 in
3439 681 3508 720 ea
3557 663 3792 738 potissi-

2149 769 2334 826 mum,
2369 771 2499 827 quae
2521 753 2714 827 Cyrini
2735 755 3071 825 vocabatur,
3103 754 3195 810 vix
3221 755 3549 811 enarranda
3588 769 3792 827 perpe-

2144 845 2302 897 trant
2333 843 2572 916 ﬂagitia.
2607 843 2945 899 Incenditur
2975 843 3240 914 ecclesia,
3273 859 3624 915 sacrumque
3646 841 3794 914 pari-

2142 935 2231 986 ter
2261 932 2692 1004 baptisterium.
2752 932 2893 986 ilinc
2925 932 3139 1001 luctus,
3173 932 3451 1005 ejulatus,
3484 936 3540 988 et
3569 930 3792 986 clamor

2142 1020 2340 1093 populi
2376 1037 2496 1076 rem
2552 1020 2792 1093 indigne
2823 1021 3083 1090 ferentis,
3143 1038 3207 1076 ac
3261 1020 3644 1077 contestantis
3672 1019 3788 1074 vim

2141 1109 2339 1166 inferri
2372 1110 2482 1166 sibi
2516 1111 2589 1165 ab
2621 1110 2802 1183 impio
2833 1110 3103 1183 praefecto
3184 1109 3421 1166 Scelesti
3453 1114 3648 1165 autem
3681 1107 3787 1177 illi,

2145 1216 2249 1255 ceu
2284 1199 2583 1254 furibundi
2609 1203 2666 1253 et
2695 1204 2979 1268 amentes,
3011 1198 3269 1271 virgines
3298 1215 3495 1254 sacras
3545 1198 3789 1260 nudare.

2141 1289 2382 1356 caedere,
2415 1287 2768 1344 obsistentes
2801 1288 2856 1342 in
2885 1286 3210 1360 periculum
3246 1287 3454 1342 mortis
3485 1287 3792 1358 conjicere,

2139 1377 2458 1434 monachos
2489 1376 2547 1432 in
2579 1380 2794 1432 terram
2827 1376 3110 1431 decussas
3169 1375 3524 1431 calcantium
3563 1375 3787 1447 impetu

2135 1467 2547 1537 exstinguere;
2582 1464 2726 1520 alios
2759 1465 3018 1520 fustibus
3081 1465 3271 1531 ferire,
3331 1463 3657 1529 vulnerare,
3692 1481 3786 1520 oc-

2135 1555 2347 1611 cidere.

2204 1646 2259 1698 6.
2297 1643 2358 1697 In
2380 1659 2607 1699 sacram
2629 1647 2822 1698 autem
2849 1659 3116 1698 mensam
3143 1642 3364 1715 ﬂagitia
3390 1643 3655 1698 omnium
3682 1641 3790 1696 im-

2135 1734 2406 1806 piissima
2437 1732 2716 1787 admissa.
2749 1735 2893 1787 Aves
2924 1733 3079 1787 enim
3114 1731 3531 1805 strobilosque,
3565 1748 3662 1786 seu
3699 1733 3786 1803 pi-

2133 1840 2274 1879 neas
2298 1821 2849 1892 nuces,numinibus
2871 1820 3264 1876 immolabant
3293 1821 3624 1892 gentilium,
3659 1819 3784 1875 lau-

2133 1911 2236 1967 des
2267 1911 2324 1966 in
2358 1911 2600 1966 deorum
2660 1910 2965 1977 honorem,
3026 1908 3341 1965 maledicta
3399 1909 3455 1965 in
3486 1909 3782 1964 Christum

2133 2000 2512 2072 proferentes.
2547 1997 2879 2069 Sacrilibri,
2913 1998 2960 2053 si
2986 1998 3085 2070 qui
3112 1998 3264 2054 obvii
3301 2000 3480 2064 fuere,
3507 1998 3561 2053 in
3587 1997 3780 2070 ignem

2132 2089 2377 2162 conjecti
2401 2095 2456 2144 et
2473 2088 2763 2144 combusti
2787 2092 2946 2143 sunt.
2975 2089 3096 2143 lmo
3131 2088 3432 2161 mysteria,
3466 2088 3538 2143 de
3569 2087 3785 2159 quibus

2131 2178 2360 2235 violatis
2383 2177 2695 2232 Macarium
2723 2180 3070 2232 accusarant
3092 2176 3406 2244 Meletiani,
3440 2177 3512 2232 ab
3535 2175 3784 2232 ethnicis

2132 2273 2299 2341 rapta
2327 2267 2609 2338 humique
2641 2267 2898 2338 projecta
2956 2270 3116 2321 sunt.
3173 2270 3320 2320 Tum
3378 2265 3565 2320 Judaei
3607 2269 3782 2337 atque

2132 2357 2345 2414 ethnici
2379 2357 2438 2412 in
2471 2355 2796 2428 baptisterii
2855 2355 3047 2410 adhuc
3099 2354 3517 2427 conﬂagrantis
3548 2358 3781 2426 septum

2130 2447 2407 2521 ingressi,
2443 2463 2510 2500 ac
2541 2461 2671 2500 sese
2701 2444 3011 2516 nudantes,
3047 2444 3300 2500 obscena
3317 2443 3784 2499 vociferabantur

2129 2537 2190 2592 in
2221 2535 2371 2593 sacri
2404 2535 2513 2591 loci
2544 2532 2986 2590 contumeliam.
3021 2533 3131 2588 Nec
3165 2533 3399 2588 defuere
3429 2531 3487 2588 in
3522 2538 3640 2587 tam
3677 2531 3782 2586 im-

2129 2625 2227 2698 pia
2257 2623 2430 2680 turba
2461 2621 2560 2695 qui
2593 2627 2874 2694 tyrannos
2905 2620 3142 2687 imitati,
3182 2619 3438 2693 virgines
3469 2619 3774 2674 honestas-

2129 2731 2242 2788 que
2280 2717 2580 2770 matronas
2648 2710 2923 2766 manibus
2992 2714 3313 2783 pertractas
3380 2712 3777 2782 raptatasque,

2126 2808 2401 2878 cogerent
2434 2799 2777 2874 blasphema
2830 2799 2985 2855 dicta
3043 2800 3102 2854 in
3158 2798 3456 2854 Christum
3500 2797 3778 2870 proferre,

2128 2894 2452 2948 abnuentes
2498 2906 2631 2945 vero
2684 2890 2974 2945 caaderent
3001 2888 3468 2962 impeterentque
3498 2886 3778 2942 calcibus.

2197 2983 2252 3037 7.
2286 2981 2618 3036 Athanasius
2647 2995 2706 3034 se
2735 2980 2869 3050 fuga
2894 2979 3154 3050 proripit.
3180 3008 3248 3017 —
3273 2978 3424 3032 Tum
3465 2976 3780 3048 Gregorius

2125 3071 2186 3128 in
2208 3086 2404 3127 rerum
2432 3069 2703 3142 praeclare
2725 3071 3025 3141 gestarum
3045 3064 3745 3132 mercedem,Judaais,eth
3759 3093 3781 3106 -

2128 3161 2274 3217 nicis
2297 3165 2353 3215 et
2378 3159 2508 3214 aliis
2539 3157 2846 3214 ecclesiam
2879 3156 3059 3212 tradit
3088 3156 3147 3212 in
3179 3156 3459 3228 praedam.
3489 3156 3778 3210 Concessa

2127 3250 2238 3306 hac
2268 3248 2468 3320 inique
2500 3264 2564 3302 ac
2598 3246 2928 3320 petulanter
2986 3245 3198 3319 agendi
3253 3243 3508 3316 licentia,
3557 3260 3683 3316 qua:
3715 3260 3782 3297 ex

362 3340 488 3393 tum
520 3336 581 3392 in
613 3335 849 3409 regione
875 3353 888 3404 ;
921 3317 1159 3393 summa
1187 3354 1298 3409 pax
1327 3317 1735 3411 episcoporum
1763 3339 2017 3412 Egypti,
2049 3317 2092 3383 (εἶ
2129 3337 2266 3394 inde
2297 3317 2613 3392 consecuta
2641 3339 2804 3400 sunt,
2865 3317 3049 3388 belloi
3077 3338 3245 3390 erant
3273 3334 3473 3406 pejora
3502 3336 3559 3388 et
3602 3331 3779 3387 latro-

362 3425 702 3497 Thebaidis,
737 3428 796 3482 et
816 3425 1005 3497 Libyae
1033 3443 1166 3482 cum
1191 3426 1764 3496 Athanasio,mutuis
1782 3429 2014 3499 officiis,

362 3519 570 3572 mutuo
626 3531 826 3571 amore
890 3515 1048 3572 culta
1115 3532 1250 3572 cum
1317 3517 1631 3589 derepente
1707 3518 2016 3590 praefectus

361 3603 588 3677 Egypti
615 3620 719 3659 ceu
750 3602 1026 3660 bellicum
1059 3621 1268 3660 canere
1298 3604 1490 3678 cmpit,
1549 3605 1738 3661 edicto
1785 3607 2013 3664 denun-

361 3691 516 3748 tians
545 3692 890 3766 Gregorium
923 3693 1348 3764 Cappadocem,
1382 3693 1441 3749 in
1473 3693 1664 3750 locum
1711 3695 2014 3753 Athanasii

362 3780 704 3854 episcopum
731 3781 1190 3837 Alexandrinum
1225 3783 1460 3850 mitti,et
1483 3784 1539 3839 in
1559 3785 1838 3841 comitatu
1863 3804 2012 3844 esse.

363 3870 468 3926 His
498 3870 735 3935 auditis,
769 3869 970 3943 populi
1001 3869 1318 3928 insolentia
1349 3873 1428 3928 rei
1463 3874 1714 3946 permoti
1746 3874 1806 3930 in
1837 3877 2016 3932 eccle-

365 3960 485 4016 sias
527 3975 851 4029 accurrere,
885 3963 1060 4031 atque
1091 3958 1366 4017 collectas
1395 3961 1784 4034 frequentare.
1815 3966 1888 4020 At
1916 3965 2017 4020 ubi

365 4046 1070 4104 animadvertuntnovum
1090 4047 1434 4122 episcopum
1457 4066 1588 4105 cum
1616 4049 1756 4105 solis
1784 4050 2019 4108 Arianis

363 4137 609 4202 versari,
642 4134 866 4208 ingenti
899 4137 1154 4192 clamore
1185 4137 1552 4194 obtestantur
1600 4139 1849 4210 judices,
1894 4159 2016 4197 ma-

364 4226 670 4301 gistratus,
705 4225 1038 4282 universam
1071 4227 1510 4294 urbem,contra
1521 4228 1625 4299 jus
1661 4229 1864 4302 fasque
1895 4247 2016 4286 rem

365 4315 602 4388 agi,non
623 4318 967 4371 accusatum
991 4315 1248 4388 legitime
1265 4316 1657 4372 Athanasium
1680 4319 1978 4375 deturbari
2004 4337 2017 4387 ;

366 4405 608 4478 siquod
639 4403 858 4460 crimen
890 4409 1036 4473 erat,
1097 4405 1429 4478 oportuisse
1485 4407 1810 4462 secundum
1861 4407 2020 4481 leges

367 4494 798 4553 ecclesiasticas
817 4510 939 4550 rem
968 4493 1185 4566 inquiri
1219 4499 1276 4550 et
1301 4511 1505 4566 poenas
1547 4495 1801 4569 exposci,
1832 4513 2019 4570 neque

365 4584 676 4657 derepente
705 4583 758 4641 vi
791 4587 967 4655 atque
997 4583 1321 4655 patrocinio
1378 4584 1855 4657 magistratuum,
1885 4602 2020 4642 vero

2125 3424 2276 3482 cinio
2309 3423 2674 3490 crudeliora;
2709 3422 2790 3477 ita
2821 3426 2886 3477 ut
2915 3420 3214 3477 alii‘obvia
3277 3436 3524 3494 quaeque
3565 3419 3780 3492 diripe-

2125 3519 2294 3582 rent;
2329 3512 2427 3569 alii
2459 3512 2853 3586 quorumdam
2885 3510 3152 3583 deposita
3173 3510 3779 3576 intersedividerent;

2124 3605 2404 3677 grandem
2435 3601 2554 3658 vini
2587 3600 2816 3672 copiam
2849 3599 2969 3655 illic
3003 3604 3297 3672 repertam
3329 3604 3432 3654 aut
3454 3598 3779 3661 ebiberent,

2126 3697 2227 3749 aut
2243 3691 2740 3757 eﬂ‘underent,aut
2763 3692 3166 3760 asportarent;
3199 3687 3392 3744 oleum
3413 3687 3781 3745 reconditum

2125 3782 2422 3837 auferrent
2445 3795 2458 3834 :
2479 3780 2697 3850 januas
2720 3783 2777 3833 et
2796 3776 3086 3833 cancellos
3108 3794 3213 3833 ceu
3237 3776 3426 3850 spolia
3442 3776 3663 3850 singuli
3697 3794 3783 3832 ra-

2127 3874 2369 3944 perent;
2401 3868 2753 3923 candelabra
2782 3865 3039 3922 ecclesias
3071 3867 3142 3922 ad
3201 3866 3484 3939 parietem
3539 3864 3783 3922 reclina-

2127 3963 2293 4026 rent;
2328 3973 2526 4013 cereos
2558 3955 2730 4011 idolis
2787 3955 2914 4012 suis
2967 3955 3371 4011 accenderent.
3430 3954 3554 4012 Uno
3583 3955 3780 4021 verbo,

2127 4046 2276 4104 nihil
2308 4045 2424 4102 nisi
2455 4044 2698 4101 vastitas
2732 4043 2790 4099 in
2849 4043 3096 4100 ecclesia
3152 4049 3210 4099 et
3267 4043 3528 4117 plurima
3575 4045 3783 4100 mortis

2129 4137 2347 4210 imago.
2381 4135 2684 4190 Atrociora
2714 4138 2847 4206 post
2874 4133 2997 4189 haec
3027 4133 3222 4190 videre
3279 4138 3442 4202 erat;
3477 4133 3783 4189 carnifices

2127 4225 2286 4283 enim
2321 4224 2405 4279 illi
2436 4225 2814 4296 presbyteros
2848 4227 2904 4278 et
2928 4221 3106 4278 laicos
3140 4222 3330 4296 plagis
3362 4222 3638 4291 lacerare,
3670 4223 3784 4277 vir-

2128 4314 2294 4390 gines
2315 4315 2576 4368 detracto
2607 4312 2879 4375 maforte,
2916 4327 3019 4367 seu
3051 4329 3217 4368 sacro
3246 4311 3554 4379 velamine,
3580 4312 3652 4368 ad
3683 4311 3785 4367 tri-

2127 4401 2309 4462 bunal
2340 4401 2508 4458 ducis
2540 4399 2898 4473 pertrahere,
2937 4405 2994 4456 et
3019 4402 3078 4456 in
3135 4417 3427 4457 carcerem
3477 4401 3781 4473 conjicere,

2129 4493 2274 4550 alios
2305 4490 2666 4564 proscribere
2696 4493 2753 4545 et
2783 4487 3033 4561 ﬂagellis
3089 4489 3328 4560 caedere,
3387 4505 3569 4562 panes
3613 4488 3782 4544 mini-

2129 4585 2385 4640 strorum
2420 4596 2486 4636 ac
2517 4579 2810 4652 virginum
2842 4579 3244 4635 intervertere.
3306 4582 3439 4636 Haec
3497 4583 3693 4634 autem
3725 4578 3784 4634 in

365 4672 637 4746 episcopo
669 4671 861 4746 pulso,
894 4671 1200 4728 ecclesiam
1232 4671 1532 4729 invadere.
1583 4673 1686 4729 Vel
1720 4673 1866 4746 ipsis
1894 4675 2019 4732 eth-
2051 4693 2099 4758 D
2131 4674 2336 4728 sancta
2357 4669 2815 4758 quadragesima
2836 4684 3016 4740 prope
3040 4669 3257 4724 festum
3291 4667 3592 4758 Paschatis
3623 4672 3788 4758 gesta

366 4761 515 4819 nicis
547 4762 675 4818 dari
702 4760 857 4817 male
886 4761 1226 4834 auspicandi
1257 4779 1496 4818 causam
1532 4780 1597 4819 ac
1664 4763 2015 4832 aastimandi,

366 4869 482 4908 non
549 4868 620 4908 ex
682 4851 880 4924 legum
941 4849 1470 4908 ecclesiasticarum
1531 4851 1859 4926 praecripto,
1920 4855 2018 4910 sed

367 4940 794 4999 nundinatione
825 4943 881 4996 et
911 4940 1104 4997 favore
1170 4940 1474 5014 episcopos
1532 4940 1737 4998 creari.
1769 4943 1840 4998 At
1905 4943 2022 5000 fru-

366 5035 490 5089 stra
521 5031 630 5086 fuit
660 5029 861 5104 populi
897 5027 1154 5086 clamor:
1190 5028 1554 5104 ingrediente
1585 5048 1841 5104 namque
1879 5032 2020 5089 Gre-

365 5120 529 5194 gorio
559 5124 624 5176 ut
653 5118 1063 5176 animadvertit
1092 5117 1426 5193 Philagrius
1481 5120 1830 5176 catholicam
1899 5121 2021 5195 ple-

367 5209 502 5266 bem
519 5212 682 5265 tanto
699 5223 898 5264 amore
916 5224 982 5264 ac
996 5208 1189 5264 studio
1206 5207 1586 5265 Athanasium
1601 5226 1692 5265 am
1701 5208 2021 5281 plecti,tam

366 5298 733 5371 frequentem
760 5297 1140 5354 conventibus
1171 5298 1300 5369 ejus
1327 5297 1632 5366 interesse,
1666 5303 1864 5355 coacta
1893 5300 2023 5356 eth-

369 5385 660 5456 nicorum,
682 5385 1039 5454 Judzeorum,
1065 5386 1412 5460 opilionum,
1438 5386 1810 5460 aliorumque
1831 5390 2021 5446 foren-

369 5474 528 5533 sium
557 5479 614 5532 et
642 5474 1035 5548 petulantium
1057 5477 1346 5548 juvenum
1380 5478 1628 5544 caterva,
1670 5475 1859 5534 multa
1891 5477 2022 5552 pol-

368 5564 568 5625 licitus
597 5565 649 5620 si
679 5579 804 5621 rem
835 5569 1072 5622 strenue
1113 5568 1410 5640 gererent,
1469 5581 1569 5622 eos
1622 5565 1931 5624 confertim
1961 5567 2022 5625 in

464 5708 522 5778 a)
548 5712 772 5766 Socrat.
805 5707 908 5764 lib.
943 5724 1006 5778 ιι,
1038 5725 1168 5778 cap.
1199 5709 1291 5767 ll0.

464 5724 501 5765 a
548 5712 772 5766 Socrat.
805 5708 908 5764 lib.
943 5724 1006 5778 ιι,
1038 5725 1106 5767 ca
1152 5751 1168 5766 .
1199 5709 1291 5767 ll0.

439 5708 522 5864 lbl
546 5779 760 5838 Athan.
793 5784 936 5839 tom.
977 5779 1029 5838 II
1093 5727 1229 5854 (Ῡν),
1293 5779 1508 5854 Dialog.
1575 5796 1641 5838 ιιι
1700 5779 1769 5840 de
1797 5781 2022 5853 Triuia,

2132 4763 2292 4818 sunt.
2323 4759 2441 4814 Sub
2473 4758 2592 4814 haec
2661 4757 2718 4813 in
2785 4758 2915 4832 ipsa
2981 4761 3297 4814 Parasceve
3355 4757 3670 4831 Gregorius
3726 4757 3786 4813 in

2132 4866 2310 4907 unam
2333 4847 2712 4904 ecclesiarum
2735 4864 2868 4904 cum
2900 4847 3048 4903 duce
3069 4851 3127 4903 et
3173 4847 3426 4904 ethnicis
3455 4847 3785 4921 ingressus,

2131 4943 2198 4996 ut
2221 4936 2469 5012 populos
2490 4936 2808 4992 violentum
2834 4935 3024 5008 ipsius
3043 4935 3350 4992 introitum
3383 4937 3640 4994 aversari
3668 4935 3788 4992 ani-

2131 5026 2462 5094 madvertit,
2495 5029 2699 5082 auctor
2729 5023 2864 5080 duci
2897 5025 3009 5080 fuit
3064 5027 3130 5079 ut
3183 5023 3330 5081 hora
3387 5043 3507 5082 una
3546 5024 3788 5099 triginta

2132 5120 2387 5192 quatuor
2407 5131 2541 5172 cum
2570 5113 2795 5170 nobiles
2815 5113 2943 5182 viri,
2977 5117 3106 5169 tum
3125 5114 3386 5188 virgines
3409 5119 3466 5171 et
3486 5119 3784 5182 matronas,

2132 5205 2333 5281 ﬂagris
2359 5204 2591 5280 publice
2612 5203 2746 5261 cesi
2771 5203 2830 5259 in
2853 5219 3146 5260 carcerem
3166 5205 3617 5277 conjicerentur.
3649 5205 3787 5262 Vir-

2131 5297 2326 5372 ginem
2356 5312 2490 5352 vero
2521 5293 2780 5367 aliquam
2809 5292 3079 5350 lectionis
3109 5293 3460 5364 studiosam,
3493 5295 3587 5351 cui
3626 5294 3784 5369 psal-

2129 5387 2342 5444 terium
2365 5401 2483 5458 prae
2509 5381 3011 5457 manibus,palam
3024 5383 3317 5442 verberari
3324 5384 3349 5457 j
3359 5384 3784 5443 ussit.Demum

2131 5475 2279 5534 liber
2307 5477 2512 5548 raptus
2543 5490 2578 5530 a
2601 5472 3003 5542 carnificibus,
3029 5472 3193 5547 virgo
3225 5477 3424 5531 autem
3484 5473 3544 5531 in
3590 5491 3784 5532 carce-

2131 5582 2254 5624 rem
2285 5564 2516 5622 reclusa
2543 5566 2653 5620 est.
2688 5562 2788 5618 His
2819 5563 3094 5636 peractis,
3126 5561 3186 5620 in
3219 5563 3400 5622 aliam
3433 5563 3741 5623 ecclesiam
3770 5583 3784 5634 ;

2204 5711 2269 5780 1;
2302 5709 2531 5780 Sozom.
2560 5704 2666 5780 lib.
2700 5721 2787 5776 ιιι,
2819 5705 3036 5780 eap3A5.

2205 5775 2276 5856 (c)
2302 5779 2518 5838 Athan.
2551 5778 2726 5854 Epist.
2755 5775 3056 5852 ency‘cuca,
3087 5794 3148 5837 ιι.
3177 5776 3234 5849 2,
3264 5778 3320 5836 3.
