4166 6454
1651 424 1841 488 VITA
1882 424 1950 488 S.
1994 423 2413 488 ATHANASI]
2426 471 2441 487 .

3594 434 3759 486 XCVII

337 564 438 621 ubi
469 560 696 619 solebat
724 559 1081 618 Athanasius
1122 559 1194 616 iis
1252 558 1459 614 diebus
1518 572 1710 630 agere,
1768 556 1992 630 impetu
2021 559 2076 626 Α
2108 574 2293 628 orare,
2346 561 2404 613 et
2453 557 2556 631 qui
2614 557 2905 630 latitabat,
2965 555 3246 631 baptizari
3303 558 3567 628 poterat:
3601 571 3761 610 nunc

337 654 634 717 feruntur,
662 668 728 707 eo
762 650 1010 706 consilio
1042 652 1106 705 ut
1135 648 1459 705 antistitem
1518 662 1624 702 nec
1656 646 1991 719 Opinantem

340 741 739 799 confoderent.
772 739 990 795 Verum
1023 735 1298 810 expilatio
1328 736 1388 791 in
1421 735 1630 805 Cyrino
1652 735 1805 791 facta
1824 734 1998 790 Atha-

340 830 506 888 nasio
538 827 715 886 saluti
768 828 949 883 fuisse
1005 827 1254 882 videtur.
1315 826 1461 881 Nam
1520 824 1620 881 ubi
1677 823 1999 896 accepisset

345 923 567 994 quanta
598 918 681 973 illi
712 921 769 974 et
798 934 975 989 quam
1022 915 1264 989 indigna
1316 917 1736 987 perpetrarent,
1769 914 1837 968 ad
1873 912 1996 985 pri-

344 1026 509 1067 mum
540 1007 838 1073 nuntium,
896 1006 1145 1061 necdum
1205 1004 1462 1060 confecto
1520 1002 1581 1059 in
1612 1002 1726 1059 alia
1755 1000 2000 1059 ecclesia

344 1095 667 1167 latrocinio,
702 1094 934 1168 p0pu1is
989 1111 1051 1150 se
1111 1092 1412 1160 subduxit,
1462 1092 1894 1164 maturavitque
1926 1090 1998 1147 ab

348 1187 494 1244 urbe
523 1184 835 1258 proficisci,
869 1200 1079 1240 cavens
1112 1181 1271 1238 mala
1308 1198 1423 1237 non
1482 1180 1593 1236 sibi
1650 1179 1864 1251 solum,
1898 1180 1998 1237 sed

353 1274 525 1349 plebi,
553 1272 903 1346 virginibus,
936 1270 1193 1328 ecclesia
1225 1286 1362 1326 mox
1391 1269 1719 1340 inferenda,
1744 1286 1847 1325 nec
1874 1268 2003 1326 sine

354 1363 596 1420 cadium
629 1360 1002 1429 discrimine;
1052 1364 1216 1416 tanto
1276 1358 1560 1414 nimirum
1616 1362 1782 1414 erant
1810 1358 2004 1414 furore

351 1451 620 1523 correpti.
654 1450 878 1505 Memor
908 1448 1106 1521 itaque
1130 1447 1421 1504 Dominici
1481 1445 1789 1519 pracepti:
1821 1447 1887 1503 Si
1917 1461 2004 1502 vos

344 1541 617 1612 persecuti
642 1541 855 1611 fuerint
885 1539 945 1593 in
974 1555 1090 1593 una
1133 1538 1378 1608 ciuitate,
1434 1538 1613 1608 [ugite
1666 1536 1727 1591 in
1758 1536 1930 1592 aliam
1960 1535 2002 1608 ⁸,

348 1628 727 1686 carniﬁcibus
762 1644 822 1684 se
850 1626 1149 1682 subduxit.
1183 1626 1326 1681 Eam
1374 1623 1778 1680 Alexandrina
1811 1622 2005 1679 Eccle—

347 1719 447 1775 sia
480 1717 876 1774 calamitatem
909 1716 1141 1771 duobus
1172 1718 1307 1771 ante
1358 1713 1533 1770 annis
1582 1714 1841 1768 futuram
1874 1730 2006 1786 pro-

354 1810 624 1881 spexerat
681 1805 971 1861 Antonius
1028 1802 1452 1859 monachorum
1513 1806 1677 1875 pater
1725 1804 1821 1873 (a).
1861 1803 2006 1857 Dum

2105 650 2301 703 autem
2324 646 2740 703 immanissimi
2771 647 2879 703 viri
2920 644 3367 719 Babyloniorum
3392 644 3757 715 impietatem

2108 740 2247 791 sunt
2278 734 2555 791 amulati.
2589 736 3096 800 Quemadmodum
3131 735 3288 791 enim
3320 732 3405 788 illi
3441 732 3760 800 Danielem,

2108 826 2191 881 sic
2219 825 2532 897 praclarus
2562 825 2875 898 Gregorius
2932 843 3055 894 eos,
3114 824 3215 897 qui
3247 823 3404 880 domi
3435 825 3624 891 orant,
3658 823 3763 877 de-

2107 914 2219 970 fert
2248 914 2319 969 ad
2353 915 2714 986 praefectum,
2747 932 2813 970 ac
2845 914 3148 971 ministros
3204 911 3473 969 Ecclesia
3504 928 3639 968 cum
3674 911 3765 967 in-

2107 1002 2263 1074 genti
2289 1002 2643 1058 contumelia
2665 1004 2969 1072 observat;
3003 1003 3086 1059 ita
3117 1008 3180 1059 ut
3221 1001 3511 1074 ejusmodi
3544 999 3765 1055 violen-

2107 1092 2191 1148 tia
2222 1091 2397 1147 multi
2424 1093 2683 1147 nondum
2712 1092 2988 1165 baptizati
3014 1093 3071 1147 in
3095 1092 3412 1148 discrimen
3436 1090 3645 1145 salutis
3666 1106 3763 1145 ve-

2110 1181 2312 1252 niant;
2346 1180 2446 1237 alii
2476 1198 2609 1237 vero
2657 1182 3084 1254 quatnplurimi
3143 1181 3346 1237 morbo
3399 1179 3757 1244 laborantes,

2110 1271 2375 1327 omnium
2408 1269 2810 1325 ministrorum
2845 1270 3006 1326 aditu
3031 1274 3087 1325 et
3127 1269 3408 1341 obsequio
3437 1265 3764 1338 interclusi,

2113 1358 2388 1431 lacrymis
2400 1359 2580 1414 vicem
2598 1376 2765 1415 suam
2781 1358 3359 1432 deplorent,eamque
3371 1357 3765 1413 calamitatem

2113 1448 2201 1505 vel
2234 1448 2434 1504 morbo
2493 1449 2621 1521 ipso
2679 1447 2974 1504 duriorem
3034 1447 3386 1503 existiment.
3421 1447 3571 1502 Dum
3603 1445 3762 1501 enim

2114 1536 2382 1593 Ecclesia
2415 1535 2668 1592 ministri
2699 1535 3072 1591 contumeliis
3100 1540 3157 1591 et
3184 1534 3419 1606 injuriis
3462 1533 3770 1590 lacessun-

2114 1631 2230 1694 tur,
2264 1625 2487 1698 pepuli,
2518 1626 2617 1697 qui
2653 1625 3061 1681 hareticorum
3083 1624 3443 1697 impietatem
3465 1640 3770 1679 exsecran-

2116 1722 2235 1784 tur,
2268 1714 2498 1770 malunt
2525 1714 2606 1770 ita
2658 1719 2941 1787 agrotare
2997 1731 3063 1770 ac
3123 1713 3458 1786 periclitari,
3493 1729 3672 1785 quam
3708 1715 3770 1766 ut

2116 1804 2467 1859 Arianorum
2500 1820 2711 1859 manus
2742 1803 2917 1875 capiti
2949 1820 3056 1858 suo
3083 1802 3483 1875 imponantur.

362 1896 520 1953 enim
573 1894 784 1951 sedens
819 1893 1004 1949 labori
1043 1908 1331 1948 manuum
1387 1894 1636 1958 vacaret,
1697 1890 2008 1962 derepente
2039 1926 2086 1993 Β
2185 1893 2238 1947 9.
2270 1892 2605 1948 Athanasius
2659 1893 2853 1948 scribit
2908 1892 3244 1964 encyclicam
3301 1891 3605 1963 epistolam.
3668 1891 3771 1946 Ro-

364 1989 528 2043 extra
552 2001 613 2041 se
643 1987 846 2057 raptus
877 1981 1332 2039 contremiscens
1364 1997 1429 2036 ac
1460 1996 1701 2052 gemens
1728 1979 1791 2034 in
1821 1996 2013 2051 genua

356 2074 711 2149 procumbit,
743 2077 800 2129 et
827 2072 927 2128 diu
951 2071 1240 2145 precando
1265 2074 1615 2143 perseverat,
1639 2069 2011 2142 stupentibus

354 2164 630 2221 omnibus
654 2162 753 2236 qui
778 2162 1039 2218 aderant.
1063 2162 1322 2233 Surgens
1339 2160 1574 2215 demum
1594 2157 1871 2231 lacrymis
1889 2175 2015 2231 per-

352 2253 544 2320 fusus,
577 2255 819 2325 rogatur
848 2268 882 2307 a
938 2249 1218 2306 fratribus
1271 2265 1400 2321 qua
1447 2264 1627 2304 causa
1652 2251 1823 2304 tanta
1854 2263 2012 2303 com-

354 2341 658 2409 motionis,
690 2344 992 2396 tantorum
1024 2338 1271 2394 ﬂetuum
1303 2341 1478 2393 esset.
1539 2340 1858 2394 Cunctatus
1892 2334 2013 2404 ille,

357 2432 601 2486 demum
631 2428 978 2501 rogantibus
1009 2428 1357 2500 respondet:
1388 2425 1622 2483 Vidisse
1650 2442 1713 2482 se
1745 2442 2014 2482 mensam

359 2517 651 2575 Dominici
682 2517 804 2574 sive
836 2515 1092 2572 ecclesia
1124 2514 1305 2572 mulis
1361 2515 1622 2587 undique
1666 2515 2017 2571 circumses-

360 2624 511 2674 sam,
546 2606 647 2678 qui
680 2607 811 2677 ejus
841 2604 1119 2660 interiora
1147 2604 1408 2661 calcibus
1438 2603 1813 2659 vehementer
1832 2602 2016 2677 impe-

360 2698 552 2752 terent
584 2713 597 2761 ;
630 2692 1008 2765 audiisseque
1038 2709 1237 2749 vocem
1270 2693 1583 2760 dicentem,
1620 2693 1806 2749 Altare
1833 2709 2020 2749 meum

359 2784 656 2857 polluetur.
688 2781 931 2838 Addidit
960 2786 1157 2838 autem
1188 2781 1499 2850 Antonius,
1523 2798 1642 2837 non
1674 2782 2019 2838 diuturnam

362 2873 482 2929 fore
512 2871 931 2943 calamitatem,
965 2872 1067 2927 sed
1100 2870 1409 2927 ecclesiam
1441 2870 1513 2926 ad
1546 2870 1863 2943 pristinum
1894 2874 2020 2927 sta—

366 2964 491 3017 tum
524 2964 916 3032 ornatumque
948 2960 1061 3016 cito
1104 2959 1446 3016 redituram.

440 3049 494 3106 8.
527 3049 716 3107 Tanta
746 3065 918 3121 porro
961 3054 1085 3104 erat
1142 3048 1456 3120 Gregorius
1507 3048 1829 3122 impietate,
1861 3053 2026 3105 tanta

369 3137 758 3206 immanitate,
792 3141 858 3193 ut
886 3154 959 3193 ne
981 3138 1111 3210 ipsa
1132 3137 1371 3209 quidem
1400 3138 1701 3194 Dominica
1720 3138 2026 3195 Paschatis

370 3228 461 3284 die
487 3227 810 3284 abstineret
839 3244 873 3283 a
901 3226 1222 3283 sceleribus
1254 3230 1312 3283 et
1340 3244 1373 3284 a
1413 3226 1848 3283 calamitatibus
1879 3226 2025 3284 infe-

2121 2000 2270 2038 mam
2289 1984 2645 2037 transmittit.
2672 2013 2738 2023 —
2760 1985 2891 2037 Hac
2915 1981 3274 2036 Athanasius
3299 1999 3312 2049 ;
3339 1980 3438 2052 qui
3456 1984 3773 2051 postquam

2121 2088 2249 2130 sese
2282 2074 2421 2144 fuga
2451 2071 2860 2145 proripuisset,
2894 2088 3011 2143 quo
3040 2070 3153 2127 loci
3203 2070 3407 2125 statim
3456 2086 3520 2124 se
3549 2084 3777 2140 recepe-

2123 2160 2199 2217 rit
2226 2161 2535 2216 incertum.
2568 2161 2807 2216 Constat
2837 2159 2913 2232 (b)
2944 2158 3113 2214 illum
3170 2162 3399 2230 proptet
3430 2156 3633 2213 urbem
3669 2155 3777 2213 ali-

2123 2255 2266 2323 quot
2285 2250 2515 2305 dierum
2542 2250 2730 2321 spatio
2756 2265 2890 2304 cum
2916 2248 3275 2320 quibusdam
3312 2246 3593 2301 fratribus
3614 2261 3778 2301 com-

2125 2343 2440 2407 moratum,
2460 2344 2526 2394 ut
2542 2356 2633 2394 res
2651 2355 2937 2411 quorsum
2960 2337 3269 2393 evaderent
3283 2334 3528 2392 occultis
3550 2332 3775 2389 nuntiis

2125 2428 2432 2502 acciperet.
2459 2428 2609 2483 Tum
2643 2428 2851 2483 litteris
2884 2427 2955 2483 ad
2983 2442 3189 2482 omnes
3242 2425 3460 2497 ubique
3488 2428 3778 2480 terrarum

2128 2517 2457 2589 episcopos,
2491 2516 2689 2573 missis
2722 2515 3060 2581 tabellariis,
3121 2513 3414 2587 significat
3456 2530 3546 2569 res
3577 2530 3611 2569 a
3639 2512 3781 2569 Gre-

2126 2606 2289 2677 gorio
2320 2610 2376 2661 et
2404 2605 2578 2661 sociis
2609 2610 2829 2678 gestas,
2861 2621 2976 2677 quo
3008 2605 3188 2660 ferme
3247 2602 3450 2659 ordine
3507 2618 3613 2658 nos
3647 2606 3782 2657 ante

2130 2695 2520 2751 narravimus.
2551 2695 2938 2751 Communem
2970 2693 3062 2766 agi
3103 2709 3227 2748 rem
3276 2692 3377 2760 ait,
3433 2695 3491 2748 et
3521 2695 3687 2764 rogat
3718 2695 3784 2746 ut

2131 2784 2384 2857 quisque
2414 2782 2584 2857 quasi
2623 2782 2799 2839 Iasus
2857 2783 2981 2855 ipse
3037 2797 3206 2854 opem
3238 2780 3422 2849 ferat;
3455 2777 3783 2853 periculum

2132 2874 2298 2939 alias,
2333 2890 2403 2928 ne
2433 2890 2527 2929 res
2556 2870 2963 2928 ecclesiastica
2996 2870 3349 2926 Arianorum
3380 2868 3531 2925 dolis
3557 2872 3615 2925 et
3635 2868 3785 2924 insi-

2133 2963 2247 3019 diis
2279 2962 2725 3034 labefactentur,
2758 2961 2807 3018 si
2840 2960 3061 3016 litteras
3112 2958 3446 3032 Gregorius,
3502 2958 3551 3015 si
3604 2958 3784 3014 Euse-

2133 3052 2268 3108 hius
2299 3056 2354 3107 et
2384 3051 2524 3108 socii
2556 3050 2813 3122 mittant,
2846 3067 2917 3107 ne
2944 3048 3234 3121 accipiant
3266 3047 3420 3116 illas,
3449 3046 3785 3105 tabellarios

2137 3158 2271 3198 cum
2294 3141 2533 3214 repulsa
2561 3140 2821 3212 ejiciant.
2848 3139 3348 3195 Ariomanitarum
3375 3136 3564 3210 gratia
3588 3136 3790 3193 isthac

2139 3229 2367 3287 admitti
2401 3229 2626 3302 ﬂagitia
2671 3228 2911 3297 indicat,
2969 3226 3263 3301 virginum
3320 3231 3547 3299 stupra,
3582 3226 3787 3298 cades,

373 3317 604 3374 rendis:
638 3316 912 3388 diemque
942 3315 1040 3371 ille
1085 3315 1507 3371 resurrectione
1564 3315 1819 3387 Domini,
1849 3321 1908 3373 et
1935 3334 2023 3373 re-
2056 3298 2099 3365 Ο
2137 3298 2517 3376 ecclesiarum
2544 3318 2895 3389 vastitatem,
2918 3298 3208 3384 incendia,
3243 3298 3574 3370 maledicta.
3600 3314 3790 3371 Dicta-

373 3404 705 3478 demptione
734 3404 962 3476 generis
992 3404 1237 3460 humani
1270 3404 1719 3472 faustissimam,
1746 3406 2026 3477 conjectis

371 3494 430 3551 in
454 3511 745 3551 carcerem
769 3492 1072 3549 catholicis
1093 3493 1253 3563 viris,
1278 3493 1336 3548 in
1360 3493 1587 3549 luctum
1609 3494 1799 3551 vertit.
1834 3494 2026 3551 Eccle-

371 3583 489 3641 sias
519 3584 701 3657 igitur
733 3586 851 3639 dux
882 3583 936 3638 vi
967 3586 1143 3656 atque
1172 3582 1395 3655 impetu
1427 3583 1754 3656 occupavit,
1783 3600 2029 3656 occupa-

372 3677 463 3731 tas
491 3673 725 3731 Arianis
755 3673 1035 3742 tradidit;
1071 3676 1136 3727 ut
1166 3672 1267 3745 qui
1290 3673 1418 3745 jam
1452 3673 1592 3728 olim
1627 3672 1883 3729 fuissent
1911 3672 2028 3729 im-

371 3762 605 3836 pietatis
626 3779 805 3819 causa
826 3761 1004 3835 pulsi,
1029 3766 1169 3818 tunc
1190 3761 1569 3818 ecclesiarum
1590 3761 1891 3818 invasione
1907 3761 2029 3835 glo-

370 3853 705 3923 riarentur;
739 3868 806 3908 ac
837 3851 885 3907 si
918 3851 1019 3924 qui
1049 3850 1138 3907 vel
1166 3849 1323 3921 laici,
1354 3850 1444 3908 vel
1470 3851 1665 3907 clerici
1697 3869 1731 3908 a
1762 3868 2028 3908 commu-

372 3940 546 3999 nione
602 3940 1009 3996 haereticorum
1067 3940 1469 4012 abhorrerent,
1520 3940 1561 3995 ii
1590 3940 1835 3997 introitu
1868 3957 2027 3998 arce-

371 4030 590 4086 bantur
644 4028 1048 4085 ecclesiarum.
1112 4030 1174 4085 Iu
1208 4028 1514 4085 naucleros
1545 4046 1734 4102 usque
1760 4036 2028 4087 cateros-

372 4134 486 4190 que
516 4118 678 4174 furor
708 4118 1069 4173 convertitur
1091 4164 1106 4191 ,
1132 4135 1269 4174 nam
1292 4118 1549 4191 prafecti
1566 4119 1767 4192 jussu,
1800 4119 2030 4176 crucia-

371 4206 552 4274 tibus,
584 4207 949 4278 verberibus,
1002 4206 1273 4277 vinculis,
1332 4224 1680 4281 carcereque
1737 4208 2029 4283 compulsi

372 4302 512 4352 sunt
540 4295 767 4352 litteras
795 4295 1146 4353 Arianorum
1207 4298 1553 4354 deferendas
1599 4298 1880 4370 accipere.
1914 4297 2028 4355 Nec

372 4385 616 4442 inferior
647 4385 912 4458 patronis
942 4402 1009 4441 ac
1050 4386 1380 4442 vindicibus
1440 4386 1562 4442 suis
1619 4391 1742 4443 arte
1768 4388 2030 4460 fingendi

369 4473 684 4546 Gregorius
705 4478 847 4531 erat.
873 4473 946 4530 Ut
969 4473 1127 4530 enim
1149 4473 1347 4546 elapso
1378 4475 1655 4531 manibus
1687 4476 1814 4532 suis
1847 4476 2027 4533 Atha-

372 4563 537 4619 nasio
568 4563 885 4636 perniciem
938 4563 1200 4632 inferret,
1250 4568 1380 4620 acta
1414 4568 1473 4620 et
1494 4570 1879 4621 monumenta
1899 4582 2032 4621 con-

2136 3413 2195 3464 ta
2222 3406 2566 3480 hujusmodi
2598 3404 2865 3479 epistola,
2899 3421 3034 3461 cum
3063 3404 3308 3461 Romam
3328 3407 3601 3459 evocatus
3623 3421 3656 3459 a
3685 3403 3790 3461 Ju-

2134 3497 2213 3553 lio
2232 3497 2455 3567 fuisset,
2479 3495 2671 3551 navim
2693 3511 2826 3551 cum
2848 3494 3205 3566 quibusdam
3225 3493 3503 3549 fratribus
3520 3509 3793 3549 conscen-

2136 3586 2243 3655 dit,
2273 3590 2331 3642 et
2360 3586 2606 3641 Romam
2657 3601 2862 3641 versus
2911 3583 3090 3640 habet
3129 3583 3258 3640 iter.
3291 3584 3368 3639 Eo
3402 3599 3555 3639 anno
3587 3583 3795 3639 incidit

2143 3675 2447 3732 Paschatis
2470 3672 2815 3730 solemnitas
2832 3673 2891 3729 in
2910 3674 3067 3729 diem
3085 3672 3377 3729 decimam
3399 3688 3613 3728 nonam
3630 3672 3795 3746 Apri-

2140 3763 2217 3820 lis
2244 3782 2258 3833 ;
2291 3764 2767 3835 arbitramurque
2797 3762 3123 3836 profectum
3154 3761 3541 3819 Athanasium
3577 3767 3796 3836 postre-

2139 3853 2254 3911 mis
2283 3853 2463 3925 hujus
2498 3853 2727 3909 mensis
2784 3852 3015 3923 diebus,
3070 3868 3273 3908 mense
3330 3852 3477 3908 Maio
3510 3852 3583 3909 ad
3616 3851 3794 3909 Italia

2138 3960 2270 4000 oras
2297 3941 2618 4015 appulisse.

2210 4033 2297 4087 10.
2333 4031 2584 4088 Oratores
2611 4029 2798 4087 Julius
2843 4031 2991 4087 mitit
3055 4031 3127 4087 ad
3207 4030 3558 4088 Eusebianos.
3607 4032 3793 4088 Mona-

2135 4123 2363 4178 chorum
2417 4123 2480 4177 in
2536 4120 2819 4178 Occidente
2860 4120 3038 4190 origo.
3071 4152 3141 4161 —
3180 4120 3490 4193 Ingressus
3548 4119 3794 4176 Romam

2137 4211 2518 4283 Athanasius,
2551 4228 2585 4267 a
2612 4209 2770 4266 Julio
2800 4214 2960 4283 Papa
2999 4209 3445 4282 perhumaniter
3472 4213 3529 4266 et
3558 4208 3796 4266 honori-

2138 4300 2244 4357 ﬁce
2266 4299 2573 4372 excipitur.
2598 4300 2818 4355 Etcum
2852 4316 2967 4355 non
3007 4316 3127 4354 una
3173 4299 3398 4355 itineris
3422 4315 3601 4355 causa
3619 4302 3796 4371 esset,

2140 4390 2493 4445 Arianorum
2518 4389 2808 4458 ferocitas,
2836 4390 2893 4444 et
2915 4386 3090 4443 illata
3113 4387 3172 4443 in
3207 4387 3456 4460 patriam
3498 4386 3796 4444 calamita-

2139 4483 2228 4535 tes
2254 4495 2267 4546 ;
2301 4477 2402 4534 sed
2420 4477 2594 4533 etiam
2620 4495 2756 4549 quo,
2786 4480 2851 4532 ut
2871 4480 3159 4532 statutum
3186 4476 3393 4547 fuerat,
3420 4477 3642 4549 synodo
3664 4477 3797 4533 istic

2140 4567 2496 4625 celebranda
2528 4566 2872 4622 interesset:
2920 4563 3049 4621 ideo
3105 4564 3304 4621 Julius
3352 4566 3795 4638 quamprimum

372 4652 550 4709 scribi
572 4656 757 4722 curat,
785 4656 872 4709 tot
893 4652 1244 4709 criminibus
1265 4657 1322 4709 et
1353 4652 1829 4710 accusationibus
1850 4654 2029 4710 refer-
2060 4673 2106 4738 D
2136 4656 2507 4731 presbyteros
2538 4655 2686 4711 duos
2718 4653 3013 4727 Elpidium
3054 4657 3111 4711 et
3158 4653 3545 4710 Philoxenum
3576 4655 3648 4711 ad
3682 4656 3796 4711 Eu-

371 4745 451 4813 ta,
477 4745 541 4798 ut
563 4742 798 4798 nonnisi
830 4742 1098 4815 capitalis
1123 4742 1398 4816 supplicii
1446 4760 1618 4815 pana
1641 4742 1724 4799 lui
1752 4748 2030 4817 possent:

374 4848 518 4888 usus
549 4832 658 4888 hac
689 4831 747 4887 in
779 4848 840 4887 re
872 4831 1199 4898 ministerio
1231 4832 1539 4904 cujusdam
1572 4831 1790 4888 ethnici
1827 4833 2032 4890 scriba

374 4921 688 4977 numinum
721 4920 987 4990 cultoris,
1021 4921 1460 4994 transfugaque
1489 4938 1524 4976 a
1553 4920 1833 4994 religione
1866 4921 2032 4980 Chri-

374 5010 584 5066 stiana.
621 5008 730 5076 Qui
761 5013 958 5066 autem
991 5026 1205 5066 nomen
1236 5013 1293 5067 et
1314 5010 1662 5083 suffragium
1686 5011 2030 5085 ascripsere,

372 5098 589 5155 ethnici
618 5102 806 5171 erant,
829 5098 1121 5155 idolorum
1148 5099 1368 5171 aeditui,
1396 5116 1462 5156 ac
1482 5116 1613 5156 cum
1634 5100 1780 5172 ipsis
1804 5101 2027 5158 Ariani.

372 5191 456 5244 Ne
485 5188 735 5245 immani
766 5187 1007 5261 quidem
1063 5187 1167 5243 illa
1215 5193 1601 5261 tyrannorum
1660 5193 2028 5262 tempestate,

372 5281 539 5333 tanta
566 5276 914 5334 crudelitate
944 5277 1003 5333 in
1035 5275 1399 5334 Christianos
1432 5278 1698 5335 savitum
1731 5282 1841 5335 est.
1866 5279 2031 5336 Tunc

373 5365 554 5434 enim,
589 5367 673 5424 ait
699 5365 1083 5435 Athanasius,
1116 5366 1327 5424 saltem
1359 5368 1460 5440 qui
1520 5383 1583 5424 se
1638 5367 2027 5441 proripuerat,

443 5509 466 5545 δ
489 5509 695 5568 Matth.
727 5526 787 5580 x,
814 5508 908 5567 23.

444 5688 523 5834 Ea)
553 5688 767 5745 Athan.
799 5688 861 5744 in
898 5691 1014 5747 Vita
1042 5690 1291 5756 Antonii,
1325 5707 1383 5761 η,
1414 5688 1506 5744 82.

470 5760 523 5831 ἃ)
552 5760 763 5818 Athan.
795 5762 971 5834 Epist.
1001 5762 1295 5834 encyclica.
1343 5779 1402 5817 n.
1432 5761 1487 5817 2.

470 5760 523 5831 ἃ)
552 5760 763 5818 Athan.
795 5762 971 5835 Epist.
1001 5762 1295 5835 encyclica.
1343 5779 1402 5817 n.
1432 5761 1487 5817 2.

2146 4745 2418 4803 sebianos
2436 4760 2569 4800 cum
2593 4742 2803 4800 litteris
2827 4742 3008 4812 misit,
3053 4743 3397 4816 significans
3421 4749 3484 4799 ut
3517 4746 3649 4799 ante
3678 4748 3797 4799 sta-

2144 4838 2263 4891 tam
2296 4838 2517 4889 certam
2549 4833 2705 4888 diem
2746 4832 2993 4889 Romam
3043 4849 3106 4889 se
3157 4832 3488 4889 conferrent
3518 4832 3625 4906 (c);
3658 4832 3799 4889 alio-

2143 4923 2285 4996 quin
2319 4921 2469 4979 male
2500 4920 2849 4996 auspicandi
2882 4939 3090 4978 ansam
3125 4925 3386 4979 daturos.
3446 4923 3630 4990 Quam
3662 4937 3797 4978 vero

2142 5012 2297 5069 diem
2323 5010 2518 5067 Julius
2550 5010 2799 5082 dicebat,
2832 5015 2898 5067 ut
2924 5010 3171 5068 Romam
3203 5010 3526 5067 Orientales
3566 5011 3798 5067 accede-

2142 5106 2291 5170 rent,
2321 5106 2600 5175 putamus
2658 5118 2863 5157 versus
2922 5101 3099 5157 finem
3153 5101 3291 5158 anni
3345 5102 3445 5156 341
3492 5099 3792 5156 incidisse.

2140 5191 2335 5265 Legati
2365 5208 2499 5249 vero
2545 5189 2689 5246 Julii
2747 5189 2834 5246 vel
2892 5191 3040 5247 Maio
3099 5194 3377 5258 vertente,
3437 5189 3527 5246 vel
3554 5190 3795 5246 ineunte

2138 5280 2312 5338 Iunio
2344 5280 2583 5354 profecti
2615 5284 2772 5351 sunt,
2808 5284 2872 5335 ut
2901 5296 2969 5336 ex
3001 5280 3204 5336 ordine
3260 5284 3563 5353 gestarum
3596 5295 3792 5335 rerum

2140 5368 2276 5426 licet
2302 5368 2553 5442 opinari.
2586 5368 2797 5425 Prater
2850 5368 3099 5439 Julium,
3154 5369 3255 5442 qui
3287 5367 3439 5426 comi
3468 5384 3702 5442 semper
3731 5372 3791 5426 et

2211 5691 2282 5764 (ο)
2312 5689 2524 5745 Athan.
2558 5687 2711 5764 Apol.
2746 5688 3211 5764 contru_Arian..
3265 5705 3323 5746 n.
3382 5686 3473 5744 20.
3533 5690 3593 5744 et
3646 5688 3786 5747 Hist.

2137 5759 2333 5820 Arida.
2365 5764 2443 5819 ad
2469 5759 2786 5826 monachos,
2821 5775 2880 5814 n.
2915 5760 3003 5816 11.
