4166 6408
422 358 619 408 XCVIII

1817 341 2433 405 PROLEGOMENA.

421 479 676 553 gratioso
706 493 846 549 erga
876 475 1262 534 Athanasium
1297 477 1491 532 animo
1551 476 1680 544 fuit,
1723 477 2068 548 Eutropium
2100 477 2153 542 Α
2185 480 2316 530 sent
2345 474 2570 531 adlecti.
2603 475 2743 530 Eam
2776 474 2958 547 igitur
2988 473 3074 531 illi
3098 473 3412 532 formulam
3448 475 3506 531 in
3531 473 3842 549 prementia

419 566 745 623 Constantii
803 570 1116 623 matertera
1167 568 1312 623 bene
1368 570 1594 621 morata
1652 569 1922 621 matrona
1960 564 2070 635 (α),

418 655 736 712 Abuterius
757 655 898 711 item
922 660 978 710 et
1001 655 1349 726 Eperantius
1373 653 1632 710 exsulem
1661 655 1939 710 omnibus
1970 653 2072 708 hu-

420 744 725 800 manitatis
756 761 821 800 ac
859 744 1266 799 benevolentiae
1317 743 1525 799 officiis
1585 744 1877 816 prosecuti
1911 748 2068 799 sunt.

417 834 597 889 Erant
624 850 794 905 porro
824 850 956 888 cum
991 832 1310 888 Athanasio
1344 833 1445 888 viae
1494 837 1550 888 et
1606 832 1796 888 exsilii
1829 833 2072 888 comites

418 921 691 978 monachi
723 923 836 977 duo
867 921 1140 994 Egyptii,
1199 938 1448 992 quorum
1509 920 1775 993 exemplo
1811 923 1907 993 (b),
1941 922 2070 975 vitae

416 1011 825 1077 sanctimonia,
861 1027 1128 1067 secessus
1179 1011 1396 1078 studio,
1462 1011 1726 1066 Romana
1770 1016 1898 1065 tum
1953 1009 2072 1081 pri-

415 1115 580 1154 mum
640 1098 896 1154 Ecclesia
978 1099 1038 1154 in
1119 1100 1429 1156 monastici
1507 1100 1764 1156 instituti
1811 1115 2070 1155 amorem

414 1204 665 1245 accensa
694 1187 822 1244 fuit.
857 1189 1070 1244 Eorum
1119 1189 1381 1260 nomina,
1417 1189 1759 1244 Ammonius
1799 1193 1855 1242 et
1888 1188 2069 1244 Isido-

414 1293 546 1332 rus:
578 1276 738 1348 prior
765 1281 933 1332 tanta
985 1277 1418 1333 mundanarum
1483 1294 1680 1332 rerum
1732 1276 1977 1343 incuria,
2005 1281 2072 1331 ut

412 1365 677 1421 Romana
705 1365 803 1420 illa
833 1365 1099 1433 aediﬁcia,
1133 1383 1264 1439 quae
1294 1365 1477 1422 nullis
1534 1383 1652 1423 non
1694 1365 2070 1421 admirationi

409 1459 595 1522 erant,
625 1472 691 1511 ac
715 1472 966 1528 quorum
990 1455 1179 1528 gratia
1199 1456 1384 1511 Roma
1407 1455 1680 1510 visitatur
1714 1455 2068 1526 frequentis-

409 1544 559 1600 sime
589 1545 662 1600 ab
701 1545 1013 1610 extraneis,
1051 1561 1123 1600 ne
1156 1545 1479 1616 inspectare
1526 1544 1760 1615 quidem
1795 1545 2071 1616 dignare-

408 1638 542 1701 tur;
577 1633 849 1706 solasque
907 1634 1060 1690 Petri
1123 1640 1180 1690 et
1235 1633 1400 1690 Pauli
1444 1632 1718 1690 basilicas
1751 1633 1978 1688 adierit.
2011 1633 2066 1689 Is

410 1722 535 1795 ipse
565 1724 909 1778 Ammonius
941 1728 1048 1794 est,
1082 1723 1179 1795 qui
1212 1724 1321 1779 sub
1344 1722 1488 1788 haec,
1513 1739 1644 1778 cum
1669 1723 1740 1778 ad
1765 1722 2065 1794 cpisc0pa-

409 1816 537 1868 tum
569 1816 895 1884 raperetur,
930 1812 1067 1884 fuga
1097 1811 1356 1884 elapsus,
1389 1811 1636 1867 alteram
1669 1812 1781 1867 sibi
1814 1811 2068 1867 abscidit
2098 1848 2144 1912 Β

408 1918 632 1971 aurem,
667 1906 732 1956 ut
763 1900 1132 1957 mutilatione
1163 1902 1424 1974 corporis
1457 1900 1818 1957 sacerdotale
1851 1917 2067 1957 munus

408 1989 746 2046 declinaret.
783 1990 1045 2046 Isidorus
1078 1995 1274 2046 autem
1335 2007 1451 2045 non
1513 1989 1741 2044 minore
1766 1989 1981 2061 pietate
2011 1993 2069 2044 et

408 2079 702 2135 ﬂuxarum
737 2096 934 2135 rerum
967 2079 1332 2135 abdicafione
1369 2079 1644 2134 micabat.
1708 2079 2067 2151 Factumque

407 2174 473 2225 ut
529 2186 730 2225 eorum
793 2168 1165 2225 aemulatione
1222 2168 1573 2224 inflammati
1633 2167 1900 2237 Romani,
1935 2171 2063 2222 tum

405 2258 665 2332 primum
725 2259 1108 2314 monasticam
1159 2257 1417 2313 colerent
1473 2256 1869 2329 disciplinam.
1917 2257 2063 2313 Hinc

407 2346 759 2404 monasteria
789 2346 976 2402 multa
1007 2364 1112 2419 per
1161 2346 1387 2402 Italiam
1435 2346 1702 2414 excitata,
1736 2351 1792 2401 et
1821 2345 2064 2401 institu-

405 2441 531 2492 tum
573 2435 915 2507 hujusmodi
946 2437 1152 2491 exinde
1175 2451 1276 2508 per
1314 2434 1684 2491 Occidentem
1717 2434 1974 2489 manavit
2003 2434 2063 2489 in

405 2525 531 2581 dies
571 2524 768 2580 latius.
799 2525 1040 2580 Addidit
1087 2524 1358 2580 stimulos
1381 2523 1760 2589 Athanasius,
1787 2539 1920 2578 cum
1945 2523 2063 2579 exi-

406 2615 507 2670 mii
543 2614 831 2682 monachi,
858 2614 1400 2685 monachorumque
1422 2613 1606 2685 patris
1633 2611 1873 2668 Antonii
1911 2630 2061 2684 prae-

405 2703 561 2760 clara
590 2707 755 2777 gesta
785 2703 1080 2758 recensuit
1109 2719 1119 2758 :
1156 2703 1326 2774 cujus
1358 2702 1753 2768 abstinentiae,
1793 2700 2061 2755 solitudi-

407 2792 518 2860 nis,
555 2793 942 2849 certaminum
971 2791 1255 2847 memoria
1278 2790 1484 2846 multis
1515 2789 1827 2845 abdicandi
1860 2790 2059 2845 saeculi

404 2899 582 2938 causa
603 2882 730 2937 fuit.
757 2883 909 2938 Sunt
931 2881 1031 2954 qui
1055 2885 1262 2953 putent
1282 2879 1668 2934 Athanasium
1721 2879 1914 2934 Romae
1938 2896 2061 2934 ver-

404 2975 652 3039 santem,
677 2969 930 3026 edidisse
949 2967 1279 3042 symbolum
1306 2969 1458 3040 quod
1482 2967 1652 3040 vulgo
1676 2969 1804 3039 ejus
1828 2968 2061 3023 nomine

403 3060 837 3116 circumfertur.
870 3058 1089 3115 Verum
1147 3075 1253 3113 nec
1310 3057 1381 3111 ab
1430 3056 1772 3125 Athanasio,
1801 3073 1905 3110 nec
1935 3057 2061 3126 ejus

403 3166 521 3204 aevo
553 3148 953 3220 conscriptum
997 3148 1198 3215 fuisse,
1233 3146 1410 3220 probe
1455 3146 1600 3202 alias
1634 3150 2060 3202 commonstra-

402 3243 517 3294 tur.

474 3329 559 3383 11.
595 3326 845 3383 Oratores
874 3326 946 3382 ad
979 3327 1192 3383 Iulium
1247 3328 1419 3381 mittit
1479 3326 1786 3395 Gregorius.
1820 3357 1885 3366 —
1918 3324 2055 3380 Gre-

399 3417 600 3490 gorius
631 3422 827 3472 autem
862 3417 999 3472 sede
1044 3415 1265 3488 potitus
1294 3414 1706 3480 Alexandrina,
1740 3415 2055 3469 retinenda

403 3505 708 3579 dignitatis
765 3505 1140 3578 percupidus,
1204 3504 1642 3577 optatissimum
1703 3503 1813 3558 sibi
1842 3508 2055 3575 putans

405 3611 554 3664 esse,
587 3595 635 3650 si
665 3594 803 3651 Julii
838 3611 1002 3666 papae
1031 3593 1310 3665 suli’ragio
1342 3598 1398 3648 et
1441 3610 1730 3648 consensu
1766 3598 1964 3664 posset
1996 3592 2054 3648 in

403 3687 687 3756 occupata
718 3684 854 3738 sede
886 3683 1230 3748 consistere,
1264 3687 1522 3738 oratores
1572 3683 1752 3736 mittit
1785 3681 2054 3749 Romam,

400 3777 723 3845 Carponem
749 3773 1062 3844 quemdam
1089 3771 1514 3844 presbyterum,
1539 3769 1854 3825 Arianismi
1878 3787 2058 3825 causa

401 3862 473 3917 ab
500 3861 826 3917 Alexandro
858 3861 1124 3917 antistite
1173 3861 1310 3915 olim
1371 3860 1720 3916 damnatum
1779 3864 1835 3914 et
1865 3859 2056 3914 ofﬁcio

403 3950 801 4018 deturbatum,
835 3967 967 4005 cum
992 3949 1346 4022 quibusdam
1380 3949 1511 4004 aliis
1538 3949 1663 4020 pari
1695 3949 1866 4003 modo
1899 3948 2058 4002 abdi-

401 4039 568 4096 catis.
602 4039 994 4104 Quamobrem
1027 4043 1083 4094 et
1116 4039 1186 4094 ob
1220 4037 1332 4094 alia
1365 4039 1423 4093 in
1454 4039 1583 4110 ejus
1641 4036 2054 4093 Alexandriam

402 4129 672 4201 ingressu
703 4128 964 4184 admissa
993 4127 1274 4196 facinora,
1309 4128 1368 4182 in
1399 4126 1539 4183 Julii
1563 4127 1940 4182 offensionem
1972 4126 2057 4181 in-

404 4217 586 4274 currit
615 4217 934 4290 Gregorius
963 4221 1060 4286 (ε).

475 4307 561 4363 12.
622 4308 920 4364 Eusebianz'
975 4307 1106 4378 ﬁdei
1155 4307 1457 4378 formulam
1511 4307 1740 4360 mittunt
1794 4305 1867 4361 ad
1910 4307 2054 4360 Con-

400 4405 661 4452 stantem.
697 4428 764 4438 -—-
790 4397 1135 4469 Interposito
1167 4401 1298 4468 post
1319 4396 1608 4468 synodum
1632 4394 2052 4451 Antiochenam

402 4501 723 4558 paucorum
757 4487 1049 4540 mensium
1083 4486 1293 4558 spatio,
1355 4484 1667 4541 Eusebiani
1717 4483 1889 4540 aliam
1923 4500 2054 4557 per-

2181 564 2482 620 clientium
2541 571 2596 621 et
2653 564 2977 620 aulicorum
3039 565 3290 620 offerunt
3313 565 3639 621 Constanti.
3673 565 3839 631 Quod

2182 660 2376 708 autem
2401 654 2481 708 ait
2502 655 2767 708 Socrates
2792 655 2881 724 (θ),
2917 655 3196 710 abnuisse
3217 658 3478 710 oratores
3504 671 3639 710 cum
3661 653 3839 709 Atha-

2183 744 2346 798 nasio
2379 743 2670 815 colloquia
2710 745 2973 811 miscere,
3038 761 3150 799 non
3210 744 3288 799 ita
3322 743 3636 816 intelligas,
3671 744 3841 816 quasi

2183 837 2310 887 tum
2334 832 2690 888 Athanasius
2716 832 2771 886 in
2795 832 3131 889 Constantis
3154 832 3288 888 aula
3309 839 3641 888 versaretur
3667 851 3679 899 ;
3712 849 3840 887 cer-

2185 926 2307 976 tum
2348 922 2562 994 quippe
2594 927 2683 976 est
2713 926 2835 976 tum
2889 921 3083 976 Romae
3146 922 3367 989 fuisse;
3428 923 3527 977 sed
3561 922 3718 994 quod
3749 921 3838 978 vel

2185 1011 2429 1065 Romam
2462 1028 2595 1065 cum
2630 1027 2695 1066 eo
2726 1011 3095 1082 congressuri
3127 1028 3190 1066 se
3221 1013 3482 1066 conferre
3515 1011 3832 1082 noluerint,

2179 1098 2268 1153 vel
2300 1100 2454 1170 quod
2491 1099 2673 1154 Roma
2704 1116 2836 1154 cum
2874 1099 3317 1170 pertransirent,
3361 1100 3667 1156 Athanasii
3698 1117 3836 1156 con-

2181 1203 2451 1259 gressum
2479 1187 2846 1244 declinarint.
2873 1189 3025 1244 Fidei
3051 1195 3242 1244 autem
3269 1189 3583 1244 formulam
3610 1194 3833 1262 postre-

2182 1293 2340 1331 moa
2399 1294 2460 1332 se
2515 1278 2928 1349 conscriptam,
2991 1277 3204 1332 abditis
3262 1284 3318 1333 et
3370 1277 3601 1334 silentio
3634 1277 3836 1335 missis

2179 1364 2493 1434 prioribus,
2527 1367 2826 1422 Constanti
2860 1367 3128 1422 offerunt.
3171 1367 3294 1422 Non
3339 1366 3539 1438 ignota
3569 1373 3834 1439 Augusto

2178 1459 2302 1507 erat
2325 1455 2525 1510 innata
2546 1454 2852 1510 hominum
2876 1455 3136 1512 vafrities
3162 1472 3446 1528 mensque
3467 1455 3618 1512 dolis
3640 1460 3831 1528 plena.

2178 1543 2538 1616 Quapropter
2589 1560 2649 1599 re
2705 1543 2917 1599 infecta
2948 1549 3228 1610 oratores,
3276 1546 3346 1600 ad
3379 1561 3518 1601 suos
3550 1544 3833 1617 remigra-

2179 1637 2335 1685 runt.

2251 1722 2336 1775 13.
2397 1721 2512 1774 Αἰίί
2559 1723 2799 1794 ερίεεορί
2853 1724 2920 1778 ab
2980 1724 3304 1780 Eusebiani:
3358 1724 3529 1795 pulsi.
3565 1755 3630 1764 —
3665 1721 3832 1778 Nacti

2175 1814 2572 1880 opportunum
2591 1811 2851 1866 consiliis
2871 1812 2996 1867 suis
3014 1817 3070 1868 et
3085 1811 3487 1869 voluntatibus
3507 1811 3830 1884 principem

2177 1899 2510 1970 Eusebiani,
2552 1905 2684 1971 post
2745 1901 2980 1971 pulsum
3011 1901 3421 1970 Athanasium,
3454 1907 3678 1958 tantam
3710 1903 3829 1958 vim

2175 1987 2593 2060 hominis,jam
2622 1989 2765 2044 nihil
2790 1990 3088 2060 inausum,
3121 1989 3267 2045 nihil
3303 1991 3666 2047 inaccessum
3691 2008 3830 2047 con-

2175 2077 2492 2133 sceleratis.
2523 2083 2768 2134 Caeteros
2803 2079 2982 2151 igitur
3027 2079 3213 2135 adorti
3249 2079 3493 2136 infestos
3524 2080 3633 2136 sibi
3668 2081 3828 2136 anti-

2173 2166 2360 2232 stites,
2394 2166 2572 2221 alium
2608 2172 2739 2239 post
2774 2166 2953 2222 alium
3015 2169 3332 2223 deturbant
3392 2169 3548 2236 sede,
3601 2169 3832 2242 pellunt

2173 2256 2378 2328 patriis
2403 2256 2640 2311 finibus.
2668 2257 2893 2320 Quibus
2916 2257 3130 2312 exactis
3154 2257 3242 2329 (Γ),
3269 2275 3452 2313 unum
3498 2258 3607 2312 fuit
3638 2261 3830 2331 perfu-

2171 2345 2333 2417 gium
2355 2343 2550 2400 Julius
2575 2346 2896 2416 Romanus,
2931 2363 3104 2418 quem
3131 2364 3198 2401 ex
3238 2347 3443 2402 multis
3469 2347 3627 2404 orbis
3649 2354 3704 2403 et
3736 2366 3826 2404 re-

2172 2434 2517 2490 motissimis
2554 2434 2889 2507 regionibus
2930 2435 3168 2507 plurimi
3203 2453 3317 2492 uno
3352 2436 3533 2492 ferme
3565 2441 3828 2510 tempore

2171 2522 2424 2594 episcopi
2451 2523 2740 2578 adierunt.
2766 2525 2841 2579 Ex
2866 2542 3066 2579 eorum
3097 2542 3341 2581 numero
3374 2525 3684 2581 Marcellus
3706 2529 3826 2582 An-

2171 2616 2597 2684 cyranus,jam
2655 2612 2792 2668 olim
2854 2615 2925 2669 ab
2985 2613 3104 2669 illis
3153 2614 3461 2671 abdicatus
3492 2620 3548 2671 et
3579 2615 3825 2688 pulsus;

2172 2718 2345 2772 quem
2378 2702 2569 2756 denuo
2602 2701 2955 2770 impotentes
2979 2703 3171 2758 furore
3207 2703 3452 2775 agressi,
3498 2703 3678 2760 nullis
3710 2722 3826 2760 non

2173 2789 2347 2844 malis
2389 2791 2706 2846 aii‘ecerunt
2732 2809 2745 2858 ;
2776 2796 2840 2845 ut
2865 2796 3104 2863 possent
3149 2791 3422 2848 Marcello
3470 2791 3640 2848 illata:
3671 2792 3826 2849 cala-

2173 2880 2408 2936 mitates
2439 2880 2532 2947 iis,
2567 2897 2692 2951 qua:
2725 2880 3033 2936 invadente
3091 2881 3369 2954 Gregorio
3411 2881 3824 2939 Alexandriam

2172 2973 2334 3041 gesta
2357 2974 2513 3040 sunt,
2544 2969 2720 3040 probe
2743 2969 3008 3024 conferri.
3043 2972 3092 3025 ls
3110 2987 3246 3042 ergo
3283 2970 3507 3026 Julium
3532 2972 3822 3041 convenit,

2173 3058 2344 3113 tidem
2370 3075 2561 3124 suam,
2585 3059 2755 3129 cujus
2778 3075 2954 3114 causa
2979 3059 3331 3131 agitabatur,
3357 3059 3644 3116 sinceram
3664 3077 3822 3116 com-

2173 3151 2493 3214 monstrat;
2530 3153 2692 3220 rogat
2721 3148 2942 3203 evocari
2976 3154 3033 3204 et
3081 3165 3276 3204 coram
3339 3150 3518 3204 statui
3551 3151 3824 3205 adversa-

2089 3221 2131 3287 C
2172 3237 2308 3291 rios.
2335 3237 2573 3292 Accedit
2599 3237 2733 3292 item
2758 3236 3033 3309 Asclepas
3056 3237 3356 3305 Gazensis,
3383 3255 3555 3310 quem
3585 3240 3826 3310 paribus

2167 3324 2434 3381 artificiis
2460 3330 2517 3382 et
2534 3325 2848 3380 calumniis
2869 3327 3271 3392 deturbatum,
3317 3327 3443 3383 sedi
3475 3328 3822 3384 seditiosum

2167 3421 2223 3470 et
2243 3420 2542 3470 auctorem
2568 3415 2874 3470 turbarum
2899 3416 3297 3488 profligarant.
3326 3417 3427 3472 Hic
3455 3422 3644 3473 Romae
3672 3435 3827 3474 anno

2169 3522 2284 3560 uno
2330 3521 2394 3560 ac
2418 3509 2535 3560 tres
2561 3522 2791 3560 menses
2845 3514 3125 3571 moratus,
3150 3505 3480 3562 Sardicensi
3505 3512 3706 3578 postea
3727 3524 3826 3580 sy-

2166 3594 2318 3648 nodo
2341 3593 2626 3650 interfuit.
2653 3593 2866 3666 Magna
2886 3593 3086 3664 utique
3111 3594 3220 3649 fuit
3259 3595 3561 3667 palsorum
3584 3596 3684 3668 qui
3711 3597 3824 3652 Ro-

2169 3699 2324 3737 mam
2355 3700 2416 3738 se
2446 3682 2787 3754 proripuere
2819 3687 3035 3749 turma,
3072 3683 3284 3739 Lucius
3313 3684 3582 3739 videlicet
3611 3685 3820 3742 Adria-

2167 3771 2542 3844 nopolitanus
2572 3788 2686 3826 non
2718 3770 2898 3827 semel
2932 3772 3080 3827 ferro
3111 3776 3168 3828 et
3195 3770 3447 3827 vinculis
3468 3773 3819 3830 Arianorum

2167 3876 2341 3932 opera
2371 3860 2761 3930 constrictus;
2795 3877 2864 3916 ex
2923 3861 3174 3916 Thracia
3220 3861 3358 3916 item
3417 3859 3636 3917 Paulus
3669 3863 3817 3918 Con-

2167 3947 2725 4022 stantinOpolitanus
2770 3949 2860 4004 bis
2913 3951 3263 4005 Arianorum
3295 3950 3593 4006 vexatione
3624 3949 3814 4006 solum

2165 4044 2385 4095 vertere
2407 4043 2668 4094 coactus.
2707 4039 2818 4094 Alii
2842 4039 2980 4094 item
3009 4055 3074 4094 eo
3097 4039 3505 4095 conﬂuxerunt
3547 4043 3604 4095 et
3633 4039 3815 4096 Thra-

2167 4129 2274 4195 cia,
2299 4127 2626 4201 leesyria,
2650 4127 2970 4198 Phcenicia,
2991 4133 3046 4183 et
3070 4127 3394 4186 Palaestina.
3416 4132 3482 4184 Et
3501 4128 3818 4184 verisimile

2165 4219 2402 4290 quidem
2426 4223 2516 4273 est
2535 4234 2633 4274 eos
2655 4218 2815 4290 ipsos
2839 4233 2986 4285 esse,
3018 4218 3117 4289 qui
3151 4217 3365 4273 alicubi
3415 4223 3823 4275 memorantur

2166 4309 2238 4363 ab
2271 4307 2592 4363 Athanasio
2621 4325 2634 4373 ;
2670 4324 2737 4362 ex
2765 4307 3017 4363 Thracia
3063 4306 3304 4375 scilicet,
3340 4312 3549 4380 praeter
3581 4309 3820 4364 Lucium

2165 4401 2221 4452 et
2246 4396 2517 4463 Paulum,
2549 4395 2891 4452 Theodulus
2945 4396 3496 4469 Trajanopolitanus
3542 4402 3598 4454 et
3627 4397 3826 4470 Olym-

2164 4486 2301 4558 pius
2323 4486 2624 4551 z‘Enorum,
2659 4486 2730 4540 de
2763 4485 2980 4557 quibus
3015 4485 3188 4558 plura
3219 4485 3506 4554 inferius;
3540 4504 3606 4542 ex
3638 4486 3824 4559 Syria,

406 4575 632 4632 brevem
657 4574 789 4630 ﬁdei
824 4573 1137 4630 formulam
1167 4575 1373 4641 edunt,
1408 4575 1464 4628 in
1496 4591 1612 4645 qua
1636 4573 1782 4628 nihil
1815 4573 2054 4646 quidem
2088 4597 2134 4661 D
2165 4575 2465 4647 Cymatius
2490 4575 2658 4643 Palti,
2689 4573 2838 4630 alter
2863 4575 3160 4648 Cymatius
3182 4576 3828 4649 Aradi,CyrusBercea*,

405 4669 605 4721 contra
624 4664 1007 4721 orthodoxam
1033 4665 1208 4720 ﬁdem
1231 4667 1552 4736 comparet,
1586 4663 1687 4718 sed
1722 4662 2060 4735 praetermit-

403 4753 548 4809 titur
575 4770 684 4809 vox
741 4750 1058 4824 ὁμοσῦσιος,
1117 4769 1297 4824 quam
1358 4751 1672 4807 formulam
1705 4769 1807 4824 per
1835 4750 2058 4823 legatos

406 4842 650 4898 mittunt
707 4842 779 4897 ad
835 4846 1209 4897 Constantem
1267 4843 1600 4914 Augustum
1656 4841 1753 4912 (ά).
1788 4840 2058 4895 Oratores

407 4948 577 5005 porro
611 4931 848 4987 fuerunt
876 4931 1185 4986 Narcissus
1218 4929 1586 4996 Neroniadis,
1611 4929 1782 4985 Maris
1824 4928 2058 4985 Chalce-

353 5069 356 5071 Α
408 5021 710 5091 donensis,
745 5019 1087 5075 Theodorus
1147 5017 1532 5084 Heracleotes,
1567 5023 1624 5073 et
1655 5018 1886 5073 Marcus
1917 5023 2061 5073 Are-

407 5107 667 5164 thusius.
700 5109 777 5164 lis
803 5108 1147 5163 mandatum
1172 5112 1236 5162 ut
1255 5107 1556 5164 Constanti
1579 5108 1916 5179 significent
1937 5123 2063 5178 quae

412 5214 591 5254 causa
611 5197 787 5253 fuerit
806 5195 1112 5252 Athanasii
1135 5195 1468 5263 abdicandi,
1503 5214 1630 5269 qua:
1655 5195 1817 5252 Pauli
1843 5201 1900 5252 et
1921 5196 2062 5250 alio-

413 5303 544 5342 rum
578 5285 918 5359 praasulum,
951 5302 1069 5359 quo
1117 5286 1252 5358 jure
1283 5285 1378 5342 alii
1421 5286 1480 5341 in
1513 5302 1716 5343 eorum
1749 5285 1947 5342 locum
1981 5300 2068 5340 es-

511 5539 566 5620 ᾳ)
594 5513 803 5620 Athan.
835 5537 986 5620 Apol.
1019 5538 1088 5594 ad
1119 5537 1424 5620 Const_ant.,
1458 5554 1516 5593 n.
1547 5538 1601 5592 6.

511 5610 563 5682 ὁ)
593 5613 818 5683 So_zom.
852 5610 953 5665 lib.
986 5627 1069 5683 IlI,
1102 5627 1230 5683 cap.
1261 5611 1316 5664 7.

509 5679 560 5755 ο)
593 5680 804 5743 Athan.
836 5682 988 5759 Agol.
1020 5679 1213 5745 contra
1249 5682 1468 5756 Arium,
1495 5697 1554 5739 n.
1586 5679 1679 5739 24.

2169 4663 2786 4727 CarteriusAntaradi,
2843 4663 3206 4736 Euphration
3257 4664 3519 4722 Balaneze
3543 4683 3556 4734 ;
3583 4683 3649 4721 ex
3671 4666 3832 4722 Phas-

2168 4755 2318 4822 nice,
2355 4752 2690 4809 Hellanicus
2741 4752 3163 4824 Tripolitanus,
3221 4754 3309 4810 vir
3363 4755 3660 4811 catholicae
3695 4754 3829 4811 ﬁdei

2169 4843 2751 4909 observantissimus,
2791 4842 3039 4898 infestus
3067 4844 3317 4914 Arianae,
3352 4850 3409 4900 et
3453 4861 3520 4900 ea
3551 4845 3621 4901 de
3651 4861 3832 4901 causa

2171 4934 2242 4988 ab
2273 4931 2504 4988 Arianis
2535 4937 2794 5001 exactus,
2829 4931 2928 5003 qui
2959 4931 3016 4986 in
3051 4934 3176 5002 ejus
3208 4932 3403 4990 locum
3457 4934 3829 4990 Theodorum

2173 5023 2487 5094 quemdam
2520 5039 2637 5078 suze
2701 5020 2970 5076 factionis
3025 5021 3381 5095 adlegerant.
3418 5023 3486 5077 Hi
3517 5027 3684 5078 erant
3712 5022 3832 5096 epi-

2174 5112 2354 5184 sc0pi.

2245 5203 2411 5257 Anno
2443 5202 2568 5256 342.
2602 5233 2670 5241 -—
2706 5202 2754 5255 1.
2791 5200 3227 5257 Eusebianorum
3259 5201 3327 5258 ad
3371 5201 3587 5258 Iulium
3613 5203 3828 5259 litterae.

2177 5321 2244 5330 —
2274 5287 2542 5362 Elpidius
2573 5291 2769 5344 autem
2803 5292 2860 5344 et
2901 5287 3252 5345 Philoxenus
3310 5291 3658 5362 presbyteri,
3689 5289 3832 5347 Julii

2256 5541 2331 5619 (ά)
2363 5541 2523 5619 Socr.
2559 5535 2660 5591 lib.
2695 5553 2756 5606 ιι,
2792 5553 2920 5609 cap.
2948 5539 3051 5593 18:
3086 5539 3293 5596 Athan.
3316 5542 3390 5597 De
3407 5540 3838 5613 synodis,n.25.

2257 5609 2566 5759 ξῆ)
2600 5678 2660 5736 in
2691 5680 2864 5757 epist.
2895 5680 3075 5741 Julii:
3107 5683 3336 5742 Sozom.
3369 5684 3471 5743 lib.
3505 5701 3588 5743 Ill.
3621 5701 3751 5761 cap.
3781 5684 3840 5743 8.
