4166 6464
1630 508 1817 570 VITA
1862 505 1930 569 S.
1973 508 2425 572 ATHANASII.
3654 520 3714 568 CI

300 641 501 695 autem
535 642 799 713 tempore
828 641 1052 699 assidui
1083 642 1396 699 turbarum
1448 647 1715 697 auctores
1768 641 1953 696 Theo-
1988 644 2041 706 Î‘
2074 641 2267 696 chiam
2299 644 2534 713 profecti
2552 642 2774 699 Pistum
2793 641 3157 714 delegerunt,
3178 656 3243 696 ac
3264 638 3488 711 legatos
3503 637 3718 693 misere

312 728 489 800 gnius
540 729 831 797 Nicmnus,
891 731 1232 787 Theodorus
1288 731 1678 801 Heracleotes,
1740 730 1957 801 aliique

314 817 581 887 ejusdem
600 818 868 875 factionis
893 820 1288 892 homines,qui
1315 826 1439 875 tum
1454 818 1955 889 Constantinopoli

296 906 713 970 versabantur,
747 907 805 962 in
837 908 951 963 alia
972 908 1153 964 coacti
1203 908 1467 974 ecclesia,
1523 907 1954 977 Macedonium,

298 994 633 1065 opitulante
654 996 1003 1052 Arianorum
1036 1004 1286 1065 caterva,
1321 998 1376 1051 in
1426 996 1767 1068 episcopum
1832 1012 1957 1067 pro-

295 1087 555 1138 movent.
604 1085 751 1140 Hinc
782 1085 973 1141 turbis
1029 1091 1087 1141 et
1144 1086 1533 1142 seditionibus
1588 1086 1729 1140 urbs
1782 1100 1959 1155 prope

298 1170 575 1226 universa
604 1172 1009 1243 conflagravit.
1071 1174 1151 1227 Ex
1195 1172 1509 1227 Catholicis
1569 1170 1725 1226 enim
1786 1187 1957 1225 nemo

305 1264 429 1315 erat
459 1260 600 1331 quin
633 1261 837 1315 ardere
890 1261 1088 1315 omnia
1145 1260 1363 1328 mallet,
1421 1277 1599 1332 quam
1650 1258 1845 1313 videre
1897 1259 1956 1312 in

304 1346 460 1402 Pauli
491 1348 599 1402 viri
633 1348 840 1420 optimi
890 1349 1376 1420 sedejactantem
1432 1365 1495 1403 se
1544 1347 1958 1402 Macedonium

304 1437 751 1509 sycophantam.
791 1439 850 1491 In
876 1441 1039 1493 tanto
1074 1438 1329 1509 partium
1367 1438 1567 1493 odioet
1587 1437 1801 1503 furore,
1830 1453 1960 1491 con-

302 1525 526 1597 gressis
557 1526 834 1597 utrinque
869 1526 1274 1598 popularibus,
1308 1544 1423 1582 non
1472 1526 1641 1598 pauci
1702 1525 1835 1580 caesi
1894 1542 1959 1580 ac

300 1612 594 1669 vulnerati
627 1618 786 1668 sunt.
822 1614 903 1669 Re
934 1620 1229 1685 comperta
1286 1615 1623 1687 imperator,
1679 1614 1770 1668 cui
1832 1618 1956 1669 tum

299 1703 471 1758 sedes
502 1702 846 1769 Antiochiae,
878 1707 1302 1776 Hermogenem
1324 1705 1671 1777 magistrum
1698 1702 1956 1757 militum

300 1792 360 1846 in
393 1791 706 1846 Thraciam
742 1792 853 1847 iter
880 1792 1214 1855 habentem,
1266 1794 1437 1863 jubet
1493 1794 1696 1847 eodem
1752 1792 1958 1847 itinere

295 1881 979 1951 Constantinopolitanas
1012 1898 1103 1937 res
1161 1898 1532 1953 componere,
1588 1882 1957 1951 Paulumque

300 1969 642 2041 epiSCOpatu
673 1970 1002 2025 deturbare.
1040 1969 1139 2024 Ille
1197 1969 1763 2041 Constantinopolim
1823 1986 1956 2024 cum

295 2058 678 2129 pervenisset,
714 2063 966 2113 conatus
986 2060 1150 2130 jussa
1173 2058 1482 2130 complere,
1501 2059 1737 2113 turbam
1758 2057 1981 2130 populi

296 2148 612 2203 concitavit
642 2164 652 2200 :
691 2148 792 2217 qui
825 2148 1049 2202 adversi
1082 2148 1388 2215 militibus,
1423 2148 1693 2203 instructi
1726 2148 1797 2202 ad
1848 2164 1955 2218 pu-

308 2253 508 2309 gnam,
542 2236 883 2308 irrumpunt
914 2237 972 2290 in
1006 2236 1961 2309 Hermogenem,ejusqueincensa

300 2326 497 2391 domo,
531 2324 721 2379 virum
773 2328 1150 2396 pertractum,
1184 2342 1250 2381 ac
1294 2324 1444 2380 ultro
1477 2325 1737 2396 citroque
1765 2328 1958 2396 rapta-

304 2420 434 2469 tum
470 2413 836 2469 interimunt.
873 2414 1049 2469 Gesta
1070 2429 1162 2468 res
1194 2418 1284 2469 est
1307 2431 1457 2469 coss.
1488 2413 1825 2468 Constantio
1848 2418 1960 2469 ter-

293 2504 452 2558 tium
486 2507 543 2558 et
570 2502 885 2558 Constante
916 2503 1153 2572 iterum,
1187 2503 1245 2557 id
1278 2506 1386 2572 est,
1449 2520 1601 2558 anno
1652 2504 1775 2557 342.
1836 2503 1959 2566 Quo

307 2592 531 2664 perlato
564 2592 793 2658 nuntio,
827 2591 1203 2647 Constantius
1230 2609 1407 2663 quam
1433 2592 1785 2648 muturrime
1810 2594 1959 2647 Con-

302 2680 748 2753 stantinopolim
776 2698 955 2752 eques
989 2698 1050 2736 se
1079 2681 1321 2748 confert,
1350 2680 1546 2736 animo
1579 2680 1762 2752 plebis
1823 2679 1962 2735 ulci-

302 2771 549 2825 scendae.
582 2772 653 2824 At
685 2769 784 2824 ubi
816 2770 968 2827 cives
1028 2769 1539 2842 collacrymantes,
1602 2786 1667 2824 ac
1724 2770 1956 2825 veniam

304 2863 607 2929 precantes
634 2858 866 2913 obviam
898 2858 1009 2913 sibi
1041 2874 1314 2913 occurere
1348 2858 1661 2930 perspexit,
1696 2858 1958 2929 pepercit

310 2946 546 3018 quidem
566 2946 932 3002 multitudini
951 2948 1073 3015 ;sed
1102 2948 1294 3002 media
1316 2946 1496 3002 solitae
1530 2964 1774 3002 annonae
1799 2952 1961 3019 parte

310 3033 601 3101 multavit,
634 3034 1207 3106 Paulumquojussit
1238 3035 1371 3107 pelli
1433 3036 1681 3091 civitate.
1741 3036 1851 3090 Sed
1906 3039 1962 3090 et

307 3122 648 3179 Macedonio
679 3141 911 3196 quoque
941 3124 1196 3195 graviter
1228 3124 1583 3191 succensuit,
1618 3129 1743 3179 tum
1804 3124 1959 3196 quod

307 3216 512 3267 auctor
540 3213 847 3269 seditionis
866 3212 1234 3284 caediumque
1260 3214 1486 3279 fuisset,
1508 3216 1634 3268 tum
1655 3214 1809 3283 quod
1832 3214 1960 3283 ejus

303 3317 418 3356 non
451 3305 790 3374 exspectato
816 3310 959 3356 nutu
992 3302 1048 3356 in
1074 3302 1415 3373 episcopum
1444 3301 1654 3357 fuisset
1675 3301 1957 3358 adlectus.

2070 729 2316 783 Romam
2347 748 2359 798 ;
2395 747 2520 802 quae
2552 748 2705 786 anno
2726 731 2831 785 339
2853 734 3017 803 gesta
3038 728 3328 784 sunt.Non
3361 731 3487 782 erat
3520 726 3716 781 Romae

2067 834 2203 872 cum
2236 818 2625 875 Alexandrina
2656 820 2913 891 synodus
2935 819 3227 874 celebrata
3242 820 3355 882 est,
3373 832 3561 888 neque
3583 830 3718 869 cum

2067 908 2197 978 ejus
2228 907 2400 980 legati
2426 910 2592 963 missi
2618 909 2863 964 Romam
2889 924 3024 964 cum
3050 906 3395 963 Eusebianis
3418 902 3717 976 congressi

2067 1000 2226 1063 sunt,
2262 1013 2389 1067 quae
2420 998 2490 1051 ad
2541 1014 2759 1052 annum
2801 1000 2906 1052 340
2964 995 3162 1051 referri
3222 995 3436 1050 deberu
3495 992 3714 1048 ibidem

2066 1084 2679 1139 commonstravimus.
2713 1085 2837 1139 Non
2867 1089 2991 1140 erat
3022 1084 3214 1139 Roma
3247 1080 3715 1154 Quadragesimaa

2066 1174 2329 1243 tempore
2360 1189 2510 1227 anno
2533 1174 2657 1241 341,
2705 1189 2836 1227 cum
2897 1173 3210 1244 Gregorius
3258 1169 3716 1227 Alexandrinam

2067 1259 2281 1314 invasit
2310 1259 2636 1315 ecclesiam.
2672 1261 2797 1324 Qua
2826 1277 2960 1332 ergo
2993 1260 3215 1315 ratione
3236 1258 3367 1314 illos
3388 1257 3711 1314 octodecim

2068 1364 2301 1404 menses
2330 1349 2576 1405 Romani
2607 1350 2789 1405 otiiin
2823 1365 3045 1405 annum
3104 1350 3205 1402 341
3266 1347 3532 1403 desinere
3588 1350 3715 1402 sta-

2066 1438 2287 1492 tuant?

2142 1590 2226 1643 10.
2262 1588 2558 1660 Elpidium
2592 1592 2788 1643 autem
2822 1592 2877 1644 et
2904 1585 3557 1652 Philoxenum,nonnisi
3589 1589 3721 1657 post

2074 1677 2335 1750 Gregorii
2368 1677 2726 1732 invasionem
2760 1682 2819 1733 et
2865 1676 3168 1731 Athanasii
3229 1676 3475 1731 Romam
3537 1673 3722 1746 profe-

2066 1771 2256 1834 ctum,
2283 1766 2437 1821 circa
2461 1767 2673 1820 Maium
2700 1782 2962 1820 mensem
2984 1764 3093 1820 iter
3142 1763 3469 1819 instituisse
3496 1762 3723 1835 perspi-

2069 1873 2174 1911 cue
2208 1856 2412 1911 scribit
2434 1854 2792 1909 Athanasius
2823 1854 2881 1908 in
2922 1853 3179 1909 Historia
3253 1854 3333 1908 ad
3389 1852 3724 1917 monachos,

2068 1945 2169 2000 ubi
2201 1949 2333 2016 post
2362 1943 2717 2015 descriptam
2751 1942 3012 2014 Gregorii
3048 1942 3405 1997 invasionem
3434 1940 3518 1995 sic
3548 1940 3728 1995 habet

2067 2051 2125 2090 n.
2162 2035 2221 2087 11
2253 2050 2264 2088 :
2300 2032 2641 2088 Athanasius
2670 2048 2851 2101 porro
2880 2031 2967 2086 his
3024 2031 3281 2086 nondum
3334 2031 3602 2102 peractis,
3654 2028 3726 2083 ad

2066 2124 2319 2192 primum
2342 2123 2426 2177 rei
2445 2122 2711 2177 auditum
2740 2127 2973 2177 Romam
2993 2121 3293 2190 navigavit
3322 2120 3474 2190 quod
3487 2118 3722 2175 haereti-

2067 2228 2266 2269 corum
2285 2213 2548 2283 furorem
2566 2213 2745 2282 probe
2764 2218 3121 2282 perspectum
3145 2210 3512 2281 haberet,quo
3534 2209 3722 2262 etiam

2066 2310 2242 2372 prout
2272 2305 2561 2356 statutum
2587 2302 2807 2371 fuerat,
2838 2299 3088 2371 synodus
3118 2300 3251 2355 istic
3303 2296 3717 2354 celebraretur.

2066 2390 2259 2447 Julius
2286 2399 2483 2446 autem
2515 2390 2877 2461 presbyteros
2907 2389 3193 2460 Elpidium
3228 2396 3281 2442 et
3337 2386 3720 2442 Philoxenum

2068 2496 2198 2538 cum
2228 2480 2440 2535 litteris
2476 2479 2648 2533 misit.
2685 2480 2750 2532 Et
2778 2478 2836 2532 in
2868 2477 3153 2551 Apologia
3182 2481 3386 2533 contra
3444 2476 3716 2542 Arianos,

2070 2588 2128 2625 n.
2160 2570 2263 2624 20:
2298 2570 2431 2624 Cum
2456 2569 2642 2640 igitur
2671 2572 2905 2624 Romam
2949 2569 3320 2635 venissemus,
3378 2567 3599 2630 Julius,
3655 2568 3722 2619 ut

2067 2676 2177 2729 par
2206 2663 2362 2727 erat,
2389 2658 2617 2713 litteras
2646 2657 2877 2725 scripsit
2904 2657 2981 2711 ad
3020 2656 3393 2720 Eusebianos,
3450 2654 3726 2726 misitque

2070 2748 2203 2803 Iluos
2232 2764 2304 2802 ea:
2331 2750 2683 2819 presbyteris
2709 2748 2848 2811 suis,
2882 2746 3185 2815 Elpidium
3213 2754 3267 2800 et
3312 2744 3714 2799 Philoxenum.

2069 2837 2381 2893 Eusebiani
2409 2853 2543 2891 vero
2574 2836 2675 2891 ubi
2708 2845 2967 2890 nostrum
3024 2835 3329 2889 adventum
3381 2833 3725 2903 audierunt,

2069 2926 2444 2991 consternati,
2476 2926 2623 2997 quod
2652 2926 2991 2980 nullatenus
3021 2924 3366 2979 wstimarent
3390 2940 3490 2979 nos
3510 2939 3572 2978 eo
3588 2938 3729 2978 ven-

2070 3025 2259 3081 turos,
2290 3016 2553 3069 accedere
2585 3022 2934 3068 renuerunt.
2968 3014 3045 3067 Ex
3075 3013 3290 3083 quibus
3341 3011 3729 3084 conspicuum

2070 3104 2292 3176 legatos
2322 3109 2462 3157 tunc
2493 3101 2682 3157 solum
2719 3102 2904 3157 Roma
2933 3101 3241 3173 profectos,
3275 3117 3408 3155 cum
3466 3100 3726 3155 Athana-

2071 3194 2195 3250 sius
2219 3196 2350 3263 post
2367 3191 2591 3246 Pascha
2611 3208 2764 3245 anno
2777 3192 2901 3257 341,
2925 3190 3156 3245 Arianis
3187 3206 3389 3244 necem
3424 3188 3725 3244 molienti-

2069 3282 2270 3348 bus,se
2300 3279 2585 3352 proripuit
2618 3280 2884 3335 Romam.
2918 3283 3059 3333 Cum
3093 3280 3289 3333 autem
3319 3293 3521 3333 mense
3552 3277 3723 3332 circi-

298 3389 370 3444 Et
398 3364 599 3445 tamen
633 3406 739 3445 nec
770 3391 1091 3462 approbata
1109 3364 1227 3445 .nec
1259 3364 1535 3462 abrogata
1565 3391 1694 3461 ejus
1726 3407 1955 3462 promo-
1990 3381 2032 3445 C
2068 3374 2162 3462 á¿’Î¸á¿Î¾
2186 3369 2334 3424 Maio
2365 3369 2628 3462 Î¸Î¹á½¶Ï…Îµá½±Î²á¿–á¿–)
2665 3367 2801 3423 anni
2846 3368 3019 3440 legati
3078 3366 3241 3462 Jllliid
3280 3366 3518 3438 PI'Ofeeti
3578 3364 3717 3436 Sint:

294 3477 458 3533 tione
489 3478 854 3534 Antiochiam
888 3478 1242 3551 remigravit.

368 3586 422 3639 8.
460 3586 571 3641 Sed
605 3585 780 3658 longe
810 3585 986 3641 aliam
1018 3585 1301 3658 temporis
1356 3586 1643 3641 rationem
1702 3585 1960 3641 inierunt

300 3673 412 3728 viri
448 3678 649 3730 nostro
680 3691 798 3731 sevo
855 3675 1203 3731 eruditionis
1264 3675 1420 3729 fama
1477 3674 1798 3746 conspicui,
1860 3674 1955 3746 qui

296 3762 461 3818 haud
495 3763 700 3818 leviter
731 3780 967 3836 quoque
998 3764 1307 3819 nobiscum
1338 3764 1396 3818 in
1429 3764 1605 3819 rebus
1628 3763 1807 3836 gestis
1839 3764 1958 3819 dis-

296 3852 582 3908 sentiunt.
619 3852 764 3907 Nam
812 3854 1000 3924 primo
1053 3853 1373 3908 octodecim
1437 3853 1752 3923 mensium,
1813 3869 1961 3925 quos

296 3940 690 3996 Athanasium
722 3945 1018 3996 versatum
1042 3942 1236 3997 Romae
1269 3946 1466 3997 narrat
1497 3942 1555 3995 in
1583 3940 1829 4013 epistola
1855 3958 1963 3997 sua

296 4029 493 4086 Julius
525 4047 698 4101 papa,
721 4029 960 4086 initium
995 4031 1218 4086 ducunt
1247 4032 1320 4086 ab
1353 4048 1505 4086 anno
1536 4032 1661 4085 339.
1695 4033 1755 4084 2Â°
1789 4032 1962 4103 Lega-

300 4122 499 4174 torum
526 4118 713 4190 Elpidi
741 4123 803 4175 et
859 4119 1158 4175 Philoxeni
1219 4120 1545 4191 profectum
1586 4118 1959 4175 Antiochiam

300 4211 438 4262 ante
470 4207 732 4279 Gregorii
765 4208 1150 4276 invasionem,
1172 4208 1525 4264 reclamante
1544 4208 1679 4263 licet
1704 4208 1961 4263 Athana-

301 4296 411 4363 sio,
444 4297 837 4352 constituunt.
872 4298 931 4351 3Â°
951 4298 1299 4353 Januarium
1333 4315 1594 4353 mensem
1645 4297 1785 4353 anni
1833 4298 1958 4365 342,

301 4401 419 4456 quo
453 4385 745 4456 profectos
768 4384 1078 4441 Antiochia
1108 4386 1349 4441 eosdem
1383 4386 1606 4459 legatos
1636 4386 1717 4441 ait
1745 4385 1957 4457 Julius,

296 4472 361 4528 in
389 4474 638 4530 Junium
670 4474 808 4529 anni
864 4475 963 4529 341
1026 4476 1511 4531 commutandum
1572 4475 1956 4530 arbitrantur.

292 4562 444 4618 Nam
473 4562 522 4618 si
556 4563 824 4619 omnium
858 4580 1000 4619 mss.
1034 4568 1091 4618 et
1121 4562 1412 4619 editorum
1440 4563 1610 4619 lectio
1634 4563 1955 4631 steterit,ut

293 4650 620 4707 Januarius
650 4651 902 4725 legatur,
935 4657 1119 4708 ruunt
1152 4653 1371 4719 omnia,
1401 4656 1460 4707 et
1489 4653 1561 4707 ad
1604 4653 1955 4708 sententiam

298 4742 582 4796 accedant
613 4745 876 4796 nostram
899 4756 1137 4797 necesse
1160 4746 1266 4797 est.
1301 4741 1361 4796 Si
1390 4740 1712 4796 Januarius
1743 4741 1959 4814 quippe
1991 4748 2039 4811 D

301 4827 401 4894 sit,
436 4833 528 4884 est
558 4829 698 4883 anni
728 4830 855 4900 342,
890 4846 1005 4884 non
1038 4829 1164 4893 341,
1198 4834 1262 4884 ut
1320 4846 1389 4884 ex
1446 4830 1690 4885 inferius
1751 4830 1958 4901 positis

298 4916 607 4989 propalam
642 4922 753 4974 est.
787 4919 845 4972 4Â°
876 4918 1198 4974 Romanam
1225 4919 1515 4989 synodum
1549 4923 1605 4973 et
1648 4918 1959 4991 epistolam

298 5005 445 5061 Julii
472 5007 532 5061 in
561 5023 788 5063 annum
818 5007 918 5061 341
953 5011 1381 5079 consequenter
1411 5008 1690 5063 referunt.
1741 5010 1960 5062 Verum

302 5094 429 5149 haec
460 5095 660 5151 omnia
692 5096 910 5150 mirum
945 5112 1123 5167 quam
1147 5101 1410 5167 pugnent
1430 5113 1563 5151 cum
1585 5096 1889 5151 Athanasii
1907 5101 1964 5151 et

302 5182 448 5238 Julii
479 5184 712 5240 litteris.

375 5291 431 5346 9.
464 5292 534 5347 Et
555 5309 697 5348 sane
732 5292 982 5364 priorem
1015 5291 1178 5347 illam
1203 5291 1509 5347 Athanasii
1534 5292 1780 5348 Romam
1832 5310 1963 5365 pro-

304 5380 617 5437 fectionem
646 5397 801 5437 anno
832 5382 935 5435 337
972 5397 1316 5452 moramque
1347 5381 1710 5452 diuturnam,
1746 5399 1847 5453 per
1874 5387 1966 5438 to-

302 5472 436 5524 tum
469 5470 696 5525 scilicet
730 5486 951 5524 annum
974 5470 1101 5535 340,
1135 5472 1192 5524 et
1247 5473 1474 5540 partem
1525 5471 1850 5541 sequentis,
1903 5476 1967 5528 ut

302 5557 631 5613 octodecim
662 5574 898 5614 menses
928 5576 960 5612 a
989 5556 1150 5613 Julio
1196 5558 1504 5613 memorati
1558 5560 1963 5629 conï¬ciantur,

301 5645 533 5702 nullam
569 5647 752 5703 fuisse
778 5646 1155 5720 perspicuum
1190 5651 1278 5701 est
1308 5663 1375 5701 ex
1406 5645 1479 5701 iis
1510 5664 1636 5719 quae
1696 5649 1967 5721 superius

304 5751 598 5808 pag.xcm
620 5736 692 5791 de
715 5737 940 5810 synodo
957 5734 1349 5791 Alexandrina
1380 5735 1657 5792 diximus.
1688 5738 1814 5795 Non
1846 5743 1970 5794 erat

307 5824 536 5905 quippe
560 5824 757 5882 Romae
796 5823 1158 5883 Athanasius
1202 5840 1338 5883 cum
1395 5824 1709 5885 Eusebiani
1766 5827 1968 5889 Antio-

640 5953 909 6020 Puaon.
957 5952 1070 6019 Ga.
1115 5951 1313 6031 Î§Ï‡Î½.

2070 3457 2265 3531 palam
2300 3464 2451 3513 certe
2481 3460 2570 3512 est
2600 3474 2940 3529 germanam
2962 3473 3091 3512 esse
3112 3455 3443 3525 lectionem,
3471 3471 3588 3525 qua
3611 3469 3717 3509 nec

2069 3547 2196 3603 sine
2227 3546 2464 3618 querela
2490 3546 2707 3600 dicitur
2736 3563 2770 3600 a
2798 3545 2974 3612 Julio,
3009 3545 3232 3618 legatos
3263 3544 3335 3598 ab
3369 3542 3717 3599 Eusebianis

2069 3634 2225 3690 ultra
2254 3635 2589 3711 condictum
2613 3635 2684 3689 ad
2717 3633 3127 3689 celebrandam
3160 3634 3447 3706 synodum
3480 3637 3717 3703 tempus

2070 3725 2138 3779 ad
2175 3740 2438 3779 mensem
2473 3740 2660 3795 usque
2688 3724 3037 3778 Januarium
3069 3722 3393 3777 Antiochiae
3450 3722 3717 3777 detentos

2069 3812 2253 3868 fuisse
2278 3830 2290 3866 :
2325 3816 2382 3867 et
2412 3828 2717 3884 perperam
2747 3812 2950 3867 volunt
2977 3811 3323 3867 Januarium
3338 3811 3434 3866 hic
3457 3810 3716 3883 positum

2071 3917 2198 3957 esse
2232 3918 2335 3973 pro
2365 3901 2541 3956 Junio
2577 3919 2589 3969 ;
2625 3906 2752 3956 tum
2788 3901 2925 3973 quia
2952 3918 3155 3956 omnes
3188 3899 3329 3956 editi
3355 3900 3525 3971 juxta
3544 3903 3720 3970 atque

2072 3989 2463 4061 manuscripti
2494 3989 2724 4045 codices
2753 3989 3101 4045 Januarium
3126 3989 3378 4057 habent;
3415 3997 3537 4044 lum
3587 3987 3728 4060 quia

2070 4079 2499 4151 perabsurdum
2531 4082 2685 4133 esset
2720 4078 2884 4149 pueri
2918 4078 3140 4151 legatos
3172 4077 3330 4132 ultra
3384 4076 3724 4132 condictum

2071 4169 2144 4224 ad
2166 4167 2573 4223 celebrandam
2600 4168 2889 4239 synodum
2913 4168 3233 4239 tempusad
3261 4182 3523 4221 mensem
3540 4181 3726 4237 usque

2068 4257 2313 4313 Junium
2338 4257 2475 4311 anni
2500 4257 2599 4310 341
2635 4258 2903 4311 detentos
2929 4256 3135 4311 fuisse:
3173 4256 3271 4328 qui
3297 4255 3469 4327 legati
3523 4270 3724 4310 mense

2071 4351 2135 4401 ut
2165 4345 2339 4401 citius
2362 4345 2512 4401 Maio
2535 4346 2800 4417 ejusdem
2823 4363 2892 4399 an
2904 4344 2961 4400 ni
2989 4345 3173 4401 Roma
3192 4344 3561 4400 Antiochiam
3594 4359 3725 4415 pro-

2068 4435 2204 4492 fecti
2235 4435 2471 4490 fuerint.

2144 4586 2230 4640 11.
2264 4585 2411 4640 Cum
2441 4584 2639 4657 itaque
2660 4600 2861 4640 mense
2882 4583 3167 4639 Januario
3192 4583 3328 4638 anni
3346 4583 3451 4638 342
3491 4582 3729 4639 remissi

2070 4673 2287 4729 fuerint
2309 4674 2570 4746 Elpidius
2593 4678 2650 4729 et
2666 4672 3044 4741 Philoxenus,
3076 4672 3135 4727 in
3171 4676 3334 4727 tanto
3367 4671 3569 4727 itinere
3619 4672 3728 4726 ad-

2069 4779 2239 4818 versa
2267 4762 2478 4817 hiemis
2504 4767 2850 4834 tempestate
2879 4761 3267 4832 conficiendo,
3303 4759 3528 4833 aliquot
3564 4776 3733 4815 men-

2071 4850 2224 4906 sium
2256 4852 2511 4923 Spatium
2537 4851 2869 4906 decurrisse
2893 4865 3127 4905 necesse
3161 4853 3268 4905 est.
3292 4852 3537 4904 Romam
3596 4864 3730 4902 cum

2071 4940 2389 5010 venissent,
2414 4940 2610 4995 Julius
2629 4938 2855 4995 litteras
2873 4938 3342 4993 Eusebianorum
3366 4954 3481 4993 non
3498 4936 3731 4992 modico

2069 5029 2353 5101 temporis
2384 5029 2572 5100 spatio
2608 5029 2841 5083 Patrum
2874 5028 3060 5083 oculis
3118 5026 3423 5091 subduxit,
3479 5042 3732 5097 sperans

2073 5117 2303 5189 aliquos
2334 5116 2721 5173 Orientalium
2752 5123 3050 5172 venturos.
3089 5116 3195 5171 Ubi
3228 5115 3373 5171 nihil
3407 5114 3531 5186 spei
3593 5113 3735 5169 resi-

2071 5206 2279 5277 duum,
2314 5222 2411 5262 eas
2442 5205 2666 5261 litteras
2694 5206 2947 5278 profert:
2984 5205 3397 5277 expenduntur
3432 5206 3562 5275 post
3611 5202 3734 5257 haec

2077 5296 2314 5367 negotia
2342 5295 2755 5361 Athanasium,
2790 5293 3128 5349 Marcellum
3180 5298 3237 5349 et
3290 5292 3545 5363 reliquos
3608 5308 3736 5364 spe-

2076 5384 2314 5439 ctantia.
2338 5383 2539 5439 Soluta
2569 5384 2809 5455 synodo,
2842 5381 3151 5454 epistolam
3185 5382 3524 5454 synodicam
3584 5380 3729 5435 scri-

2076 5471 2163 5527 bit
2192 5472 2386 5528 Julius
2418 5489 2617 5528 mense
2648 5471 2879 5527 circiter
2908 5470 3139 5526 Octobri
3172 5470 3260 5526 vel
3292 5468 3625 5527 Novembri.
3649 5473 3733 5524 En

2076 5560 2183 5616 tibi
2214 5561 2533 5617 octodecim
2584 5576 2819 5616 menses
2844 5576 2992 5630 quos
3020 5560 3214 5614 Romae
3254 5565 3519 5615 moratus
3548 5557 3728 5613 Atha-

2080 5650 2284 5705 nasius
2316 5656 2424 5715 est,
2460 5669 2493 5705 a
2524 5650 2671 5704 Maio
2703 5648 2921 5705 scilicet
2952 5648 3087 5702 anni
3120 5649 3310 5702 341ml
3343 5647 3729 5704 Novembrem

2079 5738 2217 5795 anni
2247 5740 2372 5807 342,
2408 5740 2550 5810 quin
2572 5737 2658 5793 vel
2692 5737 2939 5793 minima
2968 5736 3045 5793 sit
3069 5736 3260 5793 verbis
3310 5734 3616 5795 Athanasii
3650 5734 3739 5791 vel

2081 5827 2226 5889 Julii
2258 5828 2347 5887 vis
2385 5826 2710 5888 inferenda.

3413 5968 3457 6042 9
