4166 6428
456 447 542 494 CII
1856 430 2464 493 PROLEGOMENA.

529 563 615 619 12.
652 563 846 621 Unum
864 568 955 622 est
984 565 1042 620 in
1072 582 1188 636 quo
1220 567 1463 620 fortasse
1487 563 1788 636 quidpiam
1851 562 2101 618 difficul-
2130 563 2186 629 Α
2215 561 2308 630 lis,
2343 564 2441 618 sed
2477 563 2688 629 factus,
2713 563 2822 620 etsi
2862 580 2976 619 non
3007 565 3210 620 eodem
3243 580 3358 637 quo
3391 563 3517 619 aliis
3565 578 3659 619 res
3716 578 3872 619 crea-

453 654 594 708 tatis
625 651 862 720 haereat,
895 656 1048 726 quod
1082 653 1301 709 scilicet
1332 654 1688 708 Athanasins
1736 653 1795 707 in
1856 653 2107 708 Historia

454 742 533 796 ad
553 743 860 799 monachos
897 747 980 810 (n.
1030 743 1139 813 11),
1193 747 1324 814 post
1365 748 1636 797 enarrata
1695 741 1918 812 ﬂagitia
1977 758 2104 812 quae

456 831 790 904 Gregorius,
824 831 1233 887 Alexandriam
1267 831 1592 903 ingressus,
1624 831 1683 884 in
1717 830 1962 886 ecclesia
2001 835 2105 901 Cy-

456 919 568 974 rini
599 920 966 992 perpetravit,
994 920 1148 975 dicat
1173 937 1256 987 se,
1279 920 1352 974 iis
1377 921 1636 975 nondum
1669 920 1838 984 actis,
1865 920 1936 973 ad
1988 919 2106 990 pri-

456 1024 617 1062 mum
652 1009 731 1064 rei
760 1009 1025 1064 auditum
1058 1009 1364 1081 navigasse
1395 1009 1665 1064 Romam.
1700 1013 1777 1063 Ex
1810 1025 1924 1079 quo
1977 1023 2105 1078 per-

453 1112 652 1168 peram
677 1096 934 1153 inferunt
955 1113 1116 1164 eum,
1157 1103 1470 1170 antequam
1505 1098 1730 1153 veniret
1789 1096 2107 1169 Gregorius

451 1183 888 1253 Alexandriam,
924 1187 1263 1258 confugisse
1283 1188 1546 1242 Romam.
1582 1186 1800 1241 Verum
1833 1186 1952 1240 haec
1994 1185 2106 1240 dif-

450 1272 681 1329 ﬁcultas
706 1273 854 1345 ipsis
878 1277 1049 1346 juxta
1074 1281 1252 1347 atque
1287 1276 1454 1331 nobis
1511 1281 1601 1331 est
1660 1273 2104 1346 consequenda.

453 1361 580 1418 Non
611 1363 785 1418 modo
817 1364 974 1418 enim
1009 1364 1374 1436 exploratum
1407 1369 1490 1421 est
1527 1364 1918 1419 Athanasium
1979 1361 2106 1417 Ale-

450 1451 708 1506 xandria
734 1451 917 1508 fuisse
947 1455 1183 1525 quando
1245 1454 1455 1525 irrupit
1513 1453 1846 1525 Gregorius,
1907 1467 2108 1506 verum

453 1539 635 1596 etiam
668 1540 999 1608 edidicisse,
1035 1547 1348 1614 antequam
1410 1543 1746 1614 profugeret
1802 1541 2108 1614 expilatio-

455 1642 589 1684 nem
623 1629 911 1706 inﬁCyrino
943 1631 1177 1686 factam.
1210 1631 1360 1687 Illud
1395 1632 1520 1704 ipse
1551 1636 1800 1687 testatur
1832 1631 1923 1685 his
1980 1646 2104 1684 ver-

457 1717 576 1772 bis:
607 1738 634 1767 ί(
669 1718 904 1790 Populis
936 1736 1028 1774 me
1061 1721 1351 1775 subduxi:
1408 1738 1680 1776 noveram
1739 1719 1897 1775 enim
1939 1734 2006 1774 ex
2036 1718 2109 1772 iis

458 1821 586 1878 qua:
616 1806 674 1861 in
708 1806 884 1862 aliam
905 1807 1212 1864 ecclesiam
1245 1809 1568 1864 intulerant
1599 1809 1795 1878 malis,
1815 1808 1960 1863 nihil
1995 1825 2107 1862 non

457 1894 696 1952 sceleris
726 1895 786 1951 in
818 1897 927 1952 hac
959 1915 1193 1970 quoque
1223 1898 1469 1954 ecclesia
1499 1899 1886 1953 admissuros.
1919 1919 1947 1946 »
1997 1895 2105 1950 Sed
2142 1938 2190 2002 Β

456 1983 814 2041 Athanasius
855 2002 958 2058 per
983 1987 1370 2042 Athanasium
1403 1987 1878 2060 explicandus,et
1907 2001 1978 2041 ne
2002 1984 2110 2038 mi-

457 2073 620 2131 nima
651 2075 887 2146 quidem
920 2076 1210 2148 supererit
1242 2076 1608 2132 difficultatis
1629 2076 1797 2131 ratio.
1823 2076 1970 2130 Nam
1988 2074 2110 2128 haec

457 2181 587 2236 qua
619 2164 920 2236 disparata
947 2165 1224 2220 videntur
1254 2165 1382 2220 loca
1413 2165 1687 2237 perfacile
1702 2164 2110 2227 conciliantur,

453 2253 503 2309 si
535 2253 822 2321 dicamus,
857 2270 991 2308 cum
1024 2254 1241 2310 milites
1267 2254 1521 2310 ecclesim
1553 2255 1748 2328 Cyrini
1781 2253 2109 2308 vastitatem

450 2343 760 2409 inferrent,
795 2343 1070 2398 nuntium
1099 2344 1350 2414 hujusce
1379 2345 1458 2400 rei
1491 2345 1560 2399 ad
1597 2343 1985 2398 Athanasium
2018 2357 2112 2396 ve-

455 2433 637 2500 nisse,
671 2433 858 2505 quiad
890 2434 1149 2505 primum
1181 2433 1262 2488 rei
1296 2434 1589 2500 auditum,
1623 2433 1873 2488 necdum
1923 2431 2114 2486 confe-

459 2523 555 2578 cta
584 2521 951 2592 expilatione,
977 2523 1116 2593 fuga
1147 2538 1208 2577 se
1238 2523 1612 2594 proripuerit.

527 2611 691 2665 ANNO
719 2611 843 2666 343.
878 2643 947 2650 -
977 2612 1002 2665 1
1063 2611 1345 2666 Photinus.
1379 2643 1446 2651 —
1469 2616 1533 2667 In
1567 2612 1677 2667 hoc
1708 2610 1935 2666 circiter
1963 2614 2113 2663 tem-

459 2715 572 2772 pus
601 2701 900 2755 confertur
927 2700 1288 2756 Photinianae
1317 2701 1603 2756 haereseos
1651 2703 1908 2765 exortus,
1972 2697 2115 2752 Pho-

467 2789 590 2844 tino
622 2787 848 2844 scilicet
869 2788 1072 2845 Galata
1103 2793 1364 2844 auctore:
1401 2791 1502 2862 qui
1537 2807 1672 2845 cum
1694 2789 1932 2861 juvenis
1964 2787 2115 2842 Mar-

464 2876 610 2934 cello
656 2879 960 2949 Ancyrano
1018 2879 1251 2934 doctore
1282 2878 1493 2934 tilteris
1540 2895 1777 2950 operam
1836 2876 2112 2942 dedisset,

467 2965 666 3022 Sirmii
698 2967 755 3020 in
791 2965 1015 3038 Illyrico
1047 2966 1357 3038 episcopus
1390 2973 1619 3022 creatus
1653 2970 1759 3022 est.
1823 2965 1922 3020 Hic
1980 2980 2114 3018 cum

424 3078 427 3082 ·
463 3055 739 3111 facundia
769 3055 1020 3110 multum
1053 3053 1318 3126 polleret,
1350 3054 1721 3128 popularium
1768 3053 2016 3126 gratiam
2061 3056 2118 3108 et

465 3143 959 3201 existimationem
992 3143 1264 3200 conciliat
1295 3144 1430 3200 sibi.
1454 3150 1527 3198 At
1554 3144 1665 3200 sibi
1696 3147 1897 3216 postea
1919 3141 2116 3214 proﬂi-

465 3233 617 3306 gatis
647 3250 775 3290 esse
799 3234 1060 3289 moribus
1091 3233 1522 3305 deprehensum
1559 3235 1991 3302 est,minusque
2023 3247 2116 3285 sa-

2217 656 2286 707 tae
2317 653 2510 707 modo.
2569 653 2732 708 Missi
2789 653 2848 708 in
2899 653 3266 709 Occidentem
3329 657 3470 708 sunt
3519 653 3617 725 qui
3677 652 3872 708 defer-

2218 745 2364 811 rent,
2401 742 2698 797 Eudoxius
2757 743 3159 809 Germaniciae,
3211 742 3525 814 Martyrius
3601 740 3868 814 quidam,

2216 831 2589 886 Macedonius
2613 831 3083 902 Mopsuestenus,
3115 836 3171 886 et
3201 831 3322 886 alii.
3355 831 3562 885 Oblata
3605 829 3690 884 illi
3752 830 3871 884 for-

2218 918 2397 986 mula,
2430 919 2596 974 vacui
2629 926 2686 974 et
2717 937 2774 973 re
2808 919 3021 974 infecta
3040 919 3869 990 remittuntur,proﬁtentibus

2217 1007 2687 1062 Occidentalibus
2715 1024 2844 1063 esse
2877 1009 2986 1062 sibi
3014 1009 3309 1063 Nicaanam
3339 1009 3515 1063 fidem
3556 1007 3722 1075 satis,
3773 1024 3872 1063 ne-

2217 1114 2329 1167 que
2362 1113 2528 1168 egere
2560 1113 2621 1151 se
2654 1097 2782 1151 aliis
2813 1097 3088 1151 doctrina:
3115 1097 3406 1152 formulis.

2291 1192 2455 1241 ANNO
2506 1185 2628 1240 345.
2682 1218 2749 1226 -
2812 1187 3060 1256 Synodus
3119 1186 3558 1242 Medz'olanensis.
3621 1217 3688 1226 —
3746 1185 3875 1241 Me-

2219 1273 2434 1329 diolani
2462 1290 2640 1346 agens
2670 1279 2956 1330 Constans
2978 1277 3301 1348 Augustus,
3355 1276 3646 1347 synodum
3679 1291 3748 1331 ea
3801 1273 3864 1329 in

2219 1363 2361 1418 urbe
2393 1362 2673 1418 celebrari
2707 1368 2891 1430 curat,
2917 1365 3088 1435 cujus
3110 1381 3398 1436 perpauci
3430 1369 3586 1419 nota.
3622 1363 3700 1419 Eo
3731 1363 3871 1418 item

2218 1453 2674 1524 proficiscuntur
2705 1453 2878 1524 legati
2911 1453 3294 1508 Orientalium
3320 1451 3728 1525 Demophilus,
3761 1451 3876 1508 Ma-

2219 1541 2519 1609 cedonius,
2553 1541 2849 1597 Eudoxius
2899 1546 2954 1596 et
3008 1542 3322 1614 Martyrius
3381 1542 3478 1613 (b),
3550 1558 3653 1614 spe
3709 1540 3872 1596 ducti

2220 1631 2632 1685 conﬁrmanda:
2664 1647 2784 1685 suae
2817 1631 2950 1686 fidei
2974 1630 3260 1686 formulae.
3294 1631 3398 1693 Qui
3430 1646 3567 1686 cum
3599 1646 3876 1702 roqaren-

2219 1724 2316 1774 tur
2340 1719 2452 1773 Arii
2479 1719 2804 1774 doctrinam
2839 1720 3220 1790 proscribere,
3280 1719 3445 1775 iratis
3508 1718 3593 1774 illi
3651 1717 3873 1774 animis

2220 1824 2278 1862 re
2311 1812 2521 1880 negata
2550 1808 2879 1863 discedunt.
2912 1809 2978 1863 Et
3010 1808 3121 1863 fuit
3153 1807 3298 1863 illud
3337 1808 3393 1862 in
3412 1807 3632 1880 synodo
3657 1807 3875 1863 Medio-

2219 1897 2447 1952 lanensi
2465 1896 2786 1952 multorum
2803 1897 3053 1969 praesulu
3066 1913 3122 1951 m
3138 1896 3545 1963 consilium,ut
3567 1895 3874 1969 pulsorum

2222 1985 2487 2042 causain
2546 1987 2765 2058 synodo
2805 1987 3165 2041 oscumenica
3214 1985 3555 2057 agitaretur.
3617 1984 3876 2055 Hujusce

2223 2077 2300 2132 rei
2334 2077 2489 2147 apud
2525 2076 2901 2132 Constantem
2947 2076 3283 2146 Augustum
3325 2077 3594 2129 auctores
3624 2077 3680 2129 et
3737 2090 3874 2128 con-

2222 2182 2495 2221 suasores
2525 2171 2709 2229 erant,
2743 2170 2806 2218 ut
2837 2169 3103 2236 pututur,
3139 2163 3336 2219 Julius
3369 2180 3538 2235 papa,
3601 2162 3874 2219 Maximi-

2222 2272 2333 2309 nus
2365 2254 2728 2309 Trevirensis
2759 2258 2814 2308 et
2857 2270 3106 2324 magnus
3153 2253 3387 2318 Hosius,
3428 2253 3486 2306 id
3533 2253 3729 2324 ipsum
3782 2267 3876 2307 ro-

2222 2344 2501 2416 gantibus
2529 2342 2849 2398 Athanasio
2880 2347 2935 2397 et
2987 2343 3234 2409 caeteris,
3295 2342 3393 2414 qui
3428 2341 3601 2398 malis
3632 2339 3876 2396 Ariano-

2223 2450 2353 2488 rum
2387 2433 2612 2488 artibus
2644 2433 2832 2504 patrio
2863 2431 2987 2487 solo
3021 2430 3175 2504 pulsi
3201 2432 3450 2487 fuerant.
3471 2431 3585 2486 Nec
3617 2430 3879 2502 fugiebat

2224 2527 2554 2594 Augustum
2585 2520 2850 2592 repulsos
2881 2520 3347 2576 Eusebianornm
3408 2519 3630 2592 legatos
3675 2519 3872 2575 Romae

2224 2611 2424 2677 fuisse,
2445 2627 2578 2665 cum
2611 2615 2884 2681 rogarent
2912 2609 3213 2665 exsulibus
3239 2611 3310 2665 ab
3337 2609 3492 2665 Julio
3513 2607 3876 2665 communio-

2225 2716 2357 2755 nem
2393 2699 2629 2771 negari:
2665 2716 2768 2754 nec
2798 2699 3144 2771 imprudens
3173 2703 3296 2754 erat
3311 2698 3712 2754 calamitatum
3744 2695 3871 2752 Ale-

2223 2790 2523 2844 xandrinas
2553 2805 2618 2843 ac
2650 2788 2872 2844 cateris
2902 2786 3165 2843 ecclesiis
3198 2805 3300 2859 per
3348 2787 3584 2842 fraudes
3641 2791 3700 2842 et
3748 2801 3872 2843 sce-

2224 2878 2346 2933 lera
2365 2879 2713 2933 Arianorum
2746 2875 3065 2932 illatarum.
3097 2877 3192 2932 His
3213 2875 3312 2932 ille
3359 2876 3660 2943 inductus,
3711 2874 3874 2947 pacis

2227 2967 2508 3022 nimirum
2540 2965 2938 3022 ecclesiasticae
2961 2966 3340 3037 percupidus,
3365 2964 3575 3020 litteris
3633 2963 3874 3018 fratrem

2226 3055 2538 3128 compellat
2554 3059 2611 3111 et
2642 3059 2827 3127 rogat,
2852 3060 2916 3110 ut
2945 3054 3016 3109 ad
3049 3054 3392 3125 hujusmodi
3426 3054 3657 3125 negotia
3717 3066 3877 3107 com-

2226 3145 2512 3218 ponenda,
2547 3145 2855 3215 utriusque
2887 3148 3030 3198 nutu
3056 3149 3111 3198 et
3134 3144 3398 3212 arbitrio,
3427 3144 3687 3215 synodus
3731 3157 3878 3196 con-

2227 3238 2481 3289 vocetur.
2505 3234 2622 3288 Sub
2682 3234 2803 3288 hmc
2852 3235 3138 3288 Constans
3199 3233 3590 3288 Athanasium
3648 3228 3874 3286 accivit.

469 3337 605 3376 nam
637 3322 708 3376 de
763 3320 1046 3376 Trinitate
1093 3325 1150 3376 et
1205 3321 1276 3376 de
1329 3321 1734 3376 Incarnatione
1791 3319 2115 3374 doctrinam
2149 3313 2192 3374 C
2231 3323 2338 3389 Qui
2384 3340 2624 3378 causam
2665 3323 2942 3378 evocandi
2989 3322 3082 3376 sui
3127 3322 3433 3394 ignorans,
3488 3337 3553 3376 ac
3609 3325 3875 3390 stupens,

469 3426 764 3483 spargere,
795 3426 964 3466 versa
995 3426 1190 3464 rerum
1220 3409 1476 3465 conditio
1508 3415 1615 3465 est.
1679 3408 1826 3475 Quid
1877 3409 2115 3464 demum

467 3501 537 3555 de
569 3499 814 3555 Photino
846 3503 1041 3554 actum
1071 3499 1164 3565 sit,
1199 3498 1467 3570 pluribus
1499 3499 1672 3553 infra.

534 3590 590 3643 2.
615 3587 972 3643 Athanasius
999 3603 1131 3642 vero
1149 3586 1208 3641 in
1242 3590 1404 3642 tanta
1423 3591 1756 3659 temporum
1779 3586 2112 3658 iniquitate,

468 3684 602 3750 post
630 3677 962 3732 Romanum
981 3677 1291 3748 synodum,
1319 3677 1509 3732 tribus
1532 3678 1709 3731 ferme
1731 3677 1904 3730 annis
1918 3675 2112 3730 Romae

463 3770 768 3822 versatur:
798 3765 898 3837 qui
925 3769 1154 3819 tantum
1187 3764 1287 3818 otii
1319 3767 1532 3820 nactus
1563 3764 1700 3835 quid
1724 3762 1971 3836 gesserit
1991 3763 2111 3818 edi-

466 3855 706 3925 deritve,
739 3854 924 3909 altum
954 3854 1168 3925 ubique
1200 3852 1520 3908 silentium.
1573 3853 1762 3907 Unum
1822 3854 1950 3924 ipso
2009 3870 2110 3907 au-

465 3947 625 4000 ctore
654 3943 976 3998 Athanasio
1006 3943 1314 4013 discimus,
1347 3942 1487 3996 dum
1517 3943 1711 3997 Romae
1763 3945 2110 4009 moraretur,

463 4032 874 4090 ecclesiasticis
907 4032 1288 4087 conventibus
1310 4032 1673 4103 frequentem
1697 4031 1765 4086 ad
1778 4031 2110 4086 fuisse.Non

464 4125 680 4179 desunt
710 4122 807 4193 qui
833 4121 1188 4176 arbitrentur
1216 4124 1487 4175 sanctum
1520 4118 1827 4192 praesulem
1863 4137 1965 4191 per
1996 4121 2108 4175 Ro-

462 4229 706 4270 manum
739 4211 922 4266 otium
954 4210 1234 4283 synopsin
1267 4210 1599 4281 Scripturae,
1636 4227 1761 4281 quas
1786 4211 1934 4265 inter
1981 4212 2110 4280 ejus

463 4319 639 4375 opera
670 4304 1025 4370 recensetur,
1067 4299 1341 4354 edidisse.
1401 4299 1529 4365 Sed,
1593 4299 1676 4352 uti
1707 4316 1741 4354 a
1795 4299 1965 4354 nobis
2023 4302 2111 4354 est

462 4392 608 4448 alias
633 4395 960 4460 ostensum,
993 4388 1200 4460 grandi
1232 4388 1325 4443 hic
1355 4387 1504 4443 liber
1531 4386 1740 4448 νοῦεἰας
1773 4387 2109 4460 suspicione

459 4481 704 4549 laborat,
734 4485 792 4536 et
820 4479 1085 4534 diversus
1117 4477 1286 4550 plane
1306 4483 1394 4532 est
1422 4478 1496 4532 ab
1526 4475 1645 4532 illis
1677 4478 1988 4550 Scriptura:
2021 4495 2109 4533 sa-

459 4587 570 4626 cras
599 4569 1000 4625 voluminibus
1031 4568 1103 4623 ab
1136 4565 1456 4622 Athanasio
1490 4567 1560 4621 ad
1587 4570 1962 4622 Constantem
1996 4575 2111 4621 Au-

2235 3412 2569 3469 sciscitatus
2600 3413 2754 3484 quod
2789 3411 3088 3482 negotium
3138 3411 3403 3481 instaret,
3456 3409 3694 3465 edidicit
3751 3423 3879 3480 quae

2229 3519 2319 3556 res
2350 3507 2474 3556 tum
2507 3505 2793 3572 ageretur.
2832 3499 2931 3555 Ille
2979 3498 3370 3554 Mediolanum
3406 3497 3722 3570 profectus,
3781 3511 3876 3549 co-

2231 3593 2369 3646 mite
2398 3589 2656 3645 Prolasio
2679 3588 2841 3643 urbis
2873 3589 3156 3657 antistite,
3225 3588 3603 3643 Constantem
3651 3584 3810 3651 adit;
3844 3599 3878 3638 a

2229 3696 2342 3751 quo
2372 3677 2794 3750 perhonoriﬁce
2824 3677 3132 3748 excipitur,
3164 3681 3220 3731 et
3251 3675 3438 3748 ipsius
3471 3673 3719 3747 Augusti
3779 3687 3878 3728 ore

2226 3766 2502 3824 evocandi
2534 3783 2771 3822 causam
2795 3766 3022 3822 ediscit.
3048 3767 3197 3821 Tum
3223 3764 3576 3820 Athanasius
3599 3780 3690 3819 res
3719 3761 3879 3816 Aria-

2225 3872 2433 3912 norum
2470 3853 2700 3908 insidiis
2731 3858 2891 3908 actas
2921 3852 3205 3924 deplorat,
3263 3849 3649 3924 apostolicam
3699 3848 3875 3903 fidem

2224 3944 2374 4000 bello
2394 3943 2508 4015 peti
2541 3942 2940 4013 conqueritur,
2974 3941 3157 4013 patris
3197 3941 3360 4012 pium
3411 3939 3676 3995 animum
3710 3953 3880 3993 revo-

2223 4032 2392 4088 catin
2424 4031 2790 4102 memoriam,
2826 4032 2924 4102 qui
2961 4047 3088 4101 quae
3121 4030 3179 4084 in
3241 4045 3456 4101 magna
3495 4027 3716 4100 synodo
3771 4025 3875 4080 de-

2223 4126 2378 4178 creta
2405 4120 2751 4185 fuissent,ad
2777 4123 3021 4174 mortem
3053 4135 3237 4191 usque
3253 4117 3628 4172 vindicasset.
3651 4114 3878 4180 Quibus

2221 4209 2462 4266 monitis
2486 4209 2647 4282 pium
2683 4209 3008 4280 principem
3043 4206 3431 4263 inﬂammavit
3470 4205 3542 4260 ad
3567 4219 3772 4260 sanam
3805 4201 3876 4256 ﬂ-

2220 4301 2352 4356 dem
2386 4299 2818 4354 vindicandam.

2291 4393 2454 4444 ANNo
2483 4390 2607 4442 346.
2639 4419 2657 4428 -
2689 4421 2708 4428 -
2739 4387 2955 4460 Synodi
3015 4391 3212 4442 tamen
3264 4383 3630 4441 Sardicensis
3665 4397 3878 4456 convog

2219 4478 2370 4534 catio
2394 4478 2465 4532 ad
2499 4494 2719 4532 annum
2755 4478 2857 4531 347
2881 4480 3138 4532 extracta
3168 4473 3314 4530 fuit:
3354 4473 3494 4546 quia
3550 4475 3677 4527 tum
3723 4469 3875 4526 Con-

2219 4567 2496 4635 stantius,
2522 4567 2754 4622 Persico
2787 4569 3030 4638 urgente
3052 4564 3224 4631 bello,
3258 4562 3417 4618 haud
3451 4563 3531 4618 ita
3559 4559 3770 4634 cupide
3817 4567 3877 4614 et

459 4663 699 4733 gustum
727 4657 1114 4714 transmissis.
1151 4656 1360 4711 Narrat
1390 4655 1529 4710 item
1560 4654 1754 4710 Julius
1770 4673 1921 4728 papa
1951 4655 2105 4711 litte-
2140 4681 2185 4745 D
2219 4663 2446 4713 mature
2477 4673 2569 4711 res
2602 4656 2846 4711 curabat
2878 4653 3325 4710 ecclesiasticas.
3389 4651 3492 4706 Ubi
3554 4654 3749 4745 autem
3810 4647 3874 4745 in

459 4766 554 4805 ras
600 4750 798 4820 ipsum
830 4748 1161 4819 frequenter
1215 4744 1738 4800 Alexandrinorum
1788 4744 2104 4816 accepisse,

459 4838 680 4910 quibus
704 4853 818 4892 non
851 4852 1059 4908 parum
1092 4834 1245 4890 exilii
1279 4833 1548 4890 molestia
1580 4833 1887 4889 levaretur.

529 4934 696 4982 ANNO
742 4927 867 4980 344.
930 4956 996 4965 -
1045 4924 1256 4978 Ariani
1325 4923 1569 4996 episcopi
1651 4938 1855 4978 novam
1933 4923 2105 4979 edunt

453 5015 593 5089 ﬁdei
617 5013 959 5087 formulam.
991 5043 1060 5052 —-
1088 5020 1255 5068 Anno
1277 5013 1509 5068 circiter
1538 5013 1664 5082 344,
1696 5012 1886 5067 tribus
1909 5011 2108 5067 videli-

454 5109 548 5161 cet
577 5109 708 5176 post
735 5102 1122 5174 compositam
1156 5107 1532 5172 postremam,
1568 5102 1638 5156 de
1665 5117 1783 5172 qua
1809 5102 2104 5173 superius,

453 5193 589 5249 ﬁdei
620 5192 956 5263 formulam,
989 5191 1368 5258 annis,coacti
1396 5191 1593 5246 Ariani
1615 5191 1873 5263 episcopi
1895 5207 2104 5246 novam

451 5285 654 5351 edunt,
687 5283 981 5355 prioribus
1013 5279 1381 5352 prolixiorem
1440 5280 1516 5351 (a)
1578 5279 1635 5334 in
1696 5297 1812 5352 qua
1868 5281 2105 5352 quidem

452 5371 577 5428 haec
634 5371 905 5428 Arianica
960 5370 1252 5428 sententia
1309 5368 1360 5439 ἐξ
1445 5366 1543 5421 οὐκ
1599 5362 1791 5439 ὄντων,
1861 5370 2105 5441 aliaeque

453 5460 794 5532 hujusmodi
818 5462 1214 5527 confutantur,
1247 5476 1450 5516 verum
1504 5458 1650 5513 nihil
1711 5459 1782 5514 de
1831 5457 1989 5530 οὖσὶᾳ
2047 5464 2106 5515 et

453 5548 732 5624 όμοουσῖῳ
754 5552 1008 5608 effertur.
1043 5550 1266 5607 Dicitur
1299 5549 1478 5606 Filius
1499 5549 1654 5604 Patri
1680 5548 1917 5621 quidem
1939 5551 2102 5606 simi-

2217 4745 2480 4818 proximo
2513 4746 2640 4810 fuit,
2675 4750 2740 4798 ut
2764 4743 3025 4815 episcopi
3059 4759 3187 4798 eam
3225 4741 3282 4796 in
3325 4741 3529 4796 urbem
3570 4739 3678 4794 iter
3704 4736 3875 4792 insti-

2214 4840 2463 4902 tuerent,
2488 4838 2691 4888 evocat
2712 4834 2998 4888 Constans
3018 4831 3406 4886 Athanasium
3431 4829 3488 4883 in
3509 4826 3875 4897 Gallias,quo

2215 4925 2355 4980 item
2391 4923 2602 4978 Hosius
2625 4926 3026 4977 concesserat:
3063 4926 3127 4976 ut
3158 4938 3274 4975 una
3316 4919 3450 4974 inde
3509 4917 3704 4987 ambo,
3737 4931 3874 4971 cum

2215 5013 2413 5068 Galliae
2479 5010 2829 5083 praesulibus
2870 5011 3074 5066 eodem
3136 5007 3666 5080 proficiscentibus,
3737 5005 3875 5060 Sar-

2215 5106 2406 5160 dicam
2443 5103 2720 5173 secundo,
2748 5107 2815 5156 ut
2862 5106 3120 5174 putatur,
3174 5098 3303 5156 istri
3361 5096 3605 5154 ﬂumine
3661 5109 3872 5150 conce-

2221 5195 2446 5250 derent.

2288 5288 2455 5338 ANNo
2487 5281 2611 5335 347.
2649 5310 2714 5320 -
2763 5280 2812 5334 1.
2865 5279 3111 5352 δῃηοάιω
3182 5277 3541 5333 Sardicensis.
3576 5307 3642 5314 —
3675 5274 3876 5345 Itaque

2219 5391 2368 5430 coss.
2403 5372 2612 5426 Ruﬁno
2643 5373 2699 5424 et
2759 5369 3029 5436 Eusebio,
3076 5368 3373 5424 Serdicam
3435 5365 3744 5422 conﬂuunt
3800 5376 3872 5417 ex

2213 5461 2527 5519 Occidente
2557 5459 2814 5531 episcopi
2844 5475 3022 5531 prope
3051 5463 3313 5513 centum.
3373 5455 3458 5512 Ad
3511 5468 3700 5526 usque
3754 5455 3875 5507 tre-

2213 5555 2413 5608 centos
2443 5548 2710 5604 scribunt
2771 5547 3036 5604 Socrates
3093 5551 3151 5602 et
3204 5550 3580 5613 Sozomenus,
3645 5538 3875 5613 decepti

520 5696 606 5772 (a)
626 5695 845 5772 Athan.
867 5699 946 5772 D_e
972 5698 1218 5772 synodz'c,
1243 5715 1302 5770 n,
1335 5698 1442 5766 26,
1477 5697 1698 5753 Socrat.
1734 5694 1834 5752 lib.
1872 5713 1934 5767 ιι,
1969 5713 2097 5772 cap.
2142 5697 2209 5754 19
2237 5711 2250 5755 :
2275 5697 2506 5754 Sozom.
2539 5694 2578 5751 l.
2614 5710 2700 5763 III,
2734 5709 2860 5768 cap.
2897 5694 2984 5749 11.

523 5767 599 5845 (b)
625 5767 802 5826 Hilar.
835 5768 944 5827 col.
979 5767 1136 5828 1331.
