4166 6396
1750 357 1940 420 VITA
1984 356 2025 417 S
2038 398 2051 413 .
2096 352 2549 417 ATHANASII.

3742 372 3850 423 CII!

423 489 679 560 quodam
728 490 1030 546 Athanasii
1079 491 1227 557 loco,
1278 492 1376 563 qui
1425 491 1665 546 tolidem
1726 490 1809 547 ait
1858 490 2078 563 synodo
2108 488 2158 555 Α
2195 494 2489 543 morarent
2518 490 2659 544 item
2692 506 2893 546 eorum
2927 488 3321 561 formidinem,
3350 491 3586 562 quando
3608 507 3848 564 conspe-

420 578 771 650 sutfragium
804 586 859 634 et
891 598 1105 636 nomen
1137 580 1502 651 ascripsisse,
1538 597 1934 635 annumerans
1965 579 2077 634 sci-

418 665 554 721 licet
585 669 969 738 praesentibus
1016 674 1301 741 quotquot
1352 671 1622 725 absentes
1651 669 2075 740 subscripsere.

417 755 540 819 Qua
570 756 709 811 item
756 759 1047 813 sententia
1102 764 1302 814 narrat
1350 759 1745 814 Theoderetus
1796 760 2078 813 ducentos

417 845 851 917 quinquaginta
880 847 937 901 in
973 848 1238 919 antiquis
1290 854 1516 902 exstare
1549 848 1945 903 monumentis
1977 850 2071 915 (a).

418 933 525 988 Sed
563 935 674 989 ﬁde
704 936 936 1008 dignior
977 936 1353 1004 Athanasius,
1406 938 1503 1008 qui
1557 943 1789 992 centum
1841 942 2076 1009 septua-

413 1022 576 1093 ginta
609 1025 840 1079 circiter
870 1043 1003 1081 cum
1037 1044 1106 1081 ex
1139 1027 1468 1089 Occidente,
1490 1032 1614 1081 tum
1648 1044 1715 1081 ex
1747 1026 1978 1082 Oriente
2011 1043 2077 1080 co

416 1113 756 1169 convenisse
787 1121 1093 1170 memorat.
1154 1118 1221 1170 Et
1269 1116 1317 1170 si
1365 1117 1569 1171 demas
1614 1134 1783 1171 Lxxul
1815 1116 2075 1171 Orienta-

413 1199 521 1269 les,
556 1202 656 1273 qui
689 1203 928 1259 Sardica
961 1221 1021 1259 se
1054 1205 1443 1277 proripientes
1473 1204 1908 1277 Philippopolin
1942 1222 2075 1259 con-

416 1306 663 1358 cessere,
698 1292 928 1347 circiter
959 1298 1190 1349 centum
1226 1300 1595 1365 supererunt.
1649 1296 1756 1348 Sed
1808 1296 1917 1349 erit
1964 1296 2075 1349 for-

414 1382 571 1435 tasse
603 1380 681 1435 rei
735 1381 1002 1453 pluribus
1054 1383 1400 1453 indagandae
1454 1384 1634 1439 locus.
1686 1386 1830 1439 Cum
1880 1390 2076 1439 autem

412 1467 570 1525 Julio
620 1471 870 1542 negotiis
918 1473 1151 1527 detento
1200 1491 1307 1527 non
1365 1478 1519 1528 esset
1548 1490 1614 1528 eo
1645 1474 2077 1543 eommigrandi

413 1557 686 1623 facultas,
718 1558 941 1631 legatos
964 1558 1060 1614 ille
1090 1561 1251 1615 misit
1273 1560 1373 1631 qui
1403 1560 1555 1615 vices
1578 1561 1890 1630 implerent
1914 1576 2073 1625 suas,

408 1647 830 1703 Archidamum
864 1654 921 1703 et
950 1648 1333 1705 Philoxenum
1390 1650 1777 1721 presbyteros,
1832 1650 2074 1720 quibus-

410 1750 541 1789 cum
578 1741 701 1791 erat
731 1736 973 1808 quidam
1007 1744 1113 1793 Leo
1146 1740 1447 1793 diaconus.
1504 1739 1730 1792 Primas
1778 1738 2079 1793 obtinebat

409 1821 470 1877 in
494 1824 715 1894 synodo
743 1840 991 1895 magnus
1014 1822 1109 1879 ille
1134 1824 1366 1879 Hosius.
1389 1826 1494 1889 Qui
1522 1825 1840 1879 intererant
1862 1826 2073 1896 caeteri,
2108 1862 2154 1925 Β

408 1924 477 1963 ex
511 1911 804 1982 Hispaniis
836 1918 1023 1977 erant,
1057 1913 1257 1980 Galiis,
1296 1914 1480 1975 Italia.
1514 1915 1851 1987 Campania,
1902 1914 2075 1969 Cala-

408 1998 555 2059 bria.
592 2000 823 2071 Apulia,
862 2001 1065 2069 Africa,
1117 2003 1405 2072 Sardinia,
1442 2004 1793 2069 Pannoniis,
1850 2004 2075 2075 Mysiis,

411 2086 607 2155 Dacia,
645 2089 872 2157 Norico,
908 2091 1115 2162 Siscia,
1156 2093 1461 2160 Dardania,
1510 2092 1691 2148 altera
1722 2093 1920 2160 Dacia,
1955 2094 2072 2148 Ma-

412 2177 675 2249 cedonia,
728 2179 1052 2249 Thessalia,
1101 2182 1339 2249 Achaia,
1391 2183 1584 2254 Epiro,
1637 2183 1865 2251 Tracia,
1918 2182 2074 2238 Rho-

411 2266 579 2338 dope,
630 2266 959 2336 Palaestina,
1015 2272 1250 2338 Arabia,
1302 2275 1467 2325 Creta
1520 2278 1577 2326 et
1623 2273 1883 2344 ngypto.
1937 2272 2073 2336 Qui-

411 2372 548 2411 nam
576 2373 645 2411 ex
674 2356 935 2427 qualibet
959 2360 1193 2432 regione
1233 2360 1547 2427 adfuerint,
1572 2378 1683 2415 non
1711 2361 1765 2414 in
1798 2366 2070 2433 promptu

411 2450 501 2499 est
532 2461 849 2501 recensere.
883 2448 1139 2503 Aderant
1168 2448 1306 2504 item
1330 2449 1709 2517 Athanasius,
1742 2450 2072 2521 Marcellus,

409 2534 709 2607 Asclepas,
745 2552 850 2591 nec
882 2554 993 2593 non
1027 2537 1123 2592 alii
1157 2539 1414 2610 episcopi
1458 2539 1811 2593 Arianorum
1859 2540 2071 2605 furore,

421 2623 580 2688 dolo,
616 2624 850 2681 insidiis
882 2627 1071 2697 patrio
1101 2629 1387 2683 exturbati
1423 2628 1566 2683 solo.
1594 2628 1897 2683 Eminebat
1926 2630 2078 2684 inter

412 2713 558 2769 alios
608 2714 821 2769 Lucius
854 2716 1431 2789 Adrianopolitanus,
1484 2723 1722 2774 catenas
1771 2718 2075 2774 circumfe-

413 2818 547 2857 rens
580 2804 747 2873 queis
781 2820 895 2858 non
930 2805 1107 2861 semel
1145 2808 1336 2861 fuerat
1384 2807 1740 2862 constrictus
1783 2814 1838 2862 et
1869 2825 2072 2863 onera-

417 2894 546 2947 tus:
581 2892 947 2948 ventitabant
976 2898 1032 2949 et
1062 2894 1180 2961 alii,
1218 2895 1425 2968 plagis,
1473 2896 1645 2964 fame,
1693 2897 1868 2952 variis
1919 2896 2071 2953 cala-

420 2978 720 3035 mitatibus
753 2982 973 3037 afflicti.

481 3073 532 3124 2.
606 3070 911 3126 Orientales
986 3074 1348 3144 reformidant
1406 3074 1688 3146 judicium
1756 3076 2070 3132 Οσσίάσηια-

411 3159 569 3214 lium.
605 3191 673 3201 —-
704 3161 1028 3217 Orientales
1058 3179 1211 3228 vero,
1268 3181 1516 3233 quorum
1572 3166 1863 3237 principes
1903 3169 2071 3220 erant

2187 584 2389 632 xerant
2415 578 2584 633 aliter
2614 596 2853 635 causam
2889 581 2981 653 agi
3014 586 3190 651 atque
3224 578 3306 634 illi
3340 579 3758 636 existimarent.

2259 668 2309 721 3.
2346 670 2493 737 Fuga
2542 669 2884 724 Orz'cntalim.
2940 701 3001 710 —-
3045 669 3141 725 His
3171 668 3257 723 illi
3289 669 3712 724 animadversis
3744 670 3842 742 (b),

2187 758 2421 811 tametsi
2470 756 2740 813 alacriter
2787 763 2843 814 et
2892 763 3161 831 prompte
3208 776 3336 814 sese
3388 758 3491 812 vite
3541 759 3847 814 commise-

2190 850 2340 913 rant,
2375 847 2483 900 rati
2506 847 2899 903 Athanasium
2925 847 3243 920 pulsosque
3264 852 3521 917 caeteros,
3549 852 3704 903 metu
3729 847 3841 920 sui,

2189 950 2262 988 ne
2317 935 2701 1006 commigrare
2753 937 2988 1007 quidem
3037 936 3338 990 Sardicam
3397 952 3668 1006 ausuros,
3719 935 3841 1005 ubi,

2188 1040 2355 1078 versa
2404 1042 2596 1079 rerum
2650 1024 3002 1095 conditione,
3056 1031 3312 1097 paratos,
3362 1042 3552 1080 causa:
3601 1024 3846 1081 fidentes

2188 1129 2559 1184 conspexere,
2593 1114 2651 1168 in
2698 1114 2933 1185 palatio,
2986 1132 3100 1187 quo
3154 1114 3453 1169 domicilio
3505 1114 3845 1181 utebantur,

2189 1201 2405 1257 clausis
2428 1202 2650 1257 foribus
2673 1203 3003 1259 considunt.
3026 1205 3173 1258 Tum
3198 1203 3491 1275 perterriti
3516 1202 3846 1258 deliberant

2188 1291 2325 1359 quid
2354 1292 2498 1347 facto
2522 1309 2688 1364 opus,
2713 1310 2842 1364 qua:
2863 1292 2953 1347 via
2975 1293 3317 1363 expediendi
3348 1310 3409 1347 se
3443 1292 3499 1347 in
3534 1298 3654 1347 tam
3686 1292 3841 1348 dim-

2189 1379 2283 1434 cili
2320 1381 2651 1436 conditione
2683 1398 2914 1437 rerum:
2950 1381 3095 1436 nihil
3136 1381 3389 1453 prasidii
3441 1381 3665 1449 adesse,
3717 1398 3843 1437 om-

2190 1468 2289 1522 nia
2320 1470 2390 1523 ad
2424 1470 2512 1524 sui
2548 1470 2864 1541 perniciem
2897 1476 3261 1541 comparata;
3295 1468 3553 1541 integros
3584 1468 3841 1541 judices,

2190 1563 2559 1614 accusatores
2591 1559 2959 1615 documentis
2988 1557 3334 1623 instructos,
3373 1575 3497 1614 rem
3530 1574 3709 1630 prope
3742 1560 3841 1614 de-

2189 1652 2506 1718 speratam.
2569 1649 2816 1703 Demum
2875 1666 2942 1705 eo
3001 1647 3307 1721 appellunt
3366 1648 3654 1715 animum,
3714 1665 3843 1719 quae

2188 1734 2361 1789 unica
2409 1740 2713 1807 supererat
2760 1738 2905 1792 tanti
2958 1737 3200 1808 periculi
3248 1734 3579 1791 declinandi
3613 1736 3725 1801 via,
3779 1741 3846 1791 ut

2189 1822 2326 1895 fuga
2358 1841 2419 1879 se
2462 1826 2871 1881 subducerent.
2905 1826 3175 1896 Synodus
3207 1830 3402 1880 tamen
3454 1824 3535 1879 ait
3583 1824 3674 1897 (ε),
3715 1826 3843 1895 jam

2189 1929 2322 1967 cum
2384 1915 2492 1969 iter
2550 1915 3014 1985 ingrederentur,
3076 1930 3143 1969 eo
3200 1914 3445 1970 consilio
3508 1914 3711 1979 fuisse,
3781 1918 3847 1970 ut

2190 2005 2629 2073 quamprimum
2662 2003 2961 2059 Sardicam
2995 2005 3312 2074 venissent,
3347 2019 3476 2059 sese
3508 2002 3707 2058 statim
3741 2003 3848 2059 ali-

2187 2108 2302 2162 quo
2334 2092 2572 2148 obtentu
2606 2094 2987 2165 proriperent.
3040 2093 3109 2149 Ut
3156 2098 3351 2148 autem
3379 2109 3617 2149 causam
3650 2093 3849 2165 digre-

2186 2180 2381 2235 diendi
2402 2181 2487 2235 vel
2503 2182 2967 2237 commentitiam
2986 2182 3349 2249 aii‘errent,se
3366 2199 3476 2236 non
3494 2197 3667 2253 posse
3679 2182 3848 2237 aiunt

2186 2275 2396 2324 cretum
2430 2271 2590 2325 adire
2621 2271 3051 2342 episcoliorum,
3085 2272 3199 2327 nisi
3229 2270 3642 2337 Athanasium,
3690 2269 3845 2325 Mar-

2186 2358 2396 2413 cellum
2451 2366 2804 2432 caeterosque
2846 2378 2879 2415 a
2909 2376 2970 2415 se
3001 2361 3309 2415 damnatos
3358 2359 3652 2430 ejicerent.
3706 2361 3843 2425 Quae

2185 2449 2440 2502 conditio
2476 2450 2777 2519 periniqua
2824 2454 2985 2510 erat;
3020 2466 3151 2504 cum
3205 2448 3285 2517 id,
3311 2447 3546 2520 quidem
3598 2447 3843 2518 quaestio

2184 2541 2323 2591 tunc
2356 2544 2529 2604 esset,
2568 2544 2630 2592 ut
2660 2538 2955 2593 decretum
2988 2555 3053 2593 ac
3098 2538 3403 2593 deﬁnitum
3452 2536 3653 2592 haberi
3702 2553 3844 2592 con-

2184 2626 2506 2682 tenderent.
2532 2628 2681 2681 Tum
2709 2628 2904 2683 Patres
2928 2644 3043 2681 una
3064 2644 3198 2682 cum
3232 2624 3555 2681 Athanasio
3579 2624 3845 2698 compel-

2184 2714 2303 2770 lare
2334 2715 2599 2771 homines
2623 2733 2687 2771 ac
2712 2733 3021 2788 provocare
3048 2734 3061 2771 :
3099 2734 3203 2788 par
3234 2716 3414 2771 fuisse
3444 2720 3548 2771 aut
3580 2732 3695 2770 non
3730 2715 3846 2770 iter

2184 2805 2430 2878 ingredi,
2482 2813 2583 2860 aut
2604 2807 2730 2876 jam
2764 2823 2956 2861 coram
2986 2807 3210 2878 positos
3242 2822 3357 2861 non
3389 2804 3795 2875 subterfugere
3827 2820 3841 2859 ί

2182 2893 2239 2949 id
2271 2911 2399 2949 esse
2432 2896 2755 2950 maximum
2799 2900 3215 2967 argumentum
3262 2911 3361 2950 eos
3414 2892 3842 2949 maleﬁciorum

2181 2984 2537 3040 conscientia
2565 2985 2843 3056 torqueri.
2874 2985 2928 3038 Si
2965 2988 3205 3056 possent
3229 3000 3358 3055 quae
3382 2981 3628 3037 crimina
3657 2981 3839 3037 Atha-

2182 3073 2346 3128 nasio
2365 3073 2699 3129 obtulerant
2737 3073 3135 3144 comprobare,
3180 3072 3549 3139 accederent;
3575 3070 3840 3141 sin,curn

2180 3180 2293 3218 non
2328 3168 2585 3235 possent,
2621 3179 2682 3218 se
2712 3162 2866 3217 nolle
2888 3162 3254 3227 simularent,
3288 3165 3482 3233 aperte
3505 3159 3835 3231 sycophan-

409 3248 750 3305 Theodorus
798 3251 1105 3321 Heracleae,
1160 3253 1467 3308 Narcissus
1522 3234 1890 3318 Neroniadis,
1942 3255 2065 3310 Ste-
2099 3234 2140 3299 (ἶ
2183 3256 2269 3307 tas
2302 3234 2429 3307 esse
2459 3257 2515 3307 et
2544 3252 2888 3306 damnatum
2922 3251 3012 3305 iri.
3064 3250 3286 3315 Quibus
3336 3249 3419 3303 illi
3462 3248 3680 3304 auditis
3712 3252 3840 3303 stu-

410 3336 643 3408 phanus
673 3340 1095 3408 Antiochenus,
1128 3342 1227 3413 qui
1263 3359 1375 3397 non
1410 3343 1510 3397 diu
1534 3343 1837 3397 Flacillum
1862 3344 2069 3398 defun-

409 3431 569 3482 ctum
602 3434 925 3500 exceperat,
975 3431 1221 3485 Aracius
1270 3430 1663 3497 Casariensis,
1715 3432 2071 3503 Menophan-

409 3519 507 3571 tus
538 3517 891 3589 Ephesinus,
931 3519 1205 3575 Ursacius
1237 3519 1591 3591 Singidonis,
1625 3520 1840 3577 Valens
1864 3521 2066 3592 Mursi,

409 3604 626 3677 aliique
657 3624 900 3662 numero
930 3609 1019 3675 73,
1054 3608 1102 3661 si
1135 3613 1332 3663 tamen
1366 3610 1903 3681 subseriptionibus
1934 3609 2067 3664 Phi-

408 3694 848 3767 lipp0politanis
874 3696 949 3753 sit
971 3698 1131 3764 fides,
1157 3698 1342 3753 nimia
1363 3699 1731 3754 conscientiae
1762 3699 2070 3755 formidine

408 3785 781 3853 tenebantur,
804 3789 869 3841 ut
896 3788 1237 3842 accederent
1263 3788 1402 3854 soli;
1437 3788 1539 3843 sed
1569 3805 1767 3845 secum
1795 3794 2069 3859 patronos

409 3877 465 3927 et
494 3873 596 3928 vice
642 3875 832 3931 socios
864 3877 1233 3932 adducebant
1261 3878 1672 3934 Musonianum
1709 3879 1980 3934 comitem
2013 3884 2070 3934 et

410 3962 761 4032 Hesychium
796 3966 1192 4021 Castrensem.
1241 3966 1393 4021 Nihil
1426 3970 1581 4023 enim
1617 3968 1858 4040 perinde
1892 3970 2067 4024 refor-

409 4051 715 4108 midabant
766 4058 940 4125 atque
987 4054 1232 4111 honesto
1284 4062 1341 4111 et
1398 4055 1797 4113 ecclesiastico
1841 4058 2070 4128 judicio

409 4142 751 4213 conﬂictari,
799 4160 903 4199 nec
937 4145 1046 4199 nisi
1082 4144 1491 4217 magistratum
1526 4163 1633 4218 ope
1675 4162 1737 4202 se
1770 4162 1894 4201 rem
1927 4148 2072 4203 bene

408 4236 680 4302 gesturos
735 4233 1071 4303 sperabant.
1125 4239 1199 4287 At
1250 4234 1347 4289 ubi
1405 4235 1706 4290 Sardicam
1765 4235 2069 4307 advenere,

409 4334 533 4374 rem
564 4326 766 4376 contra
796 4338 861 4377 ac
893 4322 1003 4377 rati
1035 4328 1200 4377 erant
1230 4340 1292 4378 se
1336 4323 1547 4379 habere
1581 4324 1924 4395 conspicati,
1978 4340 2070 4380 ec-

408 4409 924 4481 clesiasticumque
972 4412 1229 4467 tribunal
1278 4413 1505 4481 adesse,
1556 4413 1654 4468 ubi
1709 4430 1825 4468 non
1875 4430 2072 4470 comes

406 4504 580 4568 esset,
612 4516 729 4555 non
762 4500 1001 4570 milites,
1036 4518 1153 4556 non
1183 4501 1559 4573 imperatoris
1582 4503 1849 4570 formido,
1880 4504 1980 4559 sed
2004 4520 2071 4559 ex

2183 3342 2411 3414 pefacti,
2471 3357 2657 3412 usque
2705 3357 2770 3395 eo
2819 3340 2960 3411 quid
3001 3340 3215 3395 inirent
3246 3337 3475 3394 consilii
3508 3355 3621 3393 non
3655 3338 3834 3392 habe-

2180 3431 2341 3497 bant,
2400 3434 2463 3485 ut
2501 3430 2769 3485 iteratam
2804 3430 2875 3484 ad
2910 3428 3223 3484 Mareotem
3256 3427 3607 3499 legationem
3636 3429 3838 3497 postu-

2177 3518 2386 3589 larent,
2420 3535 2535 3591 quo
2565 3518 2712 3590 ipsis
2742 3518 2802 3572 in
2836 3518 2977 3573 locis
3011 3516 3150 3589 quid
3184 3532 3313 3572 vere
3343 3520 3576 3588 gestum
3630 3514 3840 3570 fuisset

2180 3608 2735 3679 deprehenderetur.
2759 3606 3008 3678 Explosa
3033 3605 3337 3661 hominum
3366 3604 3664 3677 petitione,
3691 3603 3835 3659 alte-

2182 3714 2305 3752 ram
2338 3696 2421 3751 illi
2454 3695 2865 3767 perridiculam
2900 3696 3149 3751 atterunt
3179 3693 3536 3765 remigrandi
3559 3709 3836 3763 causam;

2180 3786 2291 3843 sibi
2324 3786 2545 3843 scilicet
2576 3786 2994 3841 maturandum
3023 3784 3083 3840 in
3134 3785 3453 3850 Orientem,
3505 3783 3645 3856 quia
3691 3782 3838 3838 Con-

2182 3875 2434 3930 stantius
2464 3876 2762 3947 Augustus
2795 3874 3006 3930 litteris
3041 3873 3421 3940 renuntiaret,
3462 3888 3739 3945 magnam
3774 3888 3839 3928 se

2182 3964 2489 4021 Persarum
2522 3970 2779 4037 stragem
2811 3963 3084 4031 edidisse,
3121 3968 3178 4019 et
3205 3962 3444 4018 victoria
3475 3962 3672 4017 laetum
3704 3978 3835 4017 evo-

2182 4071 2310 4110 care
2360 4054 2656 4127 prazsules.
2705 4055 2851 4108 Ante
2905 4054 3232 4125 profectum
3281 4053 3515 4119 Hosius,
3572 4068 3687 4123 quo
3718 4050 3838 4107 illis

2182 4160 2415 4201 omnem
2450 4143 2728 4215 querendi
2764 4159 3003 4198 causam
3038 4143 3274 4208 levaret,
3326 4141 3595 4197 homines
3642 4141 3701 4195 in
3744 4154 3837 4195 ec-

2182 4234 2420 4289 clesiam
2453 4234 2835 4288 adventantes
2868 4232 3077 4287 leniter
3105 4236 3162 4287 et
3193 4231 3433 4303 pacifica
3463 4235 3836 4286 commonet:

2182 4323 2230 4378 si
2264 4322 2404 4393 quid
2438 4321 2701 4376 criminis
2736 4321 2988 4376 habeant
3025 4320 3343 4376 Athanasio
3376 4319 3737 4376 offerendum
3771 4335 3841 4373 ne

2182 4416 2531 4467 cunctentur
2560 4410 2885 4479 enuntiare,
2938 4426 3171 4481 aequum
3223 4410 3344 4464 fore
3387 4425 3454 4465 eo
3485 4409 3558 4464 de
3589 4406 3840 4480 rejudi—

2181 4502 2359 4557 cium.
2394 4501 2495 4555 llis
2528 4517 2703 4556 senex
2733 4498 2923 4554 verbis
2952 4498 3271 4570 alloquitur
3301 4497 3746 4563 consceleratos,
3772 4513 3840 4552 ac

403 4587 643 4643 veritate
674 4605 852 4645 causa
874 4591 1245 4662 penderetur,
1280 4590 1504 4663 ingenti
1532 4597 1673 4646 sunt
1696 4596 1914 4647 terrore
1938 4608 2065 4663 per-
2104 4611 2148 4675 D
2178 4591 2271 4647 bis
2303 4590 2588 4656 hortatur,
2640 4588 2689 4643 si
2734 4586 2955 4642 nollent
2983 4587 3043 4643 in
3077 4592 3390 4659 conspectu
3441 4586 3669 4659 synodi,
3723 4584 3840 4641 sibi

404 4675 572 4734 eulsi.
608 4677 821 4734 Praesto
854 4696 1107 4751 namque
1129 4685 1292 4735 erant
1314 4685 1684 4736 accusatores
1715 4698 1782 4735 ex
1813 4681 2069 4753 singulis

403 4764 698 4829 Ecclesiis,
732 4768 1001 4838 urbibus,
1038 4768 1401 4841 regionibus,
1438 4770 1803 4842 argumentis
1834 4775 1890 4825 et
1936 4787 2067 4842 pro-

406 4855 742 4911 bationibus
773 4856 1066 4912 instructi.
1103 4863 1544 4931 Innopportune
1575 4860 1864 4915 ceciderat
1896 4859 2065 4931 ipsis,

407 4945 562 5014 quod
609 4945 725 4999 duo
772 4946 1139 5003 venerabiles
1188 4946 1469 5019 episcopi,
1524 4948 1698 5004 Arius
1746 4947 1969 5005 scilicet
2010 4949 2069 5003 in

407 5031 718 5089 Palaestina
745 5035 1058 5107 episcopus
1091 5042 1148 5091 et
1190 5036 1456 5092 Asterius
1500 5042 1803 5092 Petrarum
1836 5037 1893 5092 in
1929 5043 2070 5093 Ara-

408 5121 523 5193 bia,
559 5122 661 5194 qui
691 5139 827 5179 cum
862 5124 1238 5180 factiosorum
1273 5132 1504 5182 caterva
1535 5143 1603 5181 ex
1632 5126 1871 5182 Oriente
1901 5143 2070 5183 vene-

406 5216 560 5278 rant,
594 5228 727 5266 cum
762 5213 1020 5283 primum
1072 5214 1373 5269 Sardicam
1428 5214 1824 5284 advenissent,
1880 5216 2069 5271 desci-

406 5303 636 5356 scerent
666 5301 737 5355 ad
773 5301 1195 5370 Occidentales,
1247 5320 1312 5358 ac
1358 5304 1648 5359 vafritiem
1682 5305 2070 5377 conspiratio-

405 5404 659 5461 nemque
704 5389 1009 5445 hominum
1061 5391 1286 5446 caeteris
1340 5394 1763 5458 renuntiarent,
1816 5410 2070 5449 comme-

478 5552 555 5620 (a)
606 5551 814 5607 Athan.
874 5553 1009 5623 Apol
1052 5557 1243 5608 contra
1293 5554 1485 5609 Arz'an.
1542 5572 1599 5609 n.
1654 5555 1745 5619 36,
1805 5554 1904 5621 33;
1966 5553 2069 5610 So-

405 5627 550 5701 c_rat.
589 5623 743 5701 _lib._
775 5641 834 5695 ιι,
886 5640 1014 5698 cap.
1045 5626 1175 5701 _20;
1227 5624 1461 5684 Sozom.
1514 5624 1617 5683 lib.
1679 5643 1742 5699 II,
1796 5641 1924 5701 cap.
1977 5625 2066 5685 11.

407 5692 698 5758 Theodor.
729 5694 769 5757 l.
814 5692 852 5775 i,
887 5692 1015 5774 cap.
1044 5697 1102 5759 7.

2181 4680 2387 4737 saltem
2420 4680 2681 4734 indicent
2721 4676 2862 4748 quid
2913 4680 3067 4732 esset
3111 4676 3511 4747 querimoniae.
3565 4675 3619 4729 Si
3673 4690 3839 4730 reum

2181 4773 2460 4841 peragant
2494 4766 2903 4831 Athanasium,
2956 4765 3363 4821 damnandum
3414 4764 3720 4837 pollicetur
3767 4763 3839 4819 ab

2181 4857 2688 4924 Occidentalibus;
2742 4855 2835 4910 sin
2889 4856 3092 4910 insons
3140 4854 3257 4922 ille,
3310 4854 3423 4927 ipsi
3468 4852 3839 4925 syc0phantte

2181 4947 2712 5020 deprehendantur,
2764 4953 2818 5001 et
2866 4949 3063 5000 tamen
3117 4944 3304 5000 nolint
3334 4945 3524 4999 virum
3558 4943 3838 5014 recipere,

2183 5044 2477 5093 auctorem
2513 5037 2621 5109 ipsi
2656 5037 2796 5102 fore,
2841 5040 2906 5089 ut
2937 5034 2995 5088 in
3029 5033 3343 5106 Hispanias
3376 5048 3576 5089 secum
3609 5030 3840 5103 profici-

2183 5131 2400 5180 scatur.
2428 5125 2857 5190 Conditionem,
2883 5123 3179 5194 disparem
3206 5122 3340 5178 licet
3361 5126 3417 5177 et
3439 5120 3724 5192 iniquam,
3752 5133 3843 5174 ao-

2182 5216 2435 5288 cipiebat
2481 5213 2862 5269 Athanasius.
2914 5216 3131 5268 Verum
3180 5211 3286 5278 illi,
3340 5215 3502 5267 tanto
3554 5209 3841 5264 nimirum

2183 5303 2549 5359 conscientia:
2584 5302 2787 5357 timore
2818 5301 3189 5369 tenebantur,
3223 5316 3345 5356 rem
3378 5302 3615 5369 negant,
3661 5302 3718 5353 et
3748 5298 3842 5356 fu-

2182 5409 2315 5464 gam
2352 5392 2592 5448 faciunt.
2631 5392 2744 5445 lter
2772 5389 3070 5462 ingressos
3096 5390 3352 5462 synodus
3375 5387 3552 5443 mittit
3580 5388 3839 5462 compel-

2277 5554 2329 5621 b)
2362 5552 2566 5609 Athan.
2598 5551 2751 5623 Apol.
2782 5554 2972 5607 contra
3001 5550 3221 5623 Arium,
3253 5566 3310 5605 n.
3345 5549 3438 5605 36.

2275 5626 2322 5701 ε)
2359 5624 2532 5683 Hilar.
2567 5621 2796 5699 Fragm.
2825 5624 2882 5692 2,
2914 5638 2972 5679 n.
3003 5621 3058 5679 7.
