4166 6432
310 400 319 443 ί
346 430 445 488 Civ

1741 430 2326 498 PROLEGOMENA
2339 481 2352 493 .

343 556 553 627 latum,
584 560 1117 637 denuntiatumque
1147 563 1511 621 damnandos
1559 565 1679 621 fore
1728 569 1793 621 ut
1829 583 1995 639 syco-
2026 569 2079 635 Α
2110 567 2194 622 ria
2223 572 2556 639 temporum
2588 566 2846 624 amissis.
2879 566 3076 626 Prima
3116 584 3326 641 nempe
3365 567 3433 624 ad
3459 564 3681 624 clerum
3702 569 3761 623 et

347 647 625 721 phantas,
674 651 790 708 nisi
819 668 882 708 se
919 653 1208 710 sisterent.
1258 657 1331 709 At
1374 652 1459 708 illi
1503 672 1637 711 cum
1688 654 1858 711 laesos
1904 673 1998 712 ve-

347 742 633 811 xatosque
664 758 697 796 a
726 757 787 796 se
815 742 970 797 viros
1016 759 1208 798 coram
1263 743 1686 815 conspicerent,
1737 761 1809 800 ne
1856 762 2000 800 con-

349 843 518 884 verso
549 830 785 901 quidem
817 831 889 886 ad
921 830 1141 903 legatos
1162 831 1349 902 vultu,
1383 833 1792 905 properantius
1816 834 2000 906 fugie-

350 915 513 972 bant

423 1007 478 1061 4.
526 1010 764 1065 Exsules
810 1010 1058 1081 depulsis
1102 1012 1432 1067 criminibus
1478 1014 1872 1067 restituuntur.
1936 1042 2003 1052 --

350 1098 493 1151 Cum
524 1095 704 1169 igitur
744 1098 1067 1155 Orientales
1100 1100 1371 1156 indecore
1402 1118 1468 1156 ac
1498 1100 1745 1173 turpiter
1774 1117 1835 1156 se
1866 1116 2002 1171 pro-

348 1183 689 1257 ripuissent,
722 1192 847 1243 tum
893 1187 1104 1261 reliqui
1139 1189 1333 1245 Patres
1363 1189 1630 1246 exsulum
1663 1193 1720 1245 et
1764 1205 2003 1262 oppres-

348 1290 550 1331 sorum
580 1291 820 1332 causam
842 1277 1088 1350 agitant.
1114 1278 1412 1351 Leguntur
1429 1278 1638 1334 litteras
1660 1276 1797 1333 cleri
1819 1282 1876 1333 et
1908 1294 2005 1349 po-

346 1360 471 1434 puli
499 1362 896 1434 Alexandrini,
944 1365 1148 1422 littera:
1196 1384 1429 1439 quoque
1469 1367 1763 1439 octoginta
1791 1367 2003 1439 Egyp-

345 1451 564 1509 tiorum
594 1454 1026 1527 episcoporum,
1060 1455 1321 1527 diversae,
1356 1462 1421 1512 ut
1452 1460 1751 1529 putamus,
1784 1456 1855 1511 ab
1887 1453 2004 1510 illis

347 1542 421 1598 de
451 1543 668 1615 quibus
699 1544 772 1600 ad
807 1561 1030 1601 annum
1060 1545 1165 1603 340
1196 1546 1418 1602 dictum
1452 1550 1558 1602 est.
1592 1546 1771 1601 Erant
1801 1545 2004 1601 isthaac

346 1631 592 1690 totidem
624 1634 971 1691 innocentiae
1001 1635 1361 1702 testimonia,
1393 1636 1610 1707 quibus
1646 1635 2007 1708 purgabatur

348 1722 711 1779 Athanasius
733 1724 806 1779 ab
828 1723 1021 1779 allatis
1046 1724 1413 1780 criminibus.
1447 1724 1767 1780 Vertuntur
1787 1724 1860 1779 ad
1885 1723 2005 1778 haec

351 1812 670 1868 decantata:
691 1812 805 1869 illae
831 1812 1264 1870 Meletianorum
1287 1817 1688 1870 accusationes
1714 1814 1784 1869 de
1806 1817 2006 1869 euecto

348 1903 593 1960 Arsenio
633 1906 691 1959 et
721 1903 790 1959 de
822 1902 999 1959 calice
1030 1903 1237 1971 fracto,
1267 1920 1517 1975 quarum
1551 1903 1753 1959 statim
1780 1902 2007 1957 vanitas

349 1993 545 2067 palam
576 1992 705 2048 fuit.
737 1992 1025 2048 Arsenius
1076 1993 1313 2064 quippe,
1362 2009 1536 2065 quem
1590 1992 2005 2047 obtruncatum

342 2085 707 2156 jactitarant,
740 2084 894 2138 inter
920 2083 1082 2139 vivos
1111 2083 1490 2154 comparebat
1517 2079 1742 2152 integer
1766 2083 1825 2135 et
1853 2079 2011 2134 inco-

349 2171 551 2228 lumis.
583 2175 726 2227 Acta
753 2177 950 2229 autem
981 2171 1311 2241 Mareotica,
1354 2189 1388 2227 a
1419 2170 1678 2227 factiosis
1707 2169 1885 2235 edita,
1917 2167 2006 2222 in-

351 2267 439 2319 ter
468 2278 529 2318 se
562 2262 925 2335 pugnabant,
957 2266 1024 2317 ut
1047 2266 1135 2317 est
1165 2259 1437 2333 superius
1466 2264 1825 2315 enarratum.
1861 2257 2009 2312 Mar-

353 2353 536 2411 cellus
584 2354 724 2410 item
773 2357 831 2409 et
878 2350 1155 2423 Asclepas
1204 2350 1383 2422 probe
1422 2354 1479 2404 et
1509 2348 1732 2403 naviter
1761 2345 2009 2402 crimina

353 2444 721 2518 propulsant,
781 2458 848 2498 ac
905 2440 1125 2497 innoxii
1186 2438 1726 2512 deprehenduntur.
1796 2435 2013 2490 Praesto

355 2538 523 2592 erant
565 2533 664 2589 alii
712 2531 1095 2589 scelestorum
1129 2532 1541 2585 accusatores:
1594 2524 2013 2597 comparebant

354 2625 463 2682 viri
491 2626 563 2682 ab
594 2622 797 2681 exsilio
820 2620 1055 2688 reversi,
1088 2619 1337 2674 aliorum
1361 2617 1499 2672 item
1522 2614 1789 2671 exsulum
1814 2612 2010 2685 legati,

356 2714 797 2785 familiaresque
826 2709 1207 2782 aliorum;qui
1243 2707 1538 2763 ferocitate
1566 2703 1837 2759 Arianica
1880 2701 2011 2758 caesi

356 2805 622 2861 fuerant:
648 2801 979 2874 proferebat
1000 2798 1216 2854 Lucius
1240 2801 1496 2862 catenas,
1520 2794 1740 2865 quibus
1767 2789 2013 2848 constri-

357 2899 488 2950 ctus
518 2896 888 2962 onustusque
917 2889 1124 2943 fuerat.
1180 2885 1438 2941 Vulnera
1466 2883 1564 2939 alii
1595 2881 1969 2937 ostentabant
1998 2896 2011 2935 :

358 2984 515 3039 fame
543 2987 601 3037 et
628 2979 826 3036 inedia
856 2994 918 3035 se
949 2977 1198 3034 afﬂictos
1229 2971 1499 3030 nonnulli
1526 2970 2014 3028 testiﬁcabantur.

361 3074 631 3130 Oratores
662 3088 695 3127 a
732 3068 982 3125 diversis
1029 3064 1197 3123 missi
1247 3062 1519 3121 Ecclesiis
1566 3054 2014 3127 denuntiabant,

362 3162 581 3219 milites
610 3163 870 3216 armatos
899 3156 1201 3212 immissos
1246 3153 1305 3208 in
1345 3148 1642 3214 ecclesias,
1695 3147 2018 3218 turbasque

362 3251 544 3309 clavis
566 3252 907 3320 instructas,
935 3245 1164 3301 litteras
1188 3244 1248 3299 in
1270 3239 1586 3315 perniciem
1610 3237 2017 3310 episcoporum

2109 655 2389 728 populum
2414 656 2894 725 Alexandrinum,
2919 657 3017 713 ubi
3042 658 3245 713 ordine
3266 662 3645 714 recensentur
3664 672 3759 713 res

2109 744 2166 799 in
2200 746 2419 817 synodo
2450 751 2659 817 gestae;
2706 747 2988 820 aiuntque
3036 746 3235 803 Patres
3267 763 3329 803 se
3361 762 3598 820 rogasse
3641 751 3760 801 Au-

2109 840 2315 905 gustos
2347 839 2411 889 ut
2438 835 2572 890 tinis
2602 836 2840 891 tandem
2872 841 3027 891 esset
3055 835 3299 891 vexandi
3322 836 3646 908 episcopos,
3671 851 3763 890 ar-

2112 925 2741 995 cerenturquejudices
2764 943 2799 979 a
2823 926 3018 980 causis
3038 924 3383 981 clericorum
3413 942 3426 979 :
3461 925 3772 980 hortantur

2112 1016 2176 1065 ut
2207 1013 2542 1068 redeuntem
2576 1014 2991 1085 Athanasium,
3042 1018 3270 1086 patrem
3319 1017 3378 1070 et
3424 1013 3769 1086 episcopum

2111 1117 2308 1168 suum,
2342 1100 2657 1157 honorifice
2688 1106 2745 1158 et
2774 1120 2907 1157 cum
2933 1103 3145 1173 gaudio
3169 1102 3491 1174 recipiant:
3529 1104 3773 1157 monent

2112 1189 2456 1261 Gregorium
2487 1189 2578 1244 τὸν
2612 1187 3044 1263 ψευδεπίσκοπον
3096 1211 3130 1249 a
3165 1193 3389 1265 synodo
3421 1192 3770 1247 damnatum

2113 1282 2170 1333 et
2200 1278 2537 1336 abdicatum
2570 1297 2737 1336 esse:
2772 1281 3008 1336 edicunt
3030 1285 3093 1337 ut
3114 1281 3278 1337 nulla
3299 1297 3433 1336 cum
3453 1297 3520 1337 eo
3541 1280 3771 1336 ineatur

2113 1367 2548 1425 communionis
2576 1369 2843 1426 societas.
2867 1371 3178 1427 Admissos
3199 1370 3461 1426 indicant
3482 1373 3546 1425 ut
3567 1369 3769 1425 inson-

2113 1460 2221 1523 tes,
2261 1456 2643 1528 Aphtonium,
2697 1459 3086 1515 Athanasium
3143 1458 3458 1532 Capitonis,
3516 1456 3768 1514 Paulum

2115 1549 2170 1599 et
2228 1543 2551 1602 Plulionem
2612 1549 2981 1621 presbyteros
3029 1548 3235 1622 pulsos
3277 1549 3349 1604 ab
3399 1547 3767 1605 Eusebianis.

2113 1633 2216 1689 His
2268 1633 2486 1690 similia
2534 1636 2799 1693 scribunt
2847 1638 2917 1693 ad
2963 1637 3268 1710 episcopos
3325 1636 3617 1711 Egyptios
3646 1637 3769 1709 (b):

2117 1722 2385 1795 pluribus
2416 1729 2610 1780 autem
2641 1726 2840 1782 omnia
2860 1726 2918 1782 in
2941 1726 3235 1799 encyclica
3256 1725 3524 1798 epistola.
3558 1726 3646 1782 Ad
3666 1725 3771 1782 Ju-

2116 1812 2262 1868 lium
2294 1830 2506 1886 papam
2556 1815 2900 1883 scribentes,
2950 1816 3160 1871 iisdem
3211 1818 3393 1872 ferme
3444 1815 3774 1889 recensitis,

2121 1902 2406 1972 adjiciunt
2436 1903 2633 1959 Patres
2664 1922 2725 1961 se
2754 1904 2836 1960 ita
2865 1905 3122 1972 credere,
3147 1910 3213 1961 ut
3243 1921 3474 1978 semper
3500 1909 3633 1961 ante
3653 1922 3777 1961 cre-

2117 1990 2426 2047 didissent.
2462 1991 2717 2048 Probant
2759 1998 3182 2066 acceptumque
3221 1993 3441 2049 habent
3466 1994 3606 2050 Julii
3640 2011 3776 2050 con-

2117 2078 2337 2151 silium,
2364 2081 2463 2153 qui
2489 2098 2603 2137 non
2638 2082 2763 2138 sine
2793 2100 2973 2138 causa
3002 2082 3302 2139 Sardicam
3336 2100 3455 2139 una
3480 2100 3615 2140 cum
3648 2082 3781 2141 aliis

2117 2187 2232 2225 non
2258 2170 2651 2226 concesserit:
2679 2171 3279 2244 congruentissimum
3304 2172 3485 2228 videri
3510 2172 3623 2228 sibi
3640 2174 3693 2228 si
3712 2172 3783 2229 ad

2114 2264 2302 2331 caput,
2354 2260 2410 2315 id
2460 2267 2559 2326 est,
2612 2263 2770 2317 Petri
2795 2263 3029 2333 apostoli
3056 2261 3256 2331 sedem,
3287 2266 3356 2317 de
3382 2262 3626 2329 singulis
3654 2264 3781 2335 qui-

2120 2347 2321 2419 busque
2359 2351 2659 2420 provinciis
2710 2353 2936 2406 Domini
2987 2353 3233 2422 referant
3277 2350 3599 2407 sacerdotes.
3633 2351 3780 2408 Nar-

2120 2444 2251 2493 rant
2295 2438 2544 2494 breviter
2589 2456 2717 2511 quze
2761 2445 2929 2512 gesta
2975 2440 3224 2495 Sardicze
3256 2440 3396 2496 sint.
3431 2439 3565 2495 Tria
3597 2440 3782 2497 fuisse

2120 2527 2551 2598 pertractanda,
2603 2529 2673 2583 de
2707 2529 2819 2583 fide
2851 2526 3097 2597 scilicet,
3143 2529 3213 2585 de
3254 2529 3473 2585 vexatis
3504 2533 3564 2585 et
3593 2528 3782 2602 pulsis

2121 2615 2434 2687 episcopis,
2449 2617 2519 2671 de
2543 2616 2841 2674 sceleratis
2863 2622 3162 2673 tantarum
3187 2618 3526 2675 auctoribus
3546 2617 3783 2675 calami-

2124 2709 2336 2759 tatum.
2388 2706 2698 2778 Exagitant
2735 2707 2946 2763 deinde
2977 2706 3192 2779 impios
3224 2712 3281 2763 et
3314 2708 3614 2779 imperitos
3643 2708 3781 2763 ado-

2123 2791 2434 2865 lescentes,
2469 2795 2552 2851 sic
2606 2800 2815 2851 vocant
2846 2795 3149 2851 Ursacium
3181 2802 3238 2851 et
3266 2795 3595 2867 Valentem,
3628 2796 3785 2868 quod

2126 2899 2451 2954 numquam
2473 2884 2650 2940 finem
2670 2885 2926 2941 facerent
2943 2884 3332 2940 adulterinam
3359 2885 3677 2959 spargendi
3693 2886 3791 2941 do-

2127 2970 2397 3026 ctrinam.
2429 2971 2733 3029 Valentem
2770 2973 3022 3029 maxime
3053 2978 3322 3047 carpunt,
3358 2975 3536 3046 quod,
3589 2973 3790 3031 relicta

2127 3059 2374 3117 ecclesia
2394 3078 2522 3131 sua,
2547 3063 2821 3130 alienam,
2849 3063 3131 3119 nimirum
3160 3062 3609 3135 Aquileiensem,
3634 3063 3790 3120 inva-

2128 3149 2264 3205 dere
2310 3155 2627 3219 tentasset;
2682 3170 2798 3224 quo
2850 3152 3072 3207 factum
3122 3157 3187 3205 ut
3230 3156 3524 3208 commota
3553 3152 3788 3209 civitate

2128 3255 2285 3294 unus
2314 3256 2383 3295 ex
2411 3240 2711 3304 fratribus,
2759 3240 2961 3297 Viator
3006 3241 3266 3308 nomine,
3315 3242 3564 3296 obrutus
3593 3246 3651 3297 et
3680 3258 3784 3315 op-

328 3346 659 3402 .confictas.
693 3316 1045 3398 Lectae’sunt
1073 3336 1278 3391 litterae
1318 3349 1352 3387 a
1393 3327 1693 3403 Theognio
1738 3329 1863 3399 jam
1913 3326 2011 3381 de-
2046 3316 2089 3383 C
2129 3344 2366 3399 pressus
2398 3328 2622 3385 luisset.
2675 3328 2845 3385 Hisce
2890 3328 3153 3401 epistolis
3204 3345 3417 3385 nomen
3456 3329 3783 3402 ascripsere

357 3438 559 3493 functo
588 3433 660 3490 ad
688 3434 986 3504 Augustos
1007 3425 1226 3492 missae,
1259 3421 1459 3478 dolose
1479 3419 1761 3487 confictae,
1796 3415 2010 3488 quibus

356 3527 741 3599 imperatores
794 3518 1191 3575 inﬂammaret
1244 3513 1303 3567 in
1365 3507 1802 3599 Athanasium;
1837 3520 2009 3599 quas

334 3593 487 3672 iver-e
517 3631 551 3670 a
579 3610 876 3684 Theognio
924 3609 1093 3662 datas
1125 3603 1263 3660 fassi
1295 3604 1434 3656 sunt
1463 3599 1591 3669 ejus
1624 3595 1872 3651 diaconi.
1906 3593 2009 3650 His

356 3706 595 3777 adjecta
620 3692 916 3774 virginum
939 3693 1384 3758 denudaliones,
1408 3686 1787 3744 ecclesiarum
1816 3685 2007 3777 incen-

351 3772 469 3863 dia,
503 3772 784 3858 carceres,
816 3804 943 3860 qua:
976 3783 1132 3841 mala
1157 3782 1216 3837 in
1250 3778 1497 3853 gratiam
1536 3775 1885 3831 Arianorum
1916 3772 2005 3828 in-

351 3883 509 3939 ﬂicta
541 3883 793 3938 fuerant.

420 3976 474 4029 5.
520 3971 719 4027 Ariani
764 3967 1007 4040 episcopi
1052 3963 1407 4019 damnamur.
1458 3988 1527 3996 —
1575 3956 1653 4011 Iis
1684 3952 2003 4026 perspectis

348 4079 416 4119 ac
444 4061 623 4134 probe
655 4051 1151 4123 commonstratis,
1184 4054 1385 4105 Patres
1414 4042 1999 4134 Athaqnasium,AMar-

348 4130 585 4216 cellum,
612 4149 940 4220 Asclepam,
973 4141 1241 4213 aliosque
1262 4136 1463 4211 pulsos
1486 4132 1790 4206 episcopos
1816 4130 2003 4187 decla-

346 4243 480 4296 rant
506 4239 864 4303 innocentes,
919 4231 1237 4289 restituunt
1278 4228 1337 4282 in
1379 4225 1566 4292 sedes,
1616 4222 1672 4277 in
1719 4221 1999 4278 I'cclesias

343 4330 673 4398 remittunt,
726 4323 1046 4395 missisque
1092 4317 1302 4375 litteris
1341 4316 1555 4387 jubent
1594 4329 1629 4369 a
1664 4313 1723 4367 (ἶ)
1758 4312 1999 4368 ristiana

339 4418 508 4491 plebe
538 4416 735 4489 recipi.
774 4416 834 4471 In
865 4409 1288 4469 consceleratos
1317 4409 1513 4462 autem
1545 4418 1760 4468 severo,
1805 4401 1993 4474 gravi-

336 4490 425 4565 ter
453 4512 512 4564 et
539 4507 732 4580 prisce
761 4508 978 4560 actum.
1012 4501 1121 4556 Eos
1152 4512 1428 4568 namque,
1461 4492 1561 4565 qui
1593 4492 1868 4580 luporum
1898 4490 1992 4546 in-

332 4602 459 4654 star
488 4578 658 4654 sedes
681 4594 988 4668 pulsorum
1011 4591 1367 4651 invaserant,
1395 4582 1741 4656 Gregorium
1769 4578 1993 4637 scilicet

330 4686 818 4748 Alexandrinum,
865 4679 1145 4737 Basiliam
1182 4682 1573 4748 Ancyranum,
1607 4670 1987 4759 Quintianum
2021 4695 2066 4759 Ι)

329 4779 670 4843 Gazensem,
702 4790 774 4828 ne
805 4769 1197 4827 nominandos
1236 4764 1472 4837 quidem
1506 4760 1810 4833 episcopos
1841 4758 1985 4814 defi-

330 4865 504 4921 niunt
524 4878 714 4935 neque
740 4876 874 4917 cum
898 4858 1041 4930 ipsis
1062 4855 1243 4911 ullam
1266 4851 1600 4908 habendam
1623 4846 1980 4903 societatem.

327 4953 687 5010 Theodorem
706 4955 901 5006 autem
922 4940 1586 5014 Heracleaa,Narcissum
1612 4935 1978 5004 Neroniadis,

325 5043 605 5099 Acacium
662 5040 933 5096 Caesareas
994 5033 1317 5098 Palestinaa,
1367 5029 1724 5101 Stephanum
1772 5025 1980 5080 Antio-

325 5132 491 5201 chiae,
524 5130 830 5186 Ursacium
852 5123 1213 5198 Singidonis,
1238 5120 1540 5176 Valentem
1560 5115 1765 5185 Mursi,
1791 5114 1981 5170 Meno-

323 5220 615 5294 phantum
647 5216 877 5291 Ephesi,
911 5213 1226 5287 Georgium
1262 5209 1577 5278 Laodicea},
1609 5206 1894 5261 damnant
1923 5207 1979 5258 et

320 5310 617 5365 abdicant.

389 5400 444 5453 6.
479 5397 739 5469 Epistolas
767 5396 1059 5468 synodicae.
1094 5421 1161 5432 —
1190 5389 1292 5445 His
1322 5385 1590 5461 peractis,
1639 5401 1766 5456 quae
1815 5386 1974 5455 gesta

318 5487 378 5543 in
411 5488 634 5560 synodo
668 5486 917 5541 fuissent
946 5482 1158 5539 litteris
1191 5479 1409 5551 ubique
1435 5475 1842 5549 significantur
1871 5472 1973 5545 (a).

316 5576 576 5642 Quarum
607 5577 838 5631 exstant
866 5573 1043 5629 etiam
1076 5585 1232 5626 nunc
1263 5571 1532 5640 quatuor,
1566 5563 1786 5620 caeteris
1815 5562 1972 5634 inju-

387 5723 466 5787 (a)
495 5718 713 5775 Athan.
737 5718 874 5773 Hist.
896 5716 1088 5772 Arion.
1114 5713 1183 5771 ad
1210 5710 1522 5779 monachos,
1557 5726 1617 5765 n.
1646 5707 1735 5780 19,
1765 5708 1857 5786 20,
1879 5707 1969 5765 21.

390 5724 444 5787 (a
495 5723 713 5775 Athan.
737 5723 874 5773 Hist.
896 5723 1008 5772 Arii

390 5723 466 5871 (οῇ
496 5789 674 5851 Hilar.
708 5788 819 5852 col.
851 5789 1008 5846 1290.

2125 3415 2322 3472 Patres
2380 3418 2773 3487 Sardicenses,
2824 3422 2999 3489 atque
3045 3417 3252 3473 exinde
3301 3417 3472 3473 multi
3520 3419 3622 3491 qui
3663 3436 3780 3476 non

2119 3506 2430 3562 adfuerant
2458 3507 2668 3563 dedere
2700 3507 3069 3580 suffragium,
3104 3523 3252 3580 quos
3283 3507 3355 3563 ad
3386 3524 3660 3564 ccnxxxrv
3688 3524 3777 3565 re-

2117 3600 2315 3651 censet
2342 3597 2717 3653 Athanasius.

2186 3687 2239 3738 7.
2273 3686 2424 3740 Nihil
2454 3686 2523 3740 de
2552 3685 2656 3755 ﬁde
2687 3685 2943 3742 Serdicae
2968 3692 3170 3740 actum.
3204 3716 3273 3725 —
3296 3685 3376 3741 De
3398 3685 3514 3742 fide
3535 3702 3771 3759 quoque

2115 3777 2309 3830 actum
2341 3775 2586 3830 Serdicae
2620 3775 2764 3842 fuit;
2799 3791 2904 3830 nec
2934 3775 3178 3830 deerant
3223 3774 3323 3847 qui
3378 3791 3588 3832 novam
3634 3775 3771 3832 fidei

2115 3861 2425 3919 formulam
2459 3864 2517 3919 in
2550 3864 2809 3920 medium
2843 3864 3119 3920 afferrent
3148 3863 3572 3920 admittendam
3607 3881 3641 3919 a
3671 3881 3770 3937 sy-

2112 3953 2285 4024 nodo,
2318 3958 2494 4025 atque
2524 3953 3028 4026 promulgandam,
3063 3951 3231 4023 quasi
3256 3951 3524 4009 videlicet
3544 3951 3767 4025 aliquid

2111 4041 2168 4096 in
2200 4042 2436 4099 Nicaena
2465 4042 2917 4099 desideraretur.
2964 4042 3127 4107 Quod
3159 4041 3397 4115 indigne
3442 4041 3631 4098 tulere
3660 4043 3767 4099 Pa-

2108 4136 2248 4199 tres,
2282 4133 2777 4205 decreveruntque
2825 4131 3049 4187 nullam
3103 4130 3350 4187 ulterius
3406 4131 3499 4187 edi
3557 4132 3768 4189 debere

2111 4222 2242 4278 fidei
2275 4221 2609 4289 formulam,
2644 4239 2710 4278 eo
2742 4222 2897 4293 quod
2933 4224 3088 4277 esset
3116 4220 3351 4276 Nicaana
3379 4221 3564 4289 satis;
3597 4224 3665 4277 ut
3692 4237 3767 4277 ne

2105 4311 2463 4369 turbulentis
2519 4312 2861 4367 hominibus
2911 4327 3090 4367 novas
3137 4308 3430 4366 scribendi
3484 4309 3765 4367 formulas

2104 4400 2240 4457 hinc
2273 4402 2499 4458 occasio
2532 4402 2695 4457 foret.
2745 4399 3018 4456 Oblatum
3072 4404 3269 4455 autem
3301 4398 3644 4470 hujusmodi
3676 4415 3763 4455 re-

2102 4491 2388 4563 scriptum
2423 4490 2680 4563 idipsum
2712 4493 2955 4562 putatur
2984 4504 3133 4555 esse,
3176 4488 3329 4558 quod
3361 4486 3759 4545 Theodoretus

2098 4585 2165 4648 τῆ
2203 4577 2478 4654 ἐγκυκλίῳ
2524 4578 2781 4652 epistolae
2830 4577 3060 4634 concilii
3091 4577 3456 4633 Sardicencis
3487 4578 3756 4635 attexuit.

2101 4669 2230 4725 Haec
2274 4673 2511 4724 Patrum
2557 4666 2989 4724 Sardicensium
3023 4671 3171 4733 acta,
3221 4665 3342 4722 hazc
3373 4670 3542 4739 gesta
3572 4666 3751 4725 fuere.

2096 4760 2179 4814 Ad
2215 4758 2334 4813 haec
2365 4774 2519 4828 vero,
2552 4774 2678 4828 quas
2709 4755 3081 4827 disciplinam
3115 4756 3457 4827 spectabant
3479 4754 3753 4812 ecclesia—

2093 4847 2323 4914 sticam,
2354 4845 2559 4918 viginti
2591 4845 2917 4901 canonibus
2947 4844 3269 4900 constituta
3301 4848 3459 4899 sunt.

2162 4937 2216 4991 8.
2276 4935 2527 5009 synodus
2584 4939 2830 4991 oratores
2886 4934 2956 4990 ad
3014 4933 3396 4991 Constantium
3440 4934 3631 4990 mittit.
3682 4966 3753 4975 —

2091 5026 2361 5082 Oratores
2414 5029 2615 5097 postea
2669 5024 2930 5096 synodus
2980 5024 3162 5078 mittit
3205 5024 3276 5078 ad
3318 5023 3748 5094 Constantium,

2090 5115 2463 5171 Vincentium
2485 5116 3047 5187 nempeCapuanum
3068 5112 3408 5185 episc0pum
3426 5112 3753 5185 etEuphra.

2087 5210 2207 5259 tam
2229 5204 2655 5271 Coloniensem,
2676 5202 2775 5274 qui
2800 5219 2930 5258 cum
2946 5204 3209 5274 Augusto
3228 5202 3298 5257 de
3319 5201 3501 5273 gestis
3517 5201 3747 5274 synodi,

2086 5294 2275 5365 deque
2293 5292 2561 5349 exsulum
2584 5308 2764 5348 causa
2786 5290 3125 5364 agerent(c).
3146 5288 3369 5353 Quibus
3392 5289 3570 5346 etiam
3592 5306 3748 5346 com-

2089 5383 2463 5438 mendatitias
2495 5382 2566 5437 ad
2600 5381 2837 5437 fratrem
2870 5379 3095 5436 litteras
3126 5379 3285 5435 dedit
3307 5378 3597 5435 Constans
3625 5380 3747 5436 Au-

2082 5476 2313 5545 gustus,
2346 5470 2761 5527 interminatus
2786 5470 2947 5525 fratri
2970 5468 3215 5539 bellum,
3248 5467 3361 5524 nisi
3389 5466 3579 5540 pulsis
3604 5485 3746 5541 pras-

2083 5560 2313 5617 sulibus
2342 5560 2403 5615 in
2434 5558 2711 5616 ecclesias
2743 5576 2881 5614 suas
2908 5557 3231 5614 revertendi
3252 5558 3481 5631 copiam
3503 5556 3740 5617 faceret.

2152 5705 2506 5834 ἔφθασα-δὴ
2560 5703 2661 5762 lib.
2724 5721 2785 5778 ιι,
2846 5720 2975 5780 cap.
3031 5703 3139 5772 23;
3196 5702 3428 5762 Sozam.
3488 5702 3590 5759 lib.
3653 5720 3737 5778 ιιι,

2078 5794 2207 5853 cap.
2238 5794 2329 5835 zu.
