4166 6472
365 631 467 684 CV!

1766 619 2382 686 PBOLEGOMENA.‘

361 755 568 827 tigisse
594 752 984 823 arbitramur;
1012 757 1068 811 et
1096 750 1342 811 fortasse
1373 753 1660 811 nonnulla
1686 772 1754 811 ex
1781 757 2008 826 iis,qua2
2043 761 2092 824 Α
2126 762 2442 813 sectatores
2473 752 2842 828 opprimeret.
2877 753 3097 810 Horum
3151 749 3318 808 facile
3347 747 3617 824 princeps
3649 751 3776 805 erat

360 843 622 917 proxime
649 845 1069 910 recensuimus,
1106 850 1237 900 ante
1265 846 1437 900 finem
1472 846 1677 917 synodi
1708 847 2006 900 Sardicen-

357 933 440 990 sis
471 935 771 990 obvenere.
805 935 928 990 Non
962 934 1163 989 ordine
1189 934 1404 1006 quippe
1436 951 1528 990 res
1559 939 1793 990 enarrat
1825 935 2008 988 Atha-

357 1023 578 1079 nasius.
825 1067 830 1070 .

425 1114 511 1168 12.
545 1113 947 1168 Alexandrinis
979 1122 1030 1168 et
1064 1115 1337 1184 Egyptiz’s
1392 1113 1554 1168 illata
1601 1114 1768 1167 mala.
1811 1143 1871 1154 —-
1901 1113 2006 1168 Eo-

352 1201 620 1256 rumdem
653 1217 829 1274 opera
858 1206 915 1257 et
945 1202 1134 1274 gratia
1166 1201 1240 1256 ad
1267 1201 1689 1256 Alexandrinos
1736 1218 1922 1272 usque
1951 1207 2007 1256 et

347 1290 648 1362 Egyptios
695 1290 999 1346 calamitas
1043 1296 1101 1346 et
1149 1292 1371 1346 vexatio
1424 1291 1697 1363 pervasit.
1771 1291 2004 1346 Litteris

344 1396 600 1452 namque
623 1380 956 1451 jussum,ut
977 1385 1180 1451 portus
1211 1381 1524 1452 aditusque
1551 1381 1785 1436 urbium
1811 1385 2002 1436 custo-

344 1467 457 1524 diis
488 1467 1057 1537 intercludantur,ne
1085 1469 1301 1541 quibus
1337 1470 1391 1523 id
1427 1487 1770 1525 concessum
1804 1470 1877 1523 ab
1910 1488 2000 1542 sy-

344 1558 498 1613 nodo
529 1557 862 1613 Sardicensi
898 1558 1104 1624 fuerat,
1149 1559 1219 1612 ad
1281 1557 1557 1613 ecclesias
1621 1559 2005 1630 remigrarcnt

346 1662 515 1713 suae;
542 1646 1465 1718 praescribiturquejudieibus,ut
1485 1647 1604 1702 sive
1620 1647 2001 1713 Athanasius,

347 1733 467 1790 sive
496 1734 649 1789 alius
681 1734 982 1806 quispiam
1016 1734 1177 1790 exsul
1207 1736 1516 1808 episcopus
1547 1740 1648 1791 aut
1679 1736 2002 1808 presbyter,

344 1821 435 1878 vel
463 1823 521 1877 in
550 1822 871 1888 urbem,vel
923 1823 982 1876 in
1015 1823 1164 1879 ﬁnes
1187 1825 1316 1894 ejus
1347 1824 1648 1896 ingressus
1678 1825 2000 1896 deprehen-

343 1911 718 1976 datur,liceat
747 1911 921 1967 isthic
940 1917 1199 1982 repertos
1223 1913 1412 1984 capite
1443 1919 1732 1968 truncare.
1752 1919 2003 1985 Accepta

343 2004 543 2056 autem
574 1999 658 2054 illi
687 1999 957 2072 publicici
986 2001 1262 2056 curriculi
1296 2001 1646 2070 facultate,si
1669 2002 2000 2074 quos,ultro

343 2088 611 2160 citroque
632 2089 1310 2156 cursando,otfenderent
1331 2090 1431 2161 qui
1451 2091 1649 2162 fugam
1673 2091 1784 2146 sibi
1801 2107 2002 2163 expro-

347 2177 606 2244 brarent,
640 2178 1037 2249 Arianamque
1081 2183 1492 2234 aversarentur
1546 2179 1837 2247 haeresim,
1892 2180 2000 2236 hos

342 2265 563 2338 flagris,
599 2265 874 2332 vinculis,
900 2265 1102 2322 exsilio
1134 2267 1480 2322 multabant.
1512 2268 1852 2339 Tantusque
1885 2273 1998 2324 ter-

341 2371 440 2410 ror
468 2355 813 2410 carniﬁcum
847 2359 1068 2424 erat,ut
1097 2355 1266 2410 multi
1303 2357 1375 2411 ad
1407 2355 1810 2412 simulandum
1837 2361 1996 2414 metu

340 2442 629 2514 compulsi
663 2443 802 2513 sint,
839 2443 1009 2498 multi
1039 2449 1244 2500 contra
1266 2444 1325 2500 in
1359 2444 1738 2501 solitudidem
1771 2462 1833 2500 se
1866 2463 1998 2518 pro-

341 2531 532 2604 ripere
567 2530 1016 2604 mallent,quam
1045 2549 1180 2588 cum
1203 2532 1546 2605 hujusmodi
1572 2533 1713 2590 viris
1733 2551 1998 2589 commu-

345 2620 563 2677 nicare.

419 2709 507 2764 12.
541 2708 969 2766 Mediolanensis
988 2710 1247 2781 synodus.
1283 2711 1549 2766 Photinus
1577 2711 1896 2767 damnatur.
1931 2742 2000 2753 —-

345 2797 560 2853 Eodem
585 2813 738 2852 anno
759 2797 1086 2854 celebratur
1107 2797 1420 2853 Mediolani
1446 2801 1704 2872 synodus
1719 2801 1999 2857 adversus

343 2885 659 2941 Photinum
692 2886 1033 2957 episcopum
1067 2887 1465 2944 Sirmiensem.
1501 2889 1608 2952 Qui
1641 2895 1851 2960 quotve
1884 2890 1999 2944 fue-

346 2973 468 3030 rint
497 2974 777 3046 praesules
823 2974 902 3028 ibi
951 2975 1158 3042 coacti,
1193 2976 1408 3047 pariter
1449 2977 1771 3050 ignoratur.
1807 2978 1999 3034 Unum

344 3063 916 3131 constat,Photinum
937 3065 1277 3120 damnatum
1309 3066 1763 3137 abdicatumque
1795 3068 1996 3123 fuisse.

343 3150 906 3208 VerumSirmiensis
934 3152 1129 3224 populi
1152 3171 1319 3209 amor
1347 3161 1405 3210 et
1434 3155 1832 3211 benevolentia
1854 3173 2000 3228 pra:-

345 3239 494 3296 sidio
531 3240 642 3312 ipsi
683 3240 892 3306 fuit,ne
915 3242 1052 3296 sede
1081 3241 1572 3312 pelleretur.Sunt
1593 3245 1692 3316 qui
1718 3245 2001 3301 arbitren-

342 3331 458 3395 tur,
492 3327 646 3382 eain
678 3329 899 3400 synodo
935 3329 1238 3386 Ursacium
1289 3335 1346 3387 et
1395 3333 1694 3388 Valentem
1732 3333 1996 3390 libellum

349 3415 704 3488 paenitentia:
733 3416 980 3473 dedisse.
1015 3419 1146 3482 Sed,
1181 3424 1246 3474 ut
1272 3421 1448 3491 probe
1479 3421 1856 3477 adverterunt
1883 3423 1998 3478 fra-

2120 848 2360 918 quidam
2388 847 2653 918 projectzn
2686 844 3034 899 temeritatis
3067 839 3640 908 adolescens,multis
3672 840 3772 894 ila-

2119 936 2280 1006 gitiis
2315 935 2699 1001 nobilitatus;
2734 935 2830 1004 qui
2868 950 2980 987 non
3016 931 3206 988 solum
3239 930 3507 986 homines
3539 946 3605 984 ex
3651 929 3774 983 foro

2119 1024 2427 1088 abducere,
2469 1041 2534 1078 ac
2582 1022 2955 1077 contumeliis
3006 1021 3461 1091 verberibusque
3509 1019 3773 1090 excipere

2118 1112 2557 1176 soleret,verum
2589 1112 2765 1166 etiam
2798 1112 3003 1166 domos
3037 1110 3338 1177 invadens,
3374 1109 3585 1180 probos
3615 1107 3771 1161 viros

2119 1209 2533 1273 matronasque
2569 1200 3022 1256 honestissimas
3081 1199 3415 1255 deturbarct
3448 1195 3773 1252 lacessendi

2115 1307 2310 1345 causa.
2361 1291 2507 1353 Quia
2552 1306 2682 1345 vero
2743 1307 2857 1344 non
2907 1289 3181 1344 manibus
3255 1291 3506 1351 tantum,
3557 1285 3657 1340 sed
3716 1289 3775 1340 et

2115 1379 2372 1434 calcibus
2405 1380 2604 1433 obvios
2666 1380 2989 1450 impeteret,
3025 1381 3256 1450 Onager
3295 1377 3770 1448 nuncupabatur.

2121 1470 2175 1523 Is
2195 1468 2502 1538 herijussu
2529 1469 2674 1540 ipsis
2704 1468 3061 1523 sanctissimi
3096 1467 3392 1522 Paschatis
3418 1466 3626 1520 diebus
3649 1480 3770 1518 me-

2113 1557 2378 1612 retricem
2413 1558 2636 1626 adiens,
2672 1557 3010 1628 peregrinos
3049 1554 3356 1610 advenisse
3387 1555 3469 1608 ait
3511 1552 3611 1626 qui
3643 1554 3773 1624 ejus

2111 1646 2383 1718 cupidine
2448 1647 2782 1719 flagrarent,
2816 1650 3165 1715 noctemque
3218 1661 3352 1699 cum
3415 1644 3543 1715 ipsa
3598 1659 3770 1713 agere

2119 1739 2524 1807 percuperent.
2578 1737 2927 1806 Assumptos
2980 1731 3186 1788 deinde
3215 1731 3549 1803 quindecim
3583 1731 3773 1786 socios

2118 1821 2273 1878 locat
2302 1823 2359 1877 in
2392 1823 2657 1890 insidiis;
2690 1823 2938 1894 datoque
2995 1821 3375 1877 conveniendi
3418 1820 3605 1893 signo,
3640 1837 3772 1890 pro-

2121 1917 2285 1984 perat
2313 1913 2384 1967 ad
2421 1913 2573 1967 fores
2604 1911 2927 1967 diversorii.
2977 1912 3128 1966 Tum
3169 1914 3360 1965 scorto
3407 1914 3611 1965 auctor
3641 1908 3770 1976 fuit,

2111 2005 2176 2054 ut
2201 2017 2331 2056 sese
2361 2001 2419 2054 in
2453 2001 2511 2055 id
2539 2000 2809 2055 conclave
2831 1999 3459 2070 immitteret.Contigit
3482 2015 3652 2070 porro
3705 2001 3772 2052 ut

2113 2090 2171 2144 in
2233 2089 2516 2146 exteriore
2573 2088 2842 2144 cubiculo
2874 2105 3149 2143 somnum
3187 2092 3413 2158 caperet
3442 2087 3769 2159 Euphratas

2110 2177 2359 2234 Coloniae
2399 2177 2731 2250 Agrippina:
2781 2178 3113 2248 ediSCOpus,
3177 2176 3516 2231 Vincentius
3574 2179 3769 2230 autem

2108 2267 2418 2338 Capuanus
2439 2267 2496 2322 in
2514 2267 3086 2338 interiore.lngressa
3115 2265 3383 2320 alacriter
3404 2263 3771 2334 muliercula,

2110 2356 2266 2428 quod
2317 2370 2378 2412 se
2429 2373 2463 2410 a
2486 2357 2703 2428 juvene
2734 2355 3003 2410 advocari
3029 2358 3280 2426 putaret,
3324 2353 3535 2408 deinde
3571 2368 3769 2407 senem

2109 2443 2410 2500 hominem
2443 2441 3124 2514 dormientem,episcopi
3157 2440 3770 2514 forma,ignarumque

2109 2533 2246 2588 facti
2304 2533 2662 2604 conspicata,
2695 2549 2757 2587 se
2814 2531 3080 2586 delusam
3113 2528 3440 2596 aestimavit,
3499 2534 3624 2584 rata
3654 2546 3770 2585 non

2108 2620 2409 2677 hominem
2441 2621 2497 2675 id
2532 2621 2720 2676 atatis
2754 2623 3012 2676 scortum
3063 2634 3378 2674 arcessere.
3432 2618 3627 2673 Sensit
3659 2618 3768 2673 Eu-

2109 2710 2350 2782 phrates
2394 2709 2454 2764 in
2487 2708 2681 2764 cubilo
2742 2708 3145 2780 gradientem;
3192 2708 3769 2778 expergefactusque,

2107 2798 2242 2871 quis
2273 2802 2429 2853 esset
2460 2802 2854 2869 percontatur.
2891 2796 2994 2850 Illa
3042 2795 3196 2851 edito
3245 2795 3498 2850 clamore
3528 2794 3644 2849 vim
3677 2795 3765 2848 in-

2109 2887 2244 2943 ferri
2301 2887 2410 2942 sibi
2471 2885 2872 2958 conqueritur.
2960 2885 3355 2940 Conturbatus
3414 2883 3766 2955 Euphratae,

2109 2977 2431 3032 daemonem
2463 2975 2798 3047 suspicatur
2820 2973 3087 3029 muliebri
3113 2974 3300 3027 forma
3323 2972 3760 3042 adventantem,

2109 3063 2459 3136 Dominique
2487 3063 2702 3120 Christi
2736 3061 3012 3134 implorat
3041 3061 3325 3116 auxilium
3352 3061 3766 3133 :Onagervero

2110 3159 2274 3226 rogat
2304 3158 2561 3208 scortum
2595 3157 2658 3208 ut
2687 3157 2892 3221 taceat,
2930 3156 3106 3223 atque
3135 3150 3476 3222 episcopum
3500 3149 3770 3204 crimine-

2107 3247 2240 3310 tur;
2276 3243 2592 3313 statimque
2626 3256 2688 3296 se
2718 3257 2851 3295 cum
2885 3240 3120 3312 agmine
3173 3241 3233 3294 in
3265 3238 3538 3295 conclave
3588 3239 3768 3293 intro-

2111 3333 2293 3398 misit,
2319 3331 2644 3387 vociferans
2676 3330 2943 3385 homines
2974 3329 3212 3400 iniquos
3262 3329 3627 3393 adventasse,
3667 3327 3767 3400 qui

2112 3439 2173 3478 se
2204 3425 2512 3493 sperarent
2543 3417 2873 3491 iniquitatis
2903 3419 3022 3474 fore
3045 3417 3299 3489 judices.
3334 3417 3485 3472 Tum
3542 3417 3769 3489 ingenti

354 3507 475 3560 tres
523 3505 708 3560 nostri
767 3505 826 3560 in
876 3510 1174 3578 postrema
1219 3507 1419 3563 Hilarii
1453 3526 1693 3581 operum
1726 3511 2002 3578 editione,
2035 3496 2078 3563 (ἶ
2117 3511 2319 3566 oborto
2349 3507 2622 3576 clamore,
2669 3507 2818 3563 servi
2851 3523 3056 3562 omnes
3087 3522 3409 3576 accurrere,
3442 3506 3584 3577 quid
3616 3516 3772 3560 esset

355 3610 471 3650 non
493 3593 634 3648 adeo
657 3595 976 3666 desperatae
1003 3611 1093 3649 res
1123 3613 1324 3651 eorum
1345 3601 1470 3652 tum
1503 3598 1685 3654 fuisse
1713 3598 2004 3671 videntur,

358 3686 425 3736 ut
454 3681 723 3737 homines
755 3682 1006 3754 protervi
1038 3700 1105 3738 ac
1145 3685 1423 3756 propositi
1459 3686 1902 3742 retinentissimi
1939 3705 2006 3743 eo

356 3769 556 3841 inopia
585 3770 812 3825 consilii
843 3771 1180 3827 devenirent
1202 3791 1215 3828 :
1241 3789 1578 3844 quanquam
1615 3776 1861 3833 fortasse
1888 3777 2004 3832 exi-

358 3858 585 3915 stimari
618 3863 814 3930 queat,
849 3876 964 3914 non
998 3861 1119 3934 pari
1153 3866 1279 3916 tum
1311 3863 1638 3919 conditione
1664 3864 1847 3920 fuisse
1893 3865 2004 3922 Va-

353 3946 569 4003 lentem
600 3952 657 4002 et
680 3947 1008 4014 Ursacium,
1041 3965 1107 4003 ac
1136 3953 1374 4005 caeteros
1403 3951 1877 4024 Arianos,utpote
1903 3954 2001 4026 qui

354 4035 415 4090 in
446 4035 802 4103 Constantis,
834 4035 1129 4092 catholicas
1161 4039 1311 4108 parti
1351 4039 1727 4112 deditissimi,
1760 4041 2005 4115 imperio

353 4130 745 4181 versarentur.
1956 4121 1966 4130 '

422 4214 586 4268 ANNO
615 4214 743 4268 348.
782 4244 852 4254 --
905 4215 962 4270 1.
997 4215 1266 4286 Stephani
1306 4217 1630 4273 Antiocheni
1681 4221 1886 4288 factum
1945 4222 2002 4275 in

351 4301 573 4372 legatos.
606 4333 674 4344 —-
710 4307 1056 4375 lnsequente
1087 4321 1241 4360 anno
1273 4306 1587 4379 contigisse
1618 4312 1859 4379 putatur
1887 4312 2004 4364 Ste-

352 4389 532 4462 phani
548 4391 1248 4447 AnticcheniArianorum
1265 4394 1632 4467 antesignani
1650 4399 2003 4469 conspiratio

349 4478 409 4534 in
441 4479 805 4535 Sardicensis
864 4481 1069 4553 synodi
1104 4486 1364 4538 oratores
1397 4482 1495 4554 (a),
1531 4501 1650 4554 qua
1679 4484 2003 4542 Athanasio

347 4583 415 4623 ac
443 4567 805 4624 Theodoreto
827 4568 919 4624 his
951 4586 1095 4640 pene
1124 4569 1314 4626 verbis
1337 4577 1638 4644 acceptam
1666 4574 1999 4632 referimus.

342 4657 712 4713 Antiochiam
771 4673 906 4712 cum
965 4659 1326 4730 pervenisset
1382 4659 1554 4733 legati
1603 4662 1998 4732 Sardicenses,

343 4744 567 4801 litteras
597 4747 931 4802 Constantis
992 4748 1152 4803 fratri
1198 4749 1538 4806 Constantio
1599 4751 1869 4818 offerunt,
1904 4753 1999 4809 cui

2115 3597 2728 3661 sciscitari,maturare
2749 3597 2822 3651 ad
2847 3597 2997 3651 fores
3020 3594 3318 3650 diversorii
3349 3594 3763 3650 occludendas.

2117 3687 2345 3760 Onager
2394 3686 2590 3757 fugam
2643 3685 2778 3740 facit
2827 3684 3043 3740 relictis
3092 3685 3244 3739 intro
3295 3689 3516 3756 septem
3572 3683 3768 3750 sociis,

2117 3776 2216 3848 qui
2248 3793 2366 3831 una
2397 3792 2528 3830 cum
2564 3778 2754 3830 scorto
2786 3773 3133 3845 deprehensi
3181 3773 3238 3828 in
3297 3772 3625 3828 custodiam
3659 3777 3773 3828 tra-

2115 3865 2221 3920 diti
2253 3869 2412 3921 sunt.
2463 3865 2658 3918 Primo
2707 3862 2996 3926 diluculo,
3049 3879 3181 3917 cum
3231 3861 3530 3917 Salianum
3582 3861 3768 3935 magi-

2115 3959 2302 4010 strum
2329 3953 2582 4009 militum
2614 3952 2966 4008 excitassent
2996 3969 3029 4006 a
3059 3950 3471 4016 somno,simul
3503 3951 3575 4006 ad
3609 3950 3769 4022 pala-

2115 4045 2262 4099 tium
2332 4046 2690 4114 properant:
2727 4058 2792 4096 ac
2847 4043 2918 4095 de
2966 4041 3259 4113 Stephano
3307 4040 3632 4112 conquesti,
3695 4040 3768 4096 ad

2114 4148 2286 4204 quem
2348 4129 2602 4202 suspicio
2662 4128 2931 4185 maleficii
2992 4129 3338 4200 pertinebat,
3391 4145 3505 4184 non
3545 4128 3770 4198 judicio

2114 4238 2262 4294 opus
2289 4236 2417 4275 esse
2447 4220 2895 4285 contendebant,
2920 4218 3008 4273 vel
3029 4217 3466 4290 perquisitiooe.
3496 4216 3772 4290 Magister

2113 4324 2246 4364 vero
2278 4307 2534 4362 militum
2566 4307 2825 4379 rogabat,
2891 4311 2953 4360 ut
3001 4307 3237 4377 juberet
3282 4306 3598 4378 inperator,
3653 4323 3769 4360 non

2113 4397 2635 4462 ecclesiastico,sed
2685 4396 2898 4451 forensi
2923 4395 3148 4466 judicio
3182 4412 3302 4449 rem
3352 4393 3569 4465 inquiri
3602 4410 3616 4448 :
3653 4393 3766 4450 cle-

2114 4487 2264 4542 ricos
2287 4486 2592 4558 Euphratae
2611 4491 2666 4542 et
2694 4484 2979 4540 Vincentii
3011 4501 3073 4539 se
3103 4483 3446 4556 quaestionis
3478 4482 3758 4538 habendas

2114 4593 2293 4631 causa
2323 4575 2850 4645 traditurum,dum
2886 4573 3010 4646 pari
3043 4575 3215 4629 modo
3243 4573 3612 4629 traderentur
3645 4573 3768 4628 Ste-

2112 4665 2292 4738 phani
2323 4663 2538 4720 clerici.
2571 4666 2782 4719 Contra
2810 4663 3166 4735 Stephanus,
3191 4679 3365 4733 quem
3407 4660 3768 4717 conscientia

2111 4753 2351 4809 sceleris
2381 4752 2732 4824 exagitabat,
2766 4768 2879 4806 non
2913 4751 3086 4806 licere
3144 4751 3337 4806 aiebat
3373 4748 3615 4804 clericos
3647 4754 3766 4804 tor-

341 4834 779 4924 tumtemporis
810 4835 978 4924 sedes
1030 4836 1382 4906 Antiochiae;
1416 4839 1843 4912 polliceturque
1900 4842 1998 4898 ille
2033 4861 2076 4924 Ι)
2111 4841 2325 4897 mentis
2348 4839 2835 4910 subjici,vetitnm
2869 4839 3090 4894 scilicet
3122 4840 3177 4894 id
3212 4856 3339 4895 esse
3370 4837 3768 4894 ecclesiastica

344 4923 492 4978 nihil
516 4941 631 4978 non
657 4923 854 4979 fratris
877 4929 1021 4979 nutu
1043 4930 1100 4980 et
1121 4926 1428 4982 arbitrario
1450 4929 1842 4985 facturum.At
1863 4948 1995 4986 eum

341 5028 464 5068 rem
507 5013 850 5084 perindigne
884 5014 1100 5070 ferrent
1129 5015 1387 5071 veritatis
1420 5018 1637 5085 hostes,
1673 5019 1732 5074 in
1767 5021 1991 5084 episco-

341 5119 445 5174 pos
475 5103 574 5173 qui
598 5103 768 5172 juxta
795 5101 1012 5158 clivum
1045 5103 1706 5180 diverterant,magistro
1735 5108 1997 5164 militum

344 5207 460 5247 non
491 5191 694 5246 eodem
716 5189 842 5246 loco
875 5192 1221 5262 diversante,
1256 5197 1680 5251 exsecrandum
1712 5213 1860 5268 opus
1893 5216 1995 5254 an-

341 5279 996 5352 gredinntur.Princeps
1020 5287 1215 5339 autem
1230 5283 1683 5354 conspirationis
1701 5285 1810 5340 fuit
1834 5288 1996 5343 urbis

343 5366 610 5431 antistes,
642 5367 742 5438 qui
774 5367 887 5424 alio
921 5369 1248 5425 incredibili
1287 5372 1503 5428 scelere
1533 5374 1729 5444 priora
1775 5374 1996 5432 scelera

342 5456 686 5513 cumulavit.

410 5547 464 5598 2.
489 5544 790 5613 Stephanus
824 5546 1230 5615 abdicatur,cui
1256 5549 1585 5620 sabrogatur
1614 5553 1888 5608 Leontius.
1923 5585 1992 5596 —-

340 5632 636 5704 Stephano
667 5632 847 5705 igitur
902 5636 1137 5706 praesuli
1167 5636 1526 5696 Antiocheno
1555 5641 1699 5696 varii
1732 5643 1989 5698 audacia:

338 5737 458 5776 suae
490 5738 524 5776 a
544 5719 821 5776 lministri
853 5729 1039 5792 erant,
1073 5742 1323 5797 quorum
1358 5726 1453 5783 ille
1475 5745 1652 5802 opera
1681 5747 1826 5786 verae
1855 5731 1988 5787 ﬁdei

2111 4929 2332 5000 regula.
2373 4931 2730 5001 Interrogata
2755 4929 3010 5000 primum
3045 4927 3256 4984 mulier
3294 4926 3422 4994 fuit,
3449 4926 3580 4997 quis
3611 4925 3767 4981 acci-

2111 5018 2290 5073 visset
2341 5035 2354 5072 :
2393 5015 2822 5072 adolescentem
2856 5016 2955 5072 illa
2986 5016 3284 5084 indicavit,
3321 5017 3418 5088 qui
3451 5015 3767 5070 comitante

2100 5109 2321 5179 juvenu
2334 5125 2386 5162 m
2413 5113 2606 5161 turma
2619 5123 2681 5162 se
2702 5107 3012 5161 deductam
3030 5105 3446 5162 intromisisset
3461 5105 3519 5160 in
3533 5103 3768 5160 cubicu-

2110 5196 2772 5253 lum.Commemoravit
2801 5194 2938 5250 item
2971 5195 3511 5266 interrogationem,
3542 5199 3766 5249 metum

2108 5291 2164 5342 et
2219 5285 2615 5358 precationem
2680 5284 2959 5356 episcopi,
3000 5283 3408 5356 impetumque
3446 5282 3765 5354 petulantia

2106 5379 2368 5430 catervae.
2398 5374 2497 5429 His
2520 5373 3019 5445 cognitisjudices
3053 5377 3190 5428 natu
3217 5372 3530 5428 minimum
3553 5371 3764 5426 adduci

2095 5463 2354 5536 jubent;
2400 5463 2500 5535 qui
2533 5479 2648 5518 non
2699 5467 3000 5534 expectata
3050 5462 3359 5518 verberum
3417 5459 3760 5532 quastione,

2103 5552 2411 5624 compositi
2446 5551 2722 5607 facinoris
2745 5567 2980 5607 scenam
3013 5552 3316 5622 detexit,et
3348 5549 3429 5606 rei
3463 5554 3761 5604 auctorem

2103 5642 2399 5713 Onagrum
2424 5657 2552 5697 esse
2573 5640 2766 5696 fassus
2788 5646 2896 5697 est.
2920 5641 3154 5696 Accitus
3177 5640 3406 5712 Onager
3426 5639 3483 5694 id
3511 5655 3573 5695 se
3584 5639 3762 5710 jussu

2101 5730 2381 5801 Stephani
2413 5729 2724 5786 admisisse
2777 5730 3143 5786 testiﬁcatur.
3191 5729 3330 5794 Quis
3363 5729 3574 5801 pudor,
3629 5743 3762 5799 quae

409 5937 491 6009 (α)
519 5937 740 6008 Athan,
771 5941 910 5999 Hist.
942 5941 1136 5999 Ανίαη.
1168 5941 1239 5997 ad
1260 5943 1572 6016 monachos,
1596 5961 1655 6015 n,
1689 5946 1758 6001 19
1785 5962 1799 6015 ;
1835 5946 1994 6004 Theo

2111 5953 2182 6006 et.
2211 5948 2249 6004 l.
2286 5965 2347 6016 ιι,
2381 5963 2507 6017 cap.
2541 5945 2576 5998 8
2606 5948 2666 6000 et
2692 5945 2748 5997 9.
