4166 6460
1575 569 1765 634 VITA
1810 568 1875 631 S.
1921 566 2237 630 ATHANA
2249 565 2371 631 SII.

3553 586 3681 638 CVII

272 696 519 764 infamia
544 698 682 766 hinc
701 699 1051 767 consecutal
1084 704 1552 766 Antiochennum
1582 706 1922 778 episcopum
1954 703 2007 769 Α
2105 705 2155 757 2.
2193 703 2523 761 Athanasius
2567 706 2911 765 Constantem
2956 706 3224 767 convenit.
3256 740 3325 752 -—
3354 708 3511 768 Inter
3558 712 3681 767 haec

272 796 425 853 tanti
453 796 515 852 in
545 797 778 855 Oriente
798 799 1076 867 nominis,
1103 804 1278 856 tantae
1309 799 1367 854 in
1392 798 1649 855 Ecclesia
1682 799 1929 869 dignita-

274 885 351 941 tis
379 886 735 959 turpissimae
766 888 847 943 rei
896 888 1175 944 artiﬁcem
1210 888 1639 960 deprehensum
1666 890 1676 943 ι
1718 890 1776 942 In
1803 904 1926 942 sce-

272 974 410 1031 leris
459 975 642 1048 igitur
688 994 919 1049 poenam
971 978 1277 1032 abdicatur
1322 979 1674 1048 Stephanus,
1731 977 1926 1032 Ariani

274 1068 491 1132 autem,
525 1064 628 1120 tali
680 1066 899 1121 amisso
949 1070 1212 1138 patrono,
1243 1082 1477 1139 operam
1529 1068 1816 1147 dederunt
1865 1070 1928 1120 ut

275 1152 427 1208 alius
476 1171 596 1210 suae
656 1154 924 1209 factionis
984 1155 1044 1209 in
1094 1156 1220 1227 ejus
1289 1155 1480 1211 locum
1536 1160 1926 1227 cooptaretur,

277 1242 553 1298 Leontius
576 1242 797 1298 scilicet
817 1249 1125 1299 castratus.
1144 1246 1195 1299 Is
1218 1262 1351 1300 cum
1376 1244 1697 1300 Eustolium
1721 1262 1927 1316 quam-

276 1331 411 1387 dam
458 1332 778 1403 adamaret,
812 1349 940 1403 quae
990 1333 1149 1405 virgo
1196 1334 1491 1402 audiebat,
1527 1333 1661 1389 licet
1714 1332 1927 1389 Leontii

278 1421 699 1476 consuetudine
732 1439 766 1476 a
810 1422 1105 1494 virginum
1136 1422 1465 1478 conditione
1496 1428 1552 1477 et
1599 1423 1930 1494 integritate

276 1508 465 1581 lapsa,
496 1524 562 1565 ea
613 1511 683 1565 de
717 1527 774 1565 re
824 1516 1155 1577 accusatus,
1188 1528 1303 1583 quo
1347 1512 1594 1567 facultas
1626 1512 1739 1567 sibi
1784 1513 1930 1566 foret

280 1614 415 1654 cum
465 1597 567 1653 illa
613 1598 939 1669 habitandi,
974 1617 1102 1656 sese
1133 1605 1520 1671 castraverat;
1556 1606 1729 1673 atque
1763 1602 1927 1669 adeo,

279 1687 329 1744 si
388 1703 457 1743 ex
521 1687 927 1743 ecclesiasticas
986 1689 1199 1761 regulae
1257 1690 1579 1763 prescripto
1646 1708 1778 1745 cum
1833 1689 1929 1746 illo

279 1779 475 1832 actum
496 1780 674 1845 esset,
702 1794 1027 1848 numquam
1052 1779 1242 1834 fuerat
1262 1779 1322 1833 in
1349 1780 1685 1851 episcopum
1707 1796 1931 1851 promo-

277 1865 523 1921 vendus.
557 1868 631 1919 At
651 1864 807 1921 enim
838 1865 1155 1923 Arianismi
1178 1867 1438 1923 studium
1472 1868 1695 1923 aditum
1721 1868 1933 1923 facino—

278 1970 412 2009 roso
443 1953 669 2009 homini
720 1955 967 2025 praebuit
996 1956 1064 2011 ad
1120 1957 1317 2011 sedem
1368 1956 1814 2012 Antiochenam.
1847 1957 1930 2011 Ab

278 2041 568 2115 episcOpis
612 2043 811 2135 itaque
840 2044 1070 2103 Arianis
1119 2046 1549 2135 promotusille
1598 2046 1725 2113 fuit,
1762 2053 1932 2118 atque
1965 2071 2013 2135 Β

277 2131 553 2203 deinceps
583 2131 833 2187 Arianae
865 2149 958 2187 res
990 2150 1092 2204 pro
1122 2133 1274 2188 virili
1308 2134 1505 2197 auxit;
1536 2135 1933 2206 ementitaque

274 2219 749 2275 mansuetudinis
816 2222 1026 2292 specie,
1087 2222 1434 2289 Catholicos,
1494 2224 1935 2295 praesertimque

276 2308 689 2375 Athanasium,
724 2311 916 2381 quoad
969 2310 1152 2377 licuit,
1196 2311 1320 2365 dire
1361 2312 1629 2379 vexavit;
1661 2311 1752 2367 vel
1801 2312 1935 2367 hinc

282 2397 561 2454 omnibus
591 2397 802 2452 deinde
833 2398 1064 2454 saeculis
1096 2417 1197 2471 pro
1247 2401 1467 2455 nefario
1501 2406 1557 2455 et
1584 2402 1936 2457 exsecrando

284 2486 619 2553 habendus,
650 2487 803 2558 quod
834 2486 1065 2543 Aetium
1085 2490 1183 2541 τοῦ
1216 2483 1365 2541 ἄθεον
1394 2489 1451 2543 in
1475 2489 1682 2545 amicis
1714 2490 1937 2545 habue—

284 2575 381 2643 rit,
413 2579 471 2631 et
517 2576 828 2632 diaconum
879 2577 1185 2633 ordinarit.
1226 2577 1516 2634 Nimirum
1564 2576 1729 2639 κακὸς
1776 2577 1937 2632 κακὸν

288 2661 589 2738 ⁷ὕγτηλάζιει.

357 2797 414 2851 3.
448 2796 797 2852 Constantzus
845 2801 1061 2853 revocat
1108 2800 1343 2855 exsules.
1377 2830 1446 2841 —
1478 2800 1799 2872 Imperator
1840 2819 1942 2857 au-

290 2890 412 2941 tem
441 2884 820 2940 Constantius
850 2902 970 2942 rem
1003 2885 1063 2941 in
1095 2888 1456 2961 Euphratam
1487 2894 1711 2961 gestam
1746 2907 1943 2947 secum

293 2977 597 3046 reputans,
626 2979 683 3030 et
731 2974 976 3030 crimine
1023 2976 1095 3031 ab
1146 2992 1263 3031 uno
1312 2977 1370 3032 id
1420 2994 1604 3050 genus
1651 2995 1779 3035 esse
1833 2979 1947 3035 alia

290 3058 636 3118 Arianorum
669 3063 729 3118 in
780 3067 1019 3120 caeteros
1046 3065 1351 3138 episcopos
1404 3067 1708 3123 molimina
1753 3069 1945 3140 suspi-

290 3156 457 3208 catus
486 3152 669 3224 (a),de
701 3151 872 3207 solita
904 3153 960 3207 in
988 3155 1201 3225 probos
1223 3155 1657 3229 catholicosque
1678 3157 1948 3213 homines

293 3241 507 3297 saevitia
538 3241 783 3313 paulum
831 3242 1073 3297 remisit.
1109 3244 1499 3308 Quamobrem
1532 3263 1679 3317 quos
1708 3246 1949 3302 Alexan-

293 3330 420 3385 dria
453 3331 511 3384 in
540 3332 877 3386 Armeniam
910 3331 1195 3403 relegarat
1228 3334 1614 3407 presbyteros,
1649 3337 1948 3392 diaconos-

475 3420 485 3429 .
938 3420 949 3431 .
1192 3422 1202 3431 .
1278 3423 1288 3432 .
1350 3423 1391 3433 ..
1563 3443 1573 3454 _
1750 3425 1760 3435 .
2061 3419 2483 3446 ......,.......v..c,
2518 3419 3139 3447 ,νωνηωευηημιηω

295 3419 1538 3536 ἓῗιῗζιὲἒηῖιέῃέῗέ).ῗι
1562 3424 1948 3536 ’.Ειιῖὶὲωῗξῖιιῖθ
1979 3439 2022 3506 C
2060 3470 2116 3522 et
2143 3469 2283 3520 tunc
2314 3463 2586 3521 desaevire
2615 3468 2934 3536 tempestas
2965 3465 3139 3536 οωΡίί

295 3508 519 3564 litteras
564 3508 745 3563 mittit
792 3509 1223 3577 Alexandriam,
1254 3527 1318 3566 ac
1369 3517 1525 3567 vetat
1570 3512 1751 3569 ullam
1800 3514 1944 3569 ulte-

296 3597 421 3653 rius
462 3595 615 3652 clero
647 3601 705 3652 et
746 3598 961 3670 populo
1012 3598 1399 3656 Alexandrino
1428 3600 1613 3674 infligi
1645 3602 1946 3658 calamita-

295 3678 438 3742 tem.
488 3684 747 3757 Aliisque
798 3686 1015 3757 pariter
1056 3687 1357 3745 exsulibus
1388 3689 1637 3746 liberum
1686 3693 1758 3747 ad
1812 3709 1950 3748 suas

299 3776 468 3832 sedes
507 3779 566 3832 et
617 3775 893 3831 ecclesias
942 3777 1193 3832 reditum
1244 3779 1549 3835 concessit.
1584 3782 1735 3836 Tum
1785 3781 1953 3836 Atha-

300 3860 466 3920 nasio
498 3862 607 3919 fuit
634 3864 1038 3920 Alexandriam
1082 3866 1506 3938 commigrandi
1540 3868 1804 3925 facultas.
1839 3870 1953 3925 Nec

300 3952 519 4008 mirum
549 3956 769 4019 tamen,
802 3953 851 4008 si
883 3959 1187 4026 perspecta
1226 3955 1693 4013 adversariorum
1728 3958 1952 4025 fraude,

301 4041 745 4114 Constantiique
791 4041 1039 4110 levitate,
1072 4043 1319 4100 insidias
1358 4062 1587 4117 cavens,
1624 4064 1735 4102 non
1769 4047 1953 4103 conti-

304 4146 421 4187 nuo
451 4146 580 4187 sese
610 4131 990 4187 commiserit.

376 4267 545 4318 ANNO
568 4262 694 4317 349.
719 4293 789 4305 η-
815 4264 865 4317 1.
897 4263 1190 4336 Gregorius
1219 4267 1289 4321 ab
1316 4267 1708 4323 Alexandrinis
1738 4271 1962 4325 obtrun-

304 4358 485 4409 catur.
534 4382 605 4391 —-
653 4352 988 4408 Secundum
1037 4353 1180 4421 haec,
1229 4353 1445 4427 elapsis
1499 4373 1708 4428 nempe
1758 4358 1957 4413 decem

307 4444 443 4513 post
473 4440 753 4512 Stephani
777 4442 1206 4498 abdicationem
1241 4444 1567 4514 mensibus,
1582 4445 1961 4502 Alexandrini

309 4527 547 4586 nefariis
578 4529 837 4601 Gregorii
870 4530 960 4583 τὸν
994 4527 1427 4602 ψευδεπισκόπου
1459 4533 1777 4590 sceleribus
1817 4552 1968 4590 com-

310 4616 478 4686 moti,
511 4616 963 4691 mitioribusque
987 4624 1282 4692 postremo
1301 4622 1453 4677 datis
1483 4622 1806 4678 Constantii
1830 4624 1967 4694 jus-

311 4706 397 4763 sis
428 4706 629 4763 animo
660 4708 1003 4764 audaciores
1035 4709 1131 4781 (b),
1166 4714 1229 4764 ut
1260 4727 1389 4766 mos
1419 4716 1509 4767 est
1550 4710 1966 4785 multitudinis,

2038 794 2163 866 ipse
2190 795 2568 864 Athanasius,
2586 798 2685 869 qui
2718 798 2909 854 soluta
2932 800 3258 857 Sardicensi
3280 803 3500 875 synodo
3520 802 3684 858 Nais-

2038 901 2168 938 sum
2215 892 2598 953 concesserat,
2632 886 2840 943 litteris
2870 906 2903 942 a
2951 892 3262 946 Constante
3290 893 3554 964 Augusto
3586 907 3682 947 ac-

2038 974 2220 1044 ceptis
2254 974 2341 1044 (c),
2376 974 2510 1029 inde
2541 977 2833 1046 profectus
2860 978 3186 1049 Aquileiam
3220 984 3328 1047 est,
3364 981 3464 1036 ubi
3496 981 3680 1053 impe-

2038 1067 2288 1117 ratorem
2337 1064 2547 1118 comite
2578 1066 2991 1121 Fortunatiano
3022 1068 3178 1124 illius
3218 1069 3380 1126 urbis
3412 1071 3684 1142 episcopo

2038 1156 2127 1205 est
2157 1149 2466 1206 allocutus.
2485 1152 2881 1224 Memoratque
2910 1154 3064 1209 idem
3093 1156 3448 1212 Athanasius
3471 1174 3693 1229 nequa-

2039 1256 2217 1311 quam
2269 1256 2328 1294 se
2376 1244 2749 1296 Constantem
2808 1242 2999 1298 solum
3050 1246 3403 1317 remotisque
3452 1246 3689 1302 arbitris

2037 1327 2397 1397 convenisse,
2431 1329 2531 1383 sed
2584 1330 2794 1385 comite
2834 1347 3067 1403 semper
3112 1334 3383 1406 episcopo
3415 1335 3578 1390 urbis
3626 1335 3685 1389 in

2038 1434 2154 1489 qua
2184 1418 2416 1489 degeret
2455 1418 2789 1490 imperator.
2822 1419 3113 1477 Nimirum
3142 1423 3360 1478 Patavii
3392 1441 3526 1478 cum
3556 1424 3689 1480 Cri-

2039 1506 2209 1578 spino
2239 1507 2435 1578 ipsum
2485 1507 2649 1573 adiit,
2682 1508 2921 1564 Veronae
2955 1527 3089 1565 cum
3122 1511 3358 1580 Lucillo,
3392 1512 3451 1566 in
3493 1514 3691 1569 Laude

2042 1596 2316 1667 Pompeia
2347 1596 2422 1667 (d)
2453 1612 2587 1651 cum
2617 1596 2911 1668 Dionysio,
2945 1599 3076 1654 aliis
3108 1600 3167 1655 in
3220 1599 3363 1657 locis
3397 1618 3529 1656 cum
3556 1601 3696 1656 Vin-

2041 1684 2231 1739 centio
2288 1690 2579 1756 Capuano,
2639 1687 2950 1743 Maximino
3021 1689 3369 1754 Trevirensi,
3429 1691 3693 1747 Protasio

2040 1771 2480 1843 Mediolanensi,
2516 1775 2771 1847 Eugenio
2804 1776 2941 1832 item
2974 1778 3276 1850 magistro.
3303 1779 3465 1844 Quod
3498 1779 3694 1835 divino

2041 1860 2283 1916 consilio
2315 1867 2672 1934 praecautum
2707 1864 2887 1920 fuisse
2918 1865 3185 1921 videatur
3216 1885 3227 1921 :
3272 1884 3407 1923 nam
3440 1871 3698 1939 postmo—

2042 1949 2183 2003 dum
2215 1950 2435 2021 Ariani,
2453 1953 2608 2023 quod
2635 1952 2997 2009 Athanasius
3018 1955 3391 2011 Constantem
3418 1956 3696 2028 frequens

2043 2038 2305 2106 adiisset,
2348 2041 2482 2096 inde
2520 2041 2871 2097 criminandi
2921 2059 3055 2098 eum
3105 2061 3309 2099 ansam
3358 2045 3696 2116 arripuere;

2048 2128 2203 2198 quod
2265 2127 2485 2184 scilicet
2542 2130 2862 2187 simultatis
2928 2131 3080 2187 inter
3138 2134 3346 2189 fratres
3403 2135 3698 2189 movenda

2048 2232 2227 2272 causa
2255 2235 2387 2272 cum
2420 2219 2734 2275 Constante
2764 2220 3034 2290 frequens
3065 2220 3354 2293 colloquia
3398 2222 3696 2278 misceret.

2044 2306 2147 2359 Cui
2178 2306 2589 2378 propulsandae
2637 2307 2943 2363 calumniae
2992 2311 3369 2365 commodum
3417 2314 3705 2384 Opportu-

2046 2411 2303 2464 numque
2326 2395 2453 2465 fuit,
2479 2397 2633 2468 quod
2658 2414 2962 2468 nunquam
2985 2398 3175 2454 solum
3201 2400 3575 2456 Constantem
3598 2416 3703 2456 so-

2046 2482 2140 2539 lus
2171 2485 2555 2541 convenisset.

2121 2573 2173 2627 3.
2223 2574 2571 2630 Constantius
2614 2575 2983 2631 Athanasium
3028 2577 3281 2633 hortatur
3322 2579 3396 2633 ad
3440 2578 3704 2641 reditum.

2052 2693 2122 2703 --
2151 2663 2428 2735 Aquileiae
2462 2680 2595 2719 cum
2626 2665 2880 2736 degeret,
2898 2664 3427 2739 ecclesiasticisque
3456 2683 3709 2723 conven-

2053 2753 2210 2809 tibus
2239 2768 2475 2824 operam
2507 2754 2692 2821 daret,
2722 2753 2781 2808 in
2814 2754 3035 2826 templo
3080 2757 3235 2827 quod
3270 2760 3393 2811 tum
3424 2756 3712 2812 excitaba-

2052 2845 2169 2909 tur,
2226 2842 2476 2897 necdum
2533 2846 2733 2897 tamen
2791 2843 3082 2915 absoluto,
3147 2844 3445 2901 collectam
3504 2845 3709 2902 haberi

2055 2931 2376 3003 conspexit,
2429 2931 2521 2985 cui
2570 2931 2746 2986 etiam
2803 2933 3003 2988 aderat
3052 2933 3339 2990 Constans
3383 2937 3710 3008 Augustus.

2056 3022 2191 3085 Quae
2224 3036 2315 3075 res
2347 3019 2564 3092 pariter
2591 3020 2705 3091 ipsi
2750 3019 2911 3075 utilis
2942 3021 3052 3075 fuit
3102 3023 3172 3077 ad
3204 3022 3379 3078 aliam
3411 3022 3708 3096 depellen-

2055 3109 2191 3164 dam
2224 3108 2714 3173 criminationem,
2750 3113 2815 3163 ut
2852 3108 3097 3165 inferius
3129 3111 3372 3167 dicetur.
3408 3113 3471 3167 In
3502 3113 3708 3169 eadem

2058 3198 2201 3253 urbe
2248 3197 2473 3252 litteras
2518 3198 2727 3268 accipit
2775 3198 3100 3253 Constantii
3161 3199 3553 3272 imperatoris,
3587 3200 3712 3273 qui,

2058 3287 2419 3359 deprehensa
2494 3286 2846 3341 Arianorum
2924 3287 2983 3341 in
3044 3286 3264 3359 legatos
3338 3288 3714 3345 Sardicenses

2060 3377 2229 3446 conju
2241 3375 2483 3441 ratione,
2517 3373 2733 3430 leniore
2754 3391 2892 3447 erga
2913 3376 3301 3432 Athanasium
3326 3381 3448 3431 erat
3468 3377 3665 3433 animo
3698 3396 3711 3433 :

3170 3465 3264 3537 (e).
3297 3470 3578 3521 Sanctum
3611 3465 3709 3522 ille

2056 3553 2366 3627 praesulem
2420 3553 2783 3619 hortabatur,
2818 3556 2882 3608 ut
2910 3554 3019 3609 iter
3058 3554 3117 3608 in
3148 3554 3397 3625 patriam
3431 3558 3487 3610 et
3524 3554 3708 3610 eccle-

2060 3644 2209 3701 siam
2242 3660 2410 3699 suam
2461 3644 2800 3715 susciperet,
2834 3644 2934 3699 diu
2977 3661 3105 3701 esse
3153 3645 3309 3716 quod
3352 3648 3714 3717 exspectaret

2058 3739 2373 3788 venturum
2408 3731 2560 3788 ultro
2593 3749 2657 3787 ac
2698 3733 2981 3790 redeundi
3014 3734 3353 3789 facultatem
3385 3733 3713 3806 postulatu-

2063 3840 2216 3878 rum.
2250 3822 2332 3877 Ne
2360 3826 2554 3877 metus
2586 3821 2880 3877 ulterioris
2903 3840 3077 3877 moras
3108 3840 3288 3879 causa
3318 3828 3490 3891 esset,
3509 3824 3719 3895 jubere

2065 3928 2127 3968 se
2176 3916 2241 3966 ut
2286 3911 2445 3966 omni
2498 3911 2688 3983 posita
2738 3911 3050 3967 formidine
3101 3912 3211 3967 iter
3265 3913 3718 3984 ingrederetur:

2067 4000 2377 4072 scripsisse
2427 4016 2489 4055 se
2539 3999 2698 4054 fratri
2730 4000 3031 4055 Constanti
3078 4006 3143 4056 ut
3192 4000 3460 4057 veniendi
3494 4001 3724 4073 copiam

2068 4090 2299 4145 faceret.
2335 4090 2407 4143 At
2455 4105 2588 4143 cum
2645 4088 3022 4160 Athanasius,
3054 4094 3140 4145 tot
3179 4094 3311 4146 ante
3360 4090 3532 4145 malis
3584 4088 3730 4145 affli-

2070 4184 2219 4243 ctus,
2252 4177 2345 4232 vix
2395 4194 2427 4232 a
2456 4176 2706 4248 pristino
2738 4181 2897 4232 metu
2956 4178 3291 4250 respiraret,
3325 4178 3729 4250 comperendi-

2073 4271 2245 4323 natus
2277 4270 2366 4321 est
2397 4266 2581 4320 donec
2632 4269 2812 4321 altera
2845 4267 3143 4322 accederet
3186 4266 3555 4340 imperatoris
3586 4267 3732 4322 Con-

2076 4356 2277 4411 stantii
2349 4354 2619 4426 epistola,
2683 4372 2801 4426 qua
2865 4355 3059 4410 virum
3113 4357 3358 4426 jubebat
3410 4372 3729 4412 conscenso

2075 4445 2308 4516 publico
2356 4442 2624 4499 vehiculo
2674 4459 2736 4497 se
2780 4445 3107 4511 convenire,
3142 4449 3206 4499 ut
3249 4444 3464 4516 optatis
3510 4445 3731 4499 fruere-

2076 4539 2191 4589 tur.
2228 4532 2483 4588 Tertiam
2518 4532 2657 4586 item
2683 4531 2994 4603 epistolam
3027 4533 3402 4588 Constantius
3433 4550 3536 4605 per
3563 4532 3735 4588 Achi-

2076 4627 2197 4679 tam
2242 4621 2553 4677 diaconum
2586 4619 2749 4674 misit
2779 4620 2848 4675 ad
2894 4624 3162 4676 sanctum
3193 4621 3526 4692 praesulem,
3556 4637 3733 4693 quem

2079 4710 2475 4767 diuturniores
2506 4708 2738 4763 trahere
2767 4724 2962 4763 moras
2993 4726 3143 4781 aegre
3183 4710 3440 4777 ferebat;
3474 4724 3735 4781 conque-

313 4794 548 4851 afﬂictis
578 4796 753 4851 rebus
784 4796 1287 4870 frangi,secundis
1309 4798 1463 4854 ultra
1492 4800 1731 4855 modum
1755 4800 1966 4869 elferri,
2001 4811 2049 4875 D
2082 4806 2209 4857 stus
2242 4816 2303 4855 se
2328 4797 2556 4869 jamdiu
2583 4796 2751 4851 illum
2780 4803 3132 4868 exspectare,
3150 4815 3320 4869 quem
3344 4798 3543 4870 patriae
3566 4801 3737 4855 resti-

312 4884 544 4955 impetu
580 4884 753 4950 facto,
787 4885 1103 4942 scelestum
1150 4887 1460 4959 praesulem
1491 4888 1806 4943 trucidant.
1838 4892 1973 4955 Quae

314 4988 519 5039 causa,
576 4989 776 5045 quasve
823 4975 969 5031 ratio
1022 4976 1213 5044 caedis,
1248 4977 1512 5033 omnium
1564 4978 1781 5049 pariter
1835 4979 1978 5034 scri-

318 5065 559 5135 ptorum
607 5061 848 5119 silentio
895 5065 1203 5136 premitur.
1252 5066 1469 5122 Verum
1527 5066 1795 5133 fortasse,
1846 5068 1984 5138 quia

321 5150 643 5222 superstite
673 5150 949 5224 Gregorio
980 5155 1145 5225 plebs
1176 5154 1571 5211 Alexandrina
1614 5157 1984 5226 optatissimo

320 5238 437 5296 sibi
479 5239 802 5297 Athanasio
870 5243 1174 5313 precisam
1228 5260 1357 5299 esse
1403 5244 1761 5315 remigrandi
1820 5261 1984 5317 spem

326 5327 704 5400 intelligeret,
755 5330 814 5385 in
871 5330 930 5386 id
980 5332 1254 5388 facinoris
1305 5331 1592 5404 prorupit.
1626 5333 1767 5402 Ejus
1825 5334 1988 5388 obitu

329 5415 594 5473 levatum
625 5418 945 5475 Athanasio
977 5420 1087 5475 fuit
1137 5436 1309 5476 omne
1339 5421 1566 5475 reditus
1598 5419 1989 5492 impedimen-

327 5507 481 5560 tum.

327 5611 491 5738 22(α)
560 5612 774 5670 Athan.
840 5617 979 5673 Hist.
1028 5617 1220 5672 Arion.
1270 5616 1341 5672 ad
1404 5617 1722 5685 monachos,
1774 5634 1833 5671 n.
1902 5618 1992 5685 21,

405 5753 481 5893 Eb)
510 5753 854 5813 Theodoret.
889 5756 988 5817 lib.
1026 5776 1083 5827 ιι,
1119 5776 1245 5831 cap.
1282 5760 1367 5814 12.

434 5827 486 5893 c)
515 5826 721 5883 Athan.
754 5829 897 5893 Apol
920 5832 992 5887 ad
1022 5830 1334 5893 Constant.,

434 5827 486 5914 εξ
515 5826 721 5914 Athan.
754 5829 897 5914 Apol
920 5832 992 5887 ad
1022 5826 1334 5901 emtam,
1367 5847 1427 5885 n.
1464 5830 1517 5885 3.

406 5895 486 5970 (ἀ)
512 5897 650 5956 Lodi
679 5895 914 5958 vecclu'o.

2085 4893 2250 4945 tuere
2306 4890 2634 4958 peroptaret
2692 4889 2749 4939 et
2798 4885 3057 4941 ecclesiae
3116 4903 3253 4941 suae.
3304 4887 3553 4959 Scripsit
3598 4886 3741 4942 item

2088 4974 2389 5033 Constanti
2422 4974 2606 5041 fratri,
2640 4990 2853 5045 rogans
2883 4979 2948 5028 ut
2977 4990 3109 5029 eum
3142 4974 3213 5030 ad
3253 4976 3505 5030 reditum
3537 4975 3747 5030 cohor-

2090 5070 2332 5121 taretur.
2378 5066 2453 5119 At
2483 5062 2638 5118 enim
2690 5063 3026 5118 afﬁrmabat
3071 5080 3133 5120 se
3179 5079 3399 5119 annum
3448 5063 3744 5135 integrum

2094 5158 2481 5226 exspectasse,
2516 5167 2702 5223 neque
2741 5153 3104 5208 concessisse
3134 5170 3313 5209 novas
3362 5152 3489 5207 dari
3516 5153 3748 5220 turbas,

2096 5243 2395 5313 aliumque
2421 5240 2682 5311 Gregorii
2714 5240 2839 5296 loco
2866 5241 3038 5313 deligi
3073 5242 3433 5314 episcopum.
3457 5240 3749 5297 Nimirum

2098 5334 2155 5388 id
2189 5328 2754 5403 satagebantAriani
2785 5331 3121 5401 imperatori
3154 5331 3417 5387 suadere.
3445 5331 3519 5386 Ut
3552 5334 3750 5386 autem

2098 5437 2332 5478 omnem
2368 5418 2702 5475 formidinis
2724 5435 2962 5475 causam
2996 5416 3233 5487 levaret,
3256 5420 3496 5476 comites
3518 5435 3755 5491 quoque

2102 5528 2262 5581 suos,
2278 5508 2496 5581 quibus
2528 5506 2781 5563 maxime
2803 5507 3073 5563 habenda
3094 5509 3238 5565 fides
3267 5507 3754 5577 erat,Polemium

2176 5617 2249 5687 (ρ)
2312 5614 2527 5687 Athan.
2598 5613 2752 5687 Apol.
2820 5612 2891 5667 ad
2950 5614 3258 5687 Constant,
3319 5632 3375 5669 η.
3432 5614 3572 5687 15;-

2107 5684 2307 5744 man.
2361 5686 2431 5739 ad
2474 5684 2781 5755 monachos,
2845 5702 2900 5737 η.
2940 5686 3044 5747 21;
3097 5686 3249 5755 Apol.
3296 5687 3491 5740 contra
3528 5684 3755 5755 Arium,

2108 5777 2164 5813 n.
2198 5759 2289 5823 54,
2320 5758 2426 5822 55;
2460 5756 2681 5811 Socrat.
2717 5754 2837 5825 lib.
2870 5772 2934 5821 II,
2964 5771 3089 5825 cap.
3121 5757 3192 5810 23
3220 5781 3234 5823 ;
3264 5757 3493 5813 Sozom.
3526 5754 3633 5810 lib.
3669 5770 3757 5823 In,

2107 5846 2234 5901 cap,
2264 5829 2336 5882 20
2363 5845 2376 5895 ;
2409 5826 2750 5882 Theodoret.
2782 5824 2886 5881 lib.
2924 5842 2983 5894 II,
3016 5824 3144 5897 cap.
3179 5828 3264 5883 11.
