4166 6414
415 455 557 512 CVIII

1787 452 2397 520 PROLEGOMENA.

416 583 658 658 scilicet,
706 584 1038 656 Datianum,
1072 586 1436 660 Bardionem,
1487 587 1858 661 Thalassum,
1911 591 2060 646 Tau-
2091 595 2146 658 Α
2178 592 2324 647 siam
2399 591 2657 664 aliquam
2728 589 3082 649 Alexandriae
3138 588 3363 649 Arianis
3421 589 3494 649 ad
3550 589 3823 648 collectas

416 691 551 729 rum
583 681 640 731 et
669 676 1047 744 Florentium,
1076 678 1404 746 Athanasii,
1435 684 1500 733 ut
1529 680 1775 748 videtur,
1803 696 2063 735 necessa-

416 763 534 820 rios
561 766 658 837 (a),
683 767 864 836 jussit
882 767 1158 838 epistolas
1181 768 1250 823 ad
1288 768 1665 824 Athanasium
1700 769 2060 824 dimovendae

416 853 771 925 suspicionis
801 873 975 911 causa
1007 858 1253 912 mittere.

485 945 538 998 4.
570 945 857 1000 Athanasii
885 946 1108 1001 reditus.
1139 977 1207 986 ——
1257 948 1578 1019 Imperator
1607 964 1743 1015 ergo
1778 947 2064 1002 Constans

412 1033 634 1089 iteratis
658 1035 854 1089 fratris
876 1035 965 1090 sui
994 1035 1202 1091 litteris
1234 1041 1533 1108 permotus
1555 1037 1653 1108 (ὁ),
1676 1035 2060 1091 Athanasium

415 1122 618 1178 accivit
645 1123 702 1178 in
734 1122 951 1179 Gallias
1007 1125 1112 1188 Qui
1147 1143 1280 1180 mox
1327 1125 1612 1197 Aquileia,
1649 1125 1746 1180 ubi
1778 1129 1901 1179 tum
1934 1142 2062 1179 ver-

414 1212 672 1279 sabatur,
708 1213 1020 1284 profectus,
1056 1215 1301 1269 Romam
1333 1214 1507 1278 venit,
1531 1214 1798 1285 episcopo
1829 1213 1984 1268 Julio
2007 1219 2065 1269 et

411 1301 680 1356 Ecclesiae
693 1300 816 1356 vale
831 1302 1116 1358 dicturus.
1133 1305 1279 1358 Tum
1297 1303 1550 1358 Ecclesia
1567 1303 1828 1357 Romana
1845 1302 2064 1373 ingenti

412 1390 624 1463 gaudio
656 1390 913 1462 perfusa,
943 1390 1254 1464 Juliusque
1284 1392 1540 1463 pontifex
1567 1391 1832 1447 redeunti
1864 1396 2062 1462 gratu-

412 1479 589 1550 latus,
623 1479 847 1535 litteras
877 1479 1035 1535 dedit
1067 1481 1137 1535 ad
1170 1480 1391 1535 clerum
1423 1485 1480 1535 et
1502 1479 1782 1552 populum
1819 1479 2062 1534 Alexan-

413 1569 675 1634 drinum,
707 1567 924 1639 quibus
955 1585 1018 1624 se
1038 1569 1460 1625 testiﬁcabatur
1489 1584 1863 1641 summOpere
1884 1567 2065 1623 laetari

415 1657 487 1713 de
536 1657 724 1713 reditu
785 1657 933 1713 tanti
989 1658 1311 1730 tandiuque
1357 1657 1591 1730 expetiti
1622 1657 1908 1729 praesulis,
1939 1655 2066 1712 lau-

414 1747 553 1803 dare
581 1747 866 1819 propositi
913 1763 1116 1802 eorum
1166 1747 1676 1818 perseverantiam,
1709 1763 1888 1818 quam
1927 1762 2066 1801 con-

415 1835 591 1908 digno
622 1839 678 1890 et
707 1834 1074 1907 optatissimo
1122 1836 1276 1890 Deus
1307 1835 1462 1890 exitu
1515 1835 1807 1891 donasset.
1849 1835 2070 1890 Laudat

413 1925 622 1981 exinde
684 1923 984 1979 Athanasii
1050 1924 1347 1991 virtutem,
1410 1923 1810 1978 fortitudinem
1859 1923 2064 1991 animi,

412 2013 757 2087 patientiam
806 2013 866 2068 in
914 2013 1218 2069 adversis:
1253 2014 1438 2068 virum
1481 2017 1566 2068 tot
1614 2012 1888 2084 periculis
1937 2029 2066 2084 per-

415 2103 682 2158 functum
733 2103 861 2173 jam
911 2100 1210 2156 clariorem
1266 2101 1474 2156 reverti
1519 2118 1695 2173 quam
1757 2107 1889 2156 ante
1939 2101 2066 2155 fue-

413 2196 522 2263 rat,
555 2209 622 2247 ex
673 2191 868 2247 animo
924 2209 986 2247 se
1046 2191 1298 2264 gaudere
1346 2189 1795 2262 prospicientem
1854 2190 1915 2245 in
1965 2190 2068 2245 ad-

411 2285 592 2337 ventu
643 2280 947 2336 Athanasii
992 2279 1255 2335 latitiam
1309 2279 1540 2351 populis
1588 2279 1846 2334 futuram
1908 2296 1921 2334 :
1984 2279 2069 2335 sic

415 2369 706 2443 praeterita
735 2369 890 2424 mala
920 2368 1050 2424 laeto
1083 2369 1240 2424 exitu
1282 2367 1628 2423 oblitterari.
1662 2370 1809 2423 Tum
1843 2368 2072 2424 decedit

421 2458 607 2514 Roma
636 2458 696 2513 in
744 2456 985 2529 Gallias,
1017 2461 1466 2529 Augustumque
1515 2456 1785 2511 convenit
1813 2456 2072 2512 Athana-

423 2565 567 2604 sms.

487 2637 543 2693 5.
578 2635 954 2692 Constantium
1001 2637 1254 2691 convenit
1297 2635 1740 2690 Athanasius.—
1787 2635 2077 2692 Haesimus

416 2742 526 2781 nos
553 2724 870 2796 aliquando
890 2725 1093 2780 incerti
1116 2723 1451 2796 Aquileiane
1479 2724 1536 2778 in
1559 2723 1793 2795 Gallias,
1819 2725 2073 2797 acceptis

415 2815 667 2888 Augusti
717 2813 948 2881 litteris,
1011 2813 1317 2869 confestim
1385 2815 1541 2867 recta
1599 2813 1944 2885 properarit,
2007 2831 2072 2870 ac

418 2903 630 2960 deinde
659 2919 730 2958 ex
758 2901 961 2958 Galliis
1003 2900 1356 2957 concesserit
1401 2901 1688 2968 Romam;
1722 2902 1779 2956 in
1813 2901 2076 2973 Aquileia

419 2992 713 3066 profectus
769 2992 1016 3046 Romam
1091 2988 1330 3062 venerit,
1387 2994 1702 3061 antequam
1759 2991 1831 3045 de
1888 2989 2074 3061 Italia,

416 3083 752 3154 Augustum
800 3080 1090 3146 aditurus,
1122 3079 1446 3134 decederet.
1478 3077 1696 3132 Verum
1738 3079 1865 3149 jam
1901 3078 2073 3134 nobis

417 3187 565 3243 pene
597 3173 850 3235 constat,
886 3169 1027 3241 quia
1053 3167 1408 3223 Athanasius
1427 3166 1804 3238 Adrianopoli
1827 3166 2075 3222 Alexan-

417 3259 608 3315 driam
649 3258 978 3330 remigrans
1006 3254 1362 3328 pertransiit,
1396 3253 1667 3326 Aquileia
1701 3255 1943 3311 Romam
1976 3272 2075 3312 ve-

2172 682 2429 736 concedi.
2463 682 2687 745 Quibus
2718 699 2938 738 morem
2969 699 3177 754 gerens
3225 680 3620 751 Constantius,
3657 685 3824 753 rogat

2178 770 2551 839 Athanasius,
2585 772 3063 843 quandoquidem
3110 771 3236 842 ipse
3265 789 3332 826 ex
3383 772 3512 841 ejus
3539 774 3669 825 voto
3699 787 3822 826 om-

2176 857 2275 912 nia
2307 863 2522 930 ageret,
2557 859 2667 914 sibi
2695 860 2868 915 etiam
2901 859 2997 914 ille
3024 861 3176 932 quod
3220 860 3278 913 in
3311 859 3525 930 optatis
3557 864 3680 913 erat
3710 875 3825 914 non

2179 947 2510 1018 denegaret,
2536 953 2599 1002 ut
2629 948 2851 1003 scilicet
2876 948 3276 1015 ecclesiarum,
3303 965 3429 1019 quae
3455 949 3599 1002 bene
3631 947 3824 1002 multa

2173 1041 2338 1090 erant
2389 1035 2769 1103 Alexandriae,
2805 1055 2982 1092 unam
3025 1037 3256 1092 Arianis
3287 1036 3436 1092 tradi
3487 1037 3829 1091 concederet

2175 1140 2278 1194 pro
2337 1125 2718 1180 conventibus
2787 1125 3050 1196 agendis.
3113 1126 3192 1180 Ad
3263 1124 3383 1180 haec
3448 1123 3823 1191 Athanasius,

2175 1229 2410 1284 aequum
2445 1214 2682 1284 quidem
2724 1231 2850 1269 esse
2884 1215 3185 1285 respondit
3217 1213 3586 1285 imperatoris
3617 1213 3828 1284 placito

2173 1318 2241 1356 ea
2267 1302 2323 1354 in
2357 1317 2415 1356 re
2451 1303 2890 1375 obtemperare;
2927 1304 3025 1358 sed
3051 1303 3189 1375 quia
3219 1303 3388 1357 multi
3421 1303 3596 1356 etiam
3630 1302 3828 1356 Antio-

2174 1389 2315 1444 chize
2357 1390 2634 1446 Catholici
2682 1392 2977 1463 degerent,
3013 1392 3110 1463 qui
3145 1392 3216 1447 ab
3265 1392 3612 1446 Arianorum
3665 1407 3830 1446 com-

2175 1479 2451 1534 munione
2500 1480 2897 1548 abhorrerent,
2927 1479 3223 1552 postulare
3271 1497 3332 1535 se
3380 1485 3587 1535 mutuo
3620 1479 3829 1536 iisdem

2174 1568 2246 1622 ad
2279 1565 2547 1623 collectas
2578 1568 2956 1624 celebrandas
2976 1569 3280 1625 ecclesiam
3303 1569 3564 1624 concedi.
3598 1569 3665 1624 Et
3695 1585 3830 1624 vero

2176 1672 2290 1710 non
2323 1656 2524 1727 iniqua
2556 1657 2893 1729 imperatori
2923 1657 3049 1712 visa
3080 1658 3188 1712 fuit
3229 1657 3519 1728 ejusmodi
3549 1658 3622 1712 ab
3650 1657 3829 1712 Atha-

2177 1744 2340 1799 nasio
2371 1744 2565 1801 oblata
2587 1747 3091 1823 conditio.Verur_n
3112 1747 3307 1801 Ariani
3330 1764 3497 1801 secus
3530 1745 3828 1801 existima-

2176 1833 2336 1887 bant.
2370 1833 2512 1888 Nam
2546 1850 2679 1888 cum
2707 1835 2946 1906 grandis
2978 1834 3274 1890 Athanasii
3297 1839 3451 1891 esset
3477 1833 3831 1890 Alexandriae

2177 1922 2515 1987 auctoritas,
2537 1939 2648 1977 non
2685 1924 2880 1995 magni
2907 1923 3187 1979 interesse
3214 1924 3500 1995 putabant
3531 1923 3833 1978 sodalibus

2178 2010 2303 2065 suis
2335 2011 2741 2066 Alexandrinis
2773 2012 2927 2084 quod
2960 2011 3276 2067 Ecclesiam
3309 2011 3664 2078 obtinerent,
3693 2027 3829 2067 cum

2177 2099 2321 2154 tanti
2353 2099 2460 2154 viri
2517 2101 2758 2155 monitis
2789 2105 2965 2172 atque
3014 2101 3524 2156 adhortationibus
3565 2101 3832 2155 futurum

2179 2187 2593 2260 prospicerent,
2627 2194 2693 2244 ut
2741 2190 2949 2261 exigua
2998 2194 3096 2244 aut
3135 2189 3298 2244 nulla
3348 2189 3493 2245 foret
3543 2189 3835 2245 Arianicis

2179 2277 2354 2332 rebus
2386 2277 2662 2344 accessio,
2694 2277 2924 2334 etiamsi
2970 2278 3276 2334 ecclesiam
3310 2277 3392 2332 illi
3444 2277 3832 2350 possiderent.

2179 2365 2389 2422 Contra
2452 2383 2585 2422 vero
2650 2366 2966 2422 Antiochia:
3028 2366 3448 2422 Eustathianos
3523 2367 3838 2422 cernebant

2181 2471 2394 2526 magno
2425 2471 2552 2511 esse
2584 2471 2866 2522 numero;
2901 2455 3021 2527 qui,
3057 2455 3106 2510 si
3139 2454 3383 2510 ecclesia
3414 2455 3525 2510 sibi
3557 2455 3838 2511 concede-

2182 2548 2361 2614 retur,
2398 2544 2572 2599 rebus
2614 2543 2736 2598 suis
2769 2544 3054 2616 augendis
3085 2544 3386 2598 studerent
3418 2543 3475 2598 in
3506 2544 3731 2599 Arianae
3753 2543 3839 2598 fa-

2183 2631 2394 2688 ctionis
2424 2632 2633 2705 ingens
2664 2633 3105 2688 detrimentum.
3138 2631 3282 2687 Nam
3317 2637 3443 2687 tum
3495 2633 3670 2688 etiam
3703 2649 3840 2688 cum

2183 2720 2407 2777 nullam
2436 2721 2736 2788 haberent,
2754 2721 3071 2776 sibitamen
3098 2720 3391 2776 formidini
3411 2725 3595 2776 erant.
3623 2723 3839 2787 Quam-

2183 2810 2383 2866 obrem
2418 2809 2754 2882 imperatori
2800 2815 3068 2866 auctores
3103 2810 3282 2877 fuere,
3318 2814 3384 2864 ut
3434 2811 3506 2866 ab
3546 2810 3840 2880 ejusmodi

2185 2899 2497 2972 postulatis
2530 2898 2860 2954 absisteret.

2255 2990 2310 3042 7.
2360 2989 2617 3054 Epistolw
2670 2987 2978 3043 Constantii
3023 2989 3081 3043 in
3128 2989 3374 3060 gratiam
3423 2986 3735 3043 Athanasii.
3771 3017 3841 3028 —

2185 3077 2562 3132 Constantius
2593 3082 2789 3132 autem
2821 3079 2872 3131 vi
2923 3083 2979 3133 et
3009 3076 3244 3148 ingenio
3276 3077 3534 3133 hominis
3565 3078 3840 3148 obstupe-

2187 3181 2356 3221 scens
2383 3165 2482 3236 (ά),
2517 3165 2716 3222 missis
2747 3167 2817 3220 ad
2855 3166 3045 3222 varios
3075 3183 3177 3237 per
3205 3166 3434 3221 diversa
3462 3165 3588 3221 loca
3609 3165 3841 3236 judices

2188 3254 2419 3323 litteris,
2461 3255 2678 3325 quibus
2727 3259 2859 3309 ante
2895 3255 3160 3325 jusserat
3207 3253 3402 3309 aditus
3454 3253 3841 3309 intercludere

422 3345 583 3403 nisse
627 3351 945 3417 antequam
995 3345 1065 3400 ad
1115 3344 1491 3399 Constantem
1540 3348 1894 3415 properaret,
1937 3343 2073 3400 inde
2103 3330 2144 3396 C
2185 3348 2546 3411 omnes,tum
2581 3343 3007 3414 signiﬁcavitut
3036 3342 3286 3398 liberum
3313 3342 3841 3413 praeberenttrans—

421 3451 556 3490 vero
614 3449 713 3506 per
769 3433 1143 3490 Germaniam
1200 3432 1477 3499 secundo,
1520 3437 1585 3487 ut
1635 3436 1893 3503 putatur,
1941 3433 2072 3488 Istri

423 3521 669 3578 ﬂumine
700 3539 971 3595 magnam
1001 3520 1231 3576 itineris
1252 3525 1476 3592 partem
1508 3521 1843 3577 confecisse.
1867 3521 2072 3576 Adria-

423 3610 681 3683 nopolim
716 3628 850 3666 cum
885 3610 1244 3683 pervenisset
1276 3611 1366 3680 (ε),
1400 3611 1598 3665 decem
1629 3609 1934 3677 laicorum,
1967 3611 2068 3682 qui

418 3699 768 3754 Arianorum
799 3700 1115 3770 praesulum
1137 3700 1312 3769 jussu
1352 3698 1484 3754 caesi
1519 3699 1771 3764 fuerant,
1805 3698 2071 3755 tumulos

419 3787 721 3858 conspexit
767 3795 1002 3859 propter
1041 3787 1246 3842 urbem
1300 3785 1462 3842 sitos.
1496 3786 1634 3841 Inde
1682 3803 1816 3842 vero
1869 3788 2069 3843 Antio-

418 3876 612 3931 chiam
672 3876 994 3930 concedens
1039 3875 1446 3930 Constantium
1497 3874 1678 3941 adiit;
1729 3875 1830 3946 qui
1881 3875 2068 3931 virum

417 3963 862 4038 perhumaniter
891 3963 1131 4035 excepit,
1155 3961 1306 4018 comi
1329 3962 1675 4034 placidoque
1705 3963 1869 4018 vultu
1895 3964 2071 4019 intui-

415 4057 528 4108 tus.
563 4052 709 4108 Cum
765 4057 961 4108 autem
1017 4050 1366 4106 Athanasius
1399 4051 1469 4107 de
1516 4051 1626 4107 sibi
1665 4050 1847 4107 illatis
1896 4052 2069 4108 malis

415 4144 889 4213 conquereretur,
922 4158 987 4196 ac
1033 4139 1300 4196 beneficii
1331 4143 1387 4194 et
1432 4140 1632 4212 gratiae
1670 4140 1794 4195 loco
1827 4144 2065 4212 peteret,

414 4235 480 4286 ut
525 4247 598 4286 ne
645 4229 1085 4285 criminationes
1135 4227 1536 4284 adversorium
1570 4233 1700 4300 post
1737 4230 2064 4286 discessum

413 4335 588 4375 suum
621 4318 884 4386 audiret;
920 4319 1042 4385 sed,
1078 4315 1128 4372 si
1161 4317 1404 4388 luberet,
1424 4318 1551 4388 jam
1583 4317 1899 4373 maledicos
1929 4336 2063 4375 evo-

411 4411 586 4478 caret,
622 4412 686 4462 ut
741 4423 933 4462 coram
985 4405 1303 4478 objicerent
1350 4406 1615 4473 crimina,
1651 4407 1707 4461 id
1760 4407 2065 4480 denegavit

410 4495 747 4568 imperator.
779 4500 851 4550 At
879 4495 1036 4550 enim
1071 4495 1355 4566 quidquid
1390 4495 1671 4550 adversus
1702 4512 1834 4550 eum
1868 4511 1938 4550 ex
1966 4513 2059 4552 ca-

2182 3431 2352 3487 itum.
2385 3433 2532 3488 Data
2571 3433 2710 3487 item
2742 3431 2989 3503 epistola
3039 3431 3328 3503 episcopis
3361 3448 3425 3486 ac
3458 3431 3837 3504 presbyteriis

2181 3521 2555 3587 renuntiavit,
2588 3539 2649 3577 se
2681 3521 3060 3576 Athanasium
3095 3520 3290 3592 patriae
3321 3524 3378 3574 et
3427 3519 3684 3575 ecclesiae
3716 3537 3836 3576 sua

2182 3609 2510 3675 restituere,
2542 3611 2741 3666 omnia
2793 3627 2921 3682 quae
2969 3609 3251 3664 adversus
3300 3625 3435 3663 cum
3477 3608 3697 3680 scripta
3747 3609 3836 3664 vel

2181 3703 2345 3770 gesta
2373 3700 2604 3754 fuerant
2632 3698 3377 3770 abrogare,decernereque
3399 3702 3461 3750 ut
3486 3695 3678 3751 clerici
3705 3698 3836 3766 ejus

2181 3787 2382 3842 eadem
2417 3804 2534 3859 qua
2563 3792 2695 3842 ante
2739 3787 3060 3857 gauderent
3091 3784 3467 3840 immunitate
3501 3801 3513 3839 :
3558 3784 3682 3839 dari
3713 3785 3835 3856 epi-

2181 3877 2396 3947 scopis,
2433 3876 2558 3931 dari
2591 3875 2815 3931 clericis
2865 3875 3054 3930 eidem
3088 3873 3422 3929 adhaerendi
3453 3873 3792 3928 facultatem
3821 3899 3835 3941 ;

2180 3981 2308 4019 eam
2343 3965 2464 4020 fore
2495 3964 2700 4019 exinde
2733 3969 2928 4019 notam
2967 3967 3502 4035 argumentumque
3531 3962 3670 4017 recti
3705 3979 3834 4034 pro-

2177 4052 2374 4124 positi,
2394 4053 2440 4108 si
2476 4053 2608 4125 quis
2625 4051 2930 4108 Athanasii
2963 4051 3438 4106 communionem
3463 4055 3830 4122 sequeretur.

2177 4140 2369 4196 Aliam
2421 4143 2557 4197 item
2608 4141 2768 4197 dedit
2814 4141 2886 4196 ad
2933 4140 3384 4196 Alexandrinam
3429 4138 3696 4211 plebem;
3732 4141 3833 4195 ubi

2178 4235 2488 4301 postquam
2515 4230 2766 4285 summis
2790 4229 3174 4285 Athanasium
3203 4228 3479 4284 laudibus
3506 4228 3828 4299 exornavit,

2176 4318 2376 4390 populi
2405 4320 2591 4390 carpit
2620 4319 2883 4374 animum
2919 4318 3245 4390 inquietum
3272 4334 3340 4373 ac
3369 4317 3828 4386 tumultuosum,

2174 4406 2443 4463 hortatur
2493 4407 2564 4462 ad
2619 4424 2817 4478 pacem
2863 4412 2920 4462 et
2967 4406 3362 4472 concordiam,
3399 4410 3595 4460 monet
3642 4404 3829 4462 semel

2173 4495 2502 4568 iterumque
2551 4501 2615 4550 ut
2671 4497 2874 4551 turbas
2931 4496 3201 4550 movendi
3260 4496 3437 4550 ﬁnem
3488 4495 3724 4560 faciant,
3767 4510 3830 4551 se

409 4585 653 4641 lumniis
700 4583 1097 4650 inimicorum,
1155 4583 1366 4638 litteris
1424 4587 1482 4638 et
1537 4583 1790 4664 publicis
1841 4583 2058 4640 tabulis
2161 4585 2469 4656 judicibus
2515 4585 2855 4656 praecepisse
2907 4590 2968 4639 ut
3001 4589 3288 4656 quotquot
3337 4583 3648 4639 seditiosos
3699 4599 3829 4639 esse

409 4673 756 4730 mandatum
786 4672 1175 4740 esset,abradi
1198 4677 1256 4726 et
1276 4671 2058 4745 oblitterarijussit,pollici-
2090 4697 2138 4761 D
2171 4673 2585 4744 comperirent,
2643 4672 2837 4746 legum
2891 4672 3248 4744 subjicerent
3296 4672 3522 4728 ultioni.
3559 4672 3830 4728 Fortasse

403 4766 502 4818 tus
525 4763 879 4834 juratusque
911 4761 1106 4816 nullas
1141 4760 1390 4817 ulterius
1421 4759 1821 4816 admissurum
1855 4779 1918 4818 se
1947 4763 2058 4818 cri-

404 4850 774 4907 minationes.

471 4941 527 4996 6.
558 4939 878 4996 Antioohiae
907 4939 1050 4994 dum
1101 4939 1339 5011 degeret
1367 4937 1747 5009 Athanasius,
1782 4944 1804 4976 9
1836 4941 2057 4996 Leontii

398 5034 860 5101 ceterorumque
889 5028 1238 5084 Arianorum
1261 5033 1546 5084 conventu
1570 5034 1628 5084 et
1645 5029 2057 5086 communione

398 5134 630 5190 semper
659 5117 966 5182 abstinuit,
992 5118 1090 5173 sed
1123 5118 1195 5172 ad
1230 5117 1504 5174 collectas
1534 5118 2055 5174 Eustathianorum

397 5207 672 5278 frequens
700 5205 1041 5261 ventilabat.
1065 5210 1242 5261 Erant
1273 5211 1398 5261 tum
1430 5223 1499 5262 ex
1526 5205 1776 5275 Arianis,
1797 5207 1894 5279 qui
1918 5224 2052 5263 cum

396 5295 586 5366 gratia
634 5293 955 5367 plurimum
985 5293 1241 5350 valerent
1285 5295 1439 5366 apud
1481 5293 1916 5366 imperatorem,
1950 5313 2052 5350 au-

395 5387 584 5440 ctores
615 5383 726 5455 ipsi
768 5387 936 5440 erant
985 5386 1050 5439 ut
1079 5387 1310 5439 curaret
1358 5382 1830 5455 provideretque,
1864 5383 2050 5440 eccle-

465 5581 540 5652 (α)
572 5579 776 5652 Athan.
809 5581 943 5635 Hist.
980 5580 1181 5634 Ανίαη.
1212 5580 1286 5634 ad
1307 5579 1621 5652 monachos,
1652 5595 1709 5633 n.
1742 5581 1831 5634 22.

468 5650 545 5723 (bi)
574 5651 784 5706 Athan.
819 5652 971 5723 Apol.
999 5655 1189 5707 contra
1217 5652 1435 5717 Arium,
1470 5667 1526 5705 n.
1559 5650 1650 5723 55_.

465 5722 536 5793 (ε)
593 5723 804 5779 Athan.
862 5721 1004 5779 Hist.
1056 5724 1248 5778 Arian.
1299 5723 1370 5777 ad
1427 5721 1734 5793 monachos,
1796 5738 1854 5776 n.
1903 5723 2041 5793 22,;

391 5792 613 5852 Socrat.
660 5793 763 5851 lib.
800 5811 862 5869 ιι,
911 5810 1038 5866 cap.
1089 5793 1199 5864 23;
1233 5794 1462 5852 Sozom.
1514 5792 1615 5849 lib.
1649 5809 1736 5867 ιιι,
1768 5809 1897 5865 cap.
1927 5792 2038 5864 20;

2168 4763 2426 4834 Gregorii
2460 4777 2599 4817 nece
2631 4768 2958 4818 commotus
2991 4762 3323 4832 imperator,
3347 4761 3614 4816 animum
3643 4778 3828 4834 appu-

2167 4849 2232 4906 lit
2265 4851 2336 4906 ad
2369 4850 2560 4906 minas
2581 4850 2922 4921 hujusmodi
2947 4850 3553 4922 proferendas.Jussit
3583 4856 3824 4922 praeter-

2168 4956 2256 5007 ea,
2290 4956 2654 5012 quaacunque
2684 4939 2914 4995 Eusebii
2946 4939 3411 4995 Nicomediensis
3443 4939 3689 4994 consilio
3720 4939 3822 4994 ad-

2165 5044 2369 5083 versus
2400 5027 2791 5083 Athanasium
2825 5027 2882 5082 in
2909 5027 3366 5083 commentarios
3389 5031 3588 5083 essent
3619 5026 3823 5098 relata,

2164 5116 2485 5172 oblitterari
2515 5121 2573 5172 et
2601 5116 2866 5186 abrogari
2901 5133 2913 5172 :
2949 5117 3286 5188 missusque
3329 5116 3615 5172 Eusebius
3646 5117 3821 5173 decu—

2164 5206 2248 5261 rio
2277 5222 2345 5262 ea
2374 5205 2618 5261 abstulit
2648 5221 2716 5261 ex
2771 5206 3008 5262 tabulis.
3046 5207 3226 5278 Cujus
3258 5206 3339 5261 rei
3388 5223 3566 5262 causa
3596 5205 3820 5262 litteras

2164 5295 2325 5350 misit
2353 5295 2731 5352 Constantius
2753 5296 2824 5351 ad
2848 5295 3179 5351 Nestorium
3207 5295 3429 5368 Egypti
3453 5296 3814 5366 praefectum,

2160 5383 2416 5455 itemque
2447 5384 2518 5438 ad
2553 5382 2851 5456 praefectos
2879 5384 3375 5456 Augustamnica,
3409 5383 3733 5441 Thebaidis
3763 5387 3820 5440 et

2157 5577 2446 5652 Theodor.
2479 5578 2580 5635 lib.
2617 5595 2674 5646 ιι,
2707 5595 2834 5652 cap.
2873 5580 2958 5635 12.

2227 5650 2303 5721 (d)
2333 5649 2543 5706 Athan.
2580 5648 2739 5721 Apol.
2780 5648 2970 5708 contra
3020 5651 3237 5718 Arian.,
3272 5667 3330 5705 ιι.
3361 5650 3458 5719 54,
3488 5653 3545 5706 et
3574 5651 3710 5707 Hist.
3739 5650 3813 5706 ad

2155 5721 2472 5790 monachos,
2505 5739 2562 5778 n.
2594 5723 2684 5778 23.
