4166 6392
1714 390 1899 457 VITA
1949 391 2016 456 S.
2059 390 2512 458 ATHANASII.

3718 403 3825 467 cxx

415 531 723 608 Lybiarum
759 531 1205 604 :mandavitque
1232 527 2060 601 utabolerenturquazcunque
2091 526 2229 603 Ain
2282 527 2575 599 ecclesiis,
2635 524 2923 602 episcopis
2983 527 3242 603 undique
3302 529 3370 585 ad
3430 529 3818 587 Athanasium

416 623 474 678 in
506 623 787 678 damnum
821 626 877 677 et
897 621 1311 678 contumeliam
1366 619 1671 674 Athanasii
1724 619 1956 673 decreta
2009 622 2067 673 et

415 713 742 780 conscripta
771 717 985 777 essent,
1018 714 1265 781 ejusque
1311 708 1536 765 clericis
1597 708 1845 780 pristina
1897 707 2065 762 resti-

415 806 677 856 tueretur
703 800 1075 855 immunitas.

487 892 540 943 8.
573 891 860 961 Excipitur
888 890 1218 943 Athanasius
1249 906 1281 943 a
1301 886 2063 959 synodoJerosolymz‘nitana.

417 1009 486 1022 —
518 979 622 1033 His
656 978 735 1032 ita
758 977 939 1050 gestis
971 978 1067 1047 (a),
1121 982 1433 1049 postquam
1496 975 1886 1030 familiaribus
1945 972 2069 1029 vale

419 1068 665 1124 dixisset
691 1067 1066 1135 Athanasius,
1103 1084 1228 1121 sese
1259 1067 1362 1119 viae
1422 1063 1738 1120 commisit.
1806 1069 2068 1134 Dumque

420 1157 646 1229 Syriam
682 1161 1035 1228 peragraret,
1070 1154 1242 1210 amici
1274 1155 1527 1210 amicum
1559 1152 2065 1218 videntes,lmtari;

421 1245 520 1301 alii
552 1262 620 1301 ex
650 1249 948 1316 gestorum
965 1244 1319 1299 conscientio
1343 1260 1477 1298 cum
1498 1244 1718 1314 pudore
1743 1257 2065 1307 occurrere;

422 1350 557 1406 pars
590 1350 651 1388 se
684 1349 878 1387 coram
912 1332 1119 1387 sistere
1165 1349 1279 1386 non
1342 1331 1491 1397 ausi,
1543 1346 1669 1385 sese
1728 1330 2019 1385 occultare
2053 1346 2064 1395 ;

421 1421 517 1477 alii
544 1421 883 1494 poenitentia
914 1421 1071 1474 ducti
1116 1421 1333 1491 scripta
1393 1420 1671 1474 adversus
1728 1418 2069 1489 episcopum

422 1528 531 1567 sua
560 1510 958 1581 repudiare.ln
990 1509 1357 1564 Palaestinam
1382 1513 1576 1562 autem
1607 1524 1738 1561 cum
1778 1507 2069 1577 pervenis-

422 1605 532 1665 set,
563 1616 766 1654 omnes
797 1598 955 1653 illius
990 1598 1294 1669 provinciae
1350 1596 1628 1667 episcopi,
1690 1596 1921 1651 duobus
1981 1595 2069 1650 vel

420 1688 610 1743 tribus
643 1688 915 1759 exceptis,
941 1686 1273 1758 PatrOphilo
1330 1684 1554 1741 scilicet
1602 1689 1658 1739 et
1714 1685 1943 1750 Acacio,
2006 1689 2072 1738 ut

421 1776 679 1833 amicum
701 1792 970 1848 excepere
1005 1792 1016 1830 :
1047 1775 1374 1846 litterisque
1405 1772 1672 1828 nonnulli
1723 1774 1876 1845 apud
1933 1790 2068 1828 eum

421 1882 485 1924 se
511 1865 800 1922 factorum
833 1865 1109 1937 pcenitere
1143 1863 1432 1919 testiﬁcati
1481 1867 1640 1931 sunt,
1702 1879 1808 1917 nec
1862 1867 2072 1935 suopte

423 1959 584 2011 motu
620 1971 684 2009 ac
708 1954 972 2025 consilio,
1005 1954 1104 2009 sed
1138 1957 1295 2008 metu
1329 1969 1393 2007 ac
1452 1956 1669 2006 terrore
1729 1951 2072 2023 compulsos

419 2042 645 2099 litteras
667 2044 944 2098 adversus
967 2059 1100 2098 eum
1133 2042 1385 2097 dedisse.
1440 2041 1711 2113 Synodus
1763 2047 1958 2095 autem
2012 2041 2072 2095 in

424 2133 675 2189 adventu
706 2130 866 2186 illius
886 2130 1266 2202 Jerosolymis
1298 2133 1675 2184 convocatur:
1709 2130 1809 2183 ubi
1832 2129 2078 2184 comiter

426 2225 703 2293 exceptus
752 2220 1132 2282 Athanasius,
1194 2235 1327 2273 eum
1376 2218 1588 2273 litteris
1638 2219 1711 2272 ad
1771 2218 2077 2290 episcopos

425 2310 654 2382 Egypti
687 2308 1858 2381 gratulatoriisdimittitur.EpiscOporum
1888 2307 2075 2362 nomi-

427 2415 504 2453 na
520 2397 619 2469 qui
652 2397 915 2469 synodali
948 2396 1204 2469 epistolae
1239 2396 1658 2467 subscripsere,
1688 2396 1809 2451 haec
1856 2412 2075 2450 memo-

434 2492 643 2541 rantur
663 2487 735 2540 ab
760 2485 1079 2540 Athanasio
1109 2501 1121 2540 :
1184 2485 1475 2539 Maximus
1524 2484 2076 2557 Jerosolymitanus,

431 2574 655 2641 Aetius,
695 2574 893 2638 Arius,
940 2573 1301 2641 Theodorus,
1364 2574 1710 2643 Germanus,
1770 2572 2077 2644 Sylvanus,

432 2663 670 2729 Paulus,
706 2662 1014 2730 Patricius,
1048 2661 1333 2733 Elpidius,
1376 2665 1726 2731 Germanus,
1760 2662 2078 2729 Eusebius,

431 2752 741 2819 Zenobius,
832 2750 1068 2816 Paulus,
1139 2749 1453 2817 Macrinus,
1515 2750 1719 2805 Petrus
1794 2756 1849 2805 et
1914 2750 2082 2806 Clau-

436 2840 587 2895 dius.

503 2930 556 2982 9.
587 2928 857 2984 Gaudium
886 2928 1391 2983 Alexandrinorum
1431 2930 1491 2982 in
1547 2928 1783 2983 adventu
1843 2929 2082 2984 Athana-

428 3017 519 3071 sii.
554 3049 621 3056 —
654 3018 883 3081 Quanta
912 3033 1083 3088 porro
1117 3016 1288 3071 fuerit
1317 3022 1375 3072 et
1396 3033 1571 3087 quam
1605 3017 1789 3071 eﬂ‘usa
1810 3017 1867 3071 in
1892 3018 2082 3073 reditu

430 3105 736 3161 Athanasii
794 3105 1324 3160 Alexandrinorum
1384 3122 1450 3159 ac
1506 3105 1915 3177 episcoporum
1981 3124 2083 3178 per

426 3194 739 3266 {Egyptum
774 3200 829 3249 et
859 3194 1215 3249 Thebaidem
1249 3193 1448 3249 laetitia
1496 3194 1590 3265 (b),
1645 3193 1785 3249 libet
1840 3212 1907 3249 ex
1953 3196 2081 3267 ipso

2102 1907 2150 1972 B

2177 616 2401 673 litteras
2426 618 2809 685 mittentibus,
2845 620 2916 675 ab
2949 636 3134 691 eoque
3164 619 3599 692 recipientibus.
3640 643 3667 671 »

2252 708 2335 760 10.
2369 708 2668 761 Athanasii
2713 709 3121 764 Alexandriam
3146 709 3478 782 ingressum
3512 711 3820 783 magniﬁce

2179 812 2284 849 suo
2320 812 2478 850 more
2509 798 2787 852 describit
2817 798 3128 869 Gregorius
3160 799 3534 855 Naziazenus.
3590 821 3616 849 «
3670 800 3820 854 Tum

2181 884 2367 949 nobis,
2399 885 2730 956 inquit,ille
2762 886 2979 942 athleta
3028 904 3095 941 ex
3153 889 3428 958 praeclara
3485 888 3818 961 peregrina-

2179 973 2355 1039 tione,
2382 973 2463 1027 sic
2495 975 2651 1028 enim
2685 978 2813 1045 ejus
2845 993 2945 1046 pro
2979 977 3262 1031 Trinitate
3292 982 3501 1032 etcum
3535 976 3821 1032 Trinitate

2179 1067 2511 1132 susceptam
2547 1063 2743 1134 fugam
2774 1064 3019 1135 appello,
3056 1066 3333 1136 remigrat
3363 1065 3421 1120 in
3448 1067 3649 1121 urbem
3687 1085 3699 1132 ;
3734 1071 3819 1121 at-

2179 1167 2293 1221 que
2325 1168 2390 1204 eo
2427 1152 2596 1206 modo
2631 1152 2772 1206 laitis
2806 1154 3027 1207 civibus
3060 1154 3297 1223 accedit,
3346 1156 3461 1210 imo
3505 1172 3639 1210 vero
3700 1159 3825 1210 tota

2180 1257 2359 1311 prope
2390 1244 2635 1311 ngypto
2668 1242 3133 1312 undequaquein
3176 1260 3360 1297 unum
3420 1247 3820 1298 concurrente.

2180 1328 2243 1382 In
2276 1328 2521 1383 tumulis
2554 1328 2885 1401 quibusque
2916 1331 3089 1385 turba
3118 1332 3454 1398 consistere,
3478 1338 3541 1386 ut
3579 1332 3675 1387 alii
3733 1331 3824 1386 vel

2180 1416 2302 1471 sola
2332 1418 2633 1472 Athanasii
2654 1434 2810 1485 voce,
2834 1418 2931 1473 alii
2965 1420 3150 1475 forma
3180 1425 3236 1475 et
3292 1426 3524 1492 aspectu
3572 1423 3828 1477 frueren-

2180 1511 2312 1573 tur;
2339 1506 2457 1571 alii,
2491 1507 2646 1577 quod
2678 1508 2750 1561 de
2783 1506 3062 1578 apostolis
3094 1510 3448 1580 accepimus,
3478 1510 3566 1565 vel
3596 1528 3661 1566 ex
3695 1527 3822 1565 um-

2185 1595 2286 1649 bra
2316 1594 2545 1660 saltem,
2576 1612 2757 1649 vacuo
2788 1597 3048 1667 corporis
3080 1596 3416 1667 simulacro,
3458 1599 3825 1655 sanctitatem

2181 1684 2589 1738 contraherent
2621 1701 2634 1739 :
2667 1684 2748 1739 ita
2770 1690 2833 1739 ut
2851 1702 2986 1739 cum
3004 1686 3171 1740 multi
3190 1703 3589 1758 saepenumero
3608 1688 3827 1744 honore
3914 1684 3915 1687 “

2181 1788 2545 1844 occursuque
2576 1772 2928 1845 populorum
2960 1775 3147 1829 ornati
3208 1775 3441 1844 fuerint,
3506 1793 3610 1831 nec
3656 1778 3828 1833 modo

2182 1861 2430 1932 praefecti
2466 1870 2521 1917 et
2551 1861 2830 1933 episcopi,
2866 1880 3063 1917 verum
3098 1864 3272 1918 etiam
3304 1864 3412 1918 viri
3454 1864 3669 1937 quique
3701 1883 3831 1921 am-

2182 1949 2436 2022 plissimi
2466 1950 2525 2005 in
2558 1950 2838 2005 familiam
2872 1968 3039 2006 suam
3073 1953 3283 2008 reversi
3314 1970 3327 2019 ;
3386 1953 3586 2009 nullus
3633 1959 3831 2011 tamen

2185 2056 2464 2094 occursus
2497 2040 3053 2110 frequentia,nullus
3077 2040 3584 2114 splendoremajor
3604 2060 3833 2099 memo-

2186 2133 2362 2183 retur.
2390 2128 2545 2184 Unas
2577 2130 2860 2183 duntaxat
2895 2129 3255 2185 Athanasius
3312 2131 3627 2186 Athanasio
3680 2149 3836 2188 com-

2188 2218 2668 2287 parandus,unus
2699 2217 3001 2289 ingressus
3024 2218 3317 2289 ingressui
3344 2236 3505 2275 :cum
3525 2220 3745 2277 scilicet
3763 2238 3834 2277 ex

2187 2307 2379 2377 priore
2411 2307 2567 2378 fuga,
2598 2305 2777 2361 simili
2817 2308 2888 2361 de
2921 2324 3098 2362 causa
3141 2312 3415 2379 suscepta
3435 2326 3668 2365 summo
3699 2326 3833 2365 cum

2190 2396 2409 2450 honore
2433 2396 2490 2449 in
2523 2396 2728 2450 urbem
2790 2396 3004 2450 rediret
3049 2413 3239 2451 suam.
3294 2418 3320 2445 »
3377 2398 3445 2451 Et
3504 2398 3706 2469 paucis
3764 2401 3837 2455 de

2189 2484 2483 2556 Philagrio
2512 2484 2857 2555 interjectis.
2888 2508 2907 2533 α
2944 2486 3092 2540 Tum
3127 2501 3156 2540 e
3188 2483 3359 2557 vulgo
3393 2487 3710 2558 quispiam,
3735 2487 3831 2542 cui

2191 2572 2423 2627 inﬁnita
2452 2589 2581 2627 esse
2612 2576 2776 2627 tanta
2808 2573 3125 2628 multitudo
3143 2573 3574 2640 videbatur,ceu
3593 2574 3836 2648 pelagus

2193 2661 2488 2732 quoddam
2523 2661 2694 2731 cujus
2719 2679 2832 2716 non
2868 2666 3021 2717 esset
3046 2663 3222 2717 ﬁnem
3283 2662 3467 2719 oculis
3526 2664 3833 2737 attingere,

2192 2750 2564 2819 familiarem,
2590 2755 2655 2804 ut
2686 2750 2831 2805 solet
2854 2752 2911 2805 in
2946 2751 3236 2819 ejusmodi
3268 2752 3461 2819 rebus,
3483 2753 3565 2808 ita
3589 2754 3841 2826 compel-

2191 2839 2346 2895 lasse
2378 2840 2562 2893 fertur
2589 2857 2601 2893 :
2636 2861 2663 2889 ‹‹
2698 2839 2801 2893 Dic
2834 2839 3002 2906 mihi,
3032 2840 3119 2894 vir
3149 2841 3708 2911 optime,tantamne
3729 2859 3838 2898 un-

2194 2951 2221 2979 «
2257 2944 2434 3000 quam
2459 2927 2900 2982 multitudinem
2923 2928 3143 2993 vidisti,
3175 2934 3415 3000 tamque
3455 2931 3840 2987 concordibus

2195 3040 2223 3066 «
2257 3017 2472 3071 animis
2506 3018 2574 3071 ad
2593 3034 2775 3071 unum
2796 3018 3126 3072 ornandum
3141 3017 3437 3073 hominem
3457 3019 3842 3076 effusamPMi-

2195 3129 2223 3156 ‹‹
2249 3105 2515 3171 nime,ait
2547 3104 2663 3170 ille,
2702 3122 2771 3160 ne
2794 3106 3197 3160 Constantium
3218 3107 3454 3177 quidem
3488 3109 3681 3179 ipsum
3714 3110 3840 3181 pari

2199 3216 2226 3245 ‹‹
2254 3194 2698 3249 honoriﬁcentia
2711 3199 3015 3265 exceptum
3033 3194 3103 3248 iri
3118 3194 3600 3266 arbitror,»quasi
3617 3197 3843 3253 scilicet

426 3283 750 3338 Athanasio
779 3283 1036 3338 ediscere
1071 3298 1083 3338 :
1117 3300 1476 3354 quanquam,
1504 3288 1565 3336 ut
1587 3288 1675 3338 est
1707 3282 1804 3338 ille
1864 3293 2079 3355 lempe-
2113 3273 2154 3338 C
2196 3281 2606 3353 imperatorem
2636 3282 3017 3337 memorando
3040 3282 3280 3338 honoris
3310 3284 3844 3341 cumulumindica-

429 3388 566 3426 rans
588 3375 644 3427 et
682 3389 715 3426 a
744 3371 920 3427 laude
956 3370 1187 3443 propria
1217 3371 1463 3438 alienus,
1498 3388 1613 3425 non
1646 3371 1758 3438 sui,
1794 3373 1893 3427 sed
1924 3372 2080 3443 pacis

429 3459 748 3516 conciliata;
782 3477 979 3527 causa,
1014 3460 1228 3531 gaudio
1260 3477 1505 3532 perusos
1554 3465 1802 3516 enarret.
1835 3484 1859 3509 ‹‹
1916 3463 2078 3527 Quod

428 3554 672 3620 spectat,
727 3549 940 3621 inquit,
991 3550 1219 3622 IEgypti
1265 3554 1321 3605 et
1377 3550 1689 3622 Lybiarum
1751 3550 2076 3622 episcopos,

427 3654 652 3694 necnon
684 3640 1027 3694 earumdem
1051 3638 1355 3710 regionum
1388 3637 1863 3709 Alexandrizeque
1894 3656 2076 3711 popu-

422 3726 813 3795 los,enarrare
841 3728 985 3783 forte
1018 3743 1515 3799 supervacaneum
1537 3728 1730 3783 fuerit.
1762 3734 2079 3785 Accurrere

424 3817 582 3872 enim
614 3833 819 3871 omnes
874 3816 1098 3889 ingenti
1150 3816 1365 3889 gaudio
1423 3816 1663 3887 perfusi,
1710 3834 1825 3872 non
1885 3818 2075 3873 solum

425 3906 581 3977 quod
608 3910 816 3977 praeter
846 3922 1008 3976 spem
1033 3922 1173 3961 suos
1198 3905 1521 3977 reciperent
1567 3904 1915 3971 incolumes,
1974 3907 2074 3962 sed

421 3995 595 4049 etiam
631 3995 783 4065 quod
814 3994 887 4049 ab
912 3994 1197 4050 haereticis
1230 3994 1723 4065 eriperentur,ceu
1757 4012 1789 4048 a
1812 3994 2075 4067 tyrannis

422 4082 761 4154 rabidisque
791 4082 1057 4138 canibus.
1091 4083 1344 4138 Grandis
1366 4082 1563 4154 itaque
1590 4084 1702 4138 fuit
1733 4083 1931 4138 laetitia
1982 4100 2077 4156 po-

422 4171 699 4244 pulcrum
724 4188 786 4226 se
818 4175 1022 4226 mutuo
1055 4173 1115 4226 in
1171 4172 1489 4243 synaxibus
1519 4172 1589 4226 ad
1646 4172 1919 4227 virtutem
1979 4190 2073 4228 co-

422 4261 810 4317 hortantium.
845 4263 995 4326 Quot
1025 4261 1310 4331 innuptae,
1346 4260 1603 4315 nubendi
1635 4266 1768 4316 ante
1824 4262 2071 4333 cupidae,

418 4350 677 4422 virgines
707 4349 934 4405 Christo
966 4350 1209 4404 addicta;
1243 4351 1721 4421 permanserunt!
1751 4351 1900 4414 Quot
1929 4352 2073 4405 ado-

421 4438 985 4506 lescentes,aliorum
1009 4437 1275 4510 exemplo
1306 4438 1787 4504 concitati,vitam
1821 4439 2071 4511 amplexi

420 4532 562 4584 sunt
585 4528 971 4583 monasticam
1000 4527 1010 4582 !
1037 4530 1188 4593 Quot
1208 4532 1481 4599 parentes
1496 4527 1774 4583 ﬁliissuis
1807 4534 2073 4584 auctores

2192 3377 2278 3427 ret
2304 3376 2428 3425 tum
2464 3371 2559 3426 ille
2590 3387 2875 3443 perquam
2899 3371 3154 3427 suaviter
3172 3372 3458 3442 arridens,
3488 3374 3663 3437 «Quid
3697 3375 3784 3430 ais
3813 3374 3843 3429 Ἰ

2192 3484 2219 3510 ‹‹
2241 3458 2461 3532 inquit;
2479 3461 2596 3516 imo
2615 3461 2810 3530 ipsum
2838 3477 3069 3531 quoque
3083 3460 3467 3516 Athanasium
3485 3462 3607 3533 pari
3624 3462 3843 3520 honore

2197 3572 2224 3599 «
2260 3554 2565 3621 exceptum
2597 3549 2691 3603 vix
2717 3549 3121 3618 crediderim,»
3154 3550 3308 3620 quod
3343 3550 3528 3621 patrio
3559 3550 3654 3606 ille
3678 3554 3840 3623 jura-

2191 3642 2386 3693 mento
2417 3638 2751 3693 afﬁrmavit.
2784 3639 2863 3692 Eo
2896 3644 3091 3693 autem
3126 3639 3218 3693 hic
3264 3656 3455 3695 sermo
3516 3641 3836 3711 spectabat,

2190 3728 2691 3799 quemadmodum
2726 3727 2938 3799 cuique
2973 3732 3342 3799 perspectum
3370 3728 3838 3802 arbitror,utipsi

2188 3816 2524 3889 imperatori
2557 3816 2941 3872 Athanasium
2963 3817 3483 3874 anteferret.Tanta
3513 3820 3667 3890 apud
3709 3836 3839 3875 0m-

2188 3923 2291 3961 nes
2322 3910 2446 3960 erat
2479 3905 2584 3959 viri
2613 3906 2907 3961 veneratio
2941 3905 2953 3959 l
3016 3908 3177 3961 tanto
3236 3910 3473 3978 stupore
3535 3908 3839 3979 ingressus

2188 3996 2316 4065 ejus
2349 3994 2632 4049 memoria
2660 3993 2930 4049 homines
2963 3993 3286 4049 etiamnum
3311 3996 3491 4050 afﬁcit
3522 3996 3533 4050 l
3568 3996 3713 4051 Nam
3736 4014 3840 4069 per

2186 4101 2380 4149 sexus,
2411 4087 2610 4138 aetates
2642 4088 2817 4153 atque
2849 4087 3004 4138 artes
3041 4083 3259 4156 singuli
3295 4084 3489 4151 divisi,
3518 4101 3633 4156 quo
3672 4090 3840 4157 pacto

2186 4173 2331 4227 solet
2364 4172 2567 4228 civitas
2589 4171 2690 4227 illa
2720 4172 2953 4241 instrui,
2986 4189 3120 4227 cum
3151 4171 3386 4244 publico
3409 4172 3664 4244 aliquem
3688 4175 3840 4230 exci-

2185 4261 2268 4334 pit
2300 4261 2520 4317 honore
2552 4262 2759 4332 (ecqua
2807 4256 2963 4316 enim
3023 4261 3139 4316 alia
3196 4262 3417 4318 ratione
3448 4264 3667 4335 possim
3714 4281 3839 4320 ma—

2184 4350 2463 4423 gniﬁcum
2479 4350 2587 4405 hoc
2602 4349 3002 4421 spectaculum
3018 4350 3604 4423 declarare?),ﬂuvius
3634 4370 3840 4411 omnes

2190 4457 2339 4495 unus
2368 4438 2755 4494 erant.Nilum
2787 4438 2961 4493 etiam
2995 4439 3187 4509 quivis
3218 4444 3387 4510 poeta
3406 4440 3632 4507 dixerit,
3665 4440 3838 4498 illum

2182 4529 2448 4600 inquam,
2482 4545 2613 4583 vere
2646 4527 2964 4583 auriﬂuum
2999 4532 3055 4582 et
3085 4528 3262 4600 spicis
3296 4529 3555 4600 uberem,
3590 4530 3661 4586 ab
3696 4532 3839 4588 urbe

419 4620 587 4674 erant
616 4617 884 4672 arctioris
914 4617 1181 4672 ineundae
1218 4616 1386 4672 vitae!
1442 4619 1591 4683 Quot
1644 4617 1745 4671 ﬁlii
1802 4622 2072 4689 parentes
2104 4640 2150 4703 Β
2184 4619 2254 4673 ad
2288 4618 2505 4672 Chereu
2541 4621 2824 4671 retroacto
2859 4631 3034 4670 cursu
3069 4615 3368 4687 ﬂuentem,
3430 4618 3663 4685 diurno,
3716 4618 3837 4676 imo

419 4707 827 4773 obsecrabant,
860 4711 925 4761 ut
954 4722 1025 4761 ne
1056 4723 1227 4761 suam
1260 4723 1364 4778 pro
1398 4705 1609 4761 Christi
1629 4722 1827 4761 amore
1857 4708 2044 4763 exerci

415 4796 699 4851 tationem
732 4794 1170 4866 interpellarent
1202 4796 1213 4850 l
1250 4796 1399 4859 Quot
1458 4812 1665 4851 uxores
1724 4795 1885 4863 viris,
1929 4803 2071 4868 quot

413 4884 520 4939 viri
546 4885 828 4941 uxoribus
852 4890 1185 4953 suasere,ut
1204 4885 1530 4940 secundum
1555 4884 2064 4957 Apostolijussum

416 4974 663 5029 orationi
699 4974 1107 5029 incumberent
1135 4973 1147 5028 !
1183 4976 1333 5039 Quot
1362 4974 1573 5039 viduae,
1598 4980 1741 5045 quot
1797 4976 2069 5047 orphani,

416 5063 574 5119 fame
606 5063 771 5136 prius
812 5080 878 5118 ac
910 5064 1175 5119 nuditate
1207 5064 1430 5128 afﬂicti,
1460 5080 1528 5118 ex
1574 5064 1799 5119 ardenti
1834 5065 2073 5136 pOpulo-

416 5169 548 5208 rum
579 5153 811 5223 affectu,
848 5151 1126 5207 alimento
1157 5160 1211 5207 et
1239 5152 1454 5207 vestitu
1513 5152 1747 5207 abunde
1792 5161 1933 5209 sunt
1978 5154 2067 5210 in-

416 5242 625 5298 structi
663 5244 673 5296 !
712 5242 901 5296 Tanta
932 5242 1170 5295 demum
1192 5245 1317 5296 erat
1366 5241 1435 5295 de
1482 5241 1696 5296 virtute
1753 5244 2068 5310 contentio,

415 5334 481 5385 ut
531 5329 797 5403 singulas
857 5329 1130 5396 familias,
1183 5329 1447 5401 singulas
1496 5330 1723 5397 domos,
1769 5346 1839 5386 ex
1881 5333 2072 5403 probi-

413 5423 533 5476 tate
590 5418 1052 5474 inhabitantium
1112 5422 1168 5474 et
1217 5418 1495 5490 precandi
1546 5418 1786 5486 fervore,
1844 5424 1931 5476 tot
1982 5438 2070 5476 ec-

412 5507 625 5564 clesias
680 5507 1109 5564 extstimasses.
1162 5506 1357 5563 Altam
1407 5524 1609 5579 pacem
1668 5507 1863 5563 videre
1940 5514 2065 5566 erat

2183 4706 2439 4778 longiore
2471 4706 2699 4760 itinere.
2731 4704 2921 4759 Liceat
2954 4705 3108 4759 mihi
3134 4722 3239 4777 per
3267 4723 3387 4773 vos,
3423 4724 3641 4779 quaeso,
3701 4726 3840 4780 pau-

2182 4796 2305 4851 lum
2340 4796 2532 4850 adhuc
2566 4796 2622 4848 in
2657 4794 2766 4849 hac
2797 4794 3431 4870 narrationeluxuriari
3459 4811 3557 4864 ;eo
3582 4813 3838 4870 namque

2185 4886 2370 4940 fertur
2399 4884 2654 4952 animus,
2688 4899 2794 4939 nec
2828 4862 3157 4939 serinoncm
3187 4884 3259 4938 ab
3293 4900 3360 4940 ea
3390 4884 3723 4942 celebritate
3754 4904 3838 4943 re-

2181 4991 2387 5030 vocare
2418 4972 2584 5028 facile
2616 4990 2880 5044 possum.
2910 4972 3114 5026 Pullus
3146 4972 3831 5046 vehebat(absit,quazso,

2182 5063 2423 5119 insania:
2458 5062 2756 5133 suspicio},
2792 5061 2948 5116 haud
2981 5078 3151 5116 secus
3174 5062 3290 5116 fere
3324 5079 3388 5117 ac
3412 5063 3616 5117 Jesum
3634 5080 3833 5121 meum

2182 5151 2382 5225 pullus
2415 5150 2512 5206 ille
2545 5152 2827 5217 famosus,
2863 5150 2984 5205 sive
3041 5150 3276 5222 gentilis
3323 5150 3596 5222 populus,
3657 5169 3832 5223 quem

2182 5258 2507 5297 conscensu
2538 5240 2817 5306 beneﬁco,
2848 5239 3189 5311 ignorantia
3250 5239 3502 5295 vinculis
3563 5239 3830 5314 absolvit,

2181 5331 2302 5386 sive
2333 5330 2470 5401 quid
2504 5328 2659 5384 aliud
2693 5329 2852 5383 hisce
2883 5330 3074 5383 verbis
3104 5328 3459 5401 designetur.
3496 5329 3613 5385 Hoc
3646 5346 3831 5387 unum

2179 5420 2447 5475 interfuit
2473 5416 2856 5485 discriminis,
2892 5418 3047 5489 quod
3079 5417 3373 5473 Christum
3406 5418 3553 5474 rami
3600 5436 3834 5492 excepe-

2181 5514 2337 5577 runt,
2370 5512 2427 5563 et
2456 5507 2619 5565 varia
2649 5505 3019 5574 indumenta,
3039 5505 3350 5578 multiplici
3382 5507 3592 5563 ﬂorum
3618 5523 3831 5581 genere

482 5651 709 5723 (Athan.
743 5651 895 5723 Apol.
927 5657 1121 5723 contra
1150 5652 1369 5720 Arian.,
1400 5668 1460 5707 n.
1494 5651 1580 5722 67,
1605 5654 1663 5707 et
1690 5653 1933 5708 Historia
1989 5653 2057 5709 ad
2097 5651 2410 5718 monachos,
2447 5667 2505 5705 II.
2536 5649 2627 5705 25.

506 5722 557 5795 b)
588 5721 801 5780 Athan}
832 5722 967 5779 ibid.
