4166 6422
1672 520 1857 585 Vl'l‘A
1902 521 1968 584 S.
2018 519 2471 583 ATHANASII.
3679 530 3780 587 cx!

362 669 399 712 a
432 672 495 713 se
519 654 807 714 hactenus
836 655 898 714 in
936 656 1327 715 Athanasium
1360 665 1638 730 congesta
1682 654 2015 712 immerenti
2045 657 2091 721 Α
2130 659 2330 710 contra
2359 653 2671 711 Photinum
2712 653 3049 713 haereticum
3105 656 3365 731 synodus
3421 660 3773 717 sententiam

367 746 566 802 oblata
597 748 779 803 fuisse
808 749 1084 815 confessi,
1114 749 1341 803 veniam
1368 766 1396 802 a
1421 747 1574 802 Julio
1608 765 1755 818 papa
1784 753 1833 801 et
1869 763 2017 800 com-

365 836 665 892 munionis
697 837 1032 893 societatem
1060 837 1379 909 postulant.
1406 838 1761 905 Pontit'ex,ut
1783 836 2020 906 pronior

366 930 492 980 erat
524 926 595 979 ad
628 928 1034 993 condonanda,
1071 944 1245 998 quam
1311 926 1537 981 scelesti
1592 926 1673 980 illi
1708 926 1774 980 ad
1812 942 2018 997 perpe-

364 1014 578 1068 tranda
611 1014 885 1082 facinora,
921 1016 1189 1071 homines
1212 1016 1451 1070 admisit
1473 1016 1540 1069 ad
1567 1014 2016 1069 ecclesiasticam

365 1104 863 1158 communionem.
904 1105 1134 1160 Reversi
1165 1105 1236 1159 ad
1271 1121 1410 1160 suas
1440 1104 1894 1164 sedes.necdum
1917 1120 2017 1174 po-

363 1192 477 1247 sita
509 1192 842 1259 formidine,
878 1192 1104 1248 litteras
1146 1193 1496 1265 pmnitentize
1528 1211 1644 1247 suae
1676 1197 1855 1247 testes
1886 1192 2017 1245 mit-

361 1284 496 1335 tunt
525 1282 596 1335 ad
628 1280 853 1336 Julium
890 1300 1101 1355 papam
1134 1300 1145 1336 :
1208 1300 1455 1353 quarum
1505 1282 1800 1353 exemplar
1838 1281 2012 1335 Atha-

360 1370 525 1425 nasio
560 1387 660 1442 per
689 1370 1001 1425 Paulinum
1035 1372 1420 1426 Tiburensem
1454 1371 1794 1442 episcOpum
1828 1376 2011 1424 trans-

360 1459 614 1515 missum
648 1460 775 1515 fuit.
810 1460 1198 1515 Tiburensem
1227 1461 1406 1526 enim,
1456 1478 1567 1516 non
1610 1460 2012 1515 Trevirensem

360 1548 456 1602 hic
474 1547 585 1621 legi
610 1553 873 1621 oportere
896 1549 1197 1620 propalam
1219 1553 1306 1603 est
1328 1571 1340 1617 ς
1366 1550 1600 1621 quando
1622 1548 1682 1604 in
1705 1540 2016 1603 mss.Tt6é-

360 1654 469 1710 ρων
503 1637 736 1708 legitur,
772 1642 831 1691 et
862 1638 1174 1710 episcopus
1198 1637 1544 1693 Tiburensis
1567 1639 1720 1708 apud
1744 1637 2016 1692 Photium

354 1730 597 1782 vocatur
628 1723 920 1786 ἐπίσκοπος
951 1720 1241 1798 Τιϐερὲων.
1277 1727 1427 1782 Sane
1472 1727 1587 1781 veri
1637 1726 1892 1781 similius
1931 1729 2020 1780 est

356 1814 740 1870 Tiburensem
772 1815 1113 1886 episcopum
1134 1815 1371 1882 Italum,
1389 1833 1565 1887 quam
1590 1816 2014 1881 Trevirensem,

356 1902 586 1960 litteras
616 1903 880 1959 Valentis
940 1908 996 1958 et
1052 1904 1273 1959 Ursacii
1336 1906 1409 1959 ad
1447 1904 1670 1960 Julium
1700 1903 2016 1959 Athanasio

362 1991 617 2048 misisse.
654 1993 821 2048 Initio
854 1994 1206 2063 fatebantur,
1232 1993 1464 2048 ﬁctitias
1492 2009 1552 2048 se
1576 1993 2016 2048 criminationes
2046 2025 2093 2089 B

363 2081 425 2137 in
457 2081 847 2136 Athanasium
874 2082 1187 2153 protulisse
1213 2100 1225 2150 ;
1249 2082 1470 2138 Julium
1500 2088 1697 2137 tamen
1720 2099 1822 2154 pro
1841 2081 2016 2137 insita

358 2169 727 2226 humanitate
756 2171 983 2225 veniam
1020 2171 1152 2225 facti
1209 2170 1505 2226 tribuisse.
1550 2170 1813 2225 Polliceri
1848 2188 1929 2238 se,
1964 2169 2014 2225 si

357 2259 431 2315 ab
461 2257 855 2315 Orientalibus
884 2258 971 2314 vel
1003 2259 1075 2314 ab
1118 2259 1437 2313 Athanasio
1487 2260 1546 2313 in
1584 2260 1684 2329 jus
1716 2262 2012 2324 vocentur,

356 2347 502 2403 citra
531 2347 949 2403 conscientiam
979 2347 1123 2402 Julii
1154 2364 1271 2402 non
1305 2348 1640 2415 adfuturos;
1676 2347 2013 2403 haereticum

352 2436 558 2492 Arium
591 2437 872 2492 damnare
898 2453 979 2506 se,
1003 2453 1069 2491 ac
1103 2453 1337 2508 semper
1368 2438 2013 2508 damnasse.Quodjam

354 2524 415 2580 in
448 2525 642 2595 priore
671 2524 866 2581 libello
898 2542 1003 2580 suo
1034 2524 1345 2580 Mediolani
1378 2526 1619 2597 professi
1657 2526 1907 2581 fuerant.
1942 2526 2015 2581 Ut

355 2619 551 2669 autem
578 2613 881 2669 Athanasii
910 2630 1143 2686 quoque
1173 2615 1422 2686 gratiam
1464 2614 1701 2682 inirent,
1739 2615 2013 2686 paciﬁcus

353 2701 468 2774 ipsi
499 2701 728 2757 litteras
781 2718 883 2774 per
941 2703 1225 2757 Musaeum
1260 2703 1667 2775 presbyterum
1703 2703 2009 2772 miserunt,

354 2796 625 2862 rogantes
656 2795 719 2844 ut
748 2808 810 2845 se
842 2791 912 2845 ad
945 2791 1425 2847 communionem
1462 2792 1816 2858 admitteret,
1854 2791 2011 2847 litte-

358 2895 567 2950 rasque
599 2883 803 2935 mutuo
839 2881 1004 2934 daret
1035 2880 1160 2952 ipse
1216 2880 1275 2934 in
1326 2881 1649 2936 concordiae
1683 2881 2012 2937 societatis-

358 2984 471 3039 que
502 2968 928 3025 testimonium.
961 2971 1298 3024 Secundum
1345 2969 1465 3024 haec
1504 2969 1780 3025 Ursacius
1811 2975 1869 3025 et
1893 2970 2009 3024 Va-

353 3055 501 3124 lens,
535 3056 747 3112 oblatis
782 3057 893 3112 sibi
928 3057 1226 3112 Athanasii
1260 3058 1494 3114 nomine
1536 3076 1637 3129 per
1688 3063 1922 3113 Petrum
1957 3062 2014 3113 et

357 3145 639 3201 Irenaeum
700 3146 1072 3218 presbyteros
1129 3150 1185 3201 et
1241 3163 1344 3218 per
1372 3147 1749 3203 Ammonium
1792 3147 2007 3202 laicum

358 3233 592 3302 litteris,
624 3233 873 3289 libenter
902 3234 1401 3306 subscripserunt.

428 3324 513 3378 14.
551 3324 694 3378 Tam
730 3324 920 3379 fausto
954 3341 1149 3379 rerum
1181 3325 1358 3394 exitu,
1394 3340 1520 3395 qua:
1550 3324 1846 3395 jubilatio,
1881 3340 2007 3395 quae

2129 744 2261 798 tulit
2294 746 2388 815 (b).
2425 747 2525 810 Qui
2557 748 2871 804 damnatus
2901 764 3035 805 cum
3091 749 3318 815 fuisset,
3361 749 3767 821 interpellante

2128 835 2301 889 turba
2334 834 2552 907 populi,
2587 839 2678 892 cui
2710 839 2900 895 adhuc
2932 843 3054 895 erat
3074 840 3413 912 eloquentiae
3444 841 3631 913 gratia
3672 860 3772 899 ac-

2129 923 2523 995 ceptissimus,
2559 927 2880 991 abdicatus,
2917 930 2999 984 uti
3032 930 3329 985 decretum
3372 932 3576 997 fuerat,
3610 934 3775 989 sede-

2129 1028 2243 1083 que
2275 1013 2480 1083 pulsus
2511 1031 2623 1069 non
2658 1020 2761 1071 est.
2788 1017 3017 1072 Photini
3052 1020 3488 1075 damnationem
3521 1020 3778 1094 epiSCOpi

2129 1102 2483 1157 Sirmienses
2503 1105 2702 1160 missis
2725 1108 3113 1179 undequaque
3141 1108 3350 1164 litteris
3381 1109 3777 1180 publicarunt.

2128 1191 2190 1245 In
2224 1190 2453 1247 Oriente
2484 1209 2639 1258 vero,
2702 1196 2977 1265 praesules
3020 1202 3184 1252 erant
3234 1198 3487 1269 prompti
3544 1214 3777 1270 semper

2129 1280 2434 1350 paratique
2465 1282 2535 1335 ad
2570 1285 2888 1354 captandas
2916 1285 3047 1338 belli
3078 1288 3501 1358 turbarumque
3519 1288 3780 1344 occasio—

2128 1385 2268 1423 nes:
2306 1370 2402 1440 qui
2438 1371 2574 1425 data
2603 1372 2671 1425 ad
2708 1372 3105 1429 Occidentales
3136 1375 3381 1447 epistola
3439 1374 3777 1432 Marcellum

2128 1461 2501 1529 Ancyranum
2559 1459 2790 1515 Photini
2852 1462 3151 1517 conscium
3210 1467 3267 1518 et
3323 1460 3604 1539 ὁμόφρονα
3652 1481 3781 1521 esse

2130 1546 2615 1613 criminabantur,
2648 1566 2714 1604 eo
2773 1566 2980 1620 nempe
3026 1551 3270 1605 consilio
3302 1557 3369 1606 ut
3414 1553 3777 1609 Sardicensis

2129 1634 2353 1706 synodi,
2389 1652 2516 1706 quae
2550 1636 2889 1693 Marcellum
2922 1639 3225 1695 innoxium
3257 1640 3607 1712 declarabat,
3650 1646 3780 1697 acta.

2129 1725 2407 1795 abrogare
2434 1729 2490 1779 et
2519 1729 2774 1781 evertere
2831 1731 3092 1798 possent,
3144 1729 3472 1800 exindeque
3531 1728 3779 1785 facultas

2128 1811 2271 1866 foret
2301 1813 2613 1869 Athanasii
2643 1816 2833 1871 denuo
2860 1817 3233 1873 criminandi.

2196 1904 2362 1957 ANNO
2386 1904 2641 1958 350.—1.
2666 1905 2955 1960 Athanasii
2985 1906 3199 1961 reducis
3239 1910 3385 1978 gesta
3415 1909 3473 1962 in
3526 1908 3780 1964 Arianos.

2125 1991 2555 2048 —Athanasius
2569 1993 2790 2048 interea
2804 1994 2926 2049 sedi
2941 2012 3058 2049 suae
3073 1995 3779 2068 restitutus,Arianosque

2124 2095 2229 2134 nec
2262 2079 2633 2150 indiligenter
2662 2083 2922 2155 adortus,
2958 2084 3781 2157 rescriptis,orationibus,lit-

2123 2167 2264 2222 teris
2298 2170 2688 2243 undequaque
2746 2172 2947 2228 missis
3003 2172 3351 2245 exagitabat.
3407 2173 3465 2229 Si
3516 2174 3661 2229 ﬁdes
3693 2178 3783 2230 est

2123 2256 2345 2311 Socrati
2376 2262 2810 2332 Sozomenoque
2832 2262 2922 2333 (ε),
2962 2262 3090 2333 ejus
3112 2266 3280 2317 sectae
3300 2262 3593 2334 praesules.
3629 2279 3780 2333 quos

2124 2345 2283 2416 pravi
2315 2346 2545 2401 consilii
2576 2348 2907 2421 errorisque
2939 2354 3174 2405 tenaces
3207 2350 3585 2422 conspiceret,
3620 2350 3783 2406 abdi-

2124 2434 2312 2502 cabat,
2348 2438 2413 2489 ut
2442 2451 2644 2491 eorum
2692 2439 2859 2494 sedes
2908 2440 3106 2510 probis
3162 2438 3584 2511 catholicisque
3639 2437 3779 2495 viris

2123 2523 2513 2591 contraderet,
2547 2542 2612 2580 ac
2645 2526 2892 2581 Nicaenaa
2933 2527 3066 2583 ﬁdei
3127 2527 3507 2583 haerentibus.
3546 2531 3613 2581 Et
3642 2544 3777 2585 vero

2122 2611 2379 2684 episcOpi
2412 2612 3002 2687 Alexandrini,cujus
3034 2633 3269 2672 summa
3299 2620 3423 2672 erat
3449 2616 3512 2670 in
3532 2620 3777 2689 ZEgypto

2122 2704 2179 2755 et
2209 2699 2389 2772 Libya
2419 2702 2765 2773 auctoritas,
2795 2705 2903 2759 hoc
2936 2721 3154 2760 munus
3185 2704 3294 2760 hoc
3334 2703 3593 2760 ofﬁcium
3632 2708 3778 2775 erat,

2123 2792 2189 2842 ut
2211 2787 2511 2845 haereticos
2534 2792 2957 2863 antistitvs,qui
2986 2793 3043 2848 in
3068 2793 3439 2865 popularium
3459 2792 3776 2865 perniciem

2123 2878 2470 2948 spargendis
2499 2879 2793 2936 erroribus
2824 2881 3373 2953 advigilarent,sede
3421 2879 3661 2952 pelleret
3689 2884 3776 2937 at-

2122 2981 2235 3036 que
2265 2966 2621 3039 proﬁigaret.
2648 2968 2865 3023 Verum
2898 2985 3033 3024 cum
3080 2969 3258 3024 iidem
3312 2972 3572 3037 narrant,
3605 2985 3775 3024 sanc-

2120 3056 2247 3107 tum
2284 3071 2492 3126 nempe
2525 3057 2858 3127 praesulem,
2891 3074 3025 3112 cum
3084 3058 3143 3111 in
3176 3057 3364 3113 reditu
3406 3057 3595 3113 varias
3646 3074 3776 3129 per-

2120 3143 2775 3214 agraretprovincias,si
2812 3162 2958 3217 quos
2990 3145 3450 3215 deprehenderet
3474 3144 3780 3217 episcopos

2117 3230 2330 3286 Ariana
2353 3231 2480 3287 labe
2508 3249 2877 3305 conspersos,
2900 3234 2959 3289 in
2992 3234 3257 3290 ordinem
3282 3233 3782 3305 redegisse,alliis-

2118 3334 2231 3389 que
2260 3320 2579 3377 contulisse
2611 3323 2983 3394 dignitatem,
3018 3323 3177 3378 haud
3240 3321 3408 3377 facile
3466 3322 3774 3377 credatur:

354 3411 553 3467 laetitia
583 3411 849 3467 omnium
895 3412 1140 3468 subierit
1197 3413 1447 3484 animos,
1510 3412 1831 3467 Athanasio
1878 3430 2009 3468 nar-
2043 3391 2085 3456 (ἶ
2124 3407 2173 3462 si
2208 3408 2445 3479 quidem
2479 3415 2535 3464 et
2564 3427 2792 3481 magnas
2822 3411 3050 3465 invidias
3103 3427 3194 3466 res
3244 3410 3450 3465 fuisset
3480 3409 3539 3464 in
3566 3408 3775 3465 alienis

360 3503 523 3555 rante
551 3500 948 3571 comperimus
981 3502 1077 3572 (a).
1114 3524 1141 3550 «
1175 3501 1338 3566 Quis,
1370 3501 1581 3573 inquit,
1621 3501 1722 3557 his
1753 3502 2018 3556 animad-

354 3589 558 3655 versis,
604 3592 881 3661 lantaque
914 3588 1308 3645 Ecclesiarum
1352 3607 1492 3661 pace
1540 3596 1849 3661 conspecta
1894 3607 2016 3645 rem

365 3694 481 3732 non
513 3676 761 3733 miratus
819 3678 948 3733 est?
1007 3678 1147 3744 Quis
1204 3696 1319 3733 non
1362 3678 1576 3751 gaudio
1609 3680 1880 3750 perfusus
1908 3684 2014 3750 est,

363 3769 590 3821 tantam
623 3783 864 3822 cernens
886 3771 971 3822 tot
1000 3767 1408 3840 episcoporum
1432 3767 1801 3824 concordiam
1821 3768 1848 3822 ?
1878 3768 2017 3831 Quis

363 3871 478 3910 non
511 3854 791 3911 laudibus
828 3862 1004 3911 Deum
1036 3855 1369 3923 celebravit,
1402 3861 1704 3929 perspecta
1736 3858 1793 3911 in
1844 3874 2013 3928 syna-

361 3943 533 3999 xibus
586 3949 751 4000 tanta
780 3944 978 4016 populi
1012 3944 1254 4001 laetitia?
1283 3945 1546 4009 Quantus
1584 3963 1785 4002 eorum
1819 3964 2017 4003 nume-

362 4050 485 4100 rus,
520 4033 621 4105 qui
655 4050 790 4089 cum
823 4034 1083 4091 inimicis
1116 4041 1250 4090 ante
1282 4036 1629 4107 computati,
1670 4037 2017 4108 resipiscen-

360 4122 453 4177 tiaa
486 4123 657 4195 signa
687 4124 1018 4179 dederunt?
1050 4126 1233 4189 Quam
1268 4124 1436 4179 multi
1466 4126 1562 4194 qui
1622 4126 1785 4196 prius
1825 4126 2017 4181 crimi-

364 4227 439 4266 na
469 4212 824 4283 objecerant,
855 4212 1083 4267 veniam
1135 4218 1275 4268 sunt
1321 4214 1586 4284 precati?
1628 4216 1809 4278 Quam
1845 4215 2014 4269 multi

361 4316 430 4355 ex
460 4300 716 4356 inimicis
748 4300 899 4356 inter
931 4301 1172 4369 amicos,
1217 4318 1385 4357 versa
1425 4319 1618 4357 rerum
1660 4304 2013 4371 conditione,

362 4391 734 4445 annumerati
767 4394 907 4445 sunt
939 4393 961 4445 Ρ
990 4392 1175 4456 Quam
1210 4390 1377 4445 multi
1409 4390 1619 4447 litteris
1665 4397 1796 4447 ante
1826 4393 2014 4448 virum

361 4479 680 4546 criminati,
712 4478 1072 4551 palinodiam
1139 4480 1521 4535 cecinerunt?
1574 4483 1724 4546 Quot
1763 4482 1880 4553 alii,
1915 4483 2016 4555 qui

362 4584 478 4622 non
510 4568 744 4640 proprio
776 4568 1040 4636 consilio,
1064 4569 1165 4624 sed
1197 4569 1249 4623 vi
1278 4575 1453 4641 atque
1485 4572 1829 4627 necessitate
1858 4588 2014 4627 com-

360 4656 517 4727 pulsi
549 4658 620 4712 ad
650 4656 897 4714 Arianos
930 4658 1316 4724 desciverant,
1346 4664 1515 4713 noctu
1550 4659 1777 4715 veniam
1811 4678 2015 4732 preca-

361 4745 477 4800 turi
512 4746 902 4802 accedebant:
938 4746 1324 4819 haaresimque
1357 4748 1625 4803 ferientes
1671 4749 2016 4806 anathema—
2051 4761 2095 4824 Ι)

360 4838 438 4905 te,
470 4835 757 4907 rogabant
786 4852 902 4890 non
934 4836 1045 4890 sibi
1079 4835 1214 4891 vitio
1268 4837 1432 4907 verti,
1466 4838 1619 4909 quod
1675 4844 1829 4893 metu
1874 4838 2015 4895 insi-

361 4922 593 4977 diarum
636 4923 1260 4995 criminationumque,
1294 4942 1496 4981 eorum
1524 4927 1907 4983 conventibus
1932 4927 2017 4983 in-

358 5014 666 5081 teressent,
700 5029 835 5068 cum
866 5018 1062 5068 tamen
1095 5014 1267 5069 corde
1296 5019 1354 5069 et
1383 5017 1772 5087 propensione
1810 5016 2015 5072 volun-

360 5101 499 5156 tatis
562 5118 695 5157 cum
727 5102 1045 5158 Athanasio
1095 5103 1505 5159 convenirent!
1543 5126 1570 5152 ››
1629 5107 1886 5170 Quorum
1930 5112 2014 5162 ta-

359 5206 493 5245 men
525 5190 904 5263 postulationi
939 5192 1032 5246 vix
1063 5192 1336 5247 credatur
1365 5192 1753 5249 Athanasium
1791 5196 2014 5251 obtem-

358 5296 614 5351 perasse,
649 5298 783 5336 cum
817 5279 1157 5336 nullatenus
1189 5281 1415 5337 licitum
1441 5283 1516 5338 sit
1539 5282 1626 5337 vel
1662 5284 2013 5353 formidinis,

358 5367 443 5423 vel
476 5369 748 5425 humana:
779 5370 979 5444 gratia:
1011 5387 1189 5427 causa
1240 5389 1274 5426 a
1302 5371 1724 5428 catholicorum
1766 5375 2015 5432 coetibus

359 5459 427 5513 ad
464 5459 770 5515 haereticos
801 5459 1144 5516 desciscere.

428 5549 514 5604 15.
542 5549 856 5605 Damnatur
903 5548 1193 5605 Photinus.
1252 5579 1321 5591 —-
1373 5550 1587 5606 Eodem
1632 5568 1784 5609 anno
1815 5553 2013 5610 Sirmii

452 5708 509 5781 α)
538 5710 685 5781 Hist.
719 5710 911 5781 Arion.
944 5710 1017 5765 ad
1052 5711 1365 5778 monachos,
1401 5728 1458 5765 n.
1491 5710 1582 5766 27.

454 5780 505 5857 ὁ)
537 5780 860 5857 ﬁilar.__c_ol.
892 5783 1067 5851 1206;
1100 5783 1324 5857 Sozom.
1357 5782 1460 5837 lib.
1497 5799 1734 5857 IAv,Vcap.
1763 5787 1818 5841 6.

453 5854 501 5923 ο)
531 5852 691 5910 Soer.
724 5851 829 5910 11b.
862 5870 926 5925 ιι,
951 5870 1075 5926 cap.
1104 5855 1213 5923 20;
1247 5854 1477 5912 Sozom.
1510 5852 1612 5911 lib.
1642 5851 1729 5928 ni,
1760 5874 1887 5930 cap.
1918 5856 2011 5916 21.

2128 3496 2462 3567 regionibus
2495 3500 2801 3571 episcopos
2832 3500 3124 3565 abdicare,
3182 3505 3239 3554 et
3266 3498 3519 3570 ingentis
3568 3514 3777 3569 operaa,

2126 3586 2453 3640 transeunti
2488 3587 2738 3641 maxime
2770 3592 2944 3659 atque
2976 3589 3044 3643 ad
3105 3588 3525 3657 imperatorum
3571 3601 3778 3658 prope-

2127 3674 2305 3738 ranti,
2338 3674 2554 3730 invitos
2612 3677 2940 3745 deturbare,
3001 3676 3221 3748 quibus
3272 3676 3427 3730 haud
3461 3675 3636 3731 dubie
3661 3692 3778 3730 non

2127 3764 2457 3834 spernenda
2487 3764 2787 3820 civitatum
2823 3783 2958 3838 pars
2980 3765 3241 3821 haereret.
3265 3764 3477 3820 Mirum
3498 3764 3777 3836 profecto,

2127 3852 2175 3907 si
2207 3852 2291 3907 sic
2325 3868 2415 3908 res
2446 3858 2575 3908 acta
2605 3854 2699 3921 sit,
2761 3855 3006 3909 Arianos
3065 3854 3367 3925 episcopos
3434 3869 3551 3908 non
3584 3850 3779 3908 acrius

2126 3941 2527 4013 expostulasse
2556 3959 2691 3997 cum
2712 3940 2939 4014 illo,qui
2965 3942 3172 4014 quavis
3208 3940 3454 3997 minima.
3474 3939 3780 3997 occasione

2126 4030 2393 4103 ingentes
2423 4031 2670 4087 excitare
2717 4032 2921 4087 turbas
2971 4031 3125 4088 soliti
3181 4036 3367 4086 erant.
3400 4030 3547 4096 Quid
3588 4046 3776 4085 causa:

2126 4120 2305 4190 igitur
2324 4114 2594 4192 est,quod
2631 4120 2972 4192 hujusmodi
3003 4120 3242 4192 querela
3272 4120 3425 4174 inter
3454 4117 3777 4174 accusatio-

2127 4225 2231 4265 nes
2260 4209 2411 4263 inl‘ra
2441 4210 2874 4280 memorandas,
2910 4226 3023 4264 non
3057 4208 3438 4281 compareat?
3484 4206 3779 4262 Nimirum

2127 4299 2198 4353 de
2229 4299 2596 4354 abdicatione
2629 4298 2946 4370 praesulum
2980 4316 3095 4353 non
3127 4299 3185 4352 in
3220 4297 3441 4352 crimen
3472 4298 3782 4352 vocassent

2126 4387 2225 4460 qui
2253 4388 2408 4459 quod
2444 4388 2761 4460 lschyram,
2795 4387 2892 4459 qui
2921 4404 3171 4442 vacuum
3204 4384 3527 4458 presbyteri
3568 4399 3779 4439 nomen

2127 4478 2469 4549 usurpabat,
2504 4493 2805 4533 sacrorum
2837 4476 3027 4532 ofﬁcio
3059 4479 3117 4531 et
3168 4475 3329 4530 aditu
3379 4472 3782 4529 interdixisset

2124 4565 2480 4621 Athanasius
2508 4584 2521 4631 ;
2556 4582 2689 4620 eum
2724 4565 2971 4620 inﬁnitis
3003 4580 3181 4636 prope
3212 4561 3666 4626 calamitatibus,
3689 4576 3780 4615 ve-

2126 4656 2484 4724 xationibus,
2518 4654 2720 4710 exsilio
2752 4655 2991 4709 demum
3028 4652 3266 4708 multari
3300 4649 3691 4707 curaverant?

2196 4748 2249 4799 2.
2278 4746 2536 4800 Constans
2563 4745 2855 4800 occiditur.
2892 4742 3072 4799 Gades
3102 4744 3277 4798 Romae
3289 4741 3603 4796 —Ineunte
3624 4754 3779 4794 anno

2127 4836 2253 4902 350,
2286 4834 2717 4907 conspiratione
2747 4832 3085 4904 Marcellini,
3120 4830 3343 4888 Chresti
3373 4834 3429 4886 et
3458 4825 3778 4901 Magnentii

2128 4942 2312 4981 caesus
2344 4924 2726 4995 sublatusque
2753 4928 2842 4979 est
2870 4924 3156 4979 Constans
3194 4922 3516 4991 Augustus,
3548 4918 3777 4973 fervens

2126 5013 2424 5070 Athanasii
2451 5019 2734 5085 patronus
2751 5012 3230 5085 (d).Magnentius
3255 5015 3473 5075 autem,
3496 5009 3777 5078 occupato

2128 5103 2456 5161 Occidentis
2482 5102 2977 5174 imperio,bellum
2994 5102 3238 5174 parabat
3250 5099 3529 5155 adversus
3543 5096 3780 5151 Consta-

2127 5194 2337 5248 ntium.
2371 5191 2583 5247 Audita
2614 5191 2944 5247 Constantis
2977 5208 3133 5255 nece,
3156 5188 3429 5245 Vetranio
3452 5184 3693 5258 quidam
3716 5184 3776 5239 in

2124 5282 2429 5338 Pannonia
2458 5282 2937 5353 legatus,curavit
2956 5297 2989 5335 a
3025 5278 3312 5334 militibus
3343 5274 3656 5347 imperium
3684 5275 3780 5329 de-

2126 5372 2259 5428 ferri
2295 5371 2427 5427 sibi.
2458 5370 2530 5427 Ut
2576 5374 2772 5426 autem
2832 5369 3129 5441 permistis
3178 5368 3377 5433 rebus,
3425 5364 3779 5435 turbatoque

2124 5461 2357 5534 imperii
2390 5460 2614 5531 ordine,
2648 5459 2835 5514 solent
2866 5458 3037 5513 multi
3069 5457 3127 5512 in
3162 5458 3290 5527 ejus
3319 5452 3589 5526 potiundi
3610 5467 3775 5523 spem

2123 5550 2339 5615 venire,
2370 5547 2729 5620 Nepotianus
2756 5545 3018 5617 Eutropii
3050 5544 3268 5601 sororis
3310 5540 3676 5598 Constantini
3707 5540 3775 5595 ﬁ-

2198 5711 2273 5782 (d)
2307 5707 2638 5782 Eutropius,
2670 5705 2949 5782 Zosimus
2994 5706 3216 5761 Socrat.
3250 5702 3352 5759 lib.
3406 5720 3471 5769 ιι,
3504 5719 3633 5775 cap.
3662 5702 3774 5781 25;

2123 5779 2349 5839 Sozom.
2386 5779 2485 5836 lib.
2520 5796 2562 5846 ι,
2592 5795 2649 5847 ν,
2681 5795 2806 5850 cap.
2842 5779 2867 5832 1
2902 5780 2960 5832 et
2988 5791 3148 5853 seqq.
