4166 6424
379 481 508 538 ιω

1779 463 2385 532 PROLEGUMENA.

379 605 497 663 lius
527 607 720 662 Romae
752 603 1162 678 inauguratur;
1198 599 1297 656 sed
1331 595 1565 655 vixdum
1599 597 1816 672 elapsis
1850 617 2024 654 xxvm
2056 610 2107 675 Α
2141 618 2571 671 nece,rumores
2602 603 2793 660 denuo
2823 619 3098 678 spargere
3144 606 3465 679 cceperunt,
3499 607 3673 677 atque
3697 618 3792 661 oc-

381 697 590 753 diehus
623 713 656 751 a
687 695 1000 767 Magnentii
1035 693 1220 764 legato
1279 690 1614 746 Marcellino
1658 690 1847 744 victus
1880 691 2028 761 peri-

381 785 580 842 mitur.
611 791 756 841 Tum
791 785 974 840 Roma
1003 781 1308 853 Nepotiani
1360 784 1745 852 cognatorum
1783 778 2026 832 familia-

381 875 654 947 riumque
687 873 968 946 sanguine
999 875 1300 926 cruentata
1359 874 1458 936 (α).
1511 868 1852 938 Eutropium
1901 868 2029 936 ejus

383 969 570 1019 mater
601 965 945 1019 obtruncata
974 965 1098 1015 est:
1135 960 1267 1014 caesi
1301 959 1441 1014 item
1477 957 1783 1012 Ahuterius
1808 962 1864 1010 et
1895 957 2028 1027 Spe-

381 1051 605 1108 rantius
635 1052 705 1106 de
740 1050 1051 1105 Athanasio
1106 1049 1251 1103 bene
1312 1047 1524 1112 meriti,
1551 1045 1649 1115 qui
1701 1061 1856 1110 eum,
1892 1061 2026 1099 cum

376 1144 570 1196 Romae
622 1142 872 1209 degeret,
931 1137 1229 1194 beneﬁciis
1288 1135 1575 1205 donisque
1635 1133 2023 1188 cumularunt.

376 1229 631 1294 Quorum
692 1229 958 1282 omnium
1013 1243 1216 1282 casum
1277 1223 1620 1296 deploravit,
1653 1221 1914 1292 fusisque
1946 1221 2026 1276 la-

375 1319 588 1390 crymis
620 1322 968 1390 prosccutus
999 1321 1089 1370 est
1121 1314 1498 1369 Athanasius.

444 1408 496 1462 3.
525 1407 870 1462 Constantius
907 1407 1043 1460 bello
1079 1406 1294 1459 Persico
1344 1403 1650 1473 expeditus.
1684 1400 2026 1469 Magnent'us

373 1504 616 1554 oratores
644 1497 814 1551 mittit
844 1495 914 1550 ad
947 1494 1341 1549 Constantium.
1391 1523 1455 1531 —
1515 1491 1664 1545 Dum
1722 1488 2023 1543 seditioni-

373 1585 486 1642 bus
516 1585 796 1640 Occidens
825 1585 1227 1655 conﬂagraret,
1261 1581 1321 1636 in
1351 1581 1582 1636 Oriente
1615 1583 1798 1632 Persae
1831 1577 2023 1631 redin-

369 1677 593 1746 tegrato
626 1671 775 1728 bello
821 1673 931 1726 sub
961 1673 1178 1742 Sapore
1208 1686 1339 1741 rege
1371 1669 1466 1739 (ὁ),
1492 1666 1718 1722 Nisibin
1762 1665 2023 1721 Orienta-

377 1761 525 1818 lium
558 1761 811 1834 partium
872 1759 1208 1832 praesidium
1260 1760 1386 1830 jam
1445 1756 1614 1812 tertio
1645 1755 2014 1810 obsidebant.

375 1851 641 1922 Cumque
663 1855 864 1905 contra
883 1854 1079 1905 tantas
1109 1846 1483 1902 difﬁcultates
1501 1843 1880 1898 Constantius
1897 1859 2026 1897 con-

375 1938 506 1995 silio
538 1939 681 1994 satis
711 1939 1010 2011 providere
1041 1954 1154 1992 non
1187 1940 1402 2008 posset,
1429 1936 1754 2005 opportune
1779 1931 2025 1989 accessit
2054 1978 2100 2043 B

375 2025 418 2043 ἢ
461 2026 472 2038 ³
580 2028 593 2043 1
654 2027 730 2043 οἱ·
887 2027 929 2043 τι
1048 2027 1079 2043 'I
1248 2041 1262 2043 _
1295 2042 1326 2043 η
1350 2039 1448 2043 -Α--
1478 2020 1667 2043 τ---1.2
1694 2019 2020 2043 λτε-ει.--,-;-

373 2025 477 2083 Dei
505 2027 855 2083 subsidium.
887 2027 1177 2082 Precibus
1201 2039 1454 2095 namque
1468 2020 1670 2076 Jacobi
1694 2019 2020 2075 Nisibensis

371 2117 499 2170 tum
530 2115 839 2171 sanctitate
870 2115 1174 2188 signisque
1192 2112 1472 2186 praeclari,
1508 2111 1690 2164 Persa:
1727 2109 1902 2164 variis
1933 2107 2019 2163 di-

368 2203 589 2260 vinitus
621 2205 906 2260 immissis
936 2203 1202 2259 cladibus
1224 2199 1772 2269 calamitatibusque
1795 2198 2016 2267 afﬂicti,

369 2292 549 2362 fugati
584 2293 814 2348 tandem
847 2297 1004 2349 sunt.
1039 2292 1415 2348 Constantius
1444 2305 1577 2344 vero
1609 2307 1677 2344 ea
1709 2291 1868 2357 parte
1902 2285 2017 2341 sol-

368 2378 696 2437 licitudinis
735 2381 963 2438 levatus
994 2381 1303 2453 diligenter
1328 2379 1590 2451 undique
1622 2378 1680 2432 in
1711 2374 2018 2431 Vetranio-

368 2486 504 2526 nem
553 2475 612 2526 et
667 2471 1061 2542 Magnentium
1111 2471 1307 2542 copias
1367 2468 1628 2538 cogebat,
1677 2464 2018 2537 ingentique

367 2563 703 2631 comparato
734 2560 1008 2626 exercitu,
1043 2559 1259 2614 milites
1292 2574 1557 2629 quosque
1607 2556 1874 2610 hortatus
1905 2556 2023 2620 est,

366 2647 469 2720 qui
498 2649 759 2704 nondum
795 2665 958 2704 sacro
990 2647 1367 2720 baptismatis
1397 2648 1554 2702 fonte
1582 2642 1767 2699 abluti
1798 2645 2014 2707 essent,

369 2741 436 2793 ut
465 2739 907 2808 quamprimum
937 2736 1285 2793 sacramenti
1308 2736 1487 2806 hujus
1510 2731 1790 2790 beneﬁcio
1823 2746 2018 2802 pecca-

366 2827 563 2881 torum
586 2826 788 2881 sordes
805 2826 1343 2896 deponerent.1nter
1361 2823 1482 2878 haec
1499 2821 1865 2892 Magnentius
1887 2835 2017 2873 ora-

364 2916 519 2970 tores
539 2915 610 2968 ad
644 2914 1050 2970 Constantium
1085 2913 1241 2968 misit
1264 2911 1591 2967 Servatium
1612 2911 2016 2981 Tungrensem

364 3002 723 3074 episcopum,
758 3007 815 3058 et
844 3003 1160 3058 Maximum
1192 3001 1330 3057 item
1373 3001 1735 3072 episcopum,
1769 2996 2015 3051 aulicos-

363 3107 478 3163 que
507 3092 674 3158 duos,
707 3091 1098 3147 Clementium
1137 3095 1195 3147 et
1217 3089 1541 3145 Valentem.
1574 3087 1787 3142 Valens
1826 3085 1883 3139 in
1921 3084 2015 3137 Li-

365 3178 535 3235 bvam
567 3179 887 3246 contendit,
921 3181 1070 3252 ejus,
1104 3185 1171 3236 ut
1225 3179 1476 3246 videtur,
1529 3177 1598 3232 ad
1633 3175 2015 3232 defectionem

364 3265 741 3324 sollicitandas
772 3270 992 3335 studio,
1016 3269 1376 3324 Athanasius
1395 3283 1563 3339 porro
1591 3282 1724 3320 cum
1759 3261 2014 3334 accepis-

2141 691 2295 747 culte
2328 693 2654 749 maledictis
2689 711 2941 766 serpere,
2975 695 3224 750 crimina
3245 696 3371 766 jam
3406 694 3545 750 olim
3576 693 3793 763 oblata,

2142 781 2429 853 totiesque
2462 782 2708 854 depulsa
2737 785 3004 838 ementiri
3067 801 3198 838 vera
3257 801 3405 852 esse,
3435 784 3661 838 Arsenii
3694 799 3791 840 ne-

2139 887 2287 938 cem,
2318 889 2583 927 mensam
2643 890 2923 939 eversam,
2960 875 3208 928 fractum
3273 874 3547 946 poculum
3597 873 3792 929 denuo

2139 976 2451 1030 opponere,
2485 977 2550 1015 eo
2583 978 2790 1033 nempe
2821 961 3083 1027 consilis,
3118 969 3183 1017 ut
3212 979 3377 1017 versa
3425 979 3620 1017 rerum
3654 977 3793 1015 con-

2137 1049 2377 1118 ditione,
2413 1049 2577 1104 liberi
2626 1055 2806 1118 metu,
2839 1051 3223 1105 Athanasium
3258 1050 3520 1122 aliosque
3549 1050 3795 1106 infestos

2138 1137 2248 1191 sibi
2282 1136 2567 1208 prazsulus
2601 1143 2728 1193 astu
2763 1139 3111 1211 insidiisque
3138 1139 3794 1202 circumvenirent.0ui-

2135 1225 2247 1280 bus
2275 1227 2593 1298 perspectis
2651 1227 3001 1283 Athanasius
3056 1228 3336 1300 prolixam
3400 1228 3562 1283 illam
3610 1227 3794 1282 edidit

2137 1314 2486 1387 apologiam,
2514 1322 2852 1386 antequam,
2878 1322 2941 1371 ut
2972 1334 3040 1372 ex
3072 1317 3473 1389 compluribus
3497 1318 3624 1388 ejus
3649 1315 3791 1372 locis

2136 1402 2593 1458 animadvertere
2653 1409 2759 1474 est,
2820 1404 3094 1460 Ursacius
3153 1412 3210 1461 et
3239 1406 3474 1472 Valens,
3506 1405 3606 1477 qui
3656 1406 3792 1461 ﬁcta

2135 1492 2477 1562 poenitentia
2507 1493 2839 1547 defecerant
2874 1495 2946 1548 ab
2996 1495 3249 1561 Arianis,
3285 1500 3519 1550 mutata:
3576 1494 3788 1550 iterum

2136 1581 2435 1635 sententiae
2491 1582 2660 1653 signa
2715 1583 2942 1648 darent,
2979 1599 3045 1637 ac
3107 1601 3253 1638 nova
3312 1583 3661 1638 molirentur
3728 1583 3787 1638 in

2134 1668 2436 1724 Athanasii
2470 1669 2806 1741 perniciem.
2837 1672 2894 1724 ln
2923 1687 2989 1725 ea
3022 1672 3203 1742 igitur
3221 1670 3488 1743 apologia
3517 1672 3605 1726 vir
3625 1688 3791 1727 sanc-

2134 1761 2230 1813 tus
2262 1774 2330 1813 ex
2356 1758 2500 1829 ipsis
2534 1776 2728 1814 rerum
2759 1761 2905 1814 actis
2931 1765 2989 1813 et
3022 1761 3419 1816 monumentis
3478 1759 3625 1815 falsa
3671 1760 3786 1817 sibi

2134 1849 2496 1919 comprobat,
2529 1853 2584 1902 et
2607 1850 2729 1918 jam
2765 1846 3064 1903 multoties
3098 1848 3334 1920 repulsa
3365 1849 3534 1920 objici
3587 1850 3787 1904 crimi-

2134 1952 2246 1992 na:
2282 1936 2497 1992 malam
2532 1942 2808 2005 mentem,
2842 1938 3063 1992 malum
3099 1937 3363 1994 animum
3411 1937 3786 1995 inimicorum

2132 2026 2421 2096 patefacit.
2458 2027 2961 2097 Supervacaneum
2996 2027 3096 2092 ait,
3128 2028 3198 2082 de
3233 2027 3450 2099 quibus
3480 2026 3650 2082 toties
3691 2028 3785 2098 ju-

2129 2113 2387 2169 dicatum
2424 2115 2630 2179 fuerat,
2662 2115 2864 2169 eadem
2895 2115 3085 2170 denuo
3148 2115 3205 2170 in
3245 2116 3536 2186 judicium
3571 2115 3783 2171 vocari.

2129 2203 2267 2258 Esse
2299 2203 2518 2258 Ursacii
2551 2207 2607 2258 et
2639 2203 2892 2258 Valentis
2942 2203 3342 2276 pcenitentiam
3401 2205 3472 2258 ad
3515 2204 3788 2260 innocen-

2127 2291 2218 2346 tiae
2251 2308 2368 2346 sum
2400 2292 2803 2347 testimonium
2837 2293 3013 2347 satis:
3049 2309 3156 2347 suo
3186 2293 3346 2364 ipsos
3391 2298 3558 2359 nutu,
3592 2291 3784 2349 nullo-

2127 2395 2240 2450 que
2271 2384 2509 2450 cogente
2540 2381 2672 2435 facti
2730 2381 2959 2450 veniam
3020 2380 3370 2452 postulasse.
3403 2381 3620 2436 Caetera
3675 2399 3780 2437 au-

2127 2472 2320 2522 autem
2353 2485 2479 2540 quas
2512 2467 2607 2522 ille
2643 2469 3031 2540 persequitur,
3065 2469 3192 2524 suis
3215 2469 3342 2538 jam
3375 2469 3434 2523 in
3471 2468 3614 2524 locis
3645 2469 3778 2526 des-

2126 2556 2312 2628 cripta
2342 2562 2397 2611 et
2426 2563 2698 2612 enarrata
2729 2561 2888 2612 sunt.

2196 2646 2250 2699 5.
2285 2645 2591 2701 Constantii
2622 2648 2826 2702 litterae
2855 2646 2930 2701 ad
2953 2645 3333 2701 Athanasium.
3366 2677 3435 2687 ——-
3473 2646 3564 2702 Ait
3607 2663 3778 2718 porro

2127 2733 2392 2789 Socrates
2427 2735 2523 2805 (ά),
2557 2735 2792 2790 eosdem
2821 2734 3124 2789 Athanasii
3151 2734 3517 2791 adversarios
3565 2751 3779 2791 nomen

2125 2823 2255 2893 ejus
2286 2824 2438 2894 apud
2470 2822 2880 2894 imperatorem
2912 2822 3212 2889 detulisse,
3244 2823 3398 2894 quod
3459 2838 3561 2895 per
3607 2823 3778 2895 Aigy-

2127 2916 2294 2982 ptum
2327 2916 2503 2982 atque
2537 2911 2771 2982 Lybiam
2804 2911 3008 2967 turbas
3057 2911 3490 2984 seditionesque
3520 2913 3776 2968 concita-

2127 3003 2231 3068 ret,
2265 3003 2440 3072 atque
2473 3005 2677 3070 praeter
2709 2998 2972 3054 Ecclesiae
3005 2999 3265 3072 regulam
3301 3000 3357 3054 in
3408 3000 3615 3056 alienis
3646 3015 3776 3071 pro-

2126 3087 2332 3143 vinciis
2363 3089 2663 3159 episcopos
2695 3090 3093 3143 constitueret.
3147 3089 3356 3143 Verum
3397 3089 3777 3145 Constantius

2126 3177 2533 3249 Magnentiano
2565 3181 2691 3231 tum
2742 3176 2892 3232 bello
2936 3183 3274 3248 occupatus,
3325 3194 3390 3232 ac
3440 3177 3775 3249 propediem

2125 3282 2382 3337 pugnam
2413 3266 2860 3333 commissurus,
2893 3266 3134 3333 veritus,
3173 3271 3235 3321 ut
3267 3266 3541 3321 credibile
3570 3271 3658 3322 est
3679 3267 3772 3338 (ε),

366 3360 455 3412 set
482 3356 786 3412 Valentem
817 3374 919 3429 per
950 3357 1188 3430 Lybiam
1218 3357 1328 3413 iter
1355 3355 1588 3425 habere,
1639 3353 2014 3409 vehementer
2043 3345 2085 3411 C
2125 3371 2216 3423 ne,
2251 3356 2300 3410 si
2333 3372 2508 3426 quam
2543 3354 2861 3410 Athanasio
2893 3354 3132 3410 inferret
3161 3354 3486 3410 molestiam
3549 3359 3649 3410 aut
3677 3372 3774 3411 ca-

361 3445 649 3514 extimuit,
681 3445 900 3501 veritus
930 3461 1002 3500 ne
1033 3445 1333 3518 quidpiam
1367 3443 1462 3499 ille
1497 3441 1770 3498 facinoris
1803 3456 2008 3512 aggre-

361 3532 639 3600 deretur;
672 3551 785 3590 neu
816 3534 1150 3590 Constantis
1180 3533 1406 3601 amicis,
1457 3533 1672 3603 quibus
1719 3530 1845 3602 ipse
1875 3545 2008 3583 cum

360 3620 568 3692 primis
598 3623 1122 3687 annumerahatur,
1173 3621 1454 3677 violentas
1508 3620 1745 3674 inferret
1776 3633 2007 3673 manus.

360 3710 649 3774 Quorsum
682 3715 876 3765 autem
911 3709 1158 3766 abierint
1202 3709 1490 3781 ejusmodi
1541 3708 1800 3763 Valentis
1841 3705 2012 3761 moli-

361 3797 720 3868 mina,quive
749 3797 831 3852 rei
864 3798 1034 3853 fuerit
1065 3798 1273 3863 exitus,
1308 3815 1425 3853 non
1459 3798 1640 3852 fertur
1668 3795 1823 3868 apud
1853 3794 2013 3850 illius

365 3884 464 3939 sevi
500 3885 834 3957 scriptores.
885 3885 1240 3942 Clementius
1287 3886 1434 3941 alter
1469 3886 1717 3958 legatus,
1767 3882 2012 3938 Alexan-

363 3974 552 4029 driam
585 3975 900 4046 profectus,
925 3975 1312 4031 Athanasium
1343 3976 1608 4030 convenit
1632 3993 1644 4040 ;
1670 3989 1920 4044 cumque
1943 3973 2014 4027 de

363 4064 677 4120 Constante
707 4081 949 4120 suorum
985 4064 1227 4138 perﬁdia
1256 4065 1543 4119 trucidato
1574 4063 1748 4118 verba
1781 4063 2012 4126 faceret,

362 4151 422 4206 in
455 4151 742 4224 lacrymas
793 4158 1033 4208 sanctus
1063 4153 1275 4225 praesul
1329 4153 1540 4226 erupit,
1581 4151 2017 4225 gemitibusque

362 4241 468 4296 viri
502 4243 716 4297 eadem
749 4242 1208 4299 lamentabatur.
1241 4244 1388 4297 Tum
1423 4260 1526 4314 pro
1572 4240 1891 4298 Constantii
1924 4239 2012 4292 in-

365 4329 707 4386 columitate
735 4331 966 4387 Domini
995 4349 1162 4405 opem
1195 4331 1527 4404 imploravit
1553 4350 1564 4399 ;
1599 4329 2012 4404 praesentibus-

368 4435 481 4490 que
512 4418 872 4476 Felicissimo
903 4420 1132 4494 Egypti
1164 4421 1331 4490 duce,
1381 4421 1589 4476 Ruﬁno
1626 4418 2011 4485 thesaurario,

363 4507 657 4580 Stephano
691 4509 995 4582 magistro,
1020 4511 1248 4566 Asterio
1272 4509 1502 4576 comite,
1536 4508 1792 4565 Palladio
1817 4507 2013 4578 palatii

365 4598 668 4670 magistro,
700 4599 801 4670 qui
834 4600 1006 4655 ambo
1038 4600 1205 4656 missi
1235 4601 1484 4666 fuerant,
1509 4603 1574 4654 ut
1603 4616 1736 4654 mox
1767 4598 2011 4667 dicetur,

363 4702 396 4740 a
427 4686 802 4742 Constantio:
839 4688 1122 4743 Antiocho
1154 4692 1211 4744 et
1234 4688 1471 4759 Evagrio
1503 4687 1812 4759 agentibus
1843 4687 1900 4741 in
1925 4703 2012 4741 re-
2048 4714 2091 4778 Β

362 4774 496 4843 bus,
524 4774 699 4830 hasce
730 4776 1024 4848 supplices
1055 4777 1359 4832 emittebat
1389 4792 1588 4832 voces:
1647 4777 1871 4832 Oremus
1913 4792 2015 4848 pro

359 4865 537 4919 salute
559 4865 808 4935 piissimi
835 4867 1070 4937 Augusti
1101 4866 1423 4922 Constantii.
1476 4865 1849 4938 Populusque
1901 4883 2017 4921 una

360 4968 498 5008 voce
527 4954 725 5008 statim
761 4953 1104 5010 acclamavit
1132 4971 1143 5008 :
1173 4956 1404 5022 Christe,
1435 4957 1714 5012 auxiliare
1752 4957 2013 5011 Constan-

371 5044 466 5097 tio.
502 5043 571 5097 Et
601 5040 722 5097 haec
749 5043 1040 5114 precando
1071 5043 1414 5116 aliquandiu
1446 5045 1852 5116 perseveravit.

432 5132 483 5185 4.
517 5132 715 5186 Ariani
743 5133 988 5188 crimina
1019 5133 1388 5204 redintegrant
1433 5137 1489 5190 in
1535 5135 1917 5190 Athanasium.
1947 5163 2014 5176 —

361 5219 695 5274 Constantis
726 5225 887 5276 metu
919 5226 975 5276 et
1004 5223 1349 5278 auctoritate
1384 5224 1669 5294 perterriti
1711 5222 2015 5278 Athanasii

363 5306 700 5372 adversarii,
730 5309 875 5363 nihil
909 5311 1035 5364 ausi
1069 5316 1230 5378 sunt,
1262 5311 1362 5368 illo
1386 5313 1720 5384 superstite,
1756 5313 1813 5366 in
1848 5329 2010 5367 sanc-

363 5398 490 5450 tum
523 5396 826 5468 praesulem
883 5415 1112 5455 movere
1165 5401 1260 5472 (ο).
1304 5404 1445 5472 Ejus
1503 5406 1697 5457 autem
1749 5402 2020 5474 evulgato.

457 5573 515 5648 ᾳ)
545 5572 755 5648 Athan.
791 5575 944 5648 Apol.
974 5577 1047 5632 ad
1079 5577 1380 5648 Constant.,
1412 5598 1468 5636 n.
1496 5584 1551 5636 6.

460 5645 515 5720 ὁ)
545 5643 784 5720 Victor.,
819 5643 1081 5720 Eutrop.,
1111 5651 1326 5707 Zozim.

457 5715 508 5842 ξ)
536 5715 1234 5797 Αροιθῃ.⁷σοηίναἈὶ·ίαη.,
1268 5724 1379 5780 sub
1408 5724 1666 5782 initium.

503 5792 518 5842 )
548 5787 674 5842 ιιι).
709 5805 774 5842 ιι.
802 5805 932 5842 can.
965 5792 1057 5842 20.

496 5789 518 5858 ‘)
548 5787 674 5845 Lib.
709 5805 774 5858 ιι,
802 5805 932 5864 cap.
965 5792 1057 5849 20.

2120 3442 2470 3510 lamitatem,
2502 3443 2640 3498 hinc
2671 3459 2862 3498 causae
2895 3442 3117 3498 irarum
3149 3443 3556 3499 suborirentur
3584 3459 3649 3498 ac
3679 3461 3770 3499 se-

2121 3532 2407 3586 ditionum
2452 3533 2605 3604 apud
2663 3531 3115 3587 Alexandrinam
3174 3531 3404 3604 plebem
3465 3533 3771 3588 Athanasii

2121 3621 2614 3687 amantissimam,
2645 3620 2936 3676 Asterium
2971 3620 3268 3686 comitem,
3301 3621 3440 3676 olim
3486 3623 3771 3678 Armenias

2121 3709 2353 3778 ducem,
2384 3713 2442 3764 et
2471 3709 2795 3764 Palladium
2830 3708 3028 3781 palatii
3063 3709 3412 3782 magistrum
3446 3710 3608 3766 misit
3634 3726 3772 3766 cum

2122 3797 2333 3853 litteris
2364 3798 2435 3852 ad
2468 3797 2895 3853 Felicissimum
2926 3798 3154 3870 rEgypti
3185 3798 3393 3854 ducem
3446 3804 3503 3854 et
3533 3799 3603 3854 ad
3636 3799 3773 3855 Nes-

2119 3887 2336 3942 torium
2370 3888 2704 3960 praefectum
2747 3887 2928 3943 arceri
2953 3889 3170 3957 jubens
3203 3887 3536 3960 Philippum
3567 3903 3773 3960 quem-

2123 3977 2258 4030 dam
2291 3992 2357 4031 ac
2389 3975 2654 4047 quemvis
2684 3975 2866 4030 alium
2916 3976 2988 4030 ab
3048 3976 3281 4032 insidiis
3319 3976 3638 4032 Athanasio
3672 3993 3774 4049 pa-

2124 4063 2345 4119 randis.
2380 4063 2712 4136 Iisdemque
2745 4063 2969 4119 litteras
3001 4065 3160 4119 dedit
3197 4065 3392 4120 Latine
3425 4064 3673 4137 scriptas
3703 4065 3776 4120 ad

2122 4152 2507 4208 Athanasium
2541 4153 2922 4220 deferendas;
2986 4154 3203 4224 quibus
3265 4153 3568 4226 deplorata
3595 4155 3777 4210 Cons-

2122 4242 2304 4296 tantis
2335 4242 2530 4296 fratris
2563 4258 2720 4306 nece,
2771 4241 3157 4297 Athanasium
3215 4242 3392 4297 ﬁdere
3447 4242 3632 4312 jubet,
3675 4259 3780 4298 nec

2124 4331 2590 4386 adversariorum
2624 4330 3116 4386 machinamentis
3173 4331 3503 4404 perterreri,
3536 4332 3634 4386 sed
3678 4348 3781 4404 po-

2123 4419 2331 4493 pulum
2363 4421 2600 4475 edocere
2631 4435 2826 4475 veram
2860 4419 3136 4491 pietatem
3169 4437 3236 4476 ac
3263 4419 3782 4492 religionem,velle

2123 4525 2186 4564 se
2217 4525 2283 4564 ac
2314 4514 2618 4581 peroptare
2668 4517 2732 4562 ut
2789 4509 2848 4563 in
2882 4509 3018 4564 sede
3047 4507 3438 4564 Alexandrina
3467 4509 3780 4580 impertur-

2124 4599 2299 4655 batus
2331 4615 2562 4670 semper
2592 4599 2893 4654 consistat.
2927 4602 3112 4653 Hasce
3144 4597 3370 4654 litteras
3417 4598 3778 4654 Athanasius

2125 4705 2227 4745 ceu
2259 4688 2528 4743 inducias
2560 4687 2714 4757 belli,
2749 4687 2905 4742 haud
2939 4687 3018 4743 ita
3049 4685 3233 4742 multo
3264 4691 3396 4760 post
3443 4687 3644 4756 futuri,
3679 4704 3781 4744 ac-

2125 4777 2349 4850 cepisse
2379 4777 2648 4832 videtur:
2682 4794 2797 4831 non
2829 4776 3101 4847 ignarum
3134 4776 3350 4848 quippe
3399 4775 3581 4832 fuisse
3621 4776 3779 4832 arbi-

2123 4871 2370 4936 tramur,
2404 4870 2811 4936 exasperatum
2842 4864 3166 4920 Constantii
3197 4865 3460 4921 animum
3502 4865 3780 4922 simulato

2126 4955 2406 5011 beneﬁcio
2442 4954 2741 5009 occultari.

2195 5045 2249 5099 6.
2292 5046 2548 5100 Vetranio
2573 5044 2882 5099 abdicatus.
2916 5074 2983 5083 ——
3022 5043 3398 5099 Constantius
3430 5059 3602 5116 porro
3646 5059 3781 5098 cum

2127 5135 2332 5206 grandi
2363 5134 2572 5190 itinere
2605 5133 2923 5204 multisque
2956 5133 3279 5205 peragratis
3339 5132 3676 5188 nationibus
3721 5131 3783 5188 in

2129 5223 2359 5280 Daciam
2399 5223 3198 5296 pervenisset,Vetranionem
3233 5238 3545 5278 numeroso
3568 5221 3786 5277 instru-

2128 5318 2286 5368 ctum
2311 5312 2597 5369 excercitu
2630 5312 2871 5368 otfendit
2901 5315 3004 5382 (1);
3041 5316 3432 5384 eventumque
3462 5326 3672 5383 pugnas
3695 5325 3785 5366 re-

2129 5403 2480 5469 formidans,
2511 5407 2576 5457 ut
2607 5406 2739 5458 astu
2772 5400 3110 5468 declinaret,
3141 5401 3213 5456 de
3240 5400 3399 5473 pacis
3429 5397 3784 5456 conditioni-

2201 5581 2272 5654 (ε)
2305 5581 2528 5653 Apotog.
2589 5580 2659 5635 ad
2712 5579 3113 5654 Constantium,
3173 5596 3230 5635 n.
3260 5581 3353 5648 22,
3396 5578 3508 5634 23:
3539 5577 3787 5634 Historia

2128 5652 2535 5721 ad'monachos,
2569 5670 2626 5707 n.
2668 5652 2757 5706 24.

2201 5725 2272 5798 (ί)
2301 5728 2536 5798 Sperat,
2578 5723 2682 5778 lib.
2735 5741 2797 5794 ιι,
2843 5739 2971 5796 cap.
3003 5725 3114 5792 28;
3143 5723 3375 5780 Sozom.
3409 5720 3512 5778 lib.
3543 5736 3623 5791 Iv,
3654 5735 3784 5793 cap.

2130 5799 2163 5854 4
2185 5795 2448 5869 ;’Βοιὶιιι,
2480 5795 2583 5854 lib.
2614 5812 2676 5853 ιι.
