4166 6382
1623 388 1810 452 VITA
1857 388 1921 449 S.
1970 384 2414 449 ATHANASII.

3569 398 3714 450 CXIII

301 532 414 590 bus
437 546 608 603 agere
637 525 783 586 velle
813 524 1075 583 simulat.
1110 524 1259 580 Tum
1293 523 1394 579 ubi
1453 538 1629 579 senex
1657 522 1774 587 ille,
1807 522 1953 576 Con-
1986 522 2038 585 Α
2070 518 2205 584 tius,
2242 516 2339 588 qui
2391 518 2517 586 jam
2551 515 2779 571 ninium
2832 516 2890 572 in
2922 517 3169 574 Arianas
3224 537 3314 575 res
3346 520 3543 578 animo
3576 543 3714 595 pro-

306 620 512 678 stantii
545 623 667 675 arte
697 617 964 683 delusus,
989 616 1047 671 in
1110 617 1486 686 conspectum
1520 613 1648 681 ejus
1678 610 1952 679 venisset,

297 710 359 765 in
385 711 732 781 suggestum
753 707 925 761 ambo
948 700 1953 766 conscendunt,circumsistentibus

302 798 562 867 undique
601 796 909 852 militibus.
943 794 1319 849 Constantius
1350 796 1567 857 autem,
1602 788 1701 861 qui
1732 787 1957 843 occulta

301 886 614 960 largitione
646 884 897 939 militum
931 882 1045 937 sibi
1064 882 1293 937 animos
1320 877 1955 949 devinxerat,pluribus

299 989 764 1031 commemorare
807 970 1173 1027 Constantini
1231 968 1534 1031 beneficia,
1589 970 1957 1021 sacramenta

300 1063 558 1119 militum
593 1062 665 1116 ob
699 1060 897 1116 oculos
932 1076 1166 1131 ponere,
1201 1075 1322 1113 rem
1376 1056 1679 1128 indignam
1734 1056 1955 1123 dicens,

302 1157 620 1225 tyrannum
647 1146 1312 1205 caasoConstantinifilio
1336 1145 1648 1217 imperium
1673 1143 1958 1199 invasisse

304 1243 456 1297 Tum
491 1239 708 1294 milites
741 1256 857 1294 uno
892 1255 988 1293 ore
1022 1237 1292 1305 clamare,
1331 1234 1563 1290 nonnisi
1591 1233 1957 1289 Constantini

307 1329 426 1385 filio
458 1328 841 1385 deferendum
874 1326 1167 1399 inperium
1198 1325 1549 1397 esse.ipsum
1577 1322 1767 1379 solum
1793 1324 1958 1377 inau—

308 1417 505 1491 gurari
538 1421 825 1489 oportere.
861 1415 1126 1472 Vetranio
1159 1417 1354 1469 autem
1387 1416 1543 1468 tanta
1576 1428 1769 1466 rerum
1801 1410 1963 1465 ineli-

310 1507 549 1563 natione
582 1504 946 1578 perterritus,
982 1504 1243 1575 protinus
1304 1519 1372 1557 ex
1402 1504 1682 1574 suggestu
1720 1500 1962 1555 descen—

308 1593 986 1667 dens,insigniaimperii
1016 1593 1087 1647 ad
1115 1592 1288 1663 pedes
1313 1589 1637 1647 Constantii
1670 1589 1960 1660 deposuit;

314 1701 489 1758 quem
525 1683 969 1757 perhumaniter
1023 1680 1398 1736 Constantius
1458 1685 1787 1750 exceptum,
1819 1682 1964 1731 Pru-

307 1774 577 1844 siamque
611 1773 667 1827 in
703 1772 975 1843 Bithynia
1007 1770 1281 1835 missum,
1316 1768 1593 1823 omnibus
1641 1769 1711 1822 ad
1746 1766 1961 1821 victum

305 1863 741 1933 honestumque
772 1860 996 1915 cultum
1048 1859 1394 1914 necessariis
1454 1857 1749 1912 instruxit.
1782 1861 1966 1911 Senex

309 1967 444 2004 vero
478 1948 589 2020 piis
618 1947 756 2003 hinc
790 1947 1064 2019 operibus
1096 1945 1662 2018 deditus,reliquum
1693 1946 1821 2000 vitm
1846 1962 1963 1999 sua

316 2042 554 2109 tempus
586 2038 766 2109 probe
798 2042 854 2092 et
902 2041 967 2090 ut
1024 2035 1425 2092 Christianum
1483 2036 1724 2090 decebat
1755 2034 1961 2106 exegit,

310 2127 568 2200 Contigit
590 2126 964 2181 Vetranionis
995 2125 1283 2181 abdicatio
1314 2142 1467 2180 anno
1490 2125 1717 2180 Domini
1744 2125 1969 2195 350,die

313 2216 593 2274 vicesima
624 2216 830 2288 quinta
862 2215 1217 2271 Decembris.

394 2313 564 2360 ANNO
594 2306 717 2360 351.
752 2336 819 2345 -
854 2306 900 2372 1,
924 2304 1247 2359 Sirmiensis
1276 2304 1534 2376 synodus.
1571 2304 1839 2359 Photinus
1869 2305 1967 2358 ab-

316 2397 536 2467 legalur
564 2397 626 2449 in
656 2394 943 2450 exsilium.
978 2425 1047 2433 —
1076 2396 1244 2449 Anno
1306 2398 1586 2466 sequente
1645 2392 1971 2448 celebratur

316 2484 578 2540 secunda
607 2483 947 2539 Sirmiensis
1000 2484 1259 2555 synodus
1315 2483 1594 2538 adversus
1651 2482 1967 2538 Photinum

317 2577 591 2629 versante
621 2577 747 2628 tum
786 2572 983 2628 Sirmii
1032 2572 1371 2629 Constantio
1424 2573 1523 2644 (α).
1561 2572 1665 2635 Qui
1730 2573 1973 2626 aderant

316 2662 599 2734 episcopi,
634 2661 891 2717 maxima
920 2679 1056 2733 pars
1086 2661 1410 2717 Orientales
1468 2665 1653 2716 erant.
1688 2660 1971 2715 Photinus

318 2768 512 2823 porro,
544 2768 681 2806 cum
714 2750 1008 2806 obstinato
1040 2751 1237 2805 animo
1270 2752 1341 2805 ad
1397 2754 1723 2805 extremum
1785 2768 1973 2823 usque

323 2857 543 2896 errores
576 2845 972 2913 propugnaret
996 2857 1159 2905 suos,
1217 2840 1410 2911 impia:
1463 2841 1739 2895 doctrinae
1795 2858 1974 2896 causa

326 2929 638 2984 damnatus
670 2930 1093 3002 depositusque
1118 2929 1246 2984 fuit.
1283 2932 1404 2995 Quo
1436 2929 1876 3001 peracto,aliam
1905 2931 1972 2984 fi-

321 3018 410 3073 dei
428 3018 737 3073 formulam
753 3018 994 3089 adjectis
1009 3019 1039 3073 d
1052 3018 1443 3089 undetriginta
1464 3019 1973 3075 anathematismis

320 3106 1175 3179 edideruntOrientales,quam
1199 3108 1578 3163 transmisere
1603 3109 1771 3163 nobis
1802 3110 1974 3165 Atha—

324 3195 528 3252 nasius
559 3206 612 3252 et
646 3196 898 3251 Hilarius
932 3197 1099 3269 (b).ln
1132 3214 1198 3252 ea
1232 3198 1467 3253 tametsi
1500 3198 1644 3252 nihil
1678 3203 1975 3271 comparet

2062 607 2374 679 pendebat,
2420 609 2579 660 totus
2638 606 2874 660 demum
2926 607 2996 661 ad
3057 608 3459 665 haareticorum
3520 618 3715 684 partes

2065 696 2380 750 accederet.
2416 695 2575 759 Quod
2611 712 2725 765 qua
2754 695 2975 751 ratione
3006 702 3236 768 gestum
3270 700 3373 764 sit,
3405 701 3487 755 ita
3517 709 3718 759 narrat

2066 784 2353 855 Sulpitius
2382 788 2628 837 Severus
2661 801 2672 836 :
2710 807 2735 831 ‹‹
2772 784 2936 839 Nacti
2970 802 3104 857 ergo
3147 788 3338 842 Ariani
3377 789 3716 847 istiusmodi

2066 873 2807 944 occasionem,conspirant
2838 874 3072 943 penitus
3104 875 3470 934 Sardicensis
3508 882 3718 953 synodi

2067 963 2297 1017 decreta
2326 963 2678 1016 subvertere.
2712 962 2937 1017 Etenim
2971 964 3054 1019 eis
3087 964 3242 1020 color
3282 968 3525 1037 quidam
3578 986 3717 1042 sup-

2069 1056 2263 1124 petere
2313 1050 2663 1105 videbatur:
2699 1053 2852 1122 quod
2904 1057 3021 1106 tam
3084 1054 3301 1125 injuste
3349 1057 3557 1113 fuisset
3615 1075 3718 1129 pro

2069 1140 2386 1195 Athanasio
2410 1140 2765 1210 judicatum,
2799 1158 2974 1211 quam
3009 1144 3281 1199 Macellus
3330 1146 3516 1203 fuerat
3548 1149 3717 1204 abso-

2068 1230 2249 1297 lutus,
2285 1229 2384 1301 qui
2416 1246 2569 1283 nunc
2597 1229 2771 1284 etiam
2812 1230 3108 1285 Athanasii
3158 1234 3377 1304 judicio
3411 1237 3719 1293 haereticus

2068 1334 2197 1374 esse
2225 1318 2862 1390 probaretur.Namque
2894 1322 3198 1378 Marcellus
3230 1325 3568 1382 Sabellianaa
3602 1327 3718 1383 hae-

2076 1408 2223 1464 resis
2255 1413 2515 1463 assertor
2543 1409 2859 1463 exstiterat:
2896 1410 3178 1466 Photinus
3200 1430 3332 1469 vero
3364 1433 3573 1471 novam
3604 1417 3722 1473 hae-

2076 1496 2249 1549 resim
2278 1496 2403 1565 jam
2438 1499 2573 1550 ante
2611 1495 2952 1567 protulerat,
2988 1515 3021 1552 a
3052 1499 3302 1555 Sabellio
3364 1504 3601 1574 quidem
3661 1507 3722 1561 in

2072 1584 2288 1639 unione
2318 1583 2674 1639 dissentiens
2711 1602 2723 1651 ;
2758 1587 2857 1640 sed
2918 1586 3154 1643 initium
3188 1589 3399 1646 Christi
3433 1609 3501 1648 ex
3540 1596 3725 1652 Maria

2079 1673 2449 1745 prazdicabat.
2488 1672 2671 1744 Igitur
2702 1673 2899 1729 Ariani
2933 1681 3126 1731 astuto
3176 1681 3420 1737 consilio
3480 1684 3728 1742 miscent

2076 1762 2377 1817 innoxium
2416 1763 2751 1817 criminosis
2792 1764 3352 1839 damnationemque
3409 1772 3636 1829 Photini
3671 1783 3728 1833 et

2076 1851 2327 1907 Marcelli
2361 1857 2419 1906 et
2450 1851 2751 1907 Athanasii
2785 1855 2985 1909 eadem
3018 1859 3311 1914 sententia
3342 1865 3724 1934 comprehen-

2079 1941 2396 1995 dunt:illud
2423 1941 2701 1996 nimirum
2726 1944 3314 2015 apudimperatorum
3332 1951 3558 2008 animos
3584 1972 3728 2025 pra:-

2079 2034 2467 2095 struentes,ut
2492 2047 2603 2084 non
2628 2035 2977 2102 putarentur
2999 2034 3067 2088 de
3089 2035 3406 2094 Athanasio
3422 2057 3725 2113 perperam

2071 2119 2504 2190 judicasse,qui
2527 2120 2595 2174 de
2620 2119 2890 2175 Marcello
2912 2128 2967 2176 et
2984 2123 3229 2179 Photino
3252 2143 3385 2182 vera
3407 2132 3732 2188 sensissent

2082 2212 2495 2263 Verumtamen
2532 2225 2598 2263 ea
2629 2214 2972 2281 tempestate
2994 2214 3190 2268 Ariani
3225 2218 3527 2287 perfidiam
3560 2238 3729 2278 suam

2079 2298 2473 2365 occultabant,
2508 2316 2622 2353 non
2656 2300 2781 2353 ausi
2814 2299 3005 2371 palam
3037 2304 3251 2359 erroris
3310 2306 3401 2361 sui
3456 2309 3734 2381 dogmata

2080 2387 2429 2459 praedicare;
2465 2387 2782 2444 catholicos
2813 2406 2875 2444 se
2904 2392 3204 2461 gerebant,
3238 2395 3382 2449 nihil
3424 2398 3534 2453 sibi
3568 2401 3733 2471 prius

2081 2477 2373 2547 agendum
2410 2478 2541 2543 rati,
2576 2494 2751 2548 quam
2788 2482 2850 2533 ut
2875 2479 3263 2538 Athanasium
3298 2485 3562 2542 Ecclesiae
3597 2491 3734 2546 sub-

2082 2571 2396 2633 moverent,
2431 2566 2529 2638 qui
2563 2583 2796 2639 semper
2826 2567 2909 2624 eis
2951 2571 3112 2625 velut
3165 2589 3371 2630 murus
3404 2579 3730 2648 obstiterat,

2081 2672 2193 2724 quo
2227 2660 2449 2710 remoto
2484 2655 2736 2727 reliquos
2777 2657 2835 2711 in
2886 2657 3193 2716 libidinem
3238 2680 3405 2719 suam
3457 2683 3730 2726 cessuros

2083 2746 2416 2814 sperabant.
2480 2746 2588 2800 Sed
2651 2763 2785 2817 pars
2870 2747 3274 2820 episcoporum
3337 2771 3461 2825 quae
3520 2759 3728 2815 Arium

2083 2836 2458 2906 sequebatur,
2493 2836 2926 2893 damnationem
2958 2839 3263 2897 Athanasii
3322 2846 3588 2918 cupitam
3649 2867 3738 2906 ac-

2084 2925 2253 2994 cepit,
2289 2942 2423 2996 pars
2450 2926 2630 2980 coacti
2666 2931 2820 2981 metu
2855 2932 2912 2982 et
2968 2929 3216 2986 factione
3245 2933 3303 2987 in
3364 2938 3563 2993 studia
3598 2957 3732 3012 par-

2082 3013 2229 3067 tium
2285 3021 2715 3069 concesserant.
2762 3018 2960 3087 Pauci,
3021 3020 3237 3090 quibus
3284 3024 3429 3081 ﬁdes
3476 3028 3651 3085 chara
3682 3037 3740 3087 et

2087 3103 2297 3157 veritas
2330 3104 2519 3174 potior
2540 3110 2681 3169 erat,
2715 3104 3005 3176 injustum
3029 3109 3325 3179 judicium
3361 3132 3475 3170 non
3509 3136 3739 3193 recepe-

2088 3196 2225 3247 runt
2253 3211 2265 3257 ;
2305 3194 2454 3249 inter
2482 3210 2630 3264 quos
2664 3194 2941 3249 Paulinus
2988 3197 3297 3271 episcopus
3330 3204 3732 3278 Treverorum,

327 3285 398 3339 ab
429 3284 827 3341 ecclesiastica
852 3286 967 3340 ﬁde
997 3286 1307 3352 absonum,
1344 3288 1399 3341 id
1456 3269 1849 3358 suspiciosum
1890 3294 1975 3343 ta-
2009 3269 2051 3335 C
2090 3280 2283 3336 oblata
2314 3282 2425 3336 sibi
2456 3282 2700 3352 epistola
2730 3284 2810 3338 ita
2840 3269 3264 3359 subscripsisse
3296 3293 3640 3363 traditur,se
3676 3269 3734 3357 in

332 3391 464 3430 men
497 3380 586 3430 est
618 3376 772 3446 quod
802 3378 896 3428 τνῦ
929 3374 1228 3449 ὁμρουσίου
1260 3393 1472 3432 nomen
1506 3381 1863 3447 tacetur,nec
1885 3395 1980 3433 ex-

330 3462 590 3519 cluditur
618 3464 903 3520 haereseos
957 3481 1260 3521 venenum.
1314 3465 1559 3521 Photino
1618 3466 1815 3522 oblata
1849 3467 1981 3522 ﬁdei

332 3552 585 3610 formula
605 3558 803 3626 est,ut,
829 3554 877 3610 si
909 3571 1036 3610 eam
1064 3554 1234 3610 vellet
1264 3554 1691 3626 subscriptione
1722 3574 1828 3611 sua
1850 3574 1978 3612 mu-

332 3643 478 3710 nire,
511 3644 757 3715 integris
788 3645 964 3699 rebus
995 3662 1163 3699 suam
1197 3648 1479 3716 repeteret
1509 3646 1982 3718 sedem.Respuit

330 3731 429 3788 ille
461 3733 876 3800 conditionem,
910 3734 1229 3805 adiensque
1284 3734 1712 3802 Constantium,
1773 3753 1834 3791 se
1868 3737 1977 3791 im-

331 3826 653 3877 merentem
685 3822 876 3878 vexari
927 3828 983 3878 et
1015 3823 1269 3879 abdicari
1306 3824 1662 3895 querebatur
1689 3842 1708 3886 ,·
1731 3826 1779 3880 si
1812 3826 1979 3898 copia

329 3910 475 3965 foret
506 3910 617 3966 sibi
650 3912 1065 3983 congrediendi
1100 3929 1233 3967 cum
1295 3912 1667 3977 adversariis,
1701 3928 1769 3967 ex
1821 3913 1976 3968 Scri-

325 4004 633 4069 pturarum
658 4016 719 4054 se
743 4000 1089 4056 testimoniis
1112 4002 1461 4056 sententiam
1487 4019 1655 4057 suam
1672 4002 1979 4058 conﬁrma-

323 4092 547 4143 turum.
582 4089 956 4145 Constantius
1016 4095 1211 4145 autem
1271 4090 1499 4146 Photini
1555 4092 1977 4163 conquestione

323 4181 627 4250 permotus
677 4183 899 4250 septem
947 4179 1153 4234 aulicis
1184 4179 1524 4251 designatis,
1553 4180 1723 4251 jubet
1779 4198 1974 4238 coram

322 4267 471 4339 ipsis
502 4266 635 4321 iniri
669 4270 1143 4324 controversiam.
1176 4269 1524 4341 Quanquam
1557 4270 1748 4341 turpis
1781 4272 1977 4326 condi-

320 4356 424 4423 tio,
448 4356 589 4427 quia
620 4361 815 4412 tamen
846 4356 904 4412 id
938 4358 1307 4429 imperatoris
1340 4358 1397 4412 in
1432 4360 1647 4430 optatis
1679 4361 1972 4429 erat,deli-

320 4445 480 4518 gitur
508 4463 542 4500 a
575 4447 793 4519 synodo
827 4445 1081 4503 Basilius
1111 4451 1469 4520 Ancyranus,
1526 4447 1625 4519 qui
1658 4448 1971 4507 Photinum

318 4533 447 4606 ipso
478 4540 763 4606 praesente
792 4536 1132 4591 Constantio
1166 4536 1505 4606 confutavit,
1540 4541 1716 4609 atque
1748 4555 1813 4593 ex
1873 4557 1972 4596 sa-

2091 3369 2316 3425 Photini
2352 3376 2527 3442 atque
2559 3371 2811 3427 Marcelli
2844 3374 3280 3434 damnationem
3314 3384 3565 3452 praebere
3597 3407 3735 3447 con-

2092 3460 2433 3526 sensum,de
2464 3461 2779 3516 Athanasio
2812 3480 2925 3517 non
2959 3466 3390 3534 praebereTum
3422 3480 3734 3537 veroAria-

2092 3548 2171 3617 ni,
2198 3549 2296 3603 ubi
2329 3549 2447 3604 doli
2480 3567 2685 3621 parum
2720 3560 3145 3622 processerant,
3201 3559 3256 3612 vi
3311 3578 3480 3634 agere
3540 3567 3736 3626 decer-

2091 3639 2549 3712 nunLgNamque
2580 3640 2882 3712 quodlibet
2910 3644 3122 3700 audere
3153 3651 3327 3719 atque
3364 3670 3535 3725 agere
3570 3660 3737 3719 facile

2090 3733 2231 3795 erat,
2273 3728 2427 3801 regis
2483 3730 2741 3786 amicitia
2790 3732 3079 3801 subnixis,
3136 3753 3311 3807 quem
3371 3743 3484 3798 sibi
3544 3752 3736 3819 pravis

2090 3816 2527 3873 adulationibus
2557 3819 2934 3876 devinxerant
2966 3840 2979 3877 :
3014 3823 3337 3895 quinetiam
3389 3848 3457 3887 ex
3488 3816 3737 3896 consen-

2089 3906 2251 3961 sione
2282 3905 2595 3962 multsrum
2630 3908 3109 3982 inexpugnabiles
3140 3922 3324 3973 erant.
3358 3921 3502 3979 Nam
3531 3943 3735 3988 omnes

2091 3995 2205 4050 fere
2262 3995 2513 4051 duarum
2580 3999 3009 4055 Pannoniarum
3095 4004 3375 4079 episcopi,
3445 4014 3735 4089 multique

2087 4084 2470 4140 Orientalium
2506 4103 2571 4141 ac
2605 4091 2722 4142 tota
2746 4090 2883 4144 Asia
2916 4090 2972 4144 in
3007 4094 3252 4162 perfidia
3281 4114 3482 4156 eorum
3529 4084 3734 4178 eonju-

2088 4178 2377 4228 raverant.
2410 4175 2520 4231 Sed
2552 4176 2846 4249 principes
2894 4179 3032 4235 mali
3080 4182 3253 4239 istius
3297 4175 3663 4251 habebantur
3700 4216 3735 4255 a

2086 4262 2410 4334 Singiduno
2444 4263 2738 4334 Ursacius,
2774 4267 2986 4323 Valens
3018 4287 3049 4324 a
3080 4271 3296 4340 Mursa,
3359 4280 3431 4333 ab
3475 4282 3735 4343 lleraelia

2086 4353 2449 4419 Theodorus,
2508 4355 2838 4427 Stephanus
2919 4359 3334 4433 Antiochenus,
3392 4370 3638 4428 Aeacius
3698 4392 3732 4431 a

2084 4444 2360 4503 Caesarea,
2398 4443 2791 4515 Menophanes
2820 4446 2892 4499 ab
2923 4446 3169 4519 Epheso,
3200 4451 3482 4526 Georgius
3514 4476 3548 4514 a
3583 4461 3730 4518 Lao-

2085 4533 2271 4603 dicea,
2304 4531 2617 4588 Narcissus
2648 4551 2681 4588 a
2707 4534 2996 4606 Neropoli.
3030 4536 3096 4590 Hi
3130 4538 3211 4595 ita
3239 4542 3520 4613 palatium
3557 4566 3727 4607 occu-

322 4623 437 4678 cris
467 4623 785 4696 Scripturis
815 4625 1078 4698 coarguit
1105 4625 1446 4681 haereticum
1468 4642 1617 4682 esse.
1639 4628 1742 4682 Hic
1765 4628 1973 4685 deinde
2006 4644 2049 4707 Ι)
2083 4626 2379 4693 paverant.
2414 4627 2478 4677 ut
2507 4622 2651 4677 nihil
2687 4625 2811 4681 Sine
2841 4642 3045 4683 eorum
3079 4636 3224 4685 nutu
3258 4642 3453 4705 ageret
3482 4637 3731 4711 impera-

320 4712 379 4766 in
396 4711 669 4768 exsilium
689 4712 1265 4785 deportatus,multis
1284 4718 1410 4787 post
1434 4715 1676 4771 annisin
1710 4716 1974 4789 impieta-

320 4804 378 4857 te
406 4802 897 4874 perseveravit.Et
916 4803 1057 4874 quia
1077 4805 1252 4860 rebus
1284 4804 1409 4860 suis
1433 4806 1718 4878 augendis
1736 4811 1972 4864 strenue

322 4891 522 4945 Ariani
553 4891 1329 4964 invigilabant,Germinium
1363 4894 1677 4965 quemdam
1711 4914 1827 4951 sua:
1853 4896 1970 4953 fac-

322 4979 501 5035 tionis
532 4979 833 5036 hominem
868 4986 1150 5037 curarunt
1178 4983 1236 5037 in
1255 4982 1692 5039 Photinilocum
1712 4986 1968 5057 cooptari

385 5072 440 5123 2.
474 5070 721 5124 Mursz'na
749 5070 901 5125 clade
930 5073 1124 5128 accisa:
1153 5088 1237 5127 res
1291 5073 1608 5143 Magnentiz'.
1654 5105 1718 5114 —-
1751 5075 1966 5130 Eodem

314 5173 490 5228 anno,
523 5158 842 5214 commisso
874 5160 944 5214 ad
978 5160 1236 5216 Mursam
1291 5161 1508 5232 pretio,
1570 5162 1669 5217 diu
1728 5164 1969 5235 ancipiti

320 5264 482 5302 mare
513 5253 840 5320 pugnatum
873 5252 981 5304 est.
1014 5249 1216 5305 Victus
1247 5250 1486 5305 demum
1517 5252 1886 5323 Magnentius
1908 5252 1967 5308 in

316 5336 544 5393 Italiam
583 5355 643 5393 se
667 5339 977 5409 recepit,ut
1006 5356 1109 5411 pro
1141 5338 1417 5395 facultate
1446 5340 1643 5411 copias
1672 5340 1966 5398 instaura-

314 5429 419 5482 ret.
451 5427 679 5482 Accidit
709 5432 928 5496 autem,
963 5434 1027 5483 ut
1057 5433 1319 5501 tempore
1350 5446 1581 5501 pugnae,
1633 5430 1764 5486 dolo
1796 5449 1862 5487 ac
1888 5433 1966 5488 si-

312 5513 635 5572 mulatione
664 5516 924 5573 Valentis
964 5517 1094 5588 ejus
1124 5517 1372 5572 civitatis
1404 5518 1967 5592 episcopi,Constan-

384 5729 467 5809 (αὖ
491 5730 714 5789 Socrat.
749 5730 848 5789 lib.
883 5747 945 5805 II,
979 5749 1103 5807 cap.
1140 5730 1211 5789 20
1242 5748 1255 5803 ;
1291 5732 1521 5793 Sozam.
1554 5733 1658 5792 lib.
1690 5734 1960 5811 Ix,cap.8,

2082 4716 2172 4767 tor
2200 4728 2211 4766 :
2245 4712 2533 4767 obnoxius
2566 4713 2803 4783 quidem
2835 4717 3131 4787 omnibus,
3166 4721 3266 4775 sed
3302 4724 3586 4798 praecipue
3615 4733 3727 4785 Va-

2081 4799 2221 4855 lenti
2255 4801 2507 4856 deditus.
2544 4802 2690 4858 Nam
2723 4820 2788 4859 eo
2820 4809 3102 4878 tempore,
3134 4826 3248 4880 quo
3280 4813 3435 4885 apud
3466 4815 3727 4875 Mursam

2081 4893 2282 4944 contra
2326 4890 2723 4962 Magnentium
2769 4893 2948 4949 armis
3009 4901 3320 4967 certatum,
3354 4902 3729 4965 Constantius

2080 4979 2431 5035 descendere
2464 4980 2522 5034 in
2583 4987 2960 5053 conspectum
3022 5002 3229 5059 pugnae
3284 5007 3399 5045 non
3433 5009 3632 5065 ausus,
3666 4994 3726 5050 in

2081 5068 2326 5123 basilica
2374 5069 2693 5142 Martyrum
2753 5077 2914 5128 extra
2945 5076 3223 5146 oppidum
3286 5079 3416 5147 sita,
3487 5082 3727 5141 Valente

2077 5161 2204 5213 tum
2236 5160 2361 5227 ejus
2392 5158 2503 5213 loci
2538 5160 2808 5233 episcopo
2840 5163 2897 5217 in
2918 5164 3191 5221 solatium
3225 5176 3550 5242 assumpto,
3575 5173 3728 5230 dive-

2078 5252 2241 5303 satus
2268 5252 2375 5303 est.
2409 5252 2687 5304 Caeterum
2721 5250 2934 5307 Valens
2964 5253 3172 5310 callide
3204 5274 3305 5328 per
3360 5276 3500 5317 suos
3531 5262 3725 5334 dispo-

2079 5343 2297 5397 suerat,
2326 5342 2390 5393 ut
2418 5339 2552 5410 quis
2584 5339 2769 5411 praelii
2802 5341 3012 5398 luisset
3055 5352 3314 5414 eventus,
3372 5349 3599 5421 primus
3630 5369 3726 5408 co-

2075 5433 2379 5496 gnosceret
2411 5444 2423 5481 :
2458 5427 2545 5483 vel
2577 5429 2825 5500 gratiam
2860 5431 3014 5503 regis
3044 5439 3309 5505 captans,
3343 5438 3391 5492 si
3424 5439 3582 5510 prior
3618 5441 3724 5497 bo-

2076 5531 2219 5571 num
2254 5516 2531 5572 nuntium
2581 5517 2889 5574 detulisset
2921 5520 3041 5587 ;vel
3072 5521 3199 5579 vitae
3219 5525 3552 5596 consulens,
3588 5536 3725 5589 ante

2144 5732 2218 5809 (ὁ)
2244 5731 2459 5791 Athan.
2491 5733 2531 5792 1.
2561 5733 2636 5792 De
2661 5733 2884 5810 synodis
2900 5754 2925 5803 ;
2950 5733 3132 5799 Hilar.
3162 5738 3241 5801 De
3265 5742 3515 5814 synodis.
