4166 6400
445 362 590 416 CXIV

1841 347 2455 411 PBDLEGOMENA.

429 487 718 556 capturus
749 484 1012 558 fugiendi
1047 484 1323 558 spatium,
1357 485 1405 541 si
1439 484 1580 558 quid
1611 488 1813 539 contra
1842 481 2088 538 accidis-
2120 483 2174 550 Α
2205 482 2361 538 sium
2389 480 2868 549 Alexandrinum,
2902 482 2959 534 et
2988 478 3267 552 gentilem
3310 478 3439 550 ejus
3496 476 3857 542 Romanum,

437 577 549 628 set.
586 573 786 645 Itaque
818 575 1021 647 paucis
1053 575 1152 647 qui
1187 576 1337 630 circa
1370 591 1564 647 regem
1597 580 1762 629 erant
1792 576 1952 627 metu
1985 576 2097 627 tre-

438 661 618 734 pidis,
650 662 1001 734 imperatore
1031 664 1222 728 anxio,
1248 663 1475 734 primus
1509 663 1747 717 nuntiat
1777 660 1976 716 hostes
2007 659 2097 715 fu-

435 765 590 822 gere.
622 755 765 806 Gum
796 750 893 805 ille
923 750 1173 806 indicem
1200 752 1395 823 ipsum
1446 750 1757 807 intromitti
1812 754 2095 821 posceret,

434 838 653 895 Valens
695 843 764 894 ut
792 840 1169 895 reverentiam
1202 840 1294 894 sui
1350 840 1610 903 adderet,
1646 838 1920 910 angelum
1984 836 2096 891 sibi

437 928 621 984 fuisse
650 927 923 983 nuntium
943 927 1484 1001 respondiLFacilis
1514 930 1584 984 ad
1607 929 1962 984 credendum
1986 927 2094 981 im-

439 1021 690 1088 perator,
724 1016 917 1089 palam
954 1023 1155 1089 postea
1186 1019 1378 1074 dicere
1407 1022 1500 1074 est
1528 1017 1762 1085 solitus,
1794 1034 1858 1071 se
1881 1015 2095 1070 Valen-

432 1104 511 1160 tis
542 1105 767 1161 meritis
800 1122 914 1161 non
964 1106 1180 1162 virtute
1238 1108 1547 1175 exercitus,
1609 1107 1837 1161 vicisse.
1868 1105 1954 1160 Ab
1989 1104 2095 1159 hoc

433 1193 600 1249 initio
631 1192 807 1249 iliecti
840 1194 1127 1269 principis
1158 1195 1416 1251 extulere
1473 1196 1705 1250 animos
1736 1192 1959 1259 Ariani,
1992 1209 2094 1263 po-

433 1286 641 1339 testate
674 1283 828 1356 regis
862 1284 1049 1350 usuri,
1083 1285 1183 1339 ubi
1225 1284 1571 1341 auctoritate
1601 1300 1710 1339 sua
1757 1299 1966 1355 parum
1997 1298 2093 1336 va-

435 1370 704 1428 luissent.
741 1393 770 1422 »
800 1376 933 1428 Haec
963 1372 1255 1446 Sulpitins
1287 1374 1534 1429 Severus
1565 1371 1658 1427 cui
1717 1371 1775 1425 in
1835 1388 1901 1426 eo
1934 1370 2092 1425 haud

430 1458 687 1516 libenter
715 1459 1110 1533 astipulamur
1139 1461 1295 1533 quod
1331 1461 1412 1515 ait
1443 1459 1783 1515 Marcellum
1843 1475 1910 1512 eo
1946 1464 2090 1512 tem-

433 1564 577 1621 pore
606 1549 863 1605 haeretici
892 1549 1020 1605 loco
1052 1549 1320 1605 habitum
1372 1549 1445 1605 ah
1496 1547 1841 1617 Athanasio,
1875 1546 2093 1617 quippe

434 1654 572 1694 cum
603 1637 661 1693 in
688 1639 930 1694 Historia
968 1640 1306 1694 Arianorum
1336 1639 1413 1710 (ιι)
1466 1655 1619 1694 anno
1676 1638 1782 1692 358
1840 1636 1912 1691 ad
1961 1651 2091 1690 mo-

434 1725 657 1782 nachos
688 1726 1053 1794 missa,inter
1081 1727 1361 1799 praesules
1392 1728 1491 1799 qui
1526 1731 1693 1782 rectae
1727 1725 1859 1780 ﬁdei
1883 1742 1949 1779 ac
1980 1724 2092 1795 pic-

432 1813 573 1869 tatis
600 1830 779 1870 causa
808 1817 880 1871 ab
915 1815 1149 1871 Arianis
1177 1815 1453 1888 exagitati
1478 1816 1783 1886 vexatique
1817 1813 2090 1881 fuissent,

433 1908 866 1959 annumeretur
896 1903 1228 1959 Marcellus.

502 1996 671 2048 ANNO
701 1993 827 2047 352.
862 2024 928 2033 —
957 1993 1013 2047 7.
1048 1994 1276 2048 Librum
1304 1992 1498 2048 scribit
1528 1991 1860 2047 A.'la-:a.sz'us
1903 1989 1968 2045 de
1994 1990 2090 2045 Ni-

430 2083 603 2139 mis
642 2081 890 2149 decretis,
922 2089 973 2137 et
1003 2081 1067 2137 de
1093 2084 1371 2137 sententia
1400 2082 1673 2154 Dionysii.
1706 2112 1774 2121 —
1804 2080 1922 2135 Etsi
1959 2094 2089 2134 vero

431 2169 630 2226 omnia
658 2172 724 2225 ad
754 2169 1071 2241 perniciem
1108 2169 1437 2226 Athanasio
1469 2168 1832 2225 inferendam
1866 2173 2088 2241 parata,

431 2258 833 2331 Arianumque
884 2257 1106 2314 bellum
1165 2264 1251 2313 tot
1302 2256 1620 2331 priesulum
1679 2256 2088 2311 haereticorum

437 2362 614 2420 opera
643 2363 778 2403 mox
805 2347 1289 2419 ;redintegratum
1350 2348 1421 2402 iri
1471 2345 1720 2402 formido
1778 2351 1921 2414 erat,
1953 2361 2092 2417 pace

440 2438 637 2493 tamen
696 2436 1061 2494 Alexandriae
1106 2438 1451 2492 versabatur
1504 2433 1890 2500 Athanasius,
1949 2450 2093 2488 verae

443 2525 578 2581 ﬁdei
597 2526 826 2581 tuendae
847 2526 1247 2598 augendzeque
1266 2524 1591 2597 plurimum
1612 2523 2092 2595 intentus.Popu-

446 2612 541 2670 lus
591 2620 788 2670 autem
849 2614 1294 2681 Alexandrinus,
1344 2614 1531 2669 sancti
1579 2612 1686 2669 viri
1744 2612 1987 2667 munitis
2039 2615 2098 2666 et

443 2701 727 2774 exemplis
754 2702 1085 2769 institutus,
1120 2701 1361 2758 ﬂorebat
1390 2701 1621 2773 pietate,
1656 2717 1789 2755 vera
1822 2702 1933 2755 ﬁde
1964 2716 2094 2755 mo-

444 2807 697 2863 rumque
726 2790 1015 2863 probitate
1044 2796 1304 2846 ornatus.
1340 2792 1475 2855 Quae
1506 2806 1598 2844 res
1648 2788 1879 2844 Eusebii
1920 2789 2093 2843 soda-

444 2879 593 2936 lium
625 2880 903 2936 invidiam
934 2879 1361 2935 inﬂammabat.
1395 2879 1709 2945 Quaeritare
1746 2878 1828 2932 illi
1863 2894 2096 2950 semper

444 2969 708 3042 spatium
738 2968 1224 3040 occasionemque
1250 2969 1582 3033 turbarum,
1614 2984 1763 3023 nova
1793 2966 2094 3022 machina-

445 3062 643 3114 menta
671 3058 1289 3129 comminisci,quibus
1308 3062 1537 3112 tantum
1560 3057 1799 3129 pietatis
1829 3056 2093 3111 studium

438 3147 922 3204 interturbarent.
952 3146 1190 3218 Aliquot
1248 3150 1443 3201 tamen
1476 3145 1648 3201 annis
1681 3144 1992 3201 Athanasio
2026 3144 2095 3199 li-

2209 571 2658 645 Origenemque.
2691 570 2974 624 Memorat
3004 574 3201 624 autem
3237 566 3515 622 fusiorem
3548 563 3858 638 epistolam

2209 676 2385 731 quam
2418 660 2604 715 eidem
2642 657 2913 713 familiari
2950 657 3613 728 rescripserat,jamque
3644 653 3867 724 injuria

2209 753 2539 821 temporum
2573 748 2876 802 amissam.
2922 747 3135 801 Vocem
3190 745 3363 801 etiam
3424 743 3742 818 ἀγέννητον,
3802 741 3863 797 in

2208 840 2377 909 cujus
2411 855 2521 891 usu
2555 836 2841 892 ludebant
2895 835 3114 902 Ariani,
3150 834 3343 906 quoad
3403 833 3593 888 varias
3641 831 3861 905 quibus

2209 926 2389 997 accipi
2425 926 2566 981 solet
2600 924 3061 997 signiﬁcationes
3091 923 3318 978 erudite
3355 920 3649 994 explanat.
3683 921 3859 976 Occa-

2208 1014 2462 1081 sione,ut
2496 1015 2733 1086 quidem
2767 1011 3347 1083 aastimamus,hujus
3379 1009 3860 1083 epistolaz,Ariani

2205 1119 2338 1158 cum
2373 1105 2577 1159 eodem
2611 1101 2914 1157 Athanasii
2950 1100 3137 1156 amico
3162 1100 3480 1173 congressi,
3512 1099 3855 1171 Dionysium

2201 1191 2661 1248 Alexandrinum
2721 1192 2831 1246 sibi
2892 1207 3128 1262 sumque
3184 1190 3483 1245 sententia:
3550 1188 3856 1261 astipulari

2203 1283 2631 1338 contendebant
2659 1282 2752 1353 (ε).
2787 1280 2856 1333 Et
2886 1297 3026 1336 sane
3059 1278 3311 1334 Basilius
3342 1296 3455 1333 non
3488 1278 3734 1333 obscure
3767 1279 3858 1333 in-

2202 1369 2350 1441 nuit,
2383 1370 2582 1426 minus
2605 1372 2783 1442 probe
2820 1370 2884 1423 ie
2916 1373 3042 1425 ortu
3107 1368 3229 1423 Filii
3293 1368 3384 1424 hei
3420 1367 3594 1423 verba
3651 1366 3858 1423 fecisse

2203 1459 2571 1532 Dionysium.
2596 1459 2809 1514 Verum
2841 1457 3219 1527 Athanasius,
3241 1459 3377 1512 data
3409 1457 3618 1511 iterum
3647 1458 3858 1528 episto-

2201 1546 2488 1616 la,sanam
2516 1548 2700 1602 sancti
2726 1547 2830 1602 viri
2857 1547 3036 1602 fuisse
3068 1547 3243 1625 ﬁdem
3265 1546 3608 1619 comprobat
3636 1562 3705 1601 ex
3725 1544 3858 1601 aliis

2199 1637 2466 1707 ejusdem
2492 1636 2729 1708 scriptis
2760 1645 2809 1691 et
2844 1636 3140 1708 operibus.
3177 1637 3317 1702 Quae
3345 1652 3461 1704 res,
3494 1635 3634 1708 quia
3671 1634 3856 1707 pluri-

2204 1726 2313 1781 bus
2339 1726 2459 1795 jam
2493 1742 2527 1780 a
2558 1725 2727 1780 nobis
2759 1730 3109 1797 pertractata
3140 1731 3250 1792 est,
3279 1742 3349 1780 ne
3400 1722 3657 1780 historias
3711 1723 3860 1780 ﬁnes

2201 1814 2597 1887 praetergressi
2627 1820 2787 1869 extra
2838 1820 3053 1868 metam
3095 1829 3499 1878 excurremus,
3536 1829 3649 1867 non
3707 1812 3855 1869 ulte-

2206 1903 2330 1959 rius
2359 1902 2456 1957 hic
2490 1903 2885 1975 indagabitur.

2272 1994 2325 2046 2.
2358 1992 2500 2048 Julii
2525 2008 2690 2059 mors,
2723 2001 2773 2047 el
2806 1992 3016 2047 Liberii
3052 1990 3341 2047 exordium
3379 1991 3753 2063 pontiﬁcatus.
3789 2022 3854 2034 -

2200 2081 2318 2137 Hoc
2349 2098 2521 2146 anno,
2556 2080 2904 2138 duodecima
2935 2080 3157 2136 mensis
3186 2080 3424 2152 Aprilis,
3453 2080 3669 2145 Julius,
3702 2081 3856 2136 invi-

2205 2177 2330 2226 ctus
2363 2170 2459 2227 ille
2486 2170 2789 2225 Athanasii
2824 2175 3126 2241 patronus,
3163 2170 3319 2225 diem
3353 2169 3497 2225 obiit
3525 2176 3853 2226 extremum

2200 2276 2335 2315 cum
2366 2260 2562 2315 sedem
2597 2258 2979 2332 apostolicam
3015 2259 3261 2316 rexisset
3294 2275 3480 2315 annos
3515 2258 3852 2331 quindecim

2203 2365 2436 2404 menses
2459 2349 2627 2413 duos,
2661 2353 2895 2420 tresque
2925 2348 3071 2403 dies.
3108 2348 3170 2403 ln
3220 2349 3350 2417 ejus
3381 2365 3513 2403 vero
3537 2347 3728 2404 locum
3759 2349 3855 2405 die

2202 2438 2477 2494 vicesima
2503 2438 2761 2493 secunda
2789 2436 2918 2491 Maii
2952 2435 3227 2509 deligitur
3254 2436 3518 2491 Liberius
3551 2435 3850 2494 Romanus

2203 2528 2280 2596 Is,
2313 2528 2361 2583 si
2394 2527 2533 2598 quid
2568 2526 2701 2582 fidei
2729 2525 2817 2582 vel
2848 2525 3212 2582 auctoritatis
3240 2524 3459 2581 inesset
3487 2525 3745 2598 epistola:
3772 2527 3851 2600 (ά)

2206 2634 2333 2689 quae
2363 2615 2524 2671 illius
2558 2616 2791 2671 nomine
2821 2615 2970 2669 inter
3002 2613 3203 2670 Hilarii
3235 2613 3584 2687 Fragmenta
3612 2616 3858 2672 circum-

2207 2706 2411 2774 fertur,
2444 2722 2578 2760 mox
2618 2705 2691 2760 ab
2723 2706 2864 2760 inito
2924 2704 3261 2777 pontiﬁcatu
3323 2703 3643 2759 Athanasio
3704 2705 3854 2761 inle-

2207 2804 2354 2864 stus,
2379 2795 2565 2850 virum
2599 2812 2633 2849 a
2663 2794 2936 2849 societate
2966 2794 3453 2849 etcommunione
3476 2810 3583 2849 sua
3614 2794 3853 2867 repulit.

2204 2885 2511 2940 Enimvero
2564 2901 2697 2938 cum
2731 2882 2979 2950 litteras,
3014 2888 3079 2937 ut
3109 2883 3294 2937 fertur
3324 2882 3857 2947 ibidem,adversus

2205 2973 2591 3029 Athanasium
2625 2973 2698 3028 ob
2722 2970 3287 3027 UrientalibusJulio
3303 2970 3860 3044 missas,ipsointer-

2204 3080 2272 3119 ea
2338 3063 2668 3127 demortuo,
2738 3061 3002 3116 Liberius
3065 3061 3410 3132 excepisset,
3488 3061 3857 3134 presbyteros

2209 3153 2478 3216 Lucium,
2513 3152 2759 3206 Paulum
2790 3156 2847 3205 et
2881 3150 3185 3205 llclianum
3219 3166 3351 3204 cum
3377 3148 3588 3205 litteris
3616 3151 3860 3207 Alexan-

437 3237 561 3293 cuit
587 3237 648 3292 in
679 3253 789 3292 sua
816 3235 1062 3293 ecclesia
1088 3234 1411 3301 considere,
1444 3234 1628 3290 donec
1676 3233 1900 3289 scilicet
1928 3234 2089 3289 Aria-
2124 3228 2166 3295 C
2206 3242 2391 3297 driam
2424 3240 2660 3314 legavit,
2700 3240 3010 3295 Hbanasio
3042 3241 3261 3310 jubens
3318 3242 3383 3293 ut
3426 3244 3681 3295 mutaret
3740 3241 3855 3297 Ro-

434 3342 645 3382 norum
681 3326 861 3397 furor,
887 3342 995 3397 Ope
1025 3323 1454 3396 principis,quo
1485 3328 1820 3396 erumperet
1852 3323 2092 3379 haberet

432 3415 650 3471 locum.
683 3414 799 3470 Nec
830 3414 1073 3470 deerant
1101 3413 1327 3468 interea
1376 3413 1640 3483 quaedam
1674 3428 1775 3467 ceu
1836 3411 2087 3467 veliﬁca-

435 3501 726 3571 tiones,in
756 3503 999 3575 diesque
1031 3501 1457 3559 controversias
1490 3502 1697 3574 agitari
1729 3500 1921 3557 videre
1943 3506 2087 3569 erat,

432 3596 500 3647 ut
527 3591 675 3649 solet
703 3591 823 3648 ﬁeri
867 3608 1002 3646 cum
1051 3590 1345 3647 contraria
1392 3590 1594 3645 studia
1646 3590 2087 3645 multitudinem

434 3680 496 3736 in
527 3682 718 3737 varias
748 3680 1090 3736 distrahunt
1121 3684 1337 3752 partes,
1369 3681 1507 3734 Erat
1562 3686 1686 3734 tum
1747 3680 1988 3751 quidam
2021 3695 2090 3733 ex

433 3769 743 3826 Athanasii
773 3768 1185 3839 familiaribus,
1219 3768 1319 3840 qui
1351 3769 1421 3824 de
1477 3768 1589 3823 ﬁde
1645 3772 1920 3839 frequens
1953 3783 2088 3823 cum

434 3858 666 3915 Arianis
689 3858 1073 3930 disceptabat,
1112 3855 1443 3927 litterisque
1500 3856 1775 3912 monebat
1828 3855 2088 3912 Athana-

435 3946 592 4003 sium
625 3946 766 4019 quid
798 3945 1074 4018 utrinque
1105 3946 1329 4001 dictum
1361 3943 1722 4016 allatumque
1766 3950 1940 4013 esset,
1974 3961 2091 4016 qua

438 4035 690 4109 quisque
719 4035 944 4090 ratione
975 4034 1326 4090 sententiam
1361 4050 1622 4089 asserere
1653 4051 1823 4089 suam
1858 4039 2089 4107 satage-

438 4130 528 4180 ret
556 4124 656 4196 (b),
689 4124 752 4178 In
783 4123 1038 4195 quadam
1073 4139 1205 4177 vero
1236 4122 1653 4194 disputatione,
1694 4122 1787 4178 cui
1819 4122 2089 4178 nonnulli

438 4214 765 4269 intererant
796 4211 1028 4268 Eusebii
1080 4211 1421 4279 familiares,
1480 4227 1614 4268 cum
1664 4211 1831 4267 fracti
1891 4211 2091 4267 Ariani

438 4302 729 4375 planeque
757 4303 830 4357 ab
862 4302 1209 4374 hujusmodi
1232 4302 1354 4357 viro
1388 4303 1669 4357 cont'utati
1707 4344 1720 4370 ,
1752 4318 1819 4358 eo
1852 4303 2089 4357 tandem

438 4380 921 4463 argumentorum
952 4391 1150 4464 inepia
1171 4391 1309 4447 conf
1310 4396 1641 4464 ugerent,ut
1660 4390 1951 4447 Nicaenam
1983 4391 2093 4464 s'y-

436 4481 680 4549 nodum,
708 4480 847 4552 quia
874 4480 1116 4536 vocibus
1143 4497 1211 4536 ex
1239 4480 1543 4553 Scriptura
1574 4497 1742 4535 sacra
1776 4498 1891 4536 non
1946 4497 2091 4536 mu-

435 4570 618 4666 tilatis
648 4586 756 4625 usa
784 4569 1398 4643 fuisset,repudiarent
1431 4588 1444 4625 :
1478 4586 1602 4625 rem
1640 4569 1735 4625 ille
1764 4569 2088 4626 Athanasio
2126 4602 2169 4666 D

438 4659 750 4733 signiﬁcat.
778 4660 1141 4731 Quapropter
1166 4660 1524 4715 Athanasius
1557 4658 1713 4715 hunc
1742 4659 1995 4725 circiter,
2028 4663 2093 4714 ut

439 4756 966 4822 putamus,annum
998 4749 1306 4820 epistolam
1341 4748 1504 4804 dedit
1527 4748 1597 4803 de
1628 4748 1875 4804 Nicaenis
1896 4749 2091 4804 decre-

440 4839 517 4893 tis
547 4837 889 4909 inscriptam
923 4854 936 4904 ;
972 4836 1072 4892 ubi
1102 4854 1231 4909 quin
1255 4848 1418 4910 gesta
1448 4837 1567 4893 sint
1598 4838 1657 4891 in
1680 4852 1848 4893 sacra
1873 4837 1975 4893 illa
1999 4854 2090 4910 sy-

439 4926 617 4993 nodo,
649 4926 741 4981 cui
773 4925 899 4998 ipse
931 4943 1188 4998 prmsens
1218 4927 1868 4997 interfuerat,recenset.
1897 4942 2096 4998 quaeve

440 5033 618 5073 causa
647 5016 824 5071 fuerit
851 5015 1008 5071 vocis
1040 5013 1332 5086 ὁμοούσιον
1367 5016 1748 5089 usurpandis.
1776 5032 1892 5087 quo
1924 5022 2095 5089 pacto

440 5105 734 5161 Eusebius
764 5105 890 5177 ipse
920 5104 1191 5179 Panphili
1224 5122 1421 5162 vocem
1453 5105 1617 5162 illam
1650 5105 1942 5160 censuerit.
1994 5105 2094 5161 ad-

445 5195 793 5251 mittendam
825 5194 883 5249 in
914 5211 1026 5251 sua
1054 5194 1124 5250 ad
1155 5194 1539 5252 Caesarienses
1590 5194 1858 5267 epistola,
1906 5210 2097 5267 neque

444 5283 648 5339 deesse
676 5299 745 5339 ex
774 5283 1036 5356 antiquis
1066 5284 1339 5340 Patribus
1389 5285 1490 5357 qui
1521 5301 1589 5340 ea
1638 5284 1769 5357 ipsa
1798 5287 1900 5339 aut
1928 5283 2095 5339 simi-

445 5370 602 5428 libus
632 5371 759 5471 εἰπὲ
778 5371 1018 5429 vocibus
1050 5373 1162 5429 usi.
1201 5374 1638 5447 'l‘heognostum
1688 5371 1848 5445 dicit,
1882 5372 2095 5446 Diony-

541 5528 1035 5617 φὶξεψίηίιίιξαξ-
1080 5606 1111 5617 -
1370 5607 1379 5616 .
1451 5605 1465 5617 .
1595 5607 1631 5617 ..

545 5601 597 5676 ὁ)
621 5602 836 5676 Athan.
868 5603 1038 5676 epist.
1068 5606 1146 5662 De
1163 5607 1405 5662 Niciam}
1430 5605 1793 5674 decretis,sub
1824 5606 2082 5666 initium.

545 5607 574 5657 b
621 5607 836 5659 Athan.
868 5607 1038 5676 epist.
1068 5607 1146 5662 De
1163 5607 1405 5662 Nicaenis
1430 5607 1741 5674 decretis,su

542 5607 597 5754 cl
621 5673 837 5736 Athan'
870 5676 1042 5755 epist.
1066 5677 1145 5739 De
1162 5677 1444 5740 amentia
1469 5677 1741 5756 dionysii.

519 5528 542 5757 ἓ

2202 3348 2378 3397 mam,
2413 3347 2480 3386 ex
2510 3329 2917 3385 ecclesiasticae
2940 3328 3149 3401 regula:
3172 3328 3508 3401 praescripto
3526 3328 3854 3386 oblatorum

2199 3420 2517 3476 criminum
2549 3419 2886 3474 redditurus
2921 3419 3232 3483 rationem;
3265 3416 3313 3473 si
3348 3434 3462 3473 non
3496 3425 3855 3490 praperaret,

2198 3509 2465 3565 Ecclesia:
2532 3509 2805 3565 Romanis
2845 3507 3262 3563 communione
3328 3507 3703 3562 interdictum
3761 3507 3853 3564 iri.

2200 3598 2467 3654 Reversis
2516 3601 2712 3653 autem
2768 3595 2997 3669 legatis,
3060 3597 3537 3651 renuntiantibus
3592 3596 3856 3654 Athana-

2199 3687 2354 3743 sium
2386 3687 2709 3743 detrectare
2742 3685 2850 3740 iter
2881 3685 3233 3751 Romanum,
3266 3684 3529 3740 Liberius
3561 3685 3747 3741 missa
3777 3688 3851 3743 ad

2199 3776 2521 3833 Orientales
2551 3774 2799 3848 epistola
2829 3774 3125 3843 indicavit,
3158 3790 3292 3830 cum
3345 3772 3461 3829 illis
3512 3773 3643 3843 sibi,
3679 3775 3857 3831 mini-

2200 3882 2409 3938 meque
2441 3882 2574 3920 cum
2623 3862 2945 3919 Athanasio
3003 3879 3203 3935 pacem
3263 3868 3319 3919 et
3373 3863 3853 3922 communionem

2198 3971 2349 4011 esse.
2383 3955 2626 4018 Verum,
2658 3958 2721 4009 ut
2750 3952 2929 4025 probe
2986 3957 3513 4008 commonstratum
3573 3969 3606 4007 a
3638 3953 3856 4010 nostris

2200 4045 2313 4100 fuit
2361 4044 2418 4099 in
2477 4048 2773 4115 postrema
2828 4040 3030 4097 Hilarii
3096 4041 3369 4109 editione,
3428 4041 3550 4097 haec
3609 4042 3858 4115 epistola

2200 4138 2398 4207 aperte
2426 4130 2608 4202 νοθείᾳ
2639 4131 2885 4188 laborat.
2921 4130 3279 4186 Athanasius
3309 4129 3597 4203 enim,qui
3631 4130 3855 4189 illatam

2200 4223 2295 4279 sui
2334 4221 2656 4278 damnandi
2704 4237 2880 4276 causa
2925 4219 3151 4275 Liberio
3202 4220 3318 4274 vim
3376 4220 3554 4275 variis
3610 4220 3670 4275 in
3714 4220 3857 4277 locis

2200 4308 2791 4379 commemorat,nihil
2827 4308 3058 4381 uspiam
3090 4307 3303 4364 horum
3332 4307 3547 4377 innuit;
3581 4310 3858 4383 quodque

2199 4400 2524 4475 plurimum
2573 4403 2799 4471 urgeat,
2836 4399 2961 4470 ipse
3004 4397 3289 4468 Liberius,
3340 4414 3475 4453 cum
3523 4398 3696 4470 patrii
3745 4398 3855 4455 soli

2200 4490 2497 4563 repetendi
2529 4487 2817 4545 desiderio
2850 4487 3126 4559 ﬂagrans,
3160 4486 3555 4543 Orientalibus
3582 4488 3862 4545 rescribe-

2200 4585 2289 4636 ret
2319 4577 2411 4650 (e),
2444 4578 2525 4633 ait
2557 4593 2618 4633 se
2647 4577 2837 4632 virum
2870 4576 2999 4631 ideo
3037 4575 3352 4632 admisisse
3382 4576 3450 4631 ad
3486 4577 3855 4634 communio-

2203 4666 2510 4739 nem,quia
2540 4666 2901 4738 suscepisset
2930 4681 3065 4721 eum
3097 4666 3371 4721 decessor
3400 4665 3528 4736 ejus
3557 4665 3857 4733 Julius,ne

2201 4759 2259 4813 in
2293 4756 2681 4830 quorumdam
2718 4754 3097 4810 offensionem
3131 4754 3422 4827 despectis
3449 4755 3710 4811 defuncti
3734 4754 3858 4828 pla-

2203 4847 2356 4913 citis,
2386 4845 2749 4900 incurreret:
2786 4849 2843 4897 at
2874 4844 2972 4898 ubi
3032 4843 3491 4915 deprehendisse
3522 4845 3659 4916 jure
3690 4846 3857 4901 dam-

2204 4940 2406 4992 natum
2433 4934 2768 4999 fuisse,tum
2793 4935 2918 5003 ejus
2942 4931 3295 4988 abdicationi
3317 4950 3445 4990 esse
3468 4931 3852 5006 astipulatum

2203 5026 2427 5090 Quibus
2451 5022 2643 5078 verbis
2660 5021 2854 5095 palam
2887 5022 3171 5091 innuit,se
3201 5026 3327 5078 tum
3361 5028 3553 5078 solum
3585 5023 3858 5081 condem-

2206 5131 2378 5171 nasse
2408 5111 2818 5174 Athanasium,
2852 5128 2984 5166 cum
3017 5109 3279 5167 Beroeam
3338 5111 3655 5184 relegatus,
3686 5112 3858 5169 taedio

2206 5201 2595 5261 diuturnioris
2625 5200 2813 5257 exsilii
2861 5200 3102 5266 fractus,
3162 5199 3319 5257 sedis
3362 5217 3482 5256 suae
3515 5200 3858 5273 recipiendae

2208 5309 2388 5349 causa
2414 5291 2789 5356 Arianorum,
2825 5305 2973 5360 quos
3001 5305 3181 5362 penes
3221 5294 3361 5346 tunc
3392 5306 3629 5345 summa
3660 5306 3858 5346 rerum

2206 5386 2349 5451 erat,
2375 5379 2624 5454 gratiam
2651 5377 3191 5450 efﬂagitaret.0uod
3218 5394 3287 5433 ex
3308 5377 3439 5435 aliis
3472 5377 3612 5435 item
3649 5377 3859 5434 Liberii

2300 5542 2358 5613 d)
2390 5538 2571 5613 Hilar.
2600 5537 2710 5613 col.
2742 5537 2904 5594 i327.

2300 5542 2358 5613 d)
2390 5542 2571 5595 Hilar.
2600 5542 2710 5595 col.
2742 5542 2904 5594 i327.

2277 5542 2351 5689 is)
2381 5609 2556 5671 Hilar.
2588 5611 2836 5687 angm.,
2868 5607 2979 5667 col.
3014 5609 3174 5669 1336.
