4166 6382
1708 374 1897 441 VITA
1941 380 2009 440 S.
2053 374 2506 440 ATHANASII.

3696 390 3814 455 CX?

401 510 555 583 apud
588 508 873 569 Hilarium
904 510 1048 568 locis
1079 513 1377 570 advertere
1400 516 1507 569 est.
1542 514 1915 585 Compertum
1944 511 2051 566 ita-
2080 515 2139 583 Α
2166 508 2291 565 lum
2323 508 3021 581 eruperunt.Athanasius
3052 526 3223 581 porro
3245 526 3378 565 cum
3399 511 3810 566 exacerbatum

403 616 518 671 que
546 600 1028 673 exploratumque
1075 601 1243 658 nobis
1294 608 1382 658 est
1432 602 1747 670 Liberium,
1782 602 1964 656 donec
1994 599 2053 654 in

401 688 675 743 exsilium
709 689 918 761 pulsus
952 692 1022 746 ab
1057 691 1372 746 Athanasio
1420 692 1711 757 deﬁceret,
1743 692 1869 761 ejus
1902 705 2055 744 sem-

401 793 505 848 per
536 777 715 833 fuisse
746 779 1011 851 partibus
1043 780 1368 835 addictum.

471 866 522 919 3.
557 868 721 922 Livor
763 868 1103 922 Arianorum
1128 871 1435 938 prmsutum
1486 870 1545 923 in
1576 868 1956 923 Athanasium.
1988 897 2057 906 -—-

406 954 524 1009 Hoc
550 955 781 1011 circiter
808 961 1042 1028 tempus
1070 956 1418 1012 Arianorum
1448 957 1760 1028 principes,
1784 954 2060 1011 Leontius

404 1043 827 1112 Antiochenus,
862 1044 1139 1117 Georgius
1188 1045 1568 1112 Laodicenus,
1599 1044 1843 1101 Aeacius
1874 1047 2058 1099 Caesa-

406 1131 640 1201 riensis,
673 1133 1011 1190 Theodorus
1042 1134 1431 1199 Heracleotes,
1455 1138 1511 1189 et
1541 1134 1850 1189 Narcissus
1882 1133 2059 1188 Nero-

410 1220 621 1290 niadis,
654 1222 754 1294 qui
786 1239 1012 1288 omnes,
1073 1223 1311 1278 Leontio
1362 1227 1620 1295 excepto,
1654 1222 1908 1278 abdicati
1937 1222 2059 1275 fue-

410 1314 540 1365 rant
568 1309 626 1365 in
660 1313 881 1384 synodo
913 1312 1244 1368 Sardicensi
1291 1312 1390 1384 (a),
1423 1312 1642 1367 invidia
1682 1313 1855 1384 juxta
1887 1314 2061 1382 atque

408 1404 567 1454 metu
598 1400 1061 1474 agitati,magnis
1095 1418 1331 1456 rursum
1366 1401 1686 1457 excitandis
1708 1399 2062 1455 tumultibus

408 1492 586 1560 atque
618 1490 809 1545 turbis
842 1489 1048 1545 intenti
1107 1489 1461 1562 sollicitique
1507 1494 1690 1546 erant.
1725 1491 1793 1545 Et
1824 1488 2060 1562 quidem

406 1575 629 1631 invidia
660 1577 744 1631 illi
777 1595 1012 1633 summa
1044 1579 1388 1650 ﬂagrabant,
1424 1579 1577 1648 quod
1608 1583 1831 1633 tantam
1866 1594 2063 1632 cerne-

410 1670 539 1719 rent
558 1665 967 1738 episcoporum
991 1683 1125 1722 cum
1147 1667 1467 1723 Athanasio
1490 1667 1860 1723 concordiam
1886 1683 1899 1723 :
1925 1682 2062 1721 nam

410 1753 541 1826 plus
574 1755 1015 1827 quadringentis
1072 1761 1258 1827 erant,
1316 1756 1416 1827 qui
1475 1773 1608 1811 cum
1641 1756 1739 1812 illo
1773 1773 1973 1827 pacem
2006 1758 2065 1810 et

409 1843 748 1899 societatem
782 1845 1056 1899 foverent.
1082 1849 1234 1900 Metu
1265 1845 1407 1900 item
1440 1845 1805 1913 laborabant,
1846 1862 1912 1900 ne
1934 1844 2061 1917 epi-

410 1931 568 2003 scopi
605 1949 787 2004 nuper
808 1933 1012 1987 fraude
1044 1950 1108 1988 ae
1141 1933 1370 1988 insidiis
1404 1934 1527 1989 suis
1559 1934 1958 2004 circumventi,
1992 1934 2065 1988 ad

408 2023 632 2074 tantam
666 2019 1103 2076 multitudinem
1129 2020 1408 2093 paulatim
1446 2022 1787 2092 defluerent,
1821 2039 1933 2077 neu
1966 2022 2067 2076 de-

412 2109 551 2165 serti
603 2108 710 2180 illi,
747 2109 1103 2182 baeresisque
1151 2127 1353 2165 eorum
1412 2111 1715 2177 infamata,
1768 2111 1829 2165 in
1864 2110 2067 2165 trium-

410 2198 706 2272 phum,ait
735 2200 1116 2267 Atnanasius,
1149 2216 1267 2255 una
1296 2200 1669 2255 ducerentur.
1704 2201 1904 2255 Tantm
1931 2216 2066 2272 ergo

412 2286 763 2343 calamitatis
788 2287 1143 2343 declinandaa
1206 2305 1404 2358 causa,
1450 2288 1707 2361 primum
1740 2289 1981 2344 Ursacio
2013 2292 2070 2343 et

409 2378 638 2434 Valenti
670 2381 935 2433 auctores
966 2383 1125 2448 sunt,
1160 2382 1225 2433 ut
1252 2382 1479 2434 mutata
1510 2378 1722 2434 iterum
1756 2378 2066 2448 sententia,

413 2469 484 2525 ad
518 2483 656 2523 suas
689 2467 880 2522 denuo
912 2472 1109 2539 partes
1140 2467 1437 2537 deﬁciant,
1472 2468 1646 2540 idque
1677 2466 2068 2523 excusationis

413 2558 755 2622 obtendant,
791 2573 854 2612 se
886 2556 1166 2612 nimirum
1220 2557 1557 2613 Constantis
1587 2558 1835 2629 Augusti
1868 2557 2067 2612 formi-

413 2646 548 2701 dine
573 2644 911 2716 compulsos
929 2644 1111 2700 fuisse
1132 2645 1202 2700 ad
1222 2645 1623 2717 pcenitentiam
1648 2645 2067 2700 simulandam.

416 2738 548 2801 Quae
579 2751 672 2789 res
702 2738 922 2803 tamen,
977 2733 1057 2789 ait
1110 2733 1421 2802 Athanius,
1482 2751 1725 2806 prorsus
1774 2751 2071 2789 commen-

415 2824 545 2879 titia
572 2829 713 2880 erat.
750 2823 918 2878 Nullo
974 2822 1267 2894 siquidem
1326 2822 1728 2895 compellente,
1780 2822 1939 2878 nullo
1971 2840 2070 2879 c0-

420 2912 777 2985 gente,nullo
809 2916 1161 2983 aceersente,
1196 2912 1309 2984 ipsi
1338 2911 1490 2967 ultro
1525 2913 1769 2967 Romam
1803 2913 2069 2985 profecti,

422 3002 479 3056 in
511 3009 661 3057 coetu
690 2999 979 3067 Ecclesiae,
1013 3000 1113 3056 ubi
1146 3000 1309 3056 nulla
1338 3006 1612 3056 extranea
1645 3002 1894 3058 formido
1927 3006 2070 3068 erat,

417 3091 553 3145 facti
568 3090 795 3145 veniam
813 3091 1026 3162 precati
1045 3091 1268 3145 sunt.ld
1286 3107 1577 3157 vero,mea
1594 3089 1832 3162 quidem
1847 3097 2074 3146 senten-

416 3180 609 3247 tia,sic
635 3178 1035 3251 intelligatur;
1071 3196 1185 3234 non
1213 3180 1367 3250 quod
1402 3178 1485 3233 illi
1519 3179 1680 3235 nullo
1702 3179 2072 3252 imperatoris

2164 598 2532 670 imperatoris
2565 598 2825 653 animum
2860 615 2985 653 esse
3015 605 3407 671 cognosceret,
3434 615 3810 671 persuasum-

2167 704 2280 759 que
2333 688 2573 742 haberet
2629 687 2872 742 insidias
2931 688 3044 743 sibi
3102 689 3159 743 in
3195 688 3410 759 palatio
3440 688 3711 744 adornari
3743 688 3816 760 (ο)

2165 777 2289 847 ipse
2323 776 2556 847 quidem
2593 778 2662 831 ad
2722 777 3089 849 imperatoris
3148 779 3492 833 comitatum
3525 778 3812 849 proﬁcisci

2168 882 2273 921 nec
2305 883 2617 931 ausus,nec
2648 883 2677 921 e
2711 882 2766 921 re
2828 867 2945 921 fore
2972 884 3079 921 sua
3112 871 3293 933 ratus,
3354 868 3610 923 delectos
3644 868 3815 939 quin-

2170 971 2281 1025 que
2308 955 2632 1026 episcopos,
2666 971 2733 1009 ex
2789 973 3038 1027 quorum
3097 963 3222 1011 erat
3261 974 3506 1012 numero
3538 957 3815 1029 Serapion

2168 1043 3019 1110 Thmuitanus,admirabilivir
3032 1045 3420 1101 sanctimonia
3450 1051 3508 1102 et
3538 1046 3820 1119 eloquen-

2167 1133 2497 1205 tia,parque
2527 1133 2627 1188 tali
2686 1134 2912 1205 negotio
2971 1136 3246 1205 gerendo,
3299 1137 3371 1192 ad
3404 1135 3816 1208 imperetorem

2170 1222 2229 1276 in
2262 1221 2593 1277 Occidentis
2624 1221 2890 1294 partibus
2947 1227 3073 1277 tum
3115 1224 3418 1295 degentem
3452 1225 3634 1296 misit,
3668 1224 3821 1281 datis

2172 1309 2480 1383 legationis
2511 1310 2825 1365 comitibus
2857 1311 3046 1366 tribus
3079 1312 3450 1384 presbyteris,
3485 1314 3585 1385 qui
3618 1331 3823 1370 omnes

2174 1417 2292 1455 una
2322 1416 2354 1454 a
2380 1416 2440 1455 se
2472 1416 2742 1455 aversum
2802 1400 3126 1455 Constantii
3162 1401 3425 1457 animum
3461 1404 3820 1476 mitigarent,

2173 1494 2230 1544 et
2258 1489 2726 1543 adversariorum
2780 1489 3221 1545 criminationes
3277 1491 3652 1563 depellerent,
3685 1509 3824 1548 cun-

2174 1582 2265 1632 cta
2303 1577 2555 1648 denique
2610 1583 2865 1650 agerent,
2927 1595 3053 1649 quae
3095 1596 3227 1634 cum
3262 1580 3373 1635 sibi
3404 1585 3528 1635 tum
3562 1580 3825 1637 Ecclesiae

2174 1667 2498 1722 conducere
2524 1666 2962 1722 existimarent:
2994 1668 3115 1739 qui,
3137 1674 3200 1723 ut
3231 1684 3300 1723 ex
3330 1670 3829 1741 subsequentibus

2174 1756 2353 1828 gestis
2384 1754 2517 1809 licet
2547 1756 2913 1827 augurari,re
2942 1757 3153 1812 infecta
3172 1759 3386 1813 reversi
3419 1765 3577 1815 sunt.

2245 1848 2411 1899 Amo
2442 1845 2567 1899 353.
2618 1876 2686 1884 ——
2722 1846 2770 1898 1.
2806 1848 3119 1918 Magnentii
3167 1864 3333 1903 mors.
3368 1880 3433 1889 -—
3464 1850 3831 1921 Magnentius

2177 1939 2395 1999 autem,
2431 1934 2531 2005 qui
2564 1940 2695 2005 post
2725 1934 3051 1990 Mursinam
3084 1935 3306 1992 cladem
3340 1954 3469 1993 sese
3500 1938 3830 2010 Aquileiam

2176 2027 2492 2093 receperat,
2525 2021 2713 2079 victus
2747 2024 2803 2078 in
2837 2024 3000 2079 Italia
3031 2042 3183 2080 anno
3227 2026 3351 2097 352,
3385 2044 3518 2082 cum
3552 2028 3623 2082 ad
3654 2028 3832 2099 Alpes

2180 2111 2431 2183 praesidii
2465 2128 2643 2166 causa
2688 2112 3094 2181 concessisset,
3140 2114 3379 2170 demum
3413 2116 3623 2172 accisis
3654 2117 3832 2172 rebus

2178 2216 2330 2255 anno
2360 2200 2467 2254 353
2520 2200 2789 2273 Lugduni
2846 2218 3057 2257 manus
3105 2202 3301 2258 intulit
3348 2204 3488 2275 sibi,
3547 2222 3681 2261 cum
3715 2210 3833 2262 tres

2178 2306 2364 2344 annos
2395 2306 2459 2344 ac
2492 2289 2801 2345 dimidium
2835 2292 3202 2362 tyrannidem
3231 2298 3574 2365 occupasset
3604 2294 3700 2366 (ά).
3731 2295 3834 2351 His

2180 2395 2453 2450 prospere
2475 2379 2676 2450 gestis,
2711 2380 3090 2435 Constantius
3120 2381 3359 2437 victoria
3394 2382 3604 2454 elatus,
3638 2402 3836 2456 super-

2180 2467 2391 2538 biaque
2415 2469 2667 2535 tumens,
2701 2485 2767 2524 ea
2788 2468 3031 2524 insaniae
3054 2486 3401 2543 progressus
3433 2476 3541 2541 est,
3578 2478 3640 2528 ut
3671 2480 3833 2530 eter-

2182 2574 2320 2611 num
2356 2574 2417 2611 se
2448 2557 2875 2629 dominumque
2926 2558 3106 2614 totius
3160 2559 3337 2628 orbis,
3400 2578 3501 2616 nec
3533 2563 3659 2618 sine
3712 2563 3833 2620 risu

2180 2644 2509 2717 gentilium,
2547 2646 3101 2718 appellarijuberet.
3153 2649 3304 2703 Tum
3362 2650 3560 2707 videre
3588 2657 3713 2707 erat
3744 2670 3835 2710 as-

2181 2735 2542 2789 sentantium
2568 2735 2915 2791 Arianorum
2948 2736 3406 2809 impudentiam,
3439 2740 3538 2811 qui
3562 2741 3705 2797 Filio
3736 2742 3836 2799 Dei

2181 2823 2562 2879 aeternitatem
2594 2824 2880 2897 denegare
2908 2827 3058 2892 ausi,
3120 2826 3425 2884 leviusculi
3474 2829 3695 2903 ingenii
3727 2832 3837 2888 ho-

2181 2912 2422 2983 minem,
2455 2918 2736 2967 aternum
2798 2914 3146 2986 compellare
3204 2933 3320 2972 non
3369 2919 3738 2976 verebantur.
3774 2922 3837 2978 In

2183 3005 2353 3072 cujus
2384 3001 2790 3073 appellationis
2821 3002 3196 3059 insolentiam
3240 3006 3452 3063 acriter
3479 3007 3839 3066 invehuntur

2183 3089 2564 3155 Athanasius,
2598 3089 2933 3162 Hilarius,et
2966 3092 3195 3147 Lucifer
3225 3092 3617 3152 Calaritanus.

2252 3180 2305 3231 2.
2340 3180 2511 3233 Fraus
2560 3180 2894 3234 Arianorum
2952 3182 3205 3252 insignis.
3250 3213 3316 3224 —
3360 3184 3477 3259 Hoc
3510 3185 3648 3241 item
3682 3204 3837 3245 anno

416 3269 752 3325 Constantis
776 3272 1021 3340 urgente
1047 3268 1254 3323 timore
1276 3269 1346 3323 ad
1368 3268 1765 3324 simulandam
1789 3269 2071 3340 poeniten-
2103 3254 2145 3320 C
2183 3268 2381 3322 Ariani
2413 3268 2667 3339 episcopi
2703 3285 2811 3323 sua
2869 3275 3072 3325 contra
3112 3254 3498 3328 Athanasium
3532 3276 3841 3334 molimina

417 3360 557 3415 tiam
579 3359 815 3414 deducti
851 3359 969 3413 sint
1000 3358 1096 3430 (ad
1129 3356 1270 3429 quid
1302 3358 1457 3414 enim
1486 3357 1587 3413 illa
1618 3362 1780 3413 tanta
1808 3360 2067 3430 terroris,

414 3453 575 3505 tanta
606 3448 770 3503 fracti
793 3447 973 3501 animi
1002 3447 1169 3518 signa
1191 3446 2071 3519 pertinerent,nisiimperatoris

413 3542 607 3594 metus
628 3534 1150 3616 accessisset?(,scd
1168 3536 1317 3604 quod
1336 3535 1495 3591 nulla
1508 3536 2071 3609 Constantisjussio-

414 3626 696 3699 ne,nullis
726 3624 1037 3683 intentatis
1073 3624 1269 3695 minis,
1316 3625 1429 3696 ipsi
1459 3624 1607 3680 ultro
1637 3627 1765 3695 ejus
1798 3627 2074 3681 mandata

413 3715 1139 3789 praevertentes,factorum
1164 3731 1224 3769 se
1249 3714 1530 3786 poenitere
1556 3714 2071 3771 simulaverint.Ad

414 3806 817 3862 hmreticorum
876 3804 1074 3875 itaque
1132 3808 1421 3859 catervam
1469 3803 1680 3860 reversi
1714 3804 1987 3860 Ursaeius
2018 3809 2076 3861 et

413 3894 649 3965 Valens,
673 3912 791 3949 una
822 3910 955 3948 eum
988 3892 1117 3948 aliis
1150 3892 1567 3964 imperatorem
1602 3894 1854 3963 adeunt;
1890 3896 1980 3949 cui
2008 3911 2075 3950 ea

419 3988 977 4052 commemorarunt,
1042 4000 1168 4055 qua:
1220 3983 1345 4054 jam
1407 3983 1902 4054 praenuntiassent
1941 3989 2076 4039 ante

417 4072 723 4130 Athanasii
755 4071 1032 4137 reditum,
1068 4071 1347 4127 nimirum
1408 4071 1456 4127 si
1487 4072 1670 4128 exsuli
1704 4073 1851 4128 foret
1881 4073 1953 4128 ad
1985 4090 2075 4130 ec—

416 4163 653 4220 clesiam
720 4159 1176 4216 Alexandrinam
1243 4177 1549 4233 regressus
1608 4161 1776 4227 liber,
1833 4162 2077 4219 exitium

415 4256 583 4310 sectae
611 4269 731 4307 sua
757 4250 950 4323 parari
975 4267 988 4318 ;
1019 4267 1223 4306 omnes
1250 4250 1320 4305 ab
1345 4250 1824 4320 hujusmodiviro
1846 4252 2077 4309 Arianis

413 4341 861 4411 infestissimo,a
888 4340 1014 4395 suis
1046 4339 1314 4411 partibus
1348 4339 1672 4394 abductum
1717 4340 1812 4405 iri,
1846 4341 2078 4413 pericu-

415 4430 659 4502 lumque
690 4432 809 4485 fore
843 4446 913 4485 ne
945 4428 1056 4501 ipsi
1116 4445 1251 4483 mox
1284 4427 1415 4491 soli,
1448 4429 1856 4485 deﬁcientibus
1887 4429 2077 4487 omni-

416 4520 920 4591 bus,deserantur,
946 4523 1124 4590 atque
1156 4533 1292 4573 eum
1318 4517 1653 4573 Manichaais
1685 4536 2075 4576 annumeren-

416 4613 512 4665 tur
541 4608 946 4664 haereticorum
980 4606 1384 4678 nequissimis.

486 4700 538 4753 4.
572 4698 905 4754 Athanasius
935 4696 1314 4752 Constantium
1362 4698 1622 4768 mitigare
1675 4700 1905 4768 frustra,
1954 4707 2069 4754 ten-

415 4792 511 4844 tat.
546 4820 615 4829 ——
645 4787 1022 4843 Censtantius
1080 4790 1299 4858 autem,
1334 4786 1435 4857 qui
1468 4792 1592 4841 tum
1626 4787 1938 4859 Magnentii
1971 4788 2068 4843 de-

416 4877 670 4933 bellandi
704 4894 882 4932 causa
911 4876 1259 4948 properabat
1300 4875 1395 4947 (ὁ),
1429 4882 1741 4948 conspecta
1765 4880 1851 4931 tot
1879 4880 2068 4932 tanto-

414 4983 666 5039 rumque
697 4966 1105 5038 episcoporum
1138 4982 1269 5021 cum
1306 4965 1625 5021 Athanasio
1657 4965 1951 5033 societate,
1984 4971 2069 5021 at-

416 5073 529 5128 que
558 5057 632 5111 iis
653 5060 710 5112 et
733 5054 1028 5110 similibus
1051 5054 1403 5110 Arianorum
1426 5054 1618 5110 verbis
1642 5056 2067 5124 inﬂammatus,

416 5161 549 5201 cum
584 5162 705 5201 rem
740 5160 1102 5216 concoquere
1148 5161 1264 5199 non
1297 5147 1514 5215 posset,
1574 5144 1783 5199 exinde
1812 5144 1935 5199 viro
1968 5145 2070 5199 ad-

412 5235 631 5291 versari
664 5232 1145 5304 calamitatesque
1205 5249 1410 5304 parare
1467 5232 1659 5305 coepit,
1698 5233 2068 5303 juramento-

416 5341 546 5379 rum
570 5325 742 5395 juxta
772 5339 839 5379 ac
868 5322 1217 5394 litterarum,
1252 5322 1607 5393 fraternique
1660 5323 1835 5378 ofﬁcii
1864 5323 2069 5378 imme-

418 5430 545 5470 mor
570 5432 582 5470 :
617 5430 741 5485 quae
763 5411 1002 5484 quidem
1023 5411 1192 5467 tertio
1216 5416 1347 5483 post
1377 5428 1530 5467 anno
1558 5411 1618 5466 in
1649 5416 1917 5484 apertum
1949 5410 2070 5469 bel-

488 5573 563 5645 (a)
593 5573 803 5629 Athan.
839 5573 974 5628 Hist.
1008 5573 1199 5628 Arion.
1236 5571 1305 5628 ad
1320 5572 1635 5645 monachos,
1672 5590 1731 5628 n.
1765 5574 1855 5630 28.

513 5643 563 5719 b)
595 5646 809 5719 Athan.
841 5646 978 5719 Hist.
1014 5646 1214 5701 Arion.
1250 5643 1333 5719 ἀεὶ
1360 5644 1671 5719 monachos,
1707 5663 1764 5703 n.
1800 5647 1890 5704 30.

488 5574 542 5645 (a
593 5574 803 5629 Athan.
839 5574 974 5628 Hist.
1008 5574 1199 5628 Arion.
1236 5574 1297 5628 ad

513 5646 542 5701 b
595 5646 809 5701 Athan.
841 5646 978 5702 Hist.
1014 5646 1214 5701 Arion.
1262 5661 1295 5700 a

488 5574 563 5795 ξοξ
590 5717 815 5778 Sozom.
846 5715 949 5775 lib.
984 5733 1061 5791 ιν,
1093 5731 1221 5792 cap.
1242 5715 1297 5774 9.

2180 3359 2318 3422 orsi,
2383 3357 2615 3413 ﬁctitias
2672 3358 2895 3414 litteras
2955 3360 3297 3417 Constantio
3357 3362 3698 3421 obtulerunt
3740 3367 3837 3439 (e),

2181 3448 2348 3519 quasi
2406 3448 2477 3502 ab
2509 3447 2830 3503 Athanasio
2890 3451 3270 3523 conscriptas,
3331 3452 3545 3525 quibus
3587 3462 3839 3529 rogaret,

2180 3535 2368 3609 ipsius
2403 3537 2652 3609 Augusti
2687 3539 2941 3593 adeundi
2999 3540 3207 3612 gratia,
3264 3541 3600 3599 facultatem
3634 3545 3745 3599 sibi
3779 3545 3838 3601 in

2183 3625 2409 3682 Italiam
2436 3628 2785 3697 properandi
2816 3628 3148 3697 concedi,ut
3176 3648 3292 3686 una
3322 3632 3393 3687 de
3423 3631 3840 3691 ecclesiasticis

2184 3716 2588 3771 instaurandis
2620 3716 2793 3771 rebus
2824 3734 2994 3787 agere
3052 3717 3269 3775 liceret.
3302 3721 3381 3776 Eo
3415 3728 3632 3791 autem,
3669 3728 3736 3779 ut
3764 3725 3845 3780 vi-

2184 3805 2624 3871 detur,consilio
2656 3805 2750 3861 his
2797 3805 3030 3862 insidiis
3061 3809 3151 3862 usi
3186 3815 3319 3865 sunt
3352 3812 3574 3880 Ariani,
3609 3818 3673 3868 ut
3703 3815 3843 3886 quia

2186 3900 2387 3950 sancto
2421 3895 2657 3966 praesuli
2689 3895 3068 3951 Alexandrini
3127 3899 3327 3971 populi
3377 3918 3541 3957 amor
3572 3903 3842 3975 praesidio

2185 3989 2328 4053 erat,
2363 3983 2593 4039 facilius
2625 3990 2779 4041 esset
2810 3988 3208 4059 peregrinanti
3268 3991 3585 4062 perniciem
3618 3993 3841 4049 machi-

2185 4073 2333 4129 nari.
2370 4074 2436 4127 Et
2468 4074 2733 4129 fortassis
2766 4074 2890 4146 ipse
2912 4076 3289 4133 Constantius
3320 4078 3379 4133 in
3412 4085 3637 4153 partem
3674 4084 3844 4139 tabu-

2185 4163 2252 4218 lae
2294 4167 2547 4218 venerat.
2585 4162 2690 4218 Vix
2724 4181 2980 4235 namque
3003 4166 3291 4234 credatur,
3330 4168 3702 4242 imprudente
3732 4172 3843 4228 im-

2188 4259 2475 4326 peratore,
2510 4251 2813 4308 Athanasii
2870 4256 3106 4311 nomine
3146 4255 3370 4313 litteras
3400 4276 3637 4318 exarare
3668 4278 3847 4320 ausos

2186 4342 2368 4397 fuisse
2402 4341 2675 4410 Arianos;
2738 4359 2871 4397 cum
2924 4360 3057 4399 mox
3115 4346 3437 4404 Athanasio
3468 4349 3843 4423 reclamante,

2186 4431 2570 4502 fraudemque
2623 4431 2941 4503 aperiente,
3000 4433 3363 4506 exploratum
3430 4438 3599 4503 foret,
3658 4440 3845 4498 inscio

2184 4519 2476 4592 episcopo:
2513 4520 2887 4576 inimicorum
2921 4521 3054 4577 dolo
3086 4523 3256 4579 datas
3287 4525 3491 4583 fuisse.
3526 4528 3844 4600 Epistolam

2103 4628 2150 4692 Β
2186 4626 2356 4681 porro
2386 4608 2859 4680 Constantii,qua
2891 4612 3047 4681 quod
3079 4612 3471 4671 fraudulentis
3503 4616 3713 4674 litteris
3748 4636 3845 4691 po-

2182 4697 2466 4755 stulatum
2499 4699 2684 4753 fuerat
2713 4700 3409 4768 concedebat,Athanasio
3437 4705 3647 4761 detulit
3677 4708 3844 4764 Mon-

2180 4792 2356 4842 tanus
2388 4787 2684 4842 Palatinus
2709 4805 2722 4855 ;
2750 4792 2923 4859 atque
2975 4794 3039 4844 ut
3061 4808 3129 4846 ex
3159 4791 3464 4849 Athanasii
3496 4796 3687 4852 verbis
3709 4814 3845 4853 con-

2175 4877 2396 4947 jectare
2444 4875 2598 4943 licet,
2632 4876 2851 4948 publici
2883 4877 3133 4934 vehiculi
3193 4882 3421 4951 copiam
3456 4883 3703 4941 faciebat
3731 4886 3841 4942 im-

2179 4969 2413 5035 perator
2441 4965 2511 5020 ad
2542 4964 2809 5020 Italicum
2847 4966 2956 5023 iter
2986 4967 3553 5029 instituendum.His
3585 4977 3841 5047 acceptis

2182 5052 2393 5109 litteris
2442 5054 2826 5121 Athanasius,
2887 5057 3414 5131 animadversaque
3465 5060 3837 5120 inimicorum

2182 5142 2633 5214 conSpiratione,
2669 5144 2885 5215 scripto
2917 5146 3208 5219 verboque
3259 5148 3611 5221 signiﬁcavit
3642 5168 3702 5208 se
3733 5153 3842 5210 iter

2183 5232 2426 5288 minime
2478 5234 2819 5298 detrectare,
2878 5234 2926 5291 si
2985 5236 3303 5307 imperatar
3359 5245 3719 5298 accerseret:
3781 5248 3842 5298 at

2181 5336 2316 5376 cum
2351 5339 2464 5377 non
2497 5340 2605 5378 suo
2633 5323 2727 5378 ille
2760 5334 2929 5395 nutu,
2953 5324 3053 5379 sed
3076 5324 3206 5381 dolo
3227 5326 3573 5383 Arianorum
3606 5329 3834 5388 litteras

2183 5410 2460 5479 dedisset,
2492 5412 2661 5484 quasi
2694 5412 2819 5483 ipse
2843 5413 3250 5486 proﬁciscendi
3282 5416 3618 5475 facultatem
3642 5420 3842 5491 petiiso

2253 5571 2344 5646 (d)_
2360 5571 2573 5646 Athan.
2595 5570 2710 5646 lib.
2759 5572 2837 5627 De
2860 5572 3102 5646 synodis,
3134 5574 3246 5645 sub
3276 5574 3513 5635 initium
3538 5593 3552 5646 ;
3581 5578 3838 5638 Ammia-

2182 5643 2295 5702 nus
2326 5643 2561 5699 Marce].
2593 5643 2696 5698 lib.
2726 5660 2821 5701 xv.

2252 5714 2327 5799 (ο)
2353 5713 2571 5795 Athan.
2602 5715 2829 5795 ᾼροιορ.
2859 5715 2931 5791 ad
2961 5715 3369 5793 Constantium.
