4166 6400
338 426 487 474 CXVI

1744 414 2326 479 PROLEGOMENA
2342 462 2356 477 .

341 546 558 618 set,qui
590 563 663 602 ne
694 546 753 601 id
775 546 1061 620 cogitarat
1081 546 1339 619 quidem,
1374 564 1744 621 nequaquam
1770 552 1875 606 iter
1906 550 1997 604 in-
2026 553 2081 617 Α
2110 549 2516 623 ligere,omnia
2546 550 2738 608 denuo
2796 550 3049 608 breviter
3097 551 3587 625 perstringamus.
3629 553 3764 607 Haec

341 634 828 708 gressurum,nisi
861 636 1087 692 sincera
1107 640 1162 692 et
1193 636 1563 708 imperatoris
1589 638 1833 695 consilio
1864 640 2001 695 data

341 724 589 796 epistola
609 725 1002 781 accederet.Bt
1023 726 1130 781 hoc
1152 725 1211 780 in
1232 726 1479 797 capitale
1501 728 1722 783 crimen
1746 728 2000 784 Athana-

342 814 431 869 sio
459 819 682 870 vertere
712 815 909 869 Ariani
943 822 1081 870 sunt
1110 815 1397 881 conati,ut
1427 822 1699 872 narratur
1730 818 1995 873 inferius.

412 904 465 958 3.
500 907 630 958 Haec
681 903 916 959 circiter
971 910 1252 976 tempora,
1322 922 1545 960 annum
1602 907 1817 978 quippe
1848 907 1996 962 assi-

338 1006 520 1063 gnare
551 991 609 1046 in
643 996 917 1063 promptu
951 1009 1065 1046 non
1107 997 1216 1060 est,
1274 992 1433 1048 aliud
1466 995 1731 1066 contigit,
1783 1012 1851 1050 ex
1882 1012 1997 1067 quo

339 1079 482 1134 item
514 1079 860 1135 criminandi
922 1080 1231 1136 Athanasii
1293 1083 1603 1137 materiam
1665 1084 1812 1138 nacti
1858 1089 2000 1139 sunt

336 1169 465 1240 ejus
506 1168 838 1224 adversarii.
902 1170 1081 1225 Erant
1137 1168 1496 1225 Alexandria:
1553 1171 1807 1227 ecclesiae
1866 1188 1994 1244 per-

336 1258 553 1325 multae,
588 1258 688 1313 sed
725 1274 828 1330 pro
862 1257 1060 1330 populi
1095 1258 1425 1331 frequentia
1479 1261 1563 1315 ita
1612 1265 1894 1331 angustae,
1929 1264 1997 1315 ut

333 1345 492 1402 haud
522 1347 648 1403 sine
669 1347 1101 1418 praefocationis
1134 1346 1391 1419 periculo
1422 1353 1620 1419 posset
1641 1349 1994 1404 Christiano-

331 1452 463 1491 rum
488 1436 659 1491 turba
680 1440 1001 1492 conventus
1032 1436 1321 1492 celebrare
1354 1437 1459 1509 (α).
1494 1437 1626 1501 Qum
1661 1455 1839 1493 causa
1870 1439 1992 1493 fue-

332 1529 442 1593 rat,
476 1528 542 1579 ut
597 1526 913 1597 Gregorius
952 1525 980 1577 ὁ
1038 1520 1490 1597 ψευδεπίσκοπος,
1552 1526 1866 1598 impetrata
1917 1526 1991 1583 ab

331 1614 686 1685 imperatore
716 1614 1056 1669 Constantio
1116 1614 1409 1680 facultate,
1463 1615 1842 1683 Adrianeum,
1872 1616 1992 1671 sive

330 1701 620 1773 templum
649 1703 721 1759 ab
753 1702 1009 1758 Adriano
1041 1703 1377 1772 excitatum,
1412 1704 1469 1758 in
1511 1703 1815 1759 ecclesiam
1850 1720 1989 1759 con-

329 1796 556 1847 vertere
597 1807 930 1864 aggressus,
962 1792 1272 1847 aediﬁcium
1312 1792 1522 1864 opibus
1543 1792 1866 1848 Constantii
1898 1810 1991 1848 cx-

331 1883 603 1948 strueret,
637 1880 720 1935 ita
746 1885 943 1935 tamen
998 1884 1063 1935 ut
1102 1882 1362 1936 nondum
1396 1882 1656 1936 confecto
1689 1898 1860 1953 opere
1890 1884 1988 1938 ob-

331 1972 640 2024 truncatus
662 1968 757 2024 ille
784 1969 973 2024 fuerit.
1010 1969 1072 2024 In
1106 1970 1569 2042 quadragesima:
1601 1969 1782 2041 igitur
1813 1987 1985 2043 syna-

328 2057 524 2124 xibus,
557 2058 631 2112 ob
660 2057 923 2114 locorum
955 2058 1290 2131 angustiam
1335 2058 1753 2131 ingentemque
1786 2058 1988 2131 populi

330 2147 736 2219 frequentiam,
790 2147 958 2203 multi
1010 2147 1285 2216 infantes,
1367 2148 1661 2209 mulirz‘cs.
1722 2148 1985 2216 aniculae,

2111 639 2308 711 itaque
2337 641 2604 695 deferunt
2635 640 2716 695 illi
2748 641 2817 695 ad
2868 640 3302 712 imperatorem.
3360 640 3575 707 Primo,
3608 639 3764 711 quod

2110 730 2328 785 crebris
2351 729 2632 785 itionibus
2681 734 2858 801 atque
2906 729 3215 801 colloquiis
3244 731 3617 785 Constantem
3649 730 3765 784 Au-

2108 822 2348 889 gustum
2378 817 2438 872 iu
2470 817 2877 873 Constantium
2912 816 3533 889 exasperare,odiaque
3562 820 3621 870 et
3649 813 3765 869 ini-

2108 905 2360 961 micitias
2416 907 2567 961 inter
2626 907 2833 961 fratres
2893 922 3122 961 movere
3180 911 3423 960 conatus
3453 908 3628 960 esset.
3662 903 3765 959 Se-

2107 996 2319 1065 cundo,
2353 996 2508 1066 quod
2541 994 2874 1066 Magnentio
2905 996 3104 1067 gratiae
3129 996 3259 1066 ejus
3290 994 3555 1049 ineundae
3587 1009 3766 1049 causa

2108 1084 2367 1139 misisset
2389 1084 2632 1139 litteras.
2667 1084 2881 1147 Tertio,
2914 1084 3069 1155 quod
3122 1085 3179 1138 in
3212 1082 3460 1139 ecclesia
3492 1082 3763 1139 Ca‘sareaa

2105 1173 2537 1243 dicta,necdum
2572 1172 2842 1227 absoluto
2874 1173 3139 1241 aedificio,
3174 1177 3495 1227 conventus
3524 1171 3763 1227 habuis-

2106 1266 2211 1317 set.
2264 1263 2499 1327 Ouarto,
2556 1262 2709 1333 quod
2761 1264 2969 1333 jussus
3002 1278 3035 1315 a
3066 1261 3407 1317 Constantio
3436 1260 3495 1315 in
3531 1260 3759 1316 Italiam

2104 1350 2292 1423 ipsius
2322 1350 2573 1406 adeundi
2599 1367 2777 1406 causa
2809 1350 3242 1423 proficisci,non
3276 1351 3756 1422 obtemperasset.

2103 1439 2162 1494 Si
2193 1439 2333 1511 quid
2356 1439 2465 1494 loci
2496 1438 2752 1510 aequitati
2815 1438 3107 1510 reliquum
3166 1439 3391 1508 fuisset,
3453 1438 3615 1494 hisce
3655 1454 3757 1493 ca-

2103 1527 2346 1583 lumniis
2378 1526 2611 1582 nonnisi
2646 1532 2777 1599 post
2806 1531 3140 1582 accuratam
3165 1543 3360 1582 rerum
3392 1526 3761 1600 perquisitio-

2102 1632 2235 1671 nem
2255 1618 2428 1671 fidem
2451 1616 2761 1671 habiturus
2775 1617 3389 1673 eratConstantius.At
3409 1615 3507 1671 ille
3523 1615 3758 1672 insidiis

2100 1706 2515 1778 obsequiisque
2527 1705 2879 1761 Arianorum
2895 1705 3758 1775 circumventus,eunuchorum

2099 1797 2334 1866 agmine
2366 1795 2665 1861 obsessus,
2699 1811 2951 1865 quorum
2998 1794 3245 1850 audacia
3275 1794 3403 1866 ipso
3434 1794 3760 1866 imperante

2098 1883 2243 1938 nihil
2266 1901 2380 1938 non
2401 1882 2989 1950 moliebatur,horum
3013 1882 3257 1938 consilio
3277 1888 3331 1939 et
3343 1899 3519 1955 opera
3532 1881 3756 1938 nullam

2099 1972 2249 2043 aequi
2276 1972 2531 2043 bonique
2556 1972 2836 2027 rationem
2870 1972 3096 2037 habuit,
3127 1972 3227 2027 sed
3260 1972 3468 2027 exinde
3499 1971 3757 2028 Athana-

2098 2060 2184 2116 sio
2217 2078 2417 2116 necem
2450 2061 2657 2132 quavis
2713 2061 2851 2115 data
2881 2061 3187 2116 occasione
3238 2060 3613 2116 machinatus
3644 2064 3754 2116 est.

2166 2150 2221 2204 5.
2257 2148 2505 2221 Synodas
2555 2149 2912 2203 Arelatensis.
3003 2150 3206 2221 Lapsus
3297 2152 3575 2204 Vincentii
3654 2149 3754 2206 Ca-

330 2236 746 2307 adolescentes,
780 2238 1100 2308 compressi
1132 2253 1198 2291 ac
1221 2252 1368 2308 pene
1394 2238 1710 2292 exanimati
1741 2237 1985 2293 domum
2092 2239 2291 2310 panni.
2326 2271 2393 2278 ——
2416 2237 2795 2292 Constantius
2821 2241 2952 2308 post
2997 2237 3351 2292 debellatum
3375 2238 3757 2295 exstinctum-

329 2324 505 2381 delati
535 2330 695 2390 sunt,
728 2325 808 2381 ita
837 2330 1034 2381 tamen
1084 2331 1150 2381 ut
1180 2325 1402 2391 nullus,
1447 2326 1563 2382 Deo
1607 2327 1983 2393 concedente,

329 2414 812 2487 exstingueretur.
846 2415 955 2470 Sed
988 2414 1262 2471 universa
1311 2414 1651 2481 multitudo,
1684 2415 1989 2486 conqueri,

329 2504 775 2559 obmurmurare
806 2503 1216 2576 postulareque
1274 2507 1339 2558 ut
1383 2504 1442 2558 in
1474 2521 1687 2577 magna
1718 2504 1984 2571 ecclesia,

328 2590 467 2648 licet
492 2592 751 2647 nondum
784 2591 1050 2648 absoluto
1107 2609 1298 2664 opere,
1349 2592 1773 2648 conveniretur.
1808 2598 1986 2648 Acce-

331 2682 502 2735 dente
533 2684 729 2735 autem
761 2680 1063 2735 Paschatis
1114 2680 1503 2748 solemnitate,
1564 2681 1772 2754 ingens
1821 2681 1985 2737 Chri-

333 2769 660 2825 stianorum
694 2769 1026 2839 frequentia
1076 2769 1322 2842 cogitur,
1377 2775 1435 2824 et
1465 2771 1670 2842 grandi
1705 2770 1860 2825 edito
1890 2774 1984 2825 tu-

332 2858 526 2915 multu
554 2874 757 2930 rogare
787 2874 992 2914 omnes
1022 2863 1089 2912 ut
1142 2857 1203 2913 in
1232 2875 1359 2914 eam
1392 2859 1698 2915 ecclesiam
1733 2876 1984 2916 conven-

330 2952 428 3003 tus
453 2964 631 3003 causa
651 2947 1084 3015 concederetur,
1118 2964 1191 3003 ne
1212 2952 1552 3003 czeterarum
1589 2950 1861 3021 angustia
1890 2966 1984 3005 ec-

331 3036 643 3093 clesiarum
678 3036 896 3092 multos
953 3038 1012 3091 in
1071 3035 1396 3108 periculum
1430 3037 1779 3108 conjiceret;
1815 3041 1987 3094 Atha-

331 3126 536 3183 nasius
583 3131 787 3181 contra
832 3125 1075 3194 hortari,
1130 3127 1482 3197 turbamque
1544 3127 1869 3195 obsecrare,
1922 3131 1988 3183 ut

331 3214 478 3271 nihil
524 3214 933 3288 properantius
963 3221 1252 3288 ageretur,
1287 3232 1526 3287 remque
1556 3217 1842 3288 tantisper
1873 3217 1983 3272 dif-

330 3286 566 3376 ferrent,
597 3286 653 3360 et
707 3304 892 3360 donec
949 3286 1310 3377 completum
1368 3286 1515 3377 opus
1545 3286 1815 3369 essen—in
1849 3305 1982 3362 aliis
2014 3286 2056 3353 (ἶ

329 3393 593 3451 ecclesiis
624 3393 897 3450 collectas
922 3392 1303 3449 celebrarent.
1340 3399 1437 3463 At,
1480 3394 1636 3466 quod
1687 3395 1801 3449 fere
1835 3396 1898 3449 fit
1926 3395 1985 3449 in

330 3482 529 3556 populi
557 3482 820 3549 turba,ut
841 3482 996 3554 quod
1020 3481 1200 3539 semel
1225 3482 1755 3554 apprehenderunt,
1782 3500 1989 3539 exuere

330 3589 398 3629 ac
422 3573 729 3644 repudiare
750 3571 845 3626 vix
871 3571 1121 3643 possint,
1154 3588 1529 3644 nequaquam
1579 3571 1667 3626 illi
1697 3573 1989 3644 obtempe-

332 3664 578 3728 rarunt;
610 3661 728 3715 imo
759 3660 945 3732 parati
993 3664 1159 3715 erant
1206 3676 1274 3715 ex
1294 3662 1435 3716 urbe
1455 3660 1671 3732 egredi,
1706 3665 1762 3716 et
1791 3662 1863 3716 ad
1895 3663 1989 3717 de-

333 3754 491 3806 serta
518 3748 647 3805 loca
676 3748 884 3804 orandi
915 3765 1092 3805 causa
1125 3748 1744 3821 proficisci.Malebant
1773 3750 1991 3822 quippe

331 3839 563 3894 itineris
593 3837 848 3909 perferre
900 3836 1182 3903 laborem,
1242 3854 1421 3909 quam
1469 3855 1601 3893 cum
1637 3856 1883 3894 mmrore
1915 3840 1992 3895 fe-

332 3933 493 3985 stum
550 3942 847 3998 peragere.
909 3927 1054 3981 Tum
1118 3926 1477 3982 Athanasius
1520 3927 1733 4001 popnlo
1766 3945 1989 3983 morem

333 4016 538 4092 gessit,
570 4016 791 4072 veritus
812 4021 870 4071 et
894 4014 1020 4087 ipse
1063 4031 1134 4070 ne
1164 4032 1299 4070 cum
1330 4015 1673 4072 discrimine
1699 4018 1828 4071 vitae
1859 4033 1991 4072 con-

334 4111 542 4162 ventus
572 4110 861 4177 ageretur.
897 4107 1021 4171 Qua
1054 4104 1127 4160 de
1160 4120 1220 4159 re
1252 4104 1390 4160 item
1418 4105 1504 4160 vir
1533 4111 1775 4162 sanctus
1805 4107 1863 4161 in
1893 4123 1986 4162 ca-

333 4194 475 4268 pitis
503 4194 725 4250 crimen
773 4197 1015 4249 vocatus
1043 4197 1151 4249 est.
1177 4194 1262 4249 Ita
1292 4194 1596 4261 nimirum,
1629 4200 1694 4250 ut
1724 4196 1847 4268 ipse
1879 4212 1987 4251 nec

333 4282 515 4341 semel
544 4282 946 4354 conqueritur,
998 4286 1123 4338 erat
1152 4290 1519 4354 opportunus
1550 4282 1781 4341 insidiis
1813 4292 1986 4357 atque

253 4412 258 4417 ρ
334 4371 851 4429 criminationibus
881 4371 1310 4427 haereticorum.

405 4464 458 4518 4.
490 4462 806 4518 Calumni}?
851 4463 1185 4516 Arianorum
1237 4463 1298 4517 in
1353 4462 1734 4518 Athanasium.
1767 4495 1835 4503 —
1892 4464 1989 4520 His

334 4549 826 4608 machinamentis
848 4550 1048 4605 Ariani
1075 4550 1394 4607 Athanasio
1416 4552 1657 4608 exitium
1680 4553 1987 4624 parabant,

2097 2344 2209 2399 que
2240 2326 2640 2398 Magnentium
2673 2325 2732 2380 in
2767 2323 2986 2381 Gallias
3032 2327 3187 2380 venit
3218 2328 3310 2397 (ε),
3345 2325 3690 2399 Arelateque
3721 2344 3758 2383 δ

2096 2416 2189 2471 die
2220 2416 2447 2470 decima
2474 2414 2740 2469 Octobris
2775 2414 2995 2469 mensis
3055 2414 3126 2469 ad
3185 2430 3407 2469 annum
3452 2414 3769 2471 ineuntem.

2095 2505 2200 2558 354
2230 2504 2515 2559 concedit.
2550 2503 2628 2557 Eo
2662 2503 2719 2557 in
2754 2501 2881 2557 loco
2938 2503 3217 2557 adversus
3262 2502 3651 2559 Athanasium
3683 2505 3758 2561 si-

2096 2609 2213 2666 gna
2262 2608 2467 2648 canere
2500 2596 2797 2663 coeperunt
2854 2591 2982 2662 ejus
3034 2591 3371 2657 adversarii,
3403 2609 3538 2647 cum
3568 2595 3753 2649 sancti

2097 2682 2365 2754 prmsulis
2397 2679 2707 2735 abdicandi
2737 2680 2928 2751 gratia
2959 2687 3224 2735 auctores
3247 2685 3386 2735 sunt
3414 2680 3750 2753 imperatori

2096 2771 2480 2826 convocanda:
2504 2770 2563 2823 in
2589 2768 2701 2823 ista
2732 2769 2876 2823 urbe
2899 2769 3127 2841 synodi.
3163 2769 3487 2841 Sperabant
3509 2770 3751 2842 scilicet,

2097 2864 2380 2932 praesente
2411 2874 2476 2913 ac
2508 2858 2905 2930 patrocinante
2939 2863 3223 2930 Augusto,
3258 2857 3479 2915 inimici
3510 2859 3752 2915 arbitrio

2096 2965 2204 3004 suo
2232 2946 2549 3003 ulciscendi
2602 2945 2935 3001 talcutatem
2969 2948 3087 3001 fore
3117 2947 3250 3002 sibi.
3286 2947 3361 3002 Eo
3394 2946 3561 3003 missi
3592 2965 3625 3003 a
3657 2948 3752 3003 Li-

2097 3037 2256 3092 berio
2290 3040 2429 3091 sunt
2481 3034 2824 3091 Vincentius
2882 3035 3195 3108 Capuanus
3251 3041 3308 3090 et
3354 3034 3660 3092 Marcellus
3691 3037 3750 3092 in

2095 3124 2414 3198 Campania
2442 3126 2774 3197 episcopus,
2801 3124 2952 3180 datis
2985 3124 3339 3195 quibusdam
3373 3125 3506 3181 aliis
3535 3125 3642 3181 viae
3674 3124 3753 3181 le-

2095 3215 2466 3288 gationisque
2501 3215 2695 3269 sociis.
2729 3213 2873 3280 Quia
2903 3230 3035 3270 vero
3067 3214 3507 3284 decretumjam
3541 3213 3748 3281 fuerat,

2097 3310 2161 3359 ut
2192 3303 2470 3376 Aquileiae
2495 3304 2752 3375 synodus
2774 3301 3187 3370 celebraretur,
3221 3319 3335 3357 non
3379 3307 3575 3359 autem
3608 3308 3749 3359 Are-

2097 3393 2231 3461 late,
2270 3391 2632 3465 postulatum
2667 3392 3040 3458 accedebant,
3099 3398 3163 3447 ut
3190 3392 3248 3447 in
3278 3391 3379 3447 illa
3410 3393 3574 3464 prius
3605 3393 3753 3449 assi-

2098 3490 2277 3556 gnata
2306 3484 2449 3537 urbe
2479 3486 2859 3537 evocarentur
2914 3497 3138 3536 omnes.
3189 3480 3409 3536 Detulit
3439 3481 3580 3537 item
3609 3480 3752 3535 Vin-

2096 3573 2327 3629 centius
2356 3569 2740 3628 Orientalium
2762 3569 3009 3639 litteras,
3040 3586 3145 3625 nec
3168 3587 3283 3625 non
3306 3569 3455 3625 alias
3477 3570 3552 3625 ab
3583 3574 3756 3644 Egy-

2098 3662 2237 3733 ptiis
2270 3660 2559 3733 episcopis
2591 3658 2889 3731 octoginta
2920 3658 2978 3713 in
3012 3659 3260 3731 gratiam
3284 3658 3589 3714 Athanasii
3626 3675 3761 3715 con-

2099 3750 2372 3822 scriptas.
2405 3749 2665 3820 Rogabat
2723 3765 2894 3819 porro
2953 3765 3057 3819 per
3113 3753 3373 3803 oratores
3431 3765 3572 3804 suos
3605 3748 3761 3805 Libe-

2099 3842 2242 3906 rius,
2306 3844 2367 3895 ut
2422 3840 2493 3894 de
2554 3840 2665 3894 lide
2722 3839 2910 3909 deque
2969 3837 3272 3894 Athanasii
3321 3855 3502 3894 causa
3530 3838 3762 3895 sincera

2100 3935 2296 3985 mente
2319 3933 2613 4001 ageretur,
2645 3944 2761 3999 quo
2812 3944 2947 3983 vera
2995 3925 3293 3999 nullisque
3320 3926 3569 3983 obnoxia
3598 3928 3758 3983 frau-

2099 4019 2273 4074 dibus
2305 4017 2608 4073 insidiisve
2640 4034 2749 4088 pax
2772 4021 2970 4089 posset
2990 4015 3316 4072 conciliari.
3349 4015 3509 4072 Hanc
3542 4016 3758 4073 Liberii

2100 4106 2552 4182 postulationem
2576 4105 2882 4177 perinique
2903 4104 3036 4161 tulit
3057 4105 3455 4172 Constantius,
3483 4109 3548 4160 ut
3577 4104 3759 4161 nullis

2044 4222 2049 4225 ·
2100 4202 2303 4269 postea
2323 4198 2453 4267 ejus
2473 4196 2647 4250 dictis
2670 4194 3267 4265 excusationibusque
3290 4192 3546 4266 mitigari
3561 4197 3749 4266 potue~

2099 4288 2214 4354 rit;
2250 4291 2369 4341 tam
2403 4284 2576 4340 feroci
2600 4283 2885 4339 nimirum
2929 4298 2998 4338 ex
3046 4282 3343 4356 prosperis
3395 4284 3636 4339 fortuna:
3667 4300 3761 4339 ca-

2099 4376 2265 4432 sibus
2285 4378 2412 4430 erat
2445 4373 2661 4428 animo.
2699 4372 2992 4428 Grandem
3050 4372 3107 4427 in
3139 4371 3450 4428 Vincentio
3479 4372 3758 4443 Capuano

2099 4481 2265 4537 spem
2297 4462 2613 4535 repositam
2638 4461 2891 4517 habebat
2913 4461 3361 4533 Liberius,quod
3394 4462 3445 4517 is
3473 4478 3598 4518 rem
3629 4477 3758 4533 quis

2097 4553 2461 4609 tractabatur
2488 4549 2752 4623 apprime
2800 4554 3194 4621 cognosceret,
3251 4555 3310 4605 et
3342 4550 3525 4623 judex
3575 4548 3633 4604 in
3664 4564 3759 4604 ea-

335 4641 491 4715 quod
521 4638 788 4696 videlicet
807 4643 1084 4712 putarent
1104 4641 1420 4711 perniciem
1447 4642 1573 4711 ejus
1604 4658 1739 4696 cum
1774 4657 1990 4714 magna
2021 4660 2065 4725 ι)
2097 4643 2227 4697 dem
2261 4656 2439 4696 causa
2468 4638 2621 4694 inter
2652 4638 2956 4711 episcopos
2983 4638 3256 4710 frequens
3282 4638 3549 4694 sedisset.
3574 4642 3760 4694 Inter-

333 4728 631 4787 catholicza
663 4729 743 4784 rei
775 4728 1106 4785 calamitate
1159 4744 1287 4785 esse
1345 4731 1740 4801 conjunctam.
1776 4730 1871 4785 Nae
1903 4730 1987 4785 illi

325 4820 454 4891 jam
484 4819 805 4874 inveterata
833 4817 1096 4889 priorum
1146 4818 1463 4873 criminum
1485 4818 1723 4892 invidia,
1757 4820 1986 4875 Arsenii

335 4924 558 4975 necem,
581 4923 845 4963 mensam
869 4908 1230 4973 subversam,
1257 4908 1489 4980 aliaque
1509 4907 1565 4963 id
1589 4925 1775 4980 genus
1808 4908 1991 4963 missa

334 4995 560 5053 faciunt
582 5012 595 5051 :
616 4995 999 5068 gravioraque
1025 4996 1367 5062 commenti,
1398 4996 1791 5052 Athanasium
1824 5014 1989 5053 reum

336 5091 520 5158 agunt
551 5084 705 5156 apud
738 5084 1151 5155 imperatorem
1184 5084 1283 5155 (ὁ).
1349 5085 1465 5139 Etsi
1517 5102 1688 5157 porro
1719 5086 1987 5157 quzedam

336 5174 584 5229 crimina
634 5175 762 5244 jam
823 5172 1202 5228 meminimus
1262 5173 1335 5228 ab
1390 5172 1624 5229 Arianis
1669 5174 1991 5230 Athanasio

335 5261 674 5330 oblata,non
705 5261 1005 5334 ingratum
1038 5261 1237 5318 lectori
1260 5260 1390 5329 erit,
1424 5262 1473 5317 si
1524 5279 1658 5318 cum
1694 5264 1992 5319 memoriae

337 5367 536 5418 causa,
564 5355 693 5405 tum
727 5355 791 5406 ut
823 5350 997 5407 liceat
1028 5350 1369 5423 bujusmodi
1402 5351 1842 5408 criminationes
1873 5369 1994 5408 om-

339 5456 443 5497 nes
464 5455 581 5512 quo
610 5440 814 5495 ordine
845 5441 903 5494 in
928 5440 1190 5496 medium
1224 5439 1410 5496 allatae
1435 5444 1575 5496 sunt
1596 5441 1799 5513 paucis
1822 5442 1990 5498 intel-

432 5616 467 5656 a

435 5671 464 5728 ὸ

436 5759 465 5804 0

516 5598 735 5682 Athan.
766 5599 919 5682 ᾼρρζ.
939 5600 1010 5656 ad
1030 5600 1438 5671 Constantiam,
1464 5618 1522 5657 n.
1556 5602 1642 5656 14.

516 5670 755 5743 Athan.,
786 5670 931 5728 ibid.
1425 5670 1430 5671 ί

513 5742 814 5804 Ammian.
845 5742 1186 5815 Maroellin.,
1218 5743 1322 5805 lib.
1352 5759 1475 5819 xw;
1518 5742 1701 5806 Hilar.
1733 5742 1794 5803 in
1823 5744 1992 5823 Frag-

466 5599 488 5826 ξ

410 5600 433 5831 l

2101 4730 2290 4786 fuerat
2346 4727 2561 4801 quippe
2620 4727 2893 4783 Romanae
2951 4728 3172 4800 synodo
3203 4744 3340 4783 ann.
3370 4728 3498 4794 343,
3556 4726 3759 4784 Sardi-

2100 4818 2258 4875 censi
2292 4834 2428 4873 ann.
2461 4817 2590 4883 347,
2623 4821 2700 4886 et,
2736 4819 2800 4870 ut
2827 4814 2946 4871 veri
2997 4815 3237 4887 quidem
3273 4815 3466 4871 simile
3495 4818 3605 4882 est,
3636 4815 3763 4888 ipse

2098 4906 2443 4962 Vincentius
2498 4910 2621 4959 tum
2684 4903 2992 4977 presbyter
3049 4904 3294 4960 Nicaeus:
3326 4904 3548 4976 synodo
3579 4904 3762 4959 inter-

2100 4995 2209 5050 fuit
2239 5011 2370 5049 cum
2403 4992 2612 5048 Vitone
2670 4992 2808 5047 item
2868 4991 3224 5064 presbytero,
3286 4991 3463 5066 legati
3520 4990 3762 5048 ambos.

2101 5083 2394 5156 Sylvestro
2426 5081 2720 5155 pontifice.
2764 5081 2978 5136 Verum
3011 5080 3188 5136 cessit
3218 5097 3313 5137 res
3344 5085 3549 5137 contra
3577 5096 3757 5153 quam

2101 5177 2267 5228 ratus
2297 5178 2442 5227 erat.
2471 5171 2700 5226 Ardens
2750 5169 2906 5225 enim
2933 5169 3126 5225 furore
3150 5186 3215 5225 ac
3236 5169 3453 5226 scelere
3485 5170 3544 5225 in
3575 5169 3760 5226 Atha-

2100 5261 2332 5319 nasium
2354 5259 2730 5317 Constantius
2758 5259 2858 5331 (ιι),
2892 5263 3112 5315 terrore
3153 5259 3353 5315 omnia
3373 5262 3431 5314 et
3447 5258 3762 5315 formidine

2101 5350 2377 5423 complet,
2406 5349 2677 5407 exsilium
2698 5347 3115 5403 interminatur
3133 5347 3443 5421 episcopis,
3475 5346 3579 5419 qui
3609 5347 3760 5403 bene

2102 5439 2271 5495 multi
2304 5456 2373 5495 ex
2426 5438 2591 5494 Italia
2637 5453 2704 5493 eo
2734 5442 3168 5507 concurrerant,
3225 5436 3340 5494 nisi
3368 5435 3757 5492 Athanasium

2099 5608 2299 5668 meum
2329 5598 2513 5653 Hilar.
2546 5599 2737 5654 contra
2767 5597 3020 5654 An‘anos.

2173 5672 2250 5747 (ιι)
2282 5669 2586 5745 Suspicius
2614 5668 2879 5727 Severus
