4166 6404
1619 426 1805 490 VITA
1847 427 1917 487 S.
1960 424 2418 488 ATHANASII.

3566 442 3738 497 CXVII

318 560 802 635 prosscriberent.
849 560 1021 616 Minis
1066 560 1409 632 hujusmodi
1440 560 1659 615 fractus
1686 558 1966 632 perterri-
1994 561 2051 629 Α
2081 557 2291 628 specie,
2344 558 2688 614 mandatum
2737 574 2843 630 per
2888 557 3117 615 Italiam
3166 561 3351 616 totam
3392 560 3629 632 prodiit,
3670 568 3742 625 ut.

316 655 533 722 tuaque
554 649 917 715 Vincentius,
951 667 1017 705 eo
1066 649 1293 722 appulit
1342 648 1634 715 animum,
1684 654 1749 704 ut
1796 664 1970 719 quem

315 740 612 796 insontem
660 739 835 794 toties
881 738 1254 807 declarasset,
1301 740 1427 811 jam
1460 756 1624 794 reum
1658 744 1854 811 ageret
1884 742 1969 793 at-

316 844 429 901 que
456 829 783 884 damnaret.
818 829 887 883 Et
909 829 1195 900 principio
1225 829 1459 900 quidem
1494 828 1591 882 ille
1616 827 1859 900 integris
1887 844 1972 883 re-

310 918 425 974 bus
454 917 793 990 postulabat
823 917 916 990 agi
945 918 1016 972 de
1050 918 1179 972 ﬁde.
1214 917 1276 973 Id
1309 918 1601 989 negabant
1622 917 1819 972 Ariani
1848 917 1969 988 epi-

312 1007 495 1079 scopi,
544 1008 715 1063 veriti
769 1024 841 1061 ne
882 1008 927 1061 si
974 1008 1033 1061 in
1066 1007 1329 1063 medium
1380 1008 1684 1062 atl‘erretur
1731 1007 1969 1062 haresis

310 1097 546 1163 Ariana,
616 1095 1088 1152 Occidentalibus
1158 1097 1530 1152 stomachum
1601 1098 1833 1166 faceret,
1901 1113 1966 1152 ac

314 1183 522 1238 deinde
553 1188 915 1255 perOptatam
936 1183 1049 1255 ipsi
1072 1184 1373 1239 Athanasii
1397 1184 1833 1239 damnationem
1856 1184 1965 1239 im-

315 1277 543 1342 petrare
573 1288 685 1327 non
724 1277 981 1344 possent.
1018 1273 1159 1328 Rem
1191 1272 1364 1344 paulo
1387 1289 1555 1329 secus
1579 1278 1776 1329 narrat
1808 1274 1965 1330 Libe-

315 1360 439 1415 rius
471 1360 564 1432 (a),
616 1358 838 1433 legatos
885 1359 1173 1428 videlicet,
1226 1362 1326 1417 ubi
1360 1361 1549 1433 urgeri
1584 1378 1646 1418 se
1679 1362 1747 1418 ad
1780 1361 1964 1417 Atha-

314 1450 546 1504 nasium
578 1450 980 1505 damnandum
1023 1466 1393 1523 conspexere,
1444 1452 1831 1523 spopondisse
1878 1453 1964 1507 vi-

310 1555 442 1594 rum
467 1555 530 1594 se
551 1539 953 1606 damnaturos,
978 1541 1118 1594 dum
1144 1541 1565 1595 damnarentur
1585 1541 1723 1595 item
1746 1540 1964 1597 Ariani.

309 1627 376 1683 Hi
408 1644 544 1684 vero
577 1645 637 1684 re
667 1645 867 1684 secum
900 1628 1219 1684 deliberata
1251 1630 1624 1702 respondent,
1668 1648 1780 1685 non
1818 1647 1966 1702 prie-

309 1717 492 1772 sentis
548 1734 677 1773 esse
734 1717 988 1773 instituti
1018 1718 1136 1773 Arii
1202 1718 1529 1775 doctrinam
1582 1721 1964 1791 proscribere,

307 1806 408 1862 sed
440 1807 510 1862 de
540 1806 666 1863 sola
696 1807 999 1864 Athanasii
1033 1808 1410 1864 damnatione
1442 1809 1556 1880 agi.
1610 1811 1756 1865 Tum
1803 1810 1966 1864 deni-

308 1912 421 1968 que
450 1896 798 1953 Vincentius
829 1903 993 1953 tanta
1024 1898 1395 1970 imperatoris
1414 1898 1724 1953 formidine
1748 1898 1969 1970 percul-

306 2004 409 2043 sus
439 1991 547 2054 est,
580 1991 646 2041 ut
689 1992 887 2042 contra
932 2003 1111 2059 quam
1156 2003 1287 2044 vere
1318 1987 1624 2055 sentiebat,
1659 1988 1966 2044 simularet

303 2074 691 2131 Athanasium
740 2093 802 2131 se
851 2077 1153 2146 damnare,
1209 2078 1458 2149 ejusque
1489 2077 1963 2133 communionem

303 2180 600 2236 respuere.
635 2165 772 2220 Eam
807 2170 1000 2221 tamen
1050 2171 1251 2238 postea
1292 2164 1583 2221 maculam
1617 2166 1790 2221 diluit
1818 2166 1963 2221 Vin-

304 2255 553 2325 centius,
601 2253 699 2308 ubi
730 2257 968 2310 strenue
999 2255 1341 2310 Arianorum
1374 2255 1681 2310 conatibus
1712 2256 1960 2323 obstitit,

305 2342 630 2414 abnuitque
660 2342 804 2397 actis
845 2342 1313 2399 Ariminensibus
1345 2343 1673 2416 suffragari.

372 2433 428 2487 6.
480 2432 712 2487 Paulini
762 2432 1090 2487 Trevirensis
1137 2435 1449 2488 constantia
1477 2436 1527 2488 et
1556 2434 1836 2489 exsilium.
1894 2465 1960 2474 —

304 2522 516 2577 Eadem
550 2521 608 2576 in
641 2522 862 2592 synodo
892 2521 1213 2577 Arelatensi
1248 2523 1590 2578 fortitudine
1622 2528 1797 2594 atque
1829 2541 1959 2580 con-

304 2611 519 2667 stantia
550 2610 791 2667 emicuit
819 2611 1101 2668 Paulinus
1131 2612 1437 2685 episcopus
1479 2612 1835 2669 Trevirensis
1858 2614 1953 2685 (ὁ),

303 2697 403 2769 qui
437 2697 752 2753 Maximino
783 2705 1147 2754 successerat
1178 2699 1473 2755 Athanasii
1506 2701 1851 2757 necessario.
1880 2706 1951 2769 ls,

302 2803 438 2841 cum
502 2786 624 2858 pari
692 2786 985 2857 violentia,
1063 2787 1365 2845 intentatis
1435 2789 1629 2861 minis,
1696 2788 1951 2863 episcopi

298 2874 501 2930 Ariani
530 2875 834 2946 instarent,
858 2876 1252 2949 juberentque
1286 2886 1347 2933 ut
1374 2895 1507 2934 cum
1537 2879 1767 2934 Arianis
1799 2880 1950 2935 ami-

302 2963 498 3018 citiam
524 2964 1068 3035 communionisque
1094 2966 1428 3021 societatem
1462 2966 1633 3021 iniret
1654 2967 1746 3039 (ε),
1780 2968 1952 3022 Atha-

298 3052 652 3125 nasiumque
671 3054 994 3121 damnaret,
1018 3054 1229 3109 maluit
1250 3055 1663 3111 sceleratorum
1686 3057 1951 3112 vindictae

302 3142 625 3211 subjacere,
659 3158 836 3213 quam
870 3143 940 3197 ad
971 3143 1305 3198 indecorem
1360 3144 1793 3201 simulationem
1848 3147 1952 3202 de-

306 3230 457 3298 duci,
475 3246 536 3285 se
550 3230 862 3286 Photinum
887 3232 1049 3287 aiens
1071 3237 1127 3286 et
1148 3232 1485 3289 Marcellum
1510 3235 1950 3301 damnatorum,

2081 646 2338 719 episcopi
2366 664 2569 704 omnes
2601 646 2986 703 Orientalium
3019 647 3324 706 sententiis
3347 648 3737 722 astipularen-

2081 740 2197 805 tur,
2228 737 2505 809 gravibus
2538 738 2595 791 in
2620 754 2718 793 eos
2741 737 2839 808 qui
2864 753 2981 792 non
3004 737 3470 809 obtemperarent
3494 738 3736 810 jactatis

2080 822 2679 880 interminationibus.
2715 824 2979 881 Liberius
3010 830 3227 893 autem,
3279 824 3371 881 cui
3414 830 3541 882 tum
3572 826 3733 883 cordi

2081 916 2206 967 erat
2234 914 2527 985 mquitatis
2555 929 2819 985 veraeque
2848 913 2983 968 ﬁdei
3015 930 3194 970 causa
3219 913 3313 986 (ε),
3362 919 3599 986 accepto
3647 915 3730 970 le-

2078 1004 2347 1071 gatorum
2379 1018 2621 1058 suorum
2653 1001 2842 1073 lapsu,
2896 1006 3056 1058 tanto
3108 1008 3358 1074 punctus
3388 1007 3479 1059 est
3507 1002 3729 1072 dolore,

2079 1094 2143 1143 ut
2172 1092 2610 1168 praecptandam
2642 1090 2753 1145 sibi
2786 1091 2968 1146 fuisse
2998 1097 3245 1147 mortem
3276 1095 3594 1149 testaretur
3622 1092 3732 1151 Ho-

2078 1176 2165 1232 sio
2196 1180 2544 1248 rescribens,
2592 1196 2771 1251 quam
2805 1185 2870 1235 ut
2899 1179 2958 1233 in
2988 1180 3193 1253 legatis
3222 1180 3347 1236 suis
3378 1180 3731 1240 novissimus

2079 1268 2345 1325 omnium
2376 1269 2681 1325 Athanasii
2712 1269 2935 1325 delator
2964 1268 3253 1326 videretur
3284 1287 3431 1341 esse,
3465 1277 3567 1327 aut
3597 1288 3730 1329 sen-

2078 1357 2278 1412 tentiis
2330 1357 2640 1431 Evangelio
2688 1358 3133 1415 adversantibus
3179 1358 3505 1430 astipulari.
3546 1361 3628 1416 Ac
3658 1376 3729 1419 ne

2077 1446 2390 1515 permultis
2422 1446 2710 1503 Vincentii
2742 1447 2944 1519 lapsus
2976 1446 3241 1519 exemplo
3269 1447 3359 1502 vel
3382 1448 3733 1505 offendicula

2076 1535 2241 1602 foret,
2297 1536 2521 1593 litteras
2571 1537 2756 1592 mittit
2803 1537 2875 1592 ad
2926 1535 3299 1591 Caecilianum
3348 1535 3731 1609 Spoletanum

2076 1624 2439 1698 episcopum,
2492 1626 2792 1682 hominem
2842 1625 3174 1693 cohortans,
3233 1630 3298 1681 ut
3344 1641 3416 1682 ne
3467 1643 3501 1681 a
3550 1629 3731 1700 probo

2075 1714 2320 1770 consilio
2369 1716 2655 1772 Vincentii
2702 1715 3170 1787 transgressione
3218 1720 3594 1784 avocaretur;
3628 1717 3732 1772 ﬁr-

2078 1819 2328 1874 musque
2358 1805 2696 1876 persisteret
2722 1805 2782 1859 in
2816 1804 3109 1877 aequitatis
3139 1820 3405 1878 veraeque
3456 1804 3730 1862 doctrinae

2075 1891 2472 1950 sollicitudine
2519 1912 2585 1951 ac
2633 1894 2850 1950 studio.
2906 1899 2973 1948 Et
3001 1910 3134 1949 vero
3166 1894 3237 1949 ad
3271 1910 3555 1965 magnum
3587 1894 3728 1951 item

2076 1980 2318 2037 Hosium
2355 1984 2456 2039 dat
2486 1983 2731 2053 litteras,
2774 1983 3085 2055 deplorans
3114 1982 3440 2055 legatorum
3474 1982 3729 2057 lapsum.

2076 2071 2257 2135 Quem
2291 2072 2556 2144 Hosium,
2610 2091 2714 2129 ceu
2750 2073 3064 2142 quamdam
3096 2071 3362 2129 Ecclesia:
3392 2072 3731 2133 columnam

2074 2160 2476 2231 suspiciebant
2505 2168 2630 2217 tum
2662 2162 2937 2217 universi.
2989 2166 3201 2217 Praeter
3246 2159 3367 2216 haec
3420 2166 3617 2219 autem
3659 2163 3733 2219 de

2074 2246 2299 2321 integro
2347 2255 2605 2307 oratores
2649 2251 2720 2305 ad
2771 2249 3179 2306 Constantium
3229 2250 3547 2306 mittendos
3595 2266 3729 2308 cen—

2074 2339 2194 2392 suit
2246 2340 2335 2412 (n,
2390 2340 2722 2396 Luciferum
2777 2357 2987 2412 nempe
3036 2338 3457 2411 Calaritanum,
3508 2340 3608 2412 qui
3640 2340 3729 2396 Li-

2072 2427 2301 2483 berium
2336 2430 2563 2494 adiens,
2597 2447 2724 2486 sese
2746 2429 2899 2485 ultro
2922 2428 3198 2502 legationi
3225 2429 3297 2484 ad
3320 2429 3727 2488 Constantium

2070 2516 2350 2572 obeundae
2383 2519 2692 2587 obtulerat,
2742 2519 3118 2575 Pancratium
3169 2518 3534 2590 (Eutropium
3564 2524 3732 2577 vocat

2068 2606 2443 2678 Athanasius)
2487 2610 2917 2681 presbyterum,
2967 2613 3026 2663 et
3074 2607 3363 2664 Hilarium
3417 2609 3729 2665 diaconum

2066 2711 2199 2749 cum
2230 2697 2481 2768 epistola
2513 2699 2581 2752 ad
2616 2700 2978 2771 Augustum,
3012 2698 3164 2754 datis
3195 2697 3333 2753 item
3365 2696 3596 2767 litteris,
3623 2699 3732 2755 Eu-

2064 2784 2224 2840 sebio
2268 2785 2620 2842 Vercellensi
2667 2789 2873 2843 eodem
2922 2787 3151 2855 itinere,
3204 2792 3522 2860 antequam
3575 2789 3730 2844 Con-

2064 2876 2359 2931 stantium
2392 2876 2641 2949 adirent,
2688 2877 3024 2933 tradendis:
3057 2877 3230 2949 cujus
3265 2878 3369 2932 hoc
3398 2882 3520 2933 erat
3549 2895 3740 2951 argu-

2063 2970 2353 3031 mentum,
2398 2966 2607 3021 solatio
2638 2984 2767 3023 esse
2798 2967 2909 3022 sibi
2941 2966 3218 3022 invictam
3254 2967 3382 3038 ejus
3414 2967 3591 3023 ﬁdem
3624 2968 3731 3054 (g),

2063 3056 2217 3126 quod
2250 3072 2391 3111 sane
2423 3057 2800 3112 commodum
2834 3062 3349 3129 opportunumque
3387 3057 3723 3117 accedebat.

2062 3142 2207 3199 Nam
2242 3149 2373 3215 post
2401 3144 2690 3201 Vincentii
2724 3162 2949 3211 casum,
2996 3144 3391 3201 Orientalibus
3422 3146 3729 3219 obtempe-

2070 3239 2301 3288 raturos
2333 3233 2514 3289 fuisse
2547 3233 2802 3307 reliquos
2835 3252 2937 3307 per
2969 3234 3194 3290 Italiam
3226 3234 3551 3306 episcopos,
3609 3236 3725 3291 nisi

308 3336 421 3374 non
454 3319 662 3375 adduci
692 3325 891 3375 tamen
926 3338 1096 3392 posse
1120 3327 1184 3376 ut
1214 3323 1624 3391 Athanasium,
1660 3342 1834 3396 quem
1870 3326 1956 3380 in-
1988 3318 2035 3384 C
2074 3323 2490 3395 superveniens
2524 3324 2753 3380 Lucifer
2780 3343 2849 3380 ex
2880 3324 3171 3392 Sardinia,
3219 3324 3320 3397 qui
3350 3325 3530 3397 probe
3559 3328 3728 3381 norat

309 3412 533 3465 sontem
567 3410 907 3465 aestimaret.
941 3410 1086 3465 Cum
1119 3414 1314 3467 autem
1347 3429 1376 3467 e
1410 3430 1471 3467 re
1505 3416 1623 3469 fore
1655 3432 1762 3469 sua
1794 3419 1963 3486 puta-

311 3502 439 3553 rent
494 3498 683 3571 iniqui
744 3499 1033 3569 homines,
1094 3500 1143 3555 si
1194 3519 1227 3555 a
1273 3505 1437 3557 tanto
1490 3502 1611 3558 viro
1659 3503 1970 3559 Athanasii

320 3587 618 3643 damnatio
666 3592 1127 3660 extorqueretur,
1179 3589 1600 3647 blandimentis
1630 3598 1803 3664 atque
1836 3610 1971 3665 pro-

322 3677 545 3745 missis,
579 3679 815 3750 quando
846 3678 897 3733 vi
932 3679 1013 3733 nil
1045 3680 1444 3752 impetrarent,
1478 3681 1535 3735 id
1569 3681 1827 3738 obtinere
1862 3683 1972 3739 nisi

321 3771 483 3822 sunt.
518 3768 630 3823 Sed
662 3784 795 3824 cum
820 3768 1037 3825 frustra
1062 3786 1123 3825 se
1148 3770 1428 3825 invictum
1456 3770 1680 3826 Paulini
1709 3773 1971 3827 animum

321 3861 548 3912 tentare
579 3857 1111 3914 animadverterent
1141 3859 1237 3931 (ἀ),
1284 3864 1349 3914 ut
1380 3860 1637 3916 Ecclesia
1666 3861 1975 3934 indignum

324 3950 499 4018 atque
549 3947 838 4003 nefarium
870 3948 929 4003 in
960 3950 1231 4005 exsilium
1282 3951 1575 4021 deportari
1609 3955 1835 4005 curant.
1887 3950 1981 4006 Sic

325 4041 520 4091 autem
553 4035 639 4091 vir
667 4036 764 4091 ille
797 4038 1153 4094 fortissimus
1187 4038 1491 4110 exsulavit,
1525 4044 1589 4094 ut
1619 4057 1733 4095 non
1769 4040 1869 4095 diu
1891 4057 1981 4097 eo-

326 4125 459 4180 dem
507 4125 633 4181 loco
683 4126 1005 4182 consistere
1052 4127 1271 4190 liceret.
1327 4128 1428 4184 scd
1470 4146 1540 4183 ex
1568 4127 1684 4185 alia
1714 4129 1771 4184 in
1804 4130 1984 4184 aliam

326 4214 532 4269 urbem
585 4219 869 4286 raptatus,
924 4215 1111 4271 varias
1162 4223 1495 4289 peragraret
1553 4220 1867 4291 regiones:
1918 4235 1985 4274 eo

329 4302 613 4358 nimirum
644 4304 909 4373 consilio,
943 4310 1007 4359 ut
1040 4306 1258 4361 fractus
1290 4306 1456 4361 taedio
1489 4306 1874 4363 diuturnioris
1900 4306 1987 4361 iti-

331 4392 489 4447 neris
520 4391 717 4447 animo
748 4394 1096 4463 concideret,
1123 4411 1463 4467 moremque
1486 4401 1708 4468 gereret
1731 4397 1985 4452 Arianis.

2078 3429 2275 3467 eorum
2302 3413 2359 3467 in
2383 3413 2774 3470 Athanasium
2796 3414 3075 3470 invidiam
3103 3422 3276 3487 atque
3296 3414 3727 3487 implacabilem

2078 3502 2249 3568 iram,
2275 3518 2402 3557 sese
2424 3502 2737 3558 obtulisset
2756 3504 2827 3559 ad
2848 3503 3198 3576 legationem
3221 3505 3375 3576 apud
3397 3508 3729 3578 Augustum

2083 3591 2435 3658 obeundam,
2488 3591 2892 3663 postulaturus
2923 3592 3280 3649 celebrandae
3312 3594 3519 3667 synodi
3552 3593 3733 3650 facul-

2084 3684 2286 3734 tatem.
2346 3680 2530 3753 Rogat
2580 3698 2691 3737 sua
2733 3699 3044 3738 suorumve
3074 3699 3249 3755 opera
3281 3684 3538 3742 Lucifero
3570 3683 3643 3740 ad
3674 3682 3735 3739 id

2086 3770 2523 3841 impetrandum
2575 3771 2718 3825 ferat
2767 3789 2970 3843 opem;
3028 3790 3150 3827 rem
3201 3772 3471 3844 pluribus
3517 3774 3740 3846 legatos

2086 3858 2199 3931 ipsi
2232 3864 2590 3915 narraturos.
2626 3862 2964 3915 Constantio
2996 3867 3190 3917 autem
3236 3864 3499 3936 Augusto
3532 3862 3743 3919 litteris

2090 3948 2482 4019 significabat,
2518 3965 2681 4020 spem
2713 3949 2895 4006 fuisse
2926 3949 3036 4006 sibi
3069 3968 3103 4006 a
3131 3949 3457 4007 Christiano
3492 3952 3743 4024 impera-

2093 4042 2216 4092 tore
2246 4041 2302 4092 et
2333 4039 2695 4093 Constantini
2732 4038 2848 4093 tilio
2881 4039 3179 4111 postulata
3208 4042 3579 4098 concedenda
3600 4042 3741 4107 fore,

2095 4126 2206 4182 nisi
2241 4132 2647 4198 exasperatum
2692 4128 2820 4198 ejus
2852 4145 2989 4202 erga
3017 4146 3079 4185 se
3109 4129 3374 4185 animum
3408 4135 3742 4203 arguerent,

2094 4230 2223 4287 quae
2255 4217 2325 4271 ad
2358 4233 2419 4271 se
2447 4215 2822 4273 lacerandum
2868 4218 3080 4291 populo
3133 4220 3409 4276 misisset.
3463 4218 3746 4276 Miraculo

2096 4321 2224 4360 esse
2255 4305 2365 4360 sibi
2396 4322 2429 4360 a
2460 4309 2579 4361 tam
2613 4305 2896 4362 clemente
2941 4309 3202 4380 principe
3250 4308 3571 4381 profectam
3619 4324 3746 4363 rem

2097 4393 2409 4465 ejusmodi.
2442 4393 2650 4449 Veram
2683 4412 2745 4451 se
2775 4412 2909 4451 cum
2940 4396 3290 4470 imperatore
3321 4413 3522 4469 pacem
3554 4396 3752 4469 requi-

331 4480 484 4535 Dum
532 4480 585 4535 vi
620 4480 966 4554 compulsus
994 4482 1161 4539 sedes
1191 4484 1442 4540 subinde
1472 4486 1894 4555 commutat,in
1924 4502 1994 4542 ea
2100 4498 2244 4553 rere,
2276 4500 2388 4538 non
2414 4484 2611 4538 ﬁctam
2633 4490 2690 4539 et
2708 4483 3069 4540 simulatam.
3094 4486 3220 4541 Non
3249 4486 3555 4542 Athanasii
3579 4487 3753 4542 modo

333 4569 573 4625 demum
605 4569 731 4626 loca
778 4571 1023 4643 appulit,
1077 4572 1174 4627 ubi
1208 4576 1345 4628 Jesu
1379 4573 1593 4629 Christi
1629 4591 1839 4630 nomen
1876 4592 1991 4631 non
2102 4589 2281 4628 causa
2326 4572 2525 4627 haberi
2574 4574 2862 4646 synodum
2895 4578 3193 4646 oportere;
3242 4576 3342 4630 sed
3374 4575 3491 4630 alia
3519 4591 3757 4648 quoque

337 4658 656 4730 colebatur,
690 4659 748 4714 in
781 4661 1092 4734 Phrygiam
1126 4661 1348 4717 scilicet
1379 4662 1869 4718 Montanistarum
1903 4679 1991 4719 er-
2022 4683 2073 4753 D
2106 4662 2294 4718 multa
2326 4663 2542 4718 instare
2577 4663 2824 4735 negotia,
2860 4669 3036 4735 atque
3066 4665 3122 4718 in
3158 4664 3367 4736 primis
3392 4665 3464 4720 de
3485 4681 3617 4721 vera
3643 4665 3758 4722 ﬁde

339 4747 573 4803 roribus
604 4750 895 4805 refertam.
934 4750 1067 4806 Erat
1105 4750 1397 4823 siquidem
1433 4752 1614 4823 impia
1642 4769 1809 4808 mens
1844 4752 1997 4808 nefa-
2022 4747 2063 4753 ”
2108 4768 2235 4808 esse
2269 4753 2583 4824 agendum.
2615 4752 2757 4808 Rem
2791 4753 2920 4823 ejus
2967 4752 3211 4826 imperio
3242 4754 3479 4827 dignam
3510 4770 3661 4820 esse,
3693 4757 3762 4810 ut

341 4835 610 4908 riumque
662 4838 975 4895 consilium
1026 4840 1401 4907 Arianorum,
1454 4846 1520 4896 ut
1566 4841 1653 4897 vel
1688 4842 1840 4898 fame
1870 4841 2001 4898 istic
2108 4846 2195 4897 tot
2250 4842 2704 4914 disceptationes
2762 4843 2939 4897 finem
2998 4842 3315 4898 inveniant.
3373 4843 3583 4900 Multos
3631 4860 3760 4901 esse

343 4926 627 4994 interiret,
660 4928 749 4983 vel
780 4928 1036 4999 pollutos
1065 4931 1435 4986 exsecrandis
1465 4931 1719 4986 Montani
1751 4936 1808 4985 et
1834 4930 2003 4987 Maxi-
2112 4931 2495 4987 discidiorum
2528 4931 2897 5004 percupidos,
2947 4932 3050 5004 qui
3097 4950 3159 4989 se
3208 4933 3433 4989 litteras
3473 4933 3763 5005 quasdam

347 5013 519 5069 millze
546 5015 756 5071 ritibus
778 5017 963 5083 cibos,
981 5019 1222 5089 penuria
1244 5021 1875 5093 cogente,comederet;
1902 5020 2003 5091 qui
2115 5020 2438 5077 occultasse
2470 5022 2877 5092 mentirentur,
2909 5039 3021 5092 quo
3052 5028 3293 5095 possent
3321 5022 3500 5079 latere
3518 5021 3768 5078 crimina

351 5104 612 5176 demum,
645 5122 760 5160 non
785 5106 1006 5162 fractus
1028 5108 1244 5179 animo,
1270 5110 1367 5164 sed
1395 5109 1589 5164 inedia
1611 5109 2006 5180 aerumnisque
2116 5110 2377 5165 damnati
2426 5109 2553 5175 viri,
2605 5127 2814 5183 nempe
2860 5111 3183 5167 Athanasii.
3238 5112 3309 5169 Se
3342 5111 3473 5168 illas
3525 5111 3764 5185 quidem

350 5193 708 5263 debilitatus,
760 5196 1060 5251 confessor
1102 5203 1156 5252 et
1196 5198 1358 5253 exsul
1390 5198 1664 5253 occubuit
1695 5216 1847 5253 anno
1879 5199 2004 5254 358.
2117 5197 2422 5271 evulgasse
2442 5197 2689 5266 litteras,
2722 5199 2934 5271 legisse
2955 5199 3227 5265 ecclesiae,
3250 5199 3462 5273 legisse
3488 5199 3765 5268 concilio;

420 5285 584 5339 ANNO
631 5285 755 5341 354.
810 5316 876 5326 -
926 5287 974 5341 1.
1028 5287 1243 5342 Liberii
1289 5297 1433 5358 gesta
1483 5288 1777 5343 Athanasii
1820 5304 2006 5343 causa.
2122 5287 2365 5343 minime
2394 5293 2591 5343 tamen
2614 5287 2687 5343 iis
2712 5287 2993 5344 habuisse
3015 5290 3213 5357 fidem,
3238 5290 3395 5361 quod
3423 5292 3653 5363 putaret
3676 5304 3774 5344 oc-

352 5403 423 5415 —
455 5376 586 5430 Post
616 5373 1014 5433 Arelatensem
1054 5376 1365 5449 synodum,
1420 5376 1581 5448 pacis
1632 5375 2010 5432 conciliandae
2120 5376 2345 5449 toginta
2375 5376 2784 5448 episcoporum
2827 5376 2897 5432 de
2942 5378 3260 5433 Athanasio
3314 5378 3667 5436 sententiam
3700 5376 3774 5434 iis

428 5550 506 5624 (a)
541 5550 718 5609 Hilar.
753 5553 1009 5626 Fragm.,
1040 5553 1345 5636 col._1332.
2197 5555 2268 5696 E3
2298 5554 2501 5610 Hilarii
2532 5555 2886 5639 Fragment,
2920 5556 3029 5611 col.
3065 5555 3221 5611 1334.

432 5622 507 5696 (b)
537 5623 858 5680 Marcellin.
887 5631 946 5681 et
977 5627 1263 5696 Faustin.,
1296 5626 1355 5682 in
1387 5624 1620 5684 Libello.
2294 5626 2509 5685 Athan.
2542 5627 2679 5682 Hist.
2710 5626 2903 5683 Anan.
2934 5626 3009 5683 ad
3035 5641 3221 5685 monac

432 5622 507 5699 (rb)
537 5622 946 5699 ligarcellinfet
977 5625 1263 5697 Faustin.,
1296 5626 1355 5682 in
1387 5624 1620 5684 Libello.
2198 5622 2266 5699 (Ι)
2294 5626 2509 5699 Athan.
2542 5622 2679 5682 Ηίδῖ.
2710 5622 2903 5699 Arion.
2934 5626 3009 5683 ad
3035 5625 3345 5699 monachos,
3380 5644 3442 5687 n.
3476 5630 3563 5687 41.

434 5697 506 5773 (ε)
535 5697 775 5773 ζῃξιονία
803 5697 874 5773 ad
900 5699 1217 5773 monachos.
2198 5697 2275 5773 (9')
2308 5698 2541 5773 Baron.,
2575 5713 2711 5755 ann.
2743 5698 2870 5768 353,
2902 5715 2960 5756 n.
2992 5699 3045 5753 2.

432 5766 513 5842 td)
538 5766 746 5841 Hilar.,
779 5768 887 5825 col.
925 5771 1086 5829 1282.

688 5895 956 5961 ΡΑταοι..
1001 5896 1117 5962 Gn.
1177 5895 1347 5966 XXV

3422 5891 3467 5975 ἔξ
