4166 6380
411 442 604 492 CXVIII

1810 432 2236 498 PROLEGOM
2247 437 2424 499 ENA.

410 579 542 620 esse
571 563 1030 622 anteferendum.
1077 564 1156 620 Ea
1187 563 1405 636 scripta
1435 563 1713 621 detulisse
1743 566 2064 622 Eusebium
2093 577 2148 642 Α
2179 569 2380 626 sulum
2429 574 2560 626 vota
2598 570 3055 636 concurrebant;
3103 567 3203 640 qui
3246 564 3570 623 Constantii
3620 578 3728 636 ope
3776 565 3837 620 et

411 653 751 723 quemdam,
813 653 912 726 qui
962 653 1072 708 iter
1123 654 1178 707 in
1230 653 1486 708 Africam
1547 654 1804 725 haberet,
1857 656 2059 711 eadem

407 741 700 798 Arelatem
732 741 1040 814 pertulisse
1059 741 1434 797 Vincentium
1462 743 2062 815 Capuanum.Exinde

407 846 565 896 vero,
606 835 668 886 ut
698 831 945 886 crimina
974 831 1274 902 propulset
1303 833 1457 903 apud
1509 833 1913 888 Constantium
1948 834 2060 888 sibi

410 917 626 988 ablata,
679 935 740 974 se
790 919 1137 974 testiﬁcatur
1182 918 1326 974 nihil
1366 937 1433 974 ex
1464 921 1773 976 temerario
1805 922 2060 992 quodam

412 1007 626 1076 furore,
660 1006 805 1062 nihil
840 1025 941 1078 per
960 1009 1309 1079 jactantiam
1343 1010 1658 1081 autglorire
1681 1011 2059 1082 cupiditatem

410 1095 694 1152 hactenus
722 1095 1086 1153 admississe.
1125 1099 1376 1153 Invitum
1400 1115 1460 1154 se
1488 1100 1558 1154 ad
1581 1099 1833 1154 delatam
1862 1101 2058 1155 sedem

409 1185 888 1257 pontiﬁciumque
920 1203 1139 1242 munus
1171 1187 1508 1254 accessisse,
1561 1205 1734 1243 suum
1774 1189 1900 1259 jam
1933 1204 2061 1243 esse

408 1290 541 1329 cum
591 1273 799 1330 timore
847 1275 946 1330 Dei
1000 1275 1198 1332 omnia
1252 1293 1546 1348 peragere,
1601 1294 1663 1332 ac
1714 1293 1914 1332 curare
1945 1293 2060 1334 non

405 1379 533 1430 sua,
586 1365 687 1420 sed
738 1364 1056 1436 apostolica
1104 1370 1324 1421 statuta
1354 1366 1608 1433 servari;
1659 1383 1720 1422 se
1753 1366 2062 1437 nihiljura

405 1452 654 1509 Romani
686 1455 1059 1527 episcopatus
1104 1455 1310 1522 minui,
1363 1455 1506 1509 nihil
1540 1457 1734 1526 augeri
1767 1473 1894 1511 esse
1927 1473 2058 1527 pas-

405 1557 562 1612 sum,
594 1542 889 1614 ﬁdemque
911 1560 1105 1599 veram
1131 1543 1415 1599 illibatam
1442 1545 1722 1599 custodiri
1747 1562 1808 1599 se
1831 1561 2061 1616 semper

405 1635 698 1702 exoptare.
730 1631 1070 1705 Signiﬁcare
1101 1634 1338 1704 quidem
1369 1634 1713 1700 Orientales,
1766 1651 1962 1704 pacem
1997 1652 2060 1690 se

404 1735 540 1774 cum
591 1719 818 1777 Liberio
862 1726 920 1776 et
965 1739 1096 1776 cum
1129 1722 1602 1778 Occidentalibus
1633 1723 1846 1778 habere
1878 1722 2054 1786 velle;

404 1809 506 1864 sed
530 1808 752 1865 nullam
774 1827 901 1867 esse
925 1828 1093 1882 posse
1116 1829 1249 1868 cum
1274 1812 1633 1880 hominibus,
1661 1831 1911 1885 quorum
1936 1831 2062 1869 ora-

406 1903 562 1954 tores
605 1904 738 1956 ante
782 1917 968 1957 annos
1017 1907 1143 1957 octo
1192 1901 1498 1956 Mediolani
1553 1903 1901 1958 abnuissent
1940 1903 2055 1958 Arii

407 1989 756 2044 sententiam
790 1991 1169 2062 proscribere.
1213 1993 1507 2062 Erantque
1541 1991 1576 2045 il
1611 1992 1782 2063 legati
1811 1997 2062 2064 quatuor

405 2077 661 2151 episcopi
680 2079 882 2134 Ariani
906 2079 1308 2152 Demophilus,
1325 2080 1718 2146 Macedonius,
1742 2082 2056 2150 Eudoxius,

403 2170 460 2222 et
490 2167 818 2241 Martyrius.
852 2169 975 2224 Non
1009 2185 1138 2224 esse
1169 2187 1382 2224 novum
1416 2170 1569 2240 quod
1595 2172 1722 2240 jam
1755 2171 2058 2227 occasione

405 2257 660 2313 nominis
725 2257 1023 2313 Athanasii
1094 2259 1486 2315 moliebantur
1547 2259 1765 2316 Ariani.
1823 2262 2058 2317 Exstare

402 2345 616 2419 quippe
664 2347 888 2403 litteras
922 2348 1231 2403 Alexandri
1261 2349 1619 2404 Alexandriae
1674 2350 1930 2423 episcopi
1984 2352 2055 2406 ad

402 2434 765 2504 Sylvestrum
817 2435 956 2491 olim
1012 2437 1393 2510 conscriptas,
1445 2439 1659 2510 quibus
1694 2440 2060 2510 signiﬁcabat

402 2523 672 2580 undecim
703 2529 824 2580 tam
855 2526 1226 2598 presbyteros
1259 2544 1436 2598 quam
1461 2527 1760 2598 diaconos,
1793 2531 1947 2600 quod
1971 2546 2058 2585 es-

400 2617 531 2668 sent
565 2612 686 2668 Arii
733 2615 1030 2670 erroribus
1078 2615 1399 2687 conspersi,
1449 2633 1482 2671 a
1530 2633 1590 2672 se
1639 2617 1896 2672 Ecclesia
1943 2619 2056 2690 eje-

403 2705 526 2757 ctos
545 2701 758 2771 fuisse;
781 2719 850 2758 ex
872 2720 1123 2775 quorum
1147 2721 1392 2760 numero
1418 2705 1654 2776 quidam
1681 2712 2060 2778 superessent

405 2792 505 2864 qui
537 2792 761 2864 privata
799 2798 962 2848 extra
1004 2793 1311 2850 ecclesiam
1343 2796 1725 2852 conciliabula
1753 2797 2053 2864 haberent,

405 2871 622 2954 quibus
653 2887 775 2937 erat
801 2883 1075 2938 societate
1099 2901 1162 2938 ac
1184 2885 1856 2957 communionejunctus
1880 2888 2055 2943 Geor-

405 2970 537 3044 gius
569 2970 901 3044 episcopus,
926 2977 992 3026 ut
1017 2973 1244 3028 videtur
1268 2974 1648 3030 Laodicenus.
1676 2975 1906 3031 Nullam
1930 2993 2057 3032 esse

407 3077 608 3133 pacem
654 3077 845 3131 posse,
879 3060 927 3115 si
958 3060 1175 3117 talibus
1205 3061 1546 3119 hominibus
1577 3071 1861 3136 cogantur
1889 3067 2056 3122 obse-

409 3151 508 3223 qui
542 3149 669 3206 Itali
699 3150 977 3224 episcopi.
1012 3151 1091 3206 Ex
1122 3150 1409 3207 Vincenlii
1443 3157 1498 3208 et
1527 3154 1820 3209 sociorum
1846 3154 2057 3212 litteris

405 3240 706 3313 propalam
755 3257 903 3312 esse,
955 3245 1172 3296 terrore
1218 3242 1378 3313 ipsos
1418 3242 1718 3314 animique
1753 3245 2054 3315 perturba-

2174 659 2526 715 auctoritate
2560 659 2710 724 freti,
2745 676 2807 714 se
2830 658 2974 714 nihil
3000 675 3113 713 non
3137 657 3198 712 in
3223 657 3444 729 synodo
3467 671 3572 724 pro
3594 653 3840 710 libidine

2171 753 2227 803 et
2248 748 2486 803 arbitrio
2511 766 2617 804 suo
2641 754 3056 804 consecuturos
3081 747 3416 820 sperabant.
3445 745 3673 816 Resque
3691 756 3834 798 sane

2172 837 2414 907 contigit
2445 843 2508 891 ut
2539 837 2923 909 peruptabant
2953 836 3082 909 ipsi.
3120 837 3182 891 In
3217 851 3437 891 annum
3471 835 3666 905 itaque
3697 848 3831 904 pro-

2170 926 2324 980 xime
2356 933 2695 998 sequentem
2727 927 3045 998 imperator
3075 925 3365 997 synodum
3390 922 3597 978 indicit
3618 921 3832 978 Medio-

2172 1013 2288 1068 lani
2322 1015 2753 1070 celebrandam.

2243 1105 2294 1158 4.
2331 1104 2476 1159 Galli
2502 1120 2670 1159 mors.
2720 1136 2787 1143 —
2837 1104 2953 1159 Iloc
2985 1120 3137 1158 anno
3170 1100 3371 1158 Gallus
3401 1101 3592 1156 Caesar
3621 1100 3694 1155 de
3723 1115 3830 1154 cie-

2171 1192 2344 1247 dibus
2392 1191 2640 1264 aliisque
2691 1192 2990 1248 maleﬁciis
3031 1191 3259 1247 delatus
3293 1190 3363 1245 ad
3399 1188 3832 1256 Constantium,

2166 1281 2340 1350 jussu
2359 1282 2487 1352 ejus
2510 1281 2697 1353 capite
2716 1285 3021 1336 truncatus
3039 1297 3239 1352 pmnas
3262 1278 3390 1334 luit.
3405 1276 3680 1333 Julianus
3704 1291 3838 1332 vero

2173 1370 2352 1424 frater
2379 1371 2507 1440 ejus
2538 1370 2596 1424 in
2631 1387 2932 1425 summum
2957 1370 3166 1441 capitis
3189 1368 3508 1423 discrimen
3538 1366 3718 1434 venit,
3740 1365 3836 1422 vix

2172 1459 2481 1530 impetrata
2498 1477 2530 1514 a
2547 1459 2886 1515 Constantio
2908 1458 3330 1515 incolumitate.
3350 1457 3402 1513 Is
3420 1455 3544 1529 ipse
3556 1455 3835 1512 Julianus

2170 1553 2277 1614 est,
2338 1547 2436 1619 qui
2471 1549 2541 1603 ad
2573 1548 2889 1620 imperium
2919 1552 3122 1620 postea
3143 1553 3396 1613 evectus,
3433 1563 3466 1601 a
3505 1543 3839 1600 Christiana

2171 1636 2449 1707 religione
2480 1638 2548 1692 ad
2585 1637 2907 1708 gentilitios
2939 1636 3089 1692 ritus
3121 1636 3419 1703 deﬁciens,
3453 1634 3720 1707 ingentes
3747 1632 3834 1689 in-

2171 1725 2303 1780 tulit
2335 1726 2600 1780 Ecclesiaa
2633 1726 3018 1782 calamitates.

2239 1816 2292 1869 5.
2341 1817 2532 1870 Missus
2579 1817 2676 1888 qui
2727 1817 3098 1870 Athanasium
3143 1814 3482 1884 deturbaret,
3527 1813 3760 1884 pellitur
3800 1828 3836 1867 a

2167 1903 2346 1975 plebe.
2371 1935 2432 1944 —
2454 1903 2511 1958 Si
2539 1905 2682 1959 fides
2706 1909 2793 1959 est
2814 1905 3132 1958 Sozomeno
3155 1903 3255 1974 (α),
3279 1917 3432 1958 anno
3455 1906 3586 1974 post
3606 1899 3830 1956 delatas

2171 2010 2203 2046 a
2232 1993 2507 2047 Montano
2537 1992 2946 2047 Alexandriam
2978 1991 3203 2047 litteras
3234 1993 3652 2062 subsequente,
3681 1989 3838 2046 scili-

2171 2087 2258 2136 cet
2288 2082 2396 2137 hoc
2428 2099 2580 2137 anno
2611 2083 2737 2148 354,
2785 2087 3006 2148 aestate,
3055 2080 3203 2136 alter
3249 2081 3322 2136 ab
3353 2080 3703 2152 imperatore
3735 2096 3832 2135 ea-

2169 2171 2301 2226 dem
2336 2172 2406 2225 de
2439 2188 2617 2226 causa
2648 2171 2867 2226 missus
2914 2170 3347 2240 Alexandriam,
3393 2186 3510 2224 una
3539 2185 3672 2224 cum
3706 2185 3834 2224 ma-

2170 2260 2515 2331 gistratibus
2547 2261 2730 2327 urbis,
2767 2259 3154 2315 Athanasium
3187 2259 3433 2331 urgebat
3483 2264 3549 2314 ut
3597 2258 3829 2314 civitate

2171 2349 2492 2419 decederet,
2527 2350 3061 2422 gravissimumque
3091 2349 3320 2404 clericis
3341 2348 3470 2419 ejus
3491 2347 3710 2403 bellum
3738 2347 3834 2402 in-

2171 2438 2415 2494 dixerat.
2451 2442 2522 2494 At
2555 2456 2687 2494 cum
2722 2438 3037 2511 populares
3068 2439 3196 2509 ejus
3229 2436 3485 2510 appulsu
3516 2441 3692 2509 atque
3721 2435 3840 2492 im-

2171 2534 2306 2599 petu
2339 2529 2626 2599 perterriti
2661 2529 3046 2600 respirassent
3079 2545 3106 2581 a
3144 2532 3302 2581 metu
3332 2526 3601 2599 pristino,
3629 2527 3834 2580 adver-

2171 2617 2336 2688 sique
2350 2618 2487 2672 etad
2508 2633 2762 2689 pugnam
2780 2617 3039 2673 instructi
3056 2635 3156 2672 con
3167 2613 3837 2688 sisterent,imperatoris

2167 2705 2394 2778 legatus
2416 2712 2683 2762 metuens
2703 2706 3050 2761 seditionem
3071 2723 3136 2762 ac
3153 2706 3388 2773 caadem,
3407 2721 3464 2760 re
3485 2704 3697 2760 infecta
3715 2703 3832 2759 dis-

2169 2795 2363 2850 cessit.
2386 2799 2461 2850 Eo
2486 2795 2596 2850 loci
2616 2797 2769 2868 apud
2790 2797 3173 2851 Sozomenum
3199 2795 3507 2867 perspicuo
3521 2792 3661 2848 vitio
3682 2791 3844 2848 labo-

2172 2883 2481 2940 ratValesii
2495 2884 3055 2957 interpretatioﬂmc
3070 2885 3288 2956 quippe
3305 2884 3584 2953 verbum}:
3598 2877 3654 2935 δὲ
3668 2878 3844 2955 ἐπιγε.

2166 2974 2378 3045 νομὲνῳ
2417 2974 2555 3049 θέρει
2604 2973 3042 3048 παραγενόμενος
3091 2970 3274 3047 ἕτερος
3309 2971 3368 3026 ἐκ
3403 2970 3694 3045 βασιλέως,
3735 2969 3829 3025 σὺν

2166 3068 2283 3124 τοῖς
2316 3061 2366 3116 ἐν
2398 3067 2476 3134 τῷ
2508 3058 2643 3116 ἔθνει
2676 3061 2928 3139 ἄρχουσι,
2962 3064 3286 3136 κατήπειγεν
3322 3059 3477 3114 αὐτὸν
3510 3058 3701 3130 ἐξιέναι
3730 3065 3835 3129 τῆς

2167 3150 2406 3222 πολέως,
2427 3154 2506 3208 ita
2528 3153 2944 3224 interpretatur
2965 3151 3086 3207 ille:
3115 3153 3376 3224 Sequente
3397 3154 3584 3208 estate
3598 3151 3742 3206 alter
3769 3149 3837 3206 ab

2178 3246 2505 3314 imperatore
2547 3243 2743 3297 missus
2785 3260 2909 3297 eum
2934 3243 3240 3313 provinciae
3272 3241 3570 3296 rectoribus
3601 3240 3838 3295 Alexan-

407 3330 584 3398 tione,
611 3347 726 3387 non
750 3330 982 3403 proprio
1005 3331 1246 3386 consilio
1270 3331 1584 3388 descivisse
1607 3333 1676 3386 ad
1706 3333 2055 3388 sententiam
2091 3329 2132 3394 C
2172 3331 2352 3386 driam
2399 3333 2639 3397 veniens,
2695 3348 2821 3386 eum
2864 3347 2933 3386 ex
2963 3331 3096 3386 urbe
3125 3329 3402 3386 discedere
3431 3330 3717 3400 compulit.
3774 3329 3838 3384 In

405 3418 830 3475 Orientalium:
880 3420 1260 3491 proposuisse
1312 3426 1506 3475 tamen
1552 3425 1616 3475 ut
1659 3420 1753 3475 alii
1796 3421 2058 3494 epis00pi

399 3507 677 3564 Arianam
710 3508 980 3564 haeresim
1012 3509 1462 3581 proscriberent,
1498 3510 1598 3564 sed
1634 3510 1929 3581 repulsam
1961 3516 2053 3566 tu-

399 3595 559 3652 lisse.
616 3597 894 3654 Obsecrat
939 3597 1176 3653 demum
1229 3598 1491 3653 Liberius
1523 3597 1958 3670 imperatorem,
1993 3605 2057 3656 ut

403 3685 602 3741 isthiec
633 3687 867 3758 negotia
919 3692 1081 3742 curet
1130 3688 1546 3759 provideatque
1576 3687 1633 3743 in
1682 3689 1900 3761 synodo
1932 3690 2052 3762 agi-

400 3775 548 3833 tari:
582 3774 810 3848 legatoa
842 3792 980 3831 suos
1016 3776 1370 3841 Luciferum,
1403 3777 1772 3832 Pancratium
1808 3784 1863 3833 et
1894 3778 2051 3834 Ilila-

397 3863 552 3920 rium
584 3865 941 3937 perbenigne
973 3865 1234 3936 recipiat,
1268 3867 1663 3938 concedatque
1695 3865 2051 3923 celebrandae

397 3954 603 4025 synodi
638 3953 996 4010 facultatem.

463 4044 518 4098 2.
554 4043 829 4100 Profectis
858 4049 1055 4099 autem
1088 4043 1315 4116 legatis,
1368 4044 1590 4100 litteras
1624 4044 1908 4112 Liberius,
1943 4047 2045 4102 Ca-

393 4132 625 4206 lepodio
677 4133 931 4204 quodam
981 4133 1294 4204 deferente,
1346 4134 1415 4188 ad
1475 4134 1787 4190 Eusebium
1849 4137 2045 4206 misit;

394 4226 750 4294 rogatusque
798 4221 1161 4287 tabellarius,
1215 4226 1278 4276 ut
1325 4224 1573 4280 Eusebio
1632 4230 1836 4279 auctor
1893 4230 2048 4281 esset

394 4329 528 4368 cum
562 4311 770 4384 legatis
799 4312 870 4366 ad
904 4311 1311 4368 Constantium
1343 4313 1768 4385 proﬁciscendi.
1803 4314 2046 4387 Legatos

391 4407 591 4456 autem
626 4401 910 4456 Eusebius
934 4400 1214 4457 Vercellis
1237 4401 1553 4458 honoriﬁce
1575 4404 1934 4476 comiterque
1953 4421 2044 4460 ex-

391 4490 551 4562 cipit,
601 4489 704 4546 viae
744 4491 914 4562 juxta
966 4497 1140 4563 atque
1187 4491 1498 4563 legationis
1551 4494 1826 4549 comitem
1878 4495 2045 4551 oﬁ‘ert

388 4595 536 4634 sese.
576 4579 797 4635 Liberio
829 4579 1139 4652 signiﬁcat,
1187 4581 1574 4637 libentissime
1607 4599 1666 4637 se
1699 4581 1834 4638 huic
1865 4601 2040 4656 nego-

385 4667 466 4723 tio
497 4668 634 4724 dare
666 4685 924 4741 operam,
975 4686 1078 4724 nec
1128 4670 1467 4726 defuturum
1501 4671 1713 4737 ofﬁcio,
1749 4673 2037 4742 Ecclesiae,

388 4757 671 4813 Lucifero.
724 4758 828 4814 Cui
861 4775 993 4814 mox
1025 4760 1292 4814 rescribit
1343 4761 1624 4831 Liberius,
1678 4762 1930 4834 gaudere
1978 4779 2040 4819 se

383 4863 453 4901 ex
483 4847 680 4902 animo
712 4848 864 4919 quod
897 4849 1024 4919 ejus
1056 4849 1269 4921 negotii
1303 4867 1501 4904 curam
1536 4850 1880 4921 susciperet,
1913 4869 2040 4924 spe-

382 4952 512 4992 rare
542 4935 795 4992 multum
829 4953 949 4992 rem
982 4938 1109 5008 ejus
1141 4938 1532 4994 sollicitudine
1566 4939 1810 4995 feliciter
1838 4958 2035 5013 geren-

381 5025 516 5080 dam
543 5042 556 5080 :
591 5026 898 5098 scripsisse
931 5027 1344 5083 Fortunatiano
1369 5028 1746 5100 Aquileiensi,
1772 5047 1837 5085 ex
1864 5032 2034 5102 cujus

378 5113 518 5169 item
553 5115 796 5171 consilio
828 5119 1000 5188 atque
1033 5133 1206 5188 opera
1244 5117 1625 5189 impetrandae
1660 5119 1865 5190 synodi
1898 5135 2034 5192 spes

381 5204 697 5260 accederet.

446 5293 499 5346 3.
531 5292 803 5364 Synodius
832 5294 1244 5351 .‘llediolanensis
1288 5297 1574 5353 indicitur.
1608 5328 1678 5338 —
1709 5298 1906 5370 Neque
1937 5303 2029 5354 ta-

376 5398 510 5438 men
543 5386 714 5437 tanta:
746 5384 854 5439 fuit
884 5401 1070 5456 opera:
1100 5386 1390 5459 synodum
1424 5387 1759 5458 impetrare,
1795 5393 2028 5460 quantae

389 5475 602 5529 ebatur
634 5473 931 5529 Liberius:
969 5493 1105 5530 nam
1134 5492 1200 5530 eo
1235 5475 1577 5531 Arianorum
1612 5493 1845 5549 quoque
1878 5496 2025 5550 prae-

440 5703 519 5782 (ᾳ)
553 5703 918 5782 §ozom.
956 5725 1034 5774 1v,
1070 5725 1194 5782 capi.
1215 5709 1283 5782 _9.

2170 3437 2286 3492 qua
2303 3421 2564 3476 versione
2583 3421 2877 3492 duplicem
2904 3437 3129 3475 naevum
3158 3419 3352 3474 statim
3379 3417 3833 3474 advertas.lllnd

2167 3510 2346 3576 enim,
2387 3508 2476 3562 σὺν
2504 3514 2620 3568 τοῖς
2656 3506 2706 3561 ἐν
2737 3512 2817 3579 τῷ
2847 3505 2986 3561 ’ἐονει
3030 3506 3285 3583 ἂρχουσι,
3329 3523 3701 3579 nequaquam
3736 3523 3833 3563 co-

2165 3598 2490 3672 pulandum
2540 3615 2672 3653 cum
2735 3598 3090 3670 przecedente
3143 3614 3280 3652 voce
3340 3594 3825 3670 παραγενόμενοςς

2165 3705 2353 3759 neque
2385 3688 2540 3743 enim
2587 3688 2912 3758 putandum
2955 3687 3334 3758 magistratus
3363 3686 3589 3758 Egypti
3619 3684 3706 3741 vel
3738 3684 3826 3741 ci-

2162 3777 2356 3832 vitatis
2405 3775 2828 3841 Alexandrinze,
2881 3793 2949 3830 ex
2979 3775 3257 3830 comitatu
3292 3774 3687 3844 imperatoris,
3723 3774 3820 3846 qui

2163 3867 2366 3921 tumin
2393 3865 2572 3921 Gallis
2595 3866 2996 3934 versabantur,
3023 3866 3406 3937 indigyptum
3430 3863 3696 3931 venisse;
3721 3863 3823 3919 sed

2151 3955 2372 4027 jungas
2403 3955 2576 4010 velim
2611 3972 2739 4010 cum
2769 3971 2904 4009 voce
2925 3956 3273 4026 κατήπειγεν,
3304 3957 3366 4008 ut
3398 3952 3686 4008 sententia
3707 3951 3822 4006 sit:

2158 4061 2294 4100 cum
2325 4044 2771 4116 magistratibus
2801 4043 3029 4116 zEgypti
3062 4042 3290 4113 legatus
3317 4041 3412 4097 ille
3439 4039 3828 4114 compellebat

2156 4133 2540 4189 Athanasium
2575 4134 2718 4188 urbe
2749 4133 3041 4187 excedere.
3080 4131 3224 4186 Illud
3259 4130 3416 4186 enim
3442 4129 3653 4186 Valesii
3677 4145 3823 4186 com-

2153 4225 2299 4294 pulit
2320 4222 2596 4278 vitiosum
2618 4223 2755 4277 item
2779 4226 2898 4290 est;
2931 4237 3116 4293 neque
3134 4221 3290 4276 enim
3316 4219 3665 4276 Alexandria
3681 4223 3822 4275 tunc

2155 4313 2406 4368 decessit
2435 4311 2816 4378 Athanasius,
2865 4315 2924 4366 et
2955 4327 3096 4366 sane
3125 4310 3366 4366 verbum
3397 4309 3727 4384 κατήπειγεν
3758 4307 3821 4365 in

2154 4403 2494 4475 imperfecto
2517 4403 2692 4473 jacet.

2223 4495 2388 4547 ANNO
2437 4493 2561 4546 355.
2608 4523 2676 4530 —
2728 4491 2777 4544 1.
2830 4489 3079 4563 Synodus
3133 4489 3568 4545 Mediolanensis.
3604 4489 3817 4543 —An-

2154 4598 2265 4636 nus
2296 4581 2403 4634 355
2434 4580 2513 4635 rei
2549 4578 2845 4635 catholicae
2879 4580 3163 4634 exitiosus
3195 4579 3337 4647 fuit;
3386 4578 3445 4633 In
3497 4594 3614 4650 quo
3660 4575 3715 4632 vi
3760 4575 3820 4633 et

2149 4669 2454 4742 tyrannica
2499 4669 2819 4725 Constantii
2868 4673 3152 4740 potestate
3201 4667 3502 4741 religionis
3525 4669 3664 4739 jura
3693 4666 3816 4722 vio-

2151 4758 2582 4829 lata,ha3reticis
2602 4775 2834 4813 summa
2860 4759 2939 4812 rei
2966 4757 3376 4814 ecclesiasticas
3401 4756 3820 4812 administran-

2150 4850 2236 4903 dae
2261 4849 2567 4921 permissa,
2594 4846 2898 4902 catholicis
2924 4847 3275 4918 praesulibus
3297 4846 3384 4903 vis
3413 4845 3594 4917 illata,
3620 4845 3820 4902 oblata

2149 4938 2336 4994 exsilii
2360 4937 2688 5009 capitisque
2711 4937 2991 5008 pericula,
3026 4936 3138 4992 nisi
3161 4936 3548 4992 Athanasium
3573 4933 3816 4991 ferirent

2147 5028 2519 5084 anathemate
2535 5025 2927 5099 (b).Mediolan
2940 5044 3035 5081 um
3056 5026 3332 5097 igitur,ut
3349 5028 3641 5082 statutum
3659 5038 3814 5078 anno

2146 5118 2411 5191 proximo
2444 5120 2650 5184 fuerat,
2687 5120 3087 5172 convenerunt
3135 5115 3416 5187 episc0pi,
3466 5130 3535 5169 ex
3577 5111 3812 5168 Oriente

2143 5207 2381 5280 quidem
2413 5206 2609 5280 pauci,
2645 5206 2890 5278 reliquis
2934 5210 3036 5260 aut
3083 5205 3294 5272 morbi,
3328 5209 3431 5260 aut
3461 5201 3811 5270 senectutis,

2141 5303 2243 5355 aut
2271 5297 2534 5370 longiqui
2568 5297 2797 5352 itineris
2829 5313 3007 5352 causa
3037 5313 3102 5351 eo
3134 5296 3448 5352 concedere
3477 5294 3811 5350 detrectan-

2140 5389 2298 5444 tibus
2328 5405 2341 5442 :
2376 5386 2781 5443 Occidentales
2816 5392 3013 5442 autem
3046 5385 3267 5458 ingenti
3303 5400 3569 5453 numero,
3595 5383 3667 5440 ad
3691 5386 3808 5439 tre-

2139 5483 2338 5534 centos
2361 5477 2518 5532 enim
2545 5476 2803 5532 adfuere.
2835 5477 2920 5544 Et,
2951 5475 3035 5532 uti
3059 5492 3238 5548 supra
3260 5473 3585 5546 tetigimus,
3613 5472 3808 5546 suspi-

440 5775 518 5850 (b)
550 5775 768 5834 Socrat.
797 5775 899 5834 lib.
934 5795 973 5852 ι,
1005 5775 1268 5854 cap.'36;
1297 5781 1528 5837 Sozom.
1559 5780 1664 5838 lib.
1693 5799 1763 5857 iv,
1796 5801 1924 5860 cap.
1953 5785 2012 5855 9;
2059 5783 2349 5858 Sulpitius
2378 5782 2662 5853 Severus;
2695 5781 2904 5840 Baron.
2943 5797 3081 5839 ann.
3115 5780 3244 5852 353,
3281 5797 3342 5838 n.
