4166 6420
1590 434 1778 498 VITA
1822 432 1887 494 S.
1932 422 2381 494 ATHANASII.

3548 444 3696 491 CXIX

284 565 403 623 cari
434 567 673 639 quidem
708 573 853 636 erat,
886 586 954 625 ex
1001 569 1321 625 Constantii
1380 569 1577 624 animo
1636 549 1933 622 diuturnis
1961 566 2014 630 Α
2046 564 2339 635 principes
2363 562 2605 618 Nicana
2640 562 2893 632 ﬁdei,cui
2918 562 2989 618 ab
3023 562 3194 618 annis
3225 561 3468 634 triginta
3486 562 3698 634 impla-

281 657 635 713 Arianorum
668 658 915 714 fallaciis
947 660 1365 726 circumvento,
1385 674 1569 729 exque
1590 657 1764 711 rebus
1787 660 1927 709 Are-

281 744 971 818 lategestis,Arianorum
987 748 1305 820 prasulum
1349 748 1635 802 arbitratu
1674 744 1931 817 geranda

279 834 477 889 omnia
506 835 645 890 fore.
680 835 1069 899 Quamobrem
1102 837 1317 908 quibus
1339 836 1498 891 cordi
1520 840 1642 890 erat
1658 833 1927 890 ecclesia-

282 922 439 979 stica
473 924 752 979 doctrina
785 924 1113 997 integritas,
1147 928 1319 996 cujus
1379 930 1613 980 strenus
1659 923 1868 978 vindex
1899 939 1932 977 a

278 1010 483 1066 multis
517 1013 688 1068 annis
718 1014 997 1069 audiebat
1024 1014 1516 1079 Athanasius,vix
1546 1011 1746 1067 induci
1777 1016 1933 1083 pote-

280 1103 413 1155 rant
441 1105 506 1156 ut
534 1101 928 1157 Mediolanum
961 1103 1362 1173 concederent,
1396 1101 1499 1157 ubi
1528 1101 1930 1156 damnandum

281 1190 714 1261 prospiciebant
743 1192 1035 1246 insontem
1067 1191 1280 1247 virum.
1309 1190 1594 1246 Eusebius
1618 1190 1677 1244 in
1702 1188 1931 1261 primis,

284 1277 383 1349 qui
415 1278 680 1350 proximo
711 1296 864 1335 anno
895 1284 1090 1335 orator
1120 1280 1508 1335 Mediolanum
1558 1283 1812 1340 venerat,
1870 1278 1932 1332 in

280 1366 456 1422 istam
491 1368 717 1434 urbem,
743 1369 849 1423 etsi
871 1368 1281 1441 propinquam,
1315 1369 1586 1424 accedere
1619 1368 1931 1423 abnuebat.

282 1455 495 1511 Verum
530 1457 729 1512 Ariani
762 1474 792 1512 e
815 1475 874 1512 re
908 1458 1025 1513 fore
1053 1476 1161 1513 sua
1181 1458 1445 1513 arbitrati
1471 1459 1553 1512 sir
1572 1456 1657 1511 vir
1679 1456 1775 1512 ille
1804 1460 1932 1511 tan-

282 1549 380 1600 tus
405 1546 614 1615 synodi
632 1546 776 1601 actis
800 1546 1241 1619 astipularetur,
1266 1551 1549 1602 curarunt
1570 1545 1780 1601 litteris
1800 1563 1933 1618 syn-

281 1635 376 1689 odi
426 1634 663 1691 nomine
708 1636 1054 1707 conscriptis
1109 1636 1352 1691 evocari.
1414 1637 1482 1692 Et
1539 1653 1679 1691 sane
1733 1635 1933 1690 littera

282 1723 605 1779 maximum
629 1724 788 1795 pacis
803 1724 1225 1797 charitatisque
1239 1725 1500 1780 studium
1528 1724 1931 1797 praeferebant;

280 1812 568 1885 missique
598 1815 713 1868 duo
744 1818 883 1869 sunt
913 1814 1013 1885 qui
1045 1813 1199 1869 inter
1241 1813 1589 1870 Arianorum
1642 1812 1933 1884 principes

281 1902 792 1973 computabantur.
848 1903 1189 1958 Eustomius
1210 1902 1452 1969 scilicet,
1478 1906 1937 1974 seu,utputatur

279 1990 596 2057 Eudoxius,
631 1995 689 2046 et
716 1991 1072 2059 Germinius,
1106 1992 1205 2063 qui
1244 1991 1470 2047 litteras
1527 1991 1820 2057 afferrent,
1880 1994 1937 2045 et

278 2076 678 2134 Mediolanum
709 2080 1023 2136 accedendi
1058 2085 1323 2136 auctores
1353 2085 1572 2136 essent.
1601 2080 1673 2136 Se
1704 2080 1937 2135 aiebant

275 2167 572 2239 aquitatis
595 2168 1036 2240 concordiaque
1066 2184 1264 2223 amore
1287 2168 1601 2223 adventum
1625 2167 1754 2238 ejus
1773 2182 1937 2237 expeo

279 2260 635 2327 tere,rogare
655 2254 862 2328 legatis
884 2260 1112 2328 gereret
1156 2272 1516 2323 morem,nec
1565 2260 1940 2311 cunctaretur

283 2348 487 2400 contra
518 2343 859 2400 Marcellum
892 2349 948 2400 et
974 2345 1289 2401 Photinum
1320 2345 1644 2411 hareticos,
1680 2344 1937 2399 Athana-

282 2434 565 2504 siumque
599 2431 951 2505 sacrilegum
984 2433 1245 2502 deﬁnire,
1280 2450 1405 2505 qua
1430 2435 1555 2504 jam
1589 2436 1940 2505 propetotus

291 2522 596 2578 deﬁnisset
623 2522 817 2589 orbis;
853 2521 1022 2593 plura
1046 2522 1305 2578 dicturos
1338 2522 1578 2595 legatos.
1611 2522 1667 2576 Si
1690 2539 1805 2577 non
1840 2522 1940 2576 ob-

290 2613 666 2680 temperaret,
699 2625 765 2664 ea
797 2625 858 2664 se
882 2610 1245 2679 prastituros
1270 2626 1396 2681 qua
1421 2609 1744 2681 postularet
1763 2609 1942 2665 eccle-

293 2697 529 2753 siastica
558 2696 779 2770 regula,
817 2714 921 2752 nec
953 2698 1063 2769 ipsi
1096 2699 1467 2770 querelarum
1496 2698 1690 2755 locum
1748 2714 1944 2770 super-

294 2786 437 2852 fore,
471 2787 705 2857 quando
728 2787 929 2842 missis
958 2786 1167 2859 legatis
1200 2792 1437 2859 rogatus
1469 2789 1672 2843 fuerat.
1698 2787 1798 2843 Cui
1824 2788 1943 2860 epi-

297 2874 458 2930 stola
518 2874 791 2946 permulti
849 2875 1104 2947 episcopi
1165 2877 1661 2947 subscripserunt.
1738 2880 1947 2931 Extant

297 2962 592 3034 hodieque
613 2963 669 3017 in
695 2964 1228 3035 subscriptionibus
1249 2965 1491 3037 triginta
1504 2964 1821 3037 prasulum
1843 2982 1946 3021 no-

298 3050 460 3106 mina
489 3069 501 3117 ;
534 3068 602 3106 ex
633 3068 882 3123 quorum
917 3070 1162 3108 numero
1190 3053 1423 3121 Valens,
1465 3053 1754 3119 Leontius,
1806 3060 1946 3108 Aca-

296 3141 445 3207 cius,
478 3140 836 3210 Germinius,
865 3142 1214 3197 Arianorum
1249 3142 1663 3215 primipilares.
1697 3144 1948 3198 Eusebio

298 3230 599 3303 rescripsit
629 3231 804 3286 etiam
837 3231 1176 3303 imperator,
1209 3248 1427 3303 urgens
1476 3232 1822 3302 profectum,
1884 3249 1949 3287 ac

2042 652 2226 708 cabile
2260 651 2476 707 bellum
2506 653 2859 719 indixerant,
2893 651 3268 722 astipulaturi
3302 656 3487 707 erant.
3538 653 3693 706 Tum

2039 745 2277 812 accepta
2305 741 2506 796 charta
2534 741 2848 813 Dionysius
2878 740 3350 807 Mediolanensis,
3373 758 3519 796 vera
3552 741 3694 795 ﬁdei

2039 835 2455 903 propugnator,
2519 829 2676 901 prior
2722 829 3067 902 suffragium
3126 829 3367 885 Nicana
3428 828 3691 884 formula

2040 919 2331 974 ascribere
2364 916 2553 989 capit.
2591 918 2801 973 Valens
2830 923 3022 973 autem
3044 919 3332 973 calamum
3350 923 3407 973 et
3429 920 3694 973 chartam

2039 1006 2322 1063 violenter
2351 1006 2612 1077 extorsit,
2646 1008 2999 1062 vociferatus
3030 1008 3085 1062 id
3122 1008 3265 1062 nihil
3299 1009 3370 1063 ad
3404 1025 3527 1063 rem
3557 1024 3686 1078 qua

2042 1102 2167 1151 tum
2204 1096 2488 1169 agebatur
2519 1097 2828 1167 pertinere,
2862 1113 2966 1151 nec
2999 1097 3305 1167 quidpiam
3341 1115 3408 1153 ea
3467 1096 3694 1151 ratione

2042 1186 2363 1258 perfectum
2382 1184 2731 1239 iri.Suborto
2752 1184 2955 1239 exinde
2980 1184 3352 1253 clamore,res
3381 1185 3439 1239 in
3479 1185 3693 1258 vulgus

2042 1273 2613 1346 emanat,gravisque
2635 1274 2897 1328 omnium
2932 1274 3160 1329 animos
3182 1275 3346 1329 dolor
3362 1274 3690 1345 occupavit,

2044 1364 2197 1435 quod
2230 1364 2301 1418 ab
2324 1362 2469 1435 ipsis
2500 1363 2902 1418 sacerdotibus
2936 1362 3463 1435 impugnariﬁdem
3490 1379 3693 1419 cerne-

2043 1457 2190 1507 rent.
2223 1452 2438 1507 Valens
2470 1456 2686 1515 autem,
2722 1451 3094 1522 Ursacius,ct
3113 1451 3557 1523 reliquiAriani,
3586 1453 3690 1523 ju-

2043 1542 2261 1597 dicium
2293 1540 2490 1613 populi
2526 1541 2993 1609 reformidantes,
3027 1559 3095 1596 ex
3126 1542 3422 1597 dominico
3456 1559 3560 1597 seu
3610 1558 3698 1596 ec-

2044 1630 2221 1686 clesia
2242 1632 2313 1685 ad
2347 1630 2631 1698 palatium
2663 1635 2992 1696 transeunt,
3026 1631 3193 1702 quasi
3219 1631 3441 1686 scilicct
3472 1629 3692 1686 aulico-

2045 1738 2175 1776 rum
2209 1720 2467 1785 comitia,
2498 1736 2614 1774 non
2647 1720 3080 1791 episcoporum,
3112 1725 3593 1776 convocarentur.

2114 1809 2164 1861 2.
2200 1808 2451 1862 Edictum
2501 1808 2807 1863 Constantii
2859 1809 3087 1879 offertur
3134 1808 3599 1864 subscribendum.
3626 1840 3695 1851 —

2044 1900 2198 1954 Intra
2217 1898 2494 1968 palatium
2543 1899 2884 1967 congregati,
2941 1897 3022 1953 ait
3079 1898 3369 1970 Sulpitius
3425 1899 3695 1969 Severus,

2045 1987 2202 2041 illinc
2223 1988 2511 2057 epistolam
2530 1986 2629 2040 sub
2654 1988 3002 2057 imperatoris
3020 1989 3244 2042 nomine
3264 1989 3506 2055 mittunt,
3540 1988 3703 2043 omni

2040 2076 2313 2148 pravitate
2342 2077 2607 2146 refertam
2640 2092 2652 2129 :
2688 2091 2747 2129 eo
2778 2076 3049 2131 nimirum
3094 2077 3346 2144 consitio,
3379 2087 3441 2133 ut
3465 2080 3517 2132 si
3573 2092 3700 2132 eam

2046 2167 2223 2235 aquis
2252 2166 2485 2219 auribus
2510 2163 2751 2235 papulas
2780 2165 3089 2236 recepisset,
3113 2166 3337 2235 publica
3366 2168 3703 2221 auctoritate

2046 2255 2227 2325 cupita
2254 2255 2592 2323 pro/errent.
2621 2252 2719 2307 Sin
2758 2254 2924 2309 aliter
2969 2256 3168 2324 fuisset
3224 2262 3464 2324 excepta,
3526 2269 3707 2309 omnis

2048 2342 2265 2397 invidia
2291 2343 2519 2395 essetin
2548 2358 2693 2412 rege,
2752 2350 2804 2397 et
2853 2344 2975 2414 ipsa
3017 2344 3287 2398 veniatis:
3345 2345 3476 2415 quia
3533 2345 3703 2399 etiam

2052 2436 2168 2487 tum
2200 2432 2613 2486 catechumenus
2642 2435 3045 2487 sacramentum
3074 2432 3203 2500 ﬁdei
3231 2435 3427 2488 merito
3485 2432 3705 2487 videre-

2051 2530 2143 2576 tur
2157 2522 2399 2591 potuisse
2417 2522 2647 2575 nescire.
2674 2522 2810 2575 Erat
2830 2521 3068 2592 quidem
3091 2522 3348 2577 edictum
3374 2520 3706 2594 magniﬁcis

2054 2609 2412 2680 descriptum
2446 2608 3004 2664 verbiszaffectabat
3055 2610 3273 2682 quippe
3327 2610 3707 2667 Constantius

2054 2697 2400 2753 eruditionis
2414 2702 2471 2752 et
2488 2696 2829 2769 eloquentia
2854 2699 3092 2753 famam.
3113 2699 3343 2755 Arianis
3366 2700 3706 2755 auctoribus

2055 2787 2423 2858 etmagisiris
2452 2786 2739 2842 hareseos
2773 2788 3017 2859 vestigia
3049 2788 3105 2843 in
3138 2790 3428 2860 ejusmodi
3488 2788 3703 2844 litteris

2054 2877 2247 2931 videre
2273 2880 2431 2944 erat;
2467 2882 2524 2931 et
2555 2877 2707 2947 quod
2744 2876 2851 2931 fuit
2882 2877 3033 2933 male
3066 2878 3251 2933 feriati
3285 2878 3494 2950 capitis
3534 2894 3709 2950 argu-

2057 2969 2343 3032 mentum,
2378 2981 2563 3035 seper
2592 2981 2805 3019 sonum
2864 2966 3241 3022 Constantius
3302 2985 3429 3039 qua
3488 2967 3708 3022 diceret

2058 3073 2092 3111 a
2120 3060 2227 3109 Deo
2251 3054 2544 3125 accepisse
2568 3054 2977 3110 mentiebatur.
3010 3055 3206 3111 Primo
3238 3057 3419 3128 igitur
3478 3057 3705 3128 episco-

2059 3144 2149 3215 pis
2179 3144 2433 3199 edictum
2468 3143 2959 3199 subscribendum
2992 3145 3232 3200 offertur
3263 3162 3367 3217 per
3397 3145 3621 3201 aulicos
3652 3148 3709 3200 et

2061 3232 2656 3305 palatinos,omnibus
2679 3233 2737 3286 in
2757 3233 2957 3288 eodem
2976 3251 3090 3305 quo
3112 3234 3428 3306 imperator
3450 3234 3710 3289 conclavi

297 3335 678 3375 commonens
707 3324 773 3375 ut
802 3336 936 3375 cum
969 3321 1190 3376 cateris
1211 3321 1502 3392 episc0pis
1529 3321 1654 3392 paci
1678 3321 1945 3377 Ecclesia
1978 3309 2019 3375 C
2059 3320 2645 3387 consistentibus,sed
2668 3319 2791 3375 velo
2816 3322 3290 3394 intermedio,qui
3318 3340 3446 3378 mos
3479 3328 3603 3377 erat
3645 3340 3715 3379 ea

297 3407 676 3463 concilianda
703 3413 943 3464 navaret
974 3426 1231 3480 operam.
1264 3412 1651 3464 Accesserunt
1676 3409 1813 3464 item
1848 3409 1943 3464 lit-

298 3501 433 3552 tera
466 3497 739 3565 Luciferi,
763 3498 1056 3553 Pancratii
1081 3497 1361 3553 etHilarii
1402 3498 1749 3571 legatorum,
1782 3498 1948 3553 vehe-

297 3586 585 3642 mentiore
607 3603 674 3641 ac
693 3586 973 3655 mordaci,
1007 3592 1072 3642 ut
1095 3586 1320 3643 solebat
1347 3588 1594 3651 Lucifer,
1630 3587 1778 3660 stylo
1810 3604 1946 3643 con-

298 3676 549 3748 scripta,
578 3676 796 3747 quibus
827 3680 1090 3732 auctores
1122 3677 1371 3732 Eusebio
1402 3677 1656 3749 sunt(a),
1690 3681 1950 3748 utquam

300 3765 649 3821 maturrime
681 3765 1274 3838 proﬁciscatur,spem
1310 3782 1439 3822 esse
1469 3767 1678 3838 utejus
1700 3767 1949 3822 adventu

300 3854 647 3926 propediem
679 3854 896 3910 Valens
927 3855 1287 3927 profligetur,
1311 3856 1781 3927 Arianorumque
1830 3873 1953 3911 ma-

301 3942 484 3997 china
517 3944 880 3999 obruantur:
917 3961 977 3999 se
1009 3960 1383 4015 summopere
1422 3946 1551 4016 ejus
1585 3945 1953 4017 prasentiam

302 4035 360 4086 et
391 4048 626 4104 operam
662 4036 947 4104 expetere.
982 4032 1083 4087 His
1116 4033 1441 4088 amicorum
1466 4032 1958 4105 inimicorumque

303 4118 517 4176 litteris
547 4120 831 4176 inductus
862 4121 1168 4189 Eusebius,
1211 4122 1396 4177 missa
1425 4124 1497 4177 ad
1546 4122 1957 4178 Constantium

305 4208 596 4264 adventus
628 4210 720 4265 sui
740 4210 1070 4281 praenuntia
1083 4209 1760 4281 epistola,Mediolanum
1776 4229 1836 4267 se
1854 4228 1958 4267 con

303 4297 592 4364 tulit.Quo
611 4298 846 4354 vixdum
864 4304 1369 4370 pervenerat,cum
1394 4300 1649 4355 ecclesia
1673 4301 1833 4356 aditu
1865 4300 1959 4356 in-

305 4388 657 4443 tercluditur
692 4405 794 4444 :ac
825 4388 1035 4443 deinde
1068 4391 1257 4443 totum
1288 4388 1486 4443 decem
1519 4389 1747 4445 dierum
1780 4395 1964 4446 extra-

306 4475 469 4531 hitur
490 4476 1100 4549 spatium,antequam
1117 4476 1400 4532 miscendi
1424 4477 1696 4549 colloquii
1719 4478 1965 4535 facultas

308 4570 484 4621 esset.
520 4566 642 4630 Quo
672 4569 793 4621 toto
823 4570 1089 4638 tempore
1115 4566 1567 4638 conspirationis
1616 4568 1965 4623 adornanda

2056 3414 2423 3482 tempestate,
2448 3414 2511 3463 ut
2530 3409 2801 3479 perfacile
2820 3409 3195 3467 Constantius
3218 3411 3573 3483 colloquium
3598 3430 3705 3468 au-

2059 3500 2210 3554 diret
2241 3499 2336 3570 (b).
2370 3499 2921 3554 Commemorabant
2952 3499 3124 3555 aulici
3156 3500 3526 3572 imperatoris
3584 3501 3706 3557 sol-

2062 3587 2428 3643 licitudinem
2461 3586 2520 3641 in
2554 3587 2913 3643 concilianda
2946 3588 3212 3645 Ecclesia
3229 3607 3387 3661 pace,
3420 3591 3547 3661 ejus
3580 3608 3709 3647 esse

2060 3682 2258 3733 votum
2283 3674 2347 3731 ac
2372 3676 2431 3731 in
2462 3693 2527 3731 eo
2558 3680 2744 3731 totum
2776 3679 3017 3742 versari,
3077 3684 3141 3734 ut
3198 3679 3297 3734 Dei
3351 3680 3713 3737 voluntatem

2067 3766 2373 3838 impleret;
2410 3766 2517 3821 etsi
2544 3782 2676 3821 vero
2711 3766 2939 3822 Lucifer
2965 3768 3193 3823 Arianae
3226 3768 3391 3823 illum
3438 3770 3716 3825 doctrina

2068 3856 2368 3911 addictum
2402 3856 2835 3919 criminaretur,
2866 3874 3071 3913 sanam
3104 3859 3232 3929 ejus
3264 3876 3392 3914 esse
3415 3860 3588 3914 ﬁdem
3650 3876 3721 3915 ex

2068 3945 2295 4001 collatis
2316 3944 2428 4016 ipsi
2458 3962 2491 3999 a
2511 3944 2626 4000 Deo
2640 3946 2939 4001 beneﬁciis
2961 3964 3027 4001 ac
3050 3948 3306 4004 victoriis
3330 3948 3718 4021 comprobari.

2069 4035 2155 4089 Ad
2182 4034 2301 4089 hac
2327 4034 2573 4101 Lucifer,
2592 4034 2919 4090 vehementi
2940 4037 3009 4091 de
3033 4054 3191 4093 more
3205 4039 3399 4094 studio
3424 4039 3717 4103 incensus,

2071 4122 2369 4193 reclamat,
2391 4123 2674 4177 Nicanam
2691 4124 2864 4178 ﬁdem
2897 4125 3122 4181 Ariana
3154 4129 3481 4199 oppositam
3533 4127 3720 4183 solam

2072 4213 2225 4285 piam
2239 4211 2442 4279 ,solam
2460 4229 2516 4267 sa
2529 4229 2795 4277 nam,nec
2814 4214 2861 4267 si
2885 4215 3157 4270 adessent
3173 4217 3449 4272 universa
3464 4217 3719 4272 Constan

2085 4302 2151 4356 tii
2167 4301 2343 4373 copia
2360 4300 3183 4375 militaresqueturma,posse
3197 4322 3257 4360 se
3281 4306 3535 4361 edictum
3552 4305 3723 4361 sacri-

2078 4391 2274 4462 legum
2300 4407 2415 4445 non
2440 4390 2818 4462 dcspicere,et
2834 4393 3143 4449 maledicta
3164 4394 3219 4448 in
3240 4399 3418 4450 Deum
3434 4412 3548 4450 non
3566 4412 3724 4451 exse-

2078 4478 2783 4536 crari.TumConstantius
2798 4496 2864 4535 ea
2882 4480 3205 4553 legatorum
3218 4482 3493 4553 loquendi
3511 4486 3583 4539 ﬁd
3596 4485 3725 4539 ucia

2079 4571 2359 4635 offensus,
2382 4567 2650 4623 homines
2673 4585 2801 4623 esse
2834 4570 3163 4641 petulantes
3213 4570 3558 4643 exclamare,
3619 4589 3725 4629 nec

308 4654 599 4709 rationem
631 4654 863 4710 inibant
889 4654 1114 4710 Ariani.
1149 4659 1290 4710 Cum
1319 4672 1489 4727 porro
1522 4661 1719 4711 essent
1771 4657 1970 4713 omnia
1999 4682 2044 4746 D
2078 4659 2341 4731 ipsorum
2376 4674 2593 4712 munus
2624 4674 2751 4713 esse
2782 4658 3194 4730 imperatorem
3227 4662 3299 4716 ab
3324 4662 3729 4719 Ariidoctrina

308 4743 384 4799 ad
420 4744 684 4799 fraudem
709 4745 1058 4816 composita,
1094 4749 1151 4799 et
1175 4745 1651 4801 machinamenta
1680 4747 1736 4801 in
1791 4746 1967 4802 Atha-

308 4832 463 4887 nasii
496 4832 811 4904 perniciem
844 4828 1201 4905 Comparate,
1239 4840 1364 4889 tum
1389 4840 1658 4890 evocatur
1686 4836 1975 4891 Eusebius

309 4938 450 4976 cum
484 4922 802 4977 comitibus
833 4921 1061 4996 legatis,
1103 4941 1136 4978 a
1164 4923 1379 4993 quibus
1410 4940 1605 4979 coram
1640 4924 1976 4980 constitutis

312 5010 679 5082 postulatum
704 5012 1075 5067 utAthanasii
1103 5012 1466 5067 damnationi
1491 5013 1974 5085 astipularentur.

312 5100 690 5156 AtEusebius
710 5100 1187 5171 contraprimum
1213 5101 1283 5156 de
1309 5101 1423 5155 ﬁde
1442 5102 1812 5156 tractandum
1838 5119 1979 5157 cnn-

312 5188 615 5255 tendebat,
651 5190 857 5245 adesse
884 5190 1105 5261 quippe
1136 5190 1291 5245 viros
1324 5189 1594 5245 harelica
1632 5190 1761 5245 labe
1791 5190 1979 5263 pollu-

316 5278 1044 5351 tos:oblatoqueNicano
1067 5279 1442 5352 symbolo,se,
1494 5279 1541 5335 si
1599 5280 1811 5335 vellent
1870 5281 1982 5353 ipsi

315 5367 614 5437 ejusmodi
632 5367 769 5423 ﬁdei
782 5367 1045 5423 formula
1059 5370 1873 5436 subscribere,damnaturum
1890 5370 1986 5427 ho-

316 5455 543 5512 minem
567 5456 904 5529 pollicetnr.
939 5458 1125 5523 Quam
1158 5458 1254 5514 ille
1285 5458 1700 5528 conditionem,
1721 5459 1985 5531 iniquam

316 5544 480 5612 licet,
511 5550 641 5603 tuto
670 5548 991 5604 offerebat:
1054 5565 1361 5622 nunquam
1421 5548 1577 5605 enim
1637 5550 1983 5607 Arianorum

391 5761 476 5844 (α)
506 5761 716 5833 Hilam,
749 5762 857 5824 col.
894 5764 1054 5833 1222,

2084 4763 2353 4802 revocare
2391 4765 2403 4813 ;
2440 4763 2503 4801 ac
2534 4747 2865 4819 derepente,
2898 4754 3123 4803 mutato
3166 4750 3429 4821 consilio,
3454 4751 3728 4823 precibus

2084 4837 2263 4903 viros,
2291 4836 2527 4907 quando
2558 4835 3038 4892 interminatione
3062 4838 3205 4892 nihil
3229 4838 3591 4911 conﬁciebat,
3610 4846 3732 4896 ten-

2086 4931 2209 4981 tare
2241 4925 2432 4996 capit.
2467 4925 2576 4979 Sed
2615 4925 2829 4981 frustra
2859 4943 3059 4981 eorum
3092 4927 3321 4982 animos
3354 4945 3486 4983 cum
3529 4930 3729 4997 minis,

2088 5021 2212 5069 tum
2240 5013 2540 5069 blanditiis
2575 5014 2979 5085 impetcbat.ln
3014 5022 3179 5087 petra
3203 5034 3457 5089 namque
3483 5017 3730 5085 fundati,

2090 5109 2154 5159 ut
2185 5104 2542 5158 dccumanos
2584 5104 2794 5160 fluctus
2824 5105 3198 5177 imperterriti
3253 5112 3615 5178 exceperant,
3652 5107 3736 5165 ita

2094 5210 2283 5264 neque
2317 5192 2740 5248 blandimentis
2772 5211 2804 5248 a
2836 5196 3133 5267 proposito
3165 5196 3554 5252 dimoventur.

2162 5284 2214 5336 3.
2252 5284 2499 5354 Dionysii
2527 5284 2869 5356 suﬂragium
2898 5290 3021 5339 astu
3050 5285 3196 5341 delet
3253 5288 3531 5342 Eusebius.
3565 5289 3737 5343 Cons-

2095 5373 2302 5427 tantius
2330 5375 2543 5443 frustra
2576 5376 2744 5427 tcntat
2799 5375 3091 5444 episcopos.
3152 5376 3403 5447 Episcopi
3456 5376 3624 5432 multi
3675 5378 3739 5432 in

2093 5464 2353 5517 exsilium
2382 5462 2643 5531 ablegati.
2671 5493 2739 5501 —
2762 5461 3020 5534 Populus
3047 5469 3241 5520 autem
3264 5465 3472 5521 lectam
3493 5465 3551 5520 in
3587 5469 3740 5523 coetu

2096 5550 2358 5608 Ecclesia
2373 5550 2698 5607 Constantii
2714 5550 3016 5623 epistolam
3034 5554 3377 5625 perindigne
3393 5554 3546 5610 tulit.
3570 5553 3741 5614 Plebs

2168 5765 2245 5848 (ὁ)
2277 5764 2520 5827 Lucifer.
2551 5763 2655 5826 lib.
2685 5765 2816 5828 Mor.
2831 5781 2936 5844 pro
2964 5767 3065 5828 Dei
3089 5767 3250 5827 Filio.
