4166 6428
419 478 536 537 ctx

1816 475 2432 546 PROLEGOMENA.

422 627 681 682 namque
709 603 1156 669 Mediolanensis
1210 630 1354 669 versa
1411 614 1545 669 ﬁdei
1602 615 2062 687 studiosissime,
2097 617 2147 684 Α
2182 634 2296 672 non
2324 634 2500 674 suum
2531 633 2661 674 esse
2691 617 3026 690 imperium,
3061 621 3162 675 sed
3186 619 3282 676 Dei
3321 619 3420 692 qui
3452 615 3826 675 tradidisset:

424 700 716 773 quidquid
748 703 1114 776 peregrinam
1144 703 1262 756 Arii
1294 704 1618 759 doctrinam
1666 705 1864 773 oleret,
1926 722 2073 777 pris-

423 791 715 856 sulissuis
734 792 993 864 vestigiis
1015 792 1560 860 insistens,summe
1586 794 2074 849 aversabatur.De

421 880 699 952 Dionysio
733 884 925 936 tamen
961 881 1164 948 fertur,
1197 881 1255 935 in
1291 897 1560 937 sermone
1589 883 1824 937 Maximi
1873 883 2074 937 Tauri-

423 969 622 1024 nensis
653 969 723 1024 de
755 968 931 1024 natali
964 968 1056 1024 die
1088 969 1274 1024 sancti
1306 971 1560 1039 Eusebii,
1597 972 1937 1040 hujusmodi
1983 970 2070 1026 hi-

421 1058 622 1114 storia:
656 1057 799 1113 Cum
825 1058 1175 1114 Arianorum
1193 1058 1345 1114 dolis
1377 1059 1810 1116 circumventus
1858 1059 2070 1131 Diony-

423 1147 923 1220 sius,sulI’ragium
943 1164 1120 1202 suum
1147 1148 1427 1204 adversus
1451 1149 1838 1205 Athanasium
1855 1148 2070 1220 scripto

422 1237 699 1304 dedisset,
730 1237 1150 1308 superveniens
1181 1237 1492 1306 Eusebius,
1528 1243 1767 1310 rogatus
1829 1241 1895 1291 ut
1947 1235 2071 1307 pari

419 1326 592 1382 modo
611 1330 668 1381 et
696 1325 824 1398 ipse
845 1326 1260 1392 subscriberet,
1285 1343 1347 1382 se
1366 1327 1512 1383 velle
1537 1327 1774 1398 quidem
1812 1325 2070 1398 idipsum

418 1419 695 1488 praestare
725 1414 1042 1482 simulavit,
1067 1416 1168 1470 sed
1201 1415 1357 1487 quod
1390 1415 1502 1471 sibi
1533 1415 1720 1471 ﬁlium
1756 1432 1932 1471 suum
1963 1414 2071 1486 (sic

419 1504 803 1576 nuncupabat
832 1503 1197 1577 Dionysium)
1228 1505 1287 1559 in
1344 1503 1772 1576 subscriptione
1829 1508 2066 1576 antepo-

419 1594 704 1660 suissent,
741 1593 1083 1666 perindigne
1116 1594 1282 1650 ferre.
1326 1597 1418 1650 Vos
1476 1596 1646 1661 enim,
1704 1593 1916 1665 inquit,
1977 1594 2072 1664 qui

421 1681 608 1738 dicitis
629 1684 835 1738 Filium
849 1683 947 1737 Dei
966 1683 1123 1738 Patri
1143 1684 1246 1738 Deo
1261 1684 1535 1753 aequalem
1568 1699 1685 1739 esse
1731 1699 1838 1738 non
1892 1697 2067 1754 posse,

422 1787 522 1826 cur
550 1773 692 1827 mihi
701 1771 883 1841 ﬁlium
906 1773 1286 1843 praposuistis
1311 1771 1339 1825 ‘l
1362 1772 1585 1836 Quibus
1620 1771 1702 1826 illi
1746 1771 1917 1827 dictis
1943 1787 2068 1844 per-

422 1862 907 1930 moti,confestim
940 1861 1196 1933 Dionysii
1221 1860 1680 1933 chirographum
1705 1860 2066 1928 deleverunt,

420 1952 644 2026 primas
676 1951 922 2006 Eusebio
947 1952 1290 2005 deferentes.
1324 1952 1479 2016 Quos
1509 1950 1606 2005 ille
1628 1950 1947 2022 objurgans
1979 1953 2069 2003 at-

419 2059 532 2113 que
563 2040 812 2096 irridens
842 2041 959 2095 ait:
1021 2040 1203 2111 Neque
1238 2056 1338 2110 ego
1393 2055 1479 2094 me
1525 2041 1716 2094 vestris
1771 2039 2066 2094 sceleribus

410 2131 618 2204 pollue,
668 2145 840 2201 neque
905 2129 1089 2199 ﬁlium
1141 2144 1324 2184 meum
1378 2129 1652 2184 vobiscum
1726 2129 2068 2199 participare

415 2221 666 2277 consecto.
701 2218 865 2274 Unde
896 2234 1031 2273 cum
1060 2217 1218 2272 dicat
1238 2216 1616 2290 Evangelium
1637 2217 1695 2271 in
1719 2217 1870 2272 hanc
1892 2233 2066 2289 gene-

415 2311 641 2366 ratione
671 2308 1080 2381 prudentiores
1113 2306 1263 2362 filios
1295 2308 1669 2362 tenebrarum
1702 2323 1830 2363 esse
1887 2322 2065 2378 quam

412 2398 586 2465 lucis,
618 2403 745 2453 tum
773 2396 918 2468 ipsis
951 2396 1325 2451 tenebrarum
1360 2394 1497 2450 ﬁliis
1529 2395 1871 2467 prudentior
1919 2393 2067 2450 lucis

415 2487 575 2543 ﬁlius
606 2490 940 2558 compertus
961 2490 1072 2542 est.
1113 2485 1208 2540 Sic
1239 2483 1448 2540 delusa
1478 2484 1829 2539 Arianorum
1859 2500 2067 2555 exspe—

418 2577 594 2632 ctatio
615 2575 776 2631 fuit.J
786 2592 879 2630 am
901 2576 1056 2647 quod
1079 2573 1438 2646 colloquium
1473 2573 1674 2629 invicti
1705 2574 2068 2628 conlessores

418 2681 554 2722 cum
585 2663 924 2720 Constantio
945 2662 1604 2718 habuerint.Athanasio
1629 2668 1904 2718 narrante
1952 2661 2070 2716 edi-

420 2756 642 2812 scimus
673 2754 786 2826 (a):
816 2775 843 2804 «
878 2753 1115 2818 Accitis,
1147 2752 1343 2824 inquit
1371 2750 1487 2822 ille,
1522 2751 1837 2823 episcopis,
1858 2766 2068 2823 nempe

420 2845 704 2909 Lucifero,
735 2842 986 2899 Eusebio
1012 2847 1068 2897 et
1095 2841 1392 2913 Dionysio,
1417 2841 1604 2912 jussit
1631 2841 1950 2912 imperator
2005 2843 2070 2894 ut

420 2939 621 2990 contra
649 2931 1036 2988 Athanasium
1087 2930 1368 3002 suffragia
1413 2930 1637 2985 darent.
1672 2930 1791 3001 Ipsi
1822 2946 1954 2985 vero
2009 2929 2069 2984 id

420 3041 553 3080 cum
586 3022 800 3079 fiducia
831 3037 1063 3093 negare,
1085 3036 1548 3075 commemorare
1578 3019 1802 3075 Ursacii
1862 3025 1918 3074 et
1964 3017 2071 3074 Va-

415 3113 588 3169 lentis
617 3112 1043 3186 pmnitentiam,
1075 3127 1202 3182 quae
1235 3108 1532 3164 Athanasii
1559 3108 1928 3163 adversarios
1961 3107 2066 3163 fal-

417 3204 468 3259 si
501 3207 787 3276 argueret.
823 3201 946 3256 Non
979 3199 1132 3255 ultra
1162 3198 1336 3253 fidem
1367 3197 1597 3253 Valenti
1631 3198 1905 3270 socioque
1963 3199 2066 3252 ba-

417 3289 796 3361 bendam,qui
815 3286 1046 3360 jamdiu
1069 3302 1135 3341 ea
1155 3286 1486 3356 ejurassent
1512 3301 1639 3356 quae
1663 3301 1819 3340 nunc
1869 3291 2071 3340 contra

2181 722 2386 778 rogare
2417 715 2481 762 ut
2511 724 2645 761 eum
2677 708 2929 774 timeret,
2960 725 3033 764 ne
3052 709 3364 780 derepente
3380 709 3582 764 datum
3605 707 3832 764 adime-

2182 799 2304 862 ret,
2332 795 2923 867 interminarejudicii
2941 798 3117 862 diem,
3153 799 3520 870 suaderaque
3543 814 3614 852 ne
3638 796 3825 852 eccle-

2181 882 2449 938 siasticas
2470 900 2562 938 res
2576 903 2810 957 pessum
2839 887 3141 952 daret,neu
3157 888 3489 943 Romanum
3509 886 3820 960 imperium

2181 989 2314 1026 cum
2345 972 2758 1030 ecclesiasticis
2789 977 3028 1032 statutis
3071 978 3610 1044 commisceret,nec
3665 976 3824 1032 Aria-

2181 1077 2316 1116 nam
2348 1061 2620 1118 haaaesim
2655 1063 3052 1120 introduceret
3082 1066 3139 1120 in
3175 1065 3491 1122 Ecclesiam
3544 1065 3661 1121 Dei.
3712 1067 3825 1120 Ve-

2181 1167 2312 1205 rum
2346 1150 2444 1206 ille
2477 1168 2662 1223 neque
2695 1169 2894 1208 aurem
2928 1155 3195 1226 praebuit,
3230 1170 3418 1226 neque
3442 1154 3612 1227 plura
3637 1154 3827 1210 dicere

2181 1239 2508 1307 concessit;
2541 1241 2681 1312 quin
2704 1246 2762 1296 et
2813 1242 3007 1297 acrius
3066 1243 3270 1298 stricto
3328 1244 3638 1298 adversum
3696 1241 3829 1299 illos

2179 1327 2372 1400 gladio
2385 1329 2884 1386 comminabatur:
2918 1330 3036 1388 imo
3053 1332 3364 1388 nonnullos
3378 1333 3450 1388 ad
3470 1331 3826 1405 supplicium

2180 1417 2302 1488 rapi
2329 1418 2656 1491 abduciqqe
2669 1420 2931 1491 jusserat
2954 1439 2968 1488 ;
2992 1421 3093 1476 sed
3117 1426 3319 1494 postea
3340 1425 3564 1477 mutato
3583 1419 3828 1478 consilio

2178 1507 2358 1562 vitam
2382 1524 2486 1563 nec
2509 1509 2849 1580 rogantibus
2867 1511 3172 1580 concessit,
3211 1533 3238 1559 n
3270 1509 3348 1566 Iis
3398 1509 3632 1566 Lucifer
3686 1509 3829 1582 adji-

2179 1596 2278 1662 cit,
2309 1613 2437 1652 eam
2459 1597 2764 1670 episcopos
2812 1598 3118 1668 obtulisse,
3143 1600 3560 1666 conditionem,
3617 1601 3828 1671 praesto

2179 1702 2306 1740 esse
2337 1701 2398 1740 se
2432 1685 2555 1741 suis
2587 1687 2925 1758 sumptibus
2963 1687 3372 1744 Alexandriam
3401 1704 3731 1761 properare,
3763 1690 3831 1743 ut

2180 1774 2401 1828 auditis
2426 1775 2707 1830 duntaxat
2738 1775 3043 1832 catholicis
3100 1777 3562 1843 accusatoribus,
3619 1776 3668 1833 si
3725 1777 3828 1849 qui

2179 1861 2386 1928 forent,
2423 1879 2656 1934 aequum
2682 1865 2752 1920 de
2789 1865 3093 1921 Athanasii
3153 1883 3333 1922 causa
3381 1865 3529 1922 ferre
3588 1869 3830 1939 possent

2169 1951 2482 2020 judicium.
2519 1953 2635 2008 Hac
2666 1971 2796 2008 vero
2829 1955 3133 2025 repudiata
3163 1955 3518 2021 conditione,
3578 1954 3830 2010 habitis-

2177 2057 2290 2112 que
2323 2045 2388 2095 ut
2416 2057 2597 2113 supra
2617 2041 2950 2114 colloquiis,
2987 2044 3136 2114 (quae
3169 2049 3364 2099 tamen
3396 2044 3596 2098 omnia
3626 2043 3831 2100 ordine

2177 2129 2261 2184 uti
2293 2131 2458 2202 gesta
2480 2135 2617 2185 sunt
2643 2148 2758 2186 non
2792 2132 2850 2186 in
2884 2137 3158 2204 promptu
3183 2138 3270 2188 est
3327 2149 3638 2189 enarrare:
3685 2149 3825 2188 nam

2175 2217 2313 2273 hinc
2340 2223 2395 2273 et
2426 2219 2561 2274 inde
2591 2237 2658 2274 ex
2689 2220 2868 2276 variis
2899 2219 3140 2276 collecta
3187 2221 3573 2293 scriptoribus
3631 2237 3832 2276 conse-

2176 2311 2422 2378 quenter
2451 2324 2751 2365 recensere
2782 2307 3029 2364 facultas
3059 2327 3174 2364 non
3207 2314 3343 2378 est,)
3375 2314 3494 2365 tres
3523 2309 3830 2382 episcopos

2176 2395 2555 2452 Constantius
2588 2398 2646 2452 in
2683 2398 2954 2453 exsilium
3009 2398 3192 2465 misit,
3251 2399 3629 2454 Pancratium
3689 2398 3829 2454 item

2179 2484 2581 2557 presbyterum
2616 2487 2812 2557 (quem
2845 2487 3189 2560 EutrOpium
3222 2492 3388 2543 vocat
3421 2486 3826 2562 Athanasius),

2177 2590 2298 2628 una
2328 2590 2462 2628 cum
2512 2574 2776 2630 Lucifero
2807 2593 2840 2630 a
2874 2575 3101 2631 Liberio
3124 2575 3379 2648 legatum
3405 2576 3624 2648 pariter
3647 2579 3832 2631 extor-

2179 2678 2300 2716 rem
2333 2663 2486 2718 fecit.
2520 2663 2804 2718 Hilarium
2836 2669 3032 2719 autem
3064 2665 3402 2731 diaconum,
3435 2665 3700 2736 ejusdem
3752 2663 3835 2719 le-

2178 2751 2434 2822 gationis
2456 2753 2751 2821 comitem,
2787 2752 3064 2809 Ursacius
3095 2758 3152 2809 et
3173 2752 3383 2810 Valens
3407 2770 3666 2808 unacum
3694 2769 3828 2826 spa-

2179 2841 2397 2895 donum
2430 2845 2658 2897 caterva
2685 2842 2781 2896 ubi
2815 2843 3160 2910 nudassent,
3185 2846 3360 2914 atque
3399 2844 3570 2899 dorso
3597 2841 3837 2915 ﬂagitiis

2180 2929 2564 3000 caicidissent,
2598 2931 2655 2985 in
2695 2929 2932 2986 exilium
2981 2932 3119 2986 item
3174 2933 3466 3003 deportari
3525 2934 3833 2987 curarunt.

2183 3020 2338 3074 Inter
2369 3018 2786 3091 ﬂagellandum
2807 3025 3000 3075 autem
3025 3020 3147 3075 haec
3170 3019 3722 3077 sceleratihomines
3736 3035 3837 3075 vo-

2180 3107 2583 3163 ciferabuntur
2604 3109 2672 3181 (ε)
2699 3126 2712 3163 :
2757 3110 2944 3173 Quare
2978 3109 3202 3165 Liberio
3226 3127 3341 3164 non
3373 3109 3702 3165 obstitisti?
3734 3122 3840 3163 cur

2180 3198 2310 3267 ejus
2333 3197 2594 3253 detulisti
2613 3198 2834 3253 litteras
2856 3199 2884 3253 ’ἶ
2914 3198 3205 3254 Diaconus
3225 3215 3359 3254 vero
3392 3199 3544 3254 inter
3597 3199 3839 3254 verbera

2181 3285 2401 3357 gratias
2434 3287 2680 3342 Domino
2712 3287 3028 3359 rependere
3086 3292 3262 3360 atque
3311 3289 3545 3355 dicere;
3603 3288 3839 3343 Dorsum

417 3360 806 3437 Athanasium
838 3378 1130 3433 ali‘errent.
1187 3374 1288 3431 Ille
1336 3375 1642 3430 confestim
1710 3391 2068 3448 exsurgens:
2103 3360 2145 3426 C
2181 3391 2364 3430 meum
2394 3377 2628 3446 ﬂagellis
2657 3377 2849 3433 obtuli.
2904 3375 2992 3432 Illi
3027 3376 3476 3432 autemirridere
3499 3393 3566 3432 ac
3595 3376 3834 3432 cachin-

426 3473 567 3546 Ego.
595 3486 722 3543 ego,
756 3467 968 3540 inquit,
1000 3465 1305 3521 Athanasii
1338 3468 1642 3519 accusator
1693 3463 1926 3531 adsum,
1987 3462 2074 3519 vel

425 3561 541 3617 mei
573 3560 764 3633 gratia
793 3573 996 3613 eorum
1020 3554 1191 3610 dictis
1223 3554 1429 3609 habete
1452 3553 1648 3608 ﬁdem.
1686 3552 1773 3608 Illi
1833 3559 2074 3610 contra:

426 3651 533 3716 Qui
566 3653 872 3706 accusator
899 3663 1026 3702 esse
1056 3649 1214 3717 potes
1228 3644 1467 3698 absente
1489 3659 1584 3698 reo
1607 3643 1634 3696 ‘l
1665 3659 1799 3697 nam
1822 3644 1926 3699 etsi
1955 3646 2077 3699 tute

425 3742 510 3797 sis
540 3745 862 3805 accusator,
896 3737 966 3791 de
998 3736 1238 3790 absente
1268 3749 1408 3787 sane
1433 3731 1687 3803 judicari
1721 3733 2075 3804 nequit.Non

413 3831 709 3906 judicium
733 3821 2076 3900 quippeRomanuminstituitur,uttibi,quam-

420 3923 513 3978 vis
540 3921 856 3992 imperator
880 3915 983 3982 sis,
1018 3913 1163 3968 fides
1194 3912 1512 3978 habeatur;
1546 3911 1647 3966 sed
1680 3927 1812 3965 cum
1846 3912 1916 3967 de
1947 3911 2073 3984 epi-

420 4027 599 4082 scopo
629 4009 706 4064 sit
735 4002 1146 4070 controversia,
1180 3999 1303 4073 pari
1327 4003 1461 4072 jure
1489 4017 1622 4054 cum
1654 4005 1994 4056 accusatore
2017 4006 2074 4056 et

420 4117 556 4156 cum
587 4115 684 4154 reo
716 4096 876 4168 agier
905 4097 1150 4166 Oportet.
1183 4089 1290 4155 Qui
1323 4093 1518 4144 autem
1573 4105 1848 4144 accusare
1907 4094 2070 4161 potes

419 4189 743 4253 hominem,
777 4202 843 4240 eo
873 4188 1135 4254 tempore
1157 4179 1360 4254 procul
1416 4183 1747 4234 versantem
1800 4183 1857 4233 et
1908 4184 2070 4236 tanto

418 4278 648 4334 itineris
679 4271 984 4330 intervallo
1006 4271 1283 4327 dissitum
1307 4269 1334 4324 ‘l
1359 4269 1522 4333 Quod
1547 4269 1595 4323 si
1630 4267 1746 4323 illis
1771 4269 2066 4323 narranti-

418 4369 530 4424 bus
562 4367 737 4422 ﬁdem
760 4360 1110 4435 habes,quid
1133 4365 1225 4416 est
1246 4359 1402 4431 quod
1421 4357 1740 4413 Athanasio
1765 4375 1878 4413 non
1906 4374 2068 4431 aeque

417 4457 635 4513 habeas
659 4456 685 4512 ‘l
708 4452 960 4524 Sinillis,
984 4469 1100 4506 non
1122 4450 1258 4505 huic
1282 4449 1486 4518 habes,
1521 4464 1663 4503 sane
1685 4447 1821 4502 hinc
1856 4465 2064 4520 propa-

415 4548 534 4604 lam
567 4551 652 4603 est
683 4546 842 4618 ipsos
872 4543 943 4598 ad
969 4541 1048 4596 tui
1069 4537 1648 4612 gratiamineundam
1674 4536 2062 4594 Athanasium

415 4654 711 4696 accusare.
743 4655 770 4688 ι
805 4632 931 4689 ΑΙὶο
962 4635 1156 4686 autem
1217 4629 1343 4684 loco
1400 4626 1521 4682 haec
1570 4625 1747 4682 habet
1803 4627 2061 4684 Athana-

2189 3481 2293 3520 nos
2325 3465 2643 3532 effundere,
2679 3482 2783 3521 nec
2814 3466 3156 3522 erubescere
3181 3467 3337 3537 quod
3369 3465 3604 3521 levitam
3636 3473 3837 3522 contu-

2188 3553 2380 3608 meliis
2421 3559 2477 3608 et
2506 3554 2694 3626 plagis
2724 3558 3051 3609 onerarent.
3081 3555 3139 3608 In
3170 3553 3441 3609 exsilium
3473 3553 3672 3626 itaque
3719 3553 3833 3610 acti

2187 3643 2375 3698 sancti
2402 3645 2788 3714 confessores,
2821 3661 3063 3700 excusso
3095 3644 3329 3716 pulvere
3360 3643 3838 3716 pedum,erectis-

2187 3749 2300 3804 que
2329 3733 2399 3788 ad
2433 3732 2618 3788 Deum
2637 3733 3020 3804 oculis,cujus
3041 3749 3236 3789 amore
3253 3750 3443 3805 neque
3462 3732 3836 3805 imperatoris

2185 3821 2302 3877 iras
2362 3821 2906 3890 reformidaverant,
2991 3838 3178 3894 neque
3254 3821 3431 3895 gladii
3502 3826 3662 3877 metu
3737 3835 3834 3878 ve-

2185 3912 2418 3967 ritatem
2468 3911 2862 3982 prodiderant,
2904 3911 3175 3966 exsilium
3228 3927 3331 3983 pro
3373 3910 3683 3966 ministerii
3741 3909 3835 3967 sui

2182 4002 2371 4055 ofﬁcio
2402 4000 2756 4056 habuerunt.
2792 4001 2939 4055 Dum
2971 3999 3127 4056 enim
3162 3999 3286 4055 loca
3307 3999 3688 4072 civitatesque
3705 4015 3834 4072 per-

2181 4095 2469 4162 agrarent,
2505 4091 2612 4146 etsi
2646 4089 2896 4144 vinculis
2927 4090 3246 4155 constricti,
3295 4107 3449 4145 sanae
3505 4089 3639 4144 ﬁdei
3693 4105 3835 4162 prae-

2180 4180 2531 4235 dicationem
2565 4178 2708 4234 nihil
2745 4179 3234 4245 intermittebant,
3256 4179 3526 4234 Arianam
3560 4177 3830 4233 haeresim

2179 4269 2423 4342 impiam
2447 4269 2664 4341 ubique
2690 4268 3635 4339 renuntiabant,traducebantque
3656 4266 3829 4323 Ursa-

2179 4358 2248 4414 cii
2284 4364 2340 4413 et
2387 4357 2650 4414 Valentis
2698 4357 3127 4430 paenitentiam.
3173 4357 3336 4421 Quod
3402 4361 3603 4412 contra
3649 4371 3829 4428 quam

2177 4449 2284 4504 rati
2318 4452 2502 4515 erant,
2537 4447 2712 4503 cessit
2744 4446 3213 4502 insidiatoribus.
3255 4444 3399 4501 Nam
3432 4449 3650 4517 quanto
3710 4444 3833 4501 lon-

2182 4539 2342 4611 giore
2365 4536 2554 4609 spatio
2577 4541 2632 4592 et
2659 4535 3096 4608 intercapedine
3118 4535 3378 4591 distabat
3423 4535 3610 4591 exsilii
3641 4531 3827 4606 locus,

2172 4632 2333 4683 tanto
2353 4626 2586 4699 gravius
2606 4625 2665 4680 in
2682 4625 2900 4697 impios
2919 4623 3187 4680 homines
3233 4624 3682 4680 concitabantur
3706 4621 3830 4679 odi-

416 4731 540 4788 sius
574 4729 648 4800 (b)
677 4745 689 4781 :
720 4749 746 4775 ‹‹
783 4725 928 4779 Cum
980 4721 1218 4793 juberet
1273 4719 1592 4789 imperator
1646 4716 1800 4772 viros
1858 4723 2062 4775 contra
2092 4734 2138 4798 D
2170 4713 3834 4788 um,latiusqueserpebatinvidiafacti.Sanctorumitaque

412 4817 803 4876 Athanasium
836 4811 1114 4882 suffragia
1145 4808 1419 4877 scribere,
1455 4823 1521 4860 ac
1579 4822 1714 4860 cum
1769 4806 2058 4864 haereticis

411 4905 887 4973 communicare;
920 4901 1038 4955 illis
1068 4899 1148 4954 rei
1180 4896 1495 4952 insolentia
1526 4896 1921 4967 stupentibus,
1956 4916 2059 4970 pu-

409 4998 850 5073 gnantibusque
876 4992 932 5045 id
962 4985 1338 5045 ecclesiastici
1372 5002 1485 5041 non
1514 4985 1830 5056 essejuris,
1858 4986 2055 5042 statim

407 5089 543 5143 ille:
579 5091 653 5140 At
682 5084 837 5156 quod
873 5080 1016 5136 mihi
1047 5079 1282 5135 libitum
1314 5081 1421 5145 cst,
1454 5075 1510 5130 id
1566 5073 1940 5130 ecclesiastici
1963 5076 2058 5147 ju—

408 5178 490 5233 ris
511 5175 638 5232 loco
663 5175 947 5229 habeatur
971 5168 1138 5226 :mihi
1160 5167 1376 5239 quippe
1401 5167 1482 5221 ita
1501 5164 1764 5235 loquenti
1786 5169 2060 5221 annuunt

407 5267 536 5339 Syri
558 5262 857 5337 episcopi:
891 5264 992 5316 aut
1022 5259 1200 5329 igitur
1221 5257 1747 5327 obtemperate,aut
1768 5253 1879 5326 ipsi
1911 5271 2055 5326 quo-

408 5372 520 5428 que
549 5360 807 5410 extorres
840 5350 1014 5406 futuri
1039 5347 1308 5404 estis.His
1335 5344 1551 5400 auditis
1591 5343 2056 5424 episcopi,grem-

407 5461 522 5518 que
553 5457 926 5513 summopere
955 5437 1172 5500 mirati,
1205 5434 1498 5507 supplices
1530 5433 1598 5487 ad
1635 5437 1812 5487 Deum
1845 5449 2056 5488 manus

403 5532 663 5597 tendere,
697 5547 831 5585 cum
863 5527 1078 5583 fiducia
1108 5523 1456 5596 compellare
1485 5521 1698 5588 virum,
1733 5521 2057 5593 docereque

499 5766 553 5823 al
581 5762 791 5820 Athan.
822 5762 961 5818 Hist.
995 5761 1189 5816 Aria-7i.
1234 5756 1303 5814 ad
1331 5753 1651 5823 monachos,
1684 5754 1839 5810 n.76.

476 5765 553 5917 ξαέ
581 5765 791 5848 Athan.
822 5765 961 5818 Hist.
995 5765 1059 5816 A7

501 5838 530 5896 b
577 5835 726 5895 Ibid.
752 5852 816 5894 ιι.
847 5834 938 5909 32,
969 5833 1059 5890 34.

2169 4806 2484 4880 ρι’ωευιυω
2500 4804 3002 4876 demigratio,vere
3018 4804 3166 4874 przcd
3178 4804 3607 4875 icatiofuit,qua
3617 4819 3821 4859 eorum

2167 4895 2488 4969 impietatis
2502 4892 2886 4965 famaubique
2899 4892 3330 4958 manaret.Quis
3342 4892 3497 4947 enim
3513 4893 3654 4948 dum
3670 4909 3833 4965 pera-

2169 4988 2814 5059 grantescerneret,non
2833 4983 3110 5038 laudibus
3128 4987 3190 5037 ut
3205 4983 3574 5038 confessores
3591 4999 3830 5038 exorna-

2167 5074 2427 5146 vit?quis
2445 5071 2816 5128 nonArianos
2833 5069 3230 5125 maledictiset
3250 5069 3479 5141 probris
3502 5069 3826 5126 insectatus

2169 5169 2257 5220 est
2278 5169 2342 5219 ut
2360 5162 2594 5234 impios,
2618 5161 2923 5216 carnifices
2938 5165 2993 5214 et
3011 5159 3359 5223 homicidas,
3391 5162 3450 5214 et
3467 5175 3582 5214 non
3621 5158 3824 5229 quovis

2167 5253 2361 5326 potius
2391 5268 2565 5322 quam
2597 5249 3061 5306 Christianorum
3109 5248 3345 5304 nomine
3403 5245 3824 5320 compellavit?

2167 5344 2447 5398 Caeterum
2481 5339 2730 5406 exsules,
2755 5339 2832 5394 sit
2860 5337 3146 5408 Sulpitius
3196 5337 3465 5404 Severus,
3501 5337 3647 5393 satis
3687 5352 3821 5392 con-

2169 5435 2287 5487 stat
2313 5431 2493 5486 totius
2519 5428 2677 5484 orbis
2700 5426 2910 5483 studiis
2942 5425 3284 5486 celebratos.
3316 5427 3715 5499 pecuniasque
3735 5425 3821 5482 eis

2168 5520 2228 5575 in
2256 5524 2560 5592 sumptum
2593 5517 2813 5573 aﬂ‘atim
2845 5519 3152 5588 congestas
3170 5514 3562 5590 legationibus
3588 5529 3820 5588 quoque

2239 5753 2308 5829 (ε)
2340 5751 2556 5808 Athan.
2589 5749 2732 5806 ibid.
2765 5749 2852 5806 41.
