4166 6446
1594 453 1785 524 VITA
1827 454 1895 522 8.

2052 453 2391 526 HANASII.
3545 446 3692 525 οιαὶ

273 606 372 656 eos
403 591 595 671 plebis
623 592 999 656 catholiceex
1016 594 1292 655 omnibus
1322 593 1441 652 fere
1467 594 1782 670 provinciis
1815 594 1922 649 fre-
1952 592 2005 661 Α
2039 611 2199 651 mero
2232 596 2689 656 Fortunatianus
2716 588 3191 671 Aquileiensis,et
3220 588 3485 652 Eremius
3501 592 3688 649 Thes-

272 691 609 762 quentatos.
2040 685 2443 757 salonicensis,
2505 705 2755 761 quorum
2793 686 3024 761 lapsum
3079 683 3344 758 deplorat
3432 684 3690 739 Athana-

340 823 392 877 4.
426 822 631 878 Liberiz'
660 823 862 879 lit-term
905 823 979 878 ad
1024 823 1373 893 confessores.
1427 852 1496 861 —
1542 822 1788 891 Accepto
1837 817 1925 873 Li-
2040 775 2185 831 Sius‘

269 910 470 967 borius
497 927 694 966 rerum
725 910 1033 966 Mediolani
1068 916 1368 983 gestarum
1404 909 1631 976 nuntio,
1659 907 1927 980 gratula-

269 1000 453 1056 torias
482 999 785 1056 exsulibus
807 999 969 1055 misit
996 999 1535 1070 litteras,quamvis,
1562 998 1741 1065 aiens,
1805 1014 1926 1052 ma-

269 1087 345 1145 lis
376 1089 529 1144 afﬁci
550 1089 1044 1160 videantur,ipsos
1066 1093 1261 1144 tamen
1287 1087 1605 1159 singularis
1640 1104 1758 1142 suae
1791 1085 1926 1141 ﬁdei

272 1193 451 1234 causa
480 1176 919 1248 acceptissimos
951 1194 1079 1232 esse
1110 1177 1248 1241 Deo,
1301 1180 1356 1231 et
1377 1178 1503 1248 jam
1536 1177 1604 1231 ad
1666 1177 1925 1230 futuram

278 1266 541 1339 martyrii
564 1266 810 1339 gloriam
844 1266 1201 1337 designatos.
1235 1268 1478 1337 Optasse
1509 1269 1573 1319 ut
1602 1264 1715 1320 sibi
1746 1263 1926 1335 priori

273 1354 334 1409 id
368 1355 505 1410 boni
537 1354 897 1427 contingeret
918 1356 1039 1421 ;sed
1074 1356 1212 1425 quia
1240 1354 1323 1408 illi
1349 1354 1798 1425 praevertissent,
1834 1369 1924 1407 ro-

271 1459 410 1516 gare
441 1448 505 1499 ut
532 1461 595 1499 se
616 1444 809 1499 studio
842 1460 1155 1514 amoreque
1170 1448 1513 1514 praesentem
1537 1442 1922 1508 aestimarent;

268 1536 327 1588 et
352 1548 489 1587 cum
517 1549 621 1603 per
662 1531 1003 1602 bujusmodi
1052 1548 1345 1586 aerumnas
1403 1536 1577 1602 atque
1628 1528 1926 1585 calamita-

271 1624 361 1677 tes
392 1621 636 1693 propius
665 1622 736 1676 ad
795 1621 978 1676 Deum
1039 1620 1443 1688 accessissent,
1478 1619 1751 1690 precibus
1798 1620 1925 1689 jam

274 1710 402 1765 suis
432 1710 547 1781 ipsi
580 1710 1028 1783 opitularentur.
1082 1709 1343 1766 Postulat
1400 1710 1661 1774 demum,
1726 1706 1926 1763 missis

262 1796 476 1854 litteris
507 1797 621 1853 sibi
662 1798 802 1869 quid
859 1801 1092 1870 gestum
1146 1798 1223 1852 sit
1254 1801 1525 1852 accurate
1570 1796 1922 1868 signiﬁcent,

265 1887 658 1960 neipseinter
689 1887 944 1943 incertos
994 1885 1151 1960 vulgi
1219 1902 1485 1942 rumores
1538 1885 1721 1941 animi
1781 1901 1923 1956 pen-

2108 900 2163 954 7.
2195 900 2473 955 Maximus
2501 901 2625 956 sede
2646 900 2897 969 pellitur.
2931 933 2999 940 —
3024 899 3287 955 Eminuit
3334 901 3530 953 autem
3586 896 3686 952 in-

2037 992 2121 1044 ter
2142 989 2400 1045 verilatis
2458 991 2819 1045 confessores
2877 990 3165 1045 Maximus
3224 987 3680 1060 Neapolitanus;

2038 1079 2137 1149 qui
2170 1096 2301 1133 cum
2326 1079 2670 1151 aegritudine
2700 1079 2983 1133 stomachi
3019 1079 3408 1147 laboraret,ab
3450 1075 3683 1132 Arianis

2036 1168 2528 1239 subscriptionem
2552 1185 2718 1223 suam
2752 1173 3090 1239 extorquere
3113 1168 3461 1223 conantibus
3483 1164 3684 1221 multis

2035 1262 2125 1312 est
2154 1257 2406 1313 afﬂictus
2428 1257 2701 1312 malis.At
2719 1273 2854 1311 cum
2895 1256 2991 1311 ille
3022 1256 3080 1311 in
3113 1273 3264 1328 aegro
3296 1272 3537 1327 corpore
3593 1254 3683 1309 in-

2033 1345 2250 1401 victum
2284 1350 2510 1417 gereret
2540 1345 3013 1413 animum,nullis
3048 1346 3259 1400 cedens
3305 1344 3681 1411 cruciatibus,

2034 1434 2093 1489 in
2134 1434 2404 1489 exsilium
2436 1436 2675 1490 tandem
2707 1434 2915 1506 pulsus
2947 1438 3056 1491 est.
3079 1436 3139 1489 In
3174 1435 3343 1503 cujus
3375 1433 3565 1488 locum
3590 1449 3685 1488 co-

2034 1528 2270 1596 optatur
2300 1524 2566 1580 Zosimus
2598 1524 2859 1596 quidam.
2896 1525 2951 1579 Is
2976 1540 3108 1579 cum
3132 1523 3414 1578 hactenus
3441 1521 3689 1577 catholi-

2033 1628 2163 1667 cam
2204 1613 2379 1668 ﬁdcm
2403 1617 2741 1669 constanter
2771 1616 3218 1685 propugnasset,
3274 1615 3399 1666 tum
3459 1610 3689 1666 Arianis

2035 1701 2209 1756 rebus
2240 1701 2623 1757 emolumenti
2656 1718 2835 1757 causa
2853 1702 3092 1757 studere
3122 1700 3454 1772 coopit.Quo
3486 1698 3686 1754 audito

2035 1788 2325 1845 Maximus
2356 1790 2485 1846 dira
2512 1790 2737 1845 homini
2771 1791 3150 1862 imprecatus,
3174 1788 3536 1861 praenuntiat
3555 1803 3691 1843 eum

2036 1894 2151 1932 non
2185 1878 2286 1933 diu
2317 1878 2631 1951 episcopali
2648 1879 2705 1934 in
2723 1880 2859 1935 sede
2877 1876 3695 1951 permansurum.Acciditres

266 1976 423 2033 deat.

340 2102 395 2156 5.
430 2101 553 2164 Quo
583 2105 776 2157 autem
809 2100 1167 2156 acerbiorem
1201 2099 1388 2156 exsilii
1447 2115 1678 2171 pcsnam
1740 2100 1927 2155 sancti

271 2190 556 2263 prsesules
576 2190 994 2262 experirentur,
1021 2189 1199 2262 (quod
1222 2193 1343 2245 erat
1372 2188 1773 2244 haereticorum
1800 2205 1932 2245 con-

276 2278 477 2336 silium
510 2279 937 2351 studiumque,)
959 2295 1074 2333 non
1106 2294 1292 2333 unum
1325 2277 1383 2332 in
1441 2276 1635 2331 locum
1690 2276 1929 2349 relegati

274 2369 544 2441 sunt,sed
568 2368 627 2422 in
650 2368 843 2423 varias
860 2372 916 2422 et
945 2366 1132 2421 multo
1150 2363 1452 2421 intervallo
1475 2365 1714 2421 dissitas
1738 2369 1930 2420 trans-

271 2456 438 2513 missi
471 2456 840 2529 regiones,ne
872 2456 1059 2510 mutui
1107 2457 1457 2525 conspectus
1514 2452 1725 2509 solatio
1784 2471 1932 2526 sup-

272 2546 432 2618 plicii
463 2545 627 2602 dolor
657 2544 965 2600 levaretur.
996 2544 1238 2610 Verum,
1273 2546 1339 2597 ut
1384 2559 1534 2598 caeca
1564 2560 1656 2599 res
1689 2548 1778 2599 est
1806 2560 1931 2599 ma-

272 2633 418 2705 litia,
453 2651 569 2690 non
628 2634 1011 2689 advertebant
1066 2631 1354 2699 scelerati,
1389 2632 1448 2686 in
1506 2648 1679 2704 grave
1733 2648 1931 2688 rerum

275 2740 519 2781 suarum
547 2722 966 2781 detrimentum
987 2721 1247 2777 veritatis
1263 2736 1558 2792 praecones
1570 2738 1635 2776 ac
1648 2721 1934 2778 hereseos

272 2812 476 2868 hostes
496 2812 658 2868 varia
685 2811 814 2866 loca
843 2826 1176 2883 peragrare,
1210 2825 1327 2881 quo
1388 2808 1565 2865 latius
1627 2811 1935 2866 manarent

274 2900 653 2972 illaperﬁdize
678 2900 899 2955 Ariana
931 2904 1295 2971 argumenta.
1353 2904 1532 2955 Nemo
1589 2899 1745 2955 enim
1794 2916 1931 2955 con-

281 2987 502 3061 spectis
533 2987 753 3043 sanctis
776 2988 914 3043 viris
944 2992 1168 3043 tantam
1199 3006 1304 3061 pro
1334 2989 1575 3044 veritate
1630 2988 1931 3044 calamita-

274 3081 396 3133 tem
430 3076 1193 3145 ferentibus,sceleratorum
1253 3077 1620 3150 iniquitatem
1685 3094 1799 3133 non
1846 3081 1934 3133 est

282 3169 638 3222 exsecratus.
665 3166 951 3221 Eusebius
982 3166 1163 3239 igitur
1191 3166 1589 3239 Scythopolim
1623 3166 1808 3221 exsilii
1843 3165 1932 3221 lo-

279 3271 412 3310 cum
444 3254 739 3327 pervenit;
772 3256 943 3326 cujus
976 3257 1139 3310 urbis
1196 3257 1507 3327 episcopus
1564 3260 1686 3311 erat
1732 3260 1930 3310 Patro-

1954 1964 2003 2029 B
2035 1971 2101 2023 ut
2131 1967 2407 2038 praefatus
2438 1967 2535 2023 ille
2575 1968 2783 2023 fuerat.
2817 1969 2961 2024 Cum
2995 1967 3151 2023 enim
3173 1966 3441 2023 Zosimus
3463 1965 3687 2037 episco-

2040 2055 2155 2128 pali
2201 2073 2443 2112 munere
2471 2057 2530 2112 in
2563 2057 2764 2129 populi
2794 2062 2943 2113 coetu
2973 2057 3335 2128 fungeretur,
3380 2056 3692 2126 derepente

2039 2144 2242 2217 lingua
2268 2146 2625 2201 horrendum
2650 2146 2709 2201 in
2736 2148 2977 2201 modum
3003 2146 3159 2201 foras
3189 2144 3472 2215 erupit,ut
3500 2158 3691 2215 neque

2040 2234 2354 2289 reducendi
2383 2234 2630 2290 facultas
2657 2235 3000 2299 esset.Quod
3048 2251 3182 2290 cum
3242 2232 3502 2305 repetitis
3549 2231 3689 2286 vici-

2041 2324 2151 2378 bus
2184 2322 2510 2393 accidisset,
2537 2323 2722 2378 sensit
2750 2322 2847 2377 ille
2877 2323 3160 2377 divinitus
3191 2320 3526 2377 immissum
3560 2336 3690 2375 ma-

2041 2410 2187 2481 lum,
2245 2412 2522 2483 novitque
2579 2429 2693 2466 non
2754 2412 2973 2467 frustra
3056 2411 3439 2466 vaticinatum
3509 2409 3692 2465 fuisse

2038 2500 2379 2567 Maximum,
2440 2518 2506 2556 ac
2566 2506 2775 2573 sponte
2835 2501 3178 2574 dignitatem
3241 2499 3401 2554 exuit
3463 2498 3692 2572 episco-

2040 2589 2259 2663 palem.
2324 2590 2617 2645 Maximus
2663 2593 2859 2645 autem
2917 2591 2979 2644 in
3025 2588 3215 2645 exsilii
3270 2588 3394 2644 loco
3470 2591 3695 2659 postre-

2044 2696 2208 2735 mum
2239 2679 2384 2736 obiit
2413 2678 2590 2747 diem,
2636 2679 3025 2735 confessionis
3074 2678 3282 2735 exinde
3338 2677 3523 2751 gloria
3576 2675 3697 2734 cla-

2044 2786 2163 2824 ωε.

2115 2905 2167 2958 8.
2192 2902 2523 2967 Martyrium
2554 2901 2861 2974 Ruﬁnz’ani.
2888 2933 2957 2943 —-
3001 2902 3215 2957 Iisdem
3276 2902 3701 2956 annumeratur

2043 2992 2181 3047 item
2216 2992 2564 3047 Ruﬁnianus
2591 2992 2831 3062 quidam
2862 2992 2989 3046 vitae
3023 2990 3415 3047 sanctimonia
3463 2987 3696 3062 conspi-

2044 3098 2191 3136 cuus
2225 3098 2237 3135 :
2274 3080 2375 3152 qui
2407 3080 2539 3135 ﬁdei
2573 3097 2751 3135 causa
2782 3081 2852 3136 ab
2875 3080 3229 3152 impiissimo
3256 3079 3516 3151 Epicteto
3549 3080 3697 3134 Cen-

2042 3175 2170 3225 tum
2201 3168 2476 3225 cellarum
2503 3170 2776 3242 episcopo
2800 3170 3121 3225 immanem
3155 3169 3214 3223 in
3246 3169 3485 3223 modum
3520 3184 3695 3223 vexa-

2044 3262 2163 3324 tus,
2196 3262 2328 3312 ante
2350 3274 2587 3313 currum
2643 3260 2770 3329 ejus
2820 3258 3107 3313 concitato
3164 3273 3342 3312 cursu
3386 3256 3696 3328 procedere

278 3342 503 3415 philius
534 3342 807 3409 Arianus,
840 3343 939 3415 qui
974 3347 1137 3399 tanta
1165 3361 1323 3409 cura,
1383 3343 1708 3416 Epiphanio
1757 3348 1925 3410 teste,
1959 3334 2002 3400 C
2041 3346 2380 3418 compulsus
2405 3354 2490 3401 est
2525 3363 2537 3400 :
2575 3364 2688 3418 quo
2714 3348 2954 3413 factum,
2977 3351 3043 3401 ut
3082 3348 3495 3417 erumpuntem
3556 3360 3690 3399 san-

272 3430 597 3487 Catbolicos
630 3449 662 3487 a
683 3449 790 3487 sua
822 3432 1073 3502 parmcia
1120 3436 1476 3504 exegerat,ut
1506 3432 1741 3487 nonnisi
1777 3449 1931 3488 unus

267 3519 487 3593 Joseph
519 3536 716 3577 comes
744 3519 922 3576 isthic
951 3525 1303 3592 superesset,
1340 3521 1437 3592 qui
1470 3520 1754 3575 Arianum
1816 3537 1931 3575 non

271 3612 602 3666 sectaretur
631 3625 910 3664 errorem.
944 3609 1067 3664 Erit
1127 3610 1374 3665 fortasse
1430 3609 1709 3664 narrandi
1768 3609 1932 3664 locus

279 3697 421 3773 quid
455 3699 584 3769 ejus
614 3715 755 3753 cura
779 3702 837 3752 et
874 3714 1049 3770 opera
1098 3714 1412 3771 perpessus
1460 3698 1537 3752 sit
1619 3698 1927 3754 Eusebius.

273 3786 409 3844 Fuit
439 3793 637 3843 autem
670 3787 919 3843 Eusebio
977 3787 1487 3860 peregrimationis
1547 3786 1932 3860 laborumque

273 3877 470 3934 socius
500 3876 1057 3948 Exuperantius,qui
1092 3880 1293 3947 postea
1326 3875 1435 3930 fuit
1493 3876 1551 3930 in
1609 3877 1932 3931 Tortonen-

270 3981 404 4025 sem
449 3964 791 4038 episcopum
842 3969 1170 4036 cooptatus.
1222 3965 1450 4020 Lucifer
1504 3965 1932 4021 Germaniciam

278 4054 554 4123 mittitur;
587 4055 758 4126 cujus
788 4060 915 4110 tum
943 4056 1255 4127 episcopus
1286 4059 1411 4111 erat
1443 4056 1736 4112 Eudoxius
1768 4057 1932 4110 Aria-

279 4162 413 4201 nus.
448 4146 571 4211 Quo
598 4143 656 4199 in
688 4144 814 4200 loco
845 4143 1059 4215 quibus
1093 4145 1170 4199 sit
1201 4146 1481 4199 aerumnis
1512 4146 1774 4213 affectus,
1834 4145 1932 4200 de-

281 4233 487 4290 scribit
516 4233 722 4305 ipsein
755 4250 864 4289 sua
892 4233 963 4287 ad
996 4234 1403 4289 Constantium
1424 4234 1689 4305 epistola.
1726 4235 1787 4288 In
1815 4250 1935 4289 car-

278 4339 409 4380 cere
438 4322 654 4395 quippe
685 4321 949 4377 reclusus
971 4338 1037 4377 ac
1067 4322 1196 4376 luce
1243 4322 1527 4393 privatus,
1561 4323 1620 4377 in
1678 4323 1935 4377 tenebris

279 4413 787 4479 asservabatur,ut
809 4427 880 4466 ne
931 4410 1185 4482 cuipiam
1245 4411 1374 4483 ejus
1432 4410 1722 4467 invisendi
1771 4412 1938 4484 copia

275 4505 456 4557 esset.
489 4500 802 4574 Dionysius
835 4504 1031 4554 autem
1062 4499 1512 4555 Mediolanensis
1543 4499 1604 4554 in
1636 4501 1936 4571 Cappado-

269 4591 429 4647 ciam
461 4588 952 4661 deportatus,illic
983 4588 1171 4644 exsilii
1216 4590 1388 4659 juxta
1446 4605 1510 4643 ac
1573 4589 1701 4644 vita
1760 4590 1933 4645 finem

274 4679 542 4745 invenit;
576 4678 888 4733 Dominum
918 4683 1187 4750 precatus
1219 4678 1460 4747 scilicet,
1491 4683 1556 4732 ut
1581 4694 1647 4733 ex
1682 4678 1791 4732 hac
1820 4678 1935 4733 vita

273 4767 607 4840 demigrare
654 4766 872 4834 liceret,
920 4784 992 4823 ne
1042 4782 1329 4834 reversus,
1374 4767 1688 4838 paroeciam
1772 4784 1943 4823 suam

272 4857 499 4913 ,Ariana
526 4855 658 4912 labe
680 4856 957 4912 infectam
988 4856 1468 4928 deprehenderet.
1536 4857 1601 4911 Et
1661 4874 1802 4912 sane
1851 4874 1943 4912 res

279 4950 352 5003 ut
380 4945 787 5018 augurabatur
817 4944 1203 5013 accidisset,si
1252 4946 1474 5000 diutius
1562 4946 1943 5017 protraxisset

278 5034 557 5091 vitamJn
589 5034 719 5104 ejus
738 5034 955 5106 quippe
973 5033 1163 5089 loeum
1188 5035 1468 5090 suffectus
1501 5039 1590 5090 est
1619 5035 1943 5091 Anxentius

281 5123 642 5181 Arianorum
694 5123 1069 5194 deterrimus,
1133 5141 1168 5178 a
1217 5124 1494 5195 Gregorio
1550 5122 1943 5180 Alexandrino

286 5213 596 5286 presbyter
622 5213 1057 5285 ordinatus,qui
1086 5215 1314 5267 Arianae
1334 5213 1423 5268 .rei
1460 5214 1738 5285 augendae
1770 5218 1945 5286 atque

282 5302 698 5374 promovendis
730 5307 965 5358 strenue
995 5318 1231 5374 operam
1263 5302 1443 5357 dedit.

359 5434 415 5489 6.
450 5434 668 5491 Praeter
699 5439 1058 5491 memoratos
1089 5440 1283 5491 autem
1308 5436 1632 5508 episcopos,
1662 5436 1760 5492 alii
1817 5455 1943 5510 per-

288 5522 462 5595 pauci
528 5522 714 5579 exsilii
802 5541 1035 5596 pmnam
1096 5524 1295 5579 subire
1342 5523 1697 5596 maluerunt,
1761 5543 1942 5599 quam

278 5602 377 5675 vel
433 5611 823 5669 Athanasium
881 5614 1184 5680 damnare,
1215 5610 1303 5667 vel
1354 5630 1489 5669 cum
1547 5614 1780 5671 Arianis
1837 5616 1945 5672 ini-

290 5717 355 5775 re
394 5701 755 5758 societatem.
845 5703 1101 5759 Maxima
1158 5720 1295 5776 pars
1344 5703 1546 5772 minis,
1605 5705 1811 5761 terrori
1883 5722 1949 5762 ac

276 5791 606 5877 fruadibus
634 5792 960 5849 Constantii
990 5808 1369 5861 concessere;
1402 5809 1471 5848 ex
1530 5810 1781 5865 quorum
1839 5812 1948 5851 nu-

2041 3437 2281 3510 guinem
2313 3452 2411 3490 ore
2440 3453 2738 3505 evomens,
2772 3436 3094 3493 exstinctus
3125 3435 3222 3491 sit.

2110 3572 2164 3625 9.
2204 3571 2430 3626 Vexatz'o
2464 3569 2759 3626 Catholicis
2788 3586 2888 3642 per
2909 3570 3093 3626 orbem
3121 3569 3302 3625 illata.
3333 3598 3402 3609 —-
3432 3567 3548 3623 Nec
3598 3582 3693 3621 so-

2040 3658 2164 3714 lum
2199 3664 2393 3714 autem
2427 3658 2737 3714 Mediolani
2769 3675 2835 3714 ac
2858 3675 2960 3730 per
3018 3657 3247 3713 Italiam
3292 3656 3511 3712 Ariana
3566 3654 3694 3711 lues

2041 3748 2425 3820 grassabatur
2457 3765 2469 3801 :
2506 3748 2605 3801 sed
2636 3764 2735 3819 per
2766 3752 2953 3802 totum
3005 3747 3337 3802 Romanum
3376 3744 3693 3819 imperium

2041 3838 2281 3893 horrore
2314 3836 2513 3890 omnia
2534 3835 2707 3907 plena
2740 3855 2753 3903 ;
2786 3837 2981 3901 minas,
3015 3836 3236 3906 multas,
3269 3833 3692 3905 exsilia,quod-

2041 3927 2129 3981 vis
2160 3942 2559 3980 aerumnarum
2612 3941 2796 3997 genus
2852 3925 2924 3980 iis
2974 3927 3074 3997 qui
3118 3923 3337 3980 nollent
3392 3919 3703 3978 Athanasii

2044 4014 2407 4071 damnationi
2433 4015 2821 4069 subscribere.
2857 4016 2980 4080 Qua
3001 4015 3072 4069 de
3102 4030 3161 4070 re
3209 4012 3601 4068 Athanasium
3631 4009 3702 4064 li-

2044 4104 2140 4159 bet
2169 4102 2368 4158 audire
2389 4102 2747 4174 loquentem.
2780 4102 2988 4158 Statim
3019 4102 3223 4157 litterae
3243 4103 3315 4157 ad
3347 4100 3687 4173 prafectum

2046 4194 2261 4263 missae,
2288 4193 2647 4264 jussumque
2669 4197 2759 4247 est
2789 4192 3179 4247 Athanasium
3204 4190 3378 4247 solita
3425 4186 3705 4245 frumenti

2047 4298 2280 4337 annona
2310 4280 2548 4353 privari,
2582 4286 2883 4353 totamque
2908 4282 2967 4336 in
2999 4297 3173 4337 usum
3204 4279 3321 4335 Arii
3343 4282 3704 4335 sectatorum

2046 4371 2315 4427 conferri.
2343 4370 2489 4425 Data
2519 4369 2731 4442 cuique
2760 4370 2971 4426 volenfi
3006 4369 3251 4426 facultas
3271 4372 3379 4436 est,
3405 4372 3713 4424 contume-

2046 4460 2185 4515 liam
2216 4458 2289 4514 iis
2320 4458 2605 4514 inferendi
2636 4459 2737 4530 qui
2770 4459 3076 4515 Athanasii
3113 4457 3502 4513 conventibus
3538 4456 3717 4512 inter-

2047 4553 2266 4606 essent.
2320 4548 2465 4603 Hinc
2515 4548 2686 4603 minae
2727 4564 2962 4619 quoque
3027 4546 3329 4615 iudicibus
3393 4545 3716 4611 intentatis,

2050 4639 2163 4694 nisi
2197 4655 2332 4693 cum
2365 4637 2601 4692 Arianis
2624 4635 3059 4691 communionis
3092 4634 3431 4690 societatem
3471 4632 3717 4687 inirent.

1978 4708 2018 4771 D
2054 4728 2223 4784 Paria
2249 4727 2307 4781 in
2343 4726 2473 4781 aliis
2506 4726 2850 4799 regionibus
2873 4727 3043 4795 jussa
3062 4723 3332 4797 prodiere
3364 4722 3721 4792 :videreque

2068 4822 2194 4874 erat
2224 4832 2325 4887 per
2360 4815 2534 4870 urbes
2568 4813 2836 4887 singulas
2868 4814 3084 4871 missos
3118 4812 3381 4869 notarios
3426 4814 3484 4866 et
3519 4808 3726 4884 palati-

2068 4924 2196 4976 nos,
2231 4905 2331 4976 qui
2369 4905 2592 4975 judices
2615 4904 2976 4959 concitarent
3007 4904 3066 4959 in
3096 4902 3571 4971 Athanasium,et
3600 4896 3730 4970 epi-

2060 5012 2276 5067 scopos
2306 4992 2393 5048 vel
2419 4994 2490 5047 ad
2535 4994 2842 5048 ferendum
2878 4992 3226 5063 suffragium
3260 4977 3727 5053 inducerent,ve1

2055 5084 2336 5157 pellerent
2357 5082 2417 5137 in
2451 5081 3108 5154 exsilium,p0pulisque
3154 5097 3367 5154 graves
3388 5075 3736 5133 intermina-

2054 5178 2256 5230 rentur
2285 5171 2671 5227 calamitates.
2709 5170 2939 5243 Legatis
2966 5172 3265 5227 dabantur
3287 5166 3517 5224 itineris
3536 5163 3728 5221 comi~

2078 5268 2165 5317 tes
2195 5260 2417 5317 Ursacii
2441 5266 2495 5316 et
2516 5259 2780 5315 Valentis
2811 5258 3006 5315 clerici
3041 5277 3054 5315 :
3089 5259 3189 5331 qui
3223 5258 3271 5313 si
3296 5256 3532 5329 judices
3575 5252 3734 5307 vide'

2084 5356 2212 5407 rent
2234 5366 2345 5405 non
2370 5354 2605 5405 strenue
2626 5366 2748 5405 rem
2798 5348 3286 5419 agere,deferrent
3352 5345 3425 5401 ad
3480 5343 3730 5419 impera:

2298 5439 2549 5510 thuod
2574 5404 2935 5509 stupendum
2966 5404 3138 5507 plane
3160 5440 3452 5500 erat,curn
3497 5404 3737 5487 caeteraEl

2077 5528 2328 5584 haereses
2358 5527 2608 5582 intactas
2634 5527 2911 5593 sinerent,
2948 5524 3089 5580 solis
3139 5522 3455 5580 Catholicis
3512 5518 3737 5575 bellum

2080 5618 2589 5674 inferebant.Tum
2616 5614 2970 5687 episcopi,ut
3001 5615 3291 5686 scriptum
3319 5614 3431 5677 est,
3460 5609 3533 5665 ad
3570 5622 3738 5680 reges

2089 5712 2145 5764 et
2174 5707 2449 5779 praesides
2481 5705 2661 5775 ducti,
2692 5722 2725 5759 a
2749 5702 3173 5774 judicibusque
3210 5702 3332 5756 haec
3375 5696 3693 5753 audiebant
3724 5711 3738 5752 :

2090 5800 2203 5852 Aut
2231 5794 2604 5861 subscribite,
2638 5796 2743 5849 aut
2761 5789 3021 5847 decedite
3051 5786 3409 5847 abEcclesiis
3429 5784 3741 5856 ;namjus-
