  <div class='ocr_page' id='page_1' title='image "/cluster/home/n/w/nwhite01/storage/ocr_20150623/25:no.1/coo.31924054873066/135.png"; bbox 0 0 4166 6424; ppageno 0'>
   <div class='ocr_carea' id='block_1_1' title="bbox 487 472 654 527">
    <p class='ocr_par' dir='ltr' id='par_1_1' title="bbox 487 472 654 527">
     <span class='ocr_line' id='line_1_1' title="bbox 487 472 654 527; baseline -0.012 1"><span class='ocrx_word' id='word_1_1' title='bbox 487 472 654 527; x_wconf 72' lang='lat' dir='ltr'><strong>CXXII</strong></span> 
     </span>
    </p>
   </div>
   <div class='ocr_carea' id='block_1_2' title="bbox 1899 465 2510 535">
    <p class='ocr_par' dir='ltr' id='par_1_2' title="bbox 1899 465 2510 535">
     <span class='ocr_line' id='line_1_2' title="bbox 1899 465 2510 535; baseline -0.002 -2"><span class='ocrx_word' id='word_1_2' title='bbox 1899 465 2510 535; x_wconf 78' lang='lat' dir='ltr'><strong>PROLEGOMENA.</strong></span> 
     </span>
    </p>
   </div>
   <div class='ocr_carea' id='block_1_3' title="bbox 490 586 3904 676">
    <p class='ocr_par' dir='ltr' id='par_1_3' title="bbox 490 586 3904 676">
     <span class='ocr_line' id='line_1_3' title="bbox 490 586 3904 676; baseline 0 -23"><span class='ocrx_word' id='word_1_3' title='bbox 490 597 569 654; x_wconf 90' lang='lat' dir='ltr'><strong>sit</strong></span> <span class='ocrx_word' id='word_1_4' title='bbox 598 598 919 671; x_wconf 82' lang='lat' dir='ltr'><strong>imperator</strong></span> <span class='ocrx_word' id='word_1_5' title='bbox 947 604 1014 658; x_wconf 92' lang='lat' dir='ltr'><strong>ut</strong></span> <span class='ocrx_word' id='word_1_6' title='bbox 1044 601 1416 660; x_wconf 88' lang='lat' dir='ltr'><strong>abdicemini.</strong></span> <span class='ocrx_word' id='word_1_7' title='bbox 1448 601 1557 659; x_wconf 88' lang='lat' dir='ltr'><strong>Alii</strong></span> <span class='ocrx_word' id='word_1_8' title='bbox 1582 620 1615 659; x_wconf 90' lang='lat' dir='ltr'><strong>a</strong></span> <span class='ocrx_word' id='word_1_9' title='bbox 1634 603 1917 676; x_wconf 52' lang='lat' dir='ltr'><strong>praefectis</strong></span> <span class='ocrx_word' id='word_1_10' title='bbox 1949 609 2143 660; x_wconf 82' lang='lat' dir='ltr'><strong>extur-</strong></span> <span class='ocrx_word' id='word_1_11' title='bbox 2177 605 2231 670; x_wconf 83' lang='grc' dir='ltr'><strong>Α</strong></span> <span class='ocrx_word' id='word_1_12' title='bbox 2261 604 2455 658; x_wconf 90' lang='lat' dir='ltr'><strong>dictus</strong></span> <span class='ocrx_word' id='word_1_13' title='bbox 2487 600 2719 658; x_wconf 90' lang='lat' dir='ltr'><strong>animus</strong></span> <span class='ocrx_word' id='word_1_14' title='bbox 2749 600 3141 676; x_wconf 77' lang='lat' dir='ltr'><strong>episcopalem</strong></span> <span class='ocrx_word' id='word_1_15' title='bbox 3171 600 3330 659; x_wconf 88' lang='lat' dir='ltr'><strong>adire</strong></span> <span class='ocrx_word' id='word_1_16' title='bbox 3351 599 3695 675; x_wconf 88' lang='lat' dir='ltr'><strong>dignitatem</strong></span> <span class='ocrx_word' id='word_1_17' title='bbox 3726 586 3904 672; x_wconf 86' lang='lat' dir='ltr'><strong>perti-</strong></span> 
     </span>
    </p>
   </div>
   <div class='ocr_carea' id='block_1_4' title="bbox 487 687 2139 765">
    <p class='ocr_par' dir='ltr' id='par_1_4' title="bbox 487 687 2139 765">
     <span class='ocr_line' id='line_1_4' title="bbox 487 687 2139 765; baseline 0.002 -21"><span class='ocrx_word' id='word_1_18' title='bbox 487 687 608 744; x_wconf 87' lang='lat' dir='ltr'><strong>bati</strong></span> <span class='ocrx_word' id='word_1_19' title='bbox 645 707 657 757; x_wconf 89' lang='lat'>;</span> <span class='ocrx_word' id='word_1_20' title='bbox 693 691 846 760; x_wconf 91' lang='lat' dir='ltr'><strong>quod</strong></span> <span class='ocrx_word' id='word_1_21' title='bbox 879 694 1072 747; x_wconf 92' lang='lat' dir='ltr'><strong>tamen</strong></span> <span class='ocrx_word' id='word_1_22' title='bbox 1109 693 1370 764; x_wconf 89' lang='lat' dir='ltr'><strong>primarii</strong></span> <span class='ocrx_word' id='word_1_23' title='bbox 1393 692 1498 748; x_wconf 85' lang='lat' dir='ltr'><strong>viri</strong></span> <span class='ocrx_word' id='word_1_24' title='bbox 1547 711 1659 749; x_wconf 91' lang='lat' dir='ltr'><strong>non</strong></span> <span class='ocrx_word' id='word_1_25' title='bbox 1701 694 1834 748; x_wconf 92' lang='lat' dir='ltr'><strong>odio</strong></span> <span class='ocrx_word' id='word_1_26' title='bbox 1885 693 2139 765; x_wconf 87' lang='lat' dir='ltr'><strong>quodam</strong></span> 
     </span>
    </p>
   </div>
   <div class='ocr_carea' id='block_1_5' title="bbox 487 777 2144 854">
    <p class='ocr_par' dir='ltr' id='par_1_5' title="bbox 487 777 2144 854">
     <span class='ocr_line' id='line_1_5' title="bbox 487 777 2144 854; baseline 0.002 -22"><span class='ocrx_word' id='word_1_27' title='bbox 487 777 834 850; x_wconf 90' lang='lat' dir='ltr'><strong>infensoque</strong></span> <span class='ocrx_word' id='word_1_28' title='bbox 859 781 1052 836; x_wconf 90' lang='lat' dir='ltr'><strong>animo</strong></span> <span class='ocrx_word' id='word_1_29' title='bbox 1085 783 1463 853; x_wconf 69' lang='lat' dir='ltr'><strong>przestabant,</strong></span> <span class='ocrx_word' id='word_1_30' title='bbox 1500 784 1600 839; x_wconf 91' lang='lat' dir='ltr'><strong>sed</strong></span> <span class='ocrx_word' id='word_1_31' title='bbox 1633 789 1697 838; x_wconf 91' lang='lat' dir='ltr'><strong>ut</strong></span> <span class='ocrx_word' id='word_1_32' title='bbox 1727 800 1799 839; x_wconf 90' lang='lat' dir='ltr'><strong>ne</strong></span> <span class='ocrx_word' id='word_1_33' title='bbox 1839 782 1951 854; x_wconf 88' lang='lat' dir='ltr'><strong>ipsi</strong></span> <span class='ocrx_word' id='word_1_34' title='bbox 1993 784 2144 836; x_wconf 89' lang='lat' dir='ltr'><strong>inler</strong></span> 
     </span>
    </p>
   </div>
   <div class='ocr_carea' id='block_1_6' title="bbox 488 867 2141 942">
    <p class='ocr_par' dir='ltr' id='par_1_6' title="bbox 488 867 2141 942">
     <span class='ocr_line' id='line_1_6' title="bbox 488 867 2141 942; baseline 0.002 -22"><span class='ocrx_word' id='word_1_35' title='bbox 488 867 893 940; x_wconf 89' lang='lat' dir='ltr'><strong>episcoporum</strong></span> <span class='ocrx_word' id='word_1_36' title='bbox 927 870 1147 925; x_wconf 90' lang='lat' dir='ltr'><strong>amicos</strong></span> <span class='ocrx_word' id='word_1_37' title='bbox 1210 876 1712 942; x_wconf 87' lang='lat' dir='ltr'><strong>computarentur,</strong></span> <span class='ocrx_word' id='word_1_38' title='bbox 1776 876 1950 942; x_wconf 90' lang='lat' dir='ltr'><strong>atque</strong></span> <span class='ocrx_word' id='word_1_39' title='bbox 2003 870 2141 924; x_wconf 88' lang='lat' dir='ltr'><strong>hinc</strong></span> 
     </span>
    </p>
   </div>
   <div class='ocr_carea' id='block_1_7' title="bbox 488 954 2138 1031">
    <p class='ocr_par' dir='ltr' id='par_1_7' title="bbox 488 954 2138 1031">
     <span class='ocr_line' id='line_1_7' title="bbox 488 954 2138 1031; baseline 0.002 -21"><span class='ocrx_word' id='word_1_40' title='bbox 488 954 636 1011; x_wconf 87' lang='lat' dir='ltr'><strong>foret</strong></span> <span class='ocrx_word' id='word_1_41' title='bbox 688 957 777 1011; x_wconf 89' lang='lat' dir='ltr'><strong>sui</strong></span> <span class='ocrx_word' id='word_1_42' title='bbox 831 958 1180 1013; x_wconf 78' lang='lat' dir='ltr'><strong>criminandi</strong></span> <span class='ocrx_word' id='word_1_43' title='bbox 1241 961 1490 1016; x_wconf 80' lang='lat' dir='ltr'><strong>occasio.</strong></span> <span class='ocrx_word' id='word_1_44' title='bbox 1555 961 1700 1015; x_wconf 90' lang='lat' dir='ltr'><strong>Nam</strong></span> <span class='ocrx_word' id='word_1_45' title='bbox 1760 959 1906 1031; x_wconf 88' lang='lat' dir='ltr'><strong>ipsis</strong></span> <span class='ocrx_word' id='word_1_46' title='bbox 1955 959 2138 1030; x_wconf 88' lang='lat' dir='ltr'><strong>magi-</strong></span> 
     </span>
    </p>
   </div>
   <div class='ocr_carea' id='block_1_8' title="bbox 488 1046 2144 1120">
    <p class='ocr_par' dir='ltr' id='par_1_8' title="bbox 488 1046 2144 1120">
     <span class='ocr_line' id='line_1_8' title="bbox 488 1046 2144 1120; baseline 0.002 -21"><span class='ocrx_word' id='word_1_47' title='bbox 488 1046 772 1101; x_wconf 86' lang='lat' dir='ltr'><strong>stratibus</strong></span> <span class='ocrx_word' id='word_1_48' title='bbox 833 1047 1026 1103; x_wconf 56' lang='lat' dir='ltr'><strong>missa</strong></span> <span class='ocrx_word' id='word_1_49' title='bbox 1065 1048 1270 1103; x_wconf 71' lang='lat' dir='ltr'><strong>litterae</strong></span> <span class='ocrx_word' id='word_1_50' title='bbox 1321 1054 1477 1119; x_wconf 88' lang='lat' dir='ltr'><strong>sunt,</strong></span> <span class='ocrx_word' id='word_1_51' title='bbox 1540 1049 1834 1120; x_wconf 89' lang='lat' dir='ltr'><strong>minisque</strong></span> <span class='ocrx_word' id='word_1_52' title='bbox 1913 1048 2144 1103; x_wconf 90' lang='lat' dir='ltr'><strong>adbibi-</strong></span> 
     </span>
    </p>
   </div>
   <div class='ocr_carea' id='block_1_9' title="bbox 483 1134 2142 1209">
    <p class='ocr_par' dir='ltr' id='par_1_9' title="bbox 483 1134 2142 1209">
     <span class='ocr_line' id='line_1_9' title="bbox 483 1134 2142 1209; baseline 0.001 -21"><span class='ocrx_word' id='word_1_53' title='bbox 483 1134 581 1203; x_wconf 85' lang='lat' dir='ltr'><strong>tis,</strong></span> <span class='ocrx_word' id='word_1_54' title='bbox 643 1135 829 1190; x_wconf 91' lang='lat' dir='ltr'><strong>multa</strong></span> <span class='ocrx_word' id='word_1_55' title='bbox 893 1137 1207 1208; x_wconf 89' lang='lat' dir='ltr'><strong>pecunaria</strong></span> <span class='ocrx_word' id='word_1_56' title='bbox 1265 1137 1502 1207; x_wconf 89' lang='lat' dir='ltr'><strong>indicta,</strong></span> <span class='ocrx_word' id='word_1_57' title='bbox 1571 1139 1682 1192; x_wconf 85' lang='lat' dir='ltr'><strong>nisi</strong></span> <span class='ocrx_word' id='word_1_58' title='bbox 1743 1137 1965 1209; x_wconf 84' lang='lat' dir='ltr'><strong>singuli</strong></span> <span class='ocrx_word' id='word_1_59' title='bbox 2024 1154 2142 1192; x_wconf 67' lang='lat' dir='ltr'><strong>sure</strong></span> 
     </span>
    </p>
   </div>
   <div class='ocr_carea' id='block_1_10' title="bbox 485 1222 2144 1300">
    <p class='ocr_par' dir='ltr' id='par_1_10' title="bbox 485 1222 2144 1300">
     <span class='ocr_line' id='line_1_10' title="bbox 485 1222 2144 1300; baseline 0.001 -22"><span class='ocrx_word' id='word_1_60' title='bbox 485 1222 736 1279; x_wconf 83' lang='lat' dir='ltr'><strong>civitatis</strong></span> <span class='ocrx_word' id='word_1_61' title='bbox 795 1226 1141 1298; x_wconf 87' lang='lat' dir='ltr'><strong>episcopum</strong></span> <span class='ocrx_word' id='word_1_62' title='bbox 1193 1227 1568 1300; x_wconf 80' lang='lat' dir='ltr'><strong>compelleret</strong></span> <span class='ocrx_word' id='word_1_63' title='bbox 1621 1229 1692 1282; x_wconf 89' lang='lat' dir='ltr'><strong>ad</strong></span> <span class='ocrx_word' id='word_1_64' title='bbox 1768 1227 2144 1282; x_wconf 84' lang='lat' dir='ltr'><strong>subscriben-</strong></span> 
     </span>
    </p>
   </div>
   <div class='ocr_carea' id='block_1_11' title="bbox 483 1312 2147 1388">
    <p class='ocr_par' dir='ltr' id='par_1_11' title="bbox 483 1312 2147 1388">
     <span class='ocr_line' id='line_1_11' title="bbox 483 1312 2147 1388; baseline 0.001 -20"><span class='ocrx_word' id='word_1_65' title='bbox 483 1312 645 1368; x_wconf 87' lang='lat' dir='ltr'><strong>dum.</strong></span> <span class='ocrx_word' id='word_1_66' title='bbox 683 1314 887 1370; x_wconf 89' lang='lat' dir='ltr'><strong>Omnis</strong></span> <span class='ocrx_word' id='word_1_67' title='bbox 920 1315 1171 1388; x_wconf 88' lang='lat' dir='ltr'><strong>denique</strong></span> <span class='ocrx_word' id='word_1_68' title='bbox 1204 1316 1393 1383; x_wconf 91' lang='lat' dir='ltr'><strong>locus,</strong></span> <span class='ocrx_word' id='word_1_69' title='bbox 1426 1317 1619 1372; x_wconf 89' lang='lat' dir='ltr'><strong>omnis</strong></span> <span class='ocrx_word' id='word_1_70' title='bbox 1679 1316 1882 1372; x_wconf 85' lang='lat' dir='ltr'><strong>civitas</strong></span> <span class='ocrx_word' id='word_1_71' title='bbox 1929 1321 2147 1370; x_wconf 86' lang='lat' dir='ltr'><strong>terrore</strong></span> 
     </span>
    </p>
   </div>
   <div class='ocr_carea' id='block_1_12' title="bbox 486 1402 2146 1478">
    <p class='ocr_par' dir='ltr' id='par_1_12' title="bbox 486 1402 2146 1478">
     <span class='ocr_line' id='line_1_12' title="bbox 486 1402 2146 1478; baseline 0 -22"><span class='ocrx_word' id='word_1_72' title='bbox 486 1407 614 1457; x_wconf 76' lang='lat' dir='ltr'><strong>erat</strong></span> <span class='ocrx_word' id='word_1_73' title='bbox 632 1419 697 1457; x_wconf 89' lang='lat' dir='ltr'><strong>ac</strong></span> <span class='ocrx_word' id='word_1_74' title='bbox 729 1404 988 1459; x_wconf 85' lang='lat' dir='ltr'><strong>tumultu</strong></span> <span class='ocrx_word' id='word_1_75' title='bbox 1024 1406 1214 1477; x_wconf 90' lang='lat' dir='ltr'><strong>plena,</strong></span> <span class='ocrx_word' id='word_1_76' title='bbox 1250 1406 1391 1461; x_wconf 90' lang='lat' dir='ltr'><strong>dum</strong></span> <span class='ocrx_word' id='word_1_77' title='bbox 1442 1406 1650 1478; x_wconf 88' lang='lat' dir='ltr'><strong>raptati</strong></span> <span class='ocrx_word' id='word_1_78' title='bbox 1711 1405 1966 1478; x_wconf 90' lang='lat' dir='ltr'><strong>episcopi</strong></span> <span class='ocrx_word' id='word_1_79' title='bbox 2029 1402 2146 1476; x_wconf 89' lang='lat' dir='ltr'><strong>pel-</strong></span> 
     </span>
    </p>
   </div>
   <div class='ocr_carea' id='block_1_13' title="bbox 484 1487 2148 1568">
    <p class='ocr_par' dir='ltr' id='par_1_13' title="bbox 484 1487 2148 1568">
     <span class='ocr_line' id='line_1_13' title="bbox 484 1487 2148 1568; baseline 0.002 -25"><span class='ocrx_word' id='word_1_80' title='bbox 484 1487 974 1565; x_wconf 87' lang='lat' dir='ltr'><strong>lerentur,populi</strong></span> <span class='ocrx_word' id='word_1_81' title='bbox 1009 1495 1210 1549; x_wconf 91' lang='lat' dir='ltr'><strong>omnia</strong></span> <span class='ocrx_word' id='word_1_82' title='bbox 1232 1493 1391 1550; x_wconf 91' lang='lat' dir='ltr'><strong>luctu</strong></span> <span class='ocrx_word' id='word_1_83' title='bbox 1415 1495 1850 1568; x_wconf 84' lang='lat' dir='ltr'><strong>gemitibusque</strong></span> <span class='ocrx_word' id='word_1_84' title='bbox 1894 1496 2148 1564; x_wconf 91' lang='lat' dir='ltr'><strong>comple-</strong></span> 
     </span>
    </p>
   </div>
   <div class='ocr_carea' id='block_1_14' title="bbox 487 1582 637 1634">
    <p class='ocr_par' dir='ltr' id='par_1_14' title="bbox 487 1582 637 1634">
     <span class='ocr_line' id='line_1_14' title="bbox 487 1582 637 1634; baseline 0.007 -1"><span class='ocrx_word' id='word_1_85' title='bbox 487 1582 637 1634; x_wconf 88' lang='lat' dir='ltr'><strong>rent.</strong></span> 
     </span>
    </p>
   </div>
   <div class='ocr_carea' id='block_1_15' title="bbox 566 1670 2152 1745">
    <p class='ocr_par' dir='ltr' id='par_1_15' title="bbox 566 1670 2152 1745">
     <span class='ocr_line' id='line_1_15' title="bbox 566 1670 2152 1745; baseline 0.006 -22"><span class='ocrx_word' id='word_1_86' title='bbox 566 1670 652 1723; x_wconf 90' lang='grc'><strong>10.</strong></span> <span class='ocrx_word' id='word_1_87' title='bbox 677 1673 808 1726; x_wconf 69' lang='lat' dir='ltr'><strong>Haec</strong></span> <span class='ocrx_word' id='word_1_88' title='bbox 840 1675 1006 1726; x_wconf 90' lang='lat' dir='ltr'><strong>erant</strong></span> <span class='ocrx_word' id='word_1_89' title='bbox 1029 1672 1349 1728; x_wconf 91' lang='lat' dir='ltr'><strong>missorum</strong></span> <span class='ocrx_word' id='word_1_90' title='bbox 1385 1673 1781 1744; x_wconf 89' lang='lat' dir='ltr'><strong>palatinorum</strong></span> <span class='ocrx_word' id='word_1_91' title='bbox 1813 1677 1996 1745; x_wconf 87' lang='lat' dir='ltr'><strong>gesta.</strong></span> <span class='ocrx_word' id='word_1_92' title='bbox 2042 1673 2152 1732; x_wconf 86' lang='lat' dir='ltr'><strong>Ad-</strong></span> 
     </span>
    </p>
   </div>
   <div class='ocr_carea' id='block_1_16' title="bbox 492 1757 2151 1833">
    <p class='ocr_par' dir='ltr' id='par_1_16' title="bbox 492 1757 2151 1833">
     <span class='ocr_line' id='line_1_16' title="bbox 492 1757 2151 1833; baseline 0.002 -21"><span class='ocrx_word' id='word_1_93' title='bbox 492 1757 744 1814; x_wconf 86' lang='lat' dir='ltr'><strong>mirandi</strong></span> <span class='ocrx_word' id='word_1_94' title='bbox 774 1764 970 1816; x_wconf 91' lang='lat' dir='ltr'><strong>autem</strong></span> <span class='ocrx_word' id='word_1_95' title='bbox 1000 1759 1270 1818; x_wconf 88' lang='lat' dir='ltr'><strong>homines</strong></span> <span class='ocrx_word' id='word_1_96' title='bbox 1305 1761 1375 1816; x_wconf 90' lang='lat' dir='ltr'><strong>iis</strong></span> <span class='ocrx_word' id='word_1_97' title='bbox 1397 1780 1524 1833; x_wconf 80' lang='lat' dir='ltr'><strong>quae</strong></span> <span class='ocrx_word' id='word_1_98' title='bbox 1561 1762 1716 1817; x_wconf 92' lang='lat' dir='ltr'><strong>nacti</strong></span> <span class='ocrx_word' id='word_1_99' title='bbox 1748 1761 2151 1833; x_wconf 88' lang='lat' dir='ltr'><strong>suntpatroci-</strong></span> 
     </span>
    </p>
   </div>
   <div class='ocr_carea' id='block_1_17' title="bbox 492 1846 2147 1923">
    <p class='ocr_par' dir='ltr' id='par_1_17' title="bbox 492 1846 2147 1923">
     <span class='ocr_line' id='line_1_17' title="bbox 492 1846 2147 1923; baseline 0.001 -21"><span class='ocrx_word' id='word_1_100' title='bbox 492 1846 609 1903; x_wconf 91' lang='lat' dir='ltr'><strong>niis</strong></span> <span class='ocrx_word' id='word_1_101' title='bbox 643 1848 794 1918; x_wconf 83' lang='lat' dir='ltr'><strong>freti,</strong></span> <span class='ocrx_word' id='word_1_102' title='bbox 827 1849 886 1903; x_wconf 93' lang='lat' dir='ltr'><strong>in</strong></span> <span class='ocrx_word' id='word_1_103' title='bbox 915 1865 980 1904; x_wconf 94' lang='lat' dir='ltr'><strong>eo</strong></span> <span class='ocrx_word' id='word_1_104' title='bbox 1012 1849 1115 1904; x_wconf 89' lang='lat' dir='ltr'><strong>toti</strong></span> <span class='ocrx_word' id='word_1_105' title='bbox 1147 1855 1313 1905; x_wconf 89' lang='lat' dir='ltr'><strong>erant</strong></span> <span class='ocrx_word' id='word_1_106' title='bbox 1346 1855 1411 1905; x_wconf 92' lang='lat' dir='ltr'><strong>ut</strong></span> <span class='ocrx_word' id='word_1_107' title='bbox 1441 1850 1588 1906; x_wconf 88' lang='lat' dir='ltr'><strong>alios</strong></span> <span class='ocrx_word' id='word_1_108' title='bbox 1635 1851 1940 1923; x_wconf 88' lang='lat' dir='ltr'><strong>episcopos</strong></span> <span class='ocrx_word' id='word_1_109' title='bbox 2000 1851 2147 1906; x_wconf 88' lang='lat' dir='ltr'><strong>acci-</strong></span> 
     </span>
    </p>
   </div>
   <div class='ocr_carea' id='block_1_18' title="bbox 2254 685 3902 763">
    <p class='ocr_par' dir='ltr' id='par_1_18' title="bbox 2254 685 3902 763">
     <span class='ocr_line' id='line_1_18' title="bbox 2254 685 3902 763; baseline -0.004 -17"><span class='ocrx_word' id='word_1_110' title='bbox 2254 696 2553 760; x_wconf 85' lang='lat' dir='ltr'><strong>mesceret,</strong></span> <span class='ocrx_word' id='word_1_111' title='bbox 2589 707 2719 745; x_wconf 91' lang='lat' dir='ltr'><strong>cum</strong></span> <span class='ocrx_word' id='word_1_112' title='bbox 2745 692 2816 747; x_wconf 92' lang='lat' dir='ltr'><strong>de</strong></span> <span class='ocrx_word' id='word_1_113' title='bbox 2849 690 3118 763; x_wconf 91' lang='lat' dir='ltr'><strong>eligendo</strong></span> <span class='ocrx_word' id='word_1_114' title='bbox 3166 689 3428 747; x_wconf 81' lang='lat' dir='ltr'><strong>antistite</strong></span> <span class='ocrx_word' id='word_1_115' title='bbox 3475 689 3777 761; x_wconf 83' lang='lat' dir='ltr'><strong>agebatur,</strong></span> <span class='ocrx_word' id='word_1_116' title='bbox 3806 685 3902 741; x_wconf 89' lang='lat' dir='ltr'><strong>ubi</strong></span> 
     </span>
    </p>
   </div>
   <div class='ocr_carea' id='block_1_19' title="bbox 2253 777 3903 848">
    <p class='ocr_par' dir='ltr' id='par_1_19' title="bbox 2253 777 3903 848">
     <span class='ocr_line' id='line_1_19' title="bbox 2253 777 3903 848; baseline -0.003 -13"><span class='ocrx_word' id='word_1_117' title='bbox 2253 781 2510 835; x_wconf 85' lang='lat' dir='ltr'><strong>advertit</strong></span> <span class='ocrx_word' id='word_1_118' title='bbox 2541 779 2850 837; x_wconf 88' lang='lat' dir='ltr'><strong>inclinatas</strong></span> <span class='ocrx_word' id='word_1_119' title='bbox 2881 781 2936 835; x_wconf 89' lang='lat' dir='ltr'><strong>in</strong></span> <span class='ocrx_word' id='word_1_120' title='bbox 2971 798 3032 836; x_wconf 89' lang='lat' dir='ltr'><strong>se</strong></span> <span class='ocrx_word' id='word_1_121' title='bbox 3063 780 3331 836; x_wconf 92' lang='lat' dir='ltr'><strong>omnium</strong></span> <span class='ocrx_word' id='word_1_122' title='bbox 3361 778 3713 844; x_wconf 88' lang='lat' dir='ltr'><strong>voluntates,</strong></span> <span class='ocrx_word' id='word_1_123' title='bbox 3739 777 3903 848; x_wconf 87' lang='lat' dir='ltr'><strong>jura-</strong></span> 
     </span>
    </p>
   </div>
   <div class='ocr_carea' id='block_1_20' title="bbox 2254 866 3904 943">
    <p class='ocr_par' dir='ltr' id='par_1_20' title="bbox 2254 866 3904 943">
     <span class='ocr_line' id='line_1_20' title="bbox 2254 866 3904 943; baseline -0.001 -21"><span class='ocrx_word' id='word_1_124' title='bbox 2254 871 2448 924; x_wconf 90' lang='lat' dir='ltr'><strong>mento</strong></span> <span class='ocrx_word' id='word_1_125' title='bbox 2481 868 2653 924; x_wconf 72' lang='lat' dir='ltr'><strong>edixit</strong></span> <span class='ocrx_word' id='word_1_126' title='bbox 2687 886 2767 939; x_wconf 91' lang='lat' dir='ltr'><strong>se,</strong></span> <span class='ocrx_word' id='word_1_127' title='bbox 2793 869 2840 925; x_wconf 91' lang='lat' dir='ltr'><strong>si</strong></span> <span class='ocrx_word' id='word_1_128' title='bbox 2873 869 3634 943; x_wconf 90' lang='lat' dir='ltr'><strong>deligeretur,nequaquem</strong></span> <span class='ocrx_word' id='word_1_129' title='bbox 3677 866 3904 922; x_wconf 89' lang='lat' dir='ltr'><strong>obtem-</strong></span> 
     </span>
    </p>
   </div>
   <div class='ocr_carea' id='block_1_21' title="bbox 2256 952 3906 1028">
    <p class='ocr_par' dir='ltr' id='par_1_21' title="bbox 2256 952 3906 1028">
     <span class='ocr_line' id='line_1_21' title="bbox 2256 952 3906 1028; baseline -0.002 -17"><span class='ocrx_word' id='word_1_130' title='bbox 2256 962 2614 1028; x_wconf 90' lang='lat' dir='ltr'><strong>peraturum.</strong></span> <span class='ocrx_word' id='word_1_131' title='bbox 2642 959 2785 1013; x_wconf 92' lang='lat' dir='ltr'><strong>Cum</strong></span> <span class='ocrx_word' id='word_1_132' title='bbox 2815 963 3010 1014; x_wconf 89' lang='lat' dir='ltr'><strong>autem</strong></span> <span class='ocrx_word' id='word_1_133' title='bbox 3046 957 3344 1014; x_wconf 89' lang='lat' dir='ltr'><strong>communi</strong></span> <span class='ocrx_word' id='word_1_134' title='bbox 3405 956 3627 1012; x_wconf 84' lang='lat' dir='ltr'><strong>calculo</strong></span> <span class='ocrx_word' id='word_1_135' title='bbox 3686 952 3906 1010; x_wconf 87' lang='lat' dir='ltr'><strong>electus</strong></span> 
     </span>
    </p>
   </div>
   <div class='ocr_carea' id='block_1_22' title="bbox 2255 1043 3909 1117">
    <p class='ocr_par' dir='ltr' id='par_1_22' title="bbox 2255 1043 3909 1117">
     <span class='ocr_line' id='line_1_22' title="bbox 2255 1043 3909 1117; baseline -0.003 -15"><span class='ocrx_word' id='word_1_136' title='bbox 2255 1047 2483 1117; x_wconf 83' lang='lat' dir='ltr'><strong>fuisset,</strong></span> <span class='ocrx_word' id='word_1_137' title='bbox 2519 1047 2860 1103; x_wconf 85' lang='lat' dir='ltr'><strong>auctoribus</strong></span> <span class='ocrx_word' id='word_1_138' title='bbox 2891 1052 2947 1104; x_wconf 93' lang='lat' dir='ltr'><strong>et</strong></span> <span class='ocrx_word' id='word_1_139' title='bbox 2977 1047 3432 1104; x_wconf 85' lang='lat' dir='ltr'><strong>consuasoribus</strong></span> <span class='ocrx_word' id='word_1_140' title='bbox 3465 1043 3768 1100; x_wconf 90' lang='lat' dir='ltr'><strong>monachis</strong></span> <span class='ocrx_word' id='word_1_141' title='bbox 3782 1043 3909 1115; x_wconf 87' lang='lat' dir='ltr'><strong>qui-</strong></span> 
     </span>
    </p>
   </div>
   <div class='ocr_carea' id='block_1_23' title="bbox 2255 1135 3909 1209">
    <p class='ocr_par' dir='ltr' id='par_1_23' title="bbox 2255 1135 3909 1209">
     <span class='ocr_line' id='line_1_23' title="bbox 2255 1135 3909 1209; baseline -0.003 -17"><span class='ocrx_word' id='word_1_142' title='bbox 2255 1136 2506 1192; x_wconf 85' lang='lat' dir='ltr'><strong>busdam</strong></span> <span class='ocrx_word' id='word_1_143' title='bbox 2540 1136 2739 1208; x_wconf 84' lang='lat' dir='ltr'><strong>fugam</strong></span> <span class='ocrx_word' id='word_1_144' title='bbox 2775 1137 2928 1204; x_wconf 89' lang='lat' dir='ltr'><strong>fecit,</strong></span> <span class='ocrx_word' id='word_1_145' title='bbox 2953 1153 3198 1209; x_wconf 89' lang='lat' dir='ltr'><strong>seseque</strong></span> <span class='ocrx_word' id='word_1_146' title='bbox 3232 1135 3563 1192; x_wconf 83' lang='lat' dir='ltr'><strong>occultavit.</strong></span> <span class='ocrx_word' id='word_1_147' title='bbox 3625 1135 3706 1189; x_wconf 84' lang='lat' dir='ltr'><strong>Re</strong></span> <span class='ocrx_word' id='word_1_148' title='bbox 3755 1149 3909 1188; x_wconf 89' lang='lat' dir='ltr'><strong>com-</strong></span> 
     </span>
    </p>
   </div>
   <div class='ocr_carea' id='block_1_24' title="bbox 2259 1222 3905 1298">
    <p class='ocr_par' dir='ltr' id='par_1_24' title="bbox 2259 1222 3905 1298">
     <span class='ocr_line' id='line_1_24' title="bbox 2259 1222 3905 1298; baseline -0.002 -19"><span class='ocrx_word' id='word_1_149' title='bbox 2259 1230 2423 1297; x_wconf 91' lang='lat' dir='ltr'><strong>perta</strong></span> <span class='ocrx_word' id='word_1_150' title='bbox 2446 1225 2804 1280; x_wconf 85' lang='lat' dir='ltr'><strong>Athanasius</strong></span> <span class='ocrx_word' id='word_1_151' title='bbox 2836 1227 2905 1281; x_wconf 91' lang='lat' dir='ltr'><strong>de</strong></span> <span class='ocrx_word' id='word_1_152' title='bbox 2937 1227 3075 1298; x_wconf 87' lang='lat' dir='ltr'><strong>fuga</strong></span> <span class='ocrx_word' id='word_1_153' title='bbox 3119 1243 3349 1281; x_wconf 87' lang='lat' dir='ltr'><strong>summe</strong></span> <span class='ocrx_word' id='word_1_154' title='bbox 3404 1223 3617 1290; x_wconf 87' lang='lat' dir='ltr'><strong>doluit,</strong></span> <span class='ocrx_word' id='word_1_155' title='bbox 3674 1222 3905 1294; x_wconf 88' lang='lat' dir='ltr'><strong>elegan-</strong></span> 
     </span>
    </p>
   </div>
   <div class='ocr_carea' id='block_1_25' title="bbox 2256 1309 3906 1386">
    <p class='ocr_par' dir='ltr' id='par_1_25' title="bbox 2256 1309 3906 1386">
     <span class='ocr_line' id='line_1_25' title="bbox 2256 1309 3906 1386; baseline -0.003 -16"><span class='ocrx_word' id='word_1_156' title='bbox 2256 1319 2493 1385; x_wconf 88' lang='lat' dir='ltr'><strong>temque</strong></span> <span class='ocrx_word' id='word_1_157' title='bbox 2525 1314 2594 1368; x_wconf 90' lang='lat' dir='ltr'><strong>ad</strong></span> <span class='ocrx_word' id='word_1_158' title='bbox 2629 1314 3007 1371; x_wconf 90' lang='lat' dir='ltr'><strong>Dracontium</strong></span> <span class='ocrx_word' id='word_1_159' title='bbox 3040 1314 3202 1370; x_wconf 88' lang='lat' dir='ltr'><strong>misit</strong></span> <span class='ocrx_word' id='word_1_160' title='bbox 3229 1313 3532 1386; x_wconf 90' lang='lat' dir='ltr'><strong>epistolam</strong></span> <span class='ocrx_word' id='word_1_161' title='bbox 3567 1329 3668 1385; x_wconf 90' lang='lat' dir='ltr'><strong>per</strong></span> <span class='ocrx_word' id='word_1_162' title='bbox 3724 1309 3906 1366; x_wconf 88' lang='lat' dir='ltr'><strong>tabel-</strong></span> 
     </span>
    </p>
   </div>
   <div class='ocr_carea' id='block_1_26' title="bbox 2257 1401 3907 1475">
    <p class='ocr_par' dir='ltr' id='par_1_26' title="bbox 2257 1401 3907 1475">
     <span class='ocr_line' id='line_1_26' title="bbox 2257 1401 3907 1475; baseline -0.003 -17"><span class='ocrx_word' id='word_1_163' title='bbox 2257 1403 2434 1458; x_wconf 91' lang='lat' dir='ltr'><strong>larios</strong></span> <span class='ocrx_word' id='word_1_164' title='bbox 2465 1401 2762 1458; x_wconf 82' lang='lat' dir='ltr'><strong>Hieracem</strong></span> <span class='ocrx_word' id='word_1_165' title='bbox 2798 1405 3197 1475; x_wconf 85' lang='lat' dir='ltr'><strong>presbyterum</strong></span> <span class='ocrx_word' id='word_1_166' title='bbox 3216 1408 3272 1458; x_wconf 91' lang='lat' dir='ltr'><strong>et</strong></span> <span class='ocrx_word' id='word_1_167' title='bbox 3293 1402 3609 1458; x_wconf 82' lang='lat' dir='ltr'><strong>Maximum</strong></span> <span class='ocrx_word' id='word_1_168' title='bbox 3632 1401 3907 1456; x_wconf 83' lang='lat' dir='ltr'><strong>lectorem</strong></span> 
     </span>
    </p>
   </div>
   <div class='ocr_carea' id='block_1_27' title="bbox 2251 1489 3905 1564">
    <p class='ocr_par' dir='ltr' id='par_1_27' title="bbox 2251 1489 3905 1564">
     <span class='ocr_line' id='line_1_27' title="bbox 2251 1489 3905 1564; baseline -0.002 -18"><span class='ocrx_word' id='word_1_169' title='bbox 2251 1493 2453 1562; x_wconf 89' lang='lat' dir='ltr'><strong>jussos</strong></span> <span class='ocrx_word' id='word_1_170' title='bbox 2487 1497 2551 1546; x_wconf 89' lang='lat' dir='ltr'><strong>ut</strong></span> <span class='ocrx_word' id='word_1_171' title='bbox 2581 1496 2638 1546; x_wconf 94' lang='lat' dir='ltr'><strong>et</strong></span> <span class='ocrx_word' id='word_1_172' title='bbox 2659 1492 2768 1564; x_wconf 90' lang='lat' dir='ltr'><strong>ipsi</strong></span> <span class='ocrx_word' id='word_1_173' title='bbox 2801 1492 3250 1548; x_wconf 84' lang='lat' dir='ltr'><strong>cohortarentur</strong></span> <span class='ocrx_word' id='word_1_174' title='bbox 3309 1493 3380 1546; x_wconf 91' lang='lat' dir='ltr'><strong>ad</strong></span> <span class='ocrx_word' id='word_1_175' title='bbox 3442 1489 3905 1562; x_wconf 87' lang='lat' dir='ltr'><strong>remigrandum.</strong></span> 
     </span>
    </p>
   </div>
   <div class='ocr_carea' id='block_1_28' title="bbox 2261 1577 3910 1651">
    <p class='ocr_par' dir='ltr' id='par_1_28' title="bbox 2261 1577 3910 1651">
     <span class='ocr_line' id='line_1_28' title="bbox 2261 1577 3910 1651; baseline -0.002 -16"><span class='ocrx_word' id='word_1_176' title='bbox 2261 1579 2462 1635; x_wconf 91' lang='lat' dir='ltr'><strong>Multis</strong></span> <span class='ocrx_word' id='word_1_177' title='bbox 2491 1579 2683 1636; x_wconf 85' lang='lat' dir='ltr'><strong>aiebat</strong></span> <span class='ocrx_word' id='word_1_178' title='bbox 2712 1581 3091 1648; x_wconf 84' lang='lat' dir='ltr'><strong>Athanasius,</strong></span> <span class='ocrx_word' id='word_1_179' title='bbox 3126 1581 3237 1636; x_wconf 91' lang='lat' dir='ltr'><strong>sibi</strong></span> <span class='ocrx_word' id='word_1_180' title='bbox 3261 1581 3318 1635; x_wconf 90' lang='lat' dir='ltr'><strong>in</strong></span> <span class='ocrx_word' id='word_1_181' title='bbox 3353 1579 3558 1651; x_wconf 88' lang='lat' dir='ltr'><strong>primis</strong></span> <span class='ocrx_word' id='word_1_182' title='bbox 3608 1577 3910 1634; x_wconf 69' lang='lat' dir='ltr'><strong>offensioni</strong></span> 
     </span>
    </p>
   </div>
   <div class='ocr_carea' id='block_1_29' title="bbox 2260 1667 3912 1742">
    <p class='ocr_par' dir='ltr' id='par_1_29' title="bbox 2260 1667 3912 1742">
     <span class='ocr_line' id='line_1_29' title="bbox 2260 1667 3912 1742; baseline -0.002 -18"><span class='ocrx_word' id='word_1_183' title='bbox 2260 1685 2388 1724; x_wconf 90' lang='lat' dir='ltr'><strong>esse</strong></span> <span class='ocrx_word' id='word_1_184' title='bbox 2421 1670 2575 1741; x_wconf 92' lang='lat' dir='ltr'><strong>quod</strong></span> <span class='ocrx_word' id='word_1_185' title='bbox 2608 1674 2847 1742; x_wconf 86' lang='lat' dir='ltr'><strong>propter</strong></span> <span class='ocrx_word' id='word_1_186' title='bbox 2876 1671 3281 1742; x_wconf 90' lang='lat' dir='ltr'><strong>impendentes</strong></span> <span class='ocrx_word' id='word_1_187' title='bbox 3311 1668 3583 1725; x_wconf 68' lang='lat' dir='ltr'><strong>Ecclesiae</strong></span> <span class='ocrx_word' id='word_1_188' title='bbox 3613 1667 3912 1724; x_wconf 87' lang='lat' dir='ltr'><strong>calamita-</strong></span> 
     </span>
    </p>
   </div>
   <div class='ocr_carea' id='block_1_30' title="bbox 2260 1754 3910 1831">
    <p class='ocr_par' dir='ltr' id='par_1_30' title="bbox 2260 1754 3910 1831">
     <span class='ocr_line' id='line_1_30' title="bbox 2260 1754 3910 1831; baseline -0.002 -17"><span class='ocrx_word' id='word_1_189' title='bbox 2260 1767 2349 1814; x_wconf 87' lang='lat' dir='ltr'><strong>tes</strong></span> <span class='ocrx_word' id='word_1_190' title='bbox 2381 1759 2580 1831; x_wconf 86' lang='lat' dir='ltr'><strong>fugam</strong></span> <span class='ocrx_word' id='word_1_191' title='bbox 2621 1759 2856 1815; x_wconf 90' lang='lat' dir='ltr'><strong>fecisset</strong></span> <span class='ocrx_word' id='word_1_192' title='bbox 2889 1777 2902 1828; x_wconf 90' lang='lat'><strong>;</strong></span> <span class='ocrx_word' id='word_1_193' title='bbox 2935 1759 3071 1815; x_wconf 91' lang='lat' dir='ltr'><strong>hinc</strong></span> <span class='ocrx_word' id='word_1_194' title='bbox 3113 1760 3379 1814; x_wconf 90' lang='lat' dir='ltr'><strong>futurum</strong></span> <span class='ocrx_word' id='word_1_195' title='bbox 3441 1762 3507 1813; x_wconf 88' lang='lat' dir='ltr'><strong>ut</strong></span> <span class='ocrx_word' id='word_1_196' title='bbox 3563 1754 3910 1830; x_wconf 87' lang='lat' dir='ltr'><strong>episcopalis</strong></span> 
     </span>
    </p>
   </div>
   <div class='ocr_carea' id='block_1_31' title="bbox 2261 1844 3909 1920">
    <p class='ocr_par' dir='ltr' id='par_1_31' title="bbox 2261 1844 3909 1920">
     <span class='ocr_line' id='line_1_31' title="bbox 2261 1844 3909 1920; baseline -0.002 -18"><span class='ocrx_word' id='word_1_197' title='bbox 2261 1847 2432 1902; x_wconf 90' lang='lat' dir='ltr'><strong>sedes</strong></span> <span class='ocrx_word' id='word_1_198' title='bbox 2465 1864 2498 1902; x_wconf 95' lang='lat' dir='ltr'><strong>a</strong></span> <span class='ocrx_word' id='word_1_199' title='bbox 2528 1845 2729 1902; x_wconf 91' lang='lat' dir='ltr'><strong>multis</strong></span> <span class='ocrx_word' id='word_1_200' title='bbox 2760 1847 3250 1920; x_wconf 89' lang='lat' dir='ltr'><strong>iisqueimprobis</strong></span> <span class='ocrx_word' id='word_1_201' title='bbox 3272 1845 3614 1902; x_wconf 89' lang='lat' dir='ltr'><strong>hominibus</strong></span> <span class='ocrx_word' id='word_1_202' title='bbox 3665 1844 3909 1900; x_wconf 85' lang='lat' dir='ltr'><strong>invade-</strong></span> 
     </span>
    </p>
   </div>
   <div class='ocr_carea' id='block_1_32' title="bbox 492 1934 3913 2036">
    <p class='ocr_par' dir='ltr' id='par_1_32' title="bbox 492 1934 3913 2036">
     <span class='ocr_line' id='line_1_32' title="bbox 492 1934 3913 2036; baseline -0.001 -45"><span class='ocrx_word' id='word_1_203' title='bbox 492 1941 621 1991; x_wconf 88' lang='lat' dir='ltr'><strong>rent</strong></span> <span class='ocrx_word' id='word_1_204' title='bbox 651 1937 721 1991; x_wconf 88' lang='lat' dir='ltr'><strong>ad</strong></span> <span class='ocrx_word' id='word_1_205' title='bbox 756 1937 1345 2009; x_wconf 90' lang='lat' dir='ltr'><strong>imperatorem,alios</strong></span> <span class='ocrx_word' id='word_1_206' title='bbox 1378 1939 1584 1996; x_wconf 89' lang='lat' dir='ltr'><strong>liiteris</strong></span> <span class='ocrx_word' id='word_1_207' title='bbox 1623 1940 1893 2011; x_wconf 84' lang='lat' dir='ltr'><strong>fictisque</strong></span> <span class='ocrx_word' id='word_1_208' title='bbox 1951 1940 2150 1995; x_wconf 86' lang='lat' dir='ltr'><strong>crimi-</strong></span> <span class='ocrx_word' id='word_1_209' title='bbox 2181 1971 2228 2036; x_wconf 81' lang='grc' dir='ltr'><strong>Β</strong></span> <span class='ocrx_word' id='word_1_210' title='bbox 2262 1941 2442 2002; x_wconf 90' lang='lat' dir='ltr'><strong>retur,</strong></span> <span class='ocrx_word' id='word_1_211' title='bbox 2478 1940 2660 2007; x_wconf 89' lang='lat' dir='ltr'><strong>utque</strong></span> <span class='ocrx_word' id='word_1_212' title='bbox 2690 1937 2931 2004; x_wconf 87' lang='lat' dir='ltr'><strong>ethnici,</strong></span> <span class='ocrx_word' id='word_1_213' title='bbox 2964 1938 3064 2009; x_wconf 90' lang='lat' dir='ltr'><strong>qui</strong></span> <span class='ocrx_word' id='word_1_214' title='bbox 3099 1954 3159 1992; x_wconf 87' lang='lat' dir='ltr'><strong>se</strong></span> <span class='ocrx_word' id='word_1_215' title='bbox 3189 1935 3554 1993; x_wconf 86' lang='lat' dir='ltr'><strong>Christianos</strong></span> <span class='ocrx_word' id='word_1_216' title='bbox 3604 1934 3724 1990; x_wconf 91' lang='lat' dir='ltr'><strong>fore</strong></span> <span class='ocrx_word' id='word_1_217' title='bbox 3783 1949 3913 2006; x_wconf 91' lang='lat' dir='ltr'><strong>spo-</strong></span> 
     </span>
    </p>
   </div>
   <div class='ocr_carea' id='block_1_33' title="bbox 491 2025 2146 2094">
    <p class='ocr_par' dir='ltr' id='par_1_33' title="bbox 491 2025 2146 2094">
     <span class='ocr_line' id='line_1_33' title="bbox 491 2025 2146 2094; baseline 0.002 -15"><span class='ocrx_word' id='word_1_218' title='bbox 491 2025 832 2082; x_wconf 88' lang='lat' dir='ltr'><strong>nationibus</strong></span> <span class='ocrx_word' id='word_1_219' title='bbox 864 2026 1371 2094; x_wconf 88' lang='lat' dir='ltr'><strong>circumvenirent,</strong></span> <span class='ocrx_word' id='word_1_220' title='bbox 1406 2033 1472 2083; x_wconf 91' lang='lat' dir='ltr'><strong>ut</strong></span> <span class='ocrx_word' id='word_1_221' title='bbox 1503 2028 1582 2083; x_wconf 89' lang='lat' dir='ltr'><strong>illi</strong></span> <span class='ocrx_word' id='word_1_222' title='bbox 1635 2029 1962 2084; x_wconf 87' lang='lat' dir='ltr'><strong>Constantii</strong></span> <span class='ocrx_word' id='word_1_223' title='bbox 2018 2028 2146 2084; x_wconf 89' lang='lat' dir='ltr'><strong>vul-</strong></span> 
     </span>
    </p>
   </div>
   <div class='ocr_carea' id='block_1_34' title="bbox 491 2117 2146 2189">
    <p class='ocr_par' dir='ltr' id='par_1_34' title="bbox 491 2117 2146 2189">
     <span class='ocr_line' id='line_1_34' title="bbox 491 2117 2146 2189; baseline 0.002 -20"><span class='ocrx_word' id='word_1_224' title='bbox 491 2117 616 2169; x_wconf 89' lang='lat' dir='ltr'><strong>tum</strong></span> <span class='ocrx_word' id='word_1_225' title='bbox 649 2120 1172 2187; x_wconf 90' lang='lat' dir='ltr'><strong>conspectumque,</strong></span> <span class='ocrx_word' id='word_1_226' title='bbox 1208 2117 1267 2171; x_wconf 92' lang='lat' dir='ltr'><strong>hi</strong></span> <span class='ocrx_word' id='word_1_227' title='bbox 1321 2117 1565 2189; x_wconf 89' lang='lat' dir='ltr'><strong>legatos,</strong></span> <span class='ocrx_word' id='word_1_228' title='bbox 1628 2118 1840 2188; x_wconf 88' lang='lat' dir='ltr'><strong>minas,</strong></span> <span class='ocrx_word' id='word_1_229' title='bbox 1895 2118 2146 2174; x_wconf 85' lang='lat' dir='ltr'><strong>conﬁcta</strong></span> 
     </span>
    </p>
   </div>
   <div class='ocr_carea' id='block_1_35' title="bbox 491 2202 2143 2279">
    <p class='ocr_par' dir='ltr' id='par_1_35' title="bbox 491 2202 2143 2279">
     <span class='ocr_line' id='line_1_35' title="bbox 491 2202 2143 2279; baseline 0.002 -21"><span class='ocrx_word' id='word_1_230' title='bbox 491 2202 741 2258; x_wconf 89' lang='lat' dir='ltr'><strong>crimina</strong></span> <span class='ocrx_word' id='word_1_231' title='bbox 773 2205 1271 2276; x_wconf 90' lang='lat' dir='ltr'><strong>pertimescentes,</strong></span> <span class='ocrx_word' id='word_1_232' title='bbox 1297 2206 1510 2276; x_wconf 87' lang='lat' dir='ltr'><strong>pariter</strong></span> <span class='ocrx_word' id='word_1_233' title='bbox 1539 2211 1741 2262; x_wconf 88' lang='lat' dir='ltr'><strong>arecto</strong></span> <span class='ocrx_word' id='word_1_234' title='bbox 1768 2206 1979 2279; x_wconf 89' lang='lat' dir='ltr'><strong>pioque</strong></span> <span class='ocrx_word' id='word_1_235' title='bbox 2006 2224 2143 2262; x_wconf 82' lang='lat' dir='ltr'><strong>con-</strong></span> 
     </span>
    </p>
   </div>
   <div class='ocr_carea' id='block_1_36' title="bbox 493 2291 2144 2367">
    <p class='ocr_par' dir='ltr' id='par_1_36' title="bbox 493 2291 2144 2367">
     <span class='ocr_line' id='line_1_36' title="bbox 493 2291 2144 2367; baseline 0.004 -22"><span class='ocrx_word' id='word_1_236' title='bbox 493 2291 629 2347; x_wconf 83' lang='lat' dir='ltr'><strong>silio</strong></span> <span class='ocrx_word' id='word_1_237' title='bbox 662 2299 1059 2349; x_wconf 88' lang='lat' dir='ltr'><strong>evocarentur.</strong></span> <span class='ocrx_word' id='word_1_238' title='bbox 1096 2294 1171 2349; x_wconf 88' lang='lat' dir='ltr'><strong>Iis</strong></span> <span class='ocrx_word' id='word_1_239' title='bbox 1197 2295 1758 2367; x_wconf 90' lang='lat' dir='ltr'><strong>artibusimperator</strong></span> <span class='ocrx_word' id='word_1_240' title='bbox 1788 2300 1906 2350; x_wconf 89' lang='lat' dir='ltr'><strong>tam</strong></span> <span class='ocrx_word' id='word_1_241' title='bbox 1929 2295 2144 2351; x_wconf 90' lang='lat' dir='ltr'><strong>multos</strong></span> 
     </span>
    </p>
   </div>
   <div class='ocr_carea' id='block_1_37' title="bbox 489 2381 2144 2454">
    <p class='ocr_par' dir='ltr' id='par_1_37' title="bbox 489 2381 2144 2454">
     <span class='ocr_line' id='line_1_37' title="bbox 489 2381 2144 2454; baseline 0.001 -18"><span class='ocrx_word' id='word_1_242' title='bbox 489 2381 795 2452; x_wconf 87' lang='lat' dir='ltr'><strong>episcopos</strong></span> <span class='ocrx_word' id='word_1_243' title='bbox 826 2381 1113 2454; x_wconf 89' lang='lat' dir='ltr'><strong>compulit</strong></span> <span class='ocrx_word' id='word_1_244' title='bbox 1141 2384 1212 2437; x_wconf 91' lang='lat' dir='ltr'><strong>ad</strong></span> <span class='ocrx_word' id='word_1_245' title='bbox 1246 2383 1367 2438; x_wconf 66' lang='lat' dir='ltr'><strong>haec</strong></span> <span class='ocrx_word' id='word_1_246' title='bbox 1397 2383 1743 2454; x_wconf 85' lang='lat' dir='ltr'><strong>proferenda</strong></span> <span class='ocrx_word' id='word_1_247' title='bbox 1768 2385 1941 2440; x_wconf 85' lang='lat' dir='ltr'><strong>verba</strong></span> <span class='ocrx_word' id='word_1_248' title='bbox 1974 2401 1986 2438; x_wconf 92' lang='lat'>:</span> <span class='ocrx_word' id='word_1_249' title='bbox 2023 2389 2144 2441; x_wconf 87' lang='lat' dir='ltr'><strong>Non</strong></span> 
     </span>
    </p>
   </div>
   <div class='ocr_carea' id='block_1_38' title="bbox 490 2470 2144 2545">
    <p class='ocr_par' dir='ltr' id='par_1_38' title="bbox 490 2470 2144 2545">
     <span class='ocr_line' id='line_1_38' title="bbox 490 2470 2144 2545; baseline 0.002 -21"><span class='ocrx_word' id='word_1_250' title='bbox 490 2470 640 2525; x_wconf 83' lang='lat' dir='ltr'><strong>ultra</strong></span> <span class='ocrx_word' id='word_1_251' title='bbox 669 2487 793 2525; x_wconf 83' lang='lat' dir='ltr'><strong>cum</strong></span> <span class='ocrx_word' id='word_1_252' title='bbox 822 2472 1114 2528; x_wconf 78' lang='lat' dir='ltr'><strong>Athanasio</strong></span> <span class='ocrx_word' id='word_1_253' title='bbox 1144 2475 1638 2528; x_wconf 80' lang='lat' dir='ltr'><strong>communicamus.</strong></span> <span class='ocrx_word' id='word_1_254' title='bbox 1693 2473 1838 2530; x_wconf 86' lang='lat' dir='ltr'><strong>Nam</strong></span> <span class='ocrx_word' id='word_1_255' title='bbox 1897 2490 1996 2529; x_wconf 90' lang='lat' dir='ltr'><strong>eos</strong></span> <span class='ocrx_word' id='word_1_256' title='bbox 2044 2473 2144 2545; x_wconf 90' lang='lat' dir='ltr'><strong>qui</strong></span> 
     </span>
    </p>
   </div>
   <div class='ocr_carea' id='block_1_39' title="bbox 491 2560 2148 2632">
    <p class='ocr_par' dir='ltr' id='par_1_39' title="bbox 491 2560 2148 2632">
     <span class='ocr_line' id='line_1_39' title="bbox 491 2560 2148 2632; baseline 0.002 -18"><span class='ocrx_word' id='word_1_257' title='bbox 491 2574 553 2614; x_wconf 84' lang='lat' dir='ltr'><strong>se</strong></span> <span class='ocrx_word' id='word_1_258' title='bbox 602 2560 830 2614; x_wconf 89' lang='lat' dir='ltr'><strong>adirent</strong></span> <span class='ocrx_word' id='word_1_259' title='bbox 889 2577 1000 2616; x_wconf 90' lang='lat' dir='ltr'><strong>non</strong></span> <span class='ocrx_word' id='word_1_260' title='bbox 1053 2567 1188 2616; x_wconf 90' lang='lat' dir='ltr'><strong>ante</strong></span> <span class='ocrx_word' id='word_1_261' title='bbox 1237 2563 1309 2616; x_wconf 87' lang='lat' dir='ltr'><strong>ad</strong></span> <span class='ocrx_word' id='word_1_262' title='bbox 1365 2567 1747 2632; x_wconf 89' lang='lat' dir='ltr'><strong>conspectum</strong></span> <span class='ocrx_word' id='word_1_263' title='bbox 1800 2562 2148 2618; x_wconf 85' lang='lat' dir='ltr'><strong>admittebat</strong></span> 
     </span>
    </p>
   </div>
   <div class='ocr_carea' id='block_1_40' title="bbox 493 2650 2141 2722">
    <p class='ocr_par' dir='ltr' id='par_1_40' title="bbox 493 2650 2141 2722">
     <span class='ocr_line' id='line_1_40' title="bbox 493 2650 2141 2722; baseline 0 -18"><span class='ocrx_word' id='word_1_264' title='bbox 493 2664 690 2715; x_wconf 86' lang='lat' dir='ltr'><strong>suum,</strong></span> <span class='ocrx_word' id='word_1_265' title='bbox 715 2665 901 2719; x_wconf 90' lang='lat' dir='ltr'><strong>neque</strong></span> <span class='ocrx_word' id='word_1_266' title='bbox 933 2651 1105 2706; x_wconf 90' lang='lat' dir='ltr'><strong>domo</strong></span> <span class='ocrx_word' id='word_1_267' title='bbox 1128 2650 1321 2721; x_wconf 90' lang='lat' dir='ltr'><strong>egredi</strong></span> <span class='ocrx_word' id='word_1_268' title='bbox 1359 2650 1693 2706; x_wconf 85' lang='lat' dir='ltr'><strong>facultatem</strong></span> <span class='ocrx_word' id='word_1_269' title='bbox 1717 2652 1917 2720; x_wconf 87' lang='lat' dir='ltr'><strong>dabat,</strong></span> <span class='ocrx_word' id='word_1_270' title='bbox 1965 2668 2141 2722; x_wconf 91' lang='lat' dir='ltr'><strong>quam</strong></span> 
     </span>
    </p>
   </div>
   <div class='ocr_carea' id='block_1_41' title="bbox 492 2735 2145 2812">
    <p class='ocr_par' dir='ltr' id='par_1_41' title="bbox 492 2735 2145 2812">
     <span class='ocr_line' id='line_1_41' title="bbox 492 2735 2145 2812; baseline 0.004 -22"><span class='ocrx_word' id='word_1_271' title='bbox 492 2735 580 2792; x_wconf 91' lang='lat' dir='ltr'><strong>vel</strong></span> <span class='ocrx_word' id='word_1_272' title='bbox 614 2737 1076 2805; x_wconf 87' lang='lat' dir='ltr'><strong>subscriberent,</strong></span> <span class='ocrx_word' id='word_1_273' title='bbox 1110 2739 1196 2794; x_wconf 91' lang='lat' dir='ltr'><strong>vel</strong></span> <span class='ocrx_word' id='word_1_274' title='bbox 1218 2739 1542 2795; x_wconf 90' lang='lat' dir='ltr'><strong>abnuentes</strong></span> <span class='ocrx_word' id='word_1_275' title='bbox 1573 2739 1922 2812; x_wconf 86' lang='lat' dir='ltr'><strong>pellerentur</strong></span> <span class='ocrx_word' id='word_1_276' title='bbox 1957 2740 2011 2794; x_wconf 91' lang='lat' dir='ltr'><strong>in</strong></span> <span class='ocrx_word' id='word_1_277' title='bbox 2045 2757 2145 2796; x_wconf 80' lang='lat' dir='ltr'><strong>ex-</strong></span> 
     </span>
    </p>
   </div>
   <div class='ocr_carea' id='block_1_42' title="bbox 497 2825 2145 2901">
    <p class='ocr_par' dir='ltr' id='par_1_42' title="bbox 497 2825 2145 2901">
     <span class='ocr_line' id='line_1_42' title="bbox 497 2825 2145 2901; baseline 0.001 -20"><span class='ocrx_word' id='word_1_278' title='bbox 497 2825 718 2881; x_wconf 88' lang='lat' dir='ltr'><strong>silium.</strong></span> <span class='ocrx_word' id='word_1_279' title='bbox 755 2827 814 2880; x_wconf 92' lang='lat' dir='ltr'><strong>Id</strong></span> <span class='ocrx_word' id='word_1_280' title='bbox 848 2828 1058 2898; x_wconf 88' lang='lat' dir='ltr'><strong>agebat</strong></span> <span class='ocrx_word' id='word_1_281' title='bbox 1088 2833 1304 2896; x_wconf 91' lang='lat' dir='ltr'><strong>autem,</strong></span> <span class='ocrx_word' id='word_1_282' title='bbox 1339 2845 1557 2901; x_wconf 88' lang='lat' dir='ltr'><strong>gnarus</strong></span> <span class='ocrx_word' id='word_1_283' title='bbox 1590 2828 1838 2883; x_wconf 89' lang='lat' dir='ltr'><strong>invisam</strong></span> <span class='ocrx_word' id='word_1_284' title='bbox 1871 2829 2145 2883; x_wconf 79' lang='lat' dir='ltr'><strong>omnibus</strong></span> 
     </span>
    </p>
   </div>
   <div class='ocr_carea' id='block_1_43' title="bbox 496 2914 2144 2988">
    <p class='ocr_par' dir='ltr' id='par_1_43' title="bbox 496 2914 2144 2988">
     <span class='ocr_line' id='line_1_43' title="bbox 496 2914 2144 2988; baseline 0.001 -18"><span class='ocrx_word' id='word_1_285' title='bbox 496 2914 770 2971; x_wconf 66' lang='lat' dir='ltr'><strong>haeresim</strong></span> <span class='ocrx_word' id='word_1_286' title='bbox 801 2932 930 2972; x_wconf 88' lang='lat' dir='ltr'><strong>esse</strong></span> <span class='ocrx_word' id='word_1_287' title='bbox 959 2933 971 2970; x_wconf 93' lang='lat'>:</span> <span class='ocrx_word' id='word_1_288' title='bbox 1002 2934 1129 2988; x_wconf 69' lang='lat' dir='ltr'><strong>quae</strong></span> <span class='ocrx_word' id='word_1_289' title='bbox 1163 2917 1472 2988; x_wconf 90' lang='lat' dir='ltr'><strong>potissima</strong></span> <span class='ocrx_word' id='word_1_290' title='bbox 1505 2934 1681 2972; x_wconf 88' lang='lat' dir='ltr'><strong>causa</strong></span> <span class='ocrx_word' id='word_1_291' title='bbox 1713 2918 1988 2988; x_wconf 88' lang='lat' dir='ltr'><strong>fuitquod</strong></span> <span class='ocrx_word' id='word_1_292' title='bbox 2025 2922 2144 2972; x_wconf 88' lang='lat' dir='ltr'><strong>tam</strong></span> 
     </span>
    </p>
   </div>
   <div class='ocr_carea' id='block_1_44' title="bbox 498 3003 2143 3076">
    <p class='ocr_par' dir='ltr' id='par_1_44' title="bbox 498 3003 2143 3076">
     <span class='ocr_line' id='line_1_44' title="bbox 498 3003 2143 3076; baseline 0.001 -18"><span class='ocrx_word' id='word_1_293' title='bbox 498 3003 716 3059; x_wconf 90' lang='lat' dir='ltr'><strong>multos</strong></span> <span class='ocrx_word' id='word_1_294' title='bbox 746 3004 798 3058; x_wconf 89' lang='lat' dir='ltr'><strong>vi</strong></span> <span class='ocrx_word' id='word_1_295' title='bbox 829 3005 1222 3076; x_wconf 88' lang='lat' dir='ltr'><strong>compelleret,</strong></span> <span class='ocrx_word' id='word_1_296' title='bbox 1255 3011 1320 3060; x_wconf 93' lang='lat' dir='ltr'><strong>ut</strong></span> <span class='ocrx_word' id='word_1_297' title='bbox 1349 3005 1548 3076; x_wconf 86' lang='lat' dir='ltr'><strong>paucis</strong></span> <span class='ocrx_word' id='word_1_298' title='bbox 1593 3010 2143 3062; x_wconf 87' lang='lat' dir='ltr'><strong>annumerarentur.</strong></span> 
     </span>
    </p>
   </div>
   <div class='ocr_carea' id='block_1_45' title="bbox 504 3093 2143 3166">
    <p class='ocr_par' dir='ltr' id='par_1_45' title="bbox 504 3093 2143 3166">
     <span class='ocr_line' id='line_1_45' title="bbox 504 3093 2143 3166; baseline 0.001 -19"><span class='ocrx_word' id='word_1_299' title='bbox 504 3097 657 3148; x_wconf 90' lang='lat' dir='ltr'><strong>Cura</strong></span> <span class='ocrx_word' id='word_1_300' title='bbox 688 3109 924 3148; x_wconf 89' lang='lat' dir='ltr'><strong>summa</strong></span> <span class='ocrx_word' id='word_1_301' title='bbox 954 3097 1124 3164; x_wconf 86' lang='lat' dir='ltr'><strong>atque</strong></span> <span class='ocrx_word' id='word_1_302' title='bbox 1151 3093 1480 3149; x_wconf 89' lang='lat' dir='ltr'><strong>sollicitudo</strong></span> <span class='ocrx_word' id='word_1_303' title='bbox 1511 3094 1622 3166; x_wconf 77' lang='lat' dir='ltr'><strong>ipsi</strong></span> <span class='ocrx_word' id='word_1_304' title='bbox 1652 3099 1775 3148; x_wconf 88' lang='lat' dir='ltr'><strong>erat</strong></span> <span class='ocrx_word' id='word_1_305' title='bbox 1804 3094 1918 3149; x_wconf 90' lang='lat' dir='ltr'><strong>vim</strong></span> <span class='ocrx_word' id='word_1_306' title='bbox 1953 3095 2143 3150; x_wconf 90' lang='lat' dir='ltr'><strong>nomi-</strong></span> 
     </span>
    </p>
   </div>
   <div class='ocr_carea' id='block_1_46' title="bbox 499 3181 2146 3248">
    <p class='ocr_par' dir='ltr' id='par_1_46' title="bbox 499 3181 2146 3248">
     <span class='ocr_line' id='line_1_46' title="bbox 499 3181 2146 3248; baseline 0.001 -12"><span class='ocrx_word' id='word_1_307' title='bbox 499 3197 644 3236; x_wconf 89' lang='lat' dir='ltr'><strong>num</strong></span> <span class='ocrx_word' id='word_1_308' title='bbox 677 3198 793 3236; x_wconf 88' lang='lat' dir='ltr'><strong>una</strong></span> <span class='ocrx_word' id='word_1_309' title='bbox 814 3181 1040 3248; x_wconf 89' lang='lat' dir='ltr'><strong>cohere,</strong></span> <span class='ocrx_word' id='word_1_310' title='bbox 1075 3199 1206 3236; x_wconf 91' lang='lat' dir='ltr'><strong>cum</strong></span> <span class='ocrx_word' id='word_1_311' title='bbox 1231 3188 1293 3237; x_wconf 92' lang='lat' dir='ltr'><strong>ut</strong></span> <span class='ocrx_word' id='word_1_312' title='bbox 1329 3183 1609 3238; x_wconf 89' lang='lat' dir='ltr'><strong>inviuiam</strong></span> <span class='ocrx_word' id='word_1_313' title='bbox 1645 3183 1962 3238; x_wconf 84' lang='lat' dir='ltr'><strong>Athanasio</strong></span> <span class='ocrx_word' id='word_1_314' title='bbox 2014 3201 2146 3238; x_wconf 91' lang='lat' dir='ltr'><strong>con-</strong></span> 
     </span>
    </p>
   </div>
   <div class='ocr_carea' id='block_1_47' title="bbox 499 3270 2146 3344">
    <p class='ocr_par' dir='ltr' id='par_1_47' title="bbox 499 3270 2146 3344">
     <span class='ocr_line' id='line_1_47' title="bbox 499 3270 2146 3344; baseline 0.001 -19"><span class='ocrx_word' id='word_1_315' title='bbox 499 3270 686 3337; x_wconf 88' lang='lat' dir='ltr'><strong>flaret,</strong></span> <span class='ocrx_word' id='word_1_316' title='bbox 721 3275 845 3325; x_wconf 90' lang='lat' dir='ltr'><strong>tum</strong></span> <span class='ocrx_word' id='word_1_317' title='bbox 876 3275 940 3325; x_wconf 88' lang='lat' dir='ltr'><strong>ut</strong></span> <span class='ocrx_word' id='word_1_318' title='bbox 960 3271 1184 3326; x_wconf 62' lang='lat' dir='ltr'><strong>Arianm</strong></span> <span class='ocrx_word' id='word_1_319' title='bbox 1221 3271 1445 3338; x_wconf 71' lang='lat' dir='ltr'><strong>haeresi,</strong></span> <span class='ocrx_word' id='word_1_320' title='bbox 1504 3273 1675 3343; x_wconf 80' lang='lat' dir='ltr'><strong>cujus</strong></span> <span class='ocrx_word' id='word_1_321' title='bbox 1735 3273 1962 3327; x_wconf 88' lang='lat' dir='ltr'><strong>fervens</strong></span> <span class='ocrx_word' id='word_1_322' title='bbox 2021 3271 2146 3344; x_wconf 90' lang='lat' dir='ltr'><strong>ipse</strong></span> 
     </span>
    </p>
   </div>
   <div class='ocr_carea' id='block_1_48' title="bbox 2259 2023 3909 2098">
    <p class='ocr_par' dir='ltr' id='par_1_48' title="bbox 2259 2023 3909 2098">
     <span class='ocr_line' id='line_1_48' title="bbox 2259 2023 3909 2098; baseline -0.001 -18"><span class='ocrx_word' id='word_1_323' title='bbox 2259 2024 2630 2097; x_wconf 90' lang='lat' dir='ltr'><strong>pondissent,</strong></span> <span class='ocrx_word' id='word_1_324' title='bbox 2665 2025 2723 2080; x_wconf 89' lang='lat' dir='ltr'><strong>in</strong></span> <span class='ocrx_word' id='word_1_325' title='bbox 2769 2025 3059 2081; x_wconf 89' lang='lat' dir='ltr'><strong>idolorum</strong></span> <span class='ocrx_word' id='word_1_326' title='bbox 3082 2025 3240 2081; x_wconf 90' lang='lat' dir='ltr'><strong>cultu</strong></span> <span class='ocrx_word' id='word_1_327' title='bbox 3260 2023 3909 2098; x_wconf 84' lang='lat' dir='ltr'><strong>perseverarent.Mina—</strong></span> 
     </span>
    </p>
   </div>
   <div class='ocr_carea' id='block_1_49' title="bbox 2255 2113 3912 2185">
    <p class='ocr_par' dir='ltr' id='par_1_49' title="bbox 2255 2113 3912 2185">
     <span class='ocr_line' id='line_1_49' title="bbox 2255 2113 3912 2185; baseline -0.001 -16"><span class='ocrx_word' id='word_1_328' title='bbox 2255 2114 2426 2169; x_wconf 88' lang='lat' dir='ltr'><strong>batur</strong></span> <span class='ocrx_word' id='word_1_329' title='bbox 2449 2113 2660 2185; x_wconf 90' lang='lat' dir='ltr'><strong>judicii</strong></span> <span class='ocrx_word' id='word_1_330' title='bbox 2693 2114 2990 2182; x_wconf 90' lang='lat' dir='ltr'><strong>diem,nisi</strong></span> <span class='ocrx_word' id='word_1_331' title='bbox 3020 2115 3245 2170; x_wconf 89' lang='lat' dir='ltr'><strong>vocanti</strong></span> <span class='ocrx_word' id='word_1_332' title='bbox 3280 2113 3526 2169; x_wconf 90' lang='lat' dir='ltr'><strong>Domino</strong></span> <span class='ocrx_word' id='word_1_333' title='bbox 3557 2114 3912 2185; x_wconf 83' lang='lat' dir='ltr'><strong>obsequere-</strong></span> 
     </span>
    </p>
   </div>
   <div class='ocr_carea' id='block_1_50' title="bbox 2253 2203 3912 2275">
    <p class='ocr_par' dir='ltr' id='par_1_50' title="bbox 2253 2203 3912 2275">
     <span class='ocr_line' id='line_1_50' title="bbox 2253 2203 3912 2275; baseline -0.001 -18"><span class='ocrx_word' id='word_1_334' title='bbox 2253 2206 2367 2258; x_wconf 91' lang='lat' dir='ltr'><strong>tur.</strong></span> <span class='ocrx_word' id='word_1_335' title='bbox 2403 2203 2462 2258; x_wconf 94' lang='lat' dir='ltr'><strong>Si</strong></span> <span class='ocrx_word' id='word_1_336' title='bbox 2490 2203 2668 2270; x_wconf 90' lang='lat' dir='ltr'><strong>enim,</strong></span> <span class='ocrx_word' id='word_1_337' title='bbox 2698 2203 2913 2275; x_wconf 87' lang='lat' dir='ltr'><strong>inquit,</strong></span> <span class='ocrx_word' id='word_1_338' title='bbox 2946 2205 3150 2259; x_wconf 81' lang='lat' dir='ltr'><strong>eadem</strong></span> <span class='ocrx_word' id='word_1_339' title='bbox 3182 2219 3388 2258; x_wconf 87' lang='lat' dir='ltr'><strong>omnes</strong></span> <span class='ocrx_word' id='word_1_340' title='bbox 3437 2217 3669 2273; x_wconf 87' lang='lat' dir='ltr'><strong>semper</strong></span> <span class='ocrx_word' id='word_1_341' title='bbox 3717 2204 3912 2256; x_wconf 89' lang='lat' dir='ltr'><strong>mente</strong></span> 
     </span>
    </p>
   </div>
   <div class='ocr_carea' id='block_1_51' title="bbox 2253 2291 3908 2364">
    <p class='ocr_par' dir='ltr' id='par_1_51' title="bbox 2253 2291 3908 2364">
     <span class='ocr_line' id='line_1_51' title="bbox 2253 2291 3908 2364; baseline -0.001 -18"><span class='ocrx_word' id='word_1_342' title='bbox 2253 2291 2650 2364; x_wconf 90' lang='lat' dir='ltr'><strong>fuissent,qua</strong></span> <span class='ocrx_word' id='word_1_343' title='bbox 2669 2292 2893 2348; x_wconf 90' lang='lat' dir='ltr'><strong>ratione</strong></span> <span class='ocrx_word' id='word_1_344' title='bbox 2923 2291 3290 2347; x_wconf 87' lang='lat' dir='ltr'><strong>Christianus</strong></span> <span class='ocrx_word' id='word_1_345' title='bbox 3320 2295 3382 2346; x_wconf 90' lang='lat' dir='ltr'><strong>tu</strong></span> <span class='ocrx_word' id='word_1_346' title='bbox 3415 2307 3599 2360; x_wconf 90' lang='lat' dir='ltr'><strong>esses,</strong></span> <span class='ocrx_word' id='word_1_347' title='bbox 3634 2306 3751 2346; x_wconf 90' lang='lat' dir='ltr'><strong>non</strong></span> <span class='ocrx_word' id='word_1_348' title='bbox 3810 2306 3908 2346; x_wconf 84' lang='lat' dir='ltr'><strong>ex-</strong></span> 
     </span>
    </p>
   </div>
   <div class='ocr_carea' id='block_1_52' title="bbox 2257 2379 3910 2453">
    <p class='ocr_par' dir='ltr' id='par_1_52' title="bbox 2257 2379 3910 2453">
     <span class='ocr_line' id='line_1_52' title="bbox 2257 2379 3910 2453; baseline -0.001 -18"><span class='ocrx_word' id='word_1_349' title='bbox 2257 2381 2556 2436; x_wconf 86' lang='lat' dir='ltr'><strong>stantibus</strong></span> <span class='ocrx_word' id='word_1_350' title='bbox 2587 2381 2876 2453; x_wconf 90' lang='lat' dir='ltr'><strong>episcopis</strong></span> <span class='ocrx_word' id='word_1_351' title='bbox 2897 2382 2924 2435; x_wconf 87' lang='lat'><strong>?</strong></span> <span class='ocrx_word' id='word_1_352' title='bbox 2956 2382 3022 2436; x_wconf 90' lang='lat' dir='ltr'><strong>Et</strong></span> <span class='ocrx_word' id='word_1_353' title='bbox 3052 2381 3100 2436; x_wconf 91' lang='lat' dir='ltr'><strong>si</strong></span> <span class='ocrx_word' id='word_1_354' title='bbox 3136 2381 3233 2452; x_wconf 89' lang='lat' dir='ltr'><strong>qui</strong></span> <span class='ocrx_word' id='word_1_355' title='bbox 3267 2385 3395 2453; x_wconf 92' lang='lat' dir='ltr'><strong>post</strong></span> <span class='ocrx_word' id='word_1_356' title='bbox 3428 2379 3608 2434; x_wconf 88' lang='lat' dir='ltr'><strong>futuri</strong></span> <span class='ocrx_word' id='word_1_357' title='bbox 3641 2383 3910 2444; x_wconf 89' lang='lat' dir='ltr'><strong>sunt,eo-</strong></span> 
     </span>
    </p>
   </div>
   <div class='ocr_carea' id='block_1_53' title="bbox 2256 2467 3913 2540">
    <p class='ocr_par' dir='ltr' id='par_1_53' title="bbox 2256 2467 3913 2540">
     <span class='ocr_line' id='line_1_53' title="bbox 2256 2467 3913 2540; baseline -0.001 -16"><span class='ocrx_word' id='word_1_358' title='bbox 2256 2469 2388 2524; x_wconf 90' lang='lat' dir='ltr'><strong>dem</strong></span> <span class='ocrx_word' id='word_1_359' title='bbox 2420 2469 2618 2524; x_wconf 91' lang='lat' dir='ltr'><strong>animo</strong></span> <span class='ocrx_word' id='word_1_360' title='bbox 2644 2470 3001 2540; x_wconf 82' lang='lat' dir='ltr'><strong>t&#39;uerint,qua</strong></span> <span class='ocrx_word' id='word_1_361' title='bbox 3042 2469 3263 2524; x_wconf 88' lang='lat' dir='ltr'><strong>ratione</strong></span> <span class='ocrx_word' id='word_1_362' title='bbox 3317 2472 3584 2524; x_wconf 89' lang='lat' dir='ltr'><strong>constare</strong></span> <span class='ocrx_word' id='word_1_363' title='bbox 3635 2467 3913 2522; x_wconf 89' lang='lat' dir='ltr'><strong>valebunt</strong></span> 
     </span>
    </p>
   </div>
   <div class='ocr_carea' id='block_1_54' title="bbox 2257 2555 3899 2630">
    <p class='ocr_par' dir='ltr' id='par_1_54' title="bbox 2257 2555 3899 2630">
     <span class='ocr_line' id='line_1_54' title="bbox 2257 2555 3899 2630; baseline -0.001 -19"><span class='ocrx_word' id='word_1_364' title='bbox 2257 2557 2817 2614; x_wconf 59' lang='lat' dir='ltr'><strong>Ecclesiae?Deinde</strong></span> <span class='ocrx_word' id='word_1_365' title='bbox 2869 2557 3134 2629; x_wconf 85' lang='lat' dir='ltr'><strong>exemplo</strong></span> <span class='ocrx_word' id='word_1_366' title='bbox 3188 2557 3423 2630; x_wconf 81' lang='lat' dir='ltr'><strong>Moysis,</strong></span> <span class='ocrx_word' id='word_1_367' title='bbox 3477 2556 3632 2625; x_wconf 71' lang='lat' dir='ltr'><strong>Eliaa,</strong></span> <span class='ocrx_word' id='word_1_368' title='bbox 3683 2555 3899 2621; x_wconf 65' lang='lat' dir='ltr'><strong>Elisaai,</strong></span> 
     </span>
    </p>
   </div>
   <div class='ocr_carea' id='block_1_55' title="bbox 2255 2643 3907 2719">
    <p class='ocr_par' dir='ltr' id='par_1_55' title="bbox 2255 2643 3907 2719">
     <span class='ocr_line' id='line_1_55' title="bbox 2255 2643 3907 2719; baseline -0.002 -17"><span class='ocrx_word' id='word_1_369' title='bbox 2255 2651 2314 2702; x_wconf 86' lang='lat' dir='ltr'><strong>et</strong></span> <span class='ocrx_word' id='word_1_370' title='bbox 2345 2646 2764 2718; x_wconf 88' lang='lat' dir='ltr'><strong>apostolorum,</strong></span> <span class='ocrx_word' id='word_1_371' title='bbox 2800 2648 2898 2718; x_wconf 93' lang='lat' dir='ltr'><strong>qui</strong></span> <span class='ocrx_word' id='word_1_372' title='bbox 2933 2646 3278 2719; x_wconf 83' lang='lat' dir='ltr'><strong>gravissima</strong></span> <span class='ocrx_word' id='word_1_373' title='bbox 3327 2645 3468 2701; x_wconf 90' lang='lat' dir='ltr'><strong>olim</strong></span> <span class='ocrx_word' id='word_1_374' title='bbox 3527 2661 3631 2718; x_wconf 89' lang='lat' dir='ltr'><strong>pro</strong></span> <span class='ocrx_word' id='word_1_375' title='bbox 3690 2643 3907 2718; x_wconf 90' lang='lat' dir='ltr'><strong>populo</strong></span> 
     </span>
    </p>
   </div>
   <div class='ocr_carea' id='block_1_56' title="bbox 2259 2733 3908 2807">
    <p class='ocr_par' dir='ltr' id='par_1_56' title="bbox 2259 2733 3908 2807">
     <span class='ocr_line' id='line_1_56' title="bbox 2259 2733 3908 2807; baseline -0.001 -18"><span class='ocrx_word' id='word_1_376' title='bbox 2259 2734 2356 2789; x_wconf 91' lang='lat' dir='ltr'><strong>Dei</strong></span> <span class='ocrx_word' id='word_1_377' title='bbox 2391 2735 2588 2790; x_wconf 89' lang='lat' dir='ltr'><strong>subire</strong></span> <span class='ocrx_word' id='word_1_378' title='bbox 2619 2737 2963 2794; x_wconf 88' lang='lat' dir='ltr'><strong>certamina.</strong></span> <span class='ocrx_word' id='word_1_379' title='bbox 3011 2740 3068 2790; x_wconf 92' lang='lat' dir='ltr'><strong>et</strong></span> <span class='ocrx_word' id='word_1_380' title='bbox 3123 2735 3330 2807; x_wconf 91' lang='lat' dir='ltr'><strong>capitis</strong></span> <span class='ocrx_word' id='word_1_381' title='bbox 3375 2733 3700 2807; x_wconf 90' lang='lat' dir='ltr'><strong>periculum</strong></span> <span class='ocrx_word' id='word_1_382' title='bbox 3749 2733 3908 2788; x_wconf 89' lang='lat' dir='ltr'><strong>adire</strong></span> 
     </span>
    </p>
   </div>
   <div class='ocr_carea' id='block_1_57' title="bbox 2259 2822 3909 2893">
    <p class='ocr_par' dir='ltr' id='par_1_57' title="bbox 2259 2822 3909 2893">
     <span class='ocr_line' id='line_1_57' title="bbox 2259 2822 3909 2893; baseline 0 -15"><span class='ocrx_word' id='word_1_383' title='bbox 2259 2841 2373 2878; x_wconf 92' lang='lat' dir='ltr'><strong>non</strong></span> <span class='ocrx_word' id='word_1_384' title='bbox 2409 2830 2835 2893; x_wconf 89' lang='lat' dir='ltr'><strong>recusaverant,</strong></span> <span class='ocrx_word' id='word_1_385' title='bbox 2870 2824 3245 2880; x_wconf 88' lang='lat' dir='ltr'><strong>Dracontium</strong></span> <span class='ocrx_word' id='word_1_386' title='bbox 3274 2823 3371 2879; x_wconf 88' lang='lat' dir='ltr'><strong>ille</strong></span> <span class='ocrx_word' id='word_1_387' title='bbox 3401 2824 3469 2878; x_wconf 89' lang='lat' dir='ltr'><strong>ad</strong></span> <span class='ocrx_word' id='word_1_388' title='bbox 3503 2822 3764 2878; x_wconf 89' lang='lat' dir='ltr'><strong>delatum</strong></span> <span class='ocrx_word' id='word_1_389' title='bbox 3779 2839 3909 2878; x_wconf 91' lang='lat' dir='ltr'><strong>mu-</strong></span> 
     </span>
    </p>
   </div>
   <div class='ocr_carea' id='block_1_58' title="bbox 2261 2911 3908 2984">
    <p class='ocr_par' dir='ltr' id='par_1_58' title="bbox 2261 2911 3908 2984">
     <span class='ocr_line' id='line_1_58' title="bbox 2261 2911 3908 2984; baseline -0.001 -17"><span class='ocrx_word' id='word_1_390' title='bbox 2261 2929 2374 2967; x_wconf 92' lang='lat' dir='ltr'><strong>nus</strong></span> <span class='ocrx_word' id='word_1_391' title='bbox 2407 2930 2674 2969; x_wconf 87' lang='lat' dir='ltr'><strong>revocare</strong></span> <span class='ocrx_word' id='word_1_392' title='bbox 2707 2913 2930 2980; x_wconf 87' lang='lat' dir='ltr'><strong>nititur,</strong></span> <span class='ocrx_word' id='word_1_393' title='bbox 2959 2917 3014 2969; x_wconf 91' lang='lat' dir='ltr'><strong>et</strong></span> <span class='ocrx_word' id='word_1_394' title='bbox 3036 2915 3106 2968; x_wconf 92' lang='lat' dir='ltr'><strong>ad</strong></span> <span class='ocrx_word' id='word_1_395' title='bbox 3139 2913 3503 2968; x_wconf 90' lang='lat' dir='ltr'><strong>calamitates</strong></span> <span class='ocrx_word' id='word_1_396' title='bbox 3529 2911 3742 2968; x_wconf 87' lang='lat' dir='ltr'><strong>Christi</strong></span> <span class='ocrx_word' id='word_1_397' title='bbox 3773 2928 3908 2984; x_wconf 86' lang='lat' dir='ltr'><strong>gre-</strong></span> 
     </span>
    </p>
   </div>
   <div class='ocr_carea' id='block_1_59' title="bbox 2257 3001 3911 3075">
    <p class='ocr_par' dir='ltr' id='par_1_59' title="bbox 2257 3001 3911 3075">
     <span class='ocr_line' id='line_1_59' title="bbox 2257 3001 3911 3075; baseline 0 -19"><span class='ocrx_word' id='word_1_398' title='bbox 2257 3001 2464 3075; x_wconf 89' lang='lat' dir='ltr'><strong>gisque</strong></span> <span class='ocrx_word' id='word_1_399' title='bbox 2497 3001 2586 3058; x_wconf 90' lang='lat' dir='ltr'><strong>sui</strong></span> <span class='ocrx_word' id='word_1_400' title='bbox 2618 3019 2796 3058; x_wconf 88' lang='lat' dir='ltr'><strong>causa</strong></span> <span class='ocrx_word' id='word_1_401' title='bbox 2822 3004 3196 3075; x_wconf 87' lang='lat' dir='ltr'><strong>perferendas</strong></span> <span class='ocrx_word' id='word_1_402' title='bbox 3227 3001 3911 3058; x_wconf 82' lang='lat' dir='ltr'><strong>cohortatur.Monachos</strong></span> 
     </span>
    </p>
   </div>
   <div class='ocr_carea' id='block_1_60' title="bbox 2255 3091 3885 3164">
    <p class='ocr_par' dir='ltr' id='par_1_60' title="bbox 2255 3091 3885 3164">
     <span class='ocr_line' id='line_1_60' title="bbox 2255 3091 3885 3164; baseline -0.002 -17"><span class='ocrx_word' id='word_1_403' title='bbox 2255 3092 2395 3148; x_wconf 89' lang='lat' dir='ltr'><strong>item</strong></span> <span class='ocrx_word' id='word_1_404' title='bbox 2426 3099 2705 3160; x_wconf 89' lang='lat' dir='ltr'><strong>recenset,</strong></span> <span class='ocrx_word' id='word_1_405' title='bbox 2739 3093 2923 3164; x_wconf 91' lang='lat' dir='ltr'><strong>quiad</strong></span> <span class='ocrx_word' id='word_1_406' title='bbox 2956 3093 3359 3164; x_wconf 87' lang='lat' dir='ltr'><strong>episcopatum</strong></span> <span class='ocrx_word' id='word_1_407' title='bbox 3400 3091 3671 3163; x_wconf 89' lang='lat' dir='ltr'><strong>promoti,</strong></span> <span class='ocrx_word' id='word_1_408' title='bbox 3697 3091 3752 3145; x_wconf 92' lang='lat' dir='ltr'><strong>id</strong></span> <span class='ocrx_word' id='word_1_409' title='bbox 3775 3107 3885 3145; x_wconf 88' lang='lat' dir='ltr'><strong>one</strong></span> 
     </span>
    </p>
   </div>
   <div class='ocr_carea' id='block_1_61' title="bbox 2258 3179 3914 3254">
    <p class='ocr_par' dir='ltr' id='par_1_61' title="bbox 2258 3179 3914 3254">
     <span class='ocr_line' id='line_1_61' title="bbox 2258 3179 3914 3254; baseline -0.001 -19"><span class='ocrx_word' id='word_1_410' title='bbox 2258 3181 2337 3237; x_wconf 89' lang='lat' dir='ltr'><strong>ris</strong></span> <span class='ocrx_word' id='word_1_411' title='bbox 2368 3199 2500 3236; x_wconf 92' lang='lat' dir='ltr'><strong>cum</strong></span> <span class='ocrx_word' id='word_1_412' title='bbox 2529 3181 2702 3237; x_wconf 90' lang='lat' dir='ltr'><strong>laude</strong></span> <span class='ocrx_word' id='word_1_413' title='bbox 2734 3181 3203 3254; x_wconf 85' lang='lat' dir='ltr'><strong>populorumque</strong></span> <span class='ocrx_word' id='word_1_414' title='bbox 3254 3180 3650 3236; x_wconf 87' lang='lat' dir='ltr'><strong>emolumento</strong></span> <span class='ocrx_word' id='word_1_415' title='bbox 3699 3179 3914 3252; x_wconf 86' lang='lat' dir='ltr'><strong>perfer—</strong></span> 
     </span>
    </p>
   </div>
   <div class='ocr_carea' id='block_1_62' title="bbox 2261 3269 3916 3343">
    <p class='ocr_par' dir='ltr' id='par_1_62' title="bbox 2261 3269 3916 3343">
     <span class='ocr_line' id='line_1_62' title="bbox 2261 3269 3916 3343; baseline 0 -19"><span class='ocrx_word' id='word_1_416' title='bbox 2261 3275 2411 3324; x_wconf 90' lang='lat' dir='ltr'><strong>rent.</strong></span> <span class='ocrx_word' id='word_1_417' title='bbox 2452 3271 2627 3325; x_wconf 90' lang='lat' dir='ltr'><strong>Erant</strong></span> <span class='ocrx_word' id='word_1_418' title='bbox 2657 3270 2696 3324; x_wconf 90' lang='lat' dir='ltr'><strong>ii</strong></span> <span class='ocrx_word' id='word_1_419' title='bbox 2729 3271 2962 3343; x_wconf 88' lang='lat' dir='ltr'><strong>Apolios</strong></span> <span class='ocrx_word' id='word_1_420' title='bbox 2986 3313 2999 3337; x_wconf 91' lang='lat'><strong>,</strong></span> <span class='ocrx_word' id='word_1_421' title='bbox 3024 3269 3310 3342; x_wconf 87' lang='lat' dir='ltr'><strong>Agathon,</strong></span> <span class='ocrx_word' id='word_1_422' title='bbox 3369 3270 3620 3332; x_wconf 84' lang='lat' dir='ltr'><strong>Ariston,</strong></span> <span class='ocrx_word' id='word_1_423' title='bbox 3680 3270 3916 3324; x_wconf 90' lang='lat' dir='ltr'><strong>Ammo-</strong></span> 
     </span>
    </p>
   </div>
   <div class='ocr_carea' id='block_1_63' title="bbox 497 3339 3910 3433">
    <p class='ocr_par' dir='ltr' id='par_1_63' title="bbox 497 3339 3910 3433">
     <span class='ocr_line' id='line_1_63' title="bbox 497 3339 3910 3433; baseline -0 -20"><span class='ocrx_word' id='word_1_424' title='bbox 497 3359 711 3414; x_wconf 84' lang='lat' dir='ltr'><strong>vindex</strong></span> <span class='ocrx_word' id='word_1_425' title='bbox 740 3364 880 3430; x_wconf 87' lang='lat' dir='ltr'><strong>erat,</strong></span> <span class='ocrx_word' id='word_1_426' title='bbox 907 3358 1165 3431; x_wconf 88' lang='lat' dir='ltr'><strong>aliquam</strong></span> <span class='ocrx_word' id='word_1_427' title='bbox 1228 3361 1459 3416; x_wconf 81' lang='lat' dir='ltr'><strong>afferret</strong></span> <span class='ocrx_word' id='word_1_428' title='bbox 1513 3360 1815 3433; x_wconf 86' lang='lat' dir='ltr'><strong>dignitatis</strong></span> <span class='ocrx_word' id='word_1_429' title='bbox 1875 3359 2148 3432; x_wconf 89' lang='lat' dir='ltr'><strong>speciem,</strong></span> <span class='ocrx_word' id='word_1_430' title='bbox 2182 3339 2224 3405; x_wconf 80' lang='lat' dir='ltr'><strong>C</strong></span> <span class='ocrx_word' id='word_1_431' title='bbox 2265 3359 2420 3426; x_wconf 89' lang='lat' dir='ltr'><strong>nius,</strong></span> <span class='ocrx_word' id='word_1_432' title='bbox 2452 3359 2621 3428; x_wconf 88' lang='lat' dir='ltr'><strong>Muis,</strong></span> <span class='ocrx_word' id='word_1_433' title='bbox 2655 3359 2893 3415; x_wconf 89' lang='lat' dir='ltr'><strong>Paulus.</strong></span> <span class='ocrx_word' id='word_1_434' title='bbox 2926 3359 3049 3414; x_wconf 89' lang='lat' dir='ltr'><strong>Non</strong></span> <span class='ocrx_word' id='word_1_435' title='bbox 3095 3362 3210 3414; x_wconf 90' lang='lat' dir='ltr'><strong>tam</strong></span> <span class='ocrx_word' id='word_1_436' title='bbox 3257 3358 3652 3412; x_wconf 91' lang='lat' dir='ltr'><strong>conditionem</strong></span> <span class='ocrx_word' id='word_1_437' title='bbox 3695 3357 3910 3428; x_wconf 89' lang='lat' dir='ltr'><strong>ipsam,</strong></span> 
     </span>
    </p>
   </div>
   <div class='ocr_carea' id='block_1_64' title="bbox 501 3447 2150 3520">
    <p class='ocr_par' dir='ltr' id='par_1_64' title="bbox 501 3447 2150 3520">
     <span class='ocr_line' id='line_1_64' title="bbox 501 3447 2150 3520; baseline 0.001 -18"><span class='ocrx_word' id='word_1_438' title='bbox 501 3452 667 3502; x_wconf 87' lang='lat' dir='ltr'><strong>ratus</strong></span> <span class='ocrx_word' id='word_1_439' title='bbox 697 3447 999 3503; x_wconf 86' lang='lat' dir='ltr'><strong>veritatem</strong></span> <span class='ocrx_word' id='word_1_440' title='bbox 1035 3465 1096 3503; x_wconf 89' lang='lat' dir='ltr'><strong>se</strong></span> <span class='ocrx_word' id='word_1_441' title='bbox 1126 3448 1364 3520; x_wconf 89' lang='lat' dir='ltr'><strong>perinde</strong></span> <span class='ocrx_word' id='word_1_442' title='bbox 1397 3453 1572 3520; x_wconf 88' lang='lat' dir='ltr'><strong>atque</strong></span> <span class='ocrx_word' id='word_1_443' title='bbox 1600 3449 1866 3506; x_wconf 89' lang='lat' dir='ltr'><strong>homines</strong></span> <span class='ocrx_word' id='word_1_444' title='bbox 1898 3449 2150 3504; x_wconf 90' lang='lat' dir='ltr'><strong>cireum-</strong></span> 
     </span>
    </p>
   </div>
   <div class='ocr_carea' id='block_1_65' title="bbox 499 3536 920 3608">
    <p class='ocr_par' dir='ltr' id='par_1_65' title="bbox 499 3536 920 3608">
     <span class='ocr_line' id='line_1_65' title="bbox 499 3536 920 3608; baseline 0 -18"><span class='ocrx_word' id='word_1_445' title='bbox 499 3536 699 3592; x_wconf 90' lang='lat' dir='ltr'><strong>venire</strong></span> <span class='ocrx_word' id='word_1_446' title='bbox 729 3552 920 3608; x_wconf 89' lang='lat' dir='ltr'><strong>posse.</strong></span> 
     </span>
    </p>
   </div>
   <div class='ocr_carea' id='block_1_66' title="bbox 577 3643 2154 3714">
    <p class='ocr_par' dir='ltr' id='par_1_66' title="bbox 577 3643 2154 3714">
     <span class='ocr_line' id='line_1_66' title="bbox 577 3643 2154 3714; baseline 0.003 -19"><span class='ocrx_word' id='word_1_447' title='bbox 577 3643 662 3698; x_wconf 84' lang='grc'><strong>11.</strong></span> <span class='ocrx_word' id='word_1_448' title='bbox 691 3643 928 3712; x_wconf 82' lang='lat' dir='ltr'><strong>Sylvani</strong></span> <span class='ocrx_word' id='word_1_449' title='bbox 953 3643 1198 3714; x_wconf 78' lang='lat' dir='ltr'><strong>defectio.</strong></span> <span class='ocrx_word' id='word_1_450' title='bbox 1232 3675 1300 3683; x_wconf 90' lang='lat'><strong><em>—</em></strong></span> <span class='ocrx_word' id='word_1_451' title='bbox 1333 3645 1487 3698; x_wconf 80' lang='lat' dir='ltr'><strong>inter</strong></span> <span class='ocrx_word' id='word_1_452' title='bbox 1509 3643 1630 3698; x_wconf 80' lang='lat' dir='ltr'><strong>haec</strong></span> <span class='ocrx_word' id='word_1_453' title='bbox 1662 3645 1721 3698; x_wconf 89' lang='lat' dir='ltr'><strong>in</strong></span> <span class='ocrx_word' id='word_1_454' title='bbox 1772 3644 1975 3700; x_wconf 88' lang='lat' dir='ltr'><strong>Galliis</strong></span> <span class='ocrx_word' id='word_1_455' title='bbox 2019 3662 2154 3700; x_wconf 89' lang='lat' dir='ltr'><strong>con-</strong></span> 
     </span>
    </p>
   </div>
   <div class='ocr_carea' id='block_1_67' title="bbox 500 3729 2152 3803">
    <p class='ocr_par' dir='ltr' id='par_1_67' title="bbox 500 3729 2152 3803">
     <span class='ocr_line' id='line_1_67' title="bbox 500 3729 2152 3803; baseline 0.003 -19"><span class='ocrx_word' id='word_1_456' title='bbox 500 3729 635 3802; x_wconf 85' lang='lat' dir='ltr'><strong>tigit</strong></span> <span class='ocrx_word' id='word_1_457' title='bbox 655 3729 884 3803; x_wconf 79' lang='lat' dir='ltr'><strong>Sylvani</strong></span> <span class='ocrx_word' id='word_1_458' title='bbox 928 3732 1192 3799; x_wconf 87' lang='lat' dir='ltr'><strong>defectio,</strong></span> <span class='ocrx_word' id='word_1_459' title='bbox 1247 3733 1346 3803; x_wconf 91' lang='lat' dir='ltr'><strong>qui</strong></span> <span class='ocrx_word' id='word_1_460' title='bbox 1408 3733 1479 3786; x_wconf 88' lang='lat' dir='ltr'><strong>ab</strong></span> <span class='ocrx_word' id='word_1_461' title='bbox 1530 3733 1784 3788; x_wconf 86' lang='lat' dir='ltr'><strong>exercitu</strong></span> <span class='ocrx_word' id='word_1_462' title='bbox 1834 3733 2152 3803; x_wconf 88' lang='lat' dir='ltr'><strong>imperator</strong></span> 
     </span>
    </p>
   </div>
   <div class='ocr_carea' id='block_1_68' title="bbox 502 3819 2147 3892">
    <p class='ocr_par' dir='ltr' id='par_1_68' title="bbox 502 3819 2147 3892">
     <span class='ocr_line' id='line_1_68' title="bbox 502 3819 2147 3892; baseline 0.003 -20"><span class='ocrx_word' id='word_1_463' title='bbox 502 3823 592 3873; x_wconf 90' lang='lat' dir='ltr'><strong>est</strong></span> <span class='ocrx_word' id='word_1_464' title='bbox 623 3819 1029 3892; x_wconf 85' lang='lat' dir='ltr'><strong>inauguratus.</strong></span> <span class='ocrx_word' id='word_1_465' title='bbox 1066 3821 1147 3875; x_wconf 91' lang='lat' dir='ltr'><strong>Da</strong></span> <span class='ocrx_word' id='word_1_466' title='bbox 1175 3837 1266 3876; x_wconf 92' lang='lat' dir='ltr'><strong>res</strong></span> <span class='ocrx_word' id='word_1_467' title='bbox 1297 3821 1704 3876; x_wconf 88' lang='lat' dir='ltr'><strong>Constantium</strong></span> <span class='ocrx_word' id='word_1_468' title='bbox 1736 3822 1794 3876; x_wconf 91' lang='lat' dir='ltr'><strong>in</strong></span> <span class='ocrx_word' id='word_1_469' title='bbox 1851 3839 2147 3878; x_wconf 89' lang='lat' dir='ltr'><strong>summam</strong></span> 
     </span>
    </p>
   </div>
   <div class='ocr_carea' id='block_1_69' title="bbox 502 3908 2147 3982">
    <p class='ocr_par' dir='ltr' id='par_1_69' title="bbox 502 3908 2147 3982">
     <span class='ocr_line' id='line_1_69' title="bbox 502 3908 2147 3982; baseline 0.004 -20"><span class='ocrx_word' id='word_1_470' title='bbox 502 3908 731 3964; x_wconf 90' lang='lat' dir='ltr'><strong>consilii</strong></span> <span class='ocrx_word' id='word_1_471' title='bbox 754 3908 1012 3980; x_wconf 89' lang='lat' dir='ltr'><strong>inopiam</strong></span> <span class='ocrx_word' id='word_1_472' title='bbox 1028 3910 1650 3982; x_wconf 88' lang='lat' dir='ltr'><strong>perturbationemque</strong></span> <span class='ocrx_word' id='word_1_473' title='bbox 1663 3911 2147 3982; x_wconf 81' lang='lat' dir='ltr'><strong>conjecit.Atcum</strong></span> 
     </span>
    </p>
   </div>
   <div class='ocr_carea' id='block_1_70' title="bbox 500 3995 2148 4071">
    <p class='ocr_par' dir='ltr' id='par_1_70' title="bbox 500 3995 2148 4071">
     <span class='ocr_line' id='line_1_70' title="bbox 500 3995 2148 4071; baseline 0.004 -21"><span class='ocrx_word' id='word_1_474' title='bbox 500 3995 601 4052; x_wconf 87' lang='lat' dir='ltr'><strong>ille</strong></span> <span class='ocrx_word' id='word_1_475' title='bbox 629 3997 990 4070; x_wconf 85' lang='lat' dir='ltr'><strong>interpositis</strong></span> <span class='ocrx_word' id='word_1_476' title='bbox 1023 3998 1226 4071; x_wconf 87' lang='lat' dir='ltr'><strong>viginti</strong></span> <span class='ocrx_word' id='word_1_477' title='bbox 1243 4005 1370 4054; x_wconf 88' lang='lat' dir='ltr'><strong>octo</strong></span> <span class='ocrx_word' id='word_1_478' title='bbox 1391 4004 1522 4070; x_wconf 88' lang='lat' dir='ltr'><strong>post</strong></span> <span class='ocrx_word' id='word_1_479' title='bbox 1537 4000 1918 4056; x_wconf 84' lang='lat' dir='ltr'><strong>defectionem</strong></span> <span class='ocrx_word' id='word_1_480' title='bbox 1942 4001 2148 4057; x_wconf 89' lang='lat' dir='ltr'><strong>diebus</strong></span> 
     </span>
    </p>
   </div>
   <div class='ocr_carea' id='block_1_71' title="bbox 501 4085 2148 4161">
    <p class='ocr_par' dir='ltr' id='par_1_71' title="bbox 501 4085 2148 4161">
     <span class='ocr_line' id='line_1_71' title="bbox 501 4085 2148 4161; baseline 0.004 -20"><span class='ocrx_word' id='word_1_481' title='bbox 501 4086 572 4141; x_wconf 89' lang='lat' dir='ltr'><strong>ab</strong></span> <span class='ocrx_word' id='word_1_482' title='bbox 605 4085 870 4142; x_wconf 91' lang='lat' dir='ltr'><strong>Ursicino</strong></span> <span class='ocrx_word' id='word_1_483' title='bbox 893 4088 1278 4144; x_wconf 82' lang='lat' dir='ltr'><strong>obtruncatus</strong></span> <span class='ocrx_word' id='word_1_484' title='bbox 1309 4094 1482 4158; x_wconf 91' lang='lat' dir='ltr'><strong>esset,</strong></span> <span class='ocrx_word' id='word_1_485' title='bbox 1516 4089 1730 4161; x_wconf 86' lang='lat' dir='ltr'><strong>ingenti</strong></span> <span class='ocrx_word' id='word_1_486' title='bbox 1774 4091 2148 4147; x_wconf 89' lang='lat' dir='ltr'><strong>Constantius</strong></span> 
     </span>
    </p>
   </div>
   <div class='ocr_carea' id='block_1_72' title="bbox 501 4174 1090 4233">
    <p class='ocr_par' dir='ltr' id='par_1_72' title="bbox 501 4174 1090 4233">
     <span class='ocr_line' id='line_1_72' title="bbox 501 4174 1090 4233; baseline 0.005 -5"><span class='ocrx_word' id='word_1_487' title='bbox 501 4179 660 4230; x_wconf 89' lang='lat' dir='ltr'><strong>metu</strong></span> <span class='ocrx_word' id='word_1_488' title='bbox 681 4174 962 4231; x_wconf 89' lang='lat' dir='ltr'><strong>liberatus</strong></span> <span class='ocrx_word' id='word_1_489' title='bbox 983 4181 1090 4233; x_wconf 90' lang='lat' dir='ltr'><strong>est.</strong></span> 
     </span>
    </p>
   </div>
   <div class='ocr_carea' id='block_1_73' title="bbox 575 4264 2144 4336">
    <p class='ocr_par' dir='ltr' id='par_1_73' title="bbox 575 4264 2144 4336">
     <span class='ocr_line' id='line_1_73' title="bbox 575 4264 2144 4336; baseline 0.003 -18"><span class='ocrx_word' id='word_1_490' title='bbox 575 4265 657 4318; x_wconf 82' lang='grc'><strong>12.</strong></span> <span class='ocrx_word' id='word_1_491' title='bbox 691 4265 840 4320; x_wconf 93' lang='lat' dir='ltr'><strong>Dum</strong></span> <span class='ocrx_word' id='word_1_492' title='bbox 875 4264 932 4319; x_wconf 89' lang='lat' dir='ltr'><strong>hi</strong></span> <span class='ocrx_word' id='word_1_493' title='bbox 959 4281 1061 4336; x_wconf 91' lang='lat' dir='ltr'><strong>per</strong></span> <span class='ocrx_word' id='word_1_494' title='bbox 1090 4270 1276 4321; x_wconf 90' lang='lat' dir='ltr'><strong>totum</strong></span> <span class='ocrx_word' id='word_1_495' title='bbox 1308 4266 1506 4321; x_wconf 89' lang='lat' dir='ltr'><strong>orbem</strong></span> <span class='ocrx_word' id='word_1_496' title='bbox 1533 4271 1748 4333; x_wconf 87' lang='lat' dir='ltr'><strong>motus,</strong></span> <span class='ocrx_word' id='word_1_497' title='bbox 1805 4267 1890 4322; x_wconf 66' lang='lat' dir='ltr'><strong>hac</strong></span> <span class='ocrx_word' id='word_1_498' title='bbox 1960 4269 2144 4323; x_wconf 66' lang='lat' dir='ltr'><strong>turbae</strong></span> 
     </span>
    </p>
   </div>
   <div class='ocr_carea' id='block_1_74' title="bbox 499 4352 2143 4421">
    <p class='ocr_par' dir='ltr' id='par_1_74' title="bbox 499 4352 2143 4421">
     <span class='ocr_line' id='line_1_74' title="bbox 499 4352 2143 4421; baseline 0.004 -14"><span class='ocrx_word' id='word_1_499' title='bbox 499 4353 732 4421; x_wconf 90' lang='lat' dir='ltr'><strong>dantur,</strong></span> <span class='ocrx_word' id='word_1_500' title='bbox 758 4352 1112 4409; x_wconf 88' lang='lat' dir='ltr'><strong>Athanasius</strong></span> <span class='ocrx_word' id='word_1_501' title='bbox 1129 4354 1486 4410; x_wconf 63' lang='lat' dir='ltr'><strong>Alexandria:</strong></span> <span class='ocrx_word' id='word_1_502' title='bbox 1507 4355 1664 4410; x_wconf 85' lang='lat' dir='ltr'><strong>haud</strong></span> <span class='ocrx_word' id='word_1_503' title='bbox 1696 4355 1821 4411; x_wconf 89' lang='lat' dir='ltr'><strong>sine</strong></span> <span class='ocrx_word' id='word_1_504' title='bbox 1843 4363 2002 4412; x_wconf 91' lang='lat' dir='ltr'><strong>metu</strong></span> <span class='ocrx_word' id='word_1_505' title='bbox 2034 4358 2143 4413; x_wconf 91' lang='lat' dir='ltr'><strong>im-</strong></span> 
     </span>
    </p>
   </div>
   <div class='ocr_carea' id='block_1_75' title="bbox 497 4441 2148 4517">
    <p class='ocr_par' dir='ltr' id='par_1_75' title="bbox 497 4441 2148 4517">
     <span class='ocr_line' id='line_1_75' title="bbox 497 4441 2148 4517; baseline 0.004 -21"><span class='ocrx_word' id='word_1_506' title='bbox 497 4441 805 4513; x_wconf 86' lang='lat' dir='ltr'><strong>pendentis</strong></span> <span class='ocrx_word' id='word_1_507' title='bbox 837 4443 1078 4512; x_wconf 82' lang='lat' dir='ltr'><strong>periculi</strong></span> <span class='ocrx_word' id='word_1_508' title='bbox 1103 4444 1459 4510; x_wconf 85' lang='lat' dir='ltr'><strong>versabatur,</strong></span> <span class='ocrx_word' id='word_1_509' title='bbox 1509 4445 1702 4516; x_wconf 90' lang='lat' dir='ltr'><strong>populi</strong></span> <span class='ocrx_word' id='word_1_510' title='bbox 1765 4446 2034 4517; x_wconf 66' lang='lat' dir='ltr'><strong>praesidio</strong></span> <span class='ocrx_word' id='word_1_511' title='bbox 2090 4453 2148 4502; x_wconf 90' lang='lat' dir='ltr'><strong>et</strong></span> 
     </span>
    </p>
   </div>
   <div class='ocr_carea' id='block_1_76' title="bbox 497 4531 2148 4608">
    <p class='ocr_par' dir='ltr' id='par_1_76' title="bbox 497 4531 2148 4608">
     <span class='ocr_line' id='line_1_76' title="bbox 497 4531 2148 4608; baseline 0.004 -24"><span class='ocrx_word' id='word_1_512' title='bbox 497 4545 694 4585; x_wconf 84' lang='lat' dir='ltr'><strong>amore</strong></span> <span class='ocrx_word' id='word_1_513' title='bbox 719 4534 879 4585; x_wconf 83' lang='lat' dir='ltr'><strong>tutus</strong></span> <span class='ocrx_word' id='word_1_514' title='bbox 908 4532 979 4586; x_wconf 87' lang='lat' dir='ltr'><strong>ab</strong></span> <span class='ocrx_word' id='word_1_515' title='bbox 1013 4531 1248 4587; x_wconf 89' lang='lat' dir='ltr'><strong>insidiis</strong></span> <span class='ocrx_word' id='word_1_516' title='bbox 1291 4533 1640 4588; x_wconf 88' lang='lat' dir='ltr'><strong>Arianorum</strong></span> <span class='ocrx_word' id='word_1_517' title='bbox 1681 4552 1692 4588; x_wconf 94' lang='lat'><strong>:</strong></span> <span class='ocrx_word' id='word_1_518' title='bbox 1753 4535 1852 4605; x_wconf 93' lang='lat' dir='ltr'><strong>qui</strong></span> <span class='ocrx_word' id='word_1_519' title='bbox 1913 4552 2148 4608; x_wconf 89' lang='lat' dir='ltr'><strong>semper</strong></span> 
     </span>
    </p>
   </div>
   <div class='ocr_carea' id='block_1_77' title="bbox 497 4618 2144 4697">
    <p class='ocr_par' dir='ltr' id='par_1_77' title="bbox 497 4618 2144 4697">
     <span class='ocr_line' id='line_1_77' title="bbox 497 4618 2144 4697; baseline 0.005 -26"><span class='ocrx_word' id='word_1_520' title='bbox 497 4618 784 4673; x_wconf 90' lang='lat' dir='ltr'><strong>machinis</strong></span> <span class='ocrx_word' id='word_1_521' title='bbox 813 4625 982 4674; x_wconf 86' lang='lat' dir='ltr'><strong>erant</strong></span> <span class='ocrx_word' id='word_1_522' title='bbox 1011 4625 1069 4674; x_wconf 91' lang='lat' dir='ltr'><strong>et</strong></span> <span class='ocrx_word' id='word_1_523' title='bbox 1099 4621 1413 4676; x_wconf 87' lang='lat' dir='ltr'><strong>calumniis</strong></span> <span class='ocrx_word' id='word_1_524' title='bbox 1437 4622 1731 4677; x_wconf 89' lang='lat' dir='ltr'><strong>struendis</strong></span> <span class='ocrx_word' id='word_1_525' title='bbox 1765 4623 1993 4694; x_wconf 88' lang='lat' dir='ltr'><strong>intenti,</strong></span> <span class='ocrx_word' id='word_1_526' title='bbox 2028 4643 2144 4697; x_wconf 92' lang='lat' dir='ltr'><strong>quo</strong></span> 
     </span>
    </p>
   </div>
   <div class='ocr_carea' id='block_1_78' title="bbox 497 4706 1740 4779">
    <p class='ocr_par' dir='ltr' id='par_1_78' title="bbox 497 4706 1740 4779">
     <span class='ocr_line' id='line_1_78' title="bbox 497 4706 1740 4779; baseline 0.004 -19"><span class='ocrx_word' id='word_1_527' title='bbox 497 4706 687 4762; x_wconf 91' lang='lat' dir='ltr'><strong>virum</strong></span> <span class='ocrx_word' id='word_1_528' title='bbox 713 4707 856 4762; x_wconf 89' lang='lat' dir='ltr'><strong>urbe</strong></span> <span class='ocrx_word' id='word_1_529' title='bbox 879 4707 1159 4779; x_wconf 87' lang='lat' dir='ltr'><strong>pellerent</strong></span> <span class='ocrx_word' id='word_1_530' title='bbox 1182 4715 1237 4764; x_wconf 92' lang='lat' dir='ltr'><strong>et</strong></span> <span class='ocrx_word' id='word_1_531' title='bbox 1269 4711 1740 4766; x_wconf 85' lang='lat' dir='ltr'><strong>exterminarent.</strong></span> 
     </span>
    </p>
   </div>
   <div class='ocr_carea' id='block_1_79' title="bbox 567 4815 2140 4888">
    <p class='ocr_par' dir='ltr' id='par_1_79' title="bbox 567 4815 2140 4888">
     <span class='ocr_line' id='line_1_79' title="bbox 567 4815 2140 4888; baseline 0.006 -21"><span class='ocrx_word' id='word_1_532' title='bbox 567 4815 653 4867; x_wconf 86' lang='grc'><strong>13.</strong></span> <span class='ocrx_word' id='word_1_533' title='bbox 686 4815 988 4870; x_wconf 84' lang='lat' dir='ltr'><strong>Draconius</strong></span> <span class='ocrx_word' id='word_1_534' title='bbox 1014 4818 1074 4870; x_wconf 88' lang='lat' dir='ltr'><strong>in</strong></span> <span class='ocrx_word' id='word_1_535' title='bbox 1103 4818 1416 4888; x_wconf 78' lang='lat' dir='ltr'><strong>episcopum</strong></span> <span class='ocrx_word' id='word_1_536' title='bbox 1463 4817 1697 4872; x_wconf 79' lang='lat' dir='ltr'><strong>allectus</strong></span> <span class='ocrx_word' id='word_1_537' title='bbox 1751 4821 1916 4888; x_wconf 75' lang='lat' dir='ltr'><strong>fugit.</strong></span> <span class='ocrx_word' id='word_1_538' title='bbox 1979 4821 2140 4876; x_wconf 80' lang='lat' dir='ltr'><strong>Revo-</strong></span> 
     </span>
    </p>
   </div>
   <div class='ocr_carea' id='block_1_80' title="bbox 491 4903 2144 4978">
    <p class='ocr_par' dir='ltr' id='par_1_80' title="bbox 491 4903 2144 4978">
     <span class='ocr_line' id='line_1_80' title="bbox 491 4903 2144 4978; baseline 0.005 -22"><span class='ocrx_word' id='word_1_539' title='bbox 491 4905 648 4956; x_wconf 86' lang='lat' dir='ltr'><strong>catur</strong></span> <span class='ocrx_word' id='word_1_540' title='bbox 678 4905 745 4957; x_wconf 86' lang='lat' dir='ltr'><strong>ab</strong></span> <span class='ocrx_word' id='word_1_541' title='bbox 778 4903 1100 4959; x_wconf 84' lang='lat' dir='ltr'><strong>Athanasio.</strong></span> <span class='ocrx_word' id='word_1_542' title='bbox 1137 4935 1200 4944; x_wconf 95' lang='lat'><strong><em>—</em></strong></span> <span class='ocrx_word' id='word_1_543' title='bbox 1235 4906 1457 4960; x_wconf 89' lang='lat' dir='ltr'><strong>Accidit</strong></span> <span class='ocrx_word' id='word_1_544' title='bbox 1494 4912 1688 4961; x_wconf 90' lang='lat' dir='ltr'><strong>autem</strong></span> <span class='ocrx_word' id='word_1_545' title='bbox 1749 4907 1952 4978; x_wconf 88' lang='lat' dir='ltr'><strong>paucis</strong></span> <span class='ocrx_word' id='word_1_546' title='bbox 2011 4914 2144 4964; x_wconf 89' lang='lat' dir='ltr'><strong>ante</strong></span> 
     </span>
    </p>
   </div>
   <div class='ocr_carea' id='block_1_81' title="bbox 489 4989 2144 5068">
    <p class='ocr_par' dir='ltr' id='par_1_81' title="bbox 489 4989 2144 5068">
     <span class='ocr_line' id='line_1_81' title="bbox 489 4989 2144 5068; baseline 0.004 -24"><span class='ocrx_word' id='word_1_547' title='bbox 489 4989 832 5046; x_wconf 87' lang='lat' dir='ltr'><strong>Paschalem</strong></span> <span class='ocrx_word' id='word_1_548' title='bbox 867 4992 1301 5048; x_wconf 88' lang='lat' dir='ltr'><strong>solemnitatem</strong></span> <span class='ocrx_word' id='word_1_549' title='bbox 1327 4995 1533 5050; x_wconf 89' lang='lat' dir='ltr'><strong>diebus</strong></span> <span class='ocrx_word' id='word_1_550' title='bbox 1566 4995 1764 5065; x_wconf 81' lang='lat' dir='ltr'><strong>hujus,</strong></span> <span class='ocrx_word' id='word_1_551' title='bbox 1835 5001 1900 5050; x_wconf 92' lang='lat' dir='ltr'><strong>ut</strong></span> <span class='ocrx_word' id='word_1_552' title='bbox 1947 4997 2144 5068; x_wconf 88' lang='lat' dir='ltr'><strong>opina-</strong></span> 
     </span>
    </p>
   </div>
   <div class='ocr_carea' id='block_1_82' title="bbox 491 5080 2141 5158">
    <p class='ocr_par' dir='ltr' id='par_1_82' title="bbox 491 5080 2141 5158">
     <span class='ocr_line' id='line_1_82' title="bbox 491 5080 2141 5158; baseline 0.004 -24"><span class='ocrx_word' id='word_1_553' title='bbox 491 5097 647 5144; x_wconf 91' lang='lat' dir='ltr'><strong>mur,</strong></span> <span class='ocrx_word' id='word_1_554' title='bbox 682 5080 843 5149; x_wconf 88' lang='lat' dir='ltr'><strong>anni,</strong></span> <span class='ocrx_word' id='word_1_555' title='bbox 876 5086 941 5136; x_wconf 89' lang='lat' dir='ltr'><strong>ut</strong></span> <span class='ocrx_word' id='word_1_556' title='bbox 969 5089 1207 5138; x_wconf 85' lang='lat' dir='ltr'><strong>vacante</strong></span> <span class='ocrx_word' id='word_1_557' title='bbox 1235 5085 1370 5138; x_wconf 88' lang='lat' dir='ltr'><strong>sede</strong></span> <span class='ocrx_word' id='word_1_558' title='bbox 1399 5083 1761 5155; x_wconf 85' lang='lat' dir='ltr'><strong>Hermopolis</strong></span> <span class='ocrx_word' id='word_1_559' title='bbox 1797 5102 2141 5158; x_wconf 66' lang='lat' dir='ltr'><strong>parvaz,quze</strong></span> 
     </span>
    </p>
   </div>
   <div class='ocr_carea' id='block_1_83' title="bbox 487 5169 2138 5245">
    <p class='ocr_par' dir='ltr' id='par_1_83' title="bbox 487 5169 2138 5245">
     <span class='ocr_line' id='line_1_83' title="bbox 487 5169 2138 5245; baseline 0.005 -23"><span class='ocrx_word' id='word_1_560' title='bbox 487 5169 746 5239; x_wconf 85' lang='lat' dir='ltr'><strong>paroecia</strong></span> <span class='ocrx_word' id='word_1_561' title='bbox 778 5171 1095 5226; x_wconf 80' lang='lat' dir='ltr'><strong>maximam</strong></span> <span class='ocrx_word' id='word_1_562' title='bbox 1120 5171 1495 5228; x_wconf 85' lang='lat' dir='ltr'><strong>Alexandrini</strong></span> <span class='ocrx_word' id='word_1_563' title='bbox 1530 5173 1650 5245; x_wconf 84' lang='lat' dir='ltr'><strong>agri</strong></span> <span class='ocrx_word' id='word_1_564' title='bbox 1713 5177 1936 5244; x_wconf 84' lang='lat' dir='ltr'><strong>partem</strong></span> <span class='ocrx_word' id='word_1_565' title='bbox 1981 5191 2138 5230; x_wconf 88' lang='lat' dir='ltr'><strong>com-</strong></span> 
     </span>
    </p>
   </div>
   <div class='ocr_carea' id='block_1_84' title="bbox 487 5256 2140 5332">
    <p class='ocr_par' dir='ltr' id='par_1_84' title="bbox 487 5256 2140 5332">
     <span class='ocr_line' id='line_1_84' title="bbox 487 5256 2140 5332; baseline 0.006 -22"><span class='ocrx_word' id='word_1_566' title='bbox 487 5256 872 5329; x_wconf 86' lang='lat' dir='ltr'><strong>plectebatur,</strong></span> <span class='ocrx_word' id='word_1_567' title='bbox 906 5259 1252 5316; x_wconf 89' lang='lat' dir='ltr'><strong>Dracontius</strong></span> <span class='ocrx_word' id='word_1_568' title='bbox 1285 5260 1526 5332; x_wconf 87' lang='lat' dir='ltr'><strong>quidam</strong></span> <span class='ocrx_word' id='word_1_569' title='bbox 1561 5261 1886 5317; x_wconf 87' lang='lat' dir='ltr'><strong>monachus</strong></span> <span class='ocrx_word' id='word_1_570' title='bbox 1917 5268 1972 5317; x_wconf 91' lang='lat' dir='ltr'><strong>et</strong></span> <span class='ocrx_word' id='word_1_571' title='bbox 2021 5282 2140 5320; x_wconf 93' lang='lat' dir='ltr'><strong>mo-</strong></span> 
     </span>
    </p>
   </div>
   <div class='ocr_carea' id='block_1_85' title="bbox 489 5345 2137 5423">
    <p class='ocr_par' dir='ltr' id='par_1_85' title="bbox 489 5345 2137 5423">
     <span class='ocr_line' id='line_1_85' title="bbox 489 5345 2137 5423; baseline 0.006 -24"><span class='ocrx_word' id='word_1_572' title='bbox 489 5345 808 5402; x_wconf 89' lang='lat' dir='ltr'><strong>nachorum</strong></span> <span class='ocrx_word' id='word_1_573' title='bbox 849 5346 1230 5420; x_wconf 69' lang='grc' dir='ltr'><strong>ήγθύμενοςὶη</strong></span> <span class='ocrx_word' id='word_1_574' title='bbox 1263 5351 1601 5421; x_wconf 88' lang='lat' dir='ltr'><strong>episcopum</strong></span> <span class='ocrx_word' id='word_1_575' title='bbox 1629 5351 1880 5421; x_wconf 85' lang='lat' dir='ltr'><strong>ejusloci</strong></span> <span class='ocrx_word' id='word_1_576' title='bbox 1906 5369 2137 5423; x_wconf 90' lang='lat' dir='ltr'><strong>promo-</strong></span> 
     </span>
    </p>
   </div>
   <div class='ocr_carea' id='block_1_86' title="bbox 486 5436 2138 5512">
    <p class='ocr_par' dir='ltr' id='par_1_86' title="bbox 486 5436 2138 5512">
     <span class='ocr_line' id='line_1_86' title="bbox 486 5436 2138 5512; baseline 0.006 -24"><span class='ocrx_word' id='word_1_577' title='bbox 486 5439 736 5489; x_wconf 89' lang='lat' dir='ltr'><strong>veretur.</strong></span> <span class='ocrx_word' id='word_1_578' title='bbox 767 5436 830 5489; x_wconf 90' lang='lat' dir='ltr'><strong>Et</strong></span> <span class='ocrx_word' id='word_1_579' title='bbox 852 5437 1089 5508; x_wconf 90' lang='lat' dir='ltr'><strong>quidem</strong></span> <span class='ocrx_word' id='word_1_580' title='bbox 1112 5439 1296 5494; x_wconf 88' lang='lat' dir='ltr'><strong>tantis</strong></span> <span class='ocrx_word' id='word_1_581' title='bbox 1328 5445 1450 5494; x_wconf 87' lang='lat' dir='ltr'><strong>erat</strong></span> <span class='ocrx_word' id='word_1_582' title='bbox 1482 5439 1576 5494; x_wconf 87' lang='lat' dir='ltr'><strong>ille</strong></span> <span class='ocrx_word' id='word_1_583' title='bbox 1616 5439 1964 5512; x_wconf 89' lang='lat' dir='ltr'><strong>populorum</strong></span> <span class='ocrx_word' id='word_1_584' title='bbox 1991 5443 2138 5499; x_wconf 86' lang='lat' dir='ltr'><strong>votis</strong></span> 
     </span>
    </p>
   </div>
   <div class='ocr_carea' id='block_1_87' title="bbox 486 5525 2135 5601">
    <p class='ocr_par' dir='ltr' id='par_1_87' title="bbox 486 5525 2135 5601">
     <span class='ocr_line' id='line_1_87' title="bbox 486 5525 2135 5601; baseline 0.004 -23"><span class='ocrx_word' id='word_1_585' title='bbox 486 5525 797 5594; x_wconf 85' lang='lat' dir='ltr'><strong>expetitus,</strong></span> <span class='ocrx_word' id='word_1_586' title='bbox 832 5531 895 5579; x_wconf 91' lang='lat' dir='ltr'><strong>ut</strong></span> <span class='ocrx_word' id='word_1_587' title='bbox 918 5527 1166 5597; x_wconf 85' lang='lat' dir='ltr'><strong>gentiles</strong></span> <span class='ocrx_word' id='word_1_588' title='bbox 1190 5529 1365 5583; x_wconf 88' lang='lat' dir='ltr'><strong>etiam</strong></span> <span class='ocrx_word' id='word_1_589' title='bbox 1402 5545 1464 5583; x_wconf 89' lang='lat' dir='ltr'><strong>se</strong></span> <span class='ocrx_word' id='word_1_590' title='bbox 1495 5529 1858 5584; x_wconf 85' lang='lat' dir='ltr'><strong>Christianos</strong></span> <span class='ocrx_word' id='word_1_591' title='bbox 1883 5529 2135 5601; x_wconf 87' lang='lat' dir='ltr'><strong>forepol-</strong></span> 
     </span>
    </p>
   </div>
   <div class='ocr_carea' id='block_1_88' title="bbox 483 5612 2134 5689">
    <p class='ocr_par' dir='ltr' id='par_1_88' title="bbox 483 5612 2134 5689">
     <span class='ocr_line' id='line_1_88' title="bbox 483 5612 2134 5689; baseline 0.004 -22"><span class='ocrx_word' id='word_1_592' title='bbox 483 5612 819 5678; x_wconf 85' lang='lat' dir='ltr'><strong>licerentur,</strong></span> <span class='ocrx_word' id='word_1_593' title='bbox 851 5614 991 5669; x_wconf 91' lang='lat' dir='ltr'><strong>dum</strong></span> <span class='ocrx_word' id='word_1_594' title='bbox 1027 5617 1370 5673; x_wconf 89' lang='lat' dir='ltr'><strong>Dracontius</strong></span> <span class='ocrx_word' id='word_1_595' title='bbox 1393 5626 1548 5672; x_wconf 84' lang='lat' dir='ltr'><strong>esset</strong></span> <span class='ocrx_word' id='word_1_596' title='bbox 1571 5617 1970 5689; x_wconf 87' lang='lat' dir='ltr'><strong>episcopus.ls</strong></span> <span class='ocrx_word' id='word_1_597' title='bbox 2002 5637 2134 5675; x_wconf 86' lang='lat' dir='ltr'><strong>vero</strong></span> 
     </span>
    </p>
   </div>
   <div class='ocr_carea' id='block_1_89' title="bbox 486 5701 2132 5778">
    <p class='ocr_par' dir='ltr' id='par_1_89' title="bbox 486 5701 2132 5778">
     <span class='ocr_line' id='line_1_89' title="bbox 486 5701 2132 5778; baseline 0.004 -21"><span class='ocrx_word' id='word_1_598' title='bbox 486 5701 607 5757; x_wconf 89' lang='lat' dir='ltr'><strong>sive</strong></span> <span class='ocrx_word' id='word_1_599' title='bbox 634 5701 998 5759; x_wconf 88' lang='lat' dir='ltr'><strong>imminentis</strong></span> <span class='ocrx_word' id='word_1_600' title='bbox 1023 5705 1353 5761; x_wconf 86' lang='lat' dir='ltr'><strong>Christiano</strong></span> <span class='ocrx_word' id='word_1_601' title='bbox 1387 5707 1600 5778; x_wconf 91' lang='lat' dir='ltr'><strong>populo</strong></span> <span class='ocrx_word' id='word_1_602' title='bbox 1629 5708 1982 5763; x_wconf 86' lang='lat' dir='ltr'><strong>calamitatis</strong></span> <span class='ocrx_word' id='word_1_603' title='bbox 2031 5710 2132 5764; x_wconf 91' lang='lat' dir='ltr'><strong>de-</strong></span> 
     </span>
    </p>
   </div>
   <div class='ocr_carea' id='block_1_90' title="bbox 485 5790 2132 5866">
    <p class='ocr_par' dir='ltr' id='par_1_90' title="bbox 485 5790 2132 5866">
     <span class='ocr_line' id='line_1_90' title="bbox 485 5790 2132 5866; baseline 0.004 -19"><span class='ocrx_word' id='word_1_604' title='bbox 485 5790 767 5847; x_wconf 75' lang='lat' dir='ltr'><strong>clinanda:</strong></span> <span class='ocrx_word' id='word_1_605' title='bbox 799 5807 995 5862; x_wconf 89' lang='lat' dir='ltr'><strong>causa,</strong></span> <span class='ocrx_word' id='word_1_606' title='bbox 1028 5794 1146 5850; x_wconf 89' lang='lat' dir='ltr'><strong>sive</strong></span> <span class='ocrx_word' id='word_1_607' title='bbox 1177 5795 1331 5866; x_wconf 89' lang='lat' dir='ltr'><strong>quod</strong></span> <span class='ocrx_word' id='word_1_608' title='bbox 1365 5795 1692 5852; x_wconf 90' lang='lat' dir='ltr'><strong>monachali</strong></span> <span class='ocrx_word' id='word_1_609' title='bbox 1725 5797 1998 5853; x_wconf 85' lang='lat' dir='ltr'><strong>instituto</strong></span> <span class='ocrx_word' id='word_1_610' title='bbox 2036 5799 2132 5854; x_wconf 90' lang='lat' dir='ltr'><strong>ad-</strong></span> 
     </span>
    </p>
   </div>
   <div class='ocr_carea' id='block_1_91' title="bbox 2261 3446 3910 3520">
    <p class='ocr_par' dir='ltr' id='par_1_91' title="bbox 2261 3446 3910 3520">
     <span class='ocr_line' id='line_1_91' title="bbox 2261 3446 3910 3520; baseline -0.002 -17"><span class='ocrx_word' id='word_1_611' title='bbox 2261 3465 2439 3520; x_wconf 91' lang='lat' dir='ltr'><strong>quam</strong></span> <span class='ocrx_word' id='word_1_612' title='bbox 2472 3448 2759 3503; x_wconf 89' lang='lat' dir='ltr'><strong>instutum</strong></span> <span class='ocrx_word' id='word_1_613' title='bbox 2791 3449 2905 3504; x_wconf 90' lang='lat' dir='ltr'><strong>veri</strong></span> <span class='ocrx_word' id='word_1_614' title='bbox 2931 3447 3200 3503; x_wconf 89' lang='lat' dir='ltr'><strong>monachi</strong></span> <span class='ocrx_word' id='word_1_615' title='bbox 3231 3446 3681 3519; x_wconf 82' lang='lat' dir='ltr'><strong>amplexandum</strong></span> <span class='ocrx_word' id='word_1_616' title='bbox 3734 3462 3863 3501; x_wconf 90' lang='lat' dir='ltr'><strong>esse</strong></span> <span class='ocrx_word' id='word_1_617' title='bbox 3893 3463 3910 3512; x_wconf 89' lang='lat'><strong>;</strong></span> 
     </span>
    </p>
   </div>
   <div class='ocr_carea' id='block_1_92' title="bbox 2262 3535 3910 3610">
    <p class='ocr_par' dir='ltr' id='par_1_92' title="bbox 2262 3535 3910 3610">
     <span class='ocr_line' id='line_1_92' title="bbox 2262 3535 3910 3610; baseline -0.001 -18"><span class='ocrx_word' id='word_1_618' title='bbox 2262 3539 2415 3609; x_wconf 89' lang='lat' dir='ltr'><strong>quod</strong></span> <span class='ocrx_word' id='word_1_619' title='bbox 2449 3545 2724 3610; x_wconf 71' lang='lat' dir='ltr'><strong>praestare</strong></span> <span class='ocrx_word' id='word_1_620' title='bbox 2755 3537 2933 3593; x_wconf 91' lang='lat' dir='ltr'><strong>etiam</strong></span> <span class='ocrx_word' id='word_1_621' title='bbox 2956 3537 3227 3609; x_wconf 88' lang='lat' dir='ltr'><strong>episcopo</strong></span> <span class='ocrx_word' id='word_1_622' title='bbox 3260 3535 3681 3608; x_wconf 89' lang='lat' dir='ltr'><strong>liceret.Carpit</strong></span> <span class='ocrx_word' id='word_1_623' title='bbox 3710 3541 3910 3591; x_wconf 87' lang='lat' dir='ltr'><strong>autem</strong></span> 
     </span>
    </p>
   </div>
   <div class='ocr_carea' id='block_1_93' title="bbox 2263 3625 3912 3699">
    <p class='ocr_par' dir='ltr' id='par_1_93' title="bbox 2263 3625 3912 3699">
     <span class='ocr_line' id='line_1_93' title="bbox 2263 3625 3912 3699; baseline -0.001 -18"><span class='ocrx_word' id='word_1_624' title='bbox 2263 3627 2604 3694; x_wconf 86' lang='lat' dir='ltr'><strong>monachos,</strong></span> <span class='ocrx_word' id='word_1_625' title='bbox 2639 3627 2738 3699; x_wconf 91' lang='lat' dir='ltr'><strong>qui</strong></span> <span class='ocrx_word' id='word_1_626' title='bbox 2770 3625 3078 3682; x_wconf 89' lang='lat' dir='ltr'><strong>Dracontio</strong></span> <span class='ocrx_word' id='word_1_627' title='bbox 3110 3626 3400 3697; x_wconf 88' lang='lat' dir='ltr'><strong>ejusmodi</strong></span> <span class='ocrx_word' id='word_1_628' title='bbox 3434 3626 3581 3697; x_wconf 83' lang='lat' dir='ltr'><strong>fugae</strong></span> <span class='ocrx_word' id='word_1_629' title='bbox 3640 3628 3912 3680; x_wconf 88' lang='lat' dir='ltr'><strong>auctores</strong></span> 
     </span>
    </p>
   </div>
   <div class='ocr_carea' id='block_1_94' title="bbox 2260 3713 3913 3786">
    <p class='ocr_par' dir='ltr' id='par_1_94' title="bbox 2260 3713 3913 3786">
     <span class='ocr_line' id='line_1_94' title="bbox 2260 3713 3913 3786; baseline 0 -16"><span class='ocrx_word' id='word_1_630' title='bbox 2260 3715 2531 3772; x_wconf 89' lang='lat' dir='ltr'><strong>fuissent.</strong></span> <span class='ocrx_word' id='word_1_631' title='bbox 2595 3716 2871 3771; x_wconf 88' lang='lat' dir='ltr'><strong>Hortatur</strong></span> <span class='ocrx_word' id='word_1_632' title='bbox 2926 3721 2992 3771; x_wconf 91' lang='lat' dir='ltr'><strong>ut</strong></span> <span class='ocrx_word' id='word_1_633' title='bbox 3040 3719 3292 3770; x_wconf 88' lang='lat' dir='ltr'><strong>maturet</strong></span> <span class='ocrx_word' id='word_1_634' title='bbox 3367 3713 3677 3786; x_wconf 70' lang='lat' dir='ltr'><strong>parcaciam</strong></span> <span class='ocrx_word' id='word_1_635' title='bbox 3750 3714 3913 3770; x_wconf 87' lang='lat' dir='ltr'><strong>adire</strong></span> 
     </span>
    </p>
   </div>
   <div class='ocr_carea' id='block_1_95' title="bbox 2260 3801 3907 3872">
    <p class='ocr_par' dir='ltr' id='par_1_95' title="bbox 2260 3801 3907 3872">
     <span class='ocr_line' id='line_1_95' title="bbox 2260 3801 3907 3872; baseline -0.001 -12"><span class='ocrx_word' id='word_1_636' title='bbox 2260 3822 2450 3872; x_wconf 91' lang='lat' dir='ltr'><strong>suam,</strong></span> <span class='ocrx_word' id='word_1_637' title='bbox 2485 3822 2617 3859; x_wconf 91' lang='lat' dir='ltr'><strong>cum</strong></span> <span class='ocrx_word' id='word_1_638' title='bbox 2652 3805 2906 3860; x_wconf 84' lang='lat' dir='ltr'><strong>maxime</strong></span> <span class='ocrx_word' id='word_1_639' title='bbox 2937 3804 3115 3860; x_wconf 90' lang='lat' dir='ltr'><strong>instet</strong></span> <span class='ocrx_word' id='word_1_640' title='bbox 3165 3803 3468 3859; x_wconf 85' lang='lat' dir='ltr'><strong>Paschatis</strong></span> <span class='ocrx_word' id='word_1_641' title='bbox 3517 3801 3858 3859; x_wconf 78' lang='lat' dir='ltr'><strong>solemnitas</strong></span> <span class='ocrx_word' id='word_1_642' title='bbox 3893 3821 3907 3858; x_wconf 91' lang='lat'><strong>:</strong></span> 
     </span>
    </p>
   </div>
   <div class='ocr_carea' id='block_1_96' title="bbox 2259 3892 3913 3965">
    <p class='ocr_par' dir='ltr' id='par_1_96' title="bbox 2259 3892 3913 3965">
     <span class='ocr_line' id='line_1_96' title="bbox 2259 3892 3913 3965; baseline 0 -17"><span class='ocrx_word' id='word_1_643' title='bbox 2259 3910 2331 3948; x_wconf 92' lang='lat' dir='ltr'><strong>ne</strong></span> <span class='ocrx_word' id='word_1_644' title='bbox 2379 3893 2578 3965; x_wconf 90' lang='lat' dir='ltr'><strong>p0puli</strong></span> <span class='ocrx_word' id='word_1_645' title='bbox 2637 3895 2695 3948; x_wconf 92' lang='lat' dir='ltr'><strong>in</strong></span> <span class='ocrx_word' id='word_1_646' title='bbox 2754 3892 3055 3949; x_wconf 79' lang='lat' dir='ltr'><strong>laetissimo</strong></span> <span class='ocrx_word' id='word_1_647' title='bbox 3115 3893 3554 3948; x_wconf 82' lang='lat' dir='ltr'><strong>resurrectionis</strong></span> <span class='ocrx_word' id='word_1_648' title='bbox 3613 3892 3757 3948; x_wconf 89' lang='lat' dir='ltr'><strong>festo</strong></span> <span class='ocrx_word' id='word_1_649' title='bbox 3812 3893 3913 3948; x_wconf 86' lang='lat' dir='ltr'><strong>ab-</strong></span> 
     </span>
    </p>
   </div>
   <div class='ocr_carea' id='block_1_97' title="bbox 2259 3980 3909 4054">
    <p class='ocr_par' dir='ltr' id='par_1_97' title="bbox 2259 3980 3909 4054">
     <span class='ocr_line' id='line_1_97' title="bbox 2259 3980 3909 4054; baseline -0.002 -16"><span class='ocrx_word' id='word_1_650' title='bbox 2259 3987 2483 4038; x_wconf 86' lang='lat' dir='ltr'><strong>sentem</strong></span> <span class='ocrx_word' id='word_1_651' title='bbox 2545 3982 2781 4038; x_wconf 90' lang='lat' dir='ltr'><strong>doleant</strong></span> <span class='ocrx_word' id='word_1_652' title='bbox 2833 3988 3126 4054; x_wconf 90' lang='lat' dir='ltr'><strong>pastorem</strong></span> <span class='ocrx_word' id='word_1_653' title='bbox 3187 3999 3385 4038; x_wconf 86' lang='lat' dir='ltr'><strong>suum.</strong></span> <span class='ocrx_word' id='word_1_654' title='bbox 3446 3982 3548 4037; x_wconf 88' lang='lat' dir='ltr'><strong>His</strong></span> <span class='ocrx_word' id='word_1_655' title='bbox 3605 3980 3909 4036; x_wconf 86' lang='lat' dir='ltr'><strong>Athanasii</strong></span> 
     </span>
    </p>
   </div>
   <div class='ocr_carea' id='block_1_98' title="bbox 2257 4070 3912 4142">
    <p class='ocr_par' dir='ltr' id='par_1_98' title="bbox 2257 4070 3912 4142">
     <span class='ocr_line' id='line_1_98' title="bbox 2257 4070 3912 4142; baseline -0.002 -14"><span class='ocrx_word' id='word_1_656' title='bbox 2257 4071 2644 4128; x_wconf 86' lang='lat' dir='ltr'><strong>hortamentis</strong></span> <span class='ocrx_word' id='word_1_657' title='bbox 2703 4072 2879 4127; x_wconf 80' lang='lat' dir='ltr'><strong>cessit</strong></span> <span class='ocrx_word' id='word_1_658' title='bbox 2935 4071 3304 4142; x_wconf 90' lang='lat' dir='ltr'><strong>Dracontius,</strong></span> <span class='ocrx_word' id='word_1_659' title='bbox 3367 4088 3471 4126; x_wconf 90' lang='lat' dir='ltr'><strong>nec</strong></span> <span class='ocrx_word' id='word_1_660' title='bbox 3540 4070 3639 4125; x_wconf 91' lang='lat' dir='ltr'><strong>diu</strong></span> <span class='ocrx_word' id='word_1_661' title='bbox 3708 4075 3912 4142; x_wconf 89' lang='lat' dir='ltr'><strong>postea</strong></span> 
     </span>
    </p>
   </div>
   <div class='ocr_carea' id='block_1_99' title="bbox 2258 4158 3910 4234">
    <p class='ocr_par' dir='ltr' id='par_1_99' title="bbox 2258 4158 3910 4234">
     <span class='ocr_line' id='line_1_99' title="bbox 2258 4158 3910 4234; baseline -0.001 -18"><span class='ocrx_word' id='word_1_662' title='bbox 2258 4177 2360 4234; x_wconf 92' lang='lat' dir='ltr'><strong>pro</strong></span> <span class='ocrx_word' id='word_1_663' title='bbox 2388 4161 2673 4216; x_wconf 86' lang='lat' dir='ltr'><strong>catholica</strong></span> <span class='ocrx_word' id='word_1_664' title='bbox 2697 4161 2806 4217; x_wconf 85' lang='lat' dir='ltr'><strong>fide</strong></span> <span class='ocrx_word' id='word_1_665' title='bbox 2836 4160 2895 4216; x_wconf 91' lang='lat' dir='ltr'><strong>in</strong></span> <span class='ocrx_word' id='word_1_666' title='bbox 2946 4160 3213 4216; x_wconf 85' lang='lat' dir='ltr'><strong>exsilium</strong></span> <span class='ocrx_word' id='word_1_667' title='bbox 3264 4161 3335 4215; x_wconf 91' lang='lat' dir='ltr'><strong>ab</strong></span> <span class='ocrx_word' id='word_1_668' title='bbox 3383 4159 3640 4216; x_wconf 87' lang='lat' dir='ltr'><strong>Arianus</strong></span> <span class='ocrx_word' id='word_1_669' title='bbox 3701 4158 3910 4230; x_wconf 89' lang='lat' dir='ltr'><strong>pulsus</strong></span> 
     </span>
    </p>
   </div>
   <div class='ocr_carea' id='block_1_100' title="bbox 2256 4254 2364 4306">
    <p class='ocr_par' dir='ltr' id='par_1_100' title="bbox 2256 4254 2364 4306">
     <span class='ocr_line' id='line_1_100' title="bbox 2256 4254 2364 4306; baseline -0.028 0"><span class='ocrx_word' id='word_1_670' title='bbox 2256 4254 2364 4306; x_wconf 88' lang='lat' dir='ltr'><strong>est.</strong></span> 
     </span>
    </p>
   </div>
   <div class='ocr_carea' id='block_1_101' title="bbox 2328 4374 3910 4445">
    <p class='ocr_par' dir='ltr' id='par_1_101' title="bbox 2328 4374 3910 4445">
     <span class='ocr_line' id='line_1_101' title="bbox 2328 4374 3910 4445; baseline -0.001 -15"><span class='ocrx_word' id='word_1_671' title='bbox 2328 4377 2414 4430; x_wconf 77' lang='grc'><strong>14.</strong></span> <span class='ocrx_word' id='word_1_672' title='bbox 2479 4375 2828 4430; x_wconf 80' lang='lat' dir='ltr'><strong>Constantius</strong></span> <span class='ocrx_word' id='word_1_673' title='bbox 2877 4374 3158 4430; x_wconf 76' lang='lat' dir='ltr'><strong>Liberium</strong></span> <span class='ocrx_word' id='word_1_674' title='bbox 3205 4392 3239 4427; x_wconf 87' lang='lat' dir='ltr'><strong>a</strong></span> <span class='ocrx_word' id='word_1_675' title='bbox 3292 4375 3566 4445; x_wconf 83' lang='lat' dir='ltr'><strong>proposito</strong></span> <span class='ocrx_word' id='word_1_676' title='bbox 3633 4374 3910 4429; x_wconf 83' lang='lat' dir='ltr'><strong>dimovere</strong></span> 
     </span>
    </p>
   </div>
   <div class='ocr_carea' id='block_1_102' title="bbox 2255 4461 3911 4535">
    <p class='ocr_par' dir='ltr' id='par_1_102' title="bbox 2255 4461 3911 4535">
     <span class='ocr_line' id='line_1_102' title="bbox 2255 4461 3911 4535; baseline -0.001 -14"><span class='ocrx_word' id='word_1_677' title='bbox 2255 4469 2442 4521; x_wconf 77' lang='lat' dir='ltr'><strong>leniat.</strong></span> <span class='ocrx_word' id='word_1_678' title='bbox 2485 4465 2963 4530; x_wconf 61' lang='lat' dir='ltr'><strong>—Constantius,</strong></span> <span class='ocrx_word' id='word_1_679' title='bbox 2990 4468 3074 4519; x_wconf 86' lang='lat' dir='ltr'><strong>tot</strong></span> <span class='ocrx_word' id='word_1_680' title='bbox 3095 4463 3282 4534; x_wconf 90' lang='lat' dir='ltr'><strong>pulsis</strong></span> <span class='ocrx_word' id='word_1_681' title='bbox 3313 4463 3625 4535; x_wconf 88' lang='lat' dir='ltr'><strong>episcopis,</strong></span> <span class='ocrx_word' id='word_1_682' title='bbox 3660 4461 3911 4520; x_wconf 80' lang='lat' dir='ltr'><strong>Ariano-</strong></span> 
     </span>
    </p>
   </div>
   <div class='ocr_carea' id='block_1_103' title="bbox 2257 4552 3906 4625">
    <p class='ocr_par' dir='ltr' id='par_1_103' title="bbox 2257 4552 3906 4625">
     <span class='ocr_line' id='line_1_103' title="bbox 2257 4552 3906 4625; baseline -0.001 -15"><span class='ocrx_word' id='word_1_683' title='bbox 2257 4572 2384 4610; x_wconf 92' lang='lat' dir='ltr'><strong>rum</strong></span> <span class='ocrx_word' id='word_1_684' title='bbox 2419 4553 2659 4609; x_wconf 87' lang='lat' dir='ltr'><strong>consilio</strong></span> <span class='ocrx_word' id='word_1_685' title='bbox 2693 4553 2991 4608; x_wconf 89' lang='lat' dir='ltr'><strong>Liberium</strong></span> <span class='ocrx_word' id='word_1_686' title='bbox 3043 4553 3400 4625; x_wconf 87' lang='lat' dir='ltr'><strong>aggreditur.</strong></span> <span class='ocrx_word' id='word_1_687' title='bbox 3448 4552 3594 4607; x_wconf 92' lang='lat' dir='ltr'><strong>Cum</strong></span> <span class='ocrx_word' id='word_1_688' title='bbox 3643 4553 3906 4609; x_wconf 87' lang='lat' dir='ltr'><strong>adverte-</strong></span> 
     </span>
    </p>
   </div>
   <div class='ocr_carea' id='block_1_104' title="bbox 2256 4641 3906 4712">
    <p class='ocr_par' dir='ltr' id='par_1_104' title="bbox 2256 4641 3906 4712">
     <span class='ocr_line' id='line_1_104' title="bbox 2256 4641 3906 4712; baseline -0.001 -14"><span class='ocrx_word' id='word_1_689' title='bbox 2256 4648 2386 4698; x_wconf 90' lang='lat' dir='ltr'><strong>rent</strong></span> <span class='ocrx_word' id='word_1_690' title='bbox 2414 4643 2570 4699; x_wconf 90' lang='lat' dir='ltr'><strong>enim</strong></span> <span class='ocrx_word' id='word_1_691' title='bbox 2603 4659 2735 4697; x_wconf 90' lang='lat' dir='ltr'><strong>eum</strong></span> <span class='ocrx_word' id='word_1_692' title='bbox 2770 4659 2922 4698; x_wconf 72' lang='lat' dir='ltr'><strong>sanae</strong></span> <span class='ocrx_word' id='word_1_693' title='bbox 2942 4643 3216 4697; x_wconf 65' lang='lat' dir='ltr'><strong>doctrinm</strong></span> <span class='ocrx_word' id='word_1_694' title='bbox 3248 4641 3528 4696; x_wconf 90' lang='lat' dir='ltr'><strong>cultorem</strong></span> <span class='ocrx_word' id='word_1_695' title='bbox 3567 4641 3906 4712; x_wconf 83' lang='lat' dir='ltr'><strong>esse,Atha-</strong></span> 
     </span>
    </p>
   </div>
   <div class='ocr_carea' id='block_1_105' title="bbox 2178 4711 3908 4803">
    <p class='ocr_par' dir='ltr' id='par_1_105' title="bbox 2178 4711 3908 4803">
     <span class='ocr_line' id='line_1_105' title="bbox 2178 4711 3908 4803; baseline 0.001 -17"><span class='ocrx_word' id='word_1_696' title='bbox 2178 4711 2223 4775; x_wconf 79' lang='lat' dir='ltr'><strong>D</strong></span> <span class='ocrx_word' id='word_1_697' title='bbox 2257 4732 2421 4787; x_wconf 88' lang='lat' dir='ltr'><strong>nasio</strong></span> <span class='ocrx_word' id='word_1_698' title='bbox 2456 4731 3134 4803; x_wconf 88' lang='lat' dir='ltr'><strong>patrocinari,erroribus</strong></span> <span class='ocrx_word' id='word_1_699' title='bbox 3177 4731 3468 4787; x_wconf 90' lang='lat' dir='ltr'><strong>adversari</strong></span> <span class='ocrx_word' id='word_1_700' title='bbox 3519 4731 3665 4801; x_wconf 89' lang='lat' dir='ltr'><strong>suis,</strong></span> <span class='ocrx_word' id='word_1_701' title='bbox 3727 4747 3908 4801; x_wconf 89' lang='lat' dir='ltr'><strong>seque</strong></span> 
     </span>
    </p>
   </div>
   <div class='ocr_carea' id='block_1_106' title="bbox 2255 4819 3909 4892">
    <p class='ocr_par' dir='ltr' id='par_1_106' title="bbox 2255 4819 3909 4892">
     <span class='ocr_line' id='line_1_106' title="bbox 2255 4819 3909 4892; baseline -0.001 -16"><span class='ocrx_word' id='word_1_702' title='bbox 2255 4827 2319 4876; x_wconf 91' lang='lat' dir='ltr'><strong>ut</strong></span> <span class='ocrx_word' id='word_1_703' title='bbox 2349 4820 2652 4874; x_wconf 71' lang='lat' dir='ltr'><strong>haereticos</strong></span> <span class='ocrx_word' id='word_1_704' title='bbox 2684 4820 2900 4890; x_wconf 90' lang='lat' dir='ltr'><strong>ubique</strong></span> <span class='ocrx_word' id='word_1_705' title='bbox 2923 4819 3185 4875; x_wconf 90' lang='lat' dir='ltr'><strong>locorum</strong></span> <span class='ocrx_word' id='word_1_706' title='bbox 3218 4821 3524 4876; x_wconf 85' lang='lat' dir='ltr'><strong>traducere</strong></span> <span class='ocrx_word' id='word_1_707' title='bbox 3567 4837 3581 4887; x_wconf 87' lang='lat'><strong>;</strong></span> <span class='ocrx_word' id='word_1_708' title='bbox 3613 4819 3718 4876; x_wconf 88' lang='lat' dir='ltr'><strong>rati</strong></span> <span class='ocrx_word' id='word_1_709' title='bbox 3741 4819 3909 4892; x_wconf 92' lang='lat' dir='ltr'><strong>impii</strong></span> 
     </span>
    </p>
   </div>
   <div class='ocr_carea' id='block_1_107' title="bbox 2253 4909 3907 4980">
    <p class='ocr_par' dir='ltr' id='par_1_107' title="bbox 2253 4909 3907 4980">
     <span class='ocr_line' id='line_1_107' title="bbox 2253 4909 3907 4980; baseline 0.001 -15"><span class='ocrx_word' id='word_1_710' title='bbox 2253 4909 2521 4965; x_wconf 87' lang='lat' dir='ltr'><strong>homines</strong></span> <span class='ocrx_word' id='word_1_711' title='bbox 2554 4926 2634 4978; x_wconf 89' lang='lat' dir='ltr'><strong>se,</strong></span> <span class='ocrx_word' id='word_1_712' title='bbox 2669 4909 2717 4964; x_wconf 89' lang='lat' dir='ltr'><strong>si</strong></span> <span class='ocrx_word' id='word_1_713' title='bbox 2753 4909 3046 4964; x_wconf 88' lang='lat' dir='ltr'><strong>Liberium</strong></span> <span class='ocrx_word' id='word_1_714' title='bbox 3081 4911 3402 4965; x_wconf 88' lang='lat' dir='ltr'><strong>subornare</strong></span> <span class='ocrx_word' id='word_1_715' title='bbox 3426 4914 3684 4980; x_wconf 88' lang='lat' dir='ltr'><strong>possent,</strong></span> <span class='ocrx_word' id='word_1_716' title='bbox 3699 4925 3907 4966; x_wconf 85' lang='lat' dir='ltr'><strong>omnes</strong></span> 
     </span>
    </p>
   </div>
   <div class='ocr_carea' id='block_1_108' title="bbox 2252 4997 3904 5070">
    <p class='ocr_par' dir='ltr' id='par_1_108' title="bbox 2252 4997 3904 5070">
     <span class='ocr_line' id='line_1_108' title="bbox 2252 4997 3904 5070; baseline 0 -18"><span class='ocrx_word' id='word_1_717' title='bbox 2252 4997 2406 5053; x_wconf 90' lang='lat' dir='ltr'><strong>illico</strong></span> <span class='ocrx_word' id='word_1_718' title='bbox 2439 5001 2840 5070; x_wconf 86' lang='lat' dir='ltr'><strong>superaturos,</strong></span> <span class='ocrx_word' id='word_1_719' title='bbox 2872 4998 3064 5052; x_wconf 91' lang='lat' dir='ltr'><strong>virum</strong></span> <span class='ocrx_word' id='word_1_720' title='bbox 3097 4999 3250 5070; x_wconf 87' lang='lat' dir='ltr'><strong>apud</strong></span> <span class='ocrx_word' id='word_1_721' title='bbox 3273 4999 3683 5070; x_wconf 89' lang='lat' dir='ltr'><strong>imperatorem</strong></span> <span class='ocrx_word' id='word_1_722' title='bbox 3707 4997 3904 5053; x_wconf 87' lang='lat' dir='ltr'><strong>crimi-</strong></span> 
     </span>
    </p>
   </div>
   <div class='ocr_carea' id='block_1_109' title="bbox 2252 5087 3905 5159">
    <p class='ocr_par' dir='ltr' id='par_1_109' title="bbox 2252 5087 3905 5159">
     <span class='ocr_line' id='line_1_109' title="bbox 2252 5087 3905 5159; baseline -0.001 -17"><span class='ocrx_word' id='word_1_723' title='bbox 2252 5093 2487 5143; x_wconf 89' lang='lat' dir='ltr'><strong>nantur.</strong></span> <span class='ocrx_word' id='word_1_724' title='bbox 2529 5087 2624 5142; x_wconf 93' lang='lat' dir='ltr'><strong>llle</strong></span> <span class='ocrx_word' id='word_1_725' title='bbox 2655 5103 2788 5142; x_wconf 90' lang='lat' dir='ltr'><strong>vero</strong></span> <span class='ocrx_word' id='word_1_726' title='bbox 2821 5104 3062 5159; x_wconf 78' lang='lat' dir='ltr'><strong>sperans</strong></span> <span class='ocrx_word' id='word_1_727' title='bbox 3093 5103 3152 5142; x_wconf 87' lang='lat' dir='ltr'><strong>se</strong></span> <span class='ocrx_word' id='word_1_728' title='bbox 3185 5087 3905 5159; x_wconf 88' lang='lat' dir='ltr'><strong>Liberiioperaquampri-</strong></span> 
     </span>
    </p>
   </div>
   <div class='ocr_carea' id='block_1_110' title="bbox 2253 5175 3908 5247">
    <p class='ocr_par' dir='ltr' id='par_1_110' title="bbox 2253 5175 3908 5247">
     <span class='ocr_line' id='line_1_110' title="bbox 2253 5175 3908 5247; baseline -0.001 -15"><span class='ocrx_word' id='word_1_729' title='bbox 2253 5194 2412 5232; x_wconf 90' lang='lat' dir='ltr'><strong>mum</strong></span> <span class='ocrx_word' id='word_1_730' title='bbox 2437 5193 2641 5232; x_wconf 88' lang='lat' dir='ltr'><strong>omnes</strong></span> <span class='ocrx_word' id='word_1_731' title='bbox 2665 5175 2776 5231; x_wconf 90' lang='lat' dir='ltr'><strong>sibi</strong></span> <span class='ocrx_word' id='word_1_732' title='bbox 2809 5175 3282 5247; x_wconf 89' lang='lat' dir='ltr'><strong>conciliaturum,</strong></span> <span class='ocrx_word' id='word_1_733' title='bbox 3333 5193 3466 5232; x_wconf 90' lang='lat' dir='ltr'><strong>cum</strong></span> <span class='ocrx_word' id='word_1_734' title='bbox 3499 5175 3710 5231; x_wconf 87' lang='lat' dir='ltr'><strong>litteris</strong></span> <span class='ocrx_word' id='word_1_735' title='bbox 3765 5193 3908 5247; x_wconf 89' lang='lat' dir='ltr'><strong>spa--</strong></span> 
     </span>
    </p>
   </div>
   <div class='ocr_carea' id='block_1_111' title="bbox 2248 5263 3901 5337">
    <p class='ocr_par' dir='ltr' id='par_1_111' title="bbox 2248 5263 3901 5337">
     <span class='ocr_line' id='line_1_111' title="bbox 2248 5263 3901 5337; baseline -0.002 -15"><span class='ocrx_word' id='word_1_736' title='bbox 2248 5268 2458 5322; x_wconf 91' lang='lat' dir='ltr'><strong>donem</strong></span> <span class='ocrx_word' id='word_1_737' title='bbox 2493 5265 2808 5337; x_wconf 88' lang='lat' dir='ltr'><strong>quemdam</strong></span> <span class='ocrx_word' id='word_1_738' title='bbox 2844 5265 3087 5320; x_wconf 83' lang='lat' dir='ltr'><strong>Romam</strong></span> <span class='ocrx_word' id='word_1_739' title='bbox 3106 5264 3290 5320; x_wconf 85' lang='lat' dir='ltr'><strong>mittit</strong></span> <span class='ocrx_word' id='word_1_740' title='bbox 3311 5266 3627 5320; x_wconf 79' lang='lat' dir='ltr'><strong>Eusebium:</strong></span> <span class='ocrx_word' id='word_1_741' title='bbox 3644 5263 3901 5330; x_wconf 90' lang='lat' dir='ltr'><strong>nomine,</strong></span> 
     </span>
    </p>
   </div>
   <div class='ocr_carea' id='block_1_112' title="bbox 2249 5352 3902 5427">
    <p class='ocr_par' dir='ltr' id='par_1_112' title="bbox 2249 5352 3902 5427">
     <span class='ocr_line' id='line_1_112' title="bbox 2249 5352 3902 5427; baseline -0.001 -18"><span class='ocrx_word' id='word_1_742' title='bbox 2249 5355 2349 5427; x_wconf 92' lang='lat' dir='ltr'><strong>qui</strong></span> <span class='ocrx_word' id='word_1_743' title='bbox 2381 5353 2706 5427; x_wconf 88' lang='lat' dir='ltr'><strong>principem</strong></span> <span class='ocrx_word' id='word_1_744' title='bbox 2739 5353 2892 5408; x_wconf 90' lang='lat' dir='ltr'><strong>inter</strong></span> <span class='ocrx_word' id='word_1_745' title='bbox 2949 5354 3254 5410; x_wconf 89' lang='lat' dir='ltr'><strong>eunuchos</strong></span> <span class='ocrx_word' id='word_1_746' title='bbox 3306 5353 3609 5409; x_wconf 90' lang='lat' dir='ltr'><strong>obtinebat</strong></span> <span class='ocrx_word' id='word_1_747' title='bbox 3656 5352 3851 5408; x_wconf 90' lang='lat' dir='ltr'><strong>locum</strong></span> <span class='ocrx_word' id='word_1_748' title='bbox 3887 5371 3902 5419; x_wconf 90' lang='lat'><strong>;</strong></span> 
     </span>
    </p>
   </div>
   <div class='ocr_carea' id='block_1_113' title="bbox 2248 5441 3909 5508">
    <p class='ocr_par' dir='ltr' id='par_1_113' title="bbox 2248 5441 3909 5508">
     <span class='ocr_line' id='line_1_113' title="bbox 2248 5441 3909 5508; baseline -0.001 -9"><span class='ocrx_word' id='word_1_749' title='bbox 2248 5445 2400 5499; x_wconf 89' lang='lat' dir='ltr'><strong>dona</strong></span> <span class='ocrx_word' id='word_1_750' title='bbox 2433 5446 2732 5508; x_wconf 84' lang='lat' dir='ltr'><strong>ferentem,</strong></span> <span class='ocrx_word' id='word_1_751' title='bbox 2762 5445 2827 5496; x_wconf 90' lang='lat' dir='ltr'><strong>ut</strong></span> <span class='ocrx_word' id='word_1_752' title='bbox 2860 5441 3154 5497; x_wconf 89' lang='lat' dir='ltr'><strong>Liberium</strong></span> <span class='ocrx_word' id='word_1_753' title='bbox 3192 5443 3537 5498; x_wconf 87' lang='lat' dir='ltr'><strong>muneribus</strong></span> <span class='ocrx_word' id='word_1_754' title='bbox 3560 5446 3909 5508; x_wconf 87' lang='lat' dir='ltr'><strong>tentaret,ac</strong></span> 
     </span>
    </p>
   </div>
   <div class='ocr_carea' id='block_1_114' title="bbox 2246 5529 3912 5602">
    <p class='ocr_par' dir='ltr' id='par_1_114' title="bbox 2246 5529 3912 5602">
     <span class='ocr_line' id='line_1_114' title="bbox 2246 5529 3912 5602; baseline -0.003 -13"><span class='ocrx_word' id='word_1_755' title='bbox 2246 5533 2296 5589; x_wconf 90' lang='lat' dir='ltr'><strong>si</strong></span> <span class='ocrx_word' id='word_1_756' title='bbox 2327 5533 2524 5586; x_wconf 90' lang='lat' dir='ltr'><strong>minus</strong></span> <span class='ocrx_word' id='word_1_757' title='bbox 2555 5532 2707 5586; x_wconf 90' lang='lat' dir='ltr'><strong>dona</strong></span> <span class='ocrx_word' id='word_1_758' title='bbox 2728 5531 3208 5602; x_wconf 89' lang='lat' dir='ltr'><strong>possent,additis</strong></span> <span class='ocrx_word' id='word_1_759' title='bbox 3238 5532 3564 5587; x_wconf 89' lang='lat' dir='ltr'><strong>litterarum</strong></span> <span class='ocrx_word' id='word_1_760' title='bbox 3596 5529 3776 5586; x_wconf 90' lang='lat' dir='ltr'><strong>minis</strong></span> <span class='ocrx_word' id='word_1_761' title='bbox 3807 5547 3912 5602; x_wconf 85' lang='lat' dir='ltr'><strong>op-</strong></span> 
     </span>
    </p>
   </div>
   <div class='ocr_carea' id='block_1_115' title="bbox 2246 5619 3908 5691">
    <p class='ocr_par' dir='ltr' id='par_1_115' title="bbox 2246 5619 3908 5691">
     <span class='ocr_line' id='line_1_115' title="bbox 2246 5619 3908 5691; baseline -0.001 -14"><span class='ocrx_word' id='word_1_762' title='bbox 2246 5626 2430 5677; x_wconf 88' lang='lat' dir='ltr'><strong>tatum</strong></span> <span class='ocrx_word' id='word_1_763' title='bbox 2456 5623 2629 5676; x_wconf 83' lang='lat' dir='ltr'><strong>ﬁnem</strong></span> <span class='ocrx_word' id='word_1_764' title='bbox 2663 5626 3098 5691; x_wconf 84' lang='lat' dir='ltr'><strong>assequeretur.</strong></span> <span class='ocrx_word' id='word_1_765' title='bbox 3135 5621 3433 5676; x_wconf 79' lang='lat' dir='ltr'><strong>Profectus</strong></span> <span class='ocrx_word' id='word_1_766' title='bbox 3458 5621 3704 5676; x_wconf 81' lang='lat' dir='ltr'><strong>Romam</strong></span> <span class='ocrx_word' id='word_1_767' title='bbox 3719 5619 3908 5690; x_wconf 88' lang='lat' dir='ltr'><strong>spado</strong></span> 
     </span>
    </p>
   </div>
   <div class='ocr_carea' id='block_1_116' title="bbox 2245 5709 3906 5783">
    <p class='ocr_par' dir='ltr' id='par_1_116' title="bbox 2245 5709 3906 5783">
     <span class='ocr_line' id='line_1_116' title="bbox 2245 5709 3906 5783; baseline 0 -18"><span class='ocrx_word' id='word_1_768' title='bbox 2245 5711 2530 5783; x_wconf 89' lang='lat' dir='ltr'><strong>principio</strong></span> <span class='ocrx_word' id='word_1_769' title='bbox 2562 5715 2765 5765; x_wconf 87' lang='lat' dir='ltr'><strong>auctor</strong></span> <span class='ocrx_word' id='word_1_770' title='bbox 2786 5714 2911 5764; x_wconf 88' lang='lat' dir='ltr'><strong>erat</strong></span> <span class='ocrx_word' id='word_1_771' title='bbox 2943 5710 3202 5781; x_wconf 82' lang='lat' dir='ltr'><strong>pontiﬁci</strong></span> <span class='ocrx_word' id='word_1_772' title='bbox 3228 5716 3292 5766; x_wconf 93' lang='lat' dir='ltr'><strong>ut</strong></span> <span class='ocrx_word' id='word_1_773' title='bbox 3321 5712 3604 5766; x_wconf 88' lang='lat' dir='ltr'><strong>adversus</strong></span> <span class='ocrx_word' id='word_1_774' title='bbox 3643 5709 3906 5765; x_wconf 87' lang='lat' dir='ltr'><strong>Athana-</strong></span> 
     </span>
    </p>
   </div>
   <div class='ocr_carea' id='block_1_117' title="bbox 2243 5799 3910 5873">
    <p class='ocr_par' dir='ltr' id='par_1_117' title="bbox 2243 5799 3910 5873">
     <span class='ocr_line' id='line_1_117' title="bbox 2243 5799 3910 5873; baseline -0.001 -16"><span class='ocrx_word' id='word_1_775' title='bbox 2243 5801 2398 5857; x_wconf 89' lang='lat' dir='ltr'><strong>sium</strong></span> <span class='ocrx_word' id='word_1_776' title='bbox 2433 5799 2781 5873; x_wconf 73' lang='lat' dir='ltr'><strong>suffragium</strong></span> <span class='ocrx_word' id='word_1_777' title='bbox 2815 5799 3096 5856; x_wconf 88' lang='lat' dir='ltr'><strong>scriberet</strong></span> <span class='ocrx_word' id='word_1_778' title='bbox 3125 5817 3258 5857; x_wconf 91' lang='lat' dir='ltr'><strong>cum</strong></span> <span class='ocrx_word' id='word_1_779' title='bbox 3272 5799 3623 5873; x_wconf 85' lang='lat' dir='ltr'><strong>Arianisque</strong></span> <span class='ocrx_word' id='word_1_780' title='bbox 3637 5814 3910 5856; x_wconf 89' lang='lat' dir='ltr'><strong>commu-</strong></span> 
     </span>
    </p>
   </div>
  </div>
