4166 6420
1682 405 1870 478 νΙτΑ
1916 408 1980 474 S.
2026 399 2481 474 ATHANASII.

3606 392 3796 477 ξιιχίιῖ

373 537 630 604 nicaret:
659 538 721 603 in
753 547 1046 621 exoptare,
1078 546 1137 604 id
1161 544 1370 621 jubere
1408 544 1843 620 imperatorem.
1877 545 2022 601 Hinc
2054 544 2108 611 Α
2140 543 2323 601 Roma
2354 562 2587 619 quoque
2638 544 2853 605 Christi
2913 541 3173 605 hostium
3203 542 3638 604 immanitatem
3692 562 3789 603 ex-

370 633 584 692 oblatis
614 637 960 693 muneribus
1016 636 1380 705 hortabatur,
1442 653 1764 709 manusque
1809 635 2021 692 Liberii

370 730 738 782 contrectans
797 727 1024 782 aiebat:
1075 750 1103 776 «
1164 728 1500 799 Imperatori
1560 727 1918 798 obtempera,
1969 729 2025 779 et

370 814 492 871 haec
522 816 737 888 accipe.
778 839 803 865 η
837 817 1159 889 Episcopus
1214 821 1417 873 contra
1449 815 1799 888 compellare
1830 815 2023 871 homi-

371 919 531 971 nem,
562 910 619 960 et
644 905 765 961 haec
796 907 1105 961 adversum
1137 907 1329 961 dicere
1357 924 1369 962 :
1404 907 1528 962 Non
1555 922 1725 978 posse
1756 903 2024 959 damnari

368 994 779 1061 Athanasium,
816 1011 990 1066 quem
1015 1012 1130 1050 non
1161 1013 1279 1050 una
1300 996 1602 1061 duntaxat,
1626 996 1726 1050 sed
1760 999 1817 1049 et
1846 993 2027 1048 altera

372 1084 633 1156 synodus
666 1100 878 1155 purum
901 1084 1323 1156 innoxiumque
1350 1084 1817 1157 promulgasset;
1852 1099 2025 1154 quem

373 1175 637 1228 Romana
658 1173 918 1245 synodus
941 1190 1073 1228 cum
1108 1190 1247 1245 pace
1269 1175 1612 1241 dimisisset,
1643 1189 1874 1243 aequum
1910 1189 2024 1226 non

376 1277 505 1318 esse
534 1278 568 1317 a
596 1278 658 1317 se
690 1262 949 1317 Romano
1001 1264 1272 1334 pontiﬁce
1319 1262 1717 1319 condemnari.
1752 1262 1808 1317 Si
1843 1262 2025 1331 impe-

377 1350 555 1406 ratori
586 1354 781 1405 tamen
840 1349 1094 1422 placeret
1146 1352 1416 1423 abrogari
1476 1369 1604 1423 quae
1662 1352 1893 1405 fuerant
1926 1365 2027 1421 pro

373 1438 695 1494 Athanasio
755 1439 1103 1511 conscripta,
1164 1440 1327 1494 irrita
1385 1456 1621 1511 quoque
1682 1440 1869 1494 forent
1901 1454 2029 1508 quas

376 1528 659 1584 adversus
690 1544 825 1583 eum
857 1537 1038 1600 gesta,
1072 1533 1244 1601 atque
1266 1528 1475 1583 litteris
1508 1529 1784 1583 mandata
1814 1529 2027 1591 essent,

375 1633 442 1672 ac
473 1616 545 1672 de
575 1616 801 1689 integro
833 1634 924 1673 res
958 1619 1016 1672 in
1048 1619 1268 1689 synodo
1309 1622 1595 1687 ageretur,
1631 1614 1830 1689 procul
1865 1614 2031 1687 pala-

370 1704 477 1775 tio,
510 1705 610 1760 ubi
637 1722 752 1761 non
778 1704 1116 1777 imperator,
1142 1722 1256 1760 non
1292 1707 1759 1777 forensisjudex,
1794 1720 1908 1758 non
1942 1719 2033 1758 co-

374 1808 525 1859 mes,
557 1793 719 1849 nulla
749 1792 988 1848 demum
1039 1798 1312 1850 extranea
1370 1794 1619 1850 formido
1650 1794 1897 1858 adesset,
1931 1789 2031 1845 sed

376 1898 446 1939 ex
476 1881 599 1938 solo
632 1882 730 1938 Dei
761 1883 971 1939 timore
1002 1883 1313 1939 ederentur
1333 1883 1565 1938 omnia:
1601 1900 1665 1938 ac
1696 1881 1883 1954 primo
1916 1879 2033 1935 exi-

378 1975 654 2045 gerentur
682 1971 904 2041 Ariani,
939 1976 1136 2044 utpote
1187 1989 1220 2027 a
1247 1973 1483 2027 Nicena
1535 1972 1755 2043 synodo
1786 1969 2039 2025 anathe-

379 2066 535 2116 mate
560 2061 845 2133 percussi,
870 2062 1065 2117 aditus
1082 2063 1275 2117 omnis
1293 2062 1363 2117 ad
1384 2061 1725 2134 hujusmodi
1748 2060 2037 2133 synodum

379 2155 536 2207 esset
558 2149 845 2205 haereticis
872 2151 1249 2217 interclusus,
1281 2155 1483 2222 postea
1505 2151 1575 2205 de
1600 2150 1714 2205 reis
1745 2152 2037 2221 ageretur,

383 2242 449 2295 ut
471 2243 671 2295 sontes
693 2256 894 2311 poenas
916 2239 1163 2307 luerent,
1188 2238 1449 2295 insontes
1476 2238 1640 2294 liberi
1662 2236 1891 2293 dimissi
1912 2239 2038 2291 tuto

385 2327 775 2385 consisterent
805 2328 862 2383 in
923 2328 1161 2383 sedibus
1216 2328 1360 2384 suis.
1420 2332 1549 2383 Haec
1580 2325 1918 2398 imperatori
1949 2341 2037 2379 re-

386 2417 706 2485 nuntiaret,
741 2426 1119 2489 monerelque
1152 2421 1215 2471 ut
1247 2434 1316 2472 ne
1347 2434 1546 2473 aurem
1580 2416 1733 2472 ultra
1764 2415 2042 2488 praeberet

387 2505 623 2564 Ursacio
653 2510 709 2561 et
735 2505 987 2573 Valenti,
1048 2506 1145 2577 qui
1181 2523 1316 2561 cum
1375 2506 1445 2561 de
1475 2506 1651 2561 rebus
1696 2508 1829 2559 ante
1859 2504 2041 2575 gestis

383 2595 787 2669 paenitentiam
843 2595 1121 2668 egissent,
1176 2596 1303 2667 jam
1362 2594 1524 2650 nulla
1582 2598 1779 2649 essent
1808 2593 1922 2648 ﬁde
1953 2592 2038 2646 di-

387 2684 507 2758 gni.

458 2774 545 2829 15.
577 2777 711 2829 Haec
742 2773 957 2828 Liberii
988 2773 1145 2828 dicta
1194 2772 1435 2845 indigne
1466 2773 1653 2828 ferens
1684 2772 1886 2844 spado,
1920 2786 2039 2825 non

386 2864 508 2917 tam
531 2863 683 2934 quod
708 2862 768 2917 in
787 2863 1169 2919 Athanasium
1189 2862 1554 2918 subscribere
1571 2863 1919 2917 detrectaret
1937 2859 2039 2930 (a),

389 2966 570 3022 quam
601 2951 754 3022 quod
788 2950 950 3006 illum
978 2951 1182 3007 haeresi
1204 2950 1603 3007 adversarium
1636 2950 2038 3021 comperisset,

388 3038 535 3095 nihil
579 3039 860 3097 reveritus
918 3041 1280 3113 episcopum,
1340 3040 1551 3097 acriter
1600 3040 2038 3109 interminatus,

386 3144 523 3183 cum
556 3128 724 3184 donis
755 3129 1051 3198 abscedit;
1081 3130 1484 3202 nefariamque
1526 3146 1650 3184 rem
1681 3128 2037 3201 aggreditur,

384 3217 715 3273 Christiano
747 3217 982 3274 homine
1040 3218 1367 3292 indignam,
1400 3226 1454 3274 et
1485 3217 1726 3290 majoris
1784 3216 2040 3272 audacia:

2135 638 2316 705 perta,
2375 651 2437 689 re
2496 635 2622 707 ipsa
2679 638 2839 692 novit
2895 653 3022 710 quae
3081 637 3174 695 vix
3244 638 3378 693 ante
3437 635 3787 704 crediderat,

2135 739 2268 778 cum
2304 741 2535 779 rumore
2556 727 2762 782 nuntio
2794 727 3020 782 audiret
3050 730 3329 799 quantam
3354 726 3579 780 caeteris
3608 724 3791 780 Eccle-

2135 812 2240 867 siis
2274 812 2639 886 singulisque
2669 817 2916 872 urbibus
2946 816 3111 888 impii
3134 816 3220 872 illi
3251 814 3593 872 intulissent
3621 814 3793 871 vasti-

2134 905 2337 957 tatem.

2209 992 2296 1047 16.
2356 992 2608 1047 Liberius
2664 994 2743 1049 ad
2796 997 3185 1066 imperatorem
3242 994 3509 1050 trahitur.
3545 993 3788 1050 —Cum

2134 1081 2335 1152 itaque
2364 1083 2740 1137 Constantius
2770 1084 3001 1151 litteris,
3033 1083 3635 1152 interminationibus,
3658 1084 3790 1155 jus-

2138 1169 2219 1225 sis
2250 1171 2493 1225 instaret
2544 1176 2891 1243 urgeretque
2946 1173 3289 1243 profectum,
3351 1172 3616 1227 Liberius
3660 1178 3790 1228 tan-

2137 1260 2270 1314 dem
2302 1260 2377 1329 (b)
2410 1265 2650 1315 curante
2682 1261 2917 1316 Leontio
2951 1262 3144 1316 Romae
3202 1262 3469 1334 praefecto
3500 1262 3572 1317 ad
3606 1261 3791 1334 impe-

2139 1352 2393 1403 ratorem
2425 1348 2680 1403 trahitur
2705 1369 2717 1416 ;
2752 1349 3055 1420 multaque
3081 1368 3225 1406 usus
3246 1350 3522 1422 loquendi
3552 1351 3790 1419 ﬁducia,

2140 1460 2168 1487 ‹‹
2194 1437 2418 1503 Desine,
2444 1438 2658 1509 inquit,
2678 1438 3039 1494 Christianos
3052 1456 3275 1506 vexare,
3299 1456 3371 1495 ne
3396 1445 3593 1495 nostra
3618 1457 3795 1511 opera

2140 1542 2307 1581 cures
2339 1527 2697 1598 impietatem
2722 1528 3094 1583 introducere
3126 1528 3185 1583 in
3210 1527 3548 1584 Ecclesiam.
3573 1529 3793 1584 Sumus

2142 1631 2283 1672 sane
2311 1618 2381 1671 ad
2414 1615 2610 1670 omnia
2640 1618 2939 1672 toleranda
2978 1616 3165 1688 parati
3222 1616 3418 1688 potius
3449 1633 3625 1687 quam
3658 1633 3793 1671 cum

2141 1704 2523 1760 Ariomanitis
2578 1722 3055 1761 annumeremur.
3128 1706 3211 1761 Ne
3271 1722 3376 1761 nos
3432 1704 3795 1761 Christianos

2144 1811 2318 1866 cogas
2349 1794 2811 1850 christomachos
2841 1796 3101 1851 evadere.
3127 1796 3407 1850 Auctores
3426 1794 3532 1850 tibi
3565 1811 3794 1865 sumus,

2145 1900 2217 1938 ne
2248 1882 2469 1939 bellum
2501 1900 2733 1939 moveas
2764 1885 2822 1938 in
2877 1899 3012 1939 eum
3048 1885 3148 1956 qui
3208 1883 3317 1939 hoc
3342 1882 3450 1939 tibi
3479 1883 3799 1956 imperium

2146 1972 2407 2042 tradidit,
2444 1989 2556 2027 neu
2589 1973 2909 2045 gratiarum
2967 1973 3213 2029 actionis
3260 1972 3385 2028 loco
3442 1972 3802 2044 impietatem

2148 2062 2259 2133 ipsi
2294 2063 2530 2117 referas.
2570 2063 2652 2117 Ne
2676 2063 3067 2118 calamitatem
3094 2062 3165 2117 iis
3190 2062 3405 2118 inferas
3435 2062 3535 2133 qui
3567 2062 3626 2116 in
3650 2059 3810 2121 Chri-

2149 2155 2307 2206 stum
2343 2151 2609 2221 credunt,
2643 2166 2714 2205 ne
2746 2150 2871 2222 ipse
2918 2167 3152 2222 quoque
3208 2151 3453 2206 audias:
3486 2153 3699 2206 Durum
3728 2155 3806 2206 est

2150 2238 2249 2294 tibi
2276 2242 2469 2295 contra
2498 2240 2793 2295 stimulum
2849 2240 3140 2295 calcitrare
3172 2241 3212 2293 ¹.
3273 2240 3384 2294 Sed
3440 2239 3669 2294 utinam
3701 2256 3803 2294 au-

2150 2344 2272 2383 rem
2304 2329 2583 2399 prmbeas,
2616 2345 2682 2383 ac
2712 2333 2775 2383 tu
2809 2345 3040 2400 quoque
3062 2328 3560 2400 quemadmodum
3594 2328 3801 2384 beatus

2148 2416 2366 2473 Paulus
2399 2433 2620 2472 morem
2654 2418 2860 2490 geras!
2896 2419 3038 2473 Ecce
3085 2419 3390 2483 adsumus,
3420 2416 3802 2485 accessimus,

2148 2505 2233 2562 vel
2295 2509 2607 2577 antequam
2638 2506 2858 2561 crimen
2923 2506 3006 2561 illi
3066 2507 3606 2562 comminiscantur.
3669 2505 3801 2562 Ideo

2148 2595 2610 2667 properavimus,
2645 2595 2812 2667 gnari
2870 2595 3004 2651 licet
3060 2599 3177 2651 ate
3235 2596 3405 2651 nobis
3463 2599 3801 2666 exspectan-

2150 2686 2291 2740 dum
2321 2683 2591 2740 exsilium
2621 2701 2767 2751 esse,
2797 2689 2862 2739 ut
2912 2689 3045 2739 ante
3097 2685 3406 2739 conﬁctam
3439 2683 3806 2739 criminatio-

2150 2788 2285 2826 nem
2316 2772 2687 2838 damnemur,
2723 2772 3066 2843 cunctisque
3113 2771 3411 2844 propalam
3446 2771 3524 2827 sit
3553 2771 3679 2843 pari
3712 2788 3804 2827 ra-

2148 2860 2306 2916 tione
2336 2877 2469 2915 cum
2492 2860 2622 2916 aliis
2644 2865 2839 2915 actum
2861 2877 3008 2928 esse,
3034 2861 3348 2933 oblataque
3381 2861 3528 2933 ipsis
3558 2860 3809 2917 crimina

2151 2949 2427 3005 similiter
2456 2950 2702 3004 conﬁcta
2730 2949 2802 3004 ab
2833 2949 3090 3005 inimicis
3134 2950 3356 3016 fuisse;
3390 2964 3643 3021 quorum
3676 2965 3806 3005 om—

2151 3040 2250 3094 nia
2279 3039 2433 3094 dicta
2463 3038 2606 3093 nihil
2638 3038 2751 3093 nisi
2790 3037 3119 3106 calumniae,
3172 3038 3317 3093 nihil
3349 3038 3465 3095 nisi
3497 3037 3807 3094 mendacia

2150 3129 2331 3184 fuere.

2225 3219 2310 3271 17.
2346 3217 2695 3288 Colloquium
2726 3218 2932 3272 Liberii
2980 3233 3105 3272 cum
3161 3216 3496 3273 Constantio.
3528 3216 3807 3272 Exsilium

388 3323 564 3380 quam
596 3324 723 3379 quae
780 3309 1101 3380 spadonem
1161 3309 1378 3364 deceat.
1431 3309 1729 3363 Profectus
1778 3306 1934 3362 enim
1967 3305 2038 3359 ad
2072 3293 2114 3359 C
2156 3305 2377 3362 Liberii.
2413 3336 2480 3345 —-—
2510 3310 2641 3360 Haec
2672 3307 2743 3360 de
2775 3305 3065 3378 colloquio
3118 3304 3324 3361 Liberii
3357 3321 3492 3360 cum
3522 3308 3804 3360 Constan-

389 3397 735 3469 martyrium
770 3397 923 3453 Petri
957 3397 1225 3469 apostoli,
1276 3398 1430 3453 dona
1488 3396 1607 3452 illic
1640 3395 1931 3467 apposuit.
1964 3394 2045 3448 Re

388 3490 687 3558 comperta
718 3485 985 3541 Liberius
1018 3487 1074 3540 in
1109 3485 1219 3541 loci
1277 3486 1575 3541 custodem
1628 3485 1880 3556 graviter
1910 3500 2040 3538 suc—

388 3579 587 3632 censet
615 3576 769 3647 quod
802 3593 919 3631 non
974 3574 1372 3644 prohibuisset
1428 3574 1765 3630 hominem:
1800 3575 2046 3645 ipsaque

390 3664 545 3720 dona
574 3664 743 3737 quasi
774 3663 1047 3720 illicitum
1107 3663 1481 3733 sacriﬁcium,
1542 3662 1761 3734 abjicit.
1791 3662 1923 3726 Quae
1953 3677 2045 3716 res

389 3756 713 3809 castratum
743 3753 1151 3810 vehementius
1177 3754 1248 3809 ad
1298 3754 1445 3808 iram
1496 3752 1823 3807 concitavit.
1858 3753 2045 3815 Quare

389 3842 686 3915 profectus
718 3843 789 3898 ad
834 3842 1246 3915 imperatorem
1305 3843 1376 3897 de
1435 3840 1648 3897 Liberii
1679 3840 1736 3895 in
1768 3840 2045 3894 Arianam

390 3930 661 3988 haeresim
690 3931 822 3988 odio
848 3931 1587 4003 conquestus,juventibus
1617 3930 1839 3985 caeteris
1868 3945 2049 3984 eunu-

392 4020 541 4091 chis,
573 4036 752 4092 penes
784 4037 930 4093 quos
960 4025 1088 4076 tum
1122 4038 1358 4076 summa
1388 4037 1583 4075 rerum
1615 4023 1764 4089 erat,
1795 4034 2046 4089 quorum

390 4110 479 4166 vis
508 4115 567 4166 et
596 4110 845 4166 audacia
874 4110 1061 4166 multa
1088 4110 1147 4165 in
1180 4111 1532 4167 Arianorum
1564 4109 1813 4182 gratiam
1846 4107 2047 4163 molie-

392 4201 587 4267 batur,
612 4199 911 4256 hominem
934 4200 1310 4271 impotentem
1340 4199 1399 4254 in
1433 4198 1689 4254 furorem
1712 4197 1853 4269 agit.
1884 4196 2051 4252 Litte—

392 4305 489 4345 ras
520 4288 702 4361 igitur
722 4293 965 4345 Homam
987 4289 1428 4361 quamprimum
1454 4287 1632 4343 mittit
1655 4306 1667 4344 :
1694 4302 2049 4357 rursumque

394 4377 658 4451 palatini,
689 4377 901 4434 notarii
933 4382 989 4433 et
1019 4379 1260 4433 comites
1286 4378 1356 4433 ad
1386 4378 1443 4432 id
1480 4376 1698 4449 negotii
1728 4376 1837 4431 iter
1866 4374 2047 4430 susci-

394 4467 585 4540 piunt.
619 4468 846 4523 Litteris
876 4468 1184 4539 praefectus
1241 4466 1405 4522 urbis
1456 4466 1721 4537 jubetur,
1756 4469 1857 4522 aut
1882 4464 2049 4519 Libe-

394 4556 550 4613 rium
580 4556 712 4613 dolo
744 4556 928 4613 Roma
957 4556 1313 4613 subductum
1344 4556 1406 4610 in
1443 4558 1638 4611 castra
1665 4554 2046 4621 transmittat,

394 4649 498 4701 aut
552 4645 607 4701 vi
663 4649 865 4718 aperta
921 4645 1410 4718 comprehensum
1485 4644 1556 4698 ad
1610 4659 1671 4698 se
1730 4642 2047 4731 pertrahat.
2081 4667 2127 4731 Β

393 4734 700 4808 Ejusmodi
724 4735 923 4791 missis
954 4734 1169 4791 litteris
1195 4737 1394 4791 exorta
1422 4732 1673 4788 formido
1694 4736 1803 4798 est,
1826 4730 2051 4787 insidias

394 4841 499 4897 per
526 4828 714 4880 totam
745 4825 951 4880 urbem
1012 4827 1253 4897 paratae,
1309 4822 1602 4895 promissa
1659 4823 1811 4877 dona
1850 4820 1923 4876 iis
1955 4822 2057 4891 qui

395 4916 632 4971 strenue
688 4914 968 4970 adversus
1023 4913 1324 4969 Liberium
1379 4928 1502 4968 rem
1558 4915 1847 4983 gererent.
1905 4910 2055 4964 Tum

396 5002 654 5077 episcopi
684 5002 780 5058 his
803 5002 1124 5075 perspectis
1155 5002 1333 5057 rebus
1364 5017 1493 5057 sese
1513 5001 1746 5068 abdere,
1781 5003 2058 5054 matronae

398 5091 832 5149 calumniarum
865 5095 1024 5147 metu
1060 5108 1163 5163 per
1191 5107 1375 5164 pagos
1420 5090 1707 5155 secedere,
1738 5092 1943 5145 ascetaa
1970 5088 2051 5141 in-

398 5180 567 5239 sidiis
596 5180 813 5253 appeti,
848 5180 1120 5236 homines
1142 5184 1335 5236 Romae
1362 5182 1795 5235 commorantes
1827 5174 2057 5248 expelli,

399 5274 607 5345 portus
637 5269 943 5342 exitusque
989 5274 1291 5342 portarum
1353 5267 1686 5333 intercludi,
1732 5271 1796 5322 ut
1826 5284 1898 5321 ne
1928 5265 2061 5337 quis

396 5359 703 5434 ingressus
734 5358 1204 5416 Orthodoxorum
1237 5357 1531 5415 Liberium
1571 5356 1869 5412 inviseret.
1898 5355 2061 5409 Tunc

472 5502 491 5538 ¹
521 5503 647 5559 Act.
680 5518 757 5571 Ix,
789 5502 845 5558 5.

495 5680 554 5745 α)
582 5679 795 5737 Athan.
826 5681 968 5738 Hist.
1000 5680 1197 5738 Arion.
1229 5678 1301 5737 ad
1327 5675 1643 5745 monachos,
1678 5694 1737 5731 n.
1770 5675 1860 5731 37.
1958 5692 1965 5695 '

495 5698 533 5737 a
582 5680 795 5737 Athan.
826 5681 968 5738 Hist.
1000 5680 1197 5738 Arion.
1229 5680 1301 5737 ad
1327 5680 1643 5745 monachos,
1678 5694 1737 5731 n.
1770 5680 1860 5731 37.
1958 5692 1965 5695 '

472 5680 554 5826 Eb;
581 5750 792 5808 Athan.
826 5752 993 5822 ibid.,
1026 5768 1086 5810 n.
1120 5753 1229 5823 39;
1262 5749 1577 5814 Aminiam,
1627 5751 1803 5804 Marc.
1835 5746 1937 5804 lib.
1971 5765 2063 5804 xv.

2151 3395 2233 3449 tio
2286 3394 2664 3449 Athanasius.
2726 3395 2867 3450 Rem
2934 3394 3201 3466 pluribus
3256 3394 3423 3449 aﬂ‘ert
3475 3393 3806 3449 Theodore-

2152 3486 2249 3538 tus
2281 3483 2369 3554 (ο),
2404 3486 2574 3553 cujus
2606 3481 2902 3555 dialogum
2934 3483 3223 3539 ascribere
3279 3500 3350 3538 ne
3378 3484 3609 3555 pigeat;
3642 3498 3711 3537 ex
3739 3498 3805 3537 eo

2154 3571 2368 3644 quippe
2400 3589 2533 3627 cum
2586 3572 2797 3627 Liberii
2856 3572 3182 3628 constantia
3235 3576 3291 3627 et
3348 3572 3647 3643 fortitudo,
3678 3574 3807 3627 tum

2154 3661 2522 3733 imperatoris
2579 3662 2638 3715 in
2695 3662 3081 3716 Athanasium
3140 3662 3407 3718 infensus
3435 3660 3672 3716 animus
3704 3676 3805 3732 pa-

2155 3749 2272 3806 lam
2332 3750 2703 3822 perspicitur.
2779 3751 3158 3805 Constantius
3230 3751 3549 3823 imperator
3603 3749 3806 3805 dixit:

2156 3862 2185 3889 «
2217 3839 2359 3904 Nos,
2388 3838 2665 3910 quoniam
2695 3843 2751 3894 et
2808 3839 3174 3894 Christianus
3226 3856 3287 3895 es
3317 3843 3373 3894 et
3404 3843 3615 3895 nostra
3646 3837 3809 3894 urbis

2156 3928 2489 4001 episcopus,
2522 3932 2576 3983 te
2606 3929 2963 3984 evocandum
2988 3929 3288 3995 duximus,
3313 3945 3379 3984 ac
3403 3944 3713 3985 monemus
3743 3930 3811 3982 ut

2156 4018 2388 4073 nefariae
2421 4018 2726 4073 dementiae
2773 4017 2939 4089 impii
2996 4017 3304 4073 Athanasii
3333 4016 3809 4073 communionem

2157 4108 2420 4179 abjicias.
2456 4108 2516 4161 Id
2550 4107 2709 4162 enim
2739 4124 2973 4178 aequum
3004 4122 3133 4163 esse
3167 4108 3327 4163 orbis
3355 4110 3644 4162 terrarum
3675 4122 3810 4163 cen-

2158 4196 2295 4263 suit,
2320 4212 2573 4267 eumque
2597 4197 2666 4251 ab
2689 4195 3085 4251 ecclesiastica
3109 4195 3523 4251 communione
3551 4192 3812 4249 alienum

2157 4286 2279 4341 fore
2311 4284 2575 4357 synodali
2635 4285 2927 4340 sententia
2978 4286 3277 4341 decretum
3336 4288 3447 4340 est.
3489 4282 3814 4355 Respondit

2157 4374 2459 4430 Liberius:
2492 4373 2725 4429 Judicia
2753 4373 3168 4441 ecclesiastica,
3211 4391 3243 4429 ο
3275 4373 3615 4444 imperator,
3648 4387 3813 4427 sum-

2158 4480 2256 4518 ma
2287 4479 2421 4518 cum
2456 4462 2728 4533 aequitate
2784 4462 2919 4517 ferri
2979 4466 3240 4533 oportet:
3301 4478 3480 4533 quare
3535 4460 3585 4516 si
3615 4459 3815 4532 pietati

2158 4557 2271 4608 tuae
2304 4552 2503 4619 libeat,
2530 4551 2821 4622 judicium
2854 4550 3086 4605 institui
3132 4550 3376 4620 jubeto;
3412 4554 3469 4605 et
3497 4548 3546 4604 si
3579 4547 3818 4619 quidem

2158 4641 2516 4696 Athanasius
2548 4638 2923 4695 damnatione
2952 4638 3166 4710 dignus
3185 4638 3468 4703 videatur,
3499 4641 3627 4691 tum
3649 4636 3820 4708 juxta

2165 4729 2571 4785 ecclesiasticae
2604 4727 2815 4799 regula:
2848 4728 3095 4783 formam
3128 4725 3419 4782 sententia
3448 4726 3504 4780 in
3535 4724 3704 4779 illum
3735 4723 3817 4778 fe-

2166 4822 2348 4874 retur.
2382 4818 2579 4889 Neque
2610 4818 2765 4887 enim
2800 4816 2886 4871 vir
2916 4832 2949 4870 a
2998 4814 3169 4870 nobis
3218 4812 3595 4870 condemnari
3627 4814 3821 4884 potest

2168 4909 2239 4963 de
2270 4924 2385 4978 quo
2416 4922 2531 4960 non
2563 4905 2957 4975 judicavimus
3038 4902 3139 4957 Cui
3192 4900 3607 4958 Constantius:
3638 4902 3820 4955 Totus

2167 5000 2456 5052 terrarum
2488 4993 2646 5049 orbis
2677 4994 2747 5047 de
2780 4993 2909 5063 ejus
2939 4991 3239 5063 impietate
3278 4989 3414 5044 tulit
3444 4986 3820 5055 sententiam,

2170 5102 2236 5142 eo
2268 5086 2419 5157 quod
2445 5085 2569 5155 jam
2601 5082 2736 5137 inde
2768 5083 2840 5137 ab
2872 5080 3039 5136 initio
3081 5079 3411 5135 deludendo
3441 5081 3676 5148 tempus
3703 5079 3822 5131 tra-

2170 5174 2290 5229 hat.
2323 5173 2407 5227 Ad
2441 5172 2561 5226 haec
2592 5170 2856 5225 Liberius
2877 5170 3185 5241 episcopus
3211 5184 3223 5223 :
3248 5168 3543 5238 Quotquot
3571 5163 3823 5221 subscri-

2171 5266 2433 5335 pserunt,
2465 5277 2557 5315 res
2589 5262 2786 5331 gestas
2813 5258 2925 5330 ipsi
2956 5276 3071 5314 non
3100 5258 3398 5323 viderant;
3432 5254 3534 5310 sed
3564 5269 3634 5310 ex
3660 5251 3824 5308 inani

2172 5352 2381 5425 gloria,
2412 5350 2498 5405 tui
2528 5352 2710 5417 metu,
2770 5346 3104 5421 ignominiae
3140 5364 3174 5402 a
3202 5350 3259 5402 te
3286 5343 3589 5400 inurendm
3619 5339 3824 5399 formi-

2248 5671 2317 5745 (c)
2348 5668 2474 5727 Lib.
2508 5684 2571 5735 ιι,
2604 5680 2732 5737 cap.
2768 5660 2855 5716 16.
