4166 6404
351 440 546 503 ρων

1751 425 2340 496 PROLEGOMENA
2353 474 2366 492 .

361 571 498 628 dine
527 565 1024 642 subscripserunt.
1056 567 1206 625 Tum
1249 566 1599 640 imperator:
1635 567 1771 632 Quae
1801 564 2006 638 gloria,
2041 567 2090 632 Α
2121 564 2292 620 debet
2321 559 2710 635 plurimorum
2733 557 3140 634 episcoporum
3161 553 3470 618 sententia.
3493 551 3658 610 Tune
3682 567 3773 608 so-

359 661 463 734 qui
495 664 710 724 metus,
743 675 872 730 quae
899 657 1268 731 ignominia?
1318 655 1452 711 Inﬁt
1503 655 1806 710 Liberius:
1842 656 2015 720 Quot-

359 754 504 824 quot
530 749 630 805 Dei
656 748 901 822 gloriam
937 763 1050 802 non
1095 750 1315 811 amant,
1374 744 1414 799 ii
1446 748 1552 800 tua
1580 760 1827 798 munera
1856 746 2015 798 ante-

357 842 665 913 ponentes,
725 853 862 892 eum
921 851 1093 907 quem
1155 852 1269 890 non
1329 832 1614 897 viderant,
1672 833 1742 888 de
1799 847 1915 903 quo
1947 847 2018 885 ne

355 928 694 1001 judicarant
723 925 981 998 quidem,
1007 925 1469 979 damnaverunt:
1505 921 1660 994 quod
1693 920 1951 976 alienum
1986 937 2020 975 a

359 1013 712 1073 Christianis
737 1017 847 1080 est,
887 1013 990 1067 Hic
1021 1012 1372 1083 imperator:
1426 1010 1603 1082 Atqui
1636 1011 1706 1066 de
1737 1013 2020 1082 praesente

358 1104 691 1178 judicatum
723 1105 831 1168 est,
865 1101 924 1156 in
959 1101 1179 1173 synodo
1210 1099 1403 1173 Tyria,
1455 1099 1828 1170 universique
1861 1097 2019 1154 orbis

361 1191 620 1264 episcopi
651 1190 710 1245 in
752 1205 822 1245 ea
870 1190 1090 1263 synodo
1147 1188 1450 1244 hominem
1509 1188 1878 1243 damnavere.
1914 1185 2018 1240 Cui

365 1280 667 1338 Liberius:
727 1279 1044 1351 Nunquam
1115 1278 1213 1332 ille
1289 1292 1546 1349 praesens
1605 1275 1828 1348 judicio
1889 1274 2016 1344 fuit,

359 1370 663 1440 Quotquot
691 1367 848 1424 enim
881 1384 947 1423 eo
978 1372 1238 1438 tempore
1292 1365 1475 1421 coacti
1531 1366 1588 1420 in
1618 1381 1751 1419 eum
1786 1368 2020 1419 senten-

358 1457 505 1515 tiam
536 1456 744 1523 tulere,
768 1461 900 1528 post
929 1453 1231 1510 Athanasii
1251 1455 1578 1510 discessum
1605 1453 1802 1524 inique
1831 1453 1903 1508 de
1923 1452 2022 1507 ab-

357 1550 531 1602 sente
580 1545 946 1616 judicarunt.
1003 1543 1154 1598 Tum
1211 1542 1498 1598 Eusebius
1551 1542 1896 1597 eunuchus:
1955 1541 2020 1594 In

359 1635 592 1708 synodo
621 1634 854 1690 Nicmna
885 1632 1110 1688 alienus
1143 1649 1176 1688 a
1205 1631 1489 1687 catholica
1520 1632 1632 1686 fide
1663 1631 2025 1686 demonstra-

359 1728 464 1780 tus
485 1722 870 1779 est.Liberius
891 1721 1227 1793 imperatori
1252 1723 1546 1792 (despecta
1566 1719 1820 1776 eunuchi
1850 1717 2026 1773 futili-

363 1815 548 1881 tate):
583 1813 666 1868 Ex
692 1811 768 1867 iis
811 1811 913 1884 qui
962 1825 1099 1866 cum
1158 1810 1397 1882 lscbyra
1453 1809 1584 1865 navi
1641 1809 1700 1863 in
1731 1808 2020 1863 Mareoten

369 1901 829 1958 transmiserunt
858 1901 1117 1972 quinque
1159 1899 1349 1955 solum
1409 1899 1569 1954 fuere
1592 1897 1843 1970 judices,
1876 1913 2025 1968 quos

377 1989 469 2046 illi
496 1989 733 2062 quidem
764 1989 1048 2045 miserant
1078 1993 1143 2043 ut
1188 1989 1469 2044 adversus
1499 2005 1663 2043 reum
1698 1992 1826 2043 acta
1854 1987 2034 2043 confi-

371 2071 592 2134 cerent.
625 2082 704 2133 ex
734 2077 806 2134 iis
833 2077 934 2150 qui
968 2083 1110 2132 tunc
1143 2094 1209 2133 eo
1267 2076 1440 2149 legati
1492 2081 1650 2142 sunt,
1684 2077 1799 2132 duo
1826 2092 1896 2131 ex
1923 2075 2034 2131 hac

373 2167 497 2223 vita
523 2165 872 2239 migrarunt,
928 2166 1268 2239 Theognius
1326 2165 1550 2221 scilicet
1578 2170 1635 2220 et
1662 2165 2030 2232 Theodorus,

375 2255 586 2328 reliqui
619 2261 738 2311 tres
769 2254 961 2311 adhuc
993 2255 1338 2327 superstites
1367 2259 1530 2322 sunt,
1564 2254 1764 2325 Maris,
1795 2254 2033 2320 Valens,

370 2350 436 2403 'ct
461 2345 760 2402 Ursacins.
787 2346 1004 2402 Contra
1033 2345 1209 2401 hosce
1239 2345 1298 2400 in
1326 2345 1618 2400 Mareoten
1651 2344 1866 2400 missos
1897 2344 2034 2400 Sar-

376 2435 517 2492 dicee
547 2451 616 2491 ea
641 2435 772 2508 ipsa
800 2436 872 2490 de
889 2451 1070 2490 causa
1090 2434 1210 2489 lata
1235 2433 1526 2489 sententia
1556 2437 1667 2489 est.
1702 2433 1808 2498 Qui
1836 2436 2037 2505 postea

373 2525 609 2581 veniam
639 2523 856 2596 precati
889 2523 1116 2578 libellos
1147 2521 1506 2587 obtulerunt,
1555 2522 1629 2577 ob
1660 2525 1788 2577 acta
1817 2521 2039 2577 scilicet

369 2623 505 2685 ﬁne
561 2629 667 2685 per
723 2611 1100 2679 calumniam,
1175 2611 1358 2667 altera
1414 2612 1698 2666 duntaxat
1754 2614 2038 2682 praesente

375 2703 562 2774 parte,
594 2699 654 2754 in
677 2699 930 2755 Mareote
952 2700 1338 2756 confecerant.
1365 2702 1521 2766 Quos
1545 2699 1783 2771 quidem
1807 2698 2036 2754 libellos

371 2802 536 2845 nunc
565 2787 625 2843 in
653 2788 931 2843 manibus
959 2787 1268 2844 habemus.
1324 2787 1482 2843 Utris
1509 2787 1720 2842 horum
1756 2787 2033 2842 assentiri

376 2882 433 2934 et
457 2876 892 2932 communicare
912 2875 1542 2948 debemus,imperator
1565 2875 1757 2943 ;hisne
1778 2874 1877 2947 qui
1903 2891 2038 2930 cum

382 2964 772 3022 Athanasium
804 2970 939 3020 ante
967 2966 1340 3026 damnasent,
1371 2965 1604 3019 veniam
1635 2969 1838 3037 postea
1868 2981 2037 3037 roga-

383 3059 544 3121 runt,
572 3070 645 3109 an
677 3054 793 3110 illis
823 3054 924 3126 qui
955 3070 1144 3126 nuper
1171 3054 1317 3108 istos
1344 3053 1859 3109 condemnarunt?
1887 3055 2038 3108 Tum

384 3143 688 3216 Epictetus
718 3143 1065 3215 episcopus:
1098 3143 1222 3198 Non
1254 3141 1388 3197 ﬁdei
1436 3158 1633 3210 causa,
1668 3159 1773 3198 nec
1804 3160 1905 3215 pro
1937 3143 2041 3198 de-

381 3233 649 3289 fensione
673 3231 1029 3303 judiciorum
1062 3231 1590 3288 eoclesiasticorum
1625 3231 1889 3287 Liberius
1913 3232 2039 3304 jam

2126 653 2221 708 lus
2251 669 2313 709 es
2343 653 2443 724 qui
2474 652 2640 724 impii
2675 651 2931 707 hominis
2977 647 3296 706 amicitiam
3329 644 3573 702 foveas?
3603 642 3776 699 Libe-

2127 741 2251 796 rius
2282 758 2296 798 :
2325 742 2636 813 Nunquam
2671 740 3024 809 audivimus,
3054 738 3388 809 imperator,
3422 733 3650 789 absenti
3681 748 3778 788 reo

2118 831 2383 902 judicem
2418 829 2738 902 impietatis
2771 834 2969 884 notam
3021 827 3273 889 inurere,
3324 823 3492 896 quasi
3526 823 3781 896 privatas

2128 936 2261 974 cum
2295 936 2362 975 eo
2392 919 2732 974 inimicitias
2763 921 2944 990 gerat.
3007 917 3326 987 Imperator
3375 918 3568 968 autem
3596 929 3608 968 :
3641 911 3782 967 Uni-

2125 1025 2325 1064 versos
2347 1009 2585 1080 quidem
2610 1007 2706 1064 ille
2719 1004 3269 1077 atl‘ecitinjuria,sed
3294 1002 3520 1057 nullum
3546 1000 3785 1073 perinde

2129 1102 2304 1169 atque
2335 1114 2448 1152 me.
2500 1097 2607 1160 Qui
2670 1114 2784 1152 non
2843 1099 3154 1150 contentus
3212 1092 3386 1147 exitio
3446 1089 3640 1146 fratris
3669 1089 3786 1145 mei

2129 1185 2370 1258 majoris
2398 1190 2562 1252 natu,
2600 1186 2788 1241 felicis
2819 1183 3112 1240 memoriae
3149 1183 3528 1237 Constantem
3560 1179 3630 1234 ad
3663 1195 3789 1234 sus-

2130 1274 2428 1346 cipiendas
2459 1291 2690 1329 mecum
2721 1271 3063 1328 inimicitias
3109 1286 3410 1339 nunquam
3445 1268 3703 1336 destitit;
3733 1271 3791 1322 et

2129 1363 2186 1418 id
2221 1379 2361 1419 sane
2392 1363 2756 1435 contigisset,
2800 1361 2912 1418 nisi
2947 1379 3052 1416 nos
3084 1361 3306 1431 majore
3337 1357 3790 1414 mansuetudine

2131 1456 2189 1508 et
2236 1453 2535 1508 incitantis
2588 1459 2645 1508 et
2697 1451 2920 1506 incitati
2979 1450 3264 1522 impetum
3320 1445 3788 1520 pertulissemus.

2132 1540 2365 1596 Nullam
2391 1541 2584 1614 itaque
2612 1540 2913 1596 victoriam
2946 1539 3096 1595 tanti
3157 1537 3323 1602 facio,
3357 1553 3429 1593 ns
3460 1535 3623 1591 illam
3658 1534 3786 1607 qui-

2132 1629 2264 1685 dem
2297 1647 2473 1702 quam
2533 1631 2604 1685 de
2661 1629 2996 1701 Magnentio
3050 1626 3220 1683 retuli
3279 1644 3346 1682 ac
3396 1626 3468 1682 de
3516 1624 3789 1697 Sylvano,

2134 1719 2338 1790 quanti
2372 1725 2437 1774 ut
2457 1719 2613 1774 hunc
2647 1717 2995 1775 sceleratum
3029 1717 3101 1772 ab
3134 1715 3396 1771 Ecclesiae
3419 1713 3795 1770 administra-

2133 1807 2290 1863 tione
2322 1809 2722 1864 submoveam.
2757 1807 2861 1862 Cui
2921 1805 3188 1862 Liberius
3217 1821 3229 1860 :
3263 1803 3416 1871 Noli,
3452 1803 3793 1874 imperator,

2140 1896 2479 1952 inimicitias
2509 1902 2642 1952 tuas
2674 1914 2778 1970 per
2807 1895 3111 1968 episcopos
3161 1893 3476 1949 vindicare.
3507 1889 3796 1948 Ecclesia-

2144 1989 2422 2044 sticorum
2456 1987 2611 2042 enim
2660 2003 2872 2041 manus
2920 1985 2992 2040 ad
3052 1983 3539 2040 sanctificandum
3594 1996 3798 2036 vacare

2142 2077 2374 2133 debent.
2405 2076 2556 2131 Jube
2588 2075 2787 2148 igitur,
2821 2075 2870 2130 si
2928 2073 3134 2147 placet,
3167 2077 3232 2127 ut
3273 2070 3530 2143 episcopi
3560 2070 3630 2125 ad
3665 2085 3796 2141 pro-

2143 2165 2301 2239 prias
2334 2165 2502 2220 sedes
2560 2167 2938 2219 revocentur:
2998 2179 3063 2217 ac
3097 2161 3145 2216 si
3208 2161 3444 2233 quidem
3489 2159 3801 2213 videantur

2143 2271 2276 2311 cum
2303 2253 2400 2309 illo
2423 2253 2773 2324 consentire,
2798 2252 2898 2325 qui
2922 2256 3135 2307 rectam
3160 2250 3334 2305 ﬁdem
3360 2248 3562 2303 Nicaeae
3579 2248 3798 2303 editam

2136 2345 2261 2415 jam
2292 2348 2508 2410 tuetur,
2543 2342 2600 2397 in
2649 2359 2836 2398 unum
2894 2340 3078 2396 coacti
3136 2338 3264 2410 paci
3322 2337 3479 2393 orbis
3508 2341 3798 2392 terrarum

2144 2431 2523 2505 prospicient,
2556 2448 2628 2486 ns
2657 2431 2951 2487 insontem
3005 2429 3196 2484 virum
3255 2427 3501 2482 infamia
3533 2430 3798 2482 notatum

2143 2537 2273 2577 esse
2305 2521 2732 2594 comprobetur.
2757 2521 2904 2576 Tum
2929 2519 3279 2590 imperator:
3305 2515 3498 2572 Unum
3525 2520 3614 2571 est
3642 2515 3797 2587 quod

2145 2609 2445 2683 quaeritur.
2481 2610 2571 2665 Me
2601 2626 2877 2681 namque,
2905 2609 3003 2663 ubi
3027 2606 3407 2663 ecclesiarum
3439 2602 3803 2661 communie-

2146 2715 2280 2755 nem
2326 2698 2504 2755 fueris
2561 2698 2947 2770 amplexatus,
3005 2698 3249 2752 Romam
3309 2695 3604 2751 remittere
3648 2692 3798 2749 volo.

2145 2787 2444 2844 Assentire
2473 2787 2654 2860 igitur
2684 2787 2833 2860 paci,
2866 2791 2922 2842 et
2983 2785 3328 2857 suffragium
3383 2784 3594 2852 scribe,
3627 2788 3804 2855 atque

2147 2877 2230 2931 ita
2259 2876 2505 2932 Romam
2539 2882 2844 2932 revertere.
2879 2876 2963 2930 Ad
2997 2875 3118 2930 haac
3163 2873 3430 2930 Liberius
3458 2891 3470 2930 :
3505 2873 3804 2929 Fratribus

2148 2965 2249 3036 qui
2279 2964 2478 3020 Romae
2513 2970 2652 3020 sunt
2675 2966 2800 3036 jam
2831 2964 2959 3020 vale
2986 2963 3125 3019 dixi.
3162 2963 3424 3018 Romano
3455 2963 3671 3034 quippe
3699 2962 3802 3018 do-

2149 3052 2368 3109 micilio
2399 3054 2785 3109 anteferendae
2843 3051 3249 3110 ecclesiasticae
3280 3052 3458 3123 leges.
3485 3052 3806 3123 Imperator

2151 3147 2348 3199 autem
2373 3160 2387 3198 :
2416 3144 2699 3199 Triduum
2724 3159 2860 3216 ergo
2889 3142 2994 3198 tibi
3023 3144 3093 3198 ad
3125 3142 3567 3197 deliberandum
3600 3156 3802 3197 conce-

2151 3232 2330 3298 ditur,
2365 3237 2563 3287 utrum
2590 3238 2900 3304 postquam
2928 3230 3274 3304 sutl'ragium
3299 3230 3526 3285 dederis
3557 3229 3803 3285 Romam

385 3323 564 3378 verba
591 3321 749 3388 facit,
781 3338 814 3377 ο
869 3321 1225 3393 imperator;
1285 3321 1386 3376 sed
1445 3325 1508 3376 ut
1566 3321 1720 3393 apud
1767 3321 2040 3376 Romanae
2071 3312 2114 3378 C
2151 3320 2294 3376 velis
2324 3321 2730 3392 commigrare,
2763 3326 2867 3377 aut
2896 3322 2967 3376 ad
3017 3319 3393 3393 deligendum
3420 3334 3592 3391 quem
3626 3317 3686 3372 in
3720 3316 3805 3374 lo-

377 3411 640 3467 ‘civitatis
662 3413 959 3466 senatores
983 3409 1265 3482 glorietur
1285 3411 1695 3482 imperatorem
1719 3427 1752 3465 a
1774 3427 1836 3466 se
1862 3411 2044 3466 fuisse

379 3505 759 3572 mperatum.
787 3503 1112 3572 Imperator
1149 3499 1378 3555 Liberio
1404 3516 1416 3554 :
1437 3501 1623 3565 Quota
1644 3516 1780 3571 pars
1801 3516 1864 3555 es
1885 3499 2044 3556 orbis

384 3592 697 3654 terrarum,
719 3592 786 3642 ut
803 3591 869 3642 tu
889 3587 1053 3644 solus
1075 3587 1258 3660 impio
1288 3587 1512 3643 homini
1537 3587 1859 3659 suffragare
1876 3588 2040 3658 velis,

375 3680 444 3732 et
471 3677 630 3732 orbis
649 3677 894 3732 Romani
914 3676 1212 3747 totiusque
1233 3676 1439 3731 mundi
1466 3691 1665 3748 pacem
1701 3676 2044 3748 perturbes?

385 3764 490 3820 Cui
520 3763 827 3820 Liberius:
862 3764 1102 3820 Etiamsi
1165 3765 1327 3820 solus
1385 3764 1524 3832 sim,
1583 3765 1716 3820 ﬁdei
1749 3763 1896 3820 ratio
1924 3781 2041 3820 non

379 3853 516 3910 ideo
547 3852 851 3908 minuitur.
884 3853 1030 3908 Nam
1089 3857 1146 3908 et
1201 3853 1340 3908 olim
1389 3858 1509 3909 tres
1564 3857 1797 3909 tantum
1830 3854 2040 3924 reperti

377 3945 527 3998 sunt
555 3941 654 4013 qui
677 3941 832 4014 regis
852 3941 1132 3996 mandato
1159 3942 1530 3997 obsisterent.
1556 3942 1839 3997 Eusebius
1863 3958 2041 3998 eunu-

384 4029 532 4086 chus
561 4029 682 4084 ait:
717 4031 1212 4103 lmperatoremne
1260 4035 1526 4086 nostrum
1573 4030 2036 4087 Nabuchodono-

369 4118 503 4174 τι)ιυί
529 4118 758 4174 confers
781 4119 810 4174 ?
839 4120 990 4190 Tum
1042 4119 1348 4174 Liberius:
1401 4119 1806 4190 Nequaquam.
1838 4121 1943 4175 Sed
1973 4125 2033 4176 tu

383 4205 586 4279 inique
611 4187 910 4262 homineln
941 4209 1212 4272 damnas,
1236 4208 1307 4262 de
1330 4224 1446 4280 quo
1477 4187 1592 4263 non
1616 4187 2034 4278 judicavimus.

387 4291 506 4368 Ego
533 4311 670 4352 vero
700 4296 950 4368 postulo,
977 4300 1042 4351 ut
1062 4296 1316 4368 primum
1343 4297 1579 4368 quidem
1604 4299 1866 4354 omnium
1899 4315 2039 4371 pris-

373 4385 554 4440 σοϐεῖ
583 4384 953 4457 subscriptio,
986 4401 1113 4458 quae
1145 4385 1319 4441 ﬁdem
1346 4385 1547 4441 Niczeaa
1576 4387 1792 4442 editam
1824 4389 2035 4443 conﬁr-

385 4478 525 4542 met,
549 4473 766 4529 deinde
797 4479 862 4529 ut
882 4474 1165 4530 revocatis
1188 4475 1260 4530 ab
1281 4474 1484 4530 exsilio
1509 4475 1785 4531 fratribus
1816 4477 2035 4533 nostris

381 4565 442 4616 st
463 4556 528 4616 in
558 4562 728 4619 sedes
755 4579 898 4618 suas
929 4563 1238 4632 restitutis,
1271 4563 1320 4618 si
1366 4563 1426 4630 ii,
1461 4563 1560 4635 qui
1584 4565 1712 4634 jam
1742 4565 2034 4621 tumultus

474 4649 748 4746 Ecclesiis
782 4655 1046 4746 auctores
1079 4656 1235 4746 sunt,
1272 4651 1600 4746 apostolica
1633 4652 1766 4707 ﬁdei
1797 4669 2034 4709 consen-
2064 4681 2111 4746 Β

369 4735 490 4793 tire
516 4737 625 4793 visi
651 4738 884 4804 iuerint,
915 4743 1058 4795 tunc
1085 4739 1352 4795 universi
1387 4739 1798 4796 Alexandriam
1829 4757 2032 4798 conve-

369 4825 630 4895 ‘nientes,
687 4827 786 4882 ubi
843 4831 902 4882 et
973 4832 1281 4884 accusatus
1357 4833 1414 4884 et
1484 4833 1816 4885 accustores
1873 4834 2030 4896 sunt,

367 4924 604 4970 necnon
633 4929 837 4971 eorum
887 4920 1190 4988 patronus,
1239 4934 1442 4973 eorum
1494 4918 1825 4974 examinata
1856 4935 2036 4974 causa

362 5003 726 5060 sententiam
762 5005 1148 5076 proferamus.
1172 5006 1320 5061 Tum
1352 5007 1651 5079 Epictetus
1681 5007 1990 5079 episcopus
2015 5025 2028 5063 :

374 5093 594 5147 Verum
625 5107 836 5148 cursus
868 5093 1140 5164 publicus
1169 5093 1448 5150 vehendis
1491 5096 1781 5168 episcopis
1811 5113 2031 5168 nequa-

377 5191 553 5249 quam
593 5180 706 5236 erit
726 5180 1003 5237 satis.Cui
1032 5182 1298 5239 Liberius
1323 5201 1336 5238 :
1364 5183 1769 5240 Ecclesiastica
1797 5185 2034 5257 negotia

368 5281 494 5323 non
551 5273 724 5340 egent
781 5283 958 5326 cursu
1017 5269 1290 5343 publico:
1351 5272 1758 5329 Ecclesiastica
1801 5274 2032 5345 negotia

363 5355 685 5428 episcopos
713 5373 852 5414 sues
876 5360 947 5414 ad
980 5375 1140 5416 mare
1161 5377 1348 5432 usque
1367 5363 1681 5433 perducere
1711 5363 1834 5418 suis
1864 5379 2028 5418 sum-

376 5443 577 5514 ptibus
607 5445 772 5502 facile
802 5452 1072 5519 possunt.
1135 5449 1458 5522 Imperator
1513 5451 1695 5506 dixit:
1741 5452 1874 5516 Quae
1897 5453 2024 5523 jam

375 5531 487 5589 rite
510 5537 730 5591 statuta
749 5540 910 5607 sunt,
926 5553 1042 5593 non
1059 5536 1216 5594 ultra
1235 5539 1501 5612 abrogari
1524 5546 1774 5612 possunt
1799 5560 1810 5597 :
1834 5540 2026 5598 valere

437 5762 520 5838 (α)
546 5763 671 5824 Lib.
702 5781 795 5839 xv,
825 5782 886 5841 p.
915 5765 1007 5824 91.

2151 3423 2286 3464 cum
2319 3409 2524 3482 cupias
2549 3410 2864 3482 deportari.
2889 3409 2994 3465 Cui
3019 3409 3280 3465 Liberius
3307 3425 3318 3462 :
3344 3407 3548 3463 Trium
3573 3407 3803 3462 dierum

2153 3501 2254 3552 aut
2277 3490 2454 3554 trium
2486 3498 2781 3554 mensium
2811 3498 3158 3571 interposita
3209 3513 3374 3552 mora
3403 3512 3519 3551 non
3554 3495 3808 3550 mutabit

2151 3589 2522 3643 sententiam.
2559 3589 2759 3660 Itaque
2814 3587 2982 3643 mitte
3035 3604 3148 3658 quo
3203 3586 3363 3642 libet.
3401 3608 3429 3635 ››
3459 3585 3643 3641 Biduo
3676 3590 3809 3656 post

2149 3675 2487 3746 imperator,
2523 3693 2657 3732 cum
2707 3676 3001 3733 Liberium
3062 3675 3386 3741 accivisset,
3447 3680 3621 3746 atque
3651 3673 3703 3730 is
3732 3675 3805 3729 de

2150 3765 2443 3821 sententia
2471 3783 2587 3820 non
2619 3766 2943 3830 decederet,
3001 3781 3134 3820 eum
3193 3764 3469 3820 Beroeam
3525 3762 3585 3818 in
3617 3762 3802 3818 Thra-

2149 3853 2299 3910 ciam
2333 3854 2576 3926 relegari
2629 3855 2833 3927 jussit.
2866 3855 3115 3927 Egresso
3177 3853 3425 3921 Liberio,
3484 3853 3805 3922 imperator

2147 3943 2500 4016 guingentos
2531 3943 2750 4000 solidos
2780 3943 2971 3998 offerri
2996 3943 3165 4013 jubet
3201 3943 3273 3997 ad
3307 3941 3607 3996 viaticum.
3641 3939 3803 3996 Defe-

2147 4033 2297 4087 renti
2333 4031 2598 4088 Liberius
2628 4033 2747 4087 ait:
2780 4031 3060 4100 Abscede,
3093 4037 3150 4086 et
3191 4031 3312 4086 haec
3345 4030 3521 4085 redde
3553 4029 3803 4100 impera-

2145 4122 2280 4190 tori,
2314 4121 2414 4192 qui
2445 4121 2519 4176 iis
2550 4138 2691 4176 sane
2721 4121 2780 4175 in
2814 4120 3173 4192 stipendium
3233 4118 3486 4174 militum
3518 4135 3666 4190 opus
3697 4117 3799 4173 ba-

2146 4210 2261 4266 bet.
2297 4209 2577 4265 Similiter
2629 4214 2896 4282 Augusta
2944 4207 3317 4264 tantumdem
3375 4207 3487 4280 ipsi
3546 4206 3805 4280 pecunia)

2146 4297 2326 4354 misit.
2356 4299 2718 4371 Remisitque
2781 4298 3081 4354 Liberius:
3137 4297 3354 4364 Redde,
3387 4297 3570 4359 aiens,
3599 4296 3802 4352 isthaac

2144 4388 2480 4460 imperatori
2507 4406 2521 4456 ;
2551 4387 2624 4443 iis
2655 4388 2811 4442 enim
2847 4387 3025 4442 habet
3062 4403 3210 4458 opus
3241 4386 3300 4442 in
3333 4384 3588 4441 militum
3621 4401 3803 4441 anno-

2144 4491 2301 4532 nam.
2335 4477 2496 4542 Quod
2529 4477 2577 4532 si
2629 4476 2722 4532 his
2766 4492 2881 4532 non
2911 4479 3098 4547 egeat,
3156 4476 3371 4530 dentur
3423 4474 3714 4530 Auxentio
3744 4478 3803 4530 et

2141 4564 2421 4638 Epicteto,
2457 4565 2554 4636 qui
2584 4582 2732 4638 opus
2763 4565 3001 4620 habent.
3055 4562 3156 4620 His
3190 4563 3438 4636 rejectis,
3487 4563 3662 4618 aliam
3693 4579 3801 4636 pe-

2132 4653 2325 4708 cuniae
2359 4670 2653 4710 summam
2677 4653 2873 4708 attulit
2897 4653 3184 4708 Eusebius
3205 4651 3533 4708 eunuchus.
3566 4651 3670 4707 Cui
3704 4651 3798 4706 Li-

2143 4743 2341 4798 berius
2367 4761 2380 4798 :
2411 4742 2703 4798 Ecclesiae
2733 4743 2890 4796 orbis
2931 4746 3219 4797 terrarum
3247 4739 3539 4813 expilasti,
3566 4745 3623 4796 et
3652 4739 3800 4795 mihi

2144 4836 2426 4902 tanquam
2450 4849 2546 4888 reo
2568 4831 2997 4903 eleemosynam
3023 4830 3194 4885 affers
3212 4829 3240 4883 ?
3261 4830 3541 4895 Abscede,
3558 4833 3615 4884 et
3635 4829 3800 4901 prius

2143 4919 2511 4976 Christianus
2532 4920 2806 4976 afﬁciare.
2829 4918 3042 4992 Elapso
3065 4924 3257 4974 autem
3285 4918 3476 4974 triduo
3506 4917 3799 4989 relegatus

2142 5009 2419 5064 Beroeam
2450 5014 2540 5065 est
2572 5009 2857 5064 Liberius.
2893 5007 3052 5063 Felix
3109 5022 3270 5071 sane,
3303 5007 3354 5062 si
3378 5011 3541 5062 tanta
3568 5005 3796 5062 invictas

2144 5099 2360 5155 mentis
2390 5104 2736 5171 argumenta
2785 5099 2952 5153 fcedis
3009 5097 3217 5152 exinde
3275 5096 3439 5152 fracti
3471 5101 3529 5152 et
3550 5093 3797 5151 emolliti

2142 5189 2325 5244 animi
2355 5189 2509 5244 notis
2539 5206 2653 5244 non
2677 5188 3106 5244 labefactasset.

2215 5279 2300 5333 18.
2329 5277 2447 5333 Nec
2499 5277 3000 5349 praetermittenda
3059 5291 3186 5347 quea
3243 5274 3314 5330 de
3346 5273 3559 5330 Liberii
3589 5271 3794 5329 exsi‘ﬁe

2137 5365 2318 5422 habet
2343 5367 2691 5422 Ammianus
2751 5365 3125 5421 Marcellinus
3176 5365 3290 5435 (a):
3329 5386 3355 5414 «ι
3387 5366 3506 5419 Hoc
3533 5362 3791 5418 admini-

2139 5459 2362 5510 strante
2398 5453 2648 5522 Leontio,
2682 5455 2784 5519 ait,
2833 5453 3099 5510 Liberius
3145 5451 3483 5509 Christianas
3515 5451 3660 5526 legis
3687 5468 3792 5512 an-

2137 5543 2326 5612 tistes,
2361 5561 2396 5600 a
2419 5543 2756 5600 Constantio
2785 5543 2858 5600 ad
2891 5541 3236 5599 comitatum
3277 5541 3430 5598 mitti
3462 5545 3790 5615 praeceptus
