4166 6386
1673 389 1862 454 νιτΑ
1903 387 1969 450 8.
2015 384 2471 452 ATHANASII.

3644 406 3809 457 CXXV

393 535 502 599 est,
534 533 819 603 tanquam
852 526 1228 601 imperatoris
1245 526 1435 598 jussis
1458 529 1514 582 et
1537 525 1927 599 plurimorum
1954 522 2043 577 sui
2075 521 2129 586 Α
2159 526 2351 578 Romae
2367 523 2721 594 aggreditur,
2741 540 2866 598 quae
2884 522 3673 598 Antichristimalignitatem
3690 544 3808 600 prae

393 620 755 678 consortium
807 619 1057 674 decretis
1113 617 1408 673 obsistens
1443 618 1500 670 in
1553 633 1612 670 re
1657 632 1835 686 quam
1889 613 2046 668 brevi

389 715 552 767 textu
587 727 948 782 percurram.
1006 708 1394 762 Athanasium
1429 707 1767 777 episcOpum
1802 721 1866 758 eo
1898 708 2044 757 tem-

390 817 529 872 pore
561 800 711 869 apud
749 797 1184 862 Alexandriam,
1230 796 1385 850 ultra
1414 795 1835 867 professionem
1871 792 2046 846 altius

391 905 454 943 se
505 888 860 952 efferentem,
913 886 1318 956 sciscitarique
1370 889 1645 940 conatum
1693 888 1951 945 externa,
1986 885 2050 935 ut

394 977 701 1049 prodidere
735 993 999 1030 rumores
1032 975 1278 1041 assidui,
1315 979 1494 1028 cmtus
1525 973 1582 1026 in
1617 989 1801 1026 unum
1835 971 2047 1044 quaesi—

393 1071 492 1122 tus
523 1066 784 1136 ejusdem
825 1065 930 1119 loci
967 1064 1283 1118 multorum
1319 1063 1602 1135 (synodus
1637 1067 1701 1116 ut
1732 1061 2046 1132 appellant)

397 1155 641 1210 removit
672 1172 706 1208 a
756 1158 1124 1207 sacramento
1174 1154 1329 1223 quod
1386 1153 1702 1207 obtinebat.
1740 1151 2052 1206 Dicebatur

397 1244 550 1299 enim
584 1243 955 1298 fatidicarum
991 1243 1237 1297 sortium
1273 1243 1468 1310 ﬁdem,
1505 1257 1704 1312 quaeve
1741 1239 2050 1310 augurales

399 1333 808 1405 portenderent
838 1333 1005 1386 alites
1037 1331 1426 1386 scientissime
1459 1330 1698 1394 callens,
1741 1328 2051 1400 aliquoties

397 1421 734 1494 praedixisse
767 1422 980 1475 futura.
1017 1421 1204 1491 Super
1233 1419 1324 1474 bis
1365 1419 1824 1474 intendebantur
1854 1418 1903 1472 ei
1938 1417 2053 1472 alia

395 1525 629 1583 quoque
656 1528 688 1564 a
721 1509 1016 1581 proposito
1047 1509 1194 1580 legis
1225 1508 1600 1563 abhorrentia
1641 1509 1732 1562 cui
1772 1507 2052 1579 praeside-

397 1599 520 1655 bat.
553 1603 718 1653 Hunc
749 1615 852 1670 per
883 1597 1377 1669 subscriptionem
1410 1597 1661 1667 abjicere
1696 1598 1831 1651 sede
1863 1613 2052 1651 sacer-

397 1687 576 1743 dotali
612 1688 775 1760 paria
808 1689 1069 1743 sentiens
1101 1687 1344 1753 caeteris,
1370 1687 1615 1758 jubente
1649 1686 1932 1757 principe,
1961 1685 2052 1739 Li-

397 1777 596 1832 berius
657 1777 917 1830 monitus
1002 1779 1436 1847 perseveranter
1493 1774 1894 1829 renitebatur:
1949 1789 2053 1828 nec

2157 629 2218 667 se
2251 614 2411 667 ferat.
2461 617 2752 670 Adornato
2799 632 3058 687 namque
3105 615 3162 670 in
3195 615 3450 671 ecclesiae
3480 616 3663 671 vicem
3703 634 3804 688 pa-

2157 701 2316 767 latio,
2350 703 2546 773 populi
2579 705 3009 775 Christianique
3039 709 3224 760 coetus
3248 705 3372 760 loco
3396 709 3514 761 tres
3535 706 3646 761 sibi
3672 723 3807 777 spa-

2158 792 2340 845 dones
2373 793 2574 847 adesse
2591 794 2782 862 jubet.
2821 797 3161 867 Denumque
3186 796 3486 866 improbos
3508 799 3628 850 tres
3651 798 3812 851 cata-

2158 896 2386 951 scopos,
2438 881 2492 933 id
2546 887 2634 936 est
2682 884 3072 954 exploratores
3129 884 3307 954 (haud
3363 884 3518 939 enim
3549 884 3808 956 episcopi

2158 970 2584 1040 nuncupandi),
2612 973 2895 1042 compulit
2922 977 2985 1026 ut
3008 972 3254 1027 Felicem
3282 974 3594 1043 quemdam
3623 973 3801 1027 mori-

2159 1057 2270 1111 bus
2303 1056 2412 1110 sibi
2446 1058 2809 1113 consimilem
2841 1059 3031 1114 virum
3064 1061 3120 1114 in
3171 1060 3298 1132 ipso
3329 1061 3543 1131 palatio
3574 1061 3807 1116 ordina-

2160 1151 2289 1199 rent
2319 1145 2679 1217 episcopum.
2717 1148 2920 1218 Populi
2954 1166 3226 1220 namque,
3262 1149 3668 1204 animadversa
3691 1150 3808 1204 ha;-

2160 1235 2471 1289 reticorum
2508 1237 2994 1307 prmvaricatione,
3026 1239 3222 1293 aditus
3271 1239 3386 1294 illis
3418 1239 3489 1293 ad
3533 1239 3811 1294 ecclesias

2159 1324 2635 1392 intercluserunt,
2669 1330 2725 1380 et
2758 1326 2956 1398 procul
2989 1328 3342 1383 abscessere.
3379 1328 3485 1390 Qui
3519 1327 3675 1383 Felix
3706 1329 3811 1384 Ca-

2162 1413 2471 1468 tholicisne
2505 1420 2723 1485 postea,
2757 1433 2828 1469 an
2861 1416 3091 1471 Arianis
3140 1418 3314 1472 rebus
3345 1417 3806 1488 studuerit,jam

2163 1503 2404 1573 quaestio
2438 1508 2526 1558 est
2558 1503 2712 1558 inter
2740 1505 3074 1577 scriptores.

2231 1593 2321 1646 20.
2380 1595 2736 1649 Constantius
2781 1596 3002 1650 hortatu
3032 1596 3375 1652 Arianorum
3432 1598 3654 1652 Hosium
3697 1607 3814 1654 ten-

2160 1683 2262 1736 tat.
2293 1683 2446 1737 Hosii
2473 1685 2707 1754 epistola
2725 1684 2795 1738 ad
2827 1685 3314 1741 Constantium.-—
3344 1686 3536 1742 Unum
3555 1687 3814 1743 restabat

2163 1769 2394 1825 Arianis
2426 1773 2579 1844 quod
2609 1773 2862 1829 maxime
2884 1775 3040 1829 cordi
3068 1778 3212 1840 erat,
3245 1778 3311 1830 ut
3332 1774 3552 1830 scilicet
3569 1776 3812 1831 Hosium

395 1865 590 1921 visum
621 1866 943 1930 hominem,
979 1881 1082 1920 nec
1103 1865 1375 1919 auditum
1407 1866 1687 1919 damnare
1719 1864 1882 1918 nefas
1915 1862 2052 1917 ulti-
2084 1892 2131 1956 Β
2165 1858 2332 1914 illum
2365 1862 2758 1916 venerandum
2795 1866 2851 1916 et
2884 1862 3136 1917 nobilem
3170 1879 3368 1918 senem
3401 1863 3458 1918 in
3487 1880 3655 1918 suam
3686 1880 3816 1919 sen-

399 1972 565 2010 mum
598 1971 748 2025 saepe
779 1953 1134 2022 exclamans,
1170 1958 1368 2025 aperte
1419 1952 1640 2007 scilicet
1675 1952 2052 2008 recalcitrans

400 2043 770 2115 imperatoris
801 2043 1061 2097 arbitrio.
1099 2044 1157 2097 Id
1191 2043 1345 2097 enim
1382 2042 1499 2110 ille,
1536 2042 1860 2097 Athanasio
1895 2058 2055 2096 sem-

405 2150 507 2206 per
538 2133 806 2198 infestus,
833 2131 967 2186 licet
998 2132 1173 2188 sciret
1203 2131 1535 2202 impletum,
1568 2136 1766 2186 tamen
1804 2130 2054 2186 auctori-

399 2226 518 2278 tate
547 2238 780 2293 quoque
838 2239 956 2292 qua
1003 2221 1255 2292 potiores
1307 2225 1532 2276 aeternae
1596 2220 1766 2275 Urbis
1798 2219 2054 2291 episcopi

401 2310 647 2377 ﬁrmari,
683 2309 973 2364 desiderio
1023 2310 1319 2364 nitebatur
1348 2309 1598 2364 ardenti.
1649 2309 1771 2371 Quo
1804 2325 1920 2363 non
1952 2308 2057 2363 im-

402 2404 626 2473 petrato
665 2399 924 2454 Liberius
955 2415 1127 2470 aegre,
1160 2398 1356 2470 populi
1388 2403 1569 2463 metu,
1591 2398 1828 2468 quiejus
1861 2414 2057 2452 amore

401 2490 706 2561 ﬂagrabat,
730 2505 864 2542 cum
899 2504 1113 2558 magna
1136 2487 1512 2554 difﬁcultate,
1533 2487 1720 2541 noctis
1749 2487 1940 2541 medio
1963 2503 2058 2558 po-

399 2577 510 2631 tuit
570 2577 879 2648 asportari.
918 2600 945 2625 »
1005 2577 1167 2640 Quod
1217 2576 1435 2631 ethnici
1488 2575 1743 2630 hominis
1794 2575 2056 2630 testimo-

401 2666 587 2731 nium,
659 2667 933 2721 Romanaa
991 2666 1148 2719 sedis
1207 2665 1552 2719 auctoritate
1613 2665 2057 2734 comprobanda:

396 2753 804 2824 peridoneum,
866 2754 1136 2825 iniquum
1192 2770 1333 2808 sane
1388 2753 1711 2808 Athanasio
1761 2757 1868 2818 est,
1898 2753 2053 2823 quod

403 2842 665 2911 augurali
700 2843 808 2896 arti
841 2843 1066 2897 tribuat
1110 2858 1235 2896 eam
1269 2841 1554 2897 divinitus
1605 2842 1854 2897 inditam
1888 2842 2059 2897 Atha-

401 2931 573 2984 nasio
607 2930 937 2985 facultatem
970 2932 1166 2986 futura
1199 2931 1610 3002 prospiciendi,
1643 2948 1822 3002 quam
1854 2935 2055 2985 sancto

401 3018 529 3072 viro
562 3019 800 3074 ascribit
848 3021 1204 3075 Sozomenus
1250 3022 1326 3091 (a)
1361 3021 1458 3075 ubi
1494 3019 1662 3074 illum
1707 3037 1740 3074 a
1769 3021 1884 3075 Deo
1929 3037 2056 3074 mo-

402 3107 593 3162 nitum
626 3108 882 3179 pericula
899 3125 1049 3180 sape
1072 3110 1407 3180 praevidisse
1430 3108 1873 3180 declinasseque
1895 3125 2054 3163 com-

408 3202 714 3251 memorat.
748 3197 915 3252 Illam
954 3199 1154 3252 futura
1179 3197 1568 3268 prospiciendi
1595 3197 1710 3252 vim
1739 3197 1796 3250 in
1833 3197 2053 3252 crimen

2159 1949 2404 2003 tentiam
2427 1951 2830 2020 perducerent.
2855 1954 2978 2017 Qua
3002 1953 3073 2006 de
3097 1969 3156 2007 re
3178 1952 3586 2008 Constantium
3609 1969 3816 2008 conve-

2162 2036 2334 2091 niunt
2366 2039 2453 2107 (c),
2489 2044 2729 2094 monent
2786 2039 3078 2094 nihildum
3115 2045 3310 2096 actum
3361 2057 3509 2108 esse,
3556 2041 3670 2097 nisi
3703 2041 3818 2098 sibi

2163 2126 2405 2196 suisque
2437 2129 2604 2184 factis
2637 2145 2886 2198 magnus
2915 2129 3013 2183 ille
3044 2130 3258 2185 Hosius
3288 2129 3671 2186 confessionis
3700 2129 3820 2203 glo-

2164 2214 2252 2270 ria
2271 2217 2622 2287 conspicuus
2640 2217 3008 2288 astipuletur.
3031 2219 3258 2290 Rogant
3280 2223 3344 2273 ut
3362 2219 3552 2274 virum
3576 2220 3819 2291 perinde

2165 2308 2341 2376 atque
2373 2310 2607 2361 caeteros
2634 2306 2682 2360 vi
2717 2306 3047 2379 compellat,
3097 2312 3161 2362 ut
3191 2323 3390 2364 secum
3423 2309 3818 2364 communicet

2166 2394 2486 2450 Athanasiu
2499 2413 2674 2467 mque
2695 2397 2955 2451 damnet.
2976 2397 3076 2452 His
3098 2397 3374 2453 inductus
3400 2398 3718 2469 imperator
3732 2415 3819 2455 se-

2167 2499 2302 2539 nem
2333 2484 2557 2555 accivit,
2595 2486 2694 2556 qui
2728 2486 3059 2541 centenario
3091 2488 3280 2557 major
3318 2504 3501 2542 annos
3525 2489 3649 2558 jam
3681 2487 3816 2560 plus

2169 2573 2472 2642 sexaginta
2501 2574 2896 2646 episcopalem
2928 2577 3251 2647 occupabat
3280 2577 3496 2631 sedem.
3533 2577 3820 2633 Acceden-

2165 2665 2280 2717 tem
2314 2663 2558 2717 Hosium
2583 2664 2827 2736 rogabat
2857 2665 3254 2730 Constantius,
3273 2665 3624 2736 lenibusque
3647 2665 3818 2722 dictis

2166 2740 2514 2807 hortabatur
2542 2765 2604 2806 ut
2632 2758 2834 2808 contra
2854 2754 3244 2809 Athanasium
3267 2754 3615 2810 sententiam
3634 2756 3817 2826 daret,

2163 2841 2512 2913 Arianisque
2531 2843 2945 2897 communione
2969 2844 3317 2914 jungeretur
3338 2849 3511 2909 atque
3537 2844 3815 2900 amicitia.

2167 2931 2374 2995 Senex,
2410 2931 2508 3002 qui
2542 2931 2622 2985 rei
2657 2931 2996 3003 hujusmodi
3023 2932 3110 2986 vel
3143 2933 3409 2987 auditum
3442 2948 3590 3004 aegre
3622 2934 3814 3000 ferret,

2167 3020 2531 3090 indignatus,
2568 3024 2722 3090 quod
2757 3020 2934 3075 talem
2957 3020 3276 3091 imperator
3295 3021 3606 3076 obtulisset
3623 3021 3818 3077 condi-

2163 3107 2407 3171 tionem,
2440 3109 2630 3163 virum
2650 3110 2859 3164 acriter
2877 3108 3213 3180 compellat,
3228 3114 3426 3165 monet
3450 3115 3516 3165 ut
3534 3111 3708 3165 ﬁnem
3733 3111 3818 3165 fa-

2169 3197 2285 3251 ciat
2315 3198 2654 3268 bujusmodi
2683 3199 2860 3253 verba
2890 3199 3239 3268 proferendi,
3274 3198 3526 3255 clamare
3566 3199 3648 3254 ait
3679 3198 3816 3254 facti

404 3287 690 3340 vocabant
722 3287 968 3358 gentiles
1001 3292 1056 3341 et
1085 3287 1358 3351 haeretici,
1395 3287 1560 3358 quasi
1624 3287 1847 3342 scilicet
1870 3286 1928 3340 id
1961 3287 2057 3342 ille
2089 3273 2130 3338 C
2169 3285 2574 3341 insolentiam:
2601 3288 2838 3341 demum
2871 3287 3042 3341 dictis
3065 3287 3188 3342 suis
3219 3305 3567 3359 persuasum
3594 3305 3660 3344 ac
3691 3305 3818 3360 per-

408 3375 653 3446 magicis
694 3376 919 3430 artibus
965 3380 1440 3447 consequeretur.
1497 3375 1570 3430 Ut
1602 3376 1789 3429 fertur
1833 3380 2052 3441 autem,

407 3465 662 3534 quodam
687 3468 967 3535 tempore,
1001 3465 1319 3520 Athanasio
1352 3481 1452 3535 per
1483 3465 1688 3519 urbem
1729 3465 2052 3534 incedente,

395 3552 554 3608 forte
597 3553 1029 3624 supervolitans
1081 3554 1281 3609 cornix
1334 3554 1651 3608 crocitavit.
1701 3554 1896 3609 Turba
1921 3571 2054 3609 vero

406 3641 733 3717 gentilium,
769 3659 897 3715 quae
930 3649 1054 3697 tum
1111 3644 1332 3711 aderat,
1369 3643 1537 3713 quasi
1571 3643 2052 3714 prrestigiatorem

403 3733 698 3797 deridens,
733 3732 975 3804 rogabat
1013 3732 1295 3804 quidnam
1330 3732 1531 3786 cornix
1561 3731 1663 3786 illa
1694 3733 2053 3803 praenuntia-

405 3826 511 3877 ret.
549 3825 619 3875 At
649 3820 744 3875 ille
783 3822 1042 3877 suaviter
1094 3822 1324 3876 ridens:
1383 3822 1542 3886 Cras,
1575 3821 1787 3892 inquit,
1817 3821 2048 3876 clamat.

404 3911 463 3965 ld
499 3915 694 3965 autem
724 3910 1066 3975 vociterans,
1099 3910 1485 3981 injucundam
1509 3911 1670 3965 vobis
1705 3912 1822 3965 fore
1852 3913 2054 3966 crasti-

401 4016 535 4054 nam
577 4000 731 4054 diem
763 3999 1090 4053 denuntiat.
1120 3999 1424 4069 Signiﬁcat
1452 3999 1607 4053 enim
1639 3999 1802 4054 vobis
1833 4000 1905 4053 ab
1938 4005 2051 4054 im-

397 4093 665 4160 peratore
716 4087 1074 4152 prohibitum
1108 4088 1199 4154 iri,
1256 4105 1326 4142 ne
1357 4105 1487 4142 cras
1539 4089 1752 4142 festum
1788 4089 1942 4143 diem
1977 4089 2048 4144 de

398 4194 559 4232 more
589 4177 910 4232 celebretis.
935 4177 1068 4239 Qum
1102 4177 1410 4232 Athanasii
1455 4177 1770 4248 praedictio,
1804 4183 1860 4231 et
1890 4179 1936 4232 si
1972 4179 2048 4232 ri-

397 4266 593 4322 dicula
621 4266 745 4320 visa
786 4265 902 4320 illis
932 4271 1042 4335 est,
1077 4283 1212 4321 vera
1261 4271 1460 4320 tamen
1513 4266 1642 4320 fuit.
1699 4268 2048 4337 Insequente

397 4355 555 4410 enim
588 4355 680 4409 die
735 4354 1184 4426 magistratibus
1235 4354 1473 4409 redditae
1505 4359 1645 4409 sunt
1675 4355 2047 4426 imperatoris

394 4443 622 4511 litteras,
654 4447 917 4498 vetantes
950 4459 1020 4498 ne
1053 4444 1297 4515 paganis
1320 4444 1538 4514 templa
1559 4444 1720 4499 adire
1745 4461 1870 4510 sua,
1906 4463 2046 4501 neve

394 4532 687 4588 solemnes
718 4549 1018 4588 sacrorum
1051 4533 1196 4588 ritus
1223 4549 1289 4588 ac
1313 4533 1576 4604 publicos
1607 4539 1927 4590 conventus
1953 4552 2043 4591 ce-

395 4621 622 4678 lebrare
651 4621 871 4677 liceret.

464 4712 552 4767 49.
585 4713 743 4767 Felix
771 4713 832 4766 in
863 4713 1071 4767 Liberii
1100 4713 1281 4768 locum
1311 4712 1605 4781 adlegitur.
1644 4743 1710 4751 —
1744 4711 1913 4768 Pulso
1947 4713 2044 4768 Li-

392 4801 575 4867 berio,
608 4801 678 4855 de
729 4817 1070 4856 successore
1114 4801 1422 4874 deligendo
1476 4805 1670 4855 actum
1707 4801 1834 4855 fuit.
1881 4803 2043 4867 Quod

391 4906 569 4961 quam
599 4889 860 4961 indigne,
894 4908 1072 4961 quam
1107 4897 1308 4946 contra
1331 4889 1788 4945 ecclesiasticum
1820 4908 2043 4946 morem

390 4984 689 5049 peractum
721 4979 816 5048 sit,
848 4978 929 5034 ita
955 4984 1156 5033 narrat
1183 4979 1540 5033 Athanasius
1575 4980 1683 5049 (b):
1722 4982 2045 5051 imperator

387 5067 714 5138 Epictetum
758 5069 1094 5138 quemdam,
1131 5069 1412 5123 audacem
1446 5068 1896 5136 adolescentem,
1941 5071 2041 5139 qui

383 5158 494 5211 etsi
528 5156 856 5228 neopbytus
885 5157 945 5210 in
977 5157 1317 5228 episcopum
1351 5157 1613 5211 adlectus
1644 5159 1850 5224 fuerat,
1886 5160 2040 5229 quod

387 5247 458 5301 ad
491 5246 654 5301 nulla
706 5263 823 5301 non
854 5245 1076 5301 scelera
1123 5251 1394 5318 paratum
1458 5251 1915 5317 promptumque
1947 5265 2041 5303 co-

381 5339 689 5408 gnosceret
717 5335 775 5389 in
804 5334 1010 5390 amicis
1041 5335 1316 5399 habebat,
1351 5336 1596 5405 ejusque
1632 5351 1807 5405 opera
1836 5336 2042 5392 invisis

375 5424 497 5479 sibi
511 5424 808 5495 episcopis
831 5424 1116 5479 arbitratu
1142 5441 1248 5479 suo
1272 5424 1518 5495 parabat
1539 5423 1802 5480 insidias.
1829 5425 2042 5496 Hujus-

384 5513 545 5569 modi
575 5513 773 5584 itaque
803 5531 948 5570 usus
980 5513 1328 5569 administro
1348 5529 1469 5568 rem
1495 5511 1662 5583 plane
1687 5515 2039 5584 stupendam

456 5654 534 5730 (si
559 5655 689 5730 ειιίξ»
734 5672 979 5730 ιναθαρ-
1006 5657 1074 5730 ,5-

455 5727 536 5800 (b)
564 5726 777 5785 Athan.
809 5726 945 5786 Hist?
977 5729 1172 5786 Arian.
1208 5728 1287 5786 ad
1325 5726 1641 5799 medios,
1671 5744 1734 5786 n.
1764 5729 1858 5784 75.

2168 3375 2436 3429 territum
2457 3375 2734 3430 deducite
2754 3376 3046 3430 sententia
3070 3394 3081 3442 ;
3099 3379 3273 3447 atque
3287 3376 3620 3448 itaintegris
3636 3377 3814 3432 rebus

2167 3463 2317 3518 redit
2345 3464 2402 3518 in
2436 3465 2686 3535 patriam
2720 3465 2850 3519 etin
2883 3463 3189 3520 ecclesiam
3215 3482 3405 3520 suam.
3429 3465 3540 3520 Sed
3559 3482 3692 3521 cum
3711 3466 3812 3521 ab-

2167 3556 2329 3607 sente
2359 3570 2424 3608 eo
2457 3552 2708 3608 haeretici
2731 3553 2885 3608 baud
2919 3553 3045 3608 sine
3068 3553 3450 3624 querimoniis
3467 3563 3523 3609 et
3541 3553 3813 3611 lamentis

2165 3641 2355 3696 denuo
2388 3642 2754 3713 instigarent,
2774 3647 3067 3714 urgerent,
3092 3647 3148 3697 et
3164 3660 3271 3698 sua
3291 3643 3814 3714 eunuchorumque

2162 3746 2340 3801 opera
2370 3729 2548 3786 nullis
2579 3748 2692 3785 non
2745 3730 3030 3785 machinis
3078 3730 3440 3786 levissimum
3489 3732 3813 3787 Constantii

2162 3818 2427 3874 animum
2459 3823 2747 3887 tentaret;
2795 3820 3082 3891 acquievit
3113 3821 3350 3874 demum
3376 3819 3473 3875 ille
3504 3820 3812 3892 postulatis

2162 3908 2612 3976 assentantium,
2646 3908 2991 3980 litterasque
3032 3908 3326 3964 minarum
3359 3909 3561 3980 plenas
3593 3910 3663 3963 ad
3706 3910 3813 3966 Ho-

2161 3997 2312 4052 sium
2330 3998 2662 4052 misit.Hinc
2680 3997 2890 4052 Hosius
2903 3997 3698 4068 contumeliis,periculorum
3717 3999 3814 4054 de-

2161 4103 2236 4140 nu
2248 4087 2526 4142 ntiatione
2543 4087 2870 4159 exagitatur
2890 4103 2903 4141 :
2920 4103 3107 4157 neque
3123 4089 3316 4141 tamen
3335 4086 3679 4142 insidiarum
3695 4104 3808 4143 me-

2159 4179 2224 4230 tu
2257 4177 2327 4230 de
2360 4176 2649 4230 sententia
2679 4174 3027 4240 dimovetur,
3057 4176 3158 4230 sed
3195 4176 3443 4232 ﬁdenter
3461 4175 3727 4230 heresim
3747 4179 3809 4230 ut

2159 4265 2399 4336 impiam
2428 4264 2780 4334 noxiamque
2794 4264 3282 4334 traducitubique
3300 4264 3584 4318 locorum.
3601 4263 3811 4319 Hisau—

2157 4354 2297 4410 ditis
2328 4353 2711 4409 Constantius
2742 4353 2916 4423 cmpit
2945 4353 3103 4407 senis
3125 4352 3388 4407 animum
3411 4352 3635 4408 iteratis
3655 4351 3808 4408 litte-

2156 4443 2237 4497 ris
2267 4442 2599 4507 sollicitare,
2635 4443 2810 4496 modo
2840 4442 3257 4512 adulariquasi
3290 4446 3537 4513 patrem,
3572 4458 3705 4497 mox
3724 4441 3810 4496 in-

2155 4531 2457 4588 terminari
2481 4530 2685 4586 exsiliu
2698 4549 2774 4584 m.
2795 4531 3051 4585 Necdum
3069 4535 3266 4584 tamen
3288 4529 3388 4585 ille
3403 4530 3491 4584 vel
3510 4530 3804 4585 minarum

2079 4643 2121 4706 D
2154 4621 2689 4691 etimpendentium
2707 4619 2996 4674 malorum
3014 4619 3324 4674 formidine
3339 4618 3808 4674 velblandimen-

2152 4714 2350 4764 torum
2385 4708 2691 4774 illecebris,
2725 4708 2899 4762 cessit
2929 4724 2959 4760 e
2990 4707 3298 4762 sententia.
3343 4707 3464 4762 Imo
3495 4707 3805 4778 epistolam

2151 4798 2491 4853 constantiae
2522 4802 2579 4851 et
2611 4796 2906 4851 ﬁrmitatis
2936 4795 3338 4866 plenissimam
3370 4795 3674 4867 rescripsit
3701 4797 3807 4850 im-

2155 4887 2425 4959 peratori,
2461 4887 2799 4958 signiﬁcans
2830 4902 2892 4939 se
2917 4886 3042 4956 jam
3075 4886 3299 4956 pridem
3325 4887 3434 4941 sub
3455 4885 3806 4942 Maximiano

2152 4994 2256 5049 pro
2289 4976 2505 5032 Christi
2529 4977 2764 5030 nomine
2788 4992 3048 5046 passum,
3072 4979 3337 5045 paratum
3357 4992 3482 5030 esse
3501 4975 3570 5029 ad
3593 4992 3803 5030 aerum-

2155 5084 2261 5122 nas
2293 5064 2604 5137 quaslibet,
2641 5066 2689 5120 si
2721 5065 2800 5118 sit
2820 5081 2990 5136 opus,
3023 5082 3125 5136 pro
3146 5064 3388 5119 veritate
3409 5064 3800 5135 perferendas.

2153 5156 2369 5221 Monet,
2404 5154 2751 5208 Arianorum
2784 5153 3110 5208 doctrinam
3144 5170 3214 5206 ne
3256 5157 3512 5218 tueatur,
3554 5170 3666 5208 neu
3696 5153 3803 5208 Ur-

2152 5247 2310 5301 sacio
2343 5251 2398 5300 et
2427 5243 2652 5299 Valenti
2685 5243 2900 5297 habeat
2930 5244 3122 5297 ﬁdem.
3154 5243 3275 5297 Non
3309 5247 3429 5297 tam
3461 5241 3592 5297 illos
3623 5241 3803 5298 Atha-

2153 5335 2301 5390 nasii
2335 5332 2649 5406 perniciem
2680 5331 3025 5401 machinari,
3058 5348 3235 5402 quam
3259 5330 3542 5401 impietati
3577 5329 3802 5386 Arianae

2153 5424 2431 5496 augenda:
2462 5427 2636 5492 atque
2670 5421 3073 5492 promovenda:
3092 5421 3346 5474 studere.
3371 5419 3804 5475 Commemorat

2152 5529 2280 5584 quae
2313 5513 2370 5566 in
2399 5508 2730 5566 Sardicensi
2764 5510 2985 5579 synodo
3015 5514 3180 5581 gesta
3200 5512 3417 5573 essent,
3449 5508 3798 5564 Arianorum

2220 5656 2290 5729 (ε)
2321 5654 2532 5711 Athan.
2563 5651 2732 5722 ibid.,
2766 5667 2824 5705 u.
2861 5651 2949 5721 43,
2985 5654 3069 5707 44.
