4166 6402
381 387 566 446 CXXVI

1778 373 2387 444 PHOLEGOMENA.

380 517 626 585 metum,
667 515 1088 575 conscientiam
1107 513 1415 587 scelerum,
1463 519 1695 590 turpem
1719 515 1775 571 in
1793 530 2031 588 conspe—
2059 515 2114 582 Α
2145 512 2285 570 serti
2315 511 2508 570 incola
2536 509 2932 585 Antonius(b),
2955 525 3141 569 annos
3170 507 3432 585 quinque
3453 524 3634 584 supra
3654 523 3794 566 cen-

381 607 481 660 ctu
511 605 716 677 synodi
751 607 966 679 fugam.
1001 611 1062 662 In
1079 611 1332 663 mentem
1366 613 1592 662 revocat
1613 605 2026 676 Ursaciiatque

379 691 644 750 Valentis
662 696 1085 767 pcenitentiam,
1105 714 1221 768 qua
1238 696 1429 768 palam
1445 701 1597 752 esset
1612 695 1826 751 insonti
1849 695 2025 749 Atha-

383 783 548 839 nasio
579 783 761 840 fuisse
811 785 1056 840 crimina
1086 785 1300 841 oblata.
1353 785 1629 841 Hortatur
1660 801 1732 839 ne
1762 801 1823 840 se
1854 785 2029 839 rebus

378 866 1130 929 immisceatecclesiasticis
1156 891 1168 928 :
1201 873 1398 942 «Tibi,
1429 874 1638 945 inquit,
1668 875 1815 929 Deus
1838 873 2028 944 impe—

383 959 559 1031 rium,
593 961 760 1017 nobis
791 961 1185 1018 ecclesiastica
1214 963 1592 1019 concredidit.
1638 965 1710 1018 Ac
1742 961 2026 1034 quemad-

383 1050 622 1104 modum
655 1050 753 1121 qui
787 1050 889 1105 tibi
921 1051 1235 1123 imperium
1260 1053 1527 1124 eriperet,
1561 1053 1670 1107 Deo
1703 1051 2027 1123 providenti

381 1142 759 1211 repugnaret;
795 1139 876 1193 ita
899 1145 1091 1195 metue
1124 1157 1194 1195 ne
1227 1141 1275 1195 si
1299 1141 1401 1195 tibi
1426 1141 1821 1196 ecclesiastica
1839 1140 2028 1194 vindi-

379 1241 495 1296 ces,
530 1227 722 1300 magni
757 1227 1023 1283 criminis
1054 1244 1189 1283 reus
1217 1229 1450 1284 evadas.
1485 1251 1511 1278 ››
1548 1229 1620 1284 Se
1654 1229 1868 1284 nedum
1892 1245 2026 1283 cum

374 1315 606 1371 Arianis
635 1317 983 1384 consentiat,
1017 1333 1219 1372 eorum
1253 1317 1520 1373 haresim
1552 1318 1920 1373 anathemate
1944 1317 2024 1372 fe-

378 1403 491 1460 rire
518 1403 941 1471 ;Athanasium
973 1421 1105 1461 vero
1125 1405 1368 1462 minime
1391 1407 1692 1471 damnare,
1718 1423 1894 1478 quem
1921 1406 2028 1460 Ro-

378 1508 555 1548 mana
583 1492 857 1559 Ecclesia,
892 1493 1240 1549 universalis
1271 1496 1553 1567 synodus,
1581 1495 1821 1567 ipseque
1843 1495 2026 1566 impe-

378 1585 538 1637 rator
568 1599 672 1654 pro
701 1581 934 1638 insonte
964 1582 1284 1639 habuisset.
1337 1584 1466 1639 Hac
1498 1589 1624 1639 tum
1659 1585 1892 1655 Hosius,
1925 1585 2025 1656 qui

377 1668 535 1726 haud
570 1671 692 1738 diu,
726 1675 790 1726 ut
817 1670 970 1726 infra
990 1677 1368 1744 memoratur,
1399 1673 1454 1728 in
1479 1673 1658 1745 probo
1681 1673 2026 1744 hujusmodi

378 1757 676 1830 proposito
689 1759 1362 1832 perseveravit.Namque
1377 1763 1754 1816 Constantius
1770 1779 1874 1817 nec
1891 1762 2029 1816 insi-

379 1846 611 1903 diarum
635 1847 810 1902 finem
827 1847 1174 1920 fecit,neque
1190 1849 1706 1906 desiitoccasiones
1721 1850 2024 1922 aucupari,
2057 1887 2105 1951 B

379 1935 689 2008 minasque
718 1935 778 1992 in
814 1952 1013 1992 senem
1037 1937 1343 1994 intentare.
1370 1941 1753 1995 Accesserunt
1780 1939 2024 1995 Ariano-

379 2039 512 2079 rum
541 2024 999 2091 criminationes,
1021 2027 1420 2097 querimonia,
1436 2027 1764 2084 maledicta.
1783 2027 2032 2083 Aiebant

378 2127 536 2183 eum,
569 2114 784 2170 nedum
815 2113 1202 2170 Athanasium
1223 2116 1550 2181 damnaret,
1583 2116 1852 2172 haresim
1871 2117 2033 2172 Aria-

379 2217 517 2259 nam
549 2203 695 2258 diris
740 2219 942 2259 vovere
989 2208 1163 2274 atque
1209 2205 1590 2276 proscribere,
1637 2205 2032 2278 omnibusque

379 2295 676 2347 auctorem
705 2308 834 2347 esse
857 2296 922 2346 ut
953 2291 1126 2348 ﬁdem
1160 2291 1508 2348 catholicam
1541 2293 1827 2366 integram
1852 2293 2028 2349 intac-

376 2382 618 2452 tamque
632 2385 880 2435 servent.
899 2380 1146 2452 Insuper
1162 2382 1840 2454 monentConstantium,
1857 2383 2033 2455 pluri-

379 2469 581 2525 mosin
594 2469 876 2540 Hispania
891 2470 1095 2525 eadem
1111 2486 1239 2526 esse
1258 2474 1432 2542 atque
1452 2470 1694 2527 Hosium
1715 2473 2028 2539 sententia,

379 2573 631 2630 quorum
660 2555 977 2630 imperator
1023 2558 1302 2632 suffragia
1331 2559 1610 2615 adversus
1640 2560 2030 2617 Athanasium

379 2645 733 2719 postulabat.
766 2646 835 2701 Hi
868 2663 1001 2703 cum
1035 2663 1149 2702 non
1181 2652 1342 2703 metu
1373 2649 1760 2720 imperatoris,
1787 2667 1901 2706 non
1926 2651 2034 2706 mi-

380 2735 496 2800 nis,
529 2751 643 2790 non
675 2733 1194 2806 pollicitationibus
1217 2753 1283 2791 eo
1313 2737 1523 2792 adduci
1548 2743 1807 2810 possent,
1835 2739 1891 2794 in
1916 2740 2029 2795 Ho-

381 2823 538 2879 sium
569 2823 779 2878 ducem
808 2823 1054 2878 vertitur
1081 2823 1407 2880 Constantii
1441 2825 1618 2881 furor.
1652 2828 1888 2883 Accitus
1920 2827 2028 2883 ita-

382 2927 497 2985 que
527 2928 702 2968 senex
731 2928 883 2968 anno
917 2912 1141 2985 integro
1161 2913 1357 2969 Sirmii
1379 2914 1692 2970 detinetur.
1720 2917 1834 2972 Res
1856 2933 2028 2989 quor-

382 3016 516 3057 sum
548 3001 815 3070 evaserit,
851 3001 1000 3055 infra
1039 3006 1420 3058 memoratur.

450 3089 540 3145 21.
572 3091 889 3161 Pro/ligatis
933 3089 1073 3146 aliis
1115 3091 1465 3147 Constantius
1511 3093 1885 3148 Athanasium
1927 3112 2029 3165 ag-

380 3178 645 3251 greditur.
677 3208 746 3218 -—-
775 3178 1149 3235 Constantius
1179 3179 1377 3253 igitur,
1427 3186 1743 3254 postquam
1783 3187 2024 3251 terrore,

2137 606 2262 658 tum
2299 607 2491 668 natus,
2524 603 2623 674 qui
2647 603 2899 658 instante
2929 606 3133 672 morte,
3159 599 3479 672 discipulos
3521 599 3792 656 hortatus

2139 691 2345 747 multis
2377 693 2447 748 ad
2481 710 2623 747 vera
2665 693 2797 746 fidei
2851 692 3200 764 virtutisque
3252 689 3498 755 cultum,
3550 689 3791 744 demum

2139 796 2417 852 perorans
2449 781 2540 836 his
2573 786 2906 837 commonet
2936 780 3138 836 dictis:
3175 804 3203 830 «
3237 781 3366 835 Mea
3390 779 3545 834 inter
3573 795 3675 833 vos
3704 793 3795 832 ve-

2139 870 2420 925 stimenta
2447 871 2685 925 dividite
2713 887 2724 923 :
2762 869 3195 942 Athanasioque
3225 869 3495 941 episcopo
3518 867 3788 923 melotem

2137 957 2269 1013 date
2302 975 2501 1024 unam,
2537 957 2899 1030 palliumque
2923 975 3036 1030 quo
3061 959 3269 1013 utebar
3289 957 3430 1013 olim
3457 975 3469 1012 :
3503 957 3576 1012 ab
3596 972 3662 1011 eo
3689 971 3790 1010 no-

2135 1063 2272 1102 vum
2301 1063 2663 1118 acceperam,
2689 1048 2816 1118 jam
2841 1047 3119 1102 detritum
3142 1063 3252 1102 usu
3279 1052 3386 1102 est.
3413 1045 3681 1101 Melotem
3705 1043 3793 1098 al-

2135 1137 2316 1190 teram
2349 1135 2655 1208 Sarapioni
2688 1136 2960 1208 episcopo
2991 1136 3204 1191 tradite
3231 1155 3242 1203 ;
3293 1152 3396 1191 vos
3430 1134 3636 1190 habete
3669 1131 3793 1187 cili-

2136 1224 2334 1279 cinum
2363 1225 2795 1282 indumentum.
2828 1227 2897 1280 Et
2926 1226 3078 1297 quod
3106 1225 3394 1297 reliquum
3419 1229 3527 1291 est,
3554 1223 3790 1290 salvete,

2136 1311 2273 1368 ﬁlii:
2307 1315 2596 1370 Antonius
2627 1315 2844 1386 quippe
2875 1315 3012 1370 hinc
3033 1314 3265 1385 migrat,
3291 1331 3394 1369 nec
3427 1313 3579 1368 ultra
3600 1311 3792 1368 vobis-

2136 1417 2271 1456 cum
2301 1403 2429 1458 erit.
2463 1425 2490 1453 »ι
2526 1403 2627 1458 His
2648 1403 2745 1459 ille
2775 1404 2972 1470 dictis,
3009 1403 3234 1475 placido
3269 1401 3455 1468 vultu,
3506 1401 3792 1474 latusque

2135 1490 2396 1546 animam
2409 1492 2642 1547 efflavit.
2660 1493 2766 1556 Qui
2781 1492 3395 1564 autem,subsequitur
3411 1491 3794 1556 Athanasius,

2136 1578 2379 1635 melotes
2411 1586 2467 1634 et
2489 1579 2734 1652 pallium
2759 1597 3053 1652 accepere,
3076 1581 3314 1652 perinde
3336 1585 3641 1636 asservant
3665 1596 3731 1636 ac
3745 1581 3794 1636 si

2137 1668 2333 1741 magni
2355 1686 2444 1724 res
2460 1669 2627 1742 pretii
2653 1674 2887 1736 essent;
2920 1669 3108 1740 iisque
3121 1669 3448 1740 conspectis
3474 1669 3793 1725 Antonium

2135 1774 2197 1813 se
2226 1758 2422 1813 videre
2452 1762 2680 1829 putant,
2717 1758 2787 1813 iis
2820 1758 3018 1814 amicti
3050 1757 3285 1814 Antonii
3317 1757 3542 1814 monita
3563 1763 3796 1831 gestare

2135 1862 2196 1902 se
2227 1846 2607 1902 arbitrantur.
2644 1847 2730 1902 Ita
2761 1847 3042 1902 nimirum
3074 1847 3435 1902 Athanasius
3477 1847 3617 1902 dum
3651 1847 3796 1902 insi-

2142 1935 2256 1990 diis
2288 1935 2695 1990 eunuchorum
2729 1935 3196 2007 Arianorumque
3223 1935 3621 2008 impeteretur,
3655 1935 3797 1992 viris

2142 2023 2245 2080 Dei
2299 2024 2617 2096 percharus
2649 2029 2774 2079 erat
2823 2029 2880 2079 et
2927 2023 2986 2079 in
3037 2024 3265 2079 amicis.
3312 2025 3537 2080 Interea
3585 2025 3798 2080 notarii

2139 2114 2523 2168 adventantes
2552 2112 2964 2168 Alexandriam
2990 2114 3163 2184 jussa
3192 2113 3515 2170 Constantii
3548 2131 3654 2170 nec
3686 2115 3798 2170 im-

2141 2201 2305 2275 pigre
2337 2203 2577 2274 exsequi
2618 2207 2924 2259 conantur.

2209 2295 2374 2347 ANNO
2426 2293 2550 2346 356.
2613 2293 2662 2346 1.
2753 2293 3034 2363 Diogenes,
3089 2292 3341 2348 Hilarius
3411 2303 3464 2348 et
3519 2294 3793 2365 Syrianus

2139 2385 2336 2436 contra
2385 2381 2747 2436 Athanasium
2777 2397 2897 2437 rem
2944 2386 3162 2451 gerunt.
3198 2414 3265 2422 —-
3306 2382 3595 2455 Diogenes
3624 2399 3796 2454 porro

2139 2469 2334 2525 nullas
2363 2470 2435 2525 ab
2466 2470 2817 2542 imperatore
2865 2471 3032 2526 datas
3083 2470 3308 2526 litteras
3353 2471 3596 2527 tradidit
3623 2471 3796 2527 Atha-

2140 2557 2330 2626 nasio,
2360 2575 2466 2614 nec
2492 2559 2551 2613 in
2583 2560 2712 2630 ejus
2732 2576 2991 2630 unquam
3007 2564 3379 2632 conspectum
3408 2561 3584 2616 venit.
3608 2561 3796 2634 Syria-

2139 2664 2252 2702 nus
2283 2651 2480 2703 autem
2508 2647 2626 2702 dux
2653 2647 2903 2720 Egypti,
2932 2647 3021 2703 vel
3055 2649 3164 2704 sub
3192 2649 3345 2704 idem
3370 2666 3484 2721 quo
3508 2649 3795 2722 Diogenes

2139 2739 2394 2807 tempus,
2429 2734 2517 2790 vel
2570 2735 2772 2808 paucis
2820 2741 2952 2808 post
2981 2736 3210 2807 diebus,
3261 2737 3673 2794 Alexandriam
3708 2740 3796 2795 in-

2138 2839 2400 2897 gressus,
2433 2823 2650 2879 instare
2656 2825 2679 2895 j
2691 2825 2980 2896 ubereque
2994 2826 3106 2880 utA
3119 2825 3427 2881 thanasius
3442 2825 3797 2884 Alexandria

2139 2912 2442 2968 decederet
2469 2914 2560 2984 (ο).
2594 2912 2799 2968 Ariani
2829 2918 3024 2969 autem
3049 2913 3267 2986 ubique
3299 2931 3594 2987 spargere,
3619 2916 3676 2971 id
3701 2916 3798 2972 lit-

2138 3001 2303 3066 teris,
2330 2999 2387 3056 id
2393 3001 2417 3072 j
2429 3001 2583 3058 ussis
2596 3001 2992 3073 imperatoriis
3007 3001 3162 3058 ferri.
3188 3002 3608 3060 Sciscitabatur
3625 3021 3798 3078 porro

2137 3105 2206 3145 ex
2236 3089 2480 3162 Syriano
2528 3091 2910 3157 Athanasius,
2942 3108 3084 3146 num
3123 3108 3222 3147 eas
3253 3109 3402 3164 quas
3442 3093 3800 3165 jactitabant

2136 3179 2334 3234 Ariani
2367 3178 2592 3235 litteras
2624 3195 2803 3252 penes
2836 3197 2897 3236 se
2947 3180 3210 3236 haberet.
3244 3181 3392 3237 Cum
3444 3187 3645 3239 autem
3678 3201 3792 3240 non

381 3267 582 3334 minis,
603 3267 826 3332 exsilio,
861 3267 1037 3323 malis
1065 3269 1291 3326 artibus
1321 3269 1629 3343 episcOpos
1651 3288 1799 3343 pene
1825 3289 2028 3328 omnes
2060 3267 2102 3334 C
2141 3267 2356 3323 habere
2387 3285 2448 3324 se
2480 3268 2743 3336 dixisset,
2780 3285 2985 3341 rogare
3029 3269 3406 3338 Athanasius,
3449 3277 3514 3327 ut
3545 3272 3632 3327 vel
3669 3273 3797 3346 ipse

380 3360 485 3413 aut
511 3355 900 3430 proﬂigasset,
924 3361 1027 3412 aut
1055 3359 1127 3413 ad
1159 3358 1598 3415 simulationem
1622 3361 2027 3434 compulisset,

371 3445 498 3518 jam
530 3445 590 3500 in
621 3445 1012 3502 Athanasium
1035 3447 1340 3504 machinas
1372 3449 1625 3504 intendit
1647 3451 1751 3522 (a);
1781 3453 2032 3523 promis-

380 3548 582 3590 sorum
613 3533 836 3590 scilicet
868 3533 1107 3605 oblitus,
1159 3535 1472 3592 immemor
1503 3539 1850 3608 juramenti.
1885 3541 2031 3598 Nam

381 3621 482 3695 qui
513 3622 692 3678 semel
722 3640 756 3677 a
782 3624 1024 3679 veritate
1055 3624 1305 3692 deﬂexit,
1339 3625 1433 3681 hic
1481 3643 1596 3682 non
1629 3629 1852 3699 majore
1896 3629 2034 3686 reli-

379 3709 552 3782 gione
584 3710 654 3764 ad
704 3710 1027 3782 perjurium
1060 3729 1237 3784 quam
1265 3714 1337 3768 ad
1371 3715 1743 3771 mendacium
1789 3719 2026 3789 perduci

379 3798 700 3855 consuevit.
733 3799 849 3854 Hoc
897 3803 1091 3855 autem
1124 3801 1332 3857 callide
1378 3804 1612 3861 Arianis
1665 3807 2034 3874 auctoribus,

379 3889 694 3960 postquam
721 3887 1038 3959 prasulum
1069 3891 1303 3945 turbam
1335 3890 1390 3945 in
1417 3909 1554 3949 suas
1586 3893 1882 3951 allexisset
1907 3913 2034 3967 par-

379 3979 490 4047 tes,
505 3991 818 4048 aggressus
831 3980 938 4044 est,
961 3993 1028 4032 eo
1043 3977 1321 4034 nimirum
1336 3981 1611 4050 consilio,
1628 3988 1692 4038 ut
1711 3985 2032 4042 multorum

381 4063 710 4122 antistitum
727 4065 1308 4137 suﬂ‘ragiaostentare
1323 4074 1541 4141 posset,
1583 4072 2030 4146 Athanasioque

381 4169 496 4209 non
513 4153 685 4209 modo
697 4154 1012 4209 retinenda
1025 4154 1458 4228 dignitatis,sed
1471 4159 1647 4216 etiam
1662 4162 2030 4235 deploranda

379 4241 734 4298 calamitatis
780 4243 1066 4298 adimeret
1121 4249 1486 4316 potestatem.
1541 4249 1745 4322 Itaque
1775 4254 2032 4309 concita—

379 4333 480 4386 tus
508 4329 826 4403 imperator
855 4331 927 4386 ab
959 4331 1730 4406 Arianis,primumlitteras
1763 4342 2029 4398 mittitad

380 4419 590 4475 ducem
621 4423 679 4475 et
703 4420 773 4475 ad
807 4419 1042 4491 milites,
1069 4422 1484 4482 interminatus
1515 4427 1662 4483 iram
1695 4446 1888 4497 suam,
1914 4431 2030 4488 nisi

379 4507 558 4580 probe
587 4511 789 4563 contra
825 4508 1207 4567 Athanasium
1259 4531 1380 4570 rem
1412 4521 1701 4588 gererent.
1737 4520 2034 4592 Legantur

377 4595 521 4651 item
545 4596 756 4652 notarii
787 4597 1070 4671 Diogenes
1101 4607 1156 4656 et
1184 4601 1464 4671 Hilarius,
1501 4609 1568 4660 et
1600 4623 1718 4662 una
1747 4624 1881 4664 cum
1915 4608 2031 4666 illis
2061 4641 2110 4706 Β

377 4682 619 4706 __1-L!_:
655 4685 882 4706 ---Σ-1-..-
946 4687 1041 4706 11,,
1331 4691 1386 4706 tuo
1633 4700 1642 4706 .
1720 4701 1729 4706 .
1784 4699 1795 4706 .
1823 4697 1856 4706 ,ι

377 4682 622 4757 palatini
651 4685 912 4757 quidam.
945 4687 1164 4744 Horum
1182 4691 1495 4748 consilium
1526 4700 1652 4750 erat
1674 4701 1739 4751 ut
1768 4697 2027 4754 Athana-

378 4773 534 4830 sium
565 4773 697 4829 dolo
728 4774 1070 4832 Alexandria
1090 4780 1479 4850 extraherent,
1503 4787 1558 4838 et
1581 4784 1842 4855 quidem,
1880 4792 1944 4842 ut
1962 4805 2032 4844 ex

377 4861 964 4946 imperatorislitteris
978 4871 1180 4938 postea
1193 4871 1592 4927 memorandis
1613 4872 1904 4946 liquidum
1919 4883 2027 4945 est,

379 4941 560 4998 nullis
608 4960 724 4999 non
775 4944 969 5012 malis,
1019 4946 1139 5002 imo
1187 4953 1244 5004 et
1293 4955 1477 5006 morte
1528 4941 1923 5012 multandum.
1970 4941 2028 5013 Si

377 5048 633 5103 namque
662 5031 856 5104 palam
887 5034 1517 5096 etintraurbismania
1543 5044 1826 5100 manusin
1853 5046 2027 5101 Atha-

377 5121 609 5176 nasium
623 5120 903 5178 violentas
917 5123 1086 5179 intuli
1095 5131 1396 5191 ssent,non
1413 5129 1927 5190 deeratturbarum
1943 5141 2032 5192 tu-

379 5209 794 5281 multuumque
810 5210 1078 5268 formido.
1094 5213 1283 5277 Quare
1305 5221 1433 5272 astu
1452 5219 1822 5289 providerant
1838 5223 2026 5281 virum

378 5296 612 5386 pellere,
648 5297 966 5371 pepulique
1007 5303 1276 5374 praesidio
1317 5307 1662 5366 subducere.
1698 5311 1855 5368 Inter
1884 5313 2026 5386 hac,

380 5385 722 5442 imminente
752 5388 1093 5446 Arianorum
1127 5392 1340 5463 furore,
1365 5396 1510 5452 obiit
1532 5415 1784 5474 magnus
1805 5401 1903 5459 ille
1935 5404 2029 5460 de-

450 5634 528 5722 ςᾳ)
561 5634 773 5722 Athan.
806 5638 1162 5722 llisi_.__Arian.
1192 5644 1271 5722 ad
1293 5647 1662 5722 monac/tuin.
1701 5652 1790 5722 47,
1823 5654 1911 5722 48,
1932 5655 2024 5714 50.

380 5699 528 5776 ;.(ι›)
554 5705 768 5765 Athan.
803 5709 862 5766 in
899 5713 1019 5768 Vita
1046 5699 1662 5790 Antonii,
1711 5699 1790 5722 ’⁷³
1833 5699 1911 5727 ’ν’

2144 3357 2447 3429 Syrianus,
2478 3357 2567 3413 vel
2617 3358 2928 3430 prafectus
2957 3359 3184 3431 Egypti
3216 3359 3507 3416 Maximus
3537 3361 3647 3417 hoc
3679 3363 3794 3418 sibi

2133 3446 2373 3518 jnssum
2407 3447 2624 3520 scripto
2654 3449 2970 3504 traderent.
2997 3448 3165 3517 Nam;
3192 3448 3277 3504 uti
3301 3466 3482 3522 supra
3504 3467 3796 3508 memora-

2141 3540 2292 3602 tum,
2315 3536 2702 3592 Athanasium
2721 3536 3097 3594 Constantius
3115 3538 3378 3608 jusserat
3401 3539 3794 3598 nullisinimi-

2144 3641 2346 3680 corum
2379 3626 2581 3682 fraude
2608 3627 2832 3698 sparsis
2881 3625 3220 3683 rumoribus
3252 3629 3496 3696 moveri,
3529 3630 3629 3685 sed
3661 3646 3793 3686 cum

2143 3730 2286 3786 pace
2349 3713 2632 3787 populum
2689 3715 2930 3771 edocere
2974 3732 3169 3771 veram
3219 3715 3600 3788 religionem:
3654 3719 3796 3775 velle

2145 3819 2400 3874 namque
2446 3820 2508 3859 se
2542 3807 2606 3858 ut
2635 3803 2946 3874 tranquille
2977 3804 3214 3877 degeret
3271 3804 3329 3860 in
3365 3822 3474 3861 sua
3523 3807 3793 3878 paracia.

2145 3889 2278 3946 Hac
2299 3906 2475 3946 causa
2499 3895 2643 3956 erat,
2675 3896 2742 3946 ut
2767 3891 2999 3946 nonnisi
3023 3891 3348 3948 Constantii
3365 3895 3540 3963 jussu
3563 3896 3795 3953 civitate

2145 3979 2422 4035 decedere
2449 3978 2638 4035 vellet.
2692 3980 2752 4035 Id
2785 3979 2981 4052 ipsum
3031 3981 3104 4036 ad
3152 3981 3460 4054 Syrianum
3513 3984 3797 4042 adeuntes

2145 4067 2478 4140 populares,
2507 4069 2849 4141 presbyteri,
2883 4068 3101 4137 clerici,
3136 4087 3388 4142 parsque
3427 4072 3682 4129 maxima
3714 4074 3795 4130 ci-

2143 4157 2341 4213 vitatis
2373 4157 2770 4230 postulabant,
2805 4163 3087 4230 prasente
3115 4159 3366 4216 Maximo
3397 4161 3624 4234 Egypti
3656 4179 3796 4236 pra-

2145 4247 2323 4301 fecto:
2375 4247 2656 4303 nimirum
2687 4247 2776 4302 vel
2805 4246 3028 4304 litteras
3076 4249 3251 4318 tradi,
3294 4249 3343 4305 si
3378 4267 3504 4322 qua
3554 4253 3794 4309 tandem

2143 4339 2378 4403 essent;
2410 4334 2497 4391 vel
2529 4335 2844 4391 Ecclesiam
2879 4353 2993 4392 non
3025 4338 3272 4405 turbari,
3305 4339 3490 4395 donec
3511 4355 3578 4396 ea
3615 4343 3687 4398 de
3735 4360 3797 4400 re

2144 4423 2344 4480 missis
2377 4425 2709 4481 oratoribus
2730 4441 2863 4480 cum
2890 4425 3240 4499 imperatore
3265 4433 3552 4499 ageretur.
3574 4431 3796 4503 Populo

2143 4513 2355 4570 acriter
2384 4514 2664 4580 instante,
2711 4514 3016 4587 Syrianus,
3067 4515 3188 4571 sive
3217 4517 3373 4588 quod
3424 4524 3794 4591 perspectum

2141 4602 2384 4659 haberet
2414 4620 2592 4675 quam
2625 4621 2791 4676 aqua
2813 4603 3131 4676 postulatio
3153 4609 3328 4677 esset,
3355 4606 3642 4679 sivequod
3671 4626 3794 4665 mo-

2139 4697 2266 4748 tum
2299 4692 3092 4765 seditionemque,concitata
3116 4692 3305 4766 plebe,
3330 4700 3635 4765 metueret,
3657 4714 3797 4770 pra-

2139 4785 2306 4837 sente
2337 4786 2476 4836 tunc
2526 4781 2762 4852 Hilario,
2815 4782 3405 4857 inspectantibusque
3437 4786 3661 4852 multis,
3695 4805 3799 4860 per

2139 4869 2389 4926 salutem
2423 4870 2747 4926 Constantii
2781 4869 3092 4942 pollicetur
3115 4888 3180 4928 se
3203 4871 3350 4928 nihil
3384 4874 3522 4930 mali
3542 4875 3799 4933 Athana-

2139 4960 2226 5015 sio
2257 4959 2344 5014 vel
2375 4958 2626 5014 ecclesia
2659 4958 3315 5033 illaturum,antequam
3334 4979 3453 5018 rem
3487 4964 3798 5022 detulisset

2138 5049 2212 5104 ad
2243 5048 2671 5105 Constantium.
2705 5049 2887 5119 Cujus
2903 5050 2981 5105 rei
3006 5053 3185 5106 testes
3208 5052 3658 5110 erantcohortes
3680 5055 3795 5110 du-

2137 5137 2244 5203 cis,
2276 5138 2646 5212 prafectique
2678 5138 2934 5210 Maximi,
2968 5139 3068 5212 qui
3117 5141 3409 5211 ejusmodi
3443 5143 3795 5215 rescriptum

2138 5243 2318 5299 penes
2349 5244 2410 5282 se
2438 5228 2696 5284 retinuit.
2723 5229 2859 5295 Qua
2881 5245 3054 5300 porro
3079 5245 3256 5286 causa
3277 5233 3453 5302 esset,
3479 5232 3634 5304 quod
3659 5249 3794 5289 cum

2135 5315 2517 5385 Athanasius,
2551 5321 2679 5373 tum
2703 5317 2867 5391 plebs
2891 5317 3308 5386 Alexandrina,
3333 5318 3501 5376 ducis
3521 5321 3799 5379 ﬁdemin-

2134 5407 2363 5478 terponi
2392 5410 2686 5476 curarent,
2737 5407 2862 5479 ipse
2918 5407 3108 5480 aperit
3149 5407 3531 5466 Athanasius.
3581 5411 3800 5468 Aderat

2207 5655 2276 5728 (ε)
2309 5655 2524 5712 Athan.
2555 5655 2713 5785 Apol.
2748 5657 2828 5713 ad
2869 5657 3180 5728 Constant.,
3221 5676 3281 5716 n.
3319 5659 3388 5716 19
3418 5663 3477 5717 et
3517 5674 3708 5732 seqq..
3741 5661 3803 5716 et

2207 5732 2280 5785 st.
2313 5729 2506 5785 Arian.
2534 5745 2568 5785 a
2633 5728 2958 5785 monachos.
2989 5746 3048 5785 n.
3079 5730 3172 5785 52.

2134 5729 2280 5786 Hist.
2313 5729 2506 5786 Arian.
2534 5728 2608 5786 ad
2633 5728 2958 5798 monachos,
2989 5746 3048 5787 ιι.
3079 5730 3172 5786 52.
