4166 6426
1812 432 1999 501 VITA
2041 435 2106 500 Β.
2152 436 2608 505 ATHANASII.

3724 456 3924 509 CXXVII

504 566 955 645 seilicetingens
971 565 1225 645 suspicio
1244 570 1739 641 insidiarum,non
1757 574 1985 628 tantum
2014 570 2153 644 quia
2180 570 2234 640 Α
2264 578 2509 631 traxere.
2544 576 2827 648 Raptatus
2875 578 3070 633 autem
3113 572 3232 647 ille,
3266 590 3333 633 ac
3361 572 3475 633 Deo
3519 574 3667 635 duce
3698 594 3909 637 mona-

508 658 669 716 nullo
700 661 892 718 oblato
922 662 1292 734 imperatoris
1339 662 1619 733 rescripto
1643 663 1877 732 jussum
1914 677 2041 715 esse
2064 662 2156 731 ja-

506 749 778 806 ctitarent
809 755 874 806 ut
915 752 1272 806 Athanasius
1301 750 1655 805 Alexandria
1700 751 2018 818 excederet,
2056 750 2156 805 sed

504 838 679 894 etiam
712 840 851 911 quia
874 840 1150 911 permulti
1183 857 1316 895 cum
1337 840 1580 912 Syriano
1604 844 1801 894 essent
1829 838 2031 893 Ariani
2062 854 2159 893 co-

507 927 679 983 mites
694 930 1046 1000 quibuscum
1067 928 1163 983 ille
1190 928 1448 1000 quotidie
1460 928 1811 999 epulabatur
1832 943 1896 982 ac
1915 925 2161 981 consilia

508 1015 714 1084 inibat,
748 1021 811 1071 ut
843 1017 955 1072 nisi
1008 1034 1211 1073 eorum
1262 1016 1547 1072 arbitratu
1582 1015 1727 1070 nihil
1777 1020 1991 1088 ageret.
2026 1016 2159 1079 Quae

508 1105 707 1160 omnia
736 1113 953 1161 certam
986 1106 1139 1161 male
1187 1106 1526 1177 suspicandi
1572 1122 1811 1160 causam
1842 1103 2159 1159 Athanasio

510 1195 799 1250 ati'errent.
861 1199 1003 1249 Cum
1057 1195 1338 1267 Syrianus
1388 1194 1586 1265 itaque
1638 1194 1863 1248 decima
1911 1192 2161 1263 septima

508 1284 771 1340 Januarii
804 1285 978 1339 ﬁdem
1012 1284 1094 1338 ita
1125 1283 1404 1348 dedisset,
1428 1282 1680 1355 populus
1715 1282 1985 1346 laetus,ac
2016 1282 2161 1336 bene

508 1389 706 1428 secum
727 1378 923 1429 actum
937 1390 1065 1429 esse
1096 1377 1332 1445 putans,
1350 1372 1730 1427 conventibus
1752 1370 2161 1427 ecclesiasticis

505 1463 749 1517 vacabat
777 1462 937 1517 omni
972 1461 1156 1533 posito
1189 1465 1348 1515 metu
1384 1476 1450 1515 ac
1483 1459 1837 1531 suspicione.
1869 1459 1979 1513 Sed
2014 1459 2161 1513 insi-

507 1550 674 1606 diosa
702 1551 994 1621 promissa
1022 1549 1206 1605 fuisse
1236 1550 1425 1605 exitus
1457 1548 1872 1620 comprobavit.

577 1641 631 1694 2.
662 1640 940 1711 Syrianus
974 1646 1136 1695 noctu
1164 1639 1447 1695 ecclesiam
1498 1636 1729 1692 invadit.
1754 1637 1944 1692 Caedes
1966 1653 2160 1709 perpe-

507 1735 685 1785 tratae.
718 1730 1047 1784 Athanasius
1067 1745 1125 1783 se
1156 1728 1513 1783 subducit.——
1543 1726 1689 1781 Nam
1717 1725 1932 1797 elapsis
1955 1725 2162 1797 viginti

504 1816 693 1872 tribus
726 1834 759 1873 θ.
788 1817 923 1873 data
974 1818 1085 1872 ﬁde
1116 1816 1343 1887 diebus,
1378 1816 1616 1870 ineunte
1650 1832 1802 1869 nona
1834 1814 2158 1883 Februarii,

2269 664 2630 737 chorumque
2654 671 2710 721 et
2731 665 3072 722 clericorum
3091 684 3198 738 ope
3224 666 3315 722 via
3333 667 3482 723 facta
3510 666 3664 723 inter
3686 668 3918 726 strictos

2269 753 2494 825 gladios
2525 759 2581 810 et
2611 756 2932 823 carnifices,
2968 755 3067 827 qui
3118 755 3170 811 ei
3201 771 3403 811 necem
3433 757 3739 827 parabant,
3772 774 3919 829 pene

2269 842 2634 898 exanimatus
2664 843 2718 897 vi
2750 844 3108 899 trahentium
3140 848 3196 899 et
3245 845 3681 917 compressione
3709 848 3918 915 turbae,

2270 930 2418 985 clam
2461 931 2747 988 militibus
2781 933 3023 989 numine
3072 934 3411 1005 providente
3444 934 3753 1003 discessit;
3785 934 3923 993 licet

2270 1036 2404 1092 pars
2436 1020 2756 1075 sacrarium
2782 1022 3301 1094 circumsisterent,
3325 1040 3461 1095 pars
3482 1023 3788 1081 ecclesiam
3819 1026 3918 1081 ob-

2271 1108 2545 1164 siderent.
2581 1114 2661 1163 Ac
2692 1110 2747 1164 in
2777 1115 2901 1165 tuto
2932 1128 3063 1166 cum
3086 1110 3213 1179 fuit,
3239 1113 3447 1185 dignas
3470 1112 3676 1168 divinae
3697 1114 3923 1171 miseri-

2270 1198 2477 1254 cordiae
2520 1198 2737 1270 gratias
2786 1199 3001 1268 retulit,
3035 1201 3211 1271 quod,
3256 1218 3360 1256 nec
3405 1202 3619 1274 populo
3666 1204 3917 1271 deserto,

2269 1285 2643 1341 inimicorum
2686 1304 2899 1342 manus
2947 1290 3189 1344 evadere
3220 1288 3499 1347 licuisset.
3536 1292 3755 1348 Exinde
3785 1310 3918 1349 vero

2268 1374 2547 1447 Syrianus
2578 1378 2635 1431 et
2663 1375 2917 1431 Hilarius
2951 1376 3050 1431 ubi
3081 1383 3334 1448 stragem
3366 1396 3732 1452 conspexere,
3766 1381 3920 1437 mili-

2268 1462 2429 1518 tibus
2450 1464 2815 1535 imperarunt
2831 1468 2896 1518 ut
2916 1465 3325 1521 defunctorum
3345 1482 3587 1539 corpora
3606 1468 3917 1525 amoliren-

2270 1557 2385 1617 tur,
2420 1552 2477 1607 in
2530 1552 2863 1624 abditisque
2909 1552 3053 1608 locis
3102 1554 3475 1625 deponerent.
3522 1557 3918 1613 Sanctissimae

2270 1657 2442 1712 porro
2473 1640 2745 1712 virgines,
2774 1657 2901 1712 quae
2933 1658 3091 1697 caeses
3115 1641 3325 1697 relictae
3357 1643 3607 1713 fuerant,
3631 1644 3691 1700 in
3714 1662 3921 1701 monu-

2272 1730 2485 1785 mentis
2500 1729 2736 1801 sepultae
2754 1734 2912 1796 sunt,
2929 1729 3191 1803 martyrii
3209 1730 3456 1803 gloriam
3478 1732 3623 1804 ipsis
3639 1734 3921 1790 Constan-

2269 1817 2335 1874 tii
2385 1818 2485 1890 qui
2532 1835 2594 1874 se
2649 1818 3047 1874 Christianum
3105 1820 3508 1891 proﬁtebatur,
3558 1821 3923 1893 temporibus

506 1905 648 1961 dum
680 1905 1047 1978 pervigilium
1080 1906 1275 1978 agitur
1305 1905 1724 1976 subsequentis
1758 1903 1816 1957 in
1846 1903 2161 1959 Parasceve
2192 1940 2241 2005 B
2273 1908 2515 1979 adeptae.
2549 1908 2787 1963 Diaconi
2820 1910 3016 1963 autem
3047 1907 3105 1962 in
3137 1907 3267 1980 ipsa
3298 1908 3543 1965 ecclesia
3568 1908 3758 1984 plagis
3786 1928 3924 1967 con-

507 2010 812 2067 synaxeos,
844 1994 1036 2050 media
1062 1994 1290 2050 circiter
1318 1998 1505 2061 nocte,
1523 1992 1639 2047 dux
1670 1991 1955 2047 exercitus
1974 1992 2162 2064 Syria-

506 2084 1081 2155 nusderepentecum
1096 2080 1744 2153 militibusirrupitplus
1762 2081 2022 2152 quinque
2036 2079 2162 2135 mil-

501 2172 681 2241 libus,
717 2174 815 2245 qui
848 2174 1050 2243 armis,
1084 2172 1301 2229 strictis
1325 2171 1558 2245 gladiis,
1583 2170 1856 2236 arcubus,
1894 2169 2045 2241 telis,
2070 2171 2158 2225 fu-

507 2262 907 2335 stibus,galeis
930 2262 1201 2317 instructi
1226 2266 1393 2316 erant
1415 2262 1509 2332 (a).
1531 2262 1719 2330 Atque
1732 2258 2159 2313 concitantibus

507 2352 940 2424 comitibusque
985 2352 1245 2418 Arianis,
1281 2349 1585 2405 ecclesiam
1636 2347 1836 2403 densis
1867 2347 2161 2403 collocatis

508 2440 818 2505 militibus,
852 2457 955 2496 ceu
1007 2456 1198 2495 arcem
1232 2440 1550 2510 quamdam
1604 2435 1933 2491 bostiumve
1972 2439 2164 2491 castra

507 2530 906 2597 circumsedit,
942 2546 1013 2584 ne
1063 2528 1161 2600 qui
1192 2531 1392 2600 posset
1440 2526 1864 2582 evadere.Tum
1897 2525 2159 2580 Athana-

512 2619 833 2685 sius,ratus
860 2634 974 2673 non
1007 2617 1174 2688 probi
1209 2615 1458 2689 pastoris
1490 2631 1615 2670 esse
1646 2630 1883 2687 gregem
1913 2612 1970 2667 in
1998 2617 2160 2668 tanto

505 2707 763 2763 tumultu
797 2708 1084 2773 deserere,
1112 2724 1177 2762 ac
1208 2722 1269 2761 se
1300 2704 1492 2760 solum
1526 2704 1851 2758 subducere
1881 2702 2159 2774 periculo,

507 2796 568 2851 in
598 2797 806 2851 throno
828 2796 1040 2851 sedens
1053 2792 1496 2866 diaconojussit
1518 2797 1583 2847 ut
1599 2791 1900 2847 Psalmum
1924 2791 2159 2863 legeret,

512 2884 842 2957 populoque
872 2888 937 2939 ut
964 2885 1360 2956 responderet,
1387 2882 1657 2951 Quoniam
1680 2882 1739 2935 in
1762 2889 2038 2937 aeternum
2064 2882 2162 2934 mi-

509 2973 808 3029 sericordia
827 2975 962 3041 eius,
980 2990 1045 3028 ac
1076 2989 1280 3027 omnes
1307 2971 1581 3041 deinceps
1606 2984 1668 3023 se
1700 2970 2042 3039 reciperent,
2058 2970 2159 3023 ab-

509 3061 778 3132 irentque
824 3062 1086 3117 domum.
1118 3060 1334 3115 Verum
1362 3064 1594 3131 peracta
1624 3057 1890 3123 lectione,
1915 3056 2160 3128 populo-

508 3165 622 3220 que
651 3155 943 3221 precante,
967 3167 1001 3205 a
1031 3149 1531 3219 militibusjanuaa
1555 3146 1861 3202 confracta).
1885 3150 2043 3201 sunt.
2060 3146 2161 3200 Fo-

507 3238 670 3293 ribus
692 3244 887 3294 autem
910 3239 962 3294 vi
980 3238 1378 3294 multitudinis
1399 3236 1724 3309 patefactis,
1740 3234 1968 3307 Syriani
1983 3235 2159 3305 jussu

506 3326 605 3382 alii
657 3327 902 3400 sagittas
954 3327 1236 3393 emittere,
1271 3326 1369 3382 alii
1418 3323 1693 3381 bellicum
1744 3339 1988 3391 canere;
2024 3322 2159 3377 hinc

504 3432 806 3472 armorum
840 3418 1120 3489 strepitus
1169 3417 1464 3484 insonare,
1497 3431 1667 3470 enses
1717 3414 1789 3469 ad
1821 3413 2160 3484 lampadum

502 3504 790 3578 fulgorem
826 3505 1061 3562 micare.
1093 3506 1231 3561 Post
1278 3505 1397 3559 haec
1430 3504 1683 3575 virgines
1730 3502 1957 3568 occisa,
1990 3501 2161 3557 multi

500 3592 969 3667 irrumpentibus
997 3594 1287 3649 militibus
1308 3609 1600 3661 corruere,
1627 3591 1723 3647 alii
1754 3591 1987 3663 sagittis
2021 3608 2160 3646 con-

501 3682 641 3738 fossi
676 3685 903 3740 cadere.
940 3683 1205 3739 Militum
1239 3700 1375 3755 pars
1405 3683 1476 3738 ad
1510 3682 1767 3754 praedam
1799 3680 1950 3736 versi
1981 3679 2160 3753 virgi-

503 3789 608 3829 nes
635 3774 956 3845 nudabant,
992 3774 1209 3845 quibus
1237 3772 1328 3828 vel
1360 3770 1642 3826 minimus
1672 3770 1931 3825 virorum
1964 3777 2161 3824 conta-

503 3867 634 3919 ctus
665 3864 794 3936 ipsa
824 3867 1010 3919 morte
1054 3862 1316 3918 acerbior
1346 3867 1491 3917 erat.
1522 3861 1670 3915 Tum
1702 3858 2012 3931 episcopus
2059 3858 2161 3930 qui

504 3952 566 4008 in
597 3953 807 4008 throno
858 3953 1117 4018 sedebat,
1149 3956 1461 4023 conspecta
1509 3949 1672 4005 clade
1702 3953 1759 4005 et
1805 3947 2158 4018 calamitate,

506 4044 697 4116 surgit
727 4046 784 4098 et
814 4042 886 4097 ad
919 4058 1120 4114 preces
1153 4042 1510 4097 cohortatur.
1539 4044 1661 4093 Dux
1692 4037 2025 4109 autem,qui
2048 4037 2160 4092 loci

506 4131 875 4187 sanctitatem
890 4131 1174 4186 tantidem
1190 4129 1393 4202 quanti
1408 4129 1582 4184 ﬁdem
1598 4144 1766 4183 suam
1781 4126 1933 4194 fecit,
1950 4142 2160 4198 agmen

503 4220 708 4293 agebat
738 4220 949 4276 comite
975 4219 1187 4275 Hilario
1220 4219 1465 4289 notario,
1492 4218 1591 4289 qui
1614 4234 1682 4272 ea
1712 4215 2164 4271 machinabatur

503 4326 633 4382 quae
682 4326 878 4364 rerum
929 4309 1118 4365 exitus
1148 4307 1343 4381 palam
1402 4307 1552 4362 fecit.
1605 4306 1751 4361 Nam
1784 4306 2159 4371 Arianorum,

502 4415 755 4472 quorum
789 4398 1001 4453 furoris
1034 4398 1380 4453 administer
1412 4397 1522 4451 fuit
1551 4395 1669 4462 ille,
1704 4395 1815 4450 hoc
1848 4393 2161 4449 consilium

501 4492 647 4555 erat,
680 4492 745 4542 ut
797 4486 1185 4542 Athanasium
1218 4503 1321 4541 nec
1373 4486 1710 4558 opinantem
1760 4483 2157 4551 confoderent,

502 4578 611 4634 rati
642 4594 758 4633 non
794 4593 965 4649 posse
995 4576 1092 4631 diu
1125 4568 1206 4641 se,
1230 4591 1363 4630 vero
1393 4576 1666 4646 episcopo
1698 4572 2003 4643 incolumi,
2021 4572 2159 4627 alie-

2272 1995 2375 2052 cisi
2408 2013 2474 2051 ac
2505 1995 2717 2051 reclusi
2751 2000 2909 2051 sunt.

2341 2086 2394 2140 3.
2430 2085 2761 2140 Contcstatio
2812 2084 3335 2141 Alexandrinorum.
3368 2116 3437 2127 -—-
3490 2086 3690 2159 Neque
3725 2090 3919 2144 tamen

2270 2172 2365 2228 hic
2394 2173 2655 2230 constitit
2685 2172 2897 2229 scelus.
2945 2174 3091 2229 Nam
3124 2178 3256 2246 post
3286 2190 3353 2230 ea
3400 2180 3565 2248 gesta
3594 2176 3693 2248 (b),
3726 2177 3922 2249 quivis

2271 2262 2555 2318 arbitratu
2589 2279 2695 2318 suo
2717 2279 2893 2333 quam
2921 2266 3120 2333 posset
3136 2263 3382 2335 januam
3410 2264 3832 2338 confringebat,
3856 2270 3924 2323 ut

2271 2352 2439 2407 obvia
2467 2368 2712 2423 quaeque
2732 2351 3165 2423 diriperet.Imo
3197 2354 3264 2408 ad
3280 2368 3347 2407 ea
3368 2352 3494 2409 loca
3516 2358 3923 2425 penetrarunt,

2271 2456 2387 2511 quo
2416 2457 2487 2495 ne
2516 2439 2859 2496 Christianis
2893 2440 3132 2511 quidem
3167 2441 3443 2498 omnibus
3471 2441 3644 2497 liceat
3672 2443 3921 2516 ingredi.

2270 2528 2375 2583 Hic
2406 2528 2551 2584 locis
2580 2533 2701 2583 tam
2747 2528 2969 2584 sanctis
3000 2546 3212 2585 manus
3242 2530 3456 2601 impias
3511 2547 3577 2586 ac
3607 2532 3926 2605 sacrilegas

2271 2617 2477 2673 afferre
2507 2616 2634 2672 ausi
2666 2622 2805 2673 sunt
2835 2616 3097 2673 scelerati
3130 2617 3468 2690 homines,a
3502 2620 3718 2692 quibus
3749 2621 3925 2677 etiam

2270 2705 2469 2761 oculos
2504 2706 2773 2761 cohibere
2815 2706 3111 2778 religionis
3153 2707 3293 2777 jura
3323 2708 3627 2780 cogebant.
3656 2708 3786 2764 Haec
3816 2726 3926 2765 au-

2268 2797 2387 2850 tem
2419 2799 2702 2867 praesente
2729 2794 2857 2868 ipso
2888 2794 3248 2850 Alexandriae
3279 2796 3427 2853 duce
3448 2797 3735 2870 Gorgonio
3764 2802 3930 2870 gesta

2270 2888 2430 2939 sunt.
2466 2884 2937 2940 Abscedentibus
2968 2901 3139 2955 porro
3171 2901 3231 2941 re
3283 2887 3425 2941 adeo
3455 2886 3730 2958 praeclare
3762 2892 3928 2959 gesta

2271 2972 2579 3040 militibus,
2635 2989 2818 3044 arma,
2879 2974 3016 3041 tela,
3073 2990 3243 3029 enses
3302 2975 3361 3029 in
3423 2974 3671 3031 ecclesia
3728 2975 3928 3032 relicta

2271 3067 2572 3133 sunt,quae
2604 3061 2855 3135 populus
2884 3062 3101 3117 ibidem
3121 3063 3429 3135 suspendit
3457 3064 3517 3119 in
3545 3064 3677 3120 facti
3701 3081 3923 3121 memo-

2273 3150 2440 3206 riam.
2473 3151 2620 3205 Nam
2668 3157 2979 3222 postquam
3015 3150 3179 3205 fracti
3224 3168 3289 3205 ac
3322 3152 3578 3223 peterriti
3611 3153 3927 3224 improvisa

2271 3239 2594 3310 irruptione
2623 3238 2805 3293 animi
2828 3237 3156 3294 conﬁrmati
3175 3247 3332 3307 sunt,
3348 3243 3472 3295 tum
3501 3239 3922 3296 catholicorum

2191 3306 2234 3373 Ο
2273 3306 2589 3382 multitudo
2639 3331 2836 3383 coacta
2884 3326 3234 3398 rescriptum
3267 3306 3521 3398 edidere,
3557 3345 3672 3400 quo
3726 3345 3925 3385 rerum

2270 3417 2509 3489 indigne
2540 3420 2837 3488 gestarum
2871 3416 3085 3471 ferrent
3117 3416 3542 3488 testimonium,
3579 3434 3932 3474 commemo-

2271 3510 2585 3576 rarentque
2633 3505 2960 3560 confractas
3006 3504 3180 3571 fores,
3217 3504 3581 3561 invasionem
3630 3505 3689 3561 in
3738 3505 3926 3561 eccle-

2271 3594 2442 3660 siam,
2475 3594 2679 3662 caedes,
2712 3592 3145 3665 expilationem,
3179 3592 3411 3665 aliaque
3440 3594 3497 3650 id
3526 3609 3733 3667 genus.
3757 3594 3921 3659 Quod

2271 3682 2371 3738 ubi
2404 3682 2689 3755 comperit
2721 3682 2839 3737 dux
2881 3682 3185 3755 Syrianus,
3219 3683 3418 3739 obvios
3448 3684 3501 3739 vi
3535 3684 3922 3756 compellebat

2270 3772 2343 3827 ad
2375 3772 2831 3840 testiﬁcandum,
2867 3771 3094 3826 nullum
3120 3772 3413 3828 exstitisse
3427 3773 3771 3841 tumultum,
3792 3773 3921 3829 nul-

2270 3859 2389 3915 lam
2420 3861 2631 3915 caedem
2685 3861 2916 3915 factam.
2950 3860 3113 3923 Quod
3147 3877 3285 3915 sane
3333 3868 3749 3934 argumentum
3783 3865 3930 3930 erat,

2269 3949 2568 4019 iniussum
2602 3948 2766 4004 illum
2817 3949 2876 4004 id
2924 3949 3197 4005 facinoris
3246 3956 3635 4022 perpetrasse.
3678 3950 3927 4007 Alexan-

2271 4039 2421 4094 drini
2455 4043 2672 4107 autem,
2706 4043 3017 4110 conspecta
3065 4038 3234 4095 ducis
3265 4039 3595 4112 iniquitate,
3626 4040 3927 4097 hominem

2272 4128 2510 4194 adeunt,
2543 4132 2749 4199 rogant
2787 4126 2936 4182 nulli
2966 4127 3081 4182 vim
3132 4127 3363 4199 inferat,
3396 4146 3507 4185 neu
3541 4134 3706 4202 gesta
3736 4134 3928 4202 neget.

2273 4216 2371 4272 Ille
2402 4216 2631 4289 plebem
2662 4216 2920 4272 fustibus
2969 4216 3108 4271 caedi
3141 4233 3207 4272 ac
3240 4217 3532 4290 proﬂigari
3556 4218 3745 4289 jubet,
3778 4218 3927 4275 nihil

2271 4306 2555 4362 reveritus
2595 4305 3063 4361 Christianorum
3096 4310 3331 4362 coetum.
3364 4312 3445 4361 Ac
3475 4324 3609 4363 cum
3655 4308 3930 4365 edidicis-

2272 4398 2565 4461 set,arma
2595 4398 2651 4449 et
2678 4393 2795 4449 tela
2817 4411 2851 4448 a
2881 4392 3168 4449 militibus
3190 4394 3391 4450 relicta
3414 4394 3471 4450 in
3501 4394 3719 4468 templo
3748 4396 3928 4453 fuisse

2271 4500 2562 4555 suspensa
2591 4483 2650 4537 in
2682 4483 2762 4537 rei
2783 4486 2958 4555 gestae
2984 4483 3656 4551 memoriam,exercitus
3679 4488 3742 4540 ut
3764 4501 3933 4541 voca-

2271 4571 2778 4644 bantDynamium
2811 4587 2945 4626 cum
2968 4571 3205 4626 tribuno
3226 4570 3513 4643 misit,qui
3538 4576 3928 4644 asportarent.

502 4684 638 4723 nam
666 4665 973 4722 ecclesiam
1005 4665 1286 4721 obtinere.
1320 4663 1530 4719 Milites
1562 4679 1734 4735 porro
1766 4662 2021 4717 sacrario
2047 4661 2163 4717 cir—
2192 4677 2239 4741 D
2272 4668 2349 4717 At
2378 4660 2810 4717 Catholicorum
2860 4664 3043 4715 coetus
3092 4659 3150 4714 id
3196 4659 3439 4715 minime
3482 4660 3791 4729 concessit,
3826 4678 3931 4718 nec

501 4755 779 4823 cumfusi,
812 4772 1026 4811 corona
1057 4755 1229 4822 facta,
1253 4753 1449 4810 locum
1479 4752 1772 4823 obsident,
1799 4755 1863 4806 ut
1892 4750 2155 4807 Athana-

501 4845 587 4901 sio
621 4845 886 4901 adimant
914 4844 1193 4900 evadendi
1227 4843 1584 4899 facultatem.
1617 4842 1780 4897 Tunc
1810 4844 2099 4913 quotquot
2126 4857 2157 4896 e

500 4934 653 4991 clero
683 4940 740 4990 et
770 4933 985 5007 populo
1017 4934 1150 4990 istic
1183 4935 1450 4999 aderant,
1475 4932 1731 4987 clamare
1763 4936 1820 4986 et
1851 4930 2157 4986 obsecrare

499 5028 565 5078 ut
595 5041 657 5080 se
687 5024 1056 5080 subduceret.
1091 5022 1194 5077 Ille
1220 5028 1422 5078 contra
1447 5037 1658 5093 negare
1680 5035 2049 5076 recessurum
2073 5034 2154 5085 se,

498 5111 611 5168 nisi
667 5112 918 5184 singulis
966 5112 1258 5184 egressis;
1293 5111 1480 5166 satius
1529 5126 1657 5165 esse
1700 5109 2015 5181 periclitari
2072 5123 2154 5174 se,

499 5218 676 5274 quam
709 5201 836 5256 laedi
870 5200 1209 5273 quempiam
1260 5217 1290 5255 e
1344 5200 1529 5271 plebe.
1562 5198 1989 5253 Excedentibus
2021 5213 2156 5269 ergo

499 5290 953 5362 quamplurinis,
979 5290 1318 5361 caeterisque
1346 5286 1870 5359 subsequentibus,
1896 5286 1996 5357 qui
2022 5302 2155 5340 cum

496 5380 815 5435 Athanasio
865 5379 1027 5434 intus
1076 5383 1243 5434 erant
1273 5376 1544 5434 monachi
1576 5381 1633 5431 et
1669 5392 1738 5431 ex
1768 5375 1994 5430 clericis
2026 5375 2155 5447 qui-

499 5468 723 5539 dam,in
737 5469 1015 5525 thronum
1030 5468 1410 5524 ascendentes
1424 5469 1694 5522 sanctum
1708 5464 2018 5537 praesulem
2034 5480 2158 5537 per-

572 5702 649 5774 (α)
684 5700 891 5759 Athan.
924 5700 1079 5774 Apol.
1125 5699 1201 5774 ad
1247 5698 1547 5774 Constant”
1580 5715 1635 5774 ῃ.
1677 5697 1768 5764 25,
1802 5700 1858 5774 et
1905 5697 2159 5774 Apol._de

496 5768 642 5847 fuga
665 5788 789 5844 sua,
822 5790 881 5830 n.
906 5768 996 5844 24,
1030 5776 1088 5829 et
1131 5772 1270 5829 Hist.
1302 5769 1495 5827 Arion.
1527 5768 1598 5825 ad
1624 5768 2029 5842 monachos,n.
2063 5771 2169 5825 81.’

2272 4750 2407 4807 sivit
2443 4749 2658 4806 auferri
2688 4753 2809 4804 tam
2841 4749 3161 4821 conspicua
3190 4748 3414 4803 violatae
3463 4748 3719 4804 ecclesias
3750 4750 3928 4806 vesti-

2268 4843 2382 4915 gia.
2416 4841 2635 4896 Exinde
2666 4856 2799 4895 vero
2823 4838 2988 4911 plebs
3009 4838 3295 4896 catholica
3324 4838 3480 4893 aliud
3505 4839 3689 4894 edunt
3719 4840 3930 4895 rescri-

2268 4936 2432 5002 ptum
2464 4930 2534 4984 ad
2565 4930 2978 5000 imperatorem
3010 4928 3534 4983 transmittendum
3568 4926 3661 4999 (c),
3691 4944 3808 5000 quo
3839 4932 3925 4983 te-

2268 5020 2619 5083 stiﬁcantur,
2643 5036 2775 5073 cum
2809 5035 2877 5073 ex
2908 5018 3099 5089 priore
3128 5017 3410 5088 rescripto
3439 5018 3808 5071 occasionem
3834 5034 3928 5071 ar-

2267 5109 2512 5181 ripuerit
2540 5106 2821 5181 Syrianus
2854 5106 3144 5162 contraria
3173 5106 3354 5178 gestis
3381 5106 3555 5161 rebus
3586 5104 3928 5161 testimonia

2267 5197 2671 5271 extorquendi,
2732 5213 2935 5269 rogare
2976 5202 3049 5261 ,et
3120 5195 3402 5251 obtestari
3469 5211 3531 5249 se
3598 5193 3923 5250 Maximum

2266 5288 2495 5361 Egypti
2548 5287 2884 5359 praefectum
2916 5290 2969 5341 et
3018 5285 3302 5355 curiosos,
3341 5288 3408 5339 ut
3461 5282 3597 5339 facti
3627 5282 3924 5339 veritatem

2268 5376 2606 5433 Constantio
2653 5375 2951 5446 deferant;
3004 5373 3282 5429 obtestari
3328 5372 3468 5427 item
3515 5376 3573 5427 et
3621 5372 3926 5428 obsecrare

2269 5470 2481 5523 nautas
2530 5481 2754 5534 omnes,
2789 5466 2852 5519 ut
2898 5460 3235 5535 imperatori
3284 5460 3485 5516 isthaac
3533 5460 3927 5533 omnibusque

2366 5697 2417 5755 bl
2446 5693 2661 5749 Athan.
2694 5694 2829 5749 Hist.
2860 5692 3054 5748 Arian.
3088 5691 3159 5748 ad
3186 5688 3501 5755 monachos,
3532 5686 3598 5744 n.
3630 5690 3722 5745 81.

2366 5698 2394 5751 b
2446 5698 2661 5749 Athan.
2694 5698 2783 5749 His

2340 5698 2417 5840 Ec;
2438 5765 2651 5823 Athan.
2702 5764 2783 5820 ib.
