4166 6414
295 384 533 454 CXXVIII

1687 365 2304 450 PBDLEBOMENA.

293 526 398 584 per
425 508 656 568 diversa
682 507 814 568 loca
839 505 1123 583 praefectis
1153 523 1218 565 ac
1240 505 1545 581 judicibus
1575 508 1935 566 renuntient.
1969 506 2025 574 Α
2055 511 2234 564 nutus
2269 507 2408 565 dare
2437 522 2504 565 ac
2534 504 2724 565 dicere
2754 521 2769 565 :
2803 504 2956 566 Num
2987 503 3363 568 Constantius
3393 504 3703 571 hereticus

292 599 512 657 Exinde
543 602 784 656 narrant
831 599 1032 655 ordine
1079 615 1208 670 qua
1251 599 1322 654 ad
1372 615 1407 654 v
1454 599 1590 655 ldus
1643 598 1939 654 Februarii

292 693 458 762 gesta
489 693 706 755 essent,
741 689 824 743 uti
858 705 963 744 nos
990 705 1168 759 supra
1215 689 1638 744 recensuimus.
1671 689 1727 742 Si
1762 689 1838 744 sit
1867 686 1936 742 il-

291 777 391 853 l_ud
425 778 497 834 ab
531 777 880 850 imperatore
903 777 1179 844 edictum,
1198 781 1430 848 paratos
1460 793 1588 833 esse
1610 793 1670 832 se
1692 778 1762 832 ad
1790 794 1940 832 mar-

292 867 508 940 tyrium
540 866 947 933 subeundum;
981 865 1072 919 sin
1092 864 1200 920 hoc
1230 865 1477 938 Augusti
1509 865 1790 938 placitum
1821 883 1937 922 non

303 953 396 1021 sit,
458 971 661 1026 rogare
706 952 1019 1007 Maximum
1055 951 1430 1025 reliquosque
1476 955 1859 1027 magistratus
1881 955 1936 1008 id

289 1043 450 1117 apud
480 1042 879 1098 Constantium
913 1044 1110 1113 agant,
1145 1046 1210 1096 ut
1239 1058 1309 1097 ne
1356 1042 1416 1098 in
1449 1052 1748 1115 posterum
1781 1044 1936 1114 ejus-

294 1131 451 1187 modi
480 1147 572 1186 res
605 1130 844 1186 eveniat.
890 1129 1205 1185 Obsecrare
1237 1130 1395 1197 item,
1429 1135 1493 1186 ut
1523 1132 1871 1204 rescriptum
1904 1149 1938 1186 a

290 1236 353 1276 se
379 1218 597 1275 editum
628 1218 966 1291 imperatori
997 1219 1292 1285 offeratur,
1326 1236 1431 1275 nec
1460 1220 1594 1292 quis
1634 1219 1784 1275 alius
1813 1219 1936 1292 epi-

287 1325 499 1382 scopus
546 1307 880 1362 intrudatur
926 1307 985 1362 in
1015 1306 1208 1364 locum
1253 1307 1581 1374 Athanasii,
1615 1325 1789 1381 quem
1825 1308 1934 1364 sibi

283 1396 438 1454 Deus
460 1398 531 1452 ab
560 1395 726 1451 initio
748 1396 1007 1452 dedisset
1026 1397 1348 1452 secundum
1373 1398 1803 1454 successionem
1831 1398 1932 1454 Pa-

280 1487 440 1540 trum
472 1500 738 1548 suorum,
772 1500 945 1560 quem
979 1483 1105 1560 ipse
1135 1483 1504 1540 Constantius
1527 1486 1766 1556 juratus
1799 1503 1932 1541 cum

281 1571 492 1629 litteris
524 1572 952 1629 transmisisset
983 1571 1414 1628 Alexandriam.
1443 1573 1652 1629 Datum
1687 1573 1794 1629 fuit
1823 1573 1932 1630 hu-

276 1660 541 1733 jusmodi
563 1661 911 1734 rescriptum
935 1664 1065 1732 post
1080 1660 1451 1717 consulatum
1475 1662 1849 1718 Arbethionis
1875 1667 1933 1719 et

282 1748 549 1815 Lolliani,
581 1749 803 1804 Mechir
829 1765 965 1819 xvn,
999 1765 1127 1823 qua
1159 1754 1248 1805 est
1275 1767 1355 1804 x11
1387 1750 1705 1806 Februarii.

349 1839 404 1892 4.
455 1837 714 1910 Georgius
756 1837 1056 1892 Antiochiae
1101 1837 1387 1907 deligitur.
1447 1870 1516 1879 —-
1584 1841 1808 1895 Interea
1860 1841 1931 1895 de

278 1942 616 1982 successore
666 1926 726 1981 in
757 1926 939 1982 vicem
973 1926 1278 1982 Athanasii
1332 1926 1638 2001 deligendo
1681 1928 1933 2001 agebant

275 2014 497 2071 Ariani.
527 2015 594 2070 Et
624 2031 766 2071 sane
797 2015 913 2070 veri
938 2014 1082 2070 satis
1112 2014 1305 2070 simile
1335 2020 1426 2071 est
1455 2017 1610 2088 quod
1636 2017 1811 2073 habet
1831 2017 1932 2073 So-

277 2097 557 2159 zomen'us
590 2103 691 2173 (α),
717 2102 1048 2158 ordinatum
1073 2102 1295 2160 scilicet
1314 2103 1628 2178 Georgium
1655 2104 1838 2160 fuisse
1868 2105 1928 2161 in

276 2191 496 2266 synodo
543 2191 862 2247 Antiochia
912 2196 1150 2260 coacta;
1205 2193 1375 2263 cujus
1423 2192 1717 2266 principes
1765 2199 1932 2250 erant

274 2279 619 2336 Arianorum
646 2297 716 2336 ea
744 2284 1089 2354 tempestate
1138 2281 1530 2354 antesignani.
1567 2282 1625 2336 ln
1663 2299 1926 2338 mensem

274 2368 653 2425 Februarium
683 2368 929 2440 hujusce
955 2369 1094 2426 anni
1123 2373 1447 2442 opportune
1475 2374 1668 2442 potest
1698 2372 1926 2445 Georgii

274 2457 560 2516 ordinatio
608 2458 876 2513 conferri.
909 2458 1125 2514 Catera
1155 2475 1347 2532 porro,
1382 2475 1508 2531 qua
1541 2459 1760 2515 ibidem
1793 2478 1926 2516 nar-

273 2550 367 2603 rat
439 2547 816 2616 Sozomenus,
877 2543 1145 2600 ἀσύστατα
1216 2551 1373 2613 sunt,
1430 2547 1927 2620 potissimumque

277 2635 431 2712 quod
482 2636 585 2699 ait,
619 2635 932 2708 superstite
980 2635 1171 2691 adhuc
1228 2635 1541 2692 Constante
1589 2642 1924 2710 cooptatum

276 2724 460 2780 fuisse
487 2723 820 2798 Georgium.
839 2724 920 2780 De
942 2726 1112 2797 cujus
1128 2725 1391 2781 moribus
1412 2729 1472 2781 et
1499 2724 1768 2799 ingressu
1791 2726 1925 2782 Ale-

273 2813 578 2870 xandriam
610 2813 878 2885 pluribus
909 2813 1174 2869 inferius.

343 2903 399 2959 5.
459 2901 808 2958 Constantius
860 2903 1082 2972 nefaria
1136 2902 1368 2974 Syriani
1428 2907 1582 2975 gesta.
1619 2903 1838 2976 probat,
1870 2909 1924 2960 et

273 2989 398 3047 alia
417 2990 631 3060 adiicit.
655 3021 715 3031 -
737 2993 987 3064 Accepta
1007 2991 1324 3063 imperator
1347 2991 1737 3048 Alexandrina
1758 2991 1923 3048 clade

275 3096 310 3136 a
335 3079 579 3153 Syriano
605 3083 794 3151 gesta,
818 3084 884 3135 ut
914 3084 1039 3136 erat
1069 3079 1241 3136 feroci
1263 3079 1322 3135 in
1353 3080 1740 3136 Athanasium
1765 3081 1921 3153 ejus-

274 3185 387 3242 que
416 3185 698 3241 sequaces
744 3168 962 3234 animo,
1005 3169 1224 3232 fatcum
1245 3169 1510 3241 probavit
1539 3169 1636 3240 (ὁ).
1668 3169 1793 3226 Non
1824 3167 1924 3226 ille

2048 597 2288 652 effectus
2313 597 2441 653 est?
2470 596 2569 653 Ille
2587 603 2782 653 autem
2802 597 2962 654 nullo
2977 597 3334 670 turpissima
3353 597 3434 655 rei
3456 597 3700 670 pudore,

2047 684 2208 741 nullo
2251 687 2464 742 rubore
2517 687 2776 756 affectus,
2807 691 3008 744 contra
3055 687 3296 757 instare,
3337 703 3564 759 urgere,
3597 701 3700 758 po-

2047 773 2267 830 stulare
2297 792 2331 830 a
2360 774 2731 830 senatoribus
2749 775 3115 832 ethnicorum
3141 775 3545 848 optimatibus,
3569 774 3702 830 adi-

2043 862 2164 918 tuis
2210 862 2520 929 idolorum,
2556 867 2620 917 ut
2648 862 3024 935 imperatorio
3072 866 3352 936 rescripto
3383 880 3594 919 nomen
3644 866 3703 919 et

2046 951 2389 1024 suffragium
2433 953 2657 1019 darent,
2692 952 3216 1026 profiterenturque
3246 952 3414 1008 illum
3460 968 3522 1008 se
3554 951 3699 1008 reci-

2045 1055 2179 1111 pere
2208 1040 2753 1113 epiSCOpum,quem
2787 1039 3042 1096 mitteret
3083 1041 3560 1097 Constantius.ln
3583 1040 3696 1097 hoc

2045 1132 2198 1182 certe
2229 1130 2476 1201 agendo,
2508 1129 2592 1183 ait
2618 1129 2997 1195 Athanasius,
3022 1129 3398 1186 Constantius
3426 1129 3693 1186 Ecclesia

2045 1232 2296 1271 canones
2337 1216 2566 1289 egregie
2597 1217 2950 1279 vindicabat,
2986 1235 3241 1289 namque
3275 1235 3376 1288 pro
3427 1217 3696 1274 Ecclesia

2043 1302 2272 1375 litteris,
2308 1305 2414 1360 fori
2465 1305 2726 1373 litteras;
2760 1324 2863 1378 pro
2893 1307 3208 1362 Christiani
3257 1306 3456 1379 populi
3489 1307 3699 1362 sutl'ra-

2042 1393 2177 1466 giis,
2210 1394 2557 1449 adituorum
2582 1395 2859 1468 suffragia
2883 1396 3225 1467 reposcebat
3249 1414 3262 1464 ;
3296 1412 3514 1468 gnarus
3538 1395 3700 1451 scili-

2043 1489 2134 1539 cet
2164 1500 2225 1538 se
2255 1501 2367 1538 non
2400 1483 2740 1555 episcopum
2790 1483 3159 1554 Christianis,
3194 1485 3296 1541 sed
3329 1485 3400 1541 iis
3431 1485 3528 1557 qui
3559 1483 3704 1541 talia

2042 1571 2365 1628 scriberent
2393 1571 2746 1644 litigatorem
2800 1572 3052 1628 mittere.
3083 1572 3315 1628 Ethnici
3345 1572 3566 1645 itaque,
3599 1572 3704 1644 qui

2045 1659 2145 1715 tali
2174 1659 2605 1732 subscriptione
2627 1659 2992 1716 redimebant
3021 1659 3193 1715 idolis
3217 1659 3340 1716 suis
3363 1661 3703 1720 immunita-

2041 1753 2181 1818 tem,
2215 1753 2272 1803 et
2302 1748 2568 1804 nonnulli
2600 1765 2669 1804 ex
2699 1748 2992 1821 agricolis,
3027 1765 3093 1805 ac
3138 1749 3187 1805 si
3219 1749 3291 1805 de
3320 1750 3465 1806 duce
3495 1754 3598 1806 aut
3627 1751 3701 1807 de

2041 1835 2156 1891 alio
2205 1837 2482 1909 quopiam
2525 1837 2709 1892 misso
2749 1837 2952 1909 judice
3001 1843 3293 1910 ageretur,
3326 1838 3462 1894 licet
3509 1838 3696 1911 inviti,

2041 1924 2233 1980 minas
2264 1929 2457 1980 tamen
2482 1925 2980 1997 pertimescentes,
3011 1926 3359 1999 suffragium
3382 1928 3692 1983 dederunt.

2038 2018 2186 2069 Nam
2220 2014 2434 2069 ethnici
2469 2030 2603 2069 cum
2651 2019 2867 2081 essent,
2900 2014 3045 2086 quid
3075 2015 3261 2070 acturi
3294 2020 3480 2084 erant,
3513 2032 3693 2088 quam

2041 2103 2194 2175 quod
2229 2103 2564 2174 imperatori
2594 2102 2893 2174 placeret?

2107 2193 2161 2248 6.
2218 2192 2343 2247 Alia
2404 2191 2844 2247 Christianorum
2894 2192 3202 2247 calamitas.
3262 2223 3329 2232 —-
3395 2191 3696 2250 Heraclius

2036 2297 2207 2353 porro
2221 2297 2418 2336 comes
2431 2296 2564 2336 cum
2593 2279 2978 2353 comperisset
2989 2280 3387 2336 Christianum
3411 2279 3693 2353 papulum

2039 2373 2248 2442 quarta
2279 2369 2517 2425 Sabbati
2551 2374 2815 2425 coactum
2863 2370 2923 2424 in
2972 2369 3218 2425 ecclesia
3247 2385 3375 2426 esse
3401 2370 3506 2441 (c);
3538 2371 3693 2428 inse-

2036 2463 2251 2531 quente
2305 2459 2418 2527 die,
2450 2463 2756 2530 assumpto
2803 2474 3001 2514 secum
3053 2458 3442 2530 Cataphronio
3471 2461 3695 2534 ὥςπΐὶ

2035 2548 2326 2622 prafecto,
2359 2547 2634 2602 Faustino
2683 2546 2969 2602 catholico
3001 2547 3118 2603 sive
3160 2547 3450 2619 rationali,
3495 2548 3691 2622 Bithy-

2037 2652 2228 2708 noque
2252 2636 2524 2691 haretico
2547 2635 2805 2702 homine,
2825 2635 3095 2707 juniores
3125 2636 3412 2708 quosdam
3437 2637 3694 2694 forenses

2031 2723 2324 2780 idolorum
2347 2723 2598 2780 cultores
2629 2724 2900 2790 concitat,
2917 2729 2974 2779 et
2997 2724 3070 2780 ab
3089 2723 3440 2797 imperatore
3451 2725 3690 2797 jussum

2033 2813 2362 2881 denuntiat,
2386 2819 2451 2869 ut
2479 2813 2539 2868 in
2569 2813 2876 2870 ecclesiam
2901 2814 3149 2883 irruant,
3169 2813 3573 2886 populumque
3599 2819 3691 2869 la-

2031 2903 2272 2978 pidibus
2303 2903 2572 2958 obruant.
2607 2902 2753 2958 Cum
2785 2902 2981 2975 itaque
3006 2903 3131 2973 jam
3164 2901 3400 2976 plurimi
3433 2907 3566 2975 post
3597 2902 3689 2958 di-

2033 2991 2376 3048 missionem
2409 2989 2685 3047 Catholici
2716 2990 2963 3064 digressi
2998 2995 3214 3058 essent,
3245 2991 3690 3047 remanentibus

2031 3080 2234 3156 paucis
2264 3078 2632 3147 mulieribus,
2655 3083 2783 3134 tum
2815 3079 2897 3135 uti
2921 3080 3162 3151 jussum
3197 3079 3386 3136 fuerat
3405 3084 3571 3152 gesta
3596 3096 3690 3135 res

2031 3174 2140 3226 est.
2191 3171 2458 3240 Eratque
2493 3167 2828 3225 miserabile
2885 3167 3306 3241 spectaculum.
3357 3169 3506 3226 Nam
3555 3184 3691 3225 cum

271 3257 621 3315 funestatam
653 3258 909 3314 cadibus
936 3258 1266 3325 ecclesiam,
1286 3275 1399 3314 non
1431 3275 1732 3314 sacrorum
1762 3258 1918 3330 expi-
1945 3238 1994 3308 Ε
2032 3275 2232 3332 pauca
2263 3256 2552 3330 completa
2579 3256 2838 3313 eratione
2887 3255 3166 3312 mulieres
3205 3256 3493 3325 sederent,
3527 3256 3692 3314 dere-

267 3345 570 3414 lationem,
601 3363 717 3402 non
766 3347 1092 3403 denudatas
1121 3347 1398 3419 virgines,
1432 3365 1547 3404 non
1600 3349 1800 3403 omnia
1828 3365 1920 3404 sa-

271 3452 370 3492 cra
394 3436 758 3508 profanaque
800 3435 1017 3492 violata
1063 3437 1317 3510 graviter
1345 3436 1498 3492 tulit.
1529 3438 1714 3492 Tanto
1746 3436 1920 3493 nimi-

261 3540 400 3581 rum
453 3523 772 3580 Arianismi
821 3524 1020 3580 studio
1065 3525 1397 3594 tenebatur,
1431 3531 1495 3580 ut
1543 3526 1921 3599 quantumvis

263 3615 431 3668 atrox
472 3611 845 3684 immaneque
889 3612 1137 3681 facinus,
1171 3612 1230 3668 in
1262 3629 1385 3668 rem
1419 3615 1590 3670 modo
1640 3613 1798 3670 illius
1827 3631 1918 3671 ce-

267 3700 450 3769 deret,
479 3701 657 3772 probe
705 3702 923 3757 tactum
972 3702 1307 3774 optimeque
1355 3701 1688 3759 consultum
1727 3703 1921 3760 existi-

268 3791 474 3846 maret.
498 3787 697 3862 Neque
725 3788 818 3843 hic
845 3795 1038 3845 tamen
1068 3790 1179 3845 fuit
1204 3789 1603 3847 calamitatum
1636 3791 1921 3848 ﬁnis.Lit-

268 3876 409 3932 teris
439 3876 656 3950 quippe
673 3877 745 3932 ad
778 3882 1049 3933 senatum
1081 3882 1137 3933 et
1157 3879 1440 3950 populum
1462 3879 1919 3936 Alexandrinum

270 3964 470 4021 missis
491 3965 744 4036 juvenes
764 3965 1198 4038 cohortabatur,
1218 3975 1282 4023 ut
1307 3985 1424 4023 una
1450 3969 1631 4024 coacti
1663 3969 1922 4026 Athana-

269 4052 424 4112 sium
469 4053 940 4125 insequerentur,
973 4071 1039 4110 ac
1087 4055 1186 4110 ubi
1235 4054 1495 4111 locorum
1529 4062 1682 4113 esset
1725 4075 1923 4130 perve-

269 4141 574 4214 stigarent,
598 4142 1011 4198 interminatus
1033 4142 1496 4216 indignationem
1528 4163 1697 4201 suam
1730 4147 1776 4202 si
1804 4164 1920 4203 non

277 4234 547 4304 gererent
585 4247 831 4298 morem,
865 4231 1111 4288 Litteras
1159 4233 1452 4304 ejusmodi
1485 4234 1693 4290 detulit
1737 4235 1919 4292 Hera-

278 4318 428 4374 clius
460 4320 702 4391 quidam
745 4336 964 4388 comes,
990 4338 1317 4394 pracursor
1346 4322 1572 4396 Georgii
1624 4341 1756 4380 mox
1784 4328 1920 4380 Ale-

268 4407 616 4464 xandrinam
648 4409 845 4464 sedem
879 4409 1157 4466 invasuri.
1190 4410 1416 4466 Littera
1459 4419 1652 4468 autem
1685 4414 1918 4487 publice

268 4495 428 4552 lecta
476 4501 633 4552 sunt.
669 4496 987 4572 Aiebatque
1033 4498 1412 4556 Constantius
1456 4517 1518 4556 se
1567 4501 1626 4556 in
1666 4502 1916 4576 gratiam

2030 3353 2204 3422 pente
2236 3345 2506 3420 petulans
2557 3351 2788 3401 caterva
2839 3361 2974 3401 cum
3005 3344 3300 3417 lapidibus
3330 3349 3388 3401 et
3435 3344 3693 3402 fustibus

2030 3437 2174 3492 nudi
2205 3435 2500 3491 irruentes
2547 3434 2694 3490 alias
2727 3434 2967 3503 cadere,
3010 3433 3158 3489 alias
3207 3433 3488 3506 lapidare,
3519 3450 3691 3490 sacra

2028 3525 2322 3598 virginum
2355 3541 2601 3598 corpora
2644 3523 2834 3599 plagis
2865 3523 3195 3590 concidere,
3228 3523 3506 3578 detractis
3536 3521 3692 3579 vela-

2029 3614 2291 3670 minibus
2320 3630 2523 3669 earum
2554 3614 2746 3685 capita
2776 3613 3020 3679 nudare,
3053 3629 3123 3667 ex
3181 3612 3424 3670 adverso
3455 3609 3690 3667 trahen-

2028 3707 2118 3759 tes
2147 3703 2280 3758 illas
2329 3703 2576 3775 pedibus
2623 3701 2922 3774 impetere.
2953 3701 3264 3774 Virginum
3294 3717 3429 3756 vero
3481 3700 3682 3757 mode-

2029 3793 2225 3863 stiam,
2243 3791 2591 3866 auriumque
2613 3791 3024 3847 castimoniam
3049 3807 3183 3845 cum
3199 3794 3566 3863 perspectam
3588 3789 3691 3845 ha-

2029 3881 2252 3951 berent,
2287 3881 2454 3953 gnari
2486 3879 2810 3953 graviorem
2843 3879 3112 3935 obscenis
3141 3879 3531 3952 dictis,quam
3563 3879 3687 3952 gla-

2029 3969 2144 4024 diis
2174 3974 2232 4025 et
2280 3969 2596 4043 lapidibus,
2630 3970 2907 4040 injuriam
2961 3968 3184 4035 inferri,
3217 3969 3411 4041 turpia
3440 3985 3691 4042 quaque

2029 4059 2354 4122 vociferari,
2387 4058 2810 4130 instigantibus
2859 4057 3116 4127 Arianis,
3149 4058 3251 4130 qui
3282 4059 3354 4114 ad
3395 4058 3690 4130 ejusmodi

2030 4164 2330 4203 sermones
2353 4147 2739 4220 erumpebant
2759 4148 2817 4201 in
2851 4145 3188 4204 cachinnos.
3209 4147 3568 4204 Jubentibus
3591 4165 3692 4203 au-

2028 4241 2146 4294 tem
2179 4242 2234 4292 et
2263 4237 2705 4292 cohortantibus
2735 4235 2947 4292 comite
2991 4241 3166 4308 atque
3215 4235 3521 4308 catholico,
3554 4237 3690 4292 sub-

2028 4326 2217 4397 sellia,
2265 4327 2568 4392 thronum,
2617 4342 2907 4391 mensam,
2969 4342 3096 4398 qua
3145 4324 3340 4398 lignea
3390 4331 3534 4397 erat,
3562 4324 3692 4382 vela

2029 4415 2286 4474 ecclesia
2319 4419 2375 4470 et
2421 4418 2628 4471 catera
2658 4431 3024 4488 quacunque
3073 4419 3338 4488 potuere,
3369 4415 3599 4487 direpta
3634 4418 3691 4470 et

2028 4508 2328 4578 asportata
2361 4503 2416 4558 in
2449 4521 2665 4576 magna
2693 4503 2888 4576 platea
2918 4509 3052 4559 ante
3083 4503 3304 4559 ostium
3341 4503 3688 4560 combusse-

270 4585 466 4641 fratris
495 4584 586 4640 sui
607 4585 1090 4655 Constantis,non
1122 4594 1330 4660 squte
1348 4593 1508 4645 motu
1540 4590 1626 4646 vel
1651 4592 1914 4660 consilio,
1947 4605 1995 4672 υ
2026 4598 2182 4662 runt,
2216 4594 2474 4666 thusque
2504 4594 2834 4666 injecerunt
2864 4593 2925 4647 in
2957 4592 3176 4666 ignem.
3210 4593 3333 4648 Heu
3360 4593 3372 4647 l
3407 4592 3539 4665 quis
3570 4592 3692 4648 hac

269 4675 502 4732 dedisse
531 4674 850 4730 Athanasio
879 4676 1289 4733 Alexandriam
1321 4681 1640 4735 revertendi
1669 4681 1912 4738 faculta-

270 4767 411 4819 tem.
445 4766 647 4820 Comes
670 4763 848 4834 jussu
869 4764 1240 4837 imperatoris
1272 4768 1642 4824 denuntiavit
1673 4769 1916 4826 Alexan-

268 4851 477 4920 drinis,
511 4851 882 4925 maximeque
931 4855 1268 4927 gentilibus,
1303 4857 1352 4912 si
1403 4875 1519 4914 non
1550 4859 1918 4932 obtempera-

265 4943 416 5008 rent,
442 4941 824 4996 auferendum
861 4958 1092 5014 panem,
1126 4947 1436 5001 evertenda
1483 4945 1659 5016 idola,
1693 4964 1758 5002 ac
1789 4948 1918 5021 plu-

265 5028 433 5084 rimis
450 5029 835 5100 Optimatibus
856 5031 1362 5107 pOpularibusque
1374 5037 1824 5109 exspectandam
1841 5037 1921 5094 fo-

265 5132 326 5171 re
342 5115 756 5190 captivitatem.
773 5119 990 5175 Deinde
1004 5120 1098 5176 his
1111 5122 1472 5180 denuntiatis
1487 5124 1806 5193 minis,non
1821 5143 1923 5198 pu-

267 5204 395 5260 duit
427 5205 754 5274 hominem,
789 5207 908 5264 hac
939 5209 1133 5282 palam
1184 5212 1417 5285 altaque
1447 5230 1582 5270 voce
1611 5215 1869 5288 proferre
1905 5232 1919 5271 ε

265 5293 651 5354 Athanasium
699 5297 1022 5369 imperator
1050 5317 1165 5356 non
1197 5301 1322 5357 vult
1374 5303 1717 5376 episcopum
1768 5320 1919 5372 esse,

266 5381 545 5439 ecclesias
593 5383 823 5442 Arianis
853 5387 1006 5443 tradi
1049 5390 1243 5462 jubet.
1276 5391 1426 5448 Hinc
1458 5391 1660 5448 mirari
1697 5409 1924 5462 omnes,

335 5609 416 5756 lg;
441 5611 694 5742 “.3133.
711 5617 1060 5747 Ἥβη

361 5647 416 5753 ῖς
441 5647 1152 5748 υΙῗῢνίὶτοῃιινὶαη.
1209 5691 1282 5748 ad
1333 5691 1648 5765 monachos,
1704 5710 1776 5754 .n.
1859 5696 1929 5752 48

2028 4683 2295 4749 audiens,
2329 4683 2523 4753 inquit
2571 4681 2952 4748 Athanasius,
2985 4686 3275 4753 temperet
3305 4698 3339 4737 a
3368 4681 3692 4754 lacrymis?

2028 4772 2146 4828 imo
2180 4788 2352 4828 aures
2381 4787 2493 4825 non
2524 4771 2813 4838 obstruat,
2838 4787 2911 4825 ne
2939 4769 3122 4826 alium
3156 4776 3494 4826 narrantem
3519 4770 3688 4842 ferat,

2028 4865 2192 4916 ratus
2214 4859 2505 4932 ejusmodi
2529 4875 2724 4915 rerum
2757 4859 2841 4915 vel
2865 4859 3132 4916 auditum
3155 4860 3371 4916 damno
3394 4860 3507 4916 sibi
3531 4858 3692 4916 fore?

2027 4950 2177 5006 Tum
2191 4948 2409 5004 ethnici
2435 4948 2492 5002 in
2516 4949 2807 5004 idolorum
2830 4949 3193 5020 deorumque
3218 4965 3460 5005 suorum
3486 4948 3690 5006 laudes

2030 5041 2369 5112 erumpunt,
2389 5035 2701 5110 palamque
2718 5035 2977 5093 clamant
2994 5039 3066 5092 ad
3089 5054 3257 5094 suam
3279 5037 3689 5097 Constantium

2033 5127 2350 5184 accessisse
2399 5126 2764 5200 religionem,
2798 5127 3158 5200 Arianosque
3207 5144 3381 5184 suum
3424 5144 3530 5184 nec
3559 5126 3694 5183 hor-

2033 5233 2158 5273 rere
2188 5233 2293 5272 nec
2323 5216 2655 5289 improbare
2685 5215 2930 5284 cultum,
2963 5217 3081 5273 imo
3109 5234 3244 5274 vero
3267 5234 3396 5274 sese
3425 5216 3690 5273 ethnicos

2035 5305 2417 5372 simulare,ut
2446 5323 2554 5361 sua
2583 5305 2917 5361 stabiliatur
2943 5311 3001 5362 et
3027 5307 3407 5364 confirmetur
3427 5303 3688 5362 haresis.

2037 5395 2257 5452 Exinde
2281 5394 2560 5452 buculam
2579 5394 2895 5468 irrigandis
2911 5395 3099 5453 hortis
3113 5397 3454 5472 deputatam
3475 5395 3691 5456 immo-

2037 5630 2098 5690 ει
2123 5642 2289 5700 seqq-

2111 5697 2183 5772 (ο)
2204 5695 2426 5758 Athan.
2458 5695 2625 5767 ibid.,
2658 5713 2717 5753 n.
2746 5696 2840 5778 55.
