4166 6404
1731 439 1915 503 VITA
1959 439 2026 501 S.
2070 433 2516 502 ATHANASII.

3645 453 3834 507 οκκυι

409 572 533 634 lare
563 573 826 650 aggressi
857 578 1095 644 sunt;et
1110 590 1250 632 sane
1272 573 1819 643 immolassent,nisi
1851 572 2068 628 femina
2094 574 2152 639 Α
2181 577 2310 627 acta
2340 574 2703 645 temporibus
2732 575 3043 631 acervatim
3065 591 3182 630 uno
3206 574 3329 631 loco
3361 582 3624 632 recenset
3649 577 3826 633 Atha-

411 683 480 722 ea
511 667 738 733 fuisset,
771 682 920 738 quas
966 666 1025 720 in
1057 665 1411 722 sacrificium
1456 664 1660 719 offerre
1692 662 1894 734 religio
1923 661 2070 734 ipsis

413 759 553 811 erat.

480 846 537 898 7.
576 843 715 899 Ultio
741 843 930 898 divina
973 843 1031 897 in
1085 844 1392 914 petulantes
1450 841 1709 898 ethnicos.
1783 872 1850 881 —
1907 841 2072 910 Ejus-

413 933 573 988 modi
605 933 864 987 facinora
893 932 1060 1003 impii
1084 932 1283 986 Ariani
1313 947 1448 987 cum
1477 931 1724 986 ethnicis
1759 929 2066 998 admisere,

414 1023 524 1078 rati
556 1038 623 1076 ea
655 1023 711 1075 in
744 1021 1173 1076 Catholicorum
1231 1025 1453 1076 vertere
1511 1019 1949 1076 contumeliam.
2000 1020 2072 1072 At

417 1110 678 1165 divinum
701 1110 926 1165 Numen
948 1109 1200 1164 inultum
1227 1109 1418 1164 scelus
1441 1127 1556 1164 non
1578 1108 1949 1181 praetermisit
1969 1107 2068 1177 (α),

417 1215 737 1271 gravesque
768 1199 1113 1253 facinorosis
1157 1198 1407 1254 immisit
1439 1216 1661 1270 pmnas,
1697 1199 1913 1269 quibus
1944 1209 2072 1251 sese

419 1288 622 1344 laesum
646 1288 980 1359 injuriaque
1001 1289 1271 1342 affectum
1291 1287 1794 1342 ostenderet.Nam
1824 1291 1888 1341 ut
1908 1287 2073 1356 juve-

418 1378 510 1433 nis
553 1377 793 1448 quidam
847 1391 915 1431 ex
966 1375 1460 1448 petulantioribus
1514 1376 1571 1430 in
1628 1375 1948 1431 sacrarium
1997 1375 2072 1429 ir-

416 1483 594 1521 ruens
621 1482 802 1521 ausus
829 1471 986 1520 esset
1017 1464 1074 1518 in
1110 1465 1429 1536 episcOpali
1481 1465 1692 1519 throno
1723 1465 1947 1528 sedere,
1980 1478 2070 1518 se-

416 1556 680 1626 densque
733 1554 1080 1610 temerarius
1141 1552 1238 1608 ille
1278 1554 1671 1609 meretricium
1705 1553 1897 1609 nescio
1931 1552 2070 1624 quid

419 1644 662 1699 naribus
684 1648 1046 1714 personaret,
1078 1643 1210 1698 inde
1230 1659 1362 1697 cum
1391 1643 1757 1708 surrexisset,
1791 1642 2070 1697 thronum

419 1731 740 1788 convellere
770 1733 840 1786 ad
873 1748 1050 1804 seque
1093 1732 1324 1787 trahere
1374 1736 1637 1798 conatus,
1684 1731 1962 1803 ignorans
2012 1747 2074 1786 se

420 1821 532 1878 sibi
564 1821 823 1876 divinam
855 1822 1145 1876 attrahere
1165 1820 1505 1891 vindictam,
1529 1820 1906 1892 avulsoligno
1936 1837 2073 1875 ven-

418 1915 566 1966 trem
619 1909 743 1981 ipse
775 1927 951 1965 suum
986 1911 1295 1982 percussit,
1329 1914 1504 1981 atque
1536 1910 1653 1964 ictu
1683 1910 1960 1965 intestina
1989 1910 2072 1964 fo-

419 2015 516 2054 ras
548 1998 763 2053 emisit.
797 1999 1105 2070 Collapsus
1153 1999 1348 2069 itaque
1380 2002 1715 2069 asportatus
1747 2005 1851 2066 est,
1885 2001 1944 2052 et
1974 2014 2075 2069 po-

421 2085 628 2142 stridie
654 2087 895 2142 interiit.
959 2088 1263 2160 Ingressus
1322 2087 1460 2142 item
1519 2087 1690 2156 alius,
1733 2087 1831 2158 qui
1867 2085 2082 2146 thallos

421 2192 601 2231 manu
634 2177 928 2247 gestabat,
962 2193 1096 2232 cum
1126 2193 1284 2232 more
1341 2176 1710 2231 ethnicorum
1742 2193 1920 2231 manu
1948 2175 2048 2230 illo

422 2265 694 2336 agitaret,
727 2265 1164 2335 cachinnosque
1219 2265 1618 2336 profunderet,
1654 2270 1891 2335 repente
1922 2268 2082 2318 tene-

422 2355 548 2410 bris
571 2355 798 2410 offusus
829 2354 1132 2425 oculisque
1159 2360 1510 2425 captus,non
1544 2353 1698 2408 ultra
1728 2354 1948 2409 sciebat
1980 2353 2078 2407 ubi

423 2449 715 2500 terrarum
773 2448 966 2499 esset:
1001 2443 1097 2513 qui
1120 2444 1372 2514 jamjam
1413 2443 1804 2515 collapsurus,
1839 2460 1872 2497 a
1901 2443 2082 2498 comi-

429 2533 590 2588 tibus
621 2533 744 2588 suis
778 2549 957 2587 manu
989 2532 1280 2587 adductus
1304 2537 1360 2587 et
1378 2537 1743 2587 sustentatus
1770 2533 2086 2599 exivit,vix-

430 2621 836 2692 quepostridie
867 2620 1082 2676 mentis
1114 2638 1352 2692 compos
1391 2621 1630 2677 effectus
1659 2626 1767 2688 est,
1811 2621 2085 2676 facinoris

423 2711 595 2780 juxta
635 2727 700 2765 ac
729 2725 900 2765 casus
933 2710 1024 2765 sui
1057 2710 1388 2765 immemor.

505 2797 558 2851 8.
592 2798 693 2853 His
725 2800 1051 2870 conspectis
1082 2799 1297 2854 ethnici
1325 2800 1614 2870 perterriti
1639 2805 1796 2866 sunt,
1821 2800 2086 2872 nihilque

435 2884 589 2940 ultra
619 2887 855 2958 aggredi
887 2894 1028 2942 sunt
1057 2888 1186 2942 ausi
1214 2904 1226 2942 :
1259 2889 1505 2944 Arianos
1533 2905 1668 2943 vero
1697 2905 1768 2943 ne
1798 2895 1924 2943 tum
1957 2889 2086 2960 qui-

434 2975 564 3028 dem
598 2981 896 3045 gestorum
928 2977 1156 3048 puduit,
1183 2978 1284 3032 sed
1315 2978 1604 3048 ejusmodi
1638 2977 1898 3033 faclnora
1928 2995 1961 3032 a
1991 2994 2088 3050 pe-

433 3062 761 3118 tulantibus
792 3064 1130 3119 hominibus
1163 3066 1425 3121 admissa
1447 3066 1696 3122 libentes
1723 3083 1788 3122 ac
1819 3067 1933 3121 laeti
1957 3084 2090 3122 con-

434 3151 778 3224 Spiciebant.
813 3154 1026 3208 Aderat
1081 3153 1247 3226 ipsis,
1298 3170 1586 3226 opemque
1619 3157 1840 3210 ferebat
1872 3157 2090 3211 Fausti-

433 3256 545 3294 nus
579 3241 820 3311 quidam
853 3242 1156 3298 rationalis
1210 3244 1329 3298 sive
1374 3245 1802 3312 thesaurarius,
1835 3245 2087 3301 circum-

2179 679 2402 716 111181118.

2248 751 2302 803 9.
2336 751 2743 806 Praefectorum
2796 753 2992 823 itaque
3042 757 3100 808 et
3157 755 3437 808 comitum
3506 753 3828 826 patrocinio

2180 839 2310 893 freti
2342 839 2538 894 Ariani
2570 842 2844 896 omnibus
2876 843 3078 896 terrori
3111 848 3296 911 erant,
3339 843 3829 914 imperatorisque

2181 926 2553 981 formidinem
2587 934 2966 1000 Opponentee,
3025 932 3179 1002 apud
3219 948 3422 986 omnes
3453 932 3831 987 venditabant

2182 1032 2328 1085 sese,
2363 1017 2788 1072 comminantes
2835 1018 2994 1073 illius
3041 1020 3210 1074 iram.
3259 1020 3599 1091 Virginibus
3632 1025 3828 1075 autem

2180 1104 2393 1159 Christi
2441 1105 2809 1176 implacabile
2842 1107 3060 1162 bellum
3124 1109 3454 1164 indixerant
3484 1110 3700 1181 impuri
3732 1109 3833 1164 ho-

2181 1193 2371 1248 mines
2404 1193 2643 1265 (c),quia
2668 1211 2765 1249 eas
2797 1195 3155 1266 impietatem
3217 1199 3489 1252 detestari
3540 1215 3832 1270 compere-

2181 1287 2332 1336 rant.
2366 1284 2753 1347 Quamobrem
2787 1284 2932 1339 alias
2962 1301 3030 1339 ex
3055 1286 3276 1341 aedibus
3298 1288 3651 1357 dejecerunt,
3684 1287 3831 1342 alias

2181 1371 2422 1426 aﬂ‘ecere
2453 1372 2860 1440 contumeliis;
2895 1390 3214 1444 earumque
3245 1378 3453 1447 capita,
3489 1393 3614 1448 quae
3648 1377 3830 1448 potis-

2181 1459 2332 1515 sima
2363 1468 2498 1514 tunc
2521 1466 2644 1515 erat
2672 1461 3006 1532 ignominiaa
3039 1467 3193 1530 nota,
3228 1465 3436 1519 nudari
3461 1467 3772 1536 jusserunt
3799 1484 3834 1523 a

2183 1547 2465 1619 petulanti
2496 1548 2902 1619 illajuvenum
2946 1557 3194 1607 caterva.
3228 1553 3570 1608 Mulieribus
3601 1571 3833 1626 quoque

2182 1637 2308 1692 suis
2352 1637 2685 1692 facultatem
2720 1640 3005 1694 dederunt
3043 1641 3427 1696 contumelias
3459 1643 3697 1698 arbitrio
3729 1660 3833 1699 suo

2183 1725 2367 1780 cuivis
2396 1725 2630 1781 illarum
2683 1728 2990 1782 inferendi.
3032 1734 3302 1785 Honestas
3332 1731 3511 1802 igitur
3541 1749 3606 1786 ac
3637 1732 3836 1788 ﬁdeles

2185 1819 2485 1883 matronae,
2535 1815 2625 1870 his
2685 1817 3033 1888 conspectis,
3094 1819 3468 1875 declinabant
3523 1836 3834 1876 occursum

2183 1903 2544 1973 hujusmodi.
2582 1905 2692 1959 illae
2727 1911 2920 1960 autem
2972 1908 3141 1977 quasi
3193 1909 3420 1963 bacchae
3452 1915 3508 1964 et
3540 1911 3702 1965 furia?
3733 1911 3840 1966 cir-

2189 1996 3086 2064 cumcursantes,detrimentum
3120 2000 3481 2069 putabant,si
3514 2017 3689 2072 quam
3724 2017 3837 2056 non

2191 2082 2553 2138 offenderent
2583 2085 2675 2138 cui
2709 2084 2990 2140 inferrent
3020 2085 3320 2157 injuriam.

2263 2172 2349 2226 10.
2385 2175 2506 2240 Quo
2526 2189 2582 2226 se
2603 2175 2877 2245 proripuit
2909 2175 3260 2230 Athanasius.
3298 2207 3362 2216 -—
3400 2176 3531 2232 Jam
3557 2179 3625 2233 ad
3659 2179 3838 2234 Atha-

2191 2260 2423 2314 nasium
2456 2262 2784 2328 redeamus,
2819 2281 2852 2317 a
2907 2280 3023 2334 quo
3054 2281 3160 2321 nos
3199 2267 3438 2336 paulum
3470 2267 3714 2324 abduxit
3742 2267 3843 2325 illa

2190 2353 2354 2403 tanta
2377 2350 2693 2406 abArianis
2715 2351 3003 2407 concitata
3027 2359 3366 2425 tempestas.
3401 2357 3720 2428 Postquam
3752 2376 3842 2414 er-

2193 2454 2264 2509 go
2297 2438 2476 2492 furori
2509 2439 2738 2510 Syriani
2770 2439 3144 2511 militumque
3203 2459 3264 2498 se
3296 2442 3700 2514 proripuisset,
3735 2445 3844 2500 hoc

2194 2543 2378 2580 unum
2411 2527 2727 2591 curavit,ut
2753 2527 2931 2583 vitam
2962 2547 3131 2584 suam
3191 2532 3534 2586 sicariorum
3568 2533 3845 2590 manibus

2194 2620 2454 2686 ereptam
2481 2617 2628 2688 fugae
2651 2617 3075 2690 solitudinique
3097 2621 3540 2676 mandaret.Nec
3565 2627 3761 2678 tamen
3785 2625 3846 2679 in

2195 2710 2471 2775 promptu
2503 2710 2588 2760 est
2619 2707 2808 2762 dicere
2865 2724 2979 2779 quo
3035 2710 3232 2765 statim
3295 2710 3418 2765 loco
3453 2727 3514 2766 se
3546 2714 3846 2784 receperit.

2195 2794 2340 2848 Nam
2375 2793 2609 2865 vulgata
2657 2795 2756 2849 illa
2788 2797 3028 2851 Palladii
3061 2799 3131 2853 de
3159 2799 3458 2855 Athanasii
3492 2818 3725 2857 secessu
3757 2802 3848 2856 hi-

2197 2884 2377 2937 storia
2422 2884 2500 2954 (d)
2533 2884 2734 2939 multis
2787 2887 3125 2941 nominibus
3175 2895 3446 2960 suspecta
3517 2891 3687 2945 nobis
3739 2896 3847 2947 est.

2196 2974 2362 3044 Apud
2393 2973 2676 3043 virginem
2705 2975 3044 3044 quamdam,
3073 2976 3599 3048 inquitPalladius,
3636 2982 3854 3052 specio-

2200 3062 2523 3129 sissimam,
2554 3063 2876 3135 vigintique
2909 3082 3093 3120 annos
3125 3072 3324 3122 natam
3355 3070 3604 3142 aufugit,
3639 3071 3851 3126 sticha-

2201 3151 2284 3206 rio
2317 3155 2545 3206 tantum
2579 3169 2680 3207 seu
2736 3155 2934 3208 tunica
2983 3159 3039 3209 et
3070 3155 3226 3211 birro
3258 3157 3602 3214 instructus.
3636 3159 3852 3215 Obstu-

2202 3241 2328 3312 puit
2351 3241 2510 3312 virgo
2535 3241 2614 3296 rei
2659 3242 2988 3298 insolentia.
3021 3245 3124 3299 Cui
3148 3246 3460 3316 episcopus
3485 3263 3498 3301 :
3536 3248 3625 3303 Me
3646 3250 3845 3304 Ariani

435 3329 708 3385 foraneus
738 3335 796 3384 et
827 3347 1108 3402 arrogans
1139 3331 1333 3387 homo.
1359 3332 1557 3403 Neque
1577 3349 1715 3389 sane
1733 3339 2088 3405 spectatores
2118 3320 2160 3386 C
2201 3330 2439 3385 nefariis
2471 3330 2788 3385 sceleribus
2819 3339 3161 3388 accusatum
3193 3335 3579 3406 perquirunt:
3610 3355 3682 3392 ne
3711 3355 3848 3410 ergo

432 3416 516 3472 illi
549 3417 837 3474 scelerum
869 3424 1098 3474 tantum
1132 3420 1388 3486 fuerunt,
1423 3423 1522 3476 sed
1557 3422 1793 3477 nefariis
1824 3423 1933 3493 ipsi
1969 3440 2088 3478 ma-

432 3507 608 3562 nibus
662 3507 929 3579 graviora
985 3512 1414 3579 perpetrarunt.
1459 3532 1487 3559 ‹‹
1549 3513 1730 3576 Quam
1767 3511 1946 3581 enim,
2009 3513 2088 3567 ait

434 3596 797 3652 Athanasius
831 3597 923 3669 (ὁ),
957 3613 1072 3651 non
1113 3598 1407 3669 diripuere
1436 3600 1676 3654 domum
1701 3600 1728 3654 ‘?
1759 3617 1906 3671 quas
1936 3602 2088 3656 aedes

432 3685 859 3757 pervestigandi
895 3703 1072 3741 causa
1094 3704 1209 3741 non
1237 3687 1565 3758 expilarunt
1584 3689 1611 3743 ‘I
1639 3692 1819 3752 Quem
1851 3689 2086 3745 hortum

431 3774 631 3830 nimiis
653 3776 1200 3832 concursationibus
1220 3793 1332 3831 non
1356 3778 1739 3833 devastarunt
1755 3779 1782 3821 ‘?
1802 3779 1964 3842 Quod
1997 3796 2087 3835 se-

435 3863 701 3934 pulcrum
741 3881 852 3920 non
887 3882 1184 3936 aperuere,
1248 3867 1439 3937 specie
1492 3868 1732 3938 quidem
1781 3868 2087 3923 Athanasii

440 3953 978 4025 perquirendi,cum
1010 3955 1156 4010 nihil
1187 3962 1381 4010 tamen
1417 3957 1572 4010 aliud
1592 3964 1884 4023 curarent,
1910 3975 2089 4029 quam

437 4041 690 4113 diripere
721 4048 777 4097 et
810 4043 1010 4099 obvios
1042 4061 1308 4115 quosque
1332 4045 1633 4116 spoliare?
1663 4048 1846 4111 Quam
1881 4047 2092 4102 multo-

438 4147 567 4185 rum
603 4133 814 4187 domus
846 4133 1160 4205 obsignatae:
1195 4139 1334 4188 sunt
1367 4135 1378 4188 ι
1414 4133 1599 4197 Quam
1633 4136 1838 4199 multa,
1871 4153 1998 4208 quae
2028 4137 2088 4191 in

433 4219 827 4292 hospitalibus
850 4227 1037 4287 erant,
1062 4223 1426 4278 administris
1449 4225 1575 4279 suis
1597 4225 1884 4280 militibus
1915 4226 2092 4280 tradi-

433 4310 648 4365 derunt
665 4307 834 4375 iQuis
853 4327 1054 4365 eorum
1078 4311 1511 4383 improbitatem
1532 4319 1807 4385 expertus
1825 4332 1937 4370 non
1962 4315 2089 4370 est?

431 4398 573 4464 Quis
605 4398 723 4454 illis
753 4399 959 4455 obvius
989 4417 1105 4454 non
1156 4417 1282 4455 sese
1313 4401 1370 4455 in
1405 4402 1526 4458 foro
1559 4403 1919 4459 occultavit?
1947 4405 2088 4469 Quis

432 4487 779 4555 non,relicta
809 4489 1002 4560 domo,
1059 4489 1118 4543 in
1178 4491 1405 4546 deserto
1465 4492 1870 4563 pernoctavit?
1923 4495 2085 4566 Quis,

431 4577 572 4632 dum
605 4593 716 4633 sua
743 4577 963 4633 intacta
993 4595 1220 4635 servare
1249 4585 1436 4649 curat,
1488 4597 1602 4635 non
1646 4581 1966 4637 multorum
1991 4584 2085 4654 ja-

2197 3419 2256 3472 in
2289 3418 2505 3473 malam
2538 3419 2792 3474 incidam
2828 3421 3068 3485 tamam,
3101 3439 3242 3478 neve
3276 3425 3491 3495 peccati
3525 3442 3704 3481 causa
3734 3427 3846 3482 sim

2199 3507 2271 3562 iis
2329 3507 2429 3578 qui
2462 3525 2554 3563 me
2612 3509 2812 3563 volunt
2870 3510 3160 3582 supplicio
3208 3513 3458 3583 afﬁcere,
3515 3516 3651 3586 t'uga
3704 3515 3848 3571 mihi

2199 3596 2501 3652 consulere
2531 3598 2791 3666 decrevi;
2828 3599 3090 3671 mihique
3124 3601 3405 3658 Dominus
3437 3603 3709 3659 revelavit
3742 3605 3853 3661 hac

2201 3692 2368 3742 nocte
2395 3687 2629 3741 nonnisi
2663 3689 2816 3759 apud
2849 3693 2903 3744 te
2934 3706 3105 3760 posse
3144 3707 3237 3746 me
3268 3691 3520 3747 salutem
3548 3694 3848 3765 consequi.

2202 3775 2306 3830 Illa
2335 3793 2466 3830 vero
2499 3793 2568 3831 ex
2598 3777 2794 3832 animo
2851 3779 3136 3850 gaudens,
3191 3785 3345 3836 totos
3387 3798 3487 3836 sex
3517 3799 3722 3854 annos,
3755 3785 3854 3839 do-

2201 3881 2305 3919 nec
2337 3865 2561 3920 scilicet
2608 3872 2907 3938 superstes
2957 3869 3067 3922 fuit
3105 3869 3425 3941 imperator
3454 3872 3850 3940 Constantius,

2201 3956 2642 4010 sanctissimum
2676 3956 3011 4028 cpiscOpum
3047 3959 3562 4031 occultavit,pedes
3583 3961 3850 4030 abluens,

2201 4045 2526 4098 necessaria
2556 4045 3266 4117 suppeditans,librosque
3290 4053 3556 4104 mutuata
3578 4050 3853 4122 legendos

2199 4130 2312 4202 ipsi
2344 4132 2864 4204 tradens.Accepta
2894 4152 3063 4204 porro
3095 4138 3416 4192 Constantii
3451 4144 3655 4207 morte,
3691 4140 3852 4197 solus

2201 4225 2372 4274 noctu
2425 4221 2483 4274 in
2529 4221 2833 4277 ecclesiam
2862 4226 3144 4294 concedit,
3197 4226 3444 4282 honesto
3475 4229 3718 4285 indutus
3749 4230 3853 4286 ha-

2199 4309 2344 4364 bitu.
2381 4309 2731 4366 Mirantibus
2780 4317 2974 4368 autem
3009 4315 3234 4385 amicis,
3269 4317 3422 4387 quod
3457 4334 3630 4388 quem
3661 4319 3854 4375 virum

2199 4398 2536 4454 defunctum
2573 4404 2864 4470 putarent,
2898 4402 3094 4458 vivum
3139 4406 3560 4476 conspicerent,
3597 4409 3852 4480 roganti-

2199 4487 2426 4559 busque
2449 4489 2547 4560 qui
2575 4489 2686 4544 sibi
2711 4491 2917 4546 fuisset
2945 4491 3300 4549 latebrarum
3335 4496 3518 4563 locus,
3555 4499 3856 4569 respondit

2196 4577 2549 4633 Athanasius
2575 4595 2586 4633 :
2623 4585 2696 4634 Ea
2730 4581 2798 4635 de
2829 4597 3009 4637 causa
3039 4584 3110 4638 ad
3141 4600 3242 4639 vos
3271 4602 3384 4640 non
3426 4586 3682 4659 confugi,
3715 4604 3851 4644 cum

429 4671 656 4721 cturam
703 4666 840 4722 fecit
863 4667 890 4721 ’ἰ
933 4668 1074 4734 Quis
1133 4669 1314 4724 maris
1362 4668 1674 4740 imperitus
1724 4688 1837 4726 non
1879 4672 2089 4728 maluit
2119 4695 2164 4758 Β
2199 4673 2265 4721 ut
2295 4667 2955 4758 sciscitantibusjurare
2985 4672 3147 4727 vobis
3169 4672 3395 4729 licitum
3420 4680 3594 4740 esset,
3625 4681 3751 4732 tum
3785 4683 3854 4733 ut

431 4755 590 4811 adire
621 4755 951 4827 periculum
985 4757 1318 4830 navigandi,
1370 4775 1546 4829 quam
1579 4759 1920 4816 minitantes
1952 4761 2086 4818 illos

428 4845 804 4917 conspicere?
835 4847 1002 4902 Multi
1033 4865 1174 4904 sane
1196 4852 1255 4902 in
1280 4848 1596 4904 discrimen
1615 4865 1687 4905 ne
1715 4856 2082 4922 vocarentur,

428 4933 724 4990 domicilia
755 4941 1184 5007 permutarunt,
1221 4941 1276 4992 et
1307 4953 1340 4992 a
1379 4937 1504 4991 vico
1538 4938 1594 4992 in
1629 4938 1844 5008 vicum,
1879 4939 1950 4994 ab
1983 4957 2083 4995 ur-

426 5021 576 5077 bein
600 5025 1355 5081 suburbiatransmcarunt.
1386 5028 1571 5091 Quam
1605 5027 1796 5094 multi,
1827 5045 1960 5084 cum
1995 5029 2083 5084 in-

429 5111 594 5168 sidiis
635 5113 991 5168 Arianorum
1044 5113 1232 5169 multa
1275 5115 1387 5169 sibi
1439 5120 1592 5171 esset
1640 5116 1913 5188 irrogata,
1948 5135 2082 5174 cum

429 5199 576 5255 nihil
607 5206 963 5273 suppeteret,
997 5203 1069 5258 ab
1100 5203 1232 5258 aliis
1263 5205 1521 5258 mutuari
1553 5206 1734 5260 coacti
1767 5211 1926 5274 sunt,
1959 5224 2087 5279 gra-

427 5290 606 5346 vioris
638 5290 860 5347 scilicet
881 5293 1124 5361 jactura
1155 5292 1403 5347 vitandae
1437 5309 1616 5350 causa
1648 5294 1660 5349 ι
1698 5316 1726 5343 ››
1755 5294 1936 5350 Nemo
1968 5296 2084 5353 sci-

428 5377 563 5434 licet
591 5381 943 5436 Arianorum
1002 5397 1212 5437 manus
1243 5382 1496 5454 effugere
1551 5389 1780 5455 poterat
1838 5385 1897 5439 in
1930 5385 2082 5440 cala-

429 5469 738 5526 mitatibus
767 5469 1104 5544 inﬂigendis
1127 5472 1494 5528 exercitatas.
1517 5472 1647 5529 Haec
1679 5478 1876 5530 autem
1907 5474 2082 5532 variis

519 5699 574 5780 ᾳ)
603 5698 818 5780 Athan.
853 5703 987 5780 Ηξδέ.
1022 5703 1213 5780 Arion.
1246 5703 1318 5762 ad
1345 5706 1654 5780 monachos,
1682 5723 1738 5766 n.
1772 5707 1864 5765 57.

519 5717 552 5755 a
603 5698 818 5756 Athan.
853 5703 987 5757 Hist.
1022 5703 1213 5759 Arion.
1246 5732 1250 5757 4

495 5697 574 5850 ξδί
605 5771 775 5847 lbid.,
810 5789 868 5832 τι.
898 5774 971 5832 55
997 5779 1056 5834 et
1083 5789 1250 5854 seqq.

2199 4757 2418 4812 nemini
2439 4765 2776 4829 suspectum
2803 4760 2993 4815 locum
3019 4778 3189 4816 nemo
3215 4765 3326 4819 mei
3360 4767 3654 4836 quaerendi
3673 4784 3853 4824 causa

2196 4847 2399 4901 adiret.
2435 4847 2649 4901 Scribit
2674 4866 2842 4920 porro
2897 4849 3212 4916 Palladius,
3245 4869 3372 4907 eam
3407 4871 3468 4909 se
3496 4854 3711 4911 vidisse
3738 4857 3854 4912 vir-

2194 4935 2391 5006 ginem
2425 4938 2797 5008 septuaginta
2820 4944 2943 4993 tum
2969 4956 3154 4995 annos
3177 4942 3617 4999 natam.Verum
3649 4944 3707 4999 in
3741 4944 3850 5001 hu-

2185 5025 2451 5094 jusmodi
2482 5025 2726 5081 historia
2748 5028 3028 5083 nonnulla
3057 5036 3253 5101 aperte
3287 5032 3450 5099 falsa,
3487 5033 3713 5106 reliqua
3745 5052 3849 5091 su-

2195 5119 2395 5184 specta
2417 5114 2704 5169 videntur.
2731 5117 2891 5180 Quod
2928 5126 3198 5174 narratur
3219 5121 3374 5174 enim
3399 5122 3679 5177 divinitus
3707 5141 3849 5194 prm-

2197 5203 2510 5269 monitum,
2542 5205 2637 5259 vix
2669 5206 2803 5261 dato
2835 5207 2906 5260 ad
2942 5207 3285 5264 vestimenta
3312 5209 3608 5266 induenda
3634 5214 3848 5285 spatio,

2195 5292 2495 5363 aufugisse
2520 5309 2533 5360 ;
2563 5299 2678 5350 toto
2696 5297 2971 5351 sexennio
3005 5296 3306 5354 delituisse
3329 5301 3483 5370 apud
3515 5301 3804 5374 virginem
3831 5321 3845 5364 ς

2192 5381 2412 5436 amicos
2443 5383 2572 5453 ejus
2601 5383 2792 5438 virum
2861 5401 2963 5456 per
3020 5389 3388 5444 tantumdem
3427 5390 3710 5461 temporis
3741 5408 3846 5464 pro

2193 5475 2423 5526 mortuo
2453 5471 2731 5528 habuisse
2758 5491 2771 5541 ;
2803 5473 2944 5541 haec,
3000 5474 3263 5547 inquam,
3309 5476 3481 5548 plane
3513 5485 3845 5552 repugnant

2261 5705 2331 5855 EQ
2359 5706 2570 5762 Athan.
2604 5707 2745 5790 ibid.
2779 5726 2836 5763 n.
2867 5709 2958 5763 59.

2318 5781 2336 5855 )
2360 5777 2578 5838 Pallad.
2609 5778 2714 5840 lib.
2742 5795 2864 5855 vni,
2893 5795 2958 5840 ea

2318 5781 2336 5855 )
2360 5777 2578 5838 Pallad.
2609 5778 2714 5840 lib.
2742 5795 2864 5856 vni,
2893 5795 3024 5857 cap.
3057 5781 3182 5845 136.
