4166 6422
328 427 491 479 CXXX

1745 418 2359 484 PROLEGOMENA.

325 549 619 607 sexcentis
648 549 952 606 Athanasii
1011 555 1068 607 et
1097 550 1343 608 aliorum
1402 553 1774 610 testimoniis.
1809 554 1974 611 Unde
2002 563 2058 628 Α
2085 555 2344 611 Aclaetus
2366 555 2599 628 quidem
2622 554 2720 611 ille
2741 555 2904 627 obiit,
2927 555 3448 630 martyriigloriam
3465 556 3734 628 adeptus.

323 655 432 696 nec
460 639 756 695 immerito
788 639 1028 696 historia
1051 641 1248 697 isthaac
1268 643 1624 714 totaingenti
1645 644 1976 716 suscipione

326 728 594 784 laborare
639 729 890 784 videtur.
923 729 1021 784 Vel
1069 731 1118 785 si
1151 731 1388 786 omnino
1419 733 1489 786 ad
1521 733 1806 805 virginem
1842 751 1972 805 pro-

323 818 564 890 fugerit,
597 817 795 888 paucis
825 834 965 873 sane
987 818 1196 874 diebus
1218 819 1389 875 isthic
1417 827 1814 878 commoratus
1843 827 1968 890 est;

324 923 461 962 cum
480 910 613 961 ante
634 906 828 976 ipsum
856 907 1081 979 Georgii
1135 901 1493 980 ingressum,
1525 927 1593 966 ex
1623 911 1869 979 deserto,
1907 916 1973 966 ut

319 999 575 1051 testatur
620 994 763 1066 ipse,
825 995 1048 1052 litteras
1095 999 1383 1069 quasdam
1433 999 1674 1069 dederit,
1709 1017 1834 1071 quae
1866 1000 1970 1056 ho-

322 1084 530 1155 dieque
560 1089 896 1154 supersunt.

393 1174 476 1227 11.
510 1173 845 1228 Athanasius
875 1175 937 1227 in
963 1174 1170 1232 deserto
1229 1177 1442 1232 litteras
1495 1178 1578 1233 ad
1604 1179 1814 1249 plebem
1846 1180 1969 1234 Ale-

317 1262 661 1318 xandrinam
676 1264 866 1318 mittit.
887 1294 954 1303 —
981 1263 1043 1318 In
1067 1266 1379 1321 remotiora
1402 1267 1581 1338 igitur
1600 1268 1825 1340 {Egypti
1840 1267 1969 1324 loca

312 1351 632 1407 concessit:
689 1367 793 1406 nec
822 1369 1082 1424 unquam
1105 1358 1302 1409 tamen
1327 1355 1400 1409 ab
1428 1372 1512 1421 eo,
1547 1354 1682 1410 licet
1703 1357 1962 1421 absente,

310 1440 574 1495 debitum
597 1439 865 1495 Ecclesiae
889 1457 1006 1495 suae
1029 1441 1288 1497 ofﬁcium
1339 1443 1686 1514 requisitum
1719 1450 1822 1499 est.
1854 1447 1962 1500 Ac-

309 1535 477 1602 cepto
508 1545 764 1600 namque
794 1546 986 1585 rerum
1048 1536 1178 1601 post
1209 1531 1534 1588 discessum
1566 1549 1740 1587 suum
1774 1538 1964 1606 gesta-

309 1636 443 1674 rum
469 1619 695 1685 nuntio,
729 1618 1177 1675 consolatoriam
1210 1619 1362 1692 plebi
1394 1621 1691 1676 catholicae
1721 1621 1962 1677 Alexan-

309 1707 492 1763 drinae
525 1707 830 1778 epistolam
857 1708 1044 1775 misit;
1071 1725 1182 1779 qua
1212 1709 1549 1780 deplorabat
1571 1711 1849 1766 inflictam
1874 1728 1964 1767 ca-

306 1797 656 1862 lamitatem,
690 1797 928 1863 caedem,
978 1797 1406 1868 expilationem.
1465 1799 1815 1855 Hortabatur
1862 1817 1962 1856 ne-

307 1885 682 1958 conciderent
702 1886 917 1954 animo,
944 1888 1042 1942 sed
1070 1887 1127 1942 in
1151 1887 1266 1942 Deo
1298 1905 1461 1960 spem
1496 1895 1839 1960 reponerent
1867 1905 1960 1945 res

306 1976 569 2047 ipsorum
595 1975 1078 2046 prospiciente.Et
1101 1976 1238 2048 quia
1256 1978 1326 2032 de
1358 1977 1567 2033 ablatis
1588 1979 1960 2033 Arianorum-

306 2081 420 2136 que
449 2064 622 2119 coetui
654 2064 885 2119 traditis
917 2065 1179 2121 ecclesiis
1237 2065 1514 2121 dolebant
1572 2067 1822 2122 maxime
1853 2067 1955 2122 Ca-

302 2152 503 2208 tholici
530 2170 542 2206 :
584 2174 611 2203 «
645 2151 756 2217 Illi,
787 2152 1002 2223 inquit,
1033 2153 1162 2209 loca
1194 2173 1207 2221 ;
1235 2171 1336 2210 vos
1368 2156 1541 2210 ﬁdem
1575 2155 1954 2228 apostolicam

299 2242 548 2298 habetis.
584 2241 671 2296 Illi
707 2241 767 2296 in
791 2241 936 2298 locis
957 2243 1305 2299 exsistentes
1337 2261 1370 2299 a
1398 2261 1534 2300 vera
1565 2245 1678 2300 ﬁde
1709 2250 1849 2300 sunt
1881 2246 1956 2301 fo-

299 2333 417 2399 ris;
446 2349 546 2388 vos
577 2348 710 2386 vero
742 2348 776 2386 a
804 2331 948 2387 locis
1006 2332 1244 2403 quidem
1305 2333 1446 2390 foris
1475 2335 1640 2400 estis,
1676 2336 1776 2390 sed
1811 2335 1954 2390 ﬁdes

299 2421 462 2476 intus
491 2420 1006 2477 est.Discutiamus
1035 2421 1176 2493 quid
1209 2423 1285 2477 sit
1314 2424 1529 2494 majus,
1559 2423 1744 2487 locus,
1779 2441 1850 2478 an
1885 2424 1952 2478 ﬁ-

297 2510 447 2566 des?
502 2509 721 2566 clarum
754 2517 844 2566 est
874 2510 1076 2582 utique
1114 2511 1254 2583 quia
1285 2528 1416 2566 vera
1448 2512 1610 2568 ﬁdes.
1645 2513 1784 2577 Quis
1815 2528 1952 2584 ergo

295 2599 430 2672 plus
460 2601 770 2669 amisit,vel
795 2603 928 2674 quis
960 2601 1093 2674 plus
1124 2601 1428 2672 habet,qui
1458 2599 1653 2656 locum
1676 2605 1852 2670 tenet,
1877 2618 1951 2656 an

294 2689 395 2760 qui
411 2689 820 2746 ﬁdem?Bonus
834 2692 1072 2762 quidem
1092 2690 1256 2746 locus
1277 2695 1367 2745 est
1381 2690 1614 2761 quando
1647 2689 1764 2744 illic
1777 2706 1949 2758 apos-

293 2777 468 2834 tolica
483 2779 624 2835 ﬁdes
639 2779 1254 2852 praedicatumsanctus
1268 2778 1430 2844 est,si
1445 2779 1522 2833 ibi
1541 2785 1780 2834 sanctus
1792 2778 1953 2835 habi.

291 2871 433 2922 tat.»
466 2868 680 2924 Exinde
702 2885 834 2925 vero
856 2887 918 2925 se
941 2869 1218 2925 didicisse
1241 2869 1340 2934 ait,
1374 2869 1624 2922 Arianos
1646 2867 1952 2924 ecclesiam

295 2958 651 3014 convertisse
678 2958 735 3014 in
770 2959 1112 3032 speluncam
1153 2958 1470 3024 latronum,
1504 2956 1561 3011 in
1585 2957 1826 3012 domum
1858 2974 1956 3016 ne-

292 3047 654 3124 goliationis,
687 3051 745 3103 et
788 3048 846 3102 in
898 3049 1138 3104 domum
1163 3047 1294 3102 veli.
1332 3046 1481 3110 Quid
1513 3045 1590 3100 sit
1621 3050 1812 3101 autem
1847 3049 1949 3104 do-

294 3155 427 3194 mus
459 3136 724 3207 veli,vide
754 3137 812 3191 in
850 3136 1198 3193 Onomastico
1239 3137 1309 3191 ad
1341 3151 1538 3190 vocem
1568 3130 1760 3206 βῇλον.
1796 3136 1952 3192 Hanc

294 3244 467 3301 porro
495 3225 801 3298 epistolam
834 3243 902 3282 ex
926 3243 1169 3283 numero
1201 3243 1398 3282 earum
1425 3225 1781 3280 arbitramur
1799 3242 1948 3291 esse,

2086 644 2256 715 Impii
2287 650 2484 700 autem
2515 643 2912 716 homines,qui
2944 662 3182 702 sensum
3207 661 3442 701 omnem
3469 643 3740 700 humani-

2081 733 2218 798 tatis
2247 733 2586 798 amiserant,
2620 733 2904 789 atrociora
2948 735 3143 790 statim
3177 734 3467 790 admisere
3496 733 3736 789 scelera.

2082 821 2226 876 Nam
2260 839 2392 876 cum
2425 822 2720 894 supplices
2743 823 2940 894 populi
2965 841 3066 895 pro
3099 824 3360 896 Eutychii
3395 823 3580 878 salute
3611 839 3740 895 pre-

2079 916 2366 976 carentur,
2392 911 2704 980 jusserunt
2727 911 2809 964 illi
2841 917 2905 966 ut
2946 917 3199 984 quatuor
3226 929 3296 968 ex
3364 912 3537 967 turba
3567 911 3733 983 probi

2080 999 2362 1069 liberique
2391 999 2520 1063 viri,
2553 999 2818 1071 interque
2849 1017 2947 1055 eos
2991 1001 3276 1072 Hermias,
3308 1001 3409 1071 qui
3442 1000 3735 1057 mendico-

2079 1104 2210 1142 rum
2243 1088 2420 1159 pedes
2449 1087 2741 1158 abluebat,
2777 1105 2910 1143 mox
2939 1090 3393 1161 corriperentur,
3421 1107 3570 1161 quos
3600 1106 3733 1162 gra-

2077 1176 2244 1230 vibus
2276 1182 2410 1231 ante
2439 1177 2627 1248 plagis
2657 1178 2922 1233 concisos
2974 1178 3092 1233 dux
3135 1179 3383 1250 conjecit
3429 1179 3489 1234 in
3537 1195 3729 1235 carce-

2076 1282 2220 1321 rem.
2254 1267 2369 1322 Hos
2403 1267 2500 1321 ubi
2531 1267 2726 1322 Ariani
2759 1267 3061 1339 plagarum
3093 1268 3143 1322 vi
3178 1286 3290 1324 non
3325 1269 3562 1324 interire
3594 1286 3730 1341 per-

2073 1363 2408 1426 spexerunt,
2461 1356 2714 1412 efferatis
2757 1357 2970 1413 animis
3001 1357 3058 1412 in
3093 1359 3304 1414 ducem
3337 1359 3603 1429 fremere,
3636 1375 3728 1414 ex-

2073 1443 2389 1515 postulare,
2425 1445 2768 1501 comminari
2800 1462 2813 1500 :
2863 1446 3181 1518 Eunuchis,
3229 1447 3484 1513 aiebant,
3517 1463 3731 1503 renun-

2072 1531 2353 1588 tiabimus
2385 1534 2592 1589 ducem
2625 1552 2740 1590 non
2798 1535 3042 1590 arbitrio
3082 1541 3282 1592 nostro
3311 1538 3550 1592 verbera
3579 1535 3729 1592 inﬂi-

2071 1627 2356 1693 gere.Dux
2377 1627 2574 1679 autem
2607 1641 2720 1680 non
2750 1623 2989 1695 ignarus
3008 1629 3300 1680 summam
3329 1643 3523 1682 rerum
3547 1641 3726 1697 penes

2071 1710 2372 1766 eunuchos
2393 1716 2531 1766 tunc
2555 1712 3050 1783 esse,perterritus
3069 1714 3339 1770 homines
3360 1714 3552 1769 denuo
3574 1729 3728 1769 com-

2071 1798 2392 1870 prehensos
2424 1800 2651 1854 concidi
2683 1801 3021 1856 verberibus
3046 1801 3403 1857 mandat.llli
3435 1819 3568 1857 vero
3590 1819 3725 1857 cum

2071 1889 2249 1960 probe
2271 1893 2510 1944 nossent
2535 1889 2675 1960 quid
2701 1906 2888 1945 causa
2911 1896 3066 1946 esset
3087 1892 3238 1963 quod
3271 1893 3349 1946 ita
3362 1890 3724 1964 vapularent,

2069 1977 2188 2032 haec
2211 1977 2359 2033 inter
2379 1979 2616 2033 verbera
2642 1979 2802 2034 effari
2829 1995 2842 2035 :
2880 2003 2905 2030 α
2939 1984 3180 2052 Propter
3209 1979 3509 2036 veritatem
3539 1997 3722 2052 vapu-

2066 2064 2280 2136 lamus,
2312 2083 2415 2122 nec
2460 2072 2656 2122 tamen
2709 2069 3218 2124 communicamus
3249 2085 3382 2124 cum
3413 2068 3722 2126 haereticis.

2068 2156 2321 2210 Verbera
2356 2173 2460 2227 pro
2492 2155 2756 2221 libidine,
2792 2174 2825 2212 a
2857 2157 2972 2212 Deo
3013 2157 3122 2212 hac
3152 2159 3222 2212 de
3251 2174 3311 2212 re
3341 2157 3399 2212 in
3424 2157 3720 2228 judicium

2063 2244 2364 2298 vocandus
2389 2261 2470 2299 es.
2507 2267 2534 2292 »
2566 2245 2735 2315 Impii
2766 2262 2901 2301 vero
2931 2246 3126 2301 Ariani
3157 2263 3530 2318 summopere
3559 2251 3720 2319 opta-

2063 2332 2222 2399 bant,
2258 2337 2323 2387 ut
2370 2331 2454 2387 illi
2487 2332 2545 2388 in
2579 2349 2806 2389 carcere
2827 2334 2881 2388 vi
2901 2334 3209 2390 vulnerum
3242 2335 3568 2392 interirent.
3603 2336 3717 2392 Sed

2062 2419 2346 2475 catholica
2372 2420 2536 2492 plebs
2568 2426 2740 2477 nacta
2760 2423 3510 2496 opportunitatem,septem
3537 2424 3718 2480 inter-

2061 2509 2269 2580 positis
2318 2510 2546 2581 diebus,
2607 2512 2998 2584 impetrarunt
3054 2513 3251 2584 probis
3308 2512 3446 2568 viris
3475 2513 3713 2570 liberta-

2060 2605 2200 2655 tem.

2136 2689 2220 2742 13.
2255 2689 2662 2760 Elecmosynam
2692 2705 2924 2761 erogare
2952 2692 3150 2746 Ariani
3179 2695 3382 2747 vetant.
3416 2723 3482 2733 —
3512 2691 3713 2748 Ariani

2062 2781 2278 2847 autem,
2312 2778 2476 2849 quasi
2514 2795 2634 2834 rem
2665 2779 2906 2851 indigne
2928 2781 3162 2848 ferrent,
3196 2782 3454 2837 immane
3485 2781 3712 2837 facinus

2061 2867 2502 2939 aggrediuntur.
2533 2868 2674 2922 Cum
2709 2868 2861 2924 enim
2883 2885 3097 2941 egenos
3119 2870 3524 2942 conspicerent
3544 2875 3600 2926 et
3629 2870 3711 2926 vi-

2062 2957 2209 3011 duas
2258 2957 2457 3012 sedere
2505 2957 2562 3011 in
2595 2957 2892 3029 assignato
2944 2957 3055 3012 sibi
3086 2958 3210 3013 loco
3240 2976 3273 3013 a
3304 2957 3549 3029 clericis,
3583 2959 3712 3030 qui-

2064 3045 2173 3100 bus
2195 3044 2500 3100 viduarum
2537 3063 2677 3101 cura
2707 3047 3040 3102 concredita
3063 3047 3249 3102 fuerat
3281 3047 3358 3118 (b)
3385 3066 3398 3114 ;
3433 3049 3711 3120 (namque

2061 3151 2195 3189 cum
2236 3135 2354 3188 dux
2402 3134 2633 3190 Arianis
2681 3134 2958 3190 ecclesias
3027 3137 3321 3206 tradisset,
3355 3137 3711 3194 interclusus

2060 3221 2372 3278 Latholieis
2393 3229 2516 3278 erat
2546 3239 2746 3278 earum
2781 3225 2976 3279 aditus
3003 3225 3041 3295 ;)
3063 3241 3198 3280 cum
3230 3233 3530 3280 cernerent
3570 3227 3709 3282 item

292 3299 420 3389 qua:
455 3315 792 3388 ἑορταστικαὶ
847 3333 949 3372 seu
1009 3317 1238 3372 festales
1268 3319 1630 3380 vocantur,et
1658 3315 1732 3368 ab
1763 3315 1942 3370 Atha-
1975 3299 2018 3365 C
2057 3316 2325 3384 prompto
2356 3316 2411 3367 et
2439 3312 2614 3367 alacri
2648 3313 2844 3368 animo
2876 3313 3067 3369 viduis
3100 3313 3317 3369 victum
3350 3315 3708 3370 necessaria-

293 3407 456 3462 nasio
486 3406 648 3474 dum,
683 3405 1054 3460 inimicorum
1090 3407 1344 3460 furorem
1403 3403 1724 3473 declinans,
1759 3405 1817 3458 in
1850 3405 1944 3459 de-

290 3497 462 3552 sertis
492 3494 718 3568 }Egypti
749 3500 805 3550 et
833 3495 1164 3550 Thebaidos
1195 3494 1446 3550 subinde
1476 3497 1715 3548 mutans
1745 3492 1941 3548 locum

288 3589 636 3654 versaretur,
671 3584 742 3639 ad
763 3599 997 3656 gregem
1023 3584 1209 3656 ipsius
1223 3582 1414 3638 missa
1437 3587 1592 3648 sunt,
1619 3586 1684 3636 ut
1708 3582 1766 3636 in
1790 3586 1940 3637 cmtu

290 3673 720 3729 Catholicorum
777 3672 1127 3744 legerentur.
1187 3671 1442 3727 Alterius
1498 3671 1636 3726 item
1696 3687 1941 3727 numero

288 3780 461 3818 xxxix
493 3763 889 3834 fragmentum
922 3766 1110 3818 exstat
1131 3761 1345 3825 Graace,
1368 3777 1472 3815 nec
1497 3777 1612 3815 non
1647 3759 1805 3814 aliud
1840 3777 1940 3815 cu-

279 3852 518 3924 jusdam
547 3851 808 3924 epistolae
865 3867 934 3905 ex
988 3851 1285 3906 Festalium
1323 3866 1566 3904 numero
1599 3849 1753 3904 infra
1780 3864 1939 3904 com-

293 3947 655 3996 memoratur
683 3957 754 3995 ex
781 3940 1161 3995 Theodoreto.

362 4032 449 4086 l2.
509 4031 850 4101 Martyrium
897 4031 1172 4102 Eutychii.
1230 4060 1298 4068 —
1354 4028 1506 4084 Inter
1562 4028 1683 4082 haec
1741 4027 1939 4083 Ariani

290 4118 645 4176 Alexandriae
697 4117 1076 4174 ecclesiarum
1108 4133 1422 4189 rerumque
1451 4117 1715 4172 omnium
1747 4116 1938 4187 potiti,

286 4208 436 4265 nihil
469 4208 646 4264 semel
671 4207 877 4263 initam
900 4204 1812 4264 intermittebantCatholicorum
1844 4222 1937 4261 ve-

288 4298 604 4365 xationem,
640 4297 876 4363 caedem,
930 4297 1264 4352 vastitatem
1323 4295 1420 4367 (a).
1471 4294 1776 4350 Enimvero
1807 4295 1941 4367 Scy-

285 4387 523 4444 tharum
547 4387 1048 4458 barbarorumque
1064 4385 1602 4458 more,Eutychium
1634 4385 1937 4440 subdiaco-

286 4493 452 4544 num,
483 4477 668 4531 virum
706 4477 883 4547 probe
913 4475 1180 4531 Ecclesia:
1207 4475 1658 4546 ministrantem,
1683 4475 1781 4531 ubi
1805 4477 1934 4529 tau-

290 4567 436 4622 rinis
469 4565 708 4622 scuticis
731 4566 904 4622 dorso
926 4566 995 4621 ad
1016 4582 1214 4621 necem
1241 4565 1419 4620 ferme
1449 4563 1589 4619 caedi
1611 4567 1935 4632 curassent,

287 4661 570 4729 rogarunt
601 4656 671 4712 ad
705 4655 944 4711 metalla
996 4654 1356 4722 transmitti;
1418 4655 1488 4710 ad
1530 4652 1767 4709 metalla
1797 4669 1936 4709 sane
1966 4675 2014 4739 D

285 4745 551 4802 omnium
581 4744 923 4816 asperrima.
958 4744 1170 4800 Phasno
1207 4743 1516 4816 appellata,
1548 4743 1648 4797 ubi
1680 4759 1814 4798 reus
1843 4742 1937 4798 vix

287 4834 490 4907 paucis
521 4834 729 4889 diebus
785 4833 963 4889 vitam
1021 4850 1190 4905 agere
1245 4838 1461 4905 posset.
1520 4832 1585 4886 Et
1621 4833 1776 4903 quod
1817 4835 1939 4887 erat

285 4939 528 4996 prorsus
557 4922 970 4990 inhumanum,
1030 4940 1096 4977 ac
1156 4922 1323 4978 ferini
1365 4922 1480 4977 odii
1522 4921 1828 4987 indicium,
1864 4937 1936 4976 ne

287 5014 491 5087 paucis
521 5012 760 5086 quidem
792 5012 952 5068 horis
983 5013 1112 5083 ejus
1143 5012 1328 5066 curari
1361 5010 1606 5066 vulnera
1635 5026 1933 5066 concesse-

287 5106 459 5158 runt:
485 5103 583 5158 sed
611 5101 888 5158 continuo
909 5101 1164 5157 lacerum
1189 5102 1289 5155 via:
1311 5101 1753 5156 commiserunt.
1783 5099 1935 5154 Tum

287 5192 538 5264 snperbe
596 5191 762 5264 impii
820 5191 1088 5247 homines
1146 5190 1268 5246 haec
1322 5188 1593 5245 effutire:
1637 5189 1693 5244 Si
1730 5188 1811 5243 ita
1841 5205 1935 5245 res

285 5285 511 5353 agatur,
545 5280 1015 5336 reformidabunt
1043 5296 1267 5347 omnes,
1301 5296 1367 5334 ac
1414 5280 1688 5350 deinceps
1718 5277 1936 5333 nostris

286 5372 458 5424 erunt
479 5368 744 5441 partibus
765 5369 1081 5425 addicti.At
1109 5367 1205 5423 ille
1237 5385 1352 5424 non
1387 5367 1640 5423 multum
1674 5383 1936 5439 progres-

285 5475 410 5526 sus,
445 5474 578 5513 cum
609 5474 678 5513 ex
703 5457 1013 5513 vulnerum
1061 5457 1259 5513 dolore
1302 5457 1412 5512 iter
1439 5456 1510 5514 ad
1541 5455 1779 5513 metalla
1806 5472 1939 5512 con-

285 5547 457 5605 ﬁcere
488 5563 605 5604 non
663 5552 879 5620 posset,
939 5547 1090 5603 inter
1136 5547 1394 5603 eundum
1444 5545 1765 5603 exstinctus
1823 5549 1930 5602 est.

355 5759 436 5851 (ά)
461 5759 675 5825 Athan.
695 5761 849 5825 Hm.
873 5759 1070 5823 Arion.
1093 5759 1164 5822 ad
1188 5758 1504 5835 monachos,
1536 5776 1598 5822 n.
1626 5758 1719 5823 60.

2052 3418 2165 3473 que
2198 3401 2592 3473 praebet-Mum
2627 3407 2928 3473 cmperunt
2973 3403 3234 3458 calcibus
3272 3420 3372 3458 eas
3403 3404 3704 3476 impetere,

2052 3491 2273 3563 fugare,
2307 3491 2572 3546 territare
2601 3510 2613 3552 :
2669 3507 2767 3547 eos
2789 3497 2985 3548 autem
3010 3492 3111 3564 qui
3142 3492 3362 3548 victum
3389 3485 3475 3548 eis
3504 3509 3706 3566 eroga-

2052 3585 2178 3634 rent
2210 3580 2548 3635 deferebant
2579 3581 2650 3636 ad
2711 3581 2941 3650 ducem,
2991 3581 3262 3638 ministro
3297 3581 3387 3638 usi
3419 3582 3706 3655 Dynamio

2051 3668 2301 3739 quodam
2329 3669 2532 3725 milite.
2562 3670 2814 3742 Eratque
2837 3670 2980 3726 illud
3012 3670 3354 3727 Sebastiano
3385 3671 3705 3728 Manichan

2050 3763 2383 3829 pergratum
2401 3759 2974 3829 perquejucundum.
2993 3761 3160 3831 Apud
3177 3759 3524 3816 Manichaeos
3540 3777 3708 3816 nam-

2051 3863 2163 3917 que
2194 3845 2313 3901 ulla
2361 3847 2791 3903 commiseratio
2821 3867 2833 3914 ;
2888 3865 3096 3920 perosa
3120 3865 3260 3904 sane
3291 3866 3384 3904 res
3414 3849 3559 3921 ipsis
3581 3853 3706 3906 erat

2051 3951 2362 4007 pauperem
2416 3937 2704 3992 miserari.
2768 3937 3031 3993 Insolens
3079 3939 3272 4010 itaque
3311 3938 3704 3995 accusationis

2049 4042 2475 4097 genus,novum
2509 4026 2767 4082 tribunal
2800 4028 2872 4082 ab
2903 4027 3158 4099 illisjam
3190 4028 3446 4100 primum
3479 4029 3702 4101 excogi-

2047 4119 2233 4169 tatum
2283 4119 2391 4169 est.
2425 4114 2509 4170 Ob
2543 4115 2891 4170 beneficium
2923 4133 3178 4188 namque
3201 4115 3482 4172 collatum
3516 4117 3573 4172 in
3600 4117 3704 4186 jus

2047 4203 2432 4259 ambulabant
2488 4203 2778 4260 homines.
2836 4204 2943 4270 Qui
2974 4206 3325 4261 beneﬁcium
3357 4205 3700 4277 tribuerent,

2048 4292 2583 4363 deferebantur,qui
2614 4293 2955 4366 reciperent,
2979 4292 3356 4367 vapulabant.
3384 4294 3584 4367 Neque
3613 4299 3701 4351 ta-

2048 4398 2178 4437 men
2204 4381 2431 4438 scelesti
2460 4382 2656 4436 Ariani
2680 4381 2773 4438 his
2807 4383 3076 4455 praeclare
3106 4384 3249 4439 actis
3271 4401 3338 4440 ea
3359 4384 3512 4440 nacti
3536 4388 3699 4454 sunt,

2045 4488 2172 4542 quae
2188 4471 2420 4542 assequi
2444 4473 2866 4544 peroptabant:
2903 4473 3019 4529 imo
3037 4490 3169 4530 vero
3193 4474 3251 4528 in
3283 4472 3700 4545 gravissimum

2044 4559 2417 4615 incurrerunt
2440 4559 2846 4616 universorum
2870 4561 3161 4616 odium.ln
3212 4578 3376 4634 spem
3397 4566 3700 4629 venerant,

2045 4653 2282 4718 terrore,
2316 4648 2571 4715 insidiis,
2626 4648 3017 4721 periculorum
3049 4650 3509 4720 denuntiatione,
3545 4649 3699 4706 mul-

2046 4743 2136 4794 tos
2159 4739 2229 4792 ad
2254 4737 2521 4793 haeresim
2555 4737 3020 4803 amplectendam
3045 4739 3363 4794 abductum
3396 4739 3488 4806 iri,
3521 4745 3700 4811 atque

2047 4829 2128 4884 ita
2158 4843 2432 4899 magnam
2465 4827 2846 4883 conventibus
2875 4829 3002 4884 suis
3033 4827 3224 4901 parari
3260 4827 3648 4900 frequentiam
3682 4845 3696 4884 :

2045 4933 2248 4972 verum
2282 4915 2458 4971 cessit
2508 4932 2600 4971 res
2640 4920 2838 4971 contra
2885 4933 3063 4987 quam
3113 4917 3220 4973 rati
3253 4923 3433 4972 erant.
3467 4917 3700 4972 Erum-

2047 5023 2153 5062 nas
2185 5006 2341 5061 enim
2374 5009 2430 5060 et
2458 5003 2788 5060 vastitatem
2821 5004 3102 5060 Catholici
3138 5005 3362 5062 fortiter
3392 5005 3654 5061 ferebant
3682 5023 3696 5074 ;

2047 5113 2112 5151 ac
2141 5095 2358 5150 nedum
2392 5093 2691 5149 veritatem
2724 5094 3032 5165 proderent
3051 5098 3106 5149 et
3133 5100 3431 5167 negarent,
3465 5093 3700 5150 fortiore

2047 5187 2103 5241 in
2137 5185 2262 5240 dies
2292 5183 2488 5239 animo
2521 5183 2778 5255 pericula
2806 5188 2864 5238 et
2894 5183 3256 5240 calamitates
3285 5184 3550 5250 adibant,
3584 5182 3697 5240 rati

2047 5292 2114 5332 ea
2145 5275 2257 5330 sibi
2289 5273 2552 5346 martyrii
2584 5271 2708 5327 loco
2759 5288 2904 5328 esse.
2959 5274 3234 5328 Amentes
3271 5277 3466 5328 autem
3499 5271 3699 5328 Ariani

2047 5365 2327 5438 grandem
2360 5362 2473 5419 sibi
2503 5361 2587 5417 vel
2615 5363 2770 5432 apud
2798 5360 3044 5433 gentiles
3069 5362 3351 5434 parabant
3375 5361 3653 5418 invidiam
3679 5377 3695 5430 ;

2046 5455 2146 5528 qui
2180 5457 2491 5525 conspecta
2538 5451 2923 5506 barbarorum
2981 5450 3290 5507 hominum
3337 5450 3697 5522 carniﬁcina,

2046 5543 2226 5602 nullis
2257 5559 2373 5598 non
2406 5539 2751 5608 maledictis,
2770 5537 2950 5596 nullis
2974 5556 3090 5596 non
3116 5539 3394 5612 conviciis
3420 5539 3700 5598 scelestos

2117 5760 2191 5841 (b)
2219 5756 2433 5819 Athan.
2465 5752 2634 5830 ibid.,
2665 5771 2726 5818 n.
2756 5753 2848 5815 61.
