4166 6426
352 442 563 494 CXXXII

1757 424 2368 489 PROLEGOMENA.

351 563 606 632 ruditus,
621 561 789 618 nulla
816 559 1036 617 mentis
1064 560 1197 616 dote
1227 558 1697 615 commendatus.
1734 557 1996 614 Fullonis
2027 564 2080 629 Α
2109 559 2323 616 Christi
2353 559 2584 616 Domini
2615 559 2896 616 auxilium
2957 561 3296 634 implorant,
3355 560 3634 618 dentibus
3674 560 3761 619 illi

351 651 557 708 ﬁlium
577 651 758 708 fuisse
787 651 867 707 ait
894 649 1239 706 Ammianus
1269 646 1676 710 Marcellinus;
1708 647 1808 719 qui
1832 665 2001 720 para-

352 742 451 798 siti
481 742 681 797 statim
704 744 761 796 et
779 739 1093 813 gnathonis
1122 737 1516 795 conditionem
1569 737 2002 802 sectatus,nihil

351 847 468 886 non
496 830 714 886 ventris
735 829 996 902 gulisque
1021 845 1198 883 causa
1213 843 1384 899 agere
1407 831 1649 898 paratus
1675 830 1815 880 erat.
1842 830 2002 880 Post-

351 919 594 975 modum
625 923 818 974 autem
851 922 1058 973 auctus
1089 917 1147 970 in
1168 917 1453 972 damnum
1482 915 2000 986 complurium,pe-

350 1009 692 1063 nuariorum
724 1011 990 1076 exceptor
1020 1005 1284 1060 effectus.
1315 1002 1819 1076 ConstantinOpoli
1863 1003 2000 1058 suil-

349 1096 422 1152 lis
444 1097 718 1152 carnibus
741 1094 1090 1166 recipiendis
1112 1111 1178 1149 ac
1199 1093 1874 1164 distribuendisoperam
1903 1094 2000 1147 da-

347 1186 449 1242 bat
477 1203 490 1252 ;
525 1201 776 1256 cumque
807 1183 1086 1256 pecunias
1119 1200 1322 1238 omnes
1379 1181 1760 1254 depeculatus
1819 1187 1993 1246 esset,

345 1275 804 1346 repetundarum
836 1290 972 1329 reus
1012 1274 1338 1346 aufugerat.
1400 1271 1501 1326 His
1560 1271 1648 1325 vir
1683 1270 1998 1341 praeclarus

345 1363 626 1436 gradibus
656 1363 729 1418 ad
762 1361 1020 1434 episcopi
1052 1361 1398 1435 dignitatem
1432 1360 1714 1416 ascendit.
1747 1360 1829 1414 Ne
1861 1361 1996 1430 qui-

345 1453 478 1508 dem
509 1451 909 1508 Christianum
943 1450 1389 1522 fuisse,quando
1413 1450 1522 1504 fuit
1545 1450 1615 1504 ad
1641 1448 1998 1504 sacerdotale

345 1541 739 1598 ministerium
765 1545 1026 1608 vocatus,
1061 1545 1312 1596 testatur
1340 1538 1714 1594 Athanasius.
1771 1540 1994 1607 Hujus-

347 1630 819 1688 modihominem
843 1630 1181 1701 quaerebant
1201 1628 1424 1694 Ariani,
1455 1628 1718 1683 venalem
1751 1627 1993 1694 scilicet,

346 1722 516 1792 cujus
542 1719 663 1775 vita
692 1719 968 1774 omnibus
1001 1718 1238 1790 ﬂagitiis
1268 1717 1577 1788 inquinata
1618 1722 1796 1783 esset,
1829 1733 1991 1771 sum-

345 1815 482 1881 ptus
512 1808 681 1864 eil'usi
713 1825 846 1863 cum
889 1808 1099 1879 probro
1131 1813 1305 1878 atque
1363 1807 1664 1871 dedecore,
1715 1812 1994 1877 prorupta

345 1899 610 1964 audacia,
642 1903 920 1968 tantaque
942 1897 1275 1961 avaritia,ut
1299 1895 1442 1950 nihil
1468 1913 1579 1950 non
1602 1895 1713 1967 ipsi
1739 1895 1990 1966 quazstui

343 1991 499 2043 esset
528 1991 944 2059 opportunum.
981 1985 1052 2041 Ut
1077 1985 1249 2041 talem
1284 1985 1464 2057 igitur
1494 1984 1791 2040 hominem
1824 1985 1991 2040 dece-

342 2075 462 2144 bat,
497 2075 683 2130 adfuit
713 2075 1056 2148 ingredienti
1095 2074 1350 2129 militare
1411 2073 1774 2142 satellitium,
1823 2073 1991 2145 quasi

340 2165 565 2220 scilicet
593 2182 786 2220 arcem
818 2161 913 2220 ille
945 2181 1059 2220 non
1084 2163 1400 2218 Ecclesiam
1437 2163 1746 2235 regendam
1803 2162 1989 2217 susci-

339 2259 518 2326 peret.
554 2253 1023 2327 Quadragesimae
1053 2258 1288 2324 tempus
1319 2257 1443 2308 erat
1501 2269 1634 2307 cum
1698 2252 1793 2307 ille
1819 2252 1991 2306 adve-

338 2343 545 2416 nit(a).
582 2344 781 2415 Neque
809 2343 891 2398 ita
921 2342 1106 2397 multo
1167 2346 1318 2414 post,
1379 2342 1478 2413 qui
1535 2341 1606 2396 ab
1647 2340 1987 2410 hujusmodi

338 2439 573 2505 pastore
608 2432 901 2488 Dominico
931 2431 1089 2504 gregi
1125 2431 1583 2503 exspectandum
1615 2434 1766 2485 esset
1797 2429 1988 2501 palam

339 2521 469 2576 fuit.
495 2520 721 2576 Etenim
756 2525 887 2593 post
942 2520 1371 2575 hebdomadam
1431 2518 1730 2574 Paschatis
1799 2518 1991 2574 videre

338 2614 462 2666 erat
489 2610 745 2682 virgines
773 2611 832 2665 in
865 2625 1156 2665 carcerem
1188 2607 1418 2678 conjici,
1476 2606 1781 2679 episcopos
1812 2625 1845 2661 a
1877 2606 1988 2661 mi-

340 2697 545 2754 litibus
575 2698 801 2754 vinctos
832 2697 1064 2764 abduci,
1113 2696 1511 2768 orphanorum
1563 2695 1991 2766 viduarumque

339 2788 547 2843 domos
575 2793 633 2842 et
663 2803 843 2858 panes
873 2785 1068 2856 diripi,
1102 2784 1459 2856 irruptiones
1492 2785 1547 2838 in
1603 2786 1808 2839 domos
1841 2783 1986 2850 ﬁeri,

339 2877 528 2932 multa
547 2880 716 2931 nocte
735 2874 1094 2930 Christianos
1121 2873 1346 2928 aedibus
1366 2872 1989 2942 deturbari,domicilia

339 2966 661 3038 obsignari,
696 2965 902 3020 fratres
932 2963 1275 3020 clericorum
1311 2980 1411 3034 pro
1445 2962 1724 3017 fratribus
1756 2962 1988 3034 pericli-

339 3056 470 3110 tari.
503 3059 635 3110 Haec
658 3054 894 3126 quidem
918 3052 1265 3117 atrocia,sed
1289 3052 1576 3107 atrociora
1614 3052 1822 3106 deinde
1851 3068 1987 3107 con-

338 3150 542 3202 secuta
600 3147 741 3200 sunt
801 3144 1076 3198 tacinora.
1140 3141 1286 3197 Nam
1344 3141 1711 3196 hebdomade
1760 3158 1987 3196 sacram

338 3236 714 3291 Pentecosten
748 3233 1143 3303 subsequente
1177 3231 1274 3303 (b),
1309 3247 1439 3285 cum
1478 3228 1729 3302 populus
1761 3230 1987 3302 expleto

2113 649 2358 704 stridere
2390 666 2492 704 ceu
2527 647 2648 705 lassi
2675 656 2730 705 et
2757 650 2974 721 injuria
3040 650 3254 705 all‘ecti.
3306 649 3476 706 Viros
3515 649 3764 722 quadra-

2111 737 2278 808 ginta
2307 739 2781 808 comprehensos,
2814 739 2932 794 dux
2965 738 3240 795 insolenti
3274 756 3340 795 ac
3362 739 3602 794 immani
3631 757 3766 812 sup-

2112 827 2267 898 plicii
2298 843 2506 899 genere
2536 828 2826 883 multavit.
2889 829 3035 884 Nam
3066 829 3244 901 virgis
3303 828 3634 900 palmarum
3676 846 3764 884 re-

2109 931 2246 970 cens
2276 917 2621 988 amputatis,
2656 917 2872 988 quibus
2900 918 3094 973 adhuc
3118 917 3301 972 aculei
3337 918 3652 983 haerebant,
3672 918 3766 974 sic

2109 1019 2310 1058 eorum
2337 1010 2497 1077 terga
2528 1004 2818 1072 laceravit,
2847 1011 2913 1060 ut
2956 1006 3223 1062 nonnulli
3255 1007 3328 1060 ob
3385 1005 3597 1062 infixos
3621 1023 3761 1061 acu-

2108 1091 2230 1147 leos
2255 1093 2618 1148 medicorum
2642 1095 2891 1150 subinde
2921 1112 3097 1151 .nanu
3127 1112 3276 1167 opus
3308 1094 3611 1161 haberent,
3644 1095 3766 1152 imo

2111 1182 2353 1252 quidam
2387 1182 2503 1236 vim
2538 1181 2846 1255 plagarum
2879 1201 2995 1239 non
3030 1185 3282 1240 ferentes
3331 1183 3638 1239 interirent
3668 1185 3758 1256 (ε).

2109 1269 2384 1341 Reliquos
2407 1278 2600 1326 autem
2627 1289 2829 1327 omnes
2854 1273 3251 1344 apprchensos
3275 1291 3393 1328 una
3419 1290 3552 1329 cum
3585 1273 3760 1346 virgi-

2107 1359 2282 1413 nibus
2311 1360 2366 1414 in
2402 1376 2675 1432 magnam
2707 1361 2882 1416 Oasin
2913 1363 3207 1433 deportari
3235 1368 3536 1418 curarunt.

2180 1449 2264 1502 17.
2301 1447 2686 1504 Consolatoria
2744 1452 3036 1506 Athanasii
3092 1453 3343 1522 epistola.
3395 1483 3462 1491 —
3503 1453 3757 1524 Corpora

2106 1553 2277 1610 porro
2304 1555 2529 1606 eorum,
2555 1539 2652 1610 qui
2704 1539 2755 1594 vi
2782 1539 3086 1612 plagarum
3137 1541 3407 1596 exstincti
3439 1545 3601 1608 sunt,
3638 1557 3754 1597 non

2105 1627 2381 1681 continuo
2409 1628 2478 1682 ad
2505 1627 2904 1698 funerisjusta
2923 1629 3203 1685 solvenda
3224 1629 3626 1696 tradiderunt;
3653 1630 3754 1684 sed

2104 1715 2230 1786 ipsa
2247 1716 2586 1787 abjecerunt
2612 1717 2928 1790 insepulta,
2953 1719 3318 1790 canibusque
3347 1719 3755 1791 discerpenda,

2103 1805 2286 1860 donec
2303 1821 2436 1860 cum
2469 1807 2689 1878 ingenti
2711 1807 2970 1878 periculo
2990 1808 3219 1879 cognati
3243 1825 3485 1862 suorum
3509 1825 3754 1880 corpora

2104 1892 2255 1948 clam
2279 1894 2674 1949 subducerent
2699 1913 2711 1962 ;
2737 1895 2836 1966 qui
2865 1895 3019 1950 haud
3054 1896 3180 1951 sine
3201 1913 3412 1970 magno
3443 1895 3641 1953 labore
3661 1914 3757 1952 cu—

2106 1989 2330 2052 rarunt,
2364 1989 2427 2037 ut
2458 2000 2528 2038 ne
2556 1984 2808 2055 cuipiam
2842 2001 2932 2039 res
2963 1990 3098 2040 nota
3128 1991 3301 2040 esset.
3354 1986 3553 2041 Ariani
3589 1986 3749 2042 hisce

2101 2072 2322 2128 efferati
2355 2071 2534 2127 animi
2569 2073 2800 2129 indiciis
2833 2091 3078 2130 summa?
3112 2075 3221 2130 sibi
3272 2075 3640 2131 crudelitatis
3674 2077 3757 2133 fa-

2102 2178 2260 2216 mam
2293 2162 2705 2227 conciliarunt,
2743 2168 2805 2217 ut
2839 2180 3009 2218 nemo
3045 2181 3159 2218 non
3192 2181 3292 2219 eos
3341 2165 3508 2236 quasi
3537 2165 3753 2222 facino-

2101 2267 2266 2306 rosos
2298 2257 2355 2305 et
2381 2251 2768 2306 exsecrandos
2812 2252 3027 2323 ubique
3060 2252 3410 2308 traduceret.
3445 2253 3562 2308 Hac
3593 2255 3662 2310 de
3695 2271 3753 2310 re

2101 2356 2272 2411 porro
2303 2339 2752 2394 consolatoriam
2793 2341 3100 2412 epistolam
3155 2340 3315 2396 misit
3371 2341 3748 2411 Athanasius,

2099 2429 2273 2499 cujus
2306 2430 2699 2500 fragmentum
2732 2430 2899 2485 affert
2964 2431 3384 2487 Thoodoretus.
3419 2455 3446 2480 ‹‹
3506 2432 3750 2500 Horum,

2100 2517 2312 2589 inquit,
2341 2535 2522 2573 causa
2553 2536 2722 2573 nemo
2753 2524 3011 2574 vestrum
3045 2519 3241 2574 dolore
3273 2519 3582 2592 crucietur,
3618 2521 3754 2578 licet

2099 2606 2265 2678 impii
2302 2607 2665 2679 sepulturam
2737 2608 3054 2672 invideant,
3125 2615 3182 2664 et
3240 2609 3521 2665 funeralia
3554 2611 3749 2681 prohi-

2100 2696 2294 2750 beant.
2330 2696 2408 2750 Eo
2439 2698 2595 2751 enim
2630 2713 2817 2768 usque
2881 2714 3190 2769 progressa
3245 2703 3334 2753 est
3401 2698 3748 2754 Arianorum

2099 2784 2391 2856 impietas.
2429 2789 2631 2840 Portas
2694 2785 3030 2850 occludunt,
3089 2786 3161 2841 ad
3221 2786 3492 2858 sepulcra
3547 2787 3754 2844 sedent

2100 2873 2272 2944 quasi
2303 2875 2616 2941 daemones,
2651 2893 2723 2930 ne
2759 2875 2892 2946 quis
2924 2876 3236 2931 defunctus
3276 2893 3342 2931 eo
3382 2876 3690 2932 inferatur.
3724 2899 3751 2927 υ

2097 2963 2182 3017 Ad
2211 2964 2466 3034 virgines
2497 2964 2740 3019 missam
2811 2965 3118 3037 epistolam
3187 2965 3269 3020 ait
3326 2966 3752 3022 Theodoretus.

2101 3052 2268 3107 Viros
2301 3057 2495 3107 tamen
2530 3069 2648 3107 una
2680 3070 2811 3108 cum
2881 3054 3206 3126 virginibus
3273 3053 3492 3126 alloqui
3525 3055 3756 3110 videtur

2097 3141 2478 3208 Athanasius,
2512 3159 2644 3196 cum
2679 3143 2778 3207 ait,
2804 3141 2893 3194 καὶ
2924 3141 3285 3214 θαπτομένοις
3348 3142 3473 3214 ὑμῖν
3522 3144 3750 3219 φθονοῦ-

2098 3249 2201 3283 σιν.
2239 3231 2401 3284 Unde
2432 3231 2758 3301 conjectare
2823 3231 2989 3286 liceat
3021 3233 3090 3286 ad
3155 3237 3371 3287 cmtum
3423 3233 3747 3288 Catholico-

331 3323 560 3396 jejunio
588 3322 791 3378 orandi
823 3338 1005 3377 causa
1057 3321 1124 3375 ad
1187 3321 1611 3382 cmmeterium,
1658 3319 1746 3374 vel
1777 3324 1842 3374 ut
1871 3319 1984 3374 alio
2017 3307 2058 3372 C
2098 3336 2228 3373 rum
2265 3318 2508 3374 missam
2544 3319 2853 3391 epistolam
2887 3321 3089 3385 fuisse,
3121 3326 3179 3376 et
3210 3321 3468 3391 aliquam
3505 3338 3647 3391 esse
3678 3339 3746 3378 ex

336 3411 461 3468 loco
493 3409 575 3467 ait
605 3407 1066 3474 Athanasius,ad
1100 3408 1394 3463 desertum
1427 3407 1616 3462 locum
1656 3425 1832 3479 prope
1872 3424 1982 3462 cna-

338 3500 647 3556 meterium
679 3514 953 3570 egressus
983 3500 1137 3551 esset
1158 3497 1317 3568 (nam
1343 3496 1496 3567 quod
1530 3512 1733 3552 omnes
1754 3513 1788 3551 a
1818 3497 1988 3552 Geor-

339 3589 417 3662 gii
451 3588 726 3644 societate
749 3591 805 3642 et
825 3585 1239 3642 communione
1260 3584 1659 3654 abhorrerent,
1707 3585 1985 3640 ecclesias

340 3677 574 3733 Arianis
605 3675 848 3732 traditas
879 3675 1250 3745 frequentare
1278 3673 1663 3745 nolebant),re
1689 3680 1989 3745 comperta

339 3764 834 3822 sceleratissimus
864 3763 961 3818 ille
991 3763 1404 3818 Sebastianum
1453 3763 1662 3817 ducem
1711 3763 1985 3834 concitat,

341 3861 661 3927 auctorque
692 3858 781 3909 est
811 3857 874 3908 ut
904 3853 1187 3926 populum
1220 3851 1468 3907 infestus
1527 3852 1845 3907 adoriatur.
1879 3853 1988 3916 Qui

341 3961 468 4010 nec,
501 3960 686 4013 mora,
711 3959 844 3997 cum
869 3958 1047 3996 manu
1074 3939 1327 3994 militum
1352 3940 1485 4011 plus
1507 3942 1686 3995 trium
1712 3941 1986 4009 millium,

342 4031 772 4098 armis,strictis
796 4029 1293 4102 gladiis,arcubus
1322 4033 1380 4084 et
1412 4028 1543 4084 telis
1567 4029 1987 4084 instructorum

341 4124 471 4196 ipsa
491 4122 582 4178 die
605 4119 908 4177 Dominica
935 4118 992 4174 in
1017 4116 1300 4191 populum
1331 4118 1711 4190 irrupit.Tum
1739 4125 1989 4191 perstre-

344 4229 480 4284 pere
509 4216 564 4267 et
594 4210 830 4266 horrere
860 4209 1078 4274 omnia,
1108 4207 1390 4278 tumultu,
1461 4207 1734 4277 clamore,
1779 4207 1987 4282 plagis,

343 4301 569 4375 gemitu
590 4298 1099 4371 dolentium,quod
1115 4297 1331 4352 soletin
1347 4297 1688 4368 hujusmodi
1711 4299 1992 4354 incursio-

344 4391 519 4446 nibus
537 4387 784 4444 evenire.
818 4387 1205 4443 Commodum
1263 4390 1460 4441 tamen
1493 4387 1726 4454 accidit,
1760 4393 1824 4442 ut
1855 4404 1988 4443 cum

345 4478 688 4536 adveniente
717 4477 863 4532 hora
891 4476 1064 4531 turba
1099 4474 1295 4547 p0puli
1356 4476 1622 4548 digressa
1653 4476 1896 4531 domum
1930 4494 1993 4532 se

345 4565 856 4640 recepisset,pauci
886 4582 950 4621 eo
981 4564 1040 4619 in
1074 4564 1200 4621 loco
1218 4565 1436 4620 residui
1461 4569 1678 4630 essent,
1703 4565 1803 4636 qui
1860 4565 1990 4621 nul-

2094 3408 2164 3463 iis
2190 3425 2314 3480 quae
2357 3406 2695 3482 ἑορταστικαί
2737 3408 2854 3464 sive
2881 3409 2939 3464 in
2981 3415 3130 3466 ccetu
3157 3409 3624 3466 Christianorum
3659 3410 3740 3467 le-

2094 3499 2293 3570 genda:
2327 3499 2623 3553 dicuntur.

2168 3588 2252 3641 18.
2289 3588 2350 3642 In
2384 3604 2582 3643 sacras
2613 3593 2810 3644 autem
2877 3587 3130 3660 virgines
3180 3587 3299 3643 haec
3367 3589 3540 3644 etiam
3574 3594 3742 3662 gesta

2094 3677 2276 3732 fuisse
2302 3683 2722 3735 commemorat
2787 3677 3145 3733 Athanasius
3215 3678 3311 3749 (ἀ).
3372 3679 3740 3747 Admirandi,

2095 3765 2308 3837 inquit,
2341 3765 2559 3832 Ariani,
2588 3767 2889 3836 judicibus
2922 3766 3065 3839 ipsis
3097 3767 3206 3822 sibi
3241 3767 3349 3822 hac
3417 3767 3476 3822 in
3537 3783 3597 3823 re
3629 3768 3744 3823 mi-

2099 3855 2490 3910 nistrantibus
2557 3857 3239 3928 obtemperantibusque,
3310 3857 3561 3913 nudatas
3627 3858 3745 3913 vir-

2099 3945 2263 4016 gines
2295 3945 2353 3998 in
2420 3944 2813 4014 hcrmetariis,
2883 3950 2948 3999 ut
3013 3949 3240 4015 vocant,
3309 3947 3748 4018 suspendijus-

2099 4038 2321 4101 serunt,
2357 4038 2411 4087 et
2442 4033 2526 4088 sic
2554 4033 2720 4088 illum
2791 4033 2974 4088 latera
3037 4035 3221 4090 ternis
3288 4052 3475 4106 usque
3523 4035 3751 4091 vicibus

2099 4121 2490 4193 lancinarunt,
2524 4129 2587 4176 ut
2619 4140 2690 4178 ne
2718 4122 2823 4177 viri
2877 4123 3115 4194 quidem
3175 4123 3579 4180 scolestissimi
3613 4124 3753 4180 talia

2100 4229 2363 4284 unquam
2396 4212 2513 4266 sint
2533 4212 2774 4283 experti.
2803 4213 2913 4268 Sed
2941 4214 3065 4283 jam
3100 4213 3170 4268 ad
3204 4214 3317 4268 ista
3349 4214 3548 4269 omnia
3578 4214 3748 4269 Aria-

2101 4301 2160 4356 ni
2192 4301 2614 4367 obduruerant,
2676 4305 2734 4356 et
2772 4300 3204 4358 humanitatem
3273 4319 3507 4358 omnem
3541 4303 3749 4360 amise-

2101 4394 2252 4446 rant.

2177 4480 2262 4534 19.
2315 4480 2572 4536 Ecclesia?
2591 4480 2752 4551 jussu
2786 4481 3102 4534 Constantii
3127 4481 3354 4536 Arionis
3421 4481 3746 4537 traduntur.

2102 4569 2354 4641 Episcopi
2383 4571 2574 4624 vexati
2601 4577 2653 4624 et
2681 4568 2854 4640 pulsi.
2882 4600 2947 4609 -—
2979 4570 3056 4624 Eo
3088 4568 3215 4640 ipso
3271 4575 3533 4642 tempore
3563 4571 3752 4626 edicto

344 4656 422 4713 lis
442 4673 555 4712 non
571 4655 743 4712 malis
765 4653 1252 4726 contumeliisque
1267 4657 1406 4709 sunt
1427 4653 1767 4710 atl‘ecti.Non
1792 4653 1992 4710 mulie-
2026 4679 2069 4744 Ι)
2104 4659 2406 4713 mandavit
2434 4657 2914 4725 Constantius,ut
2946 4675 3148 4714 omnes
3186 4659 3442 4732 episcopi
3483 4660 3752 4716 catholici

346 4763 584 4813 res,non
609 4743 833 4817 parvuli
858 4743 1058 4798 intacti
1083 4744 1241 4798 fuere
1270 4761 1282 4811 ;
1318 4743 1419 4815 qui
1443 4748 1637 4798 tamen
1674 4743 1812 4799 mali
1846 4743 1992 4798 nihil

346 4835 725 4904 admiserant,
747 4833 1135 4906 precibusque
1155 4832 1458 4888 vacabant.
1518 4833 1738 4888 Exinde
1770 4850 1903 4888 vero
1934 4833 1991 4888 in

345 4921 604 4996 virgines
631 4921 894 4977 saevitum
916 4925 1023 4976 est.
1058 4926 1318 4976 Accenso
1351 4922 1566 4992 quippe
1596 4938 1756 4993 rogo,
1789 4923 1992 4977 admo-

347 5016 437 5067 tas
467 5011 586 5084 igni
618 5011 736 5066 dux
767 5009 1155 5082 compellebat
1219 5011 1289 5065 ad
1326 5011 1599 5065 Arianam
1660 5013 1836 5066 fidem
1870 5029 1994 5066 am-

347 5099 734 5173 plectendam.
769 5099 876 5154 Ubi
909 5102 1104 5154 autem
1138 5116 1236 5154 eas
1266 5099 1383 5153 vim
1415 5101 1689 5155 tormenti
1723 5117 1998 5170 superare

349 5189 666 5263 ignemque
690 5187 837 5244 nihil
869 5204 1074 5243 curare
1107 5187 1738 5254 animadvertit,nudas
1770 5195 1854 5244 tot
1876 5189 1997 5261 pla-

352 5279 442 5352 gis
473 5278 531 5333 in
556 5277 782 5333 vultum
807 5277 1080 5348 impactis
1103 5276 1600 5340 dehonestavit,ut
1619 5295 1718 5349 per
1740 5277 2001 5349 aliquan-

353 5373 481 5423 tum
510 5367 792 5439 temporis
813 5367 1073 5439 Spatium
1097 5382 1168 5421 ne
1191 5381 1224 5420 a
1245 5365 1637 5421 familiaribus
1660 5367 1896 5439 quidem
1921 5367 2004 5423 in-

352 5456 604 5514 ternosci
638 5460 898 5528 possent.
933 5456 1084 5512 Dum
1153 5459 1350 5510 autem
1382 5454 1496 5512 illas
1560 5455 1710 5512 inter
1766 5457 2005 5513 verbera

422 5615 498 5687 (α)
529 5615 737 5672 Athan.
775 5616 848 5671 De
869 5617 1152 5687 fit-gustia.
1187 5631 1245 5669 n.
1279 5615 1341 5670 6.

423 5617 479 5683 (α
529 5615 737 5672 Athan.
775 5616 848 5671 De
869 5617 1004 5687 fuga
1031 5631 1152 5670 sua.
1187 5631 1245 5669 n.
1279 5615 1341 5670 6.

449 5688 480 5746 b
530 5689 740 5744 Athan.
773 5687 924 5760 Apol.
953 5685 1027 5742 ad
1056 5686 1258 5756 Coma,
1291 5703 1351 5744 n.
1383 5687 1481 5744 27.

423 5615 500 5845 Ecl
521 5759 731 5821 Athan.
759 5761 836 5820 De
862 5761 998 5838 fuga
1023 5775 1144 5830 tua,
1175 5774 1236 5818 n.
1260 5758 1318 5818 7.

521 5759 731 5821 Athan.
759 5758 836 5820 De
862 5761 998 5838 fuga
1023 5775 1144 5830 tua,
1175 5774 1236 5818 n.
1260 5758 1318 5818 7.

2103 4747 2329 4820 IEgypti
2362 4752 2418 4802 et
2456 4747 2642 4820 Libya:
2683 4747 2925 4802 sedibus
2965 4747 3337 4818 pellerentur,
3380 4749 3756 4822 ecclesiaeque

2105 4836 2477 4891 traderentur
2505 4836 2736 4891 Arianis
2759 4838 2850 4908 (ε).
2886 4839 3010 4902 Qua
3040 4837 3175 4892 data
3232 4837 3524 4908 jussione,
3559 4839 3755 4894 confe-

2106 4926 2243 4980 stim
2278 4941 2396 4979 una
2421 4941 2625 4980 omnes
2657 4926 2913 4998 episcopi
2947 4927 3155 4992 vexati,
3227 4928 3541 5000 profligati,
3576 4927 3756 5000 pulsi,

2105 5013 2191 5070 vel
2227 5015 2296 5069 ad
2331 5012 2727 5069 simulandam
2759 5031 2892 5070 cum
2919 5017 3150 5070 Arianis
3173 5017 3646 5074 communionem
3670 5035 3762 5074 co-

2109 5105 2221 5159 acti
2253 5108 2411 5158 eunt.
2444 5103 2528 5158 Ad
2564 5104 2884 5176 nonaginta
2951 5121 3194 5160 numero
3265 5110 3432 5161 erant
3489 5106 3590 5178 qui
3625 5123 3759 5163 cum

2107 5192 2425 5248 Athanasio
2456 5193 2932 5248 communionem
2966 5200 3023 5248 et
3089 5194 3426 5250 societatem
3485 5194 3759 5267 colerent,

2109 5282 2169 5336 in
2210 5297 2360 5352 quos
2417 5297 2622 5336 omnes
2652 5282 2903 5337 Arianus
2934 5283 3094 5338 furor
3124 5289 3428 5355 grassatus
3460 5288 3574 5339 est.
3614 5284 3762 5340 Nam

2113 5370 2274 5426 misit
2305 5370 2687 5426 Sebastianus
2711 5372 2828 5427 dux
2852 5371 3078 5428 litteras
3096 5374 3166 5428 ad
3200 5389 3405 5429 omnes
3430 5373 3647 5445 ubique
3678 5373 3762 5429 lo-

2113 5475 2315 5515 corum
2347 5459 2690 5531 praepositos
2719 5459 3145 5533 millitaresque
3174 5462 3478 5529 tribunos;
3512 5477 3765 5534 quorum

2207 5619 2263 5687 ἀ)
2297 5619 2449 5690 Apol.
2480 5619 2556 5675 ad
2585 5620 2891 5689 Constant,
2925 5639 2983 5677 n.
3032 5622 3121 5677 33.

2203 5693 2274 5822 ἢ.
2291 5690 2503 5774 Athan.
2537 5693 2679 5748 ibid.
2708 5710 2766 5749 n.
2789 5695 2883 5761 27,
2915 5699 2972 5749 et
2999 5695 3154 5768 Apol.
3186 5694 3254 5752 de
3289 5696 3426 5769 fuga
3455 5711 3579 5766 sua,
3609 5712 3666 5754 n.
3696 5695 3756 5768 7,

2253 5770 2344 5822 ut.
2377 5762 2572 5822 Anan.
2601 5763 2673 5822 ad
2699 5766 3012 5822 monachos.
3039 5768 3194 5822 n.72.

2117 5767 2176 5823 et
2203 5762 2344 5823 Hist.
2377 5762 2572 5824 Arion.
2601 5763 2673 5822 ad
2699 5766 3012 5838 monachos,
3039 5762 3194 5827 n.72.
