4166 6428
1684 430 1865 493 VITA
1917 427 1984 491 S.
2032 427 2484 490 ATHANASII.

3548 442 3791 495 GIWI

373 589 539 645 Opera
588 570 704 625 veri
754 587 821 625 ac
855 568 1020 643 probi
1078 567 1331 640 episcopi
1386 565 1603 633 exacti;
1656 566 1693 619 ii
1727 582 1880 632 vero,
1929 561 2029 635 qui
2060 564 2110 629 Α
2144 565 2363 616 terrore
2391 566 2564 632 atque
2596 560 3063 633 impendentium
3097 559 3489 632 periculorum
3523 566 3682 618 metu
3722 563 3795 619 ad

369 660 542 731 impie
602 659 908 728 sentirent,
984 658 1041 711 in
1103 673 1307 712 eorum
1367 655 1532 711 sedes
1592 653 1804 707 intrusi
1866 655 2022 707 sunt.

363 746 712 809 Grandzevos
761 746 944 818 igitur
973 745 1298 816 episcopos,
1343 744 1443 814 qui
1476 744 1550 797 ab
1580 741 1903 797 Alexandro
1935 758 2025 795 or-

359 834 541 890 dinati
576 836 638 890 in
670 836 995 891 sacerdotio
1026 837 1474 900 consenuerant,
1522 832 1583 885 in
1621 830 1891 887 exsilium
1929 830 2025 883 de-

353 923 579 996 portari
612 927 915 989 curarunt,
950 924 1385 978 Ammmonium
1442 921 1683 990 scilicet,
1733 925 2026 989 Hermem,

351 1013 811 1085 Anagamphum
862 1016 919 1068 et
968 1013 1229 1067 Marcum
1284 1011 1343 1065 in
1396 1010 1761 1082 superiorem
1814 1009 2025 1074 Casin;

356 1100 569 1162 Muim,
624 1101 1003 1170 Pseno:'irim,
1056 1100 1510 1165 Nilammonem,
1568 1098 1827 1168 Plenem,
1884 1097 2030 1151 Mar-

354 1206 494 1244 cum
536 1194 592 1245 et
623 1191 1068 1246 Athenodorum
1121 1190 1181 1244 in
1228 1188 1697 1253 Ammoniacam,
1754 1203 1869 1241 non
1918 1186 2030 1241 alia

360 1284 579 1342 mente,
617 1295 795 1350 quam
831 1283 894 1333 ut
926 1296 1028 1351 per
1058 1280 1288 1334 deserta
1308 1276 1437 1332 loca
1457 1280 1835 1348 peragrantes
1858 1274 2032 1329 inter-

353 1366 529 1421 irent.
589 1367 736 1421 Nam
798 1383 869 1422 ne
930 1366 1197 1422 infirmos
1257 1365 1494 1437 quidem
1559 1364 1842 1429 miserati,
1885 1364 2029 1418 dum

349 1471 509 1526 aegre
560 1454 650 1509 illi
699 1456 1055 1511 conﬁcerent
1103 1456 1233 1523 iter,
1287 1453 1635 1525 compellere
1681 1458 1878 1507 tamen
1920 1451 2027 1518 illi,

347 1560 602 1616 urgere;
636 1549 695 1599 et
726 1545 774 1600 si
807 1544 907 1616 qui
940 1562 1053 1599 non
1090 1548 1331 1614 possent
1359 1543 1649 1611 incedere,
1699 1558 1770 1595 ne
1811 1545 2028 1612 puncto

347 1632 599 1704 quidem
632 1633 916 1705 temporis
956 1633 1294 1689 intermissa
1344 1631 1436 1687 via
1489 1630 1650 1686 sellis
1699 1630 2031 1685 defereban-

342 1724 467 1776 tur.
505 1722 657 1776 Tam
691 1721 857 1776 ardui
888 1721 1117 1776 itineris
1148 1720 1411 1776 laborem
1448 1736 1563 1774 non
1598 1720 1789 1774 terens
1824 1734 2030 1773 unuse

341 1811 558 1864 turma
590 1810 824 1881 praesul,
862 1811 1031 1879 cujus
1062 1814 1288 1864 tacetur
1320 1825 1555 1877 nomen,
1591 1807 1885 1862 extinctus
1915 1811 2026 1862 est.

2136 652 2379 705 Arianos
2420 650 2768 717 deﬁcerent;
2800 650 2953 705 inter
2983 666 3130 721 quos
3164 650 3587 706 adnumeratur
3615 651 3805 709 Theo.

2137 740 2315 794 dorus
2376 738 2707 808 Oxyrinchi,
2778 739 2879 812 qui
2948 743 3262 811 postquam
3329 741 3483 794 inter
3543 739 3797 798 Arianos

2140 830 2510 898 computa‘tus
2585 832 2714 895 est,
2792 829 2983 882 denuo
3059 826 3362 883 ordinatus
3438 843 3473 881 a
3546 827 3795 900 Georgio

2138 916 2249 971 fuit
2279 917 2369 987 (ε).

2207 1006 2297 1059 21.
2351 1005 2455 1073 Qui
2496 1004 2709 1076 fuerint
2752 1006 2988 1076 episcopi
3030 1006 3096 1059 ab
3139 1006 3363 1061 Arianis
3392 1008 3693 1062 constituti.
3726 1037 3796 1048 —

2141 1093 2453 1165 Periniqua
2477 1109 2696 1165 perque
2724 1093 2966 1165 indigna
2984 1110 3074 1149 res
3102 1094 3333 1166 p0pulis
3356 1094 3479 1151 visa
3502 1095 3633 1163 fuit,
3658 1112 3793 1152 cum

2138 1187 2225 1238 tot
2254 1187 2492 1255 tamque
2523 1182 2799 1254 gravibus
2832 1199 2897 1237 ac
2925 1184 3249 1255 grandaevis
3280 1183 3570 1257 episcopis
3600 1184 3796 1257 profli-

2139 1271 2289 1343 gatis
2322 1271 2419 1342 (d),
2453 1270 2671 1325 ethnici
2703 1271 2961 1325 nondum
2988 1270 3218 1343 initiati,
3252 1272 3675 1343 catechumeni,
3704 1290 3795 1331 se-

2140 1365 2394 1430 natores,
2424 1359 2687 1427 juniores
2719 1359 3164 1431 petulantesque
3204 1360 3492 1433 homines,
3545 1361 3793 1420 idolola-

2138 1454 2260 1520 trm,
2295 1448 2536 1520 bigami,
2573 1449 2923 1521 magnisque
2955 1448 3301 1504 criminibus
3332 1449 3563 1505 obnoxii
3582 1451 3691 1507 viri
3721 1452 3795 1509 ad

2139 1555 2341 1593 eorum
2375 1536 2705 1609 implendas
2734 1536 2887 1593 vices
2920 1536 3123 1592 delecti
3158 1542 3319 1609 sunt,
3371 1544 3681 1611 postquam
3720 1542 3796 1596 ab

2138 1627 2371 1681 Arianis
2400 1626 2795 1683 Christianam
2829 1626 3003 1681 ﬁdem
3034 1626 3398 1695 didicissent,
3452 1628 3551 1699 qui
3593 1629 3792 1685 Ariani

2139 1716 2212 1771 ad
2244 1733 2382 1771 suos
2413 1721 2675 1787 quaestus
2709 1715 2972 1771 Ecclesiae
2996 1715 3386 1787 dignitatibus
3409 1717 3599 1787 abusi,
3621 1734 3796 1774 vena-

2139 1805 2218 1860 lia
2271 1810 2483 1860 cuncta
2530 1805 2949 1876 proponebant.
3000 1804 3119 1859 Hoc
3164 1821 3304 1859 sane
3344 1805 3565 1861 caeteris
3594 1822 3798 1863 eorum

342 1896 521 1953 Illius
554 1900 803 1953 cadaver
833 1898 957 1953 suis
989 1898 1412 1969 asportandum
1444 1914 1556 1951 non
1588 1898 2024 1951 concesserunt.
2061 1937 2108 2001 Β
2143 1894 2463 1951 sceleribus
2492 1893 2651 1948 velut
2680 1892 2953 1949 cumulus
2977 1893 3244 1949 accessit.
3279 1894 3403 1951 Non
3428 1895 3802 1967 quaerebatur

338 1985 495 2041 Tam
535 1987 713 2042 feroci
748 1986 1029 2041 nimirum
1061 1990 1226 2041 erant
1255 1984 1473 2055 animo,
1510 1989 1572 2039 ut
1596 2002 1666 2039 ne
1689 1989 1875 2039 morte
1898 1982 2026 2055 qui-

339 2074 483 2129 dem
550 2075 953 2130 adversarium
1014 2074 1271 2146 mitigari
1338 2076 1600 2144 possent.
1681 2073 1900 2127 Eadem
1960 2072 2031 2127 de

341 2178 542 2218 causa
572 2163 951 2219 Dracontium
984 2163 1325 2235 episcopum
1359 2163 1430 2217 ad
1465 2163 1696 2217 deserta
1726 2161 1853 2217 loca
1880 2160 2035 2215 circa

337 2251 590 2325 Clysma
641 2253 698 2308 in
754 2254 961 2308 Arabia
1011 2252 1385 2324 relegarunt:
1428 2251 1750 2316 Philonem,
1787 2249 2031 2322 Babylo-

348 2358 524 2409 nem,
561 2341 919 2413 Adelphium
950 2342 1009 2396 in
1043 2340 1317 2396 Psinabla
1347 2340 1690 2411 Thebaidis,
1732 2340 2033 2395 Hieracem

354 2435 417 2485 et
468 2428 819 2486 Dioscorum
872 2431 1242 2503 presbyteros
1290 2430 1536 2501 Syenem
1586 2429 1815 2484 exsules
1858 2428 2030 2483 mise-

357 2524 529 2574 runt.
579 2520 743 2575 Alios
787 2520 854 2575 ad
910 2520 1109 2592 fugam
1144 2519 1566 2589 capessendam
1598 2517 2032 2589 compulerunt,

360 2622 583 2679 nempe
638 2608 1039 2677 Ammonium,
1086 2606 1403 2678 Agathum,
1455 2607 2032 2678 Agathodaamonem,

361 2694 763 2767 Apollonium,
810 2696 1144 2767 Eulogium,
1179 2695 1446 2766 Apollon,
1473 2695 1895 2766 Paphnutium,
1928 2694 2035 2751 Ga-

362 2784 504 2855 jum
537 2788 593 2838 et
635 2783 899 2838 Flavium
946 2784 1220 2855 antiquos
1270 2784 1611 2855 episc0pos:
1666 2783 2033 2853 Dioscorum,

378 2870 790 2943 Ammonium,
841 2871 1199 2927 Heraclidem
1233 2877 1290 2927 et
1319 2873 1511 2927 Psaim
1562 2873 1701 2926 item
1734 2872 2038 2945 episcopos

368 2960 800 3033 proﬂigarunt;
858 2978 1108 3032 quorum
1160 2961 1305 3018 alios
1353 2962 1424 3018 ad
1482 2961 1851 3033 lapicidinas,
1909 2979 2034 3018 rem

370 3065 622 3120 prorsus
651 3048 977 3120 indignam,
1011 3050 1400 3113 abduxerunt,
1433 3049 1578 3105 alios
1607 3051 1678 3106 ad
1711 3068 1911 3106 necem
1945 3052 2035 3106 in-

366 3138 560 3193 secuti
594 3143 751 3206 sunt,
783 3138 1032 3194 aliorum
1066 3139 1388 3195 multorum
1422 3139 1726 3195 facultates
1774 3141 2032 3212 diripue-

364 3230 530 3283 runt.
563 3226 811 3282 Demum
845 3228 916 3282 ad
948 3228 1189 3300 triginta
1221 3245 1486 3295 numero,
1540 3232 1603 3283 ut
1652 3228 1834 3283 fertur
1876 3230 2030 3301 apud

2140 2000 2209 2038 ex
2242 1983 2559 2055 apostolico
2592 1987 2899 2054 praecepto,
2932 1982 3347 2055 inculpatusne
3388 1984 3521 2055 quis
3551 2001 3617 2039 ac
3648 1985 3801 2041 inte-

2142 2074 2262 2145 gris
2293 2071 2556 2126 moribus
2588 2074 2773 2140 esset;
2808 2072 2909 2127 sed
2942 2072 3042 2143 qui
3086 2071 3219 2143 plus
3252 2072 3379 2127 auri
3415 2074 3713 2143 penderet,
3748 2073 3799 2129 is

2143 2161 2455 2233 episcopus
2480 2160 2943 2215 renuntiabatur.
2969 2159 3124 2215 Nihil
3147 2161 3432 2216 curabant
3452 2162 3618 2235 impii
3642 2162 3796 2234 quod

2141 2250 2229 2305 vel
2261 2248 2495 2321 gentilis
2526 2255 2679 2304 esset
2711 2250 2807 2320 qui
2842 2249 3159 2318 accederet,
3206 2267 3421 2305 aurum
3470 2251 3643 2307 modo
3695 2252 3796 2308 da-

2145 2342 2247 2394 ret.
2301 2338 2446 2393 Hinc
2489 2337 2722 2409 pOpulis
2761 2338 2992 2410 gravior
3015 2339 3253 2394 emersit
3282 2338 3584 2396 calamitas
3615 2358 3628 2396 :
3660 2357 3796 2397 cum

2143 2428 2297 2483 enim
2332 2428 2722 2484 mercenaries
2764 2427 2896 2482 illos
2934 2427 3277 2500 alienosque
3308 2429 3421 2485 sibi
3450 2431 3605 2486 viros
3636 2447 3796 2486 aver-

2145 2522 2434 2584 sarentur,
2486 2522 2627 2572 tunc
2676 2517 2983 2587 verberati,
3034 2518 3367 2590 proscripti,
3403 2519 3801 2591 carceriquea

2144 2606 2290 2660 duce
2322 2605 2639 2677 mancipati
2672 2611 2833 2662 sunt.
2867 2607 3028 2670 Quod
3062 2607 3178 2674 ille,
3215 2612 3413 2680 utpote
3442 2609 3799 2665 Manichaeus

2146 2700 2201 2749 et
2226 2694 2542 2750 Catholicis
2577 2695 2865 2766 infensus,
2899 2696 3149 2751 libenter
3188 2697 3638 2769 exsequebatur.
3692 2697 3801 2765 Qui

2146 2800 2317 2855 porro
2375 2784 2667 2856 ejusmodi
2726 2784 3031 2858 episcopos
3088 2786 3450 2853 ordinarent,
3509 2786 3801 2843 Meletiani

2145 2878 2348 2930 erant:
2401 2874 2503 2945 qui
2554 2873 2819 2947 plerique
2866 2891 3071 2930 omnes
3110 2892 3225 2931 non
3260 2876 3798 2948 religiosainstitu-

2145 2962 2303 3018 tione
2332 2963 2582 3033 educati,
2618 2980 2732 3018 non
2759 2980 2964 3019 sanam
2994 2965 3192 3032 fidem,
3223 2981 3339 3020 non
3362 2966 3503 3037 quid
3527 2965 3802 3023 Christia-

2146 3050 2395 3118 nismus,
2432 3068 2546 3106 non
2582 3051 2796 3123 quibus
2821 3051 3132 3107 Christiani
3155 3053 3469 3126 Scripturis
3498 3060 3802 3111 uterentur

2145 3144 2442 3196 noverant.
2493 3140 2638 3195 Nam
2689 3140 2930 3211 quidam
2976 3157 3178 3196 eorum
3221 3158 3289 3197 ex
3317 3143 3665 3213 gentilitate,
3697 3143 3797 3199 alii

2143 3247 2211 3285 ex
2242 3234 2448 3285 senatu
2480 3234 2537 3283 et
2566 3246 2634 3284 ex
2672 3229 2964 3299 supremis
3013 3231 3458 3302 magistratibus
3509 3233 3582 3288 ad
3629 3232 3795 3289 Chri-

364 3316 783 3383 Athanasium,
817 3318 1003 3372 vexati
1034 3321 1093 3372 et
1122 3317 1182 3371 in
1217 3318 1414 3389 fugam
1444 3316 1596 3371 versi
1628 3321 1785 3387 sunt,
1820 3322 2028 3388 praeter
2058 3305 2099 3370 C
2139 3319 2365 3376 stianos
2396 3322 2780 3383 accesserant,
2837 3323 2901 3373 ut
2949 3318 3224 3374 miseram
3262 3320 3696 3376 immunitatem
3726 3338 3796 3392 ae

366 3404 625 3472 exsules,
660 3405 759 3477 qui
794 3406 865 3460 ad
902 3406 1157 3461 sedecim
1190 3409 1376 3461 erant.
1421 3406 1671 3476 Eratque
1704 3405 2034 3463 miserabile

367 3494 798 3566 spectaculum,
823 3495 1129 3566 episcopos
1151 3493 1399 3549 vinculis
1422 3493 1766 3566 constringi,
1800 3496 2035 3568 presby-

361 3587 529 3639 teros
562 3588 617 3639 et
645 3584 968 3639 monachos
1002 3583 1201 3638 ferreis
1233 3583 1455 3638 catenis
1485 3582 1673 3654 ligari,
1708 3584 1779 3639 ad
1813 3600 2036 3639 necem-

364 3687 490 3744 que
518 3672 770 3728 laniatos
802 3673 953 3728 mitti
985 3673 1043 3727 in
1077 3673 1370 3728 exsilium.
1422 3672 1570 3727 Tum
1604 3672 1781 3729 mista
1818 3673 2035 3746 ubique

363 3760 600 3826 omnia,
655 3764 832 3830 atque
896 3760 953 3814 in
1023 3760 1281 3832 periculo
1348 3761 1690 3815 versabatur
1754 3761 2036 3833 zEgyptus

357 3856 519 3907 tota.
552 3850 702 3905 Dum
737 3848 892 3904 enim
927 3850 1123 3920 populi
1158 3850 1414 3905 edictum
1462 3848 1807 3921 hujusmodi
1839 3852 2034 3922 perin-

358 3940 555 4012 digne
612 3939 851 4005 ferrent,
911 3939 1291 4010 viderentque
1344 3940 1497 3994 bona
1545 3956 1653 3995 sua
1684 3944 1741 3995 et
1772 3940 2037 3997 fortunas

356 4029 663 4088 devastari
723 4033 779 4084 et
834 4028 894 4082 in
946 4029 1223 4085 Arianam
1292 4046 1415 4084 rem
1470 4029 1748 4098 converti,
1814 4029 1871 4085 in
1921 4048 2040 4086 mo-

360 4125 547 4174 tuum
578 4116 1051 4189 seditionumque
1084 4117 1401 4173 discrimen
1435 4117 1766 4190 respublica
1793 4119 2035 4176 vocaba-

369 4212 500 4265 tur.

448 4298 539 4351 20.
596 4298 936 4354 Monasteria
992 4312 1199 4352 eversa.
1264 4328 1328 4338 -—
1387 4296 1535 4352 Tum
1588 4298 1858 4354 monachi
1905 4316 2039 4355 cum

367 4385 588 4460 primis
630 4385 974 4441 Arianorum
1009 4386 1262 4441 furorem
1295 4387 1513 4457 experti
1545 4392 1701 4442 sunt.
1737 4388 2042 4444 Enimvero

369 4491 497 4531 non
528 4478 652 4530 erat
673 4474 957 4545 improbis
983 4473 1318 4529 hominibus
1343 4474 1487 4529 satis
1511 4476 1661 4547 quod
1687 4478 2045 4532 monasteria

373 4566 704 4620 everterent
750 4566 806 4617 et
855 4563 977 4618 solo
1022 4567 1322 4634 aequarent
1351 4562 1461 4634 (a);
1497 4564 1597 4618 sed
1630 4565 1804 4620 etiam
1840 4582 2042 4621 mona-

2143 3407 2530 3480 patrocinium
2566 3405 3073 3475 nanciscerentur;
3107 3408 3658 3481 antiquioribusque
3688 3411 3802 3467 Me-

2143 3496 2375 3552 letianis
2399 3496 2646 3567 pecunia
2674 3496 2988 3567 corruptis,
3024 3496 3094 3551 ad
3124 3513 3252 3552 eam
3279 3514 3594 3569 pervenere
3614 3499 3802 3571 digni-

2143 3590 2345 3651 tatem,
2380 3584 2726 3657 priusquam
2758 3585 3163 3641 catechumcni
3195 3592 3411 3642 essent.
3464 3590 3537 3643 At
3565 3589 3801 3646 etiamsi

2145 3675 2414 3745 fuissent,
2467 3674 2679 3745 qualis,
2730 3690 2947 3745 quaeso,
2998 3673 3290 3731 institutio
3340 3678 3495 3748 apud
3545 3677 3803 3734 Meletia-

2146 3764 2297 3819 nos?
2325 3760 2672 3817 Nullatenus
2701 3778 2839 3834 ergo
2871 3762 3124 3818 instituti
3158 3764 3470 3837 derepente
3494 3766 3803 3838 accedunt,

2149 3852 2467 3923 statimque
2498 3857 2734 3923 accepto
2768 3852 2937 3922 quasi
2970 3853 3225 3909 infantes
3258 3855 3517 3920 nomine,
3548 3856 3807 3928 episcopi

2146 3946 2284 3998 sunt
2314 3939 2586 4013 appellati
2613 3956 2625 3994 :
2660 3939 2848 4012 ignari
2871 3958 3013 3996 sane
3037 3940 3313 3998 homines
3342 3944 3483 4015 quid
3510 3950 3666 4000 esset
3686 3944 3808 4016 pie-

2148 4035 2326 4087 tatem
2357 4029 2509 4085 inter
2538 4033 2596 4084 et
2634 4028 2994 4101 impietatem
3055 4031 3437 4088 discriminis.
3491 4033 3558 4087 Hi
3608 4033 3808 4105 igitur,

2140 4121 2387 4191 jubente
2420 4118 2790 4190 imperatore,
2827 4136 2900 4175 ne
2931 4119 3243 4175 minimum
3267 4120 3506 4191 quidem
3530 4121 3810 4189 cunctati,

2149 4227 2217 4266 ex
2248 4208 2572 4265 Meletianis
2613 4207 2805 4262 Ariani
2861 4212 3001 4264 sunt
3048 4209 3255 4280 effecti,
3307 4210 3490 4281 parati
3540 4215 3695 4267 certe
3738 4211 3809 4268 ad

2150 4298 2418 4370 quemvis
2440 4297 2765 4352 Constantii
2790 4302 3000 4352 nutum
3051 4297 3394 4371 religionem
3438 4304 3689 4356 mutare.
3712 4300 3811 4356 Nae

2153 4388 2258 4458 illi,
2310 4403 2443 4443 cum
2493 4387 2573 4441 ita
2628 4386 2891 4443 moribus
2933 4392 2989 4442 et
3035 4386 3195 4442 cultu
3250 4388 3553 4444 versatiles
3593 4394 3809 4461 essent,

2153 4478 2263 4533 rati
2320 4474 2640 4531 Ecclesiam
2702 4475 2931 4530 civilem
2991 4492 3120 4531 esse
3176 4482 3469 4542 senatum,
3529 4494 3663 4533 cum
3708 4479 3810 4533 ad-

2152 4566 2269 4621 huc
2326 4564 2616 4619 idolorum
2676 4563 3036 4634 impietatem
3106 4569 3306 4637 utpote
3362 4566 3578 4621 ethnici
3636 4583 3812 4639 sape-

373 4653 523 4709 chos
553 4652 613 4706 in
648 4651 845 4725 ignem
878 4652 1183 4723 conjicere,
1215 4652 1495 4723 vivosque
1526 4670 1899 4709 concremare
1947 4671 2040 4711 co-
2074 4679 2121 4744 D
2155 4658 2302 4722 rent,
2374 4657 2654 4725 usurpato
2721 4656 2920 4708 tamen
2991 4654 3266 4724 praeclaro
3339 4654 3554 4711 Christi
3622 4654 3812 4712 nomi-

371 4742 693 4798 nabantur.
746 4741 896 4796 Dum
948 4740 1383 4796 Catholicorum
1417 4741 1622 4797 domos
1654 4742 2042 4812 devastarent,

381 4829 651 4901 deposita
682 4828 857 4884 etiam
890 4830 961 4885 ab
996 4830 1310 4886 Athanasio
1346 4831 1401 4884 in
1428 4830 1805 4887 honestorum
1831 4832 2045 4888 civium

384 4918 609 4973 aedibus
639 4916 921 4973 collocata
966 4918 1363 4990 irrumpentes
1396 4919 1785 4976 abstulerunt.
1822 4922 2047 4977 Interea

385 5012 581 5062 tamen
609 5007 798 5062 clerus
822 5006 1105 5079 plehsque
1128 5007 1414 5063 catholica
1438 5014 1520 5062 tot
1541 5010 1940 5077 zerumnis,tot
1961 5028 2049 5065 ca-

385 5095 751 5151 lamitatibus
775 5096 976 5152 afﬂicti
1000 5097 1095 5167 (1)),
1123 5097 1193 5151 de
1216 5098 1547 5153 constantia
1567 5114 1631 5152 ac
1651 5099 1721 5153 dc
1740 5116 1885 5154 vero:
1913 5100 2047 5155 fidei

388 5184 584 5240 studio
618 5184 763 5239 nihil
795 5185 1288 5241 intermittebant.
1330 5191 1447 5241 Duo
1481 5191 1632 5241 certe
1662 5192 1891 5243 tantum
1925 5206 2050 5260 pre-

386 5272 627 5345 sbyteri,
663 5273 955 5329 Machetes
989 5277 1044 5328 et
1073 5274 1380 5346 Didymus,
1414 5276 1731 5331 vexationis
1759 5277 2051 5333 declinan-

387 5362 471 5418 dae
526 5379 703 5417 causa
761 5363 832 5417 ad
895 5362 1247 5418 Arianorum
1307 5380 1369 5418 se
1426 5368 1621 5435 partes
1688 5366 2046 5438 proripuere.

387 5450 504 5508 Nec
561 5451 797 5506 defuere
853 5451 1003 5507 inter
1064 5451 1369 5524 episcopos
1422 5452 1673 5526 Egypti,
1730 5455 1826 5527 qui
1882 5456 2049 5512 fracti

462 5612 519 5750 Et

467 5753 521 5835 (ο

568 5611 789 5667 Athan.
823 5612 970 5668 Hist.
1008 5613 1200 5669 Arian.
1234 5612 1303 5669 ad
1329 5614 1642 5681 monachos,
1675 5630 1732 5670 n.
1764 5615 1854 5682 70,
1886 5618 1976 5672 72.

570 5682 803 5766 Ducite}:
817 5701 928 5766 pro
959 5685 1249 5766 ᾼιραηδξᾳ,
1284 5702 1345 5766 1r.

572 5754 895 5814 Marcellin.
929 5761 986 5812 et
1018 5756 1279 5812 Faustin.
1316 5756 1373 5813 in
1407 5756 1629 5815 Libelto.

721 5882 984 5949 Parnm“
1034 5883 1147 5949 Gs.
1192 5883 1384 5950 XXV.

522 5610 541 5830 ἒ

2155 4760 2250 4812 ne,
2317 4743 2531 4797 Ariana
2601 4745 2761 4813 peste
2828 4746 3008 4796 totam
3071 4741 3401 4799 infecerunt
3464 4745 3811 4817 Egyptum;

2155 4834 2463 4906 [Egyptum
2497 4830 2736 4897 scilicet,
2786 4830 2846 4885 in
2891 4846 3009 4901 qua
3038 4832 3163 4888 sola
3193 4832 3447 4889 Orientis
3478 4834 3711 4906 regione
3742 4833 3814 4890 li-

2155 4924 2294 4978 bera
2342 4922 2647 4977 hactemus
2700 4921 2918 4992 ubique
2962 4921 3151 4977 fuerat
3178 4938 3334 4977 sanae
3367 4923 3499 4978 fidei
3532 4923 3812 4995 pradica-

2156 5013 2235 5069 tio
2267 5012 2358 5085 (e).

2228 5102 2309 5157 De
2364 5100 2592 5156 violatis
2662 5099 2927 5155 Ecclesiae
2996 5101 3403 5157 sacerdotibus
3468 5101 3817 5174 gravissime

2158 5190 2535 5263 conqueritur
2576 5189 2926 5244 Athanasius
2949 5190 3013 5262 (ί)
3043 5207 3056 5245 :
3089 5195 3381 5263 tantaeque
3402 5196 3699 5247 auctorem
3727 5207 3818 5246 ca-

2158 5279 2438 5335 lamitatis
2471 5278 2631 5334 Sauli
2664 5283 2719 5333 et
2743 5278 3002 5349 Achabo,
3036 5280 3325 5335 Pharaoni
3355 5279 3690 5351 caeterisque
3714 5280 3819 5336 hu-

2148 5368 2414 5441 jusmodi
2446 5366 2708 5440 tyrannis
2739 5372 3058 5439 comparat.
3100 5369 3223 5424 lmo
3254 5369 3551 5425 Achabum
3586 5369 3645 5424 in
3668 5386 3738 5425 ea
3758 5386 3819 5426 re

2160 5458 2499 5515 Constantio
2531 5457 2995 5524 anteferendum,
3028 5458 3183 5530 quod
3214 5457 3336 5515 viso
3362 5458 3486 5515 Elia
3525 5446 3816 5533 'pmnitens

2234 5620 2309 5687 (d)
2343 5619 2555 5675 Athan.
2588 5618 2733 5673 ibid.
2767 5635 2826 5674 n.
2856 5620 2950 5685 73,
2979 5620 3070 5675 78.

2258 5621 2289 5675 d
2343 5621 2555 5675 Athan.
2588 5621 2733 5673 ibid.
2767 5635 2826 5674 n.
2856 5621 2950 5685 73,
2979 5621 3070 5675 78.

2258 5621 2309 5764 ei
2336 5691 2546 5764 Athan.
2578 5690 2800 5764 Apologp.
2832 5690 2902 5747 ad
2933 5689 3234 5764 Constant,
3268 5709 3327 5747 n.
3363 5694 3447 5749 10.

2258 5691 2306 5764 e)
2336 5691 2546 5747 Athan.
2578 5691 2800 5763 Apotog.
2832 5691 2902 5747 ad
2933 5691 3234 5764 Constant,
3268 5709 3327 5747 n.
3363 5694 3447 5749 10.

2234 5691 2303 5843 ll)
2329 5765 2465 5823 Hist.
2495 5762 2690 5821 Arion.
2718 5762 2789 5820 ad
2815 5762 3131 5838 monachos,
3160 5781 3217 5825 n.
3246 5765 3339 5835 67,
3366 5766 3460 5824 68.

3479 5892 3511 5977 ς
