4166 6390
419 421 645 471 CXXXIV

1830 411 2440 476 PROLEGOMENA.

411 544 812 614 pertaesusque
834 541 1068 598 sceleris
1091 543 1444 614 alinquando
1467 543 1671 598 fuerit:
1697 561 1899 599 verum
1918 550 2061 601 Con-
2093 552 2148 615 Α
2179 565 2357 604 causa
2384 550 2744 604 versabatur.
2777 549 2922 605 Cum
2949 554 3144 606 autem
3167 549 3490 607 Constantii
3515 550 3830 623 imperato-

373 663 386 670 —
412 631 669 687 stantius
711 632 772 686 in
813 633 984 688 malis
1017 633 1332 688 inferendis
1362 633 1730 701 exercitatus,
1764 634 2061 690 calamita-

411 720 573 776 tibus
603 721 949 776 calimitates
981 722 1312 792 adjiciebat,
1347 727 1520 793 atque
1553 724 1738 793 pulsis
1771 724 2061 794 graviores

410 827 702 865 aerumnas
750 811 1029 882 parabat,
1084 811 1339 864 ἀθάνατον
1389 809 1556 864 καλὸν
1610 812 1935 886 γιγνόμενος
1985 813 2060 873 εἰς

411 897 626 966 αὐτοὺς,
660 901 741 953 ait
767 900 1124 955 Athanasius
1157 901 1233 971 (a)
1266 900 1534 956 alludens
1567 903 1637 956 ad
1673 903 1903 958 Homeri
1933 920 2063 958 car-

414 1004 547 1042 men
581 989 650 1043 de
678 987 868 1058 Scyllo
902 1005 914 1040 :

481 1077 542 1129 Ἠ
565 1074 622 1129 δὲ
649 1095 734 1130 τοι
765 1075 825 1129 οὐ
858 1077 1050 1145 θνητὴ,
1087 1074 1210 1130 ἀλλ’
1240 1077 1497 1132 ἀθάνατον
1529 1078 1692 1132 κακόν
1728 1078 1858 1133 ἐστι.

481 1165 606 1221 Non
656 1165 871 1221 mirum
921 1171 1138 1237 autem,
1188 1169 1571 1240 subsequitur
1615 1169 1732 1236 ille,
1783 1170 1832 1224 si
1881 1169 1961 1224 ita
2003 1169 2060 1223 in

409 1255 714 1328 episcopos
745 1257 963 1324 saeviat,
998 1258 1098 1328 qui
1131 1274 1202 1312 ne
1233 1258 1495 1331 cognatis
1529 1259 1763 1329 quidem
1798 1259 1922 1314 suis
1965 1275 2062 1329 pe-

411 1344 614 1415 percit.
673 1349 924 1400 Patruos
973 1345 1129 1400 enim
1177 1345 1407 1412 occidit,
1457 1347 1750 1418 patrueles
1800 1347 2060 1417 sustulit,

408 1450 675 1490 socerum
703 1439 1098 1506 cognatosque
1121 1434 1266 1489 nihil
1295 1435 1607 1491 miseratus
1633 1442 1740 1491 est.
1776 1435 2064 1491 Omnibus

409 1524 719 1594 perjurus:
756 1539 895 1594 erga
927 1524 1186 1590 fratrem,
1236 1526 1406 1595 cujus
1447 1525 1782 1596 sepulcrum
1815 1525 2062 1580 excitare

407 1628 468 1666 sc
515 1611 776 1679 simulat,
824 1611 1043 1683 impius
1092 1617 1149 1668 et
1197 1612 1595 1669 inhumanus:
1633 1631 1768 1668 nam
1811 1615 2061 1685 despon-

407 1717 535 1755 sam
585 1701 712 1770 ejus
770 1699 1174 1772 Olympiadem
1237 1701 1501 1757 barbaris
1559 1703 1822 1770 tradidit,
1883 1719 2060 1772 quam

403 1788 501 1844 ille
531 1789 602 1844 ad
636 1789 860 1844 obitum
892 1806 1078 1860 usque
1121 1791 1276 1862 apud
1331 1808 1392 1845 se
1446 1791 1710 1858 servavit,
1765 1792 2061 1847 educavit-

405 1895 520 1950 que
567 1878 736 1950 quasi
790 1879 1086 1950 propriam
1138 1879 1250 1934 sibi
1295 1896 1554 1935 uxorem.
1592 1884 1731 1938 Eam
1775 1882 2058 1935 Constan-

403 1970 524 2023 tius
555 1966 774 2022 scilicet
803 1967 1003 2024 Arsaci
1036 1968 1322 2023 Armeniae
1355 1969 1472 2041 regi
1496 1969 1704 2025 locavit
1725 1970 2058 2041 conjugem,

405 2072 595 2128 neque
640 2055 822 2111 multo
853 2055 1052 2127 elapso
1085 2061 1342 2128 tempore
1374 2063 1504 2130 post
1535 2058 1867 2114 Constantis
1898 2074 2058 2113 mor-

403 2149 542 2201 tem.

471 2235 562 2288 22.
611 2236 718 2289 Pia
744 2235 936 2305 populi
965 2235 1269 2290 Christiani
1313 2236 1513 2291 studia.
1566 2267 1634 2276 ——
1685 2237 1842 2290 Inter
1885 2237 2056 2290 innu-

404 2340 595 2380 meras
624 2323 958 2379 istiusmodi
990 2323 1375 2390 calamitates,
1408 2327 1666 2390 verbera,
1700 2325 1925 2389 exsilia,
1957 2342 2060 2379 ca:-

401 2413 524 2484 des,
558 2411 855 2467 eminebat
885 2412 1196 2468 Christiani
1230 2413 1426 2485 populi
1468 2413 1737 2469 alacritas
1783 2415 1854 2468 arl
1905 2431 2056 2469 mar-

397 2502 614 2574 tyrium
649 2502 1024 2557 subeundum
1059 2503 1154 2573 (b),
1189 2504 1558 2574 graviorique
1581 2504 1638 2558 in
1663 2504 1907 2574 impiam
1941 2504 2054 2558 hae-

400 2591 577 2646 resim
609 2589 740 2644 odio
791 2591 1233 2662 contlagrabant
1282 2591 1585 2646 Catholici.
1645 2592 1787 2646 Hinc
1837 2591 2054 2657 luctus,

397 2680 686 2752 lacrymas,
721 2678 996 2751 gemitus,
1027 2680 1315 2736 universis
1359 2699 1475 2736 uno
1507 2698 1603 2737 ore
1635 2682 1707 2736 ad
1739 2681 2052 2736 Dominum

398 2767 829 2823 clamantibus:
863 2769 1054 2834 Parce,
1089 2770 1334 2840 Domine,
1365 2772 1564 2842 papula
1594 2774 1705 2838 tuo,
1756 2780 1806 2825 ct
1855 2788 1923 2824 ne
1964 2771 2057 2826 de:

399 2857 776 2913 ha’reditatem
825 2866 980 2913 tuam
1012 2859 1070 2912 in
1115 2859 1470 2930 opprobrium
1503 2861 1752 2913 inimicis
1783 2861 1934 2913 tuis:
1965 2858 2057 2914 sed

396 2948 597 3016 festina
628 2950 687 3001 ut
715 2949 919 3016 eripias
948 2963 1044 3002 nos
1074 2947 1137 3002 de
1174 2965 1346 3003 manu
1393 2951 1731 3018 iniquorum.
1784 2949 1923 3002 Nam
1964 2952 2056 3018 fa-

398 3035 567 3090 muli:
590 3051 706 3091 ecce
729 3038 836 3092 tuis
857 3052 966 3092 non
981 3046 1366 3108 pepercerunt,
1396 3037 1486 3093 sed
1519 3039 1665 3092 viam
1683 3039 2061 3108 prwmuniunt

396 3124 752 3186 Antichristo.
1295 3143 1301 3148 '

469 3216 558 3270 23.
594 3215 897 3286 Oxyrinchi
938 3217 1080 3269 laus.
1138 3246 1204 3254 —
1254 3214 1448 3270 Sensit
1495 3218 1697 3271 sancta
1743 3214 2050 3287 Oxyrinchi

2093 1929 2140 1993 B

2173 638 2252 692 ris
2284 638 2548 693 animum
2583 657 2696 694 non
2730 641 2907 711 probe
2939 644 3309 712 perspectum
3357 639 3614 708 haberet,
3662 645 3828 697 ratus

2173 726 2543 797 imprudente
2575 728 2672 783 illo
2703 734 2864 784 tanta
2893 730 3125 784 admitti
3174 730 3450 797 facinora,
3502 731 3827 786 orationem

2173 816 2229 869 in
2262 819 2389 886 ejus
2423 826 2736 888 conSpectu
2770 819 2838 871 ad
2877 818 3272 890 propulsanda
3321 820 3570 874 crimina
3607 819 3826 875 haben-

2173 905 2306 958 dam
2337 906 2676 959 adornabat.
2709 907 2772 960 Et
2798 907 2986 978 primo
3011 907 3248 977 quidem
3274 907 3369 962 ille
3394 909 3825 980 imperatorem,

2173 998 2370 1064 utpote
2400 994 2794 1049 Christianum
2830 1013 2895 1049 ac
2929 995 3286 1067 religiosum,
3341 1013 3474 1051 cum
3525 997 3738 1052 fiducia
3767 1014 3830 1053 se

2174 1083 2332 1137 adire
2382 1084 2765 1154 signiﬁcabat.
2802 1085 3126 1156 Statimque
3161 1103 3193 1140 a
3226 1086 3512 1157 principio
3545 1103 3612 1141 ex
3641 1087 3827 1142 visce-

2173 1170 2336 1226 ribus
2384 1189 2573 1226 causa
2624 1190 2813 1240 orsus,
2864 1175 3085 1246 grande
3134 1191 3196 1229 se
3239 1175 3321 1229 ait
3365 1175 3538 1230 affere
3567 1175 3627 1230 in
3661 1191 3831 1248 syco-

2173 1259 2422 1332 phantas
2457 1267 2892 1334 argumentum,
2928 1263 3064 1334 quia
3095 1263 3316 1318 scilicet
3337 1264 3616 1319 Ursacius
3648 1270 3705 1320 et
3730 1265 3831 1321 Va-

2173 1349 2319 1416 lens,
2346 1350 2501 1421 quia
2523 1351 2724 1406 multis
2747 1356 2900 1407 retro
2923 1353 3094 1408 annis
3119 1354 3251 1408 ficta
3274 1353 3385 1408 sibi
3403 1353 3652 1410 crimina
3666 1355 3832 1410 obtu-

2171 1436 2376 1504 lerant,
2401 1438 2662 1494 libellum
2683 1445 2884 1511 postea
2908 1441 3257 1512 poenitentia:
3278 1441 3599 1509 dedissent,
3629 1459 3745 1514 quo
3766 1459 3830 1499 se

2174 1527 2448 1582 mentitos
2477 1544 2606 1583 esse
2636 1532 2692 1582 et
2723 1527 3050 1585 calumnias
3082 1529 3399 1600 protulisse
3446 1535 3644 1601 aperte
3683 1531 3827 1587 fate-

2171 1621 2393 1671 rentur.
2412 1617 2683 1688 Magnam
2703 1617 3045 1688 hujusmodi
3068 1623 3413 1689 argumento
3431 1619 3828 1675 accessionem

2171 1721 2318 1773 esse,
2353 1706 2507 1776 quod
2541 1722 2602 1760 se
2633 1707 2890 1770 absente,
2939 1706 3220 1762 arbitratu
3258 1724 3362 1762 suo
3397 1707 3509 1780 ipsi
3539 1725 3662 1764 rem
3693 1724 3826 1781 ges-

2170 1794 2420 1861 sissent;
2455 1795 2788 1864 cujusmodi
2822 1801 2952 1850 acta
2974 1812 3088 1850 non
3110 1795 3299 1850 valere
3320 1794 3541 1850 nemini
3563 1812 3826 1868 comper-

2169 1885 2298 1937 tum
2331 1900 2445 1938 non
2477 1888 2650 1938 esset.
2699 1884 2779 1937 Ex
2810 1882 2969 1938 hisce
3004 1883 3196 1955 palam
3229 1901 3357 1940 esse
3390 1883 3613 1939 nullam
3649 1885 3825 1941 ﬁdem

2173 1971 2552 2026 mendacibus
2585 1972 2937 2039 habendam,
2971 1972 3019 2027 si
3051 1989 3199 2044 quas
3232 1978 3364 2045 post
3395 1973 3516 2028 haec
3545 1974 3823 2029 crimina-

2172 2060 2362 2116 tiones
2413 2062 2706 2116 oﬂ‘errent.
2739 2065 2806 2115 Et
2839 2062 3024 2132 primo
3069 2061 3307 2131 quidem
3350 2063 3503 2134 quod
3529 2062 3828 2133 jactibant

2168 2148 2273 2220 illi,
2308 2149 2698 2205 Athanasium
2729 2151 3029 2206 Constanti
3062 2156 3324 2220 Augusto
3356 2153 3416 2207 in
3448 2150 3661 2206 malam
3693 2168 3824 2224 par-

2168 2243 2284 2292 tem
2319 2240 2388 2293 de
2421 2239 2758 2293 Constantio
2794 2237 2967 2294 fratre
3013 2240 3189 2294 verba
3220 2241 3446 2309 fecisse,
3499 2240 3556 2294 id
3607 2241 3824 2296 nedum

2167 2328 2479 2383 verisimile
2511 2345 2658 2393 esse,
2712 2345 2784 2383 ne
2832 2328 2956 2382 ﬁeri
3005 2329 3242 2399 quidem
3275 2329 3556 2400 potuisse,
3590 2330 3827 2401 quando

2169 2434 2493 2487 numquam
2520 2417 2613 2471 ille
2631 2417 3006 2472 Constantem
3033 2416 3224 2471 solum
3249 2417 3410 2473 solus
3433 2423 3587 2473 esset
3611 2418 3828 2474 allocu-

2167 2509 2283 2572 tus,
2332 2507 2433 2560 sed
2486 2523 2717 2576 semper
2764 2506 3082 2561 comitibus
3135 2507 3466 2577 permultis,
3519 2508 3618 2579 qui
3651 2513 3827 2581 gestis

2167 2596 2248 2650 rei
2280 2596 2684 2651 tesnimonium
2718 2596 2865 2651 ferre
2894 2601 3153 2666 possent.
3204 2596 3390 2668 Rogat
3439 2602 3503 2652 ut
3535 2615 3606 2652 ne
3639 2597 3822 2669 patia-

2167 2690 2264 2740 tur
2311 2685 2484 2739 istam
2535 2702 2768 2740 manere
2821 2685 3238 2756 suspicionem.
3282 2686 3381 2740 sed
3415 2685 3827 2742 reminiscatur

2167 2773 2426 2845 seipsum
2458 2778 2791 2845 Augustum
2825 2774 3231 2828 Constantium
3258 2778 3346 2829 ter
3375 2773 3735 2845 convenisse,
3760 2790 3826 2830 ac

2167 2862 2319 2918 inter
2347 2862 2766 2934 alloquendum
2800 2880 2870 2918 ne
2903 2863 3144 2917 verbum
3180 2863 3417 2934 quidem
3452 2864 3657 2919 fecisse
3689 2880 3826 2919 con-

2165 2956 2256 3007 tra
2285 2952 2602 3007 Eusebium
2636 2956 2691 3007 et
2721 2951 2907 3007 socios
2941 2955 3237 3007 tantarum
3273 2953 3386 3007 sibi
3418 2952 3823 3010 calamitatum

2166 3047 2452 3097 auctores.
2488 3041 2649 3106 Quod
2683 3041 2730 3095 si
2760 3053 2830 3095 ne
2853 3040 2986 3095 illos
3010 3040 3247 3112 quidem
3273 3041 3652 3107 accusaverit,
3677 3059 3824 3114 quos

2167 3131 2518 3186 criminandi
2549 3147 2727 3186 causa
2757 3131 2975 3191 aderat,
3010 3148 3127 3201 qua
3149 3131 3361 3186 ductus
3385 3131 3617 3187 insania
3637 3131 3824 3206 impe-

2165 3224 2414 3275 ratorem
2448 3220 2600 3290 apud
2636 3219 3048 3290 imperatorem
3083 3226 3435 3290 accusasset,
3466 3221 3825 3294 fratremque

399 3304 601 3362 civitas
631 3304 1036 3359 haereticorum
1068 3304 1344 3358 furorem.
1388 3305 1524 3358 Erat
1552 3321 1620 3359 ea
1649 3305 1791 3359 urbs
1827 3320 2053 3375 peram-
2086 3300 2128 3366 C
2166 3308 2516 3364 concitasset
2563 3307 2620 3362 in
2671 3308 2953 3362 fratrem?
2981 3307 3184 3363 Aliam
3225 3309 3432 3364 exinde
3463 3309 3823 3367 adversario-

399 3393 496 3466 pla
522 3397 578 3449 et
608 3392 1088 3465 populosissima,
1136 3394 1192 3447 in
1226 3410 1342 3464 qua
1370 3397 1499 3448 tum
1531 3411 1647 3450 uno
1681 3398 1942 3465 tempore
1970 3393 2054 3446 vi-

397 3483 543 3555 ginti
576 3482 739 3538 milia
768 3482 1085 3554 virginum,
1113 3487 1169 3538 et
1216 3483 1485 3537 monachi
1534 3484 1604 3538 ad
1639 3484 1837 3538 decem
1872 3481 2056 3536 millia

397 3572 683 3644 degebant
707 3573 798 3642 (c).
832 3572 994 3642 Ejus,
1027 3571 1112 3626 uti
1144 3571 1422 3639 diximus,
1458 3571 1767 3643 episcopus
1787 3571 2052 3626 Theodo-

396 3677 520 3725 rus,
554 3676 688 3714 cum
721 3659 792 3714 ad
825 3659 1071 3714 Arianos
1114 3665 1311 3731 partes
1343 3659 1701 3729 descivisset,
1735 3661 1928 3716 denuo
1960 3677 2052 3714 or-

395 3749 632 3803 dinatus
664 3766 697 3804 a
726 3749 970 3820 Georgio
1004 3749 1132 3803 fuit.
1166 3749 1349 3812 Quam
1383 3766 1502 3804 rem
1537 3750 1775 3822 indigne
1806 3750 2053 3804 ferentes

392 3836 621 3910 populi,
651 3838 723 3893 ab
755 3839 884 3907 ejus
914 3837 1327 3892 communione
1359 3844 1744 3905 recesserunt,
1778 3838 2052 3909 quemad-

394 3927 643 3981 modum
693 3930 750 3980 et
793 3925 1099 3992 monachi;
1152 3942 1401 3997 quorum
1452 3931 1577 3981 tum
1629 3927 2052 3998 antesignanus

391 4019 515 4070 erat
540 4013 758 4070 Paulus
790 4014 1051 4085 quidam,
1084 4015 1171 4069 vir
1200 4015 1508 4070 sanctitate
1541 4017 1911 4088 conspicuus.
1949 4021 2049 4070 Ec-

392 4102 632 4160 clesiam
672 4120 806 4158 vero
855 4102 1065 4158 deinde
1107 4103 1452 4175 interposito
1484 4106 1738 4175 quodam
1771 4105 2051 4176 temporis

392 4192 581 4264 spatio
613 4193 892 4264 regebant
922 4192 1243 4265 presbyteri
1279 4197 1334 4248 et
1365 4193 1615 4248 diaconi.
1666 4195 1722 4247 Si
1771 4195 2048 4250 Faustino

391 4285 448 4337 et
478 4281 813 4337 Marcellino
845 4281 923 4336 sit
956 4281 1121 4349 ﬁdes,
1172 4281 1228 4335 in
1271 4282 1556 4337 Theodori
1588 4282 1780 4338 locum
1814 4289 2048 4356 coopta-

389 4374 485 4426 tus
517 4373 606 4425 est
638 4369 992 4438 Heraclides,
1020 4370 1121 4442 qui
1154 4377 1357 4441 postea
1385 4371 1455 4425 ad
1480 4371 1877 4427 Luciferianos
1899 4372 2049 4427 defe-

391 4460 488 4516 cit.
523 4461 660 4515 Erat
692 4459 853 4526 item,
891 4464 954 4513 ut
983 4459 1040 4514 in
1074 4459 1204 4515 aliis
1239 4460 1547 4532 permultis
1591 4463 1819 4534 rEgypti
1854 4462 2046 4518 Eccle-

391 4547 514 4613 siis,
548 4548 856 4620 episcopus
889 4547 1126 4619 quidam
1158 4549 1466 4620 Oxyrinchi
1519 4549 1886 4617 Meletianus,
1937 4569 2045 4607 no-

387 4637 1110 4733 minenapollonius,.qui
1161 4637 1514 4733 Seleuciensi
1567 4644 1769 4710 postea
1822 4641 2040 4712 synodo
2074 4670 2123 4733 Β

387 4723 671 4779 interfuit.
709 4724 794 4779 Ita
824 4728 942 4779 tres
971 4724 1029 4778 in
1064 4730 1259 4795 partes
1291 4726 1568 4781 distracta
1598 4733 1721 4781 tum
1756 4734 1880 4783 erat
1910 4729 2043 4783 civi-

385 4815 498 4877 tas.
531 4813 775 4867 Tantam
810 4812 1032 4868 scilicet
1063 4813 1464 4870 hareticorum
1500 4817 1660 4871 furor
1691 4818 2040 4872 Constantii-

386 4918 498 4972 que
519 4901 722 4957 levitas
745 4901 1076 4973 reipublicae
1099 4903 1444 4960 Christianas
1469 4905 1785 4961 intulerant
1816 4912 2041 4978 pertur-

384 4990 678 5046 bationem
712 4995 886 5063 atque
917 4991 1257 5062 perniciem.

454 5080 542 5133 24.
591 5080 924 5135 Athanasius
982 5082 1298 5151 Apologiam
1357 5081 1427 5136 ad
1485 5084 1866 5138 Constantium
1914 5085 2039 5139 edit.

390 5169 453 5225 Ut
499 5168 879 5224 Constantium
927 5170 1095 5225 adeat
1143 5173 1249 5226 iter
1297 5172 1624 5241 ingreditur.
1679 5174 1952 5244 Remigrat
1984 5176 2040 5228 in

386 5257 754 5314 solitudinem.
790 5289 858 5299 —-
892 5259 1047 5314 Inter
1087 5260 1206 5314 hzsc
1239 5260 1601 5316 Athanasius
1631 5261 1689 5315 in
1724 5263 2043 5318 secretiori-

390 5346 503 5400 bus
524 5347 698 5403 eremi
723 5348 866 5404 locis
890 5365 992 5419 per
1014 5366 1247 5404 summa
1268 5349 1530 5421 corporis
1553 5351 1926 5408 incommoda
1945 5354 2042 5408 de-

391 5433 713 5506 litescebat,
775 5454 840 5492 ac
893 5455 1028 5493 cum
1079 5437 1238 5503 feris,
1288 5443 1351 5492 ut
1402 5439 1525 5509 ipse
1580 5440 1660 5494 ait
1690 5441 1790 5510 (d),
1826 5442 2041 5498 latendi

572 5668 708 5766 ﬁtfit.
741 5669 932 5766 Ανρξῃέ
965 5668 1038 5724 ad
1065 5670 1374 5766 υξῇηαεῆοε,
1404 5687 1463 5726 n.
1497 5671 1586 5727 68.

462 5737 535 5814 (ὁ)
565 5737 777 5797 Athan.
808 5739 975 5811 ibid.,
1008 5757 1066 5799 τι.
1096 5740 1189 5801 79.

2166 3415 2297 3453 rum
2321 3397 2678 3454 calumniam
2702 3396 2989 3468 depellere
3014 3397 3368 3470 aggreditur.
3393 3397 3642 3454 Aiebant
3665 3400 3824 3456 enim

2165 3505 2298 3542 eum
2348 3488 2569 3543 litteras
2621 3486 2820 3559 gratiae
2863 3487 3242 3542 conciliandae
3274 3504 3453 3543 causa
3484 3487 3718 3544 misisse
3750 3489 3822 3545 ad

2163 3576 2586 3648 Magnentium,
2621 3576 2790 3645 cujus
2821 3575 3121 3647 exemplar
3149 3575 3208 3629 in
3233 3593 3369 3631 suas
3397 3575 3676 3632 incidisse
3699 3594 3822 3633 ma-

2164 3683 2276 3720 nus
2301 3666 2672 3736 jactitabant.
2697 3664 2887 3721 Gemit
2920 3665 3156 3735 quidem
3179 3665 3535 3720 Athanasius
3567 3665 3677 3721 sibi
3701 3670 3823 3722 tam

2163 3754 2375 3810 atrocis
2427 3755 2508 3809 rei
2561 3753 2644 3808 vel
2695 3753 3090 3824 suspicionem
3145 3754 3326 3808 fuisse
3358 3754 3655 3825 injectam,
3688 3771 3822 3810 cum

2163 3844 2399 3914 ignotus
2428 3841 2596 3914 plane
2627 3842 2737 3898 sibi
2772 3842 2947 3896 fuerit
2977 3842 3268 3913 parricida
3299 3842 3694 3914 Magnentius,
3721 3843 3822 3916 qui

2162 3932 2459 3987 Constanti
2512 3931 2621 3985 sibi
2677 3935 2921 4002 patrono
2975 3929 3224 4002 aliisque
3276 3929 3587 4002 permultis
3637 3930 3709 3987 de
3759 3947 3822 3988 se

2161 4022 2308 4076 bene
2340 4020 2560 4076 meritis
2592 4036 2793 4075 necem
2828 4018 3109 4074 intulerit.
3161 4018 3278 4074 Sibi
3313 4019 3567 4074 multum
3602 4020 3673 4074 ad
3709 4019 3820 4075 hu-

2151 4110 2418 4180 jusmodi
2477 4110 2600 4163 viro
2661 4109 2986 4164 amicorum
3054 4109 3385 4164 Constantis
3452 4109 3820 4165 interfectore

2159 4199 2692 4271 pertimescendum
2749 4197 2952 4264 fuisse,
3003 4215 3136 4253 cum
3187 4197 3406 4253 nemini
3457 4198 3581 4270 ipse
3620 4197 3818 4254 hacin

2158 4295 2321 4362 parte
2353 4288 2648 4343 secundus
2679 4292 2848 4342 esset.
2900 4285 3045 4341 Aliis
3077 4303 3212 4342 vero
3244 4285 3554 4358 permultis
3585 4287 3656 4343 ad
3689 4303 3819 4343 eam

2157 4378 2462 4434 levandam
2498 4376 2894 4448 suspicionem
2927 4375 3142 4445 allatis,
3175 4376 3246 4432 ad
3282 4376 3512 4432 tertiam
3543 4374 3818 4432 crimina-

2160 4468 2376 4522 tionem
2432 4467 2821 4538 progreditur.
2877 4466 2938 4519 In
2971 4465 3192 4520 crimen
3246 4466 3461 4537 quippe
3491 4465 3817 4534 vertebant,

2158 4557 2313 4627 quod
2347 4555 2404 4630 in
2439 4571 2652 4627 magna
2677 4553 2940 4624 ecclesia,
2974 4554 3235 4609 nondum
3261 4553 3528 4610 absoluto
3552 4553 3815 4622 aedificio,

2159 4661 2262 4700 nec
2285 4649 2613 4717 exspectato
2636 4643 2960 4699 Constantii
2986 4644 3182 4714 jussu,
3218 4643 3463 4716 synaxin
3489 4643 3814 4699 habuisset.

2155 4734 2253 4790 Ille
2284 4751 2418 4790 vero
2451 4751 2564 4789 non
2597 4738 2770 4806 negat
2802 4733 3040 4805 quidem
3075 4734 3314 4804 factum,
3368 4749 3572 4788 verum
3623 4733 3705 4788 ait
3755 4749 3817 4789 se

2155 4841 2270 4878 non
2318 4823 2744 4878 dedicationem
2805 4821 3062 4877 ecclesia:
3117 4821 3465 4888 celebrasse,
3519 4823 3673 4895 quod
3723 4821 3814 4876 in-

2147 4913 2322 4982 jussu
2355 4911 2677 4966 Constantii
2712 4910 2872 4966 nefas
2907 4910 3132 4976 fuisset,
3181 4911 3282 4965 sed
3329 4927 3463 4965 cum
3505 4909 3577 4964 ob
3607 4909 3812 4982 ingen-

2155 5004 2269 5054 tem
2306 4999 2503 5072 populi
2538 5000 2922 5071 trequentiam
2955 5017 3070 5054 non
3104 5004 3345 5070 possent
3375 4998 3659 5054 Catholici
3693 5015 3818 5054 om-

2157 5106 2257 5144 nes
2306 5091 2364 5144 in
2415 5087 2545 5144 aliis
2588 5088 2851 5144 ecclesiis
2896 5089 3118 5159 absque
3151 5087 3480 5160 periculosa
3510 5104 3810 5160 compres-

2156 5178 2316 5234 sione
2371 5178 2695 5247 convenire,
2748 5177 3110 5248 rogantibus,
3161 5178 3278 5233 imo
3310 5177 3814 5232 obmurmuranti-

2156 5268 2264 5324 bus
2287 5268 2537 5340 populis,
2556 5284 2620 5322 ac
2642 5267 2698 5320 in
2724 5268 3020 5322 desertum
3043 5267 3235 5322 locum
3256 5267 3540 5338 angustiae
3559 5266 3812 5322 vitanda)

2156 5375 2333 5413 causa
2364 5356 2649 5429 proficisci
2687 5356 3053 5427 parantibus,
3107 5355 3480 5428 compulsum
3528 5372 3589 5412 se
3628 5355 3814 5411 fuisse

2153 5464 2354 5503 eorum
2390 5446 2610 5516 optatui
2643 5461 2840 5517 gerere
2889 5462 3132 5514 morem,
3175 5450 3352 5516 atque
3383 5443 3442 5500 in
3476 5444 3720 5501 ecclesia
3749 5442 3811 5499 in

2228 5681 2298 5750 (ε)
2329 5675 2657 5750 Marcellin.
2681 5681 2739 5732 et
2769 5678 3030 5734 Faustin.
3061 5679 3119 5734 in
3151 5679 3380 5738 Libelto.

2227 5747 2302 5834 (ά)
2331 5749 2486 5825 Apol.
2519 5749 2595 5807 ad
2624 5747 3026 5810 Constantium.
