4166 6418
1685 458 1874 521 VITA
1920 459 1987 521 S.
2034 457 2487 520 ATHANASII.

3606 466 3802 519 αχχχν

373 590 633 645 Caesareo
664 590 821 646 dicta
864 596 1215 648 conventum
1244 591 1476 660 habere,
1513 609 1689 664 quam
1720 610 1844 649 rem
1873 598 1930 649 et
1958 611 2027 649 ex
2058 594 2109 658 Α
2141 594 2383 662 paterna
2413 591 2565 647 bona
2595 591 2653 645 in
2686 606 2808 646 rem
2840 606 3008 646 suam
3047 592 3409 645 converteret
3436 587 3533 662 (b).
3585 588 3799 645 Adhmc

372 678 626 733 aliorum
655 696 788 749 usu,
824 684 881 735 et
912 698 981 735 ex
1012 686 1168 736 recta
1198 680 1421 736 ratione
1454 680 1673 736 licitam
1707 699 1834 738 esse
1869 699 2026 738 com-

368 770 681 823 monstrat.
716 768 993 831 Quartam
1043 771 1246 825 exinde
1300 770 1767 828 criminationem
1802 778 1866 827 ut
1896 790 2026 844 pro-

365 852 560 923 pulset
591 855 974 927 Athanasius,
1010 874 1127 929 qua
1176 858 1567 913 mentiebatur
1596 876 1729 914 eum
1775 860 2026 932 impera-

363 943 496 1008 tori,
524 944 755 1014 jubenti
802 950 867 1001 ut
919 964 979 1002 se
1011 948 1214 1013 adiret,
1251 965 1362 1002 non
1414 948 1850 1021 obtemperasse
1885 968 1897 1005 :
1934 967 2028 1006 ne-

362 1036 463 1102 gat
494 1032 702 1088 litteris
735 1035 1147 1090 Constantium
1181 1036 1306 1091 suis
1341 1036 1662 1092 Athanasio
1686 1039 1941 1108 jussisse
1964 1043 2028 1093 ut

364 1137 427 1176 se
450 1123 811 1189 conveniret,
837 1125 939 1178 sed
964 1124 1133 1196 quasi
1168 1130 1437 1197 rogatum
1460 1127 1821 1182 concessisse
1842 1128 2027 1183 facul-

362 1214 541 1265 tatem
566 1228 627 1266 se
654 1213 1115 1285 adeundi,quam
1131 1220 1326 1270 tamen
1352 1215 1477 1286 ipse
1499 1233 1803 1287 nunquam
1828 1223 2027 1287 postu-

364 1298 578 1367 lasset;
613 1300 865 1373 hincque
898 1302 1089 1373 palam
1123 1320 1250 1359 esse
1282 1320 1379 1358 eas
1401 1303 1623 1359 litteras
1657 1323 1723 1359 ex
1754 1307 2023 1363 adversa-

360 1388 583 1443 riorum
616 1406 859 1445 suorum
893 1392 1323 1463 conspiratione
1356 1393 1538 1448 fuisse
1580 1396 1768 1449 datas.
1804 1394 2025 1451 Deinde

359 1494 493 1532 vero
544 1484 749 1534 caatera
800 1486 1040 1535 sanctus
1092 1481 1304 1552 prtesnl
1354 1483 1727 1554 prosequitur
1759 1500 1884 1555 quae
1918 1502 2023 1540 nos

358 1568 632 1637 superius
656 1570 1079 1625 euarravimus.
1115 1573 1240 1626 Haec
1265 1576 1559 1643 postrema
1592 1574 1890 1629 confutata
1912 1574 2023 1629 cri-

360 1655 682 1713 minatione
731 1658 1059 1730 apologiam
1110 1660 1402 1716 clauserat
1450 1661 1832 1733 Athanasius,
1866 1665 2020 1732 ejus-

360 1760 474 1814 que
523 1762 717 1802 coram
770 1747 1122 1819 imperatore
1175 1750 1482 1805 recitandae
1534 1751 1721 1822 gratia
1765 1753 1836 1807 ad
1886 1769 2020 1808 eum

356 1836 725 1905 properabat.
764 1840 831 1892 At
860 1837 969 1892 iter
1018 1839 1344 1909 ingressus,
1380 1856 1613 1895 rumore
1643 1840 1800 1912 vulgi
1834 1841 2019 1896 edidi-

2141 680 2361 735 nitrum
2395 681 2504 734 sibi
2524 697 2758 736 omnem
2789 679 3073 745 attribuit,
3095 678 3262 748 cujus
3279 694 3495 750 magna
3513 677 3600 732 vis
3624 682 3798 749 quot-

2139 770 2311 824 annis
2362 769 2746 841 colligebatur
2784 770 2854 823 ad
2904 768 3099 823 lacum
3148 767 3414 837 Mariam,
3461 770 3637 838 atque
3679 781 3799 822 una

2138 859 2343 930 papyri
2393 857 2720 929 calamique
2769 857 3033 929 paludes,
3070 873 3294 912 necnon
3346 855 3625 911 salinaria
3675 859 3795 911 sta-

2137 964 2271 1019 gna.
2309 949 2430 1002 Imo
2463 953 2580 1002 tam
2615 948 2852 1003 sordida
2883 946 3125 1002 avaritia
3155 946 3477 1011 laborabat,
3510 949 3577 1000 ut
3606 960 3791 1016 quan-

2136 1037 2352 1091 tumvis
2397 1036 2696 1092 vilissimae.
2748 1052 2839 1091 res
2884 1039 3079 1091 essent
3122 1034 3235 1106 ipsi
3286 1034 3534 1106 quaestui
3581 1049 3793 1105 oppor-

2136 1130 2308 1181 tunae.
2362 1125 2537 1180 Nulla
2586 1125 2909 1196 turpitudo,
2961 1124 3123 1179 nulla
3168 1124 3413 1179 infamia
3460 1123 3639 1194 hujus
3688 1140 3793 1178 un-

2137 1232 2314 1286 quam
2365 1214 2746 1287 cupiditatem
2797 1214 3147 1269 retardabat.
3179 1213 3325 1268 Nam
3375 1213 3527 1267 inter
3566 1216 3788 1284 caetera,

2134 1304 2473 1360 lecticarum
2519 1304 2590 1358 ad
2640 1304 2933 1359 etferenda
2981 1306 3347 1358 mortuorum
3395 1318 3637 1373 corpora
3666 1316 3791 1358 cer-

2135 1398 2263 1449 tum
2314 1409 2626 1448 numerum
2673 1391 3028 1463 assignavit;
3081 1408 3185 1446 nec
3234 1390 3532 1462 cuiquam,
3584 1394 3793 1462 praeter

2138 1498 2259 1549 eos,
2295 1499 2446 1553 quos
2476 1482 2602 1554 ipse
2633 1481 3055 1548 constituisset,
3090 1484 3478 1547 mortuorum,
3514 1479 3789 1535 maxime-

2134 1587 2246 1642 que
2305 1572 2768 1643 peregrinorum,
2820 1586 3065 1643 corpora
3120 1570 3323 1625 efferre
3368 1567 3594 1623 licitum
3643 1571 3786 1623 erat.

2133 1660 2297 1724 Quod
2329 1677 2441 1715 non
2476 1660 2571 1716 ille
2603 1660 3023 1733 hospitalitatis
3059 1675 3277 1725 amore,
3310 1658 3411 1714 sed
3443 1658 3586 1714 lucri
3620 1675 3790 1731 pecu-

2132 1749 2357 1821 niaeque
2390 1767 2568 1805 causa
2599 1750 2863 1805 faciebat.
2900 1749 3080 1805 Nemo
3112 1748 3354 1820 impune
3384 1751 3440 1803 et
3468 1747 3614 1804 citra
3642 1748 3789 1819 peri-

2132 1837 2329 1893 culum
2365 1855 2576 1910 corpus
2608 1838 2909 1908 humabat,
2945 1838 3085 1910 quia
3115 1854 3185 1893 ex
3215 1835 3467 1910 singulis
3498 1836 3789 1893 cadaveri-

356 1922 437 2020 cit
467 1940 613 2031 quas
637 1925 727 1979 sui
760 1943 941 1981 causa
971 1927 1299 1983 Occidentis
1322 1929 1615 2001 episcopis
1644 1929 2020 1986 Constantius
2052 1965 2099 2031 B
2135 1927 2247 1982 bus
2276 1927 2542 1983 nonnihil
2566 1927 2677 1998 ipsi
2710 1933 2970 1999 quzestus
2993 1927 3309 1983 obveniret.
3346 1926 3404 1981 Si
3433 1926 3568 1998 quis
3590 1930 3787 1982 autem

356 2010 655 2068 intulisset
705 2016 1090 2071 calamitates.
1126 2018 1247 2082 Quo
1298 2023 1617 2089 comperto,
1652 2035 1787 2073 cum
1820 2020 2018 2075 obstu-

356 2106 618 2171 pesceret
673 2104 1028 2160 Athanasius
1081 2123 1146 2161 ac
1202 2123 1405 2161 secum
1465 2106 1780 2174 haesitaret,
1835 2107 2016 2164 altera

353 2206 485 2245 ecce
535 2192 693 2247 fama
734 2198 1001 2265 vagatur,
1037 2194 1313 2250 ecclesias
1360 2195 1585 2267 [Egypti
1636 2196 1869 2252 Arianis
1899 2202 2016 2252 tra-

356 2278 531 2348 ditas,
576 2281 881 2355 episcopos
930 2283 1149 2354 pulsos,
1203 2284 1358 2340 viros
1406 2284 1793 2349 Christianos,
1834 2286 2015 2359 virgi-

356 2380 581 2437 nesque
612 2369 684 2423 ad
718 2386 915 2425 necem
950 2369 1294 2442 lancinatos,
1329 2371 1593 2428 ethnicos
1622 2373 1681 2428 in
1712 2373 2013 2446 episcopo-

358 2470 491 2508 rum
528 2456 696 2511 sedes
728 2458 984 2514 intrusos
1016 2460 1216 2516 fuisse.
1256 2461 1386 2516 Heec
1432 2462 1701 2532 quamvis
1759 2463 2014 2535 accepis-

356 2546 446 2597 set
494 2545 869 2617 Athanasius,
902 2550 1179 2620 pergebat
1226 2555 1421 2605 tamen
1455 2551 1526 2604 ad
1580 2551 2014 2622 imperatorem,

352 2636 517 2687 ratus
566 2633 935 2706 imprudente
983 2638 1080 2694 illo
1134 2639 1245 2693 ista
1296 2640 1535 2711 peragi;
1592 2656 1726 2694 cum
1774 2640 2013 2696 tertium

350 2735 480 2775 ecce
511 2722 785 2778 nuntium
818 2726 1047 2796 accipit,
1083 2727 1390 2799 epistolam
1428 2746 1460 2782 a
1496 2728 1835 2784 Constantio
1869 2730 2012 2785 mis-

352 2826 479 2865 sam
529 2810 937 2870 Alexandrinis
996 2814 1197 2886 fuisse,
1233 2833 1349 2888 qua
1400 2818 1784 2872 Athanasium
1833 2818 2012 2874 scele-

354 2900 857 2970 stum,nefarium,
874 2904 1035 2957 omni
1055 2905 1341 2976 supplicio
1360 2906 1605 2979 dignum
1630 2906 2008 2979 signiﬁcaret,

352 2987 667 3060 Georgium
717 3007 851 3047 vero
903 2993 1457 3064 praestantissimum
1489 2996 1678 3050 virum
1724 2996 1781 3051 in
1836 2997 2011 3053 rebus

353 3075 767 3134 ecclesiasticis
796 3082 1371 3138 exercitatissimum.
1391 3085 1706 3156 Epistolam
1738 3086 1881 3141 item
1908 3088 2008 3141 da-

355 3171 481 3221 tam
520 3169 591 3222 ad
624 3172 907 3240 tyrannos
946 3174 1279 3227 Auxumeos
1327 3178 1603 3229 .IEzanam
1627 3178 1684 3228 et
1706 3175 2006 3246 Sazanam,

353 3257 821 3327 quajubebatut
856 3259 1262 3315 Frumentium
1290 3265 1622 3318 Auxumeos
1666 3264 2007 3334 episcopum

2131 2015 2243 2071 sibi
2271 2015 2516 2088 indigna
2537 2016 2798 2071 molienti
2816 2016 3147 2083 obsisteret,
3175 2031 3310 2070 eum
3343 2014 3784 2086 quamprimum

2132 2106 2203 2160 ad
2237 2105 2644 2160 Constantium
2667 2106 2981 2175 deferebat,
2998 2104 3378 2177 professionis
3395 2121 3514 2160 suae
3543 2102 3785 2173 oblitus,

2129 2195 2210 2249 ait
2239 2194 2590 2250 Ammianus
2632 2193 3025 2260 Marcellinus,
3059 2210 3184 2266 qua;
3232 2191 3377 2248 nihil
3411 2191 3525 2248 nisi
3550 2193 3785 2262 justum

2129 2284 2336 2339 suadet
2364 2288 2421 2339 et
2466 2283 2612 2340 lene.
2659 2284 3016 2339 Memoratur
3049 2300 3083 2338 a
3121 2281 3357 2353 Juliano
3405 2284 3684 2355 Apostata
3712 2281 3784 2354 (ο)

2127 2372 2369 2443 quidam
2400 2378 2549 2429 Zeno
2604 2374 2891 2440 medicus,
2922 2372 3153 2445 Georgii
3186 2387 3361 2444 opera
3408 2371 3469 2425 in
3508 2369 3783 2426 exsilium

2127 2461 2331 2533 pulsus
2368 2481 2379 2517 :
2416 2463 2514 2534 qui
2540 2466 2741 2534 postea
2769 2466 3090 2531 revocatus,
3106 2478 3170 2517 ac
3202 2476 3336 2516 cum
3368 2460 3587 2516 honore
3619 2458 3785 2515 resti-

2126 2552 2291 2605 tutus
2338 2552 2410 2607 ab
2460 2553 2664 2607 eodem
2716 2551 2951 2607 Juliano
3002 2550 3130 2605 fuit.
3182 2572 3210 2600 «
3260 2550 3329 2605 Et
3377 2549 3531 2604 inter
3576 2553 3785 2605 caetera

2124 2638 2275 2706 (hac
2306 2641 2675 2713 Ammianus)
2706 2641 3009 2696 dicebatur
3040 2640 3097 2695 id
3130 2656 3365 2711 quoque
3399 2638 3654 2711 maligne
3684 2639 3783 2695 do-

2123 2728 2317 2784 cuisse
2347 2730 2775 2795 Constantium,
2811 2730 2964 2801 quod
2998 2729 3059 2784 in
3094 2729 3235 2784 urbe
3274 2728 3573 2799 praedicta,
3600 2728 3781 2783 aedifi-

2123 2817 2211 2872 cia
2241 2822 2453 2873 cuncta
2484 2818 2606 2875 solo
2659 2818 3028 2883 cohaerentia,
3063 2835 3096 2873 a
3127 2817 3426 2873 conditore
3453 2816 3780 2872 Alexandro

2124 2906 2532 2977 magnitudine
2576 2907 2946 2980 publicarum
3000 2906 3403 2978 impensarum
3462 2909 3779 2974 exstructa,

2094 3060 2097 3061 ν
2122 2996 2534 3051 emolumentis
2566 2997 2749 3052 azrarii
2780 2996 3062 3068 prolicere
3090 2995 3303 3050 debent
3332 3011 3401 3050 ex
3420 2995 3576 3065 jure.
3606 3014 3627 3045 ε
3653 2995 3780 3051 Non

2121 3084 2416 3156 cogitabat
2448 3085 2668 3141 scilicet
2700 3086 2874 3141 homo
2897 3084 3158 3157 pecuniae
3191 3100 3424 3156 semper
3456 3100 3631 3154 quam
3651 3083 3781 3140 ofﬂ-

2120 3175 2194 3228 cii
2236 3174 2524 3246 cupidior,
2560 3192 2738 3247 quam
2788 3175 2983 3246 turpia
3015 3173 3135 3243 illa,
3168 3189 3344 3245 quam
3393 3172 3583 3229 aliena
3612 3191 3647 3229 a
3676 3190 3781 3244 pa-

2120 3263 2295 3318 storis
2328 3281 2585 3319 munere.
2614 3264 2736 3319 Non
2768 3280 2965 3319 secum
2992 3262 3299 3334 reputabat
3329 3262 3387 3315 in
3411 3261 3639 3317 civitate
3658 3277 3781 3316 ver-

353 3345 1608 3423 transmitterentAlexandriam,utaGeorgio
1624 3369 1815 3407 veram
1831 3354 2006 3408 ﬁdem
2040 3340 2081 3405 C
2121 3354 2238 3407 sari
2270 3368 2350 3419 se,
2386 3369 2511 3424 quae
2542 3358 2749 3424 suopte
2782 3356 2965 3422 motu,
2993 3356 3051 3407 et
3070 3351 3168 3405 ubi
3202 3366 3390 3406 cauete
3412 3367 3528 3405 non
3559 3365 3775 3421 suppe-

352 3450 675 3506 sanamque
709 3436 1052 3509 religionem
1085 3440 1387 3495 edisceret.
1425 3440 1519 3495 lla:
1568 3442 1824 3512 profecto
1857 3441 2007 3497 litte-

350 3539 451 3589 rae,
496 3540 642 3595 quas
691 3527 763 3581 ad
816 3527 1056 3582 verbum
1109 3528 1285 3585 refert
1328 3529 1709 3595 Athanasius,
1742 3530 2006 3585 animum

350 3612 666 3683 praeferunt
698 3616 1118 3672 maledicorum
1160 3617 1672 3674 criminationibus
1703 3619 2009 3675 vehemen-

350 3705 437 3757 ter
468 3706 1012 3775 exasperatum.His
1034 3706 1311 3779 acceptis,
1334 3706 1694 3763 Athanasius
1728 3708 2013 3764 intellexit

350 3795 569 3861 quanto
610 3792 669 3847 in
719 3793 1062 3851 discrimine
1110 3801 1460 3852 versaretur.
1494 3799 1759 3868 Cumque
1807 3814 2012 3853 omnes

354 3879 552 3935 aditus
608 3883 822 3938 arduos
871 3901 973 3939 seu
1027 3885 1226 3955 potius
1277 3885 1628 3942 interclusos
1675 3887 1918 3955 videret,
1953 3887 2012 3943 in

353 3984 617 4024 eremum
649 3973 854 4042 pedem
887 3972 1108 4042 retulit,
1144 3978 1317 4045 atque
1346 3975 1621 4046 Apologiae
1651 3992 1771 4031 suae
1788 3993 1855 4031 ea
1885 3993 2012 4047 quae

354 4059 648 4129 posterius
688 4062 1089 4118 euarravimus
1140 4064 1375 4134 adjecit,
1439 4065 1537 4119 ubi
1584 4069 1641 4120 et
1686 4065 2011 4137 legitimam

354 4147 468 4202 sibi
514 4148 771 4205 adfuisse
821 4151 972 4223 fugae
1002 4169 1266 4215 causam.
1301 4169 1406 4208 nec
1438 4170 1500 4208 se
1552 4154 1742 4209 ofﬁcio
1776 4172 1882 4210 suo
1913 4156 2011 4210 de-

354 4236 541 4293 fuisse
591 4245 1033 4297 commonstrat.
1069 4241 1150 4297 De
1197 4241 1492 4313 virginum
1542 4243 1600 4297 in
1647 4243 1905 4299 Ecclesia
1934 4244 2015 4299 di-

353 4328 576 4398 gnitate
632 4332 687 4383 et
763 4330 1156 4385 sanctimonia
1213 4331 1399 4386 multa
1456 4338 1897 4403 commemorat,
1959 4338 2017 4389 et

353 4420 643 4487 quantum
676 4417 753 4472 sit
782 4418 1048 4474 criminis
1072 4418 1287 4474 Christi
1320 4437 1568 4492 sponsas
1598 4438 1633 4475 a
1662 4421 2013 4478 Christianis

349 4508 471 4560 tam
505 4505 1216 4580 iudigneexceptas,quas
1246 4507 1361 4579 ipsi
1390 4508 1635 4580 gentiles
1661 4527 1894 4565 summo
1915 4510 2016 4566 ho-

351 4594 478 4650 nori
528 4599 586 4649 et
636 4595 1013 4650 admirationi
1059 4596 1361 4652 baberent.
1408 4601 1688 4652 Caeterum
1738 4598 2015 4654 Constan-

2120 3446 2324 3509 terent,
2375 3442 2764 3497 seditionibus
2812 3440 3030 3496 crebris
3061 3439 3411 3511 agitabatur.
3454 3441 3589 3505 Quas
3633 3455 3778 3495 sane

2120 3530 2619 3587 inconsiderantia
2661 3531 2851 3586 virum
2905 3530 3141 3585 tandem
3183 3527 3432 3600 conjecit
3478 3527 3537 3583 in
3587 3527 3782 3600 perni-

2120 3620 2291 3675 ciem.

2189 3710 2278 3763 26.
2312 3709 2455 3764 Cum
2501 3709 2699 3781 itaque
2748 3707 2841 3764 bis
2872 3708 2941 3764 de
2991 3707 3190 3763 causis
3233 3706 3294 3762 in
3345 3705 3777 3763 Catholicorum

2114 3797 2283 3867 juxta
2294 3801 2350 3851 et
2371 3796 2611 3868 gentiliu
2622 3813 2679 3851 m
2693 3797 2893 3851 odium
2911 3794 3575 3865 incurrisset,concitata
3588 3793 3778 3866 plebs,

2122 3886 2448 3957 ardensque
2480 3886 2693 3955 furore,
2716 3902 2851 3941 eum
2884 3885 2944 3939 in
2975 3884 3220 3941 ecclesia
3274 3888 3542 3955 agentem
3576 3885 3782 3941 adorta

2121 3980 2229 4042 est,
2272 3991 2601 4047 parumque
2648 3975 2838 4030 abfuit
2885 3974 3027 4046 quin
3084 3973 3383 4029 hominem
3431 3974 3775 4030 trucidaret.

2120 4063 2231 4118 Vix
2287 4063 2484 4135 itaque
2558 4063 2817 4136 elapsus,
2878 4065 2949 4120 ad
3016 4063 3429 4135 imperatorem
3497 4064 3782 4135 profugus

2122 4153 2265 4208 adiit
2294 4153 2391 4225 (ἀ).
2423 4153 2570 4208 Hinc
2600 4158 2797 4209 autem
2830 4154 2967 4209 data
3007 4152 3422 4208 Athanasianis
3450 4152 3778 4223 occasione,

2123 4241 2397 4297 ecclesias
2428 4241 2563 4313 ipsi,
2598 4243 2817 4297 exactis
2846 4241 3099 4307 Arianis,
3132 4242 3324 4297 denuo
3355 4241 3778 4309 obtinuerunt;

2123 4329 2338 4401 quibus
2355 4335 2552 4385 tamen
2586 4346 2698 4385 non
2732 4330 2832 4385 diu
2862 4329 3091 4385 licitum
3110 4328 3221 4385 fuit
3240 4335 3558 4385 conventus
3579 4329 3639 4385 in
3659 4328 3783 4385 illis

2122 4418 2432 4474 celebrare.
2464 4417 2876 4474 Alexandriam
2907 4419 3068 4474 enim
3101 4418 3427 4474 concedens
3459 4419 3578 4473 dux
3608 4419 3778 4491 Egy-

2123 4509 2227 4580 pti,
2260 4507 2575 4564 Catholicis
2617 4512 2849 4580 ereptas
2882 4508 3099 4563 iterum
3150 4507 3331 4562 tradit
3358 4506 3609 4563 Arianis.
3642 4511 3783 4563 Post

2123 4597 2244 4652 haec
2274 4598 2495 4653 missus
2525 4598 2597 4653 ab
2646 4596 2999 4669 imperatore
3030 4596 3325 4661 Notarius,
3359 4595 3458 4668 qui
3510 4597 3582 4652 de
3631 4596 3781 4653 sedi-

347 4683 469 4739 tius
505 4699 573 4739 ea
599 4683 830 4739 feritate
862 4689 1094 4751 erat,ut
1117 4686 1355 4757 juberet
1392 4691 1495 4741 aut
1525 4688 1737 4743 adduci
1760 4687 2014 4743 Athana-
2047 4708 2092 4772 D
2125 4684 2293 4741 tiosis
2334 4702 2533 4758 pcenas
2580 4689 2936 4757 exposceret,
2998 4684 3214 4740 multos
3257 4683 3784 4740 Alexandrinorum

351 4772 533 4840 sium,
566 4777 668 4827 aut
717 4774 908 4829 afferri
961 4778 1138 4847 caput
1183 4777 1335 4846 ejus,
1366 4792 1581 4847 magna
1630 4777 1923 4846 promissa
1964 4776 2017 4831 ei

352 4861 455 4933 qui
495 4862 553 4916 id
587 4866 782 4932 ageret
814 4864 1080 4920 mercede
1110 4864 1207 4936 (α).

426 4951 519 5004 25.
547 4953 770 5020 Georgii
798 4954 1035 5007 avaritia
1056 4957 1105 5008 et
1128 4955 1510 5009 immam'tas.A
1542 4955 1694 5026 plebe
1721 4956 1914 5027 pulsus
1956 4957 2015 5010 in

355 5039 538 5094 sedem
581 5039 910 5095 restituitur.
947 5072 1011 5082 —
1052 5044 1277 5099 Interea
1325 5044 1605 5115 Georgius
1648 5045 1831 5101 fretus
1878 5049 2019 5100 Con-

361 5126 565 5182 stantii
605 5126 812 5200 gratia,
848 5146 979 5185 cum
1030 5131 1156 5187 sine
1190 5131 1407 5201 injuria
1453 5136 1799 5202 potestatem
1832 5133 2017 5189 levem

361 5221 537 5288 atque
598 5217 832 5289 inopem
883 5220 1285 5288 arbitraretur,
1340 5221 1626 5275 exactoris
1675 5238 1740 5276 ac
1786 5222 2043 5293 tyranni'

360 5306 552 5378 magis
583 5323 761 5377 quam
816 5307 1075 5379 episcopi
1125 5326 1344 5364 munus
1392 5310 1615 5379 agebat,
1651 5310 1883 5381 vimque
1914 5310 2019 5366 toti

358 5395 579 5453 civitati
612 5412 679 5452 ac
709 5397 927 5470 populo
954 5397 1239 5454 inferebat
1262 5404 1327 5454 ut
1356 5398 1531 5454 etiam
1564 5398 1811 5465 civibus,
1825 5404 2024 5472 erepta

454 5647 508 5711 a)
541 5645 897 5719 'gl‘heod.,lib.
933 5665 994 5709 II.
1028 5665 1154 5719 cap.
1192 5649 1279 5703 14.

456 5719 508 5787 b)
543 5717 872 5797 _Ruﬁn_._lib.
908 5736 968 5797 _I_,_
997 5717 1265 5797 cap—:23;
1311 5718 1481 5795 Greg.
1513 5718 1652 5780 Naz.
1704 5724 1855 5780 orat.
1908 5722 1974 5780 21
2003 5739 2017 5797 ε

356 5788 682 5853 Ammiam.
714 5788 1197 5871 Marcellin.,'lib.
1227 5807 1369 5855 χχιι.

2126 4775 2546 4830 excruciandos
2624 4775 3084 4845 verberibusque
3160 4774 3463 4829 caedendos
3520 4774 3782 4830 tradidit.

2130 4863 2367 4920 Pulsum
2400 4863 2715 4935 Georgium
2756 4867 3046 4919 memorat
3091 4879 3225 4919 cum
3257 4861 3575 4919 Sozomeno
3606 4862 3785 4918 Atha-

2127 4953 2333 5009 nasius
2379 4953 2437 5006 in
2466 4952 2629 5007 'libro
2667 4954 2742 5008 De
2784 4952 3029 5025 synodis.
3062 4952 3259 5024 Neque
3304 4951 3390 5006 ita
3435 4951 3619 5007 multo
3651 4956 3785 5024 post

2128 5042 2256 5114 ipse
2287 5040 2573 5113 Georgius
2604 5057 2912 5114 regressus
2942 5040 3375 5108 Alexandriam,
3397 5056 3625 5096 memor
3653 5041 3784 5111 ejus

2131 5148 2246 5204 quo
2291 5132 2632 5202 perfunctus
2682 5134 2806 5185 erat
2834 5129 3100 5202 periculi,
3134 5132 3344 5185 ardens
3391 5129 3657 5185 vindicta}
3683 5145 3784 5185 cu-

2130 5220 2392 5292 piditate,
2428 5218 2615 5275 multo
2642 5219 2809 5291 plura
2840 5236 3015 5291 quam
3047 5224 3181 5275 ante
3213 5218 3368 5273 mala
3397 5218 3571 5273 infert
3601 5234 3784 5291 popu-

2129 5309 2219 5365 lis.
2260 5309 2485 5373 Quibus
2514 5308 2625 5381 ipsi
2670 5308 3104 5364 calamitatibus
3152 5307 3341 5380 magis
3371 5308 3678 5381 magisque
3708 5308 3781 5364 ad

2129 5398 2276 5455 iram
2308 5397 2557 5466 ascensi,
2574 5396 2873 5453 hominem
2904 5413 3010 5454 ceu
3031 5402 3254 5469 pestem
3278 5397 3596 5470 quamdam
3623 5412 3787 5470 pero-

2132 5649 2280 5861 ml?)
2306 5648 2632 5779 ﬁliifilii);
2659 5717 2902 5799 synodis,
2935 5735 2995 5790 n,
3027 5717 3098 5775 37
3121 5735 3135 5790 ;
3157 5721 3383 5780 Sozom.
3418 5719 3617 5797 lib.v1,
3651 5735 3785 5801 cap.
