4166 6410
1678 433 1866 504 VITA
1908 435 1976 502 Β.
2019 435 2468 509 ATHANASII.

3512 444 3762 518 cxxxvﬂ

341 566 619 628 strenuus
645 562 859 626 vindex
890 565 1097 638 fuerat,
1143 566 1512 642 imperatoris
1561 570 1758 644 gratiae
1811 589 1990 628 aucu-
2022 574 2076 642 Α
2107 575 2364 650 itemque
2404 579 2661 649 Ursacio,
2695 579 2924 640 Valenti
2975 598 3041 640 ac
3089 580 3384 643 Germinio
3414 585 3759 646 Arianorum

341 658 545 730 panda:
577 676 758 715 causa
786 659 948 714 illam
983 659 1254 732 prodidit,
1279 660 1626 732 Arianisque
1659 679 1784 717 sese
1811 663 1992 718 socie-

338 752 456 803 tate
500 748 718 820 junxit.
773 749 835 804 In
905 752 1075 819 cujus
1139 750 1627 821 praevaricationis
1686 752 1992 823 prmmium

336 837 518 893 fundo
551 838 760 906 ﬁscali,
793 840 887 894 cui
916 839 1256 909 cupiditatis
1307 839 1506 894 oculos
1540 840 1856 909 adiecerat,
1891 841 1993 895 do-

335 930 512 982 natus
558 932 666 982 est.
731 930 852 993 Quo
916 929 1154 992 factum,
1213 932 1277 982 ut
1310 929 1523 983 Hosius
1567 929 1896 984 Potamium
1930 933 1995 983 ut

333 1015 585 1088 impium
617 1020 674 1072 et
703 1016 1039 1071 haereticum
1066 1018 1394 1071 traduceret
1423 1017 1865 1088 ubique.Neque
1895 1018 1994 1073 bo-

331 1106 426 1160 nis
457 1106 935 1178 tantaimpietate
959 1106 1140 1176 partis
1166 1105 1276 1160 frui
1311 1106 1567 1161 Potamio
1620 1107 1804 1160 licuit.
1837 1107 1986 1162 Dum

333 1194 490 1249 enim
523 1193 688 1250 fundi
723 1195 1037 1267 recipiendi
1071 1212 1247 1250 causa
1303 1199 1593 1267 properat,
1630 1195 1828 1251 divina
1860 1214 1987 1267 per-

334 1299 546 1339 cussus
581 1283 822 1348 ultione,
852 1283 1045 1340 ulcere
1078 1283 1340 1355 linguam
1374 1285 1734 1350 corrodente,
1757 1290 1989 1340 uectum

331 1377 644 1445 conspecto
676 1372 910 1444 przedio,
945 1373 1099 1427 diem
1132 1373 1275 1427 obiit
1305 1377 1654 1427 extremum.

405 1480 456 1534 4.
505 1481 660 1535 Hosii
705 1480 917 1548 laps-us.
955 1510 1019 1519 —
1049 1479 1156 1532 Tot
1204 1479 1481 1549 postratis
1535 1479 1990 1551 subornatisque

327 1568 592 1624 veritatis
621 1568 954 1623 vindicibus
988 1567 1389 1638 Constantius,
1424 1568 1494 1622 ad
1523 1569 1764 1623 Hosium
1799 1585 1832 1622 a
1879 1570 1990 1640 pri-

331 1656 486 1713 stino
517 1657 762 1713 consilio
783 1658 1220 1712 deturbandum
1246 1674 1478 1728 semper
1502 1657 1986 1724 intentus,senem

333 1763 487 1802 anno
522 1746 746 1819 integro
777 1746 974 1802 Sirmii
1013 1747 1201 1818 patria
1232 1753 1520 1801 extorrem
1555 1747 1827 1802 detinuit.
1864 1749 1987 1804 Non

332 1833 431 1891 ille
460 1835 568 1890 viri
599 1835 1019 1900 canitiem,non
1048 1835 1419 1905 dignitatem,
1456 1852 1645 1907 neque
1677 1843 1984 1909 paternum

331 1941 471 1997 erga
512 1925 758 1981 Hosium
806 1942 1066 1980 amorem
1116 1929 1204 1980 est
1254 1924 1536 1980 reveritus
1586 1925 1672 1978 vir
1712 1925 1984 1982 inhuma-

329 2031 476 2082 nus;
507 2015 604 2070 sed
641 2015 924 2085 majorem
961 2014 1313 2081 centenario,
1353 2031 1463 2069 non
1497 2015 1698 2070 exsilio
1728 2019 1982 2084 tantum,

335 2105 436 2159 sed
469 2104 864 2170 contumeliis,
897 2103 1259 2171 verberibus,
1296 2104 1485 2175 plagis
1515 2103 1734 2159 at‘ﬁcire
1764 2109 1854 2160 est
1883 2122 1985 2159 au-

332 2210 458 2249 sus.
488 2194 550 2248 In
574 2200 855 2265 cognatos
876 2199 1071 2248 autem
1095 2195 1223 2264 ejus
1245 2192 1493 2248 crimina
1514 2194 1743 2265 ﬁngunt
1767 2193 1986 2263 Ariani,

326 2283 549 2338 strenui
597 2284 1026 2351 calumniarum
1076 2284 1349 2352 artifices,
1376 2286 1439 2336 ut
1469 2283 1594 2336 suis
1627 2300 1986 2354 suorumque

326 2371 502 2426 malis
525 2375 650 2443 jam
703 2375 865 2429 senio
911 2374 1212 2428 confectus
1260 2372 1434 2426 homo
1479 2372 1864 2442 frangeretur,
1911 2373 1983 2426 ad

326 2477 590 2532 suasque
612 2469 807 2532 partes
859 2461 1391 2527 deficeret.Quibus
1422 2463 1657 2516 tandem
1681 2461 1982 2517 calamita-

324 2548 485 2605 tibus
542 2567 858 2623 oppressus
908 2553 1122 2606 Hosius
1169 2567 1235 2606 eo
1268 2551 1558 2606 adductus
1589 2555 1696 2618 est,
1754 2556 1818 2605 ut
1847 2567 1981 2606 cum

323 2637 562 2694 Ursacio
595 2645 650 2694 et
684 2640 916 2696 Valente
949 2640 1122 2696 iniret
1157 2639 1590 2695 communionis
1621 2639 1980 2708 societatem,

321 2726 627 2783 Sirmiensi
682 2729 815 2783 ﬁdei
869 2729 1284 2795 subscriberet,
1332 2745 1435 2782 nec
1469 2733 1661 2782 tamen
1717 2746 1978 2800 unquam

319 2815 609 2872 calculum
645 2819 820 2873 ferret
851 2818 909 2872 in
959 2817 1368 2884 Athanasium,
1404 2818 1558 2889 quod
1593 2819 1981 2890 peroptabant

317 2905 542 2962 Ariani.
584 2907 664 2962 De
696 2909 864 2979 cujus
896 2908 1063 2980 lapsu
1089 2924 1122 2962 a
1153 2906 1357 2962 multis
1389 2907 1495 2962 hoc
1526 2907 1737 2962 saaculo
1771 2908 1978 2980 dispu-

317 2998 506 3050 tatum
540 3003 648 3051 est.
685 2998 837 3052 Sunt
867 2998 966 3069 qui
998 2997 1412 3060 dicant,virum
1439 2995 1496 3050 id
1528 2998 1714 3052 {etatis
1743 3015 1853 3051 non
1889 3001 1980 3053 sat

316 3085 538 3140 mentis
590 3092 920 3157 compotem
961 3093 1085 3140 tum
1139 3085 1340 3156 fuisse,
1393 3085 1491 3141 sed
1541 3085 1873 3141 calamitate
1923 3091 1981 3141 et

317 3173 481 3229 senio
539 3175 913 3230 debilitatum
965 3176 1034 3230 ad
1086 3174 1456 3247 imperatoris
1488 3175 1851 3230 conditiones
1882 3193 1976 3231 ve-

319 3261 599 3318 nisse.Ait
620 3281 792 3335 porro
814 3263 1172 3319 Athanasius
1213 3263 1740 3330 Hosium,instante
1767 3271 1971 3333 morte,

2104 671 2163 722 in
2198 668 2503 726 Occidente
2534 673 2934 746 antesignanis
2988 691 3000 730 :
3045 691 3180 732 cum
3213 677 3424 747 probro
3459 682 3633 750 atque
3659 680 3761 736 de-

2104 757 2310 811 decore
2344 760 2590 816 fractum
2625 765 3036 835 abjectumque
3063 782 3191 820 sese
3221 765 3758 837 indicans,damna-

2103 849 2278 916 toque
2310 849 2647 916 Athanasio,
2683 853 2927 925 supplex
2960 855 3268 926 postulans
3299 857 3382 911 eis
3413 857 3673 913 amicitia
3701 861 3759 914 et

2103 939 2514 994 communione
2570 943 2831 1014 adjungi.
2890 945 3082 1016 Usque
3134 962 3198 1000 eo
3232 945 3363 1016 plus
3397 948 3551 1017 apud
3585 946 3756 1003 illum

2103 1025 2292 1096 potuit
2336 1044 2502 1082 amor
2549 1032 2746 1102 patriae
2787 1037 2844 1087 et
2901 1034 3056 1088 sedis
3101 1036 3510 1106 recuperandae
3551 1035 3752 1108 libido,

2103 1130 2280 1184 quam
2313 1117 2489 1170 ofﬁcii
2549 1137 2614 1173 ac
2645 1122 2944 1191 praeteritae
2975 1122 3168 1178 laudis
3217 1128 3275 1179 et
3305 1125 3754 1184 existimationis

2101 1205 2443 1260 recordatio.
2480 1207 2716 1265 Ursacio
2776 1216 2972 1266 autem
3034 1217 3089 1266 et
3145 1213 3317 1268 sociis
3379 1231 3482 1285 pro
3517 1214 3749 1273 Liberio

2101 1289 2508 1363 imperatorem
2543 1299 2906 1370 rogantibus,
2924 1301 3161 1356 demum
3195 1302 3308 1373 ipsi
3338 1303 3396 1358 in
3430 1303 3750 1361 Ecclesiam

2100 1385 2421 1439 revertendi
2457 1387 2623 1458 copia
2655 1389 2807 1444 facta
2836 1395 2945 1444 est.

2171 1479 2330 1528 ANNO
2361 1476 2484 1530 358.
2520 1509 2587 1515 ——
2645 1480 2692 1532 1.
2752 1479 3053 1536 Athanasii
3081 1481 3343 1552 Apologia
3369 1483 3436 1537 de
3464 1485 3600 1553 fuga
3627 1500 3752 1542 sua.

2099 1591 2166 1598 —-
2202 1563 2356 1616 Inter
2386 1563 2507 1619 haec
2571 1567 2929 1624 Athanasius
2985 1570 3044 1624 in
3087 1569 3497 1626 secretioribus
3527 1571 3754 1645 Egypti

2096 1649 2239 1705 locis
2270 1652 2510 1724 degens,
2572 1657 3113 1730 monachorumque
3161 1663 3392 1714 tantum
3426 1663 3608 1716 ccetus
3641 1663 3752 1718 fre-

2099 1744 2412 1811 quentans,
2447 1745 2734 1816 comperit
2782 1747 3090 1802 Leontium
3124 1748 3578 1820 Antiochenum,
3611 1751 3754 1807 Nar-

2099 1830 2320 1885 cissum
2349 1833 2716 1901 Neroniadis,
2751 1837 3061 1909 Georgium
3124 1839 3541 1905 Laodicenum,
3581 1844 3750 1898 crete-

2097 1935 2310 1991 rosque
2342 1922 2588 1979 Arianos
2620 1927 2832 1996 probra
2863 1932 2918 1981 et
2965 1927 3216 1982 convitia
3261 1927 3442 1982 multa
3483 1945 3752 2002 spargere

2099 2007 2158 2061 in
2215 2009 2412 2081 fugam
2459 2013 2669 2084 ipsius,
2721 2032 2786 2070 ac
2838 2016 3172 2071 timiditatis
3223 2017 3417 2088 ipsum
3452 2034 3749 2090 accusare,

2099 2100 2254 2168 quod
2300 2100 2612 2158 formidine
2661 2105 2866 2161 mortis
2897 2123 3180 2176 percusus
3226 2122 3288 2161 se
3333 2105 3742 2179 proripuisset.

2097 2186 2354 2250 Quorum
2385 2190 2483 2250 ille
2517 2191 2828 2248 maledicta
2874 2199 2938 2249 ut
2997 2195 3386 2267 propulsaret,
3422 2196 3745 2267 elegantem

2095 2277 2278 2332 edidit
2307 2280 2668 2352 apologiam;
2705 2284 2802 2338 ubi
2835 2283 2987 2339 salse
3019 2286 3090 2339 ab
3139 2285 3373 2340 exordio
3403 2285 3610 2340 irridet
3640 2285 3746 2340 ho-

2096 2366 2323 2422 minum
2359 2371 2699 2437 amentiam,
2733 2373 2835 2444 qui
2868 2390 2932 2428 eo
2966 2373 3226 2441 consilio,
3261 2391 3328 2429 ea
3365 2391 3466 2445 spe
3514 2373 3626 2429 sibi
3660 2375 3748 2428 fu-

2093 2471 2227 2526 gam
2262 2457 2754 2532 formidinemque
2778 2463 3214 2532 exprobrarent,
3243 2466 3308 2516 ut
3339 2463 3560 2532 pudore
3588 2462 3749 2532 ejus-

2095 2544 2250 2598 modi
2283 2547 2540 2612 convitii,
2575 2549 2726 2604 ultro
2761 2550 2904 2621 ipsis
2937 2555 3286 2606 occurreret.
3350 2551 3559 2608 Narrat
3608 2568 3745 2607 vero

2090 2635 2327 2703 quantis
2361 2652 2459 2692 eos
2492 2637 2660 2693 malis
2695 2639 3012 2707 affecerint,
3038 2657 3186 2712 quos
3227 2657 3428 2696 secum
3460 2658 3574 2695 non
3609 2657 3746 2696 con-

2092 2723 2308 2778 sentire
2341 2726 2884 2798 deprehendissent,
2911 2729 3201 2784 Liberium
3226 2729 3744 2798 scilicet,Hosium,

2090 2811 2353 2884 aliosque
2420 2816 2764 2886 permultos.
2826 2819 3138 2874 Contendit
3194 2836 3297 2890 per
3350 2818 3746 2892 evangelicam

2089 2903 2350 2973 regulam
2384 2906 2589 2971 cuique
2619 2906 2791 2963 licere
2822 2908 2989 2978 capiti
3021 2913 3077 2962 et
3106 2907 3280 2963 saluti
3342 2926 3459 2963 sure
3517 2907 3746 2980 prospi-

2089 3007 2233 3046 cere.
2270 2994 2608 3066 Exemplum
2644 2998 2810 3052 ail‘ert
2835 3002 3096 3053 veterum
3139 3002 3398 3064 Patrum,
3433 2997 3745 3070 propheta-

2089 3099 2242 3150 rum,
2303 3084 2722 3153 apostolorum,
2784 3087 2900 3141 imo
2959 3087 3147 3157 ipsius
3206 3086 3442 3155 Christi,
3494 3085 3595 3158 qui
3627 3103 3743 3142 non

2088 3171 2280 3227 solum
2303 3174 2502 3228 docuit
2521 3192 2648 3230 esse
2671 3176 3092 3247 persecutionis
3111 3182 3373 3248 tempore
3397 3176 3741 3248 fugiendum

2088 3259 2159 3312 ab
2191 3259 2302 3314 alia
2357 3260 2416 3315 in
2449 3261 2622 3316 aliam
2680 3263 2996 3331 civitatem,
3049 3265 3147 3318 sed
3185 3267 3241 3318 et
3278 3264 3404 3334 ipse
3435 3264 3507 3318 ad
3539 3279 3740 3318 necem

317 3351 438 3406 vim
470 3351 582 3406 sibi
612 3329 834 3408 illatam
869 3354 1037 3425 quasi
1070 3357 1422 3408 testamento
1454 3329 1974 3423 declarasse,Aria;
2005 3329 2046 3395 C
2088 3348 2640 3419 conquisitus,haud
2673 3351 2848 3407 semel
2884 3370 2944 3407 se
2978 3329 3268 3424 proripuit
3296 3329 3738 3415 insidiantibus.

320 3456 458 3495 nam
491 3441 759 3498 heresim
793 3443 1018 3498 feriisse
1050 3442 1443 3503 anathemate,
1505 3441 1870 3513 vetuisseque
1904 3459 1974 3499 ne

317 3529 452 3602 quis
483 3529 646 3587 illam
677 3532 979 3602 reciperet.
1011 3530 1136 3586 Non
1161 3531 1375 3585 desunt
1407 3536 1602 3585 tamen
1635 3530 1735 3601 qui
1768 3532 1840 3586 de
1869 3531 1974 3587 Ho-

319 3617 393 3674 sii
434 3621 777 3691 poenitentia
816 3620 1240 3675 controversias
1299 3626 1590 3674 moveant.
1669 3619 1784 3674 Nos
1835 3637 1869 3674 a
1917 3638 1974 3675 re.

321 3708 578 3765 multum
604 3710 908 3781 implicata
941 3708 1207 3765 consulto
1239 3709 1540 3763 brevitatis
1572 3725 1751 3764 causa
1788 3710 1972 3764 absti-

319 3813 549 3853 nemus.
580 3799 878 3854 Adeantur
908 3799 946 3852 ii
987 3798 1204 3870 quibus
1250 3799 1329 3852 rei
1393 3797 1581 3853 fusius
1616 3800 1973 3854 tranctandae

318 3886 506 3943 otium
539 3888 667 3944 fuit.

387 4004 442 4058 5.
476 4004 683 4060 Liberii
712 4005 917 4075 lapsus.
951 4034 1020 4044 —-
1060 4003 1218 4060 Hosii
1254 4003 1786 4075 praevaricationem
1819 4003 1976 4058 haud

316 4091 400 4149 ita
429 4094 615 4149 multo
647 4099 780 4166 post
837 4093 1190 4149 subsecutus
1233 4097 1322 4149 est
1353 4093 1563 4148 Liberii
1593 4091 1794 4164 lapsus
1829 4110 1842 4148 :
1877 4093 1977 4164 qui

319 4199 456 4239 cum
488 4182 740 4256 priorem
772 4182 1093 4238 vexationis
1125 4186 1530 4254 tempestatem
1565 4182 1789 4237 fortiter
1813 4183 1979 4238 tulis-

321 4278 428 4340 set,
461 4273 685 4328 fractus
717 4273 956 4327 demum
1016 4270 1400 4326 diuturnitate
1448 4287 1512 4325 ac
1561 4271 1733 4325 taedio
1765 4270 1978 4340 exsilii,

322 4361 502 4418 minis
531 4362 902 4427 Arianorum,
928 4360 1053 4416 suis
1084 4376 1447 4431 suorumque
1476 4360 1977 4426 aerumnis,remo-

320 4450 480 4507 tione
510 4450 912 4516 familiarium,
947 4448 1140 4503 aemuli
1173 4449 1311 4504 item
1340 4449 1430 4504 sui
1457 4448 1730 4504 felicitate
1754 4455 1978 4505 stoma-

320 4539 550 4607 chatus,
576 4541 704 4612 jam
735 4540 804 4595 ad
838 4537 1242 4594 simulandum
1273 4537 1627 4606 declinabat,
1648 4554 1781 4592 cum
1818 4555 1976 4594 acce-

322 4629 467 4686 dens
500 4630 958 4686 Fortunatianus
1015 4626 1408 4700 Aquileiensis
1465 4626 1711 4682 dubium
1768 4627 1979 4684 Liberii

2083 3437 2352 3504 Demum,
2387 3439 2715 3512 apologiam
2776 3441 3080 3510 claudens,
3129 3445 3394 3498 enarrrat
3424 3458 3538 3513 quo
3572 3445 3741 3514 pacto

2084 3525 2326 3581 obsessa
2355 3544 2388 3582 a
2429 3529 2672 3601 Syriano
2709 3531 2856 3585 duce
2887 3529 3150 3596 ecclesia,
3197 3531 3256 3586 in
3303 3548 3418 3602 qua
3475 3529 3572 3585 ille
3611 3533 3742 3586 tum

2083 3617 2444 3686 versabatur,
2480 3620 2733 3689 portenti
2770 3636 2836 3674 ac
2866 3619 3118 3691 prodigii
3159 3619 3352 3676 simile
3380 3619 3552 3675 fuerit
3584 3620 3742 3690 quod

2085 3705 2201 3759 Deo
2234 3705 2554 3776 opitulante
2585 3713 2816 3763 tantum
2850 3709 3166 3764 declinaret
3207 3707 3556 3781 periculum.

2157 3815 2210 3865 2.
2247 3814 2491 3883 Epistola
2548 3816 2677 3887 item
2732 3826 2783 3870 et
2833 3818 3075 3872 Historia
3106 3816 3177 3871 ad
3224 3817 3534 3871 monachos.
3576 3845 3646 3855 ——
3699 3815 3748 3871 A

2089 3902 2392 3956 monachis
2424 3907 2618 3958 autem
2667 3905 2999 3977 frequenter
3025 3909 3261 3976 rogatus
3295 3904 3651 3960 Athanasius
3683 3908 3750 3959 ut

2090 4007 2286 4045 rerum
2319 3991 2428 4046 sibi
2454 3994 2526 4047 ab
2561 3993 2794 4049 Arianis
2826 3998 3120 4064 gestarum
3145 3993 3534 4066 Ecclesizeque
3559 3993 3748 4050 histo-

2089 4081 2233 4135 riam
2269 4082 2715 4152 transmitteret,
2749 4101 2976 4139 necnon
3023 4083 3371 4139 Arianorum
3405 4084 3749 4156 dogmatum

2091 4170 2571 4232 confutationem.
2607 4189 2808 4227 eorum
2841 4173 2938 4228 ille
2969 4175 3187 4245 optatis
3221 4173 3564 4239 obsecutus,
3598 4170 3754 4227 Aria-

2091 4259 2266 4314 nismi
2320 4261 2390 4315 ad
2445 4260 2590 4315 illud
2641 4279 2830 4333 usque
2878 4267 3113 4334 tempus
3176 4261 3485 4317 historiam
3532 4259 3750 4332 scripto

2092 4349 2411 4413 mandavit,
2444 4351 2600 4404 unde
2631 4367 2736 4405 nos
2768 4368 2969 4406 eorum
3004 4368 3130 4422 quae
3162 4350 3449 4405 hactenus
3481 4352 3754 4406 enarrata

2091 4443 2232 4492 sunt
2254 4437 2570 4493 maximam
2588 4444 2813 4510 partem
2833 4439 3337 4494 hausimus.Misit
3355 4439 3493 4493 item
3508 4437 3750 4504 librum,

2092 4544 2207 4598 quo
2224 4527 2426 4598 paucis
2448 4527 2837 4600 impugnabat
2852 4528 3135 4584 haereseos
3153 4527 3376 4582 Arianae
3397 4529 3749 4582 commenta.

2090 4617 2161 4671 Et
2192 4617 2456 4688 rogabat,
2515 4634 2631 4687 qua
2675 4623 2799 4672 erat
2829 4617 3010 4672 animi
3056 4617 3464 4688 temperantia,
3498 4622 3563 4670 ut
3593 4619 3752 4687 post-

320 4719 614 4786 animum,
649 4719 721 4775 ad
752 4719 1075 4775 ineundum
1107 4734 1239 4772 cum
1273 4717 1505 4772 Arianis
1535 4718 1876 4774 societatem
1926 4725 1984 4775 et
2013 4707 2060 4772 Β
2095 4721 2272 4774 quam
2310 4703 2589 4775 legissent
2619 4704 2993 4776 ορίιεθυίιιων
3056 4704 3169 4760 Sibi
3229 4704 3612 4775 remitterent,
3647 4721 3752 4760 Πθο

323 4810 733 4882 denegandam
790 4807 1110 4864 Athanasio
1188 4807 1663 4863 communionem
1725 4809 1982 4863 deduxit.

323 4897 579 4968 Moxque
625 4897 724 4953 ille
774 4915 807 4953 a
859 4895 1202 4970 Demophilo
1253 4897 1543 4952 Berceensi
1575 4896 1836 4952 oblatam
1867 4899 1988 4953 Sir-

325 4987 616 5044 miensem
651 4987 979 5057 ﬁdem,sive
1012 4986 1207 5057 potius
1237 4986 1858 5059 perﬁdiam,suti'ragio
1881 5005 1987 5043 suo

325 5075 905 5148 munivit,pollicitus
938 5076 1163 5131 nullam
1196 5092 1257 5131 se
1289 5092 1423 5130 cum
1455 5076 1770 5131 Athanasio
1803 5078 1986 5132 socie-

321 5169 513 5222 tatem
545 5167 1093 5222 communionemve
1124 5165 1547 5220 admissurum.
1583 5167 1801 5220 Exinde
1830 5165 1988 5222 litte-

327 5273 425 5312 ras
456 5255 558 5311 dat
588 5256 660 5310 ad
691 5255 1102 5312 Constantium
1139 5254 1481 5320 mittendas,
1515 5254 1608 5309 cui
1642 5259 1895 5309 testatur
1927 5273 1988 5311 se

316 5346 447 5418 jam
478 5346 635 5402 dicto
677 5345 1014 5401 audientem
1062 5361 1210 5410 esse,
1247 5343 1527 5398 damnare
1578 5344 1987 5415 Athanasium,

325 5435 550 5509 precari
603 5435 812 5507 legatis
843 5435 989 5505 suis,
1024 5432 1156 5500 sibi,
1186 5432 1318 5487 aliis
1341 5431 1641 5487 exsulibus
1699 5433 1990 5506 episcopis

323 5523 684 5598 remigrandi
717 5525 789 5578 ab
821 5523 1026 5580 exsilio
1085 5521 1443 5577 facultatem.
1507 5522 1623 5577 Nec
1661 5527 1856 5578 tamen
1892 5523 1989 5579 ille

324 5614 507 5669 tantis
541 5613 722 5670 animi
753 5612 996 5668 emolliti
1054 5609 1587 5686 significationibus
1619 5612 1988 5683 postulatum

324 5703 525 5761 statim
583 5709 673 5759 est
733 5707 1062 5760 assecutus.
1123 5703 1311 5767 Quare
1363 5699 1750 5757 diuturnioris
1813 5720 1989 5758 morae

322 5790 893 5865 impatiens,litteras
919 5788 1320 5848 Orientalibus
1351 5788 1642 5862 episcopis
1664 5789 1998 5864 rescripsitf

2099 4793 2352 4864 cuipiam
2397 4793 2706 4864 legendum
2769 4794 3229 4850 commodarent.
3291 4798 3417 4849 Non
3459 4794 3638 4860 enim,
3669 4792 3755 4848 in-

2099 4883 2248 4954 quit,
2281 4887 2474 4938 tutum
2507 4887 2596 4937 est
2627 4887 2894 4938 nostrum
2917 4882 3372 4940 balbutientium
3406 4887 3463 4938 et
3490 4882 3752 4938 indocto-

2100 4989 2228 5026 rum
2266 4970 2491 5026 litteras
2523 4971 2590 5025 ad
2627 4976 2889 5044 posteros
2921 4973 3242 5044 pervenire.
3274 4973 3416 5026 Eam
3437 4987 3568 5026 vero
3599 4970 3756 5026 Aria-

2101 5061 2276 5115 nismi
2302 5061 2760 5115 confutationem
2787 5061 3020 5133 penitus
3052 5060 3344 5116 interiisse
3375 5059 3752 5114 arbitramur.

2100 5149 2340 5204 Diversa
2371 5149 2522 5204 enim
2558 5166 2800 5221 prorsus
2845 5155 2971 5204 erat
3031 5151 3102 5205 ab
3149 5148 3510 5204 orationibus
3555 5150 3760 5204 contra

2100 5239 2346 5293 Arianos
2377 5243 2433 5293 et
2466 5239 2536 5294 ab
2567 5238 2817 5310 epistola
2850 5240 3108 5294 secunda
3159 5239 3229 5292 ad
3261 5239 3661 5310 Serapionem,
3693 5240 3761 5292 ut

2102 5328 2372 5400 pluribus
2404 5326 2541 5383 alibi
2573 5333 3086 5383 commonstratur.

2175 5436 2227 5490 3.
2263 5435 2505 5505 Epistula
2553 5434 2625 5488 ad
2683 5433 3038 5504 Serapionem
3067 5434 3132 5490 de
3168 5437 3345 5489 morte
3374 5434 3511 5488 Arii.
3543 5464 3612 5472 —
3642 5432 3758 5488 Ne-

2101 5541 2214 5596 que
2245 5524 2326 5578 ita
2358 5523 2540 5577 multo
2598 5529 2730 5593 post
2787 5523 3020 5589 accidit,
3054 5529 3119 5577 ut
3167 5540 3298 5577 cum
3361 5521 3642 5592 Serapion
3702 5525 3759 5577 et

2102 5613 2197 5668 alii
2233 5612 2470 5684 quidam
2493 5611 2950 5682 disputationem
2975 5611 3332 5677 inissent,ibi
3355 5609 3758 5666 controversiae

2100 5703 2277 5756 ﬁnem
2321 5702 2596 5766 facerent,
2632 5717 2702 5755 an
2736 5699 3005 5756 Ecclesiae
3046 5701 3462 5756 communione
3510 5700 3759 5768 junctus

2101 5789 2345 5846 obiisset
2380 5787 2568 5856 Arius,
2603 5804 2730 5860 quae
2764 5804 2855 5842 res
2887 5787 2946 5842 in
2976 5787 3239 5860 proximo
3273 5802 3591 5860 congressu
3624 5801 3755 5841 ver-
