4166 6452
461 464 746 520 CXXXVIII

1858 448 2471 521 PROLEGOMENA.

457 591 638 646 mnda
689 595 831 649 erat.
881 589 1244 665 Interpositis
1301 591 1372 648 ad
1432 591 1814 664 quaestionem
1874 593 2102 664 diebus,
2133 591 2566 669 Apraepostere
2595 596 2897 666 sentirent,
2952 602 3017 654 ut
3073 613 3188 654 non
3247 594 3420 655 modo
3461 613 3586 655 rem
3617 600 3874 655 creatam

460 681 848 738 Athanasium
883 681 1161 754 Serapion
1187 682 1780 754 rogavit,Arianorum
1805 683 2109 738 historiam

460 777 519 828 et
548 772 862 828 Arianismi
909 772 1363 828 confutationem
1421 773 1679 828 mitteret
1712 774 1844 838 sibi,
1897 791 1963 828 ac
1995 790 2111 828 una

461 865 977 935 percontatusgest,
1011 878 1140 934 qum
1169 863 1314 916 ratio
1350 862 1555 917 mortis
1594 862 1733 929 Arii,
1771 863 1909 934 quid
1941 880 2009 917 ea
2040 863 2110 917 de

461 967 524 1007 re
553 951 677 1024 ipse
705 951 1238 1023 comperisset.Duo
1269 952 1507 1022 quidem
1535 953 1828 1024 postulata
1859 952 2112 1007 libenter

460 1041 801 1113 exsequitur
829 1041 1582 1110 Athanasius,transmissis
1613 1042 1684 1097 iis
1716 1060 1843 1114 quze
1879 1043 1947 1097 ad
1986 1059 2109 1097 mo-

460 1130 678 1186 nachos
708 1135 841 1185 ante
879 1131 1346 1203 conscripsisset.
1393 1132 1651 1187 Tertium
1702 1148 1834 1186 vero
1866 1149 2015 1203 azgre
2049 1149 2110 1186 se

455 1222 630 1290 atque
659 1218 890 1291 ingrato
921 1219 1115 1276 animo
1169 1222 1482 1276 concedere
1517 1222 1750 1287 fatetur,
1785 1221 2006 1276 veritus
2038 1238 2110 1275 ne

457 1313 688 1364 mortuo
717 1307 1004 1364 insultare
1034 1327 1100 1365 ac
1129 1310 1189 1365 in
1218 1311 1470 1382 pernicie
1495 1310 1751 1366 hominis
1785 1311 2111 1365 enarranda

455 1398 669 1471 gestire
698 1399 982 1454 videatur.
1014 1399 1186 1454 Vetat
1213 1399 1484 1454 similiter
1515 1399 1702 1455 ullum
1753 1399 1930 1454 libelli
1972 1417 2108 1454 con-

453 1491 547 1544 tra
573 1489 820 1544 Arianos
853 1488 1254 1560 apographum
1290 1489 1402 1544 edi.
1465 1491 1681 1544 Tutum
1737 1506 1850 1543 non
1884 1494 1991 1557 est,
2025 1488 2110 1542 in-

456 1578 604 1650 quit,
637 1577 894 1650 imperiti
959 1578 1174 1650 scripta
1203 1579 1410 1645 edere;
1447 1595 1517 1633 ne
1548 1578 1597 1634 si
1629 1578 1769 1649 quid
1803 1595 1904 1650 per
1932 1578 2111 1632 imbe-

454 1667 758 1723 cillitatem
779 1668 1313 1739 obscuritatemque
1331 1668 1619 1723 sermonis
1634 1668 1835 1722 minus
1861 1668 2109 1738 perfecte

453 1757 676 1813 dictum
709 1757 804 1825 sit,
839 1774 1048 1813 noxam
1077 1758 1131 1812 id
1164 1757 1480 1813 lectoribus
1508 1758 1731 1812 ati'erat.
1759 1758 1894 1820 Quae
1926 1756 2107 1811 animi

451 1847 840 1918 temperantia
885 1848 1074 1902 elucet
1121 1847 1259 1903 item
1309 1847 1368 1901 in
1402 1851 1520 1902 toto
1570 1863 1812 1919 operum
1847 1847 1976 1916 ejus
2008 1845 2106 1900 de-

453 1952 652 1995 cursu.

523 2027 576 2082 4.
610 2027 763 2084 Libri
789 2034 982 2082 contra
1010 2027 1260 2082 Arianos.
1296 2057 1364 2066 ——-
1397 2027 1556 2081 Idem
1583 2025 1821 2080 cerciter
1842 2029 2096 2097 tempus,

451 2120 518 2173 ut
544 2120 844 2189 putamus,
869 2119 1122 2189 quatuor
1150 2115 1336 2171 edidit
1365 2115 1545 2171 libros
1577 2119 1779 2170 contra
1829 2117 2098 2181 Arianos,

449 2205 708 2262 famosos
737 2205 976 2278 quidem
1011 2205 1142 2261 illos
1173 2209 1229 2260 et
1261 2204 1440 2260 nullis
1472 2221 1586 2259 non
1619 2203 1848 2259 saeculis
1899 2209 2100 2276 postea

447 2295 768 2353 celebratos
794 2313 807 2363 ;
831 2311 900 2351 ex
921 2295 1137 2367 quibus
1158 2311 1261 2350 ceu
1289 2295 1546 2349 fontibus
1568 2298 1914 2366 argumenta
1933 2293 2096 2348 dein-

447 2402 584 2459 ceps
614 2386 865 2441 mutuati
913 2390 1051 2440 sunt
1095 2388 1384 2457 quotquot
1432 2401 1533 2456 pro
1591 2383 1893 2438 divinitate
1923 2382 2096 2438 Verbi

447 2476 763 2532 asserenda
791 2475 1173 2547 scripserunt.
1229 2474 1355 2530 Non
1389 2491 1504 2529 uno
1537 2473 1773 2546 quidem
1805 2477 1862 2528 et
1891 2473 2092 2528 eodem

445 2569 706 2637 tempore
734 2564 866 2621 illos
895 2563 1222 2636 evulgavit;
1269 2563 1371 2619 sed
1403 2564 1498 2618 ubi
1533 2563 1784 2635 priorem
1812 2562 2094 2630 ediderat,

445 2671 663 2728 gnarus
697 2655 944 2709 Arianos
982 2658 1184 2709 contra
1218 2652 1602 2724 insurgere,et
1631 2653 1910 2707 adversus
1941 2653 2093 2707 veri-

441 2748 621 2800 tatem
651 2761 718 2800 eo
751 2743 901 2800 libro
929 2743 1282 2798 vindicatam
1304 2741 1858 2806 dimicare,alterum
1889 2741 2090 2796 edidit.

441 2833 557 2890 Nec
589 2833 1027 2906 quiescentibus
1058 2831 1310 2898 Arianis,
1345 2831 1581 2885 tertium
1611 2835 1668 2884 et
1699 2834 1898 2901 postea
1926 2847 2094 2902 quar-

440 2926 569 2979 tum
602 2923 876 2979 exaravit.
915 2923 1112 2977 Libros
1141 2924 1336 2976 autem
1368 2920 1708 2991 hujusmodi
1769 2920 2091 2975 amicorum

441 3011 638 3068 nescio
671 3012 761 3067 cui
797 3011 994 3066 mittit.
1020 3011 1088 3066 Et
1119 3009 1382 3065 fortassis
1414 3009 1552 3081 quia
1573 3009 1767 3064 innuit
1796 3026 1858 3064 se
1889 3010 2090 3064 eadem

443 3101 664 3173 scripta
691 3100 814 3156 viro
846 3116 1208 3172 nuncupare,
1241 3101 1340 3171 qui
1374 3098 1781 3154 controversiis
1813 3100 2092 3154 adversus

439 3190 688 3246 Arianos
744 3205 982 3262 operam
1042 3189 1178 3244 dare
1235 3187 1446 3244 solitus
1491 3192 1631 3254 erat,
1668 3188 1802 3242 hinc
1834 3189 2090 3260 suspicio

439 3279 664 3335 oriatur
692 3296 820 3336 esse
852 3278 1230 3351 Serapionem
1269 3277 1825 3349 Thmuitanum,qui
1863 3277 2088 3333 multus

2221 703 2348 741 esse
2382 694 2723 758 pugnarent,
2763 689 2859 744 sed
2927 689 3100 743 etiam
3154 705 3339 744 unum
3394 704 3465 743 ex
3509 687 3879 745 administris

2221 778 2527 848 Spiritibus
2558 796 2705 849 esse,
2740 779 2980 850 soloque
3012 779 3196 851 gradu
3230 779 3302 832 ab
3335 778 3560 850 angelis
3617 779 3869 834 differre.

2221 869 2299 920 Re
2339 873 2636 938 comperta
2685 868 3042 923 Athanasius
3095 867 3310 938 impios
3353 867 3626 923 homines
3659 868 3881 938 prolixa

2219 953 2320 1009 illa
2351 957 2537 1026 priore
2565 958 2636 1011 ad
2671 957 3045 1028 Serapionem
3093 957 3272 1011 missa
3305 957 3570 1027 epistola,
3605 958 3878 1012 innume-

2221 1043 2300 1098 ris
2332 1061 2476 1115 pene
2506 1062 2574 1099 ex
2631 1046 2932 1117 Scriptura
2992 1062 3158 1100 sacra
3191 1046 3476 1100 mutuatis
3515 1045 3877 1101 testimoniis

2219 1133 2761 1198 confutavit.0uam
2796 1135 3102 1206 epistolam
3139 1152 3272 1189 cum
3304 1135 3585 1206 Serapion
3621 1135 3870 1191 familia-

2219 1221 2382 1276 ribus
2408 1224 2869 1296 necessariisque
2898 1225 3021 1279 suis
3044 1224 3670 1296 obtulisset,rogabant
3695 1223 3779 1278 illi
3816 1228 3879 1279 ut

2221 1329 2341 1366 rem
2375 1313 2565 1367 fusius
2595 1313 2728 1368 istic
2753 1314 3031 1386 agitatam
3057 1314 3114 1368 in
3137 1314 3550 1384 compendium
3587 1314 3876 1385 redigeret

2219 1399 2344 1471 ipso
2374 1402 2767 1468 Athanasius;
2802 1420 2918 1474 quo
2978 1403 3206 1458 facilius
3270 1402 3380 1474 ipsi
3441 1408 3681 1474 possent
3728 1420 3872 1458 versa

2218 1490 2350 1544 fidei
2379 1491 2579 1546 hostes
2637 1491 2840 1562 paucis
2898 1509 3177 1547 coercere.
3245 1493 3302 1545 Id
3355 1509 3589 1564 quoque
3621 1491 3867 1547 libenter

2218 1579 3032 1646 Athanasius,Catholicorum
3068 1597 3300 1652 semper
3329 1581 3654 1635 commodis
3682 1581 3869 1636 inten-

2217 1670 2334 1736 tus,
2369 1669 2676 1739 praestitit;
2703 1668 3003 1739 alteraque
3036 1669 3215 1722 missa
3247 1668 3316 1722 ad
3350 1668 3724 1740 Serapionem
3757 1668 3874 1740 epi-

2218 1755 2368 1810 stola
2397 1757 2466 1812 de
2500 1758 2803 1812 divinitate
2829 1757 2979 1825 Filii,
3002 1757 3232 1811 tertiam
3257 1756 3716 1828 rescripsit,quas
3749 1762 3876 1812 erat

2219 1845 2429 1917 prioris
2461 1847 2731 1918 epitome.
2771 1849 2832 1901 In
2881 1851 3089 1917 quarta
3121 1862 3351 1916 quoque
3403 1845 3662 1916 idipsum
3697 1861 3871 1916 argu-

2135 1966 2184 2032 Β
2220 1941 2483 2032 mentum
2533 1936 2923 2032 persequitur,
2971 1942 3300 2032 atque-ceu
3347 1933 3687 2032 appendicis
3744 1933 3870 1990 loco

2211 2023 2482 2095 explanat
2521 2024 2665 2078 illud
2702 2041 2714 2079 :
2751 2026 3077 2095 Quicunque
3144 2024 3357 2078 dixerit
3404 2023 3629 2077 verbum
3679 2033 3871 2078 contra

2209 2113 2410 2168 Filium
2443 2115 2679 2169 hominis
2712 2115 2752 2178 ί,
2785 2119 2891 2168 etc.
2927 2113 3034 2176 Qui
3068 2113 3237 2184 plura
3268 2112 3338 2166 de
3377 2111 3642 2183 epistolis
3665 2113 3735 2168 ad
3760 2113 3862 2168 Se-

2209 2204 2507 2274 rapionem
2544 2203 2914 2267 desiderarit,
2948 2202 3219 2257 consulat
3253 2203 3545 2257 monitum
3571 2203 3628 2256 in
3663 2219 3864 2257 earum

2209 2292 2400 2348 fronte
2433 2293 2804 2348 adornatum.

2277 2383 2330 2435 6.
2365 2383 2613 2438 Liberius
2663 2384 2886 2438 Romam
2943 2382 3105 2438 redit.
3139 2413 3206 2421 —
3242 2383 3355 2438 Hoc
3405 2384 3532 2455 ipso
3565 2398 3717 2438 anno
3751 2381 3864 2437 Ro-

2207 2486 2365 2526 mam
2398 2489 2529 2526 cum
2557 2472 2914 2544 pervenisset
2938 2472 3664 2544 Liberius.jussus,contra
3684 2487 3863 2543 quam

2206 2576 2550 2616 concessum
2587 2563 2942 2629 fuisset,una
2972 2579 3105 2616 cum
3141 2561 3325 2616 Felice
3369 2563 3642 2616 Romana:
3673 2560 3864 2616 Eccle-

2205 2650 2303 2706 siae
2335 2651 2734 2721 gubernacula
2762 2655 2977 2721 tenere,
3002 2651 3220 2723 ingenti
3255 2652 3519 2706 omnium
3553 2650 3766 2722 plausu
3800 2654 3859 2704 et

2204 2737 2405 2795 laetitia
2435 2747 2713 2813 exceptus
2745 2747 2835 2795 est
2856 2742 2952 2812 (ὁ).
2986 2741 3140 2796 Felix
3161 2759 3292 2796 vero
3325 2757 3566 2813 perosus
3591 2738 3857 2794 multitu-

2204 2829 2347 2899 dini,
2409 2830 2564 2884 haud
2625 2830 2703 2884 ita
2753 2830 2936 2885 multo
2970 2835 3100 2902 post
3137 2829 3344 2902 pulsus
3377 2830 3852 2901 proﬂigatusque,

2203 2920 2404 2989 procul
2433 2919 2583 2975 Urbe
2615 2925 2975 2992 postremum
3009 2919 3219 2975 clausit
3269 2921 3445 2974 diem.
3483 2919 3606 2974 Non
3640 2919 3857 2974 desunt

2203 3007 2305 3080 qui
2337 3025 2470 3063 eum
2531 3009 2698 3079 quasi
2741 3014 3057 3081 martyrem
3107 3008 3309 3064 haberi
3373 3015 3546 3080 atque
3578 3006 3854 3063 celebrari

2203 3103 2468 3169 oportere
2498 3098 2990 3154 contendant.Alii
3024 3097 3114 3152 vix
3136 3099 3432 3153 aestimant
3463 3098 3761 3152 hominem
3795 3097 3852 3150 in

2202 3189 2395 3242 locum
2427 3187 2534 3242 viri
2560 3205 2661 3259 pro
2695 3205 2827 3242 vera
2845 3189 2957 3242 iide
2984 3187 3137 3259 pulsi
3160 3184 3854 3258 constitutum,martyris

2202 3277 2480 3332 nnomine
2497 3277 2825 3331 ornandum
2847 3293 3136 3344 esse,cum
3163 3277 3413 3331 maxime
3431 3277 3501 3331 ab
3525 3275 3852 3348 aequalibus

435 3373 563 3425 erat
608 3367 667 3423 in
728 3337 1105 3424 confutandis
1163 3368 1665 3440 coarguendisque
1704 3337 1972 3438 Idrianis,
2031 3372 2089 3423 et
2120 3337 2163 3406 C
2199 3366 2378 3422 ferme
2400 3367 2674 3421 omnibus
2697 3337 3039 3422 traducatur
3057 3371 3119 3422 ut
3142 3371 3425 3439 tyrannus
3448 3372 3504 3421 et
3533 3337 3850 3422 catholicis

437 3459 691 3516 subinde
721 3456 1142 3514 controversias
1172 3473 1370 3512 eoram
1401 3455 1602 3511 inibat.
1641 3457 1701 3511 In
1733 3457 1923 3528 prima
1952 3474 2085 3513 vero

436 3547 519 3604 ait
547 3545 906 3602 Athanasius
936 3546 1034 3616 (α),
1059 3545 1303 3600 Arianos
1327 3543 1704 3598 circumcirca
1735 3561 2084 3601 concursare

436 3635 641 3692 solitos
671 3634 869 3708 pueris
907 3634 968 3689 in
999 3634 1123 3689 foro
1155 3648 1476 3701 occurrere,
1524 3637 1697 3704 atque
1741 3639 1806 3688 ut
1835 3635 2082 3705 argutiis

433 3741 468 3780 a
507 3726 621 3780 {ide
675 3724 1042 3780 dimoverent
1085 3723 1445 3793 interrogare
1491 3739 1504 3777 :
1559 3721 1665 3785 Qui
1709 3726 1816 3787 est,
1866 3739 2081 3777 eumne

429 3814 532 3888 qui
563 3813 823 3870 nondum
847 3817 1002 3868 esset
1020 3811 1153 3866 fecit
1172 3828 1241 3868 ex
1263 3810 1465 3877 nihilo,
1499 3828 1571 3866 an
1603 3811 1844 3880 quijam
1877 3813 2083 3868 esset?

423 3903 494 3962 Et
522 3920 730 3960 rursus
784 3918 796 3958 :
847 3902 1118 3959 Uuumne
1151 3905 1240 3956 est
1271 3899 1564 3976 ἀγέννητον
1607 3917 1679 3955 an
1712 3900 1827 3956 duo
1857 3901 1885 3956 ‘?
1924 3902 2075 3956 Num

424 3991 608 4050 Filius
639 3992 823 4047 libero
876 3990 1154 4063 praeditus
1179 3993 1270 4044 est
1301 3988 1562 4055 arbitrio,
1597 3989 1946 4061 propriaque
1975 4007 2075 4046 vo-

421 4081 648 4138 luntate
679 4098 794 4137 non
841 4084 1124 4145 mutatur,
1181 4095 1315 4134 cum
1350 4083 1568 4133 natura:
1617 4079 1693 4132 sit
1724 4079 2025 4134 mutabilis
2049 4079 2077 4135 ?

421 4172 548 4229 Non
579 4169 734 4226 enim
768 4170 954 4226 instar
984 4167 1196 4242 lapidis
1226 4167 1548 4222 immobilis
1574 4172 1680 4222 est.
1707 4167 2074 4224 Mulierculas

421 4260 627 4317 itidem
661 4259 984 4316 sciscitatos
1027 4274 1156 4314 esse
1185 4275 1204 4312 :
1235 4257 1386 4313 Num
1438 4256 1648 4326 filium,
1675 4257 1926 4323 aiebant,
1971 4258 2069 4314 ha-

419 4349 602 4408 buisti
635 4349 981 4422 priusquam
1013 4363 1249 4420 pareres
1279 4347 1306 4402 ?
1345 4347 1518 4418 Atqui
1570 4347 2068 4418 quemadmodum

419 4457 535 4496 non
561 4439 725 4512 prius
756 4437 1123 4503 habuisti,ita
1144 4453 1249 4491 nec
1279 4435 1381 4492 Dei
1413 4436 1594 4491 Filius
1616 4436 1724 4491 fuit
1753 4441 2065 4508 antequam

418 4532 777 4586 nasceretur.
836 4528 966 4583 Haec
995 4527 1343 4582 Arianorum
1404 4525 1768 4597 sophismata
1819 4527 2068 4583 invictus

413 4618 590 4674 Verbi
621 4617 908 4684 defensor,
942 4631 1047 4671 nec
1103 4615 1230 4671 sine
1261 4615 1607 4670 Arianorum
1641 4614 1889 4670 convitio
1922 4632 2064 4671 con-

413 4709 584 4777 futat,
616 4711 673 4763 et
699 4705 1025 4762 vanissima
1049 4705 1326 4760 ostendit.

478 4796 533 4851 5.
566 4796 829 4868 Epistolas
856 4794 932 4850 ad
960 4794 1315 4865 Serapionem
1361 4794 1426 4849 de
1481 4794 1697 4862 Spiritu
1749 4798 1954 4851 sancto.
1990 4827 2056 4837 —

409 4885 474 4943 In
503 4886 733 4942 deserto
786 4884 946 4951 item,
1007 4900 1141 4939 cum
1201 4882 1542 4938 ardentibus
1581 4884 2059 4958 instantibusque

405 4973 760 5030 adversariis
791 4973 917 5029 suis
943 4972 1014 5028 ad
1047 4988 1246 5026 necem
1280 4971 1499 5043 ubique
1527 4971 1784 5028 locorum
1823 4975 2056 5046 perqui—

403 5067 652 5133 reretur,
712 5067 966 5136 quatuor
1012 5061 1144 5116 illas
1203 5061 1273 5116 ad
1340 5061 1715 5132 Serapionem
1776 5063 2058 5134 epistolas

403 5154 730 5210 etiamnum
765 5150 1110 5224 superstites
1137 5149 1523 5222 conscripsit;
1560 5168 1811 5222 quarum
1850 5153 2056 5222 hujus-

405 5243 564 5299 modi
596 5244 732 5297 data
761 5239 987 5297 occasio
1017 5244 1123 5296 est.
1151 5240 1384 5294 Litteris
1417 5240 1735 5296 Athanasio
1768 5242 2059 5312 significa-

402 5333 506 5388 bat
535 5332 836 5404 Serapion,
870 5328 1183 5386 nonnullos
1213 5345 1342 5384 esse
1373 5331 1479 5400 qui
1514 5330 1787 5385 Arianam
1820 5330 2054 5402 quidem

405 5420 673 5476 haeresim
707 5419 1151 5493 proscriberent,
1208 5419 1308 5475 sed
1369 5419 1439 5474 de
1495 5419 1714 5491 Spiritu
1746 5426 1946 5476 sancto
1977 5421 2058 5476 ita

480 5549 494 5583 ¹
529 5546 738 5604 Matth.
772 5563 875 5615 xu,
908 5547 998 5602 32.

496 5745 552 5820 τι)
581 5742 1230 5816 Ονιι.ιι’σοπιναἈνὶαη.
1265 5759 1338 5808 ,n.
1370 5744 1460 5796 22.

473 5746 550 5892 ib)
579 5815 806 5875 Sozam.
841 5813 942 5872 lib.
975 5831 1055 5887 ιν,
1089 5830 1216 5888 cap.
1253 5813 1360 5884 15;
1393 5812 1460 5870 T1

2196 3454 2395 3510 invitis
2425 3455 2742 3522 ordinatas,
2762 3473 2865 3510 nec
2896 3455 3008 3510 nisi
3043 3472 3076 3510 a
3106 3455 3244 3510 viris
3279 3455 3379 3526 qui
3413 3453 3616 3510 multis
3649 3460 3851 3526 postea

2192 3544 2422 3600 saaculis
2455 3545 2738 3616 scripsere
2772 3562 2872 3616 pro
2904 3561 3038 3599 vera
3061 3544 3174 3598 fide
3205 3561 3416 3616 passus
3446 3544 3732 3598 tradatur.

2260 3636 2314 3689 7.
2338 3635 2486 3698 Quid
2517 3640 2712 3690 autem
2747 3640 2866 3689 toto
2896 3638 3116 3705 septem
3143 3650 3427 3688 annorum
3455 3633 3643 3705 spatio
3675 3631 3844 3688 exsul

2189 3723 2538 3780 Athanasius
2569 3724 2772 3795 egerit,
2814 3739 2947 3778 cum
2976 3724 3216 3792 incertis
3247 3723 3487 3779 sedibus
3522 3723 3844 3778 remotiora

2187 3814 2397 3869 deserti
2448 3813 2575 3868 loca
2603 3817 2958 3885 peragraret,
2995 3813 3211 3867 mirum
3244 3812 3461 3884 ubique
3491 3811 3792 3868 silentium
3827 3829 3840 3867 :

2187 3918 2302 3974 quo
2334 3903 2565 3974 gravior
2594 3903 2818 3958 oriatur
2873 3902 3039 3957 dolor
3068 3919 3138 3957 ex
3181 3902 3283 3957 illa
3312 3901 3399 3957 vel
3444 3901 3717 3974 lacrymis
3747 3903 3844 3956 de-

2186 3992 2471 4064 ploranda
2486 3995 2718 4064 jactura
2734 3992 3112 4064 epistolorum
3141 3992 3610 4062 festalium,quas
3630 4008 3841 4064 magno

2185 4099 2430 4137 numero
2469 4087 2709 4137 sanctus
2752 4099 2938 4154 pressu
2975 4080 3383 4136 Alexandrinas
3415 4080 3568 4154 plebi
3602 4081 3659 4135 in
3687 4086 3837 4136 cmtu

2183 4171 2616 4226 Catholicorum
2675 4170 2953 4243 legendas
2995 4170 3368 4232 transmisit;
3432 4171 3530 4225 ubi
3571 4171 3643 4225 de
3668 4170 3840 4226 malis

2180 4265 2238 4316 et
2268 4260 2703 4316 calamitatibus
2738 4259 3002 4314 Ecclesiae
3026 4259 3424 4332 illatis,deque
3455 4260 3636 4332 gestio
3667 4260 3832 4315 Aria-

2180 4366 2390 4405 norum
2425 4366 2679 4422 perszepe
2715 4349 2932 4405 mentio
2964 4355 3292 4421 erat,atque
3329 4349 3506 4405 dubio
3536 4349 3738 4421 procul
3768 4350 3838 4405 de

2179 4441 2402 4495 ratione
2434 4444 2491 4494 et
2513 4439 2784 4494 instituto
2813 4439 2940 4493 vita:
2973 4456 3094 4494 suae
3131 4440 3284 4511 apud
3321 4439 3663 4504 monachos,
3698 4455 3839 4511 quo-

2177 4545 2307 4584 rum
2340 4534 2521 4584 coetus
2554 4528 2828 4599 frequens
2861 4529 3080 4584 adibat.
3117 4551 3145 4578 «
3180 4529 3326 4584 Cum
3389 4527 3716 4592 monachis,
3758 4528 3840 4583 ait

2176 4619 2490 4691 Gregorius
2515 4617 3438 4677 Nazianzenus.consuetudinem
3474 4617 3696 4672 habens
3720 4634 3838 4673 ma-

2095 4713 2145 4780 1)
2177 4724 2330 4779 gnus
2363 4707 2455 4762 ille
2484 4707 2591 4773 vir,
2625 4712 2691 4761 ut
2719 4706 2965 4762 aliorum
3000 4706 3267 4762 omnium
3305 4705 3522 4762 arbiter
3551 4713 3608 4760 et
3638 4707 3835 4762 conci-

2167 4797 2341 4854 liator
2370 4801 2515 4862 erat,
2549 4812 2684 4851 eum
2717 4794 2940 4850 scilicet
2972 4795 3262 4861 imitatus,
3297 4796 3395 4868 qui
3421 4793 3706 4867 sanguine
3729 4812 3837 4851 suo

2167 4904 2236 4944 ea
2280 4904 2408 4958 qua:
2460 4884 2828 4940 dissidebant
2874 4885 2931 4938 iu
2980 4901 3180 4956 pacem
3217 4885 3489 4940 deduxit:
3521 4884 3604 4940 ita
3635 4884 3834 4940 solita-

2168 4976 2318 5051 riam
2379 4990 2610 5045 quoque
2665 4974 2842 5028 vitam
2899 4990 3031 5029 cum
3094 4975 3394 5029 communi
3454 4973 3832 5030 conciliavit:

2167 5065 2482 5122 ostendens
2502 5062 2894 5118 sacerdotium
2916 5079 3031 5118 non
3052 5080 3178 5118 esse
3202 5062 3584 5135 philosophias
3604 5079 3830 5135 expers,

2166 5160 2223 5210 et
2270 5152 2703 5227 phiIOSOpbiam
2753 5153 3079 5207 sacerdotio
3130 5169 3319 5224 egere.
3371 5152 3466 5208 Sic
3507 5153 3664 5207 enim
3708 5151 3833 5206 haec

2166 5246 2280 5300 duo
2313 5242 2605 5315 copulavit
2634 5242 3129 5314 consociavitque,
3163 5247 3222 5298 et
3249 5241 3634 5313 tranquillam
3658 5242 3833 5296 actio-

2166 5337 2700 5402 nem,etactuosam
2718 5331 3206 5404 tranquillitatem
3226 5349 3239 5388 :
3258 5336 3321 5387 ut
3340 5348 3689 5404 persuasum
3709 5347 3831 5386 om-

2166 5423 2341 5478 nibus
2375 5422 2658 5488 redderet,
2710 5421 3048 5478 monasticaz
3083 5421 3212 5476 vitae
3243 5421 3669 5494 professionem
3701 5437 3829 5475 mo-

497 5812 550 5890 ὁ)
579 5812 806 5875 Sozam.
841 5813 942 5872 lib.
975 5831 1055 5887 ιν,
1089 5830 1216 5888 cap.
1253 5813 1360 5884 15;
1393 5812 1615 5870 Theod.
1673 5812 1777 5871 lib.
1822 5833 1884 5886 ιι,
1917 5817 2148 5890 cap.t7;
2183 5815 2536 5890 Philostorg.
2569 5813 2672 5870 iib.
2707 5831 2784 5884 1v,
2815 5830 2940 5886 cap.
2973 5815 3028 5869 3.
