  <div class='ocr_page' id='page_1' title='image "/cluster/home/n/w/nwhite01/storage/ocr_20150623/25:no.1/coo.31924054873066/152.png"; bbox 0 0 4166 6408; ppageno 0'>
   <div class='ocr_carea' id='block_1_1' title="bbox 1649 422 2442 495">
    <p class='ocr_par' dir='ltr' id='par_1_1' title="bbox 1649 422 2442 495">
     <span class='ocr_line' id='line_1_1' title="bbox 1649 422 2442 495; baseline -0.001 0"><span class='ocrx_word' id='word_1_1' title='bbox 1649 428 1836 495; x_wconf 79' lang='lat' dir='ltr'><strong>VITA</strong></span> <span class='ocrx_word' id='word_1_2' title='bbox 1878 422 1947 494; x_wconf 87' lang='lat' dir='ltr'><strong>S.</strong></span> <span class='ocrx_word' id='word_1_3' title='bbox 1988 422 2442 494; x_wconf 77' lang='lat' dir='ltr'><strong>ATHANASII.</strong></span> 
     </span>
    </p>
   </div>
   <div class='ocr_carea' id='block_1_2' title="bbox 3520 411 3751 491">
    <p class='ocr_par' dir='ltr' id='par_1_2' title="bbox 3520 411 3751 491">
     <span class='ocr_line' id='line_1_2' title="bbox 3520 411 3751 491; baseline 0 0"><span class='ocrx_word' id='word_1_4' title='bbox 3520 411 3751 491; x_wconf 70' lang='lat' dir='ltr'><strong>cxan</strong></span> 
     </span>
    </p>
   </div>
   <div class='ocr_carea' id='block_1_3' title="bbox 337 556 3750 639">
    <p class='ocr_par' dir='ltr' id='par_1_3' title="bbox 337 556 3750 639">
     <span class='ocr_line' id='line_1_3' title="bbox 337 556 3750 639; baseline -0.001 -20"><span class='ocrx_word' id='word_1_5' title='bbox 337 574 467 619; x_wconf 88' lang='lat' dir='ltr'><strong>rum</strong></span> <span class='ocrx_word' id='word_1_6' title='bbox 493 556 690 636; x_wconf 86' lang='lat' dir='ltr'><strong>patius</strong></span> <span class='ocrx_word' id='word_1_7' title='bbox 721 558 1005 638; x_wconf 79' lang='lat' dir='ltr'><strong>gravitate</strong></span> <span class='ocrx_word' id='word_1_8' title='bbox 1035 567 1092 622; x_wconf 88' lang='lat' dir='ltr'><strong>et</strong></span> <span class='ocrx_word' id='word_1_9' title='bbox 1121 563 1468 634; x_wconf 81' lang='lat' dir='ltr'><strong>constantia,</strong></span> <span class='ocrx_word' id='word_1_10' title='bbox 1516 580 1692 638; x_wconf 90' lang='lat' dir='ltr'><strong>quam</strong></span> <span class='ocrx_word' id='word_1_11' title='bbox 1725 564 1985 638; x_wconf 88' lang='lat' dir='ltr'><strong>corporis</strong></span> <span class='ocrx_word' id='word_1_12' title='bbox 2017 567 2068 633; x_wconf 80' lang='grc' dir='ltr'><strong>Α</strong></span> <span class='ocrx_word' id='word_1_13' title='bbox 2100 570 2199 621; x_wconf 89' lang='lat' dir='ltr'><strong>aut</strong></span> <span class='ocrx_word' id='word_1_14' title='bbox 2230 571 2496 622; x_wconf 81' lang='lat' dir='ltr'><strong>eventum</strong></span> <span class='ocrx_word' id='word_1_15' title='bbox 2531 562 2893 639; x_wconf 83' lang='lat' dir='ltr'><strong>dispensare,</strong></span> <span class='ocrx_word' id='word_1_16' title='bbox 2928 564 3106 637; x_wconf 85' lang='lat' dir='ltr'><strong>atque</strong></span> <span class='ocrx_word' id='word_1_17' title='bbox 3136 563 3390 638; x_wconf 86' lang='lat' dir='ltr'><strong>coeptum</strong></span> <span class='ocrx_word' id='word_1_18' title='bbox 3439 557 3512 619; x_wconf 88' lang='lat' dir='ltr'><strong>ad</strong></span> <span class='ocrx_word' id='word_1_19' title='bbox 3547 577 3750 618; x_wconf 90' lang='lat' dir='ltr'><strong>mona-</strong></span> 
     </span>
    </p>
   </div>
   <div class='ocr_carea' id='block_1_4' title="bbox 335 652 1983 728">
    <p class='ocr_par' dir='ltr' id='par_1_4' title="bbox 335 652 1983 728">
     <span class='ocr_line' id='line_1_4' title="bbox 335 652 1983 728; baseline 0.001 -21"><span class='ocrx_word' id='word_1_20' title='bbox 335 652 665 709; x_wconf 89' lang='lat' dir='ltr'><strong>secessione</strong></span> <span class='ocrx_word' id='word_1_21' title='bbox 695 654 939 727; x_wconf 86' lang='lat' dir='ltr'><strong>exprimi</strong></span> <span class='ocrx_word' id='word_1_22' title='bbox 972 658 1146 727; x_wconf 90' lang='lat' dir='ltr'><strong>atque</strong></span> <span class='ocrx_word' id='word_1_23' title='bbox 1169 654 1777 728; x_wconf 70' lang='lat' dir='ltr'><strong>insigniri.Quo&#39;pacto</strong></span> <span class='ocrx_word' id='word_1_24' title='bbox 1815 654 1983 710; x_wconf 84' lang='lat' dir='ltr'><strong>David</strong></span> 
     </span>
    </p>
   </div>
   <div class='ocr_carea' id='block_1_5' title="bbox 334 741 1989 818">
    <p class='ocr_par' dir='ltr' id='par_1_5' title="bbox 334 741 1989 818">
     <span class='ocr_line' id='line_1_5' title="bbox 334 741 1989 818; baseline 0.001 -20"><span class='ocrx_word' id='word_1_25' title='bbox 334 741 510 798; x_wconf 83' lang='lat' dir='ltr'><strong>simul</strong></span> <span class='ocrx_word' id='word_1_26' title='bbox 542 748 599 798; x_wconf 87' lang='lat' dir='ltr'><strong>et</strong></span> <span class='ocrx_word' id='word_1_27' title='bbox 630 761 825 799; x_wconf 90' lang='lat' dir='ltr'><strong>rerum</strong></span> <span class='ocrx_word' id='word_1_28' title='bbox 858 746 1247 816; x_wconf 73' lang='lat' dir='ltr'><strong>gerendarum</strong></span> <span class='ocrx_word' id='word_1_29' title='bbox 1283 745 1555 801; x_wconf 79' lang='lat' dir='ltr'><strong>facultate</strong></span> <span class='ocrx_word' id='word_1_30' title='bbox 1588 746 1989 818; x_wconf 68' lang='lat' dir='ltr'><strong>praestabat,et</strong></span> 
     </span>
    </p>
   </div>
   <div class='ocr_carea' id='block_1_6' title="bbox 331 830 1983 905">
    <p class='ocr_par' dir='ltr' id='par_1_6' title="bbox 331 830 1983 905">
     <span class='ocr_line' id='line_1_6' title="bbox 331 830 1983 905; baseline 0.001 -19"><span class='ocrx_word' id='word_1_31' title='bbox 331 830 391 886; x_wconf 92' lang='lat' dir='ltr'><strong>in</strong></span> <span class='ocrx_word' id='word_1_32' title='bbox 424 849 663 888; x_wconf 90' lang='lat' dir='ltr'><strong>summa</strong></span> <span class='ocrx_word' id='word_1_33' title='bbox 694 838 889 888; x_wconf 89' lang='lat' dir='ltr'><strong>tamen</strong></span> <span class='ocrx_word' id='word_1_34' title='bbox 925 834 1239 889; x_wconf 84' lang='lat' dir='ltr'><strong>solitudine</strong></span> <span class='ocrx_word' id='word_1_35' title='bbox 1272 836 1517 905; x_wconf 81' lang='lat' dir='ltr'><strong>degebat</strong></span> <span class='ocrx_word' id='word_1_36' title='bbox 1551 851 1561 889; x_wconf 89' lang='lat'>:</span> <span class='ocrx_word' id='word_1_37' title='bbox 1597 834 1756 890; x_wconf 89' lang='lat' dir='ltr'>sicui</span> <span class='ocrx_word' id='word_1_38' title='bbox 1788 839 1983 889; x_wconf 85' lang='lat' dir='ltr'><strong>tamen</strong></span> 
     </span>
    </p>
   </div>
   <div class='ocr_carea' id='block_1_7' title="bbox 332 919 1983 993">
    <p class='ocr_par' dir='ltr' id='par_1_7' title="bbox 332 919 1983 993">
     <span class='ocr_line' id='line_1_7' title="bbox 332 919 1983 993; baseline 0.001 -18"><span class='ocrx_word' id='word_1_39' title='bbox 332 919 477 975; x_wconf 91' lang='lat' dir='ltr'><strong>illud</strong></span> <span class='ocrx_word' id='word_1_40' title='bbox 525 922 945 992; x_wconf 76' lang='lat' dir='ltr'><strong>:Singutariter</strong></span> <span class='ocrx_word' id='word_1_41' title='bbox 993 940 1109 977; x_wconf 87' lang='lat' dir='ltr'><strong>sum</strong></span> <span class='ocrx_word' id='word_1_42' title='bbox 1158 939 1252 993; x_wconf 85' lang='lat' dir='ltr'><strong>ego</strong></span> <span class='ocrx_word' id='word_1_43' title='bbox 1308 926 1480 978; x_wconf 82' lang='lat' dir='ltr'><strong>donec</strong></span> <span class='ocrx_word' id='word_1_44' title='bbox 1532 928 1805 979; x_wconf 81' lang='lat' dir='ltr'><strong>transeam</strong></span> <span class='ocrx_word' id='word_1_45' title='bbox 1838 925 1878 993; x_wconf 63' lang='lat'><strong>9,</strong></span> <span class='ocrx_word' id='word_1_46' title='bbox 1912 924 1983 977; x_wconf 89' lang='lat' dir='ltr'><strong>ad</strong></span> 
     </span>
    </p>
   </div>
   <div class='ocr_carea' id='block_1_8' title="bbox 331 1009 1980 1085">
    <p class='ocr_par' dir='ltr' id='par_1_8' title="bbox 331 1009 1980 1085">
     <span class='ocr_line' id='line_1_8' title="bbox 331 1009 1980 1085; baseline 0.001 -20"><span class='ocrx_word' id='word_1_47' title='bbox 331 1009 512 1082; x_wconf 87' lang='lat' dir='ltr'><strong>hujus</strong></span> <span class='ocrx_word' id='word_1_48' title='bbox 544 1012 683 1067; x_wconf 88' lang='lat' dir='ltr'>dicti</span> <span class='ocrx_word' id='word_1_49' title='bbox 715 1013 1219 1067; x_wconf 81' lang='lat' dir='ltr'><strong>confirmationem</strong></span> <span class='ocrx_word' id='word_1_50' title='bbox 1270 1012 1459 1068; x_wconf 79' lang='lat' dir='ltr'><strong>afferri</strong></span> <span class='ocrx_word' id='word_1_51' title='bbox 1493 1030 1664 1085; x_wconf 86' lang='lat' dir='ltr'><strong>posse</strong></span> <span class='ocrx_word' id='word_1_52' title='bbox 1697 1014 1980 1067; x_wconf 89' lang='lat' dir='ltr'><strong>videatur.</strong></span> 
     </span>
    </p>
   </div>
   <div class='ocr_carea' id='block_1_9' title="bbox 332 1100 1981 1173">
    <p class='ocr_par' dir='ltr' id='par_1_9' title="bbox 332 1100 1981 1173">
     <span class='ocr_line' id='line_1_9' title="bbox 332 1100 1981 1173; baseline 0 -18"><span class='ocrx_word' id='word_1_53' title='bbox 332 1100 417 1155; x_wconf 90' lang='lat' dir='ltr'><strong>Ita</strong></span> <span class='ocrx_word' id='word_1_54' title='bbox 451 1106 516 1155; x_wconf 92' lang='lat' dir='ltr'><strong>ut</strong></span> <span class='ocrx_word' id='word_1_55' title='bbox 546 1101 642 1173; x_wconf 91' lang='lat' dir='ltr'>qui</span> <span class='ocrx_word' id='word_1_56' title='bbox 672 1100 819 1156; x_wconf 91' lang='lat' dir='ltr'><strong>alios</strong></span> <span class='ocrx_word' id='word_1_57' title='bbox 849 1100 1062 1156; x_wconf 88' lang='lat' dir='ltr'><strong>virtute</strong></span> <span class='ocrx_word' id='word_1_58' title='bbox 1093 1102 1415 1165; x_wconf 82' lang='lat' dir='ltr'><strong>anteibant,</strong></span> <span class='ocrx_word' id='word_1_59' title='bbox 1456 1102 1631 1156; x_wconf 85' lang='lat' dir='ltr'><strong>iidem</strong></span> <span class='ocrx_word' id='word_1_60' title='bbox 1694 1102 1764 1155; x_wconf 88' lang='lat' dir='ltr'><strong>ab</strong></span> <span class='ocrx_word' id='word_1_61' title='bbox 1822 1102 1981 1155; x_wconf 89' lang='lat' dir='ltr'><strong>illius</strong></span> 
     </span>
    </p>
   </div>
   <div class='ocr_carea' id='block_1_10' title="bbox 331 1189 1980 1263">
    <p class='ocr_par' dir='ltr' id='par_1_10' title="bbox 331 1189 1980 1263">
     <span class='ocr_line' id='line_1_10' title="bbox 331 1189 1980 1263; baseline -0.001 -17"><span class='ocrx_word' id='word_1_62' title='bbox 331 1189 576 1246; x_wconf 91' lang='lat' dir='ltr'><strong>consilio</strong></span> <span class='ocrx_word' id='word_1_63' title='bbox 593 1194 648 1245; x_wconf 89' lang='lat' dir='ltr'><strong>et</strong></span> <span class='ocrx_word' id='word_1_64' title='bbox 670 1195 864 1245; x_wconf 88' lang='lat' dir='ltr'><strong>mente</strong></span> <span class='ocrx_word' id='word_1_65' title='bbox 898 1190 1156 1261; x_wconf 80' lang='lat' dir='ltr'><strong>longiore</strong></span> <span class='ocrx_word' id='word_1_66' title='bbox 1178 1190 1477 1246; x_wconf 90' lang='lat' dir='ltr'><strong>intervallo</strong></span> <span class='ocrx_word' id='word_1_67' title='bbox 1501 1193 1980 1263; x_wconf 86' lang='lat' dir='ltr'><strong>abessent,quam</strong></span> 
     </span>
    </p>
   </div>
   <div class='ocr_carea' id='block_1_11' title="bbox 331 1279 1982 1352">
    <p class='ocr_par' dir='ltr' id='par_1_11' title="bbox 331 1279 1982 1352">
     <span class='ocr_line' id='line_1_11' title="bbox 331 1279 1982 1352; baseline 0.001 -18"><span class='ocrx_word' id='word_1_68' title='bbox 331 1279 590 1352; x_wconf 86' lang='lat' dir='ltr'><strong>reliquos</strong></span> <span class='ocrx_word' id='word_1_69' title='bbox 621 1279 1063 1335; x_wconf 88' lang='lat' dir='ltr'><strong>antecederent:</strong></span> <span class='ocrx_word' id='word_1_70' title='bbox 1101 1284 1273 1351; x_wconf 90' lang='lat' dir='ltr'><strong>atque</strong></span> <span class='ocrx_word' id='word_1_71' title='bbox 1306 1281 1376 1334; x_wconf 91' lang='lat' dir='ltr'><strong>ad</strong></span> <span class='ocrx_word' id='word_1_72' title='bbox 1427 1281 1733 1335; x_wconf 79' lang='lat' dir='ltr'><strong>sacerdotii</strong></span> <span class='ocrx_word' id='word_1_73' title='bbox 1766 1298 1982 1336; x_wconf 90' lang='lat' dir='ltr'><strong>munus</strong></span> 
     </span>
    </p>
   </div>
   <div class='ocr_carea' id='block_1_12' title="bbox 331 1368 1978 1441">
    <p class='ocr_par' dir='ltr' id='par_1_12' title="bbox 331 1368 1978 1441">
     <span class='ocr_line' id='line_1_12' title="bbox 331 1368 1978 1441; baseline 0.001 -18"><span class='ocrx_word' id='word_1_74' title='bbox 331 1369 595 1424; x_wconf 83' lang='lat' dir='ltr'><strong>numeris</strong></span> <span class='ocrx_word' id='word_1_75' title='bbox 626 1368 901 1424; x_wconf 90' lang='lat' dir='ltr'><strong>omnibus</strong></span> <span class='ocrx_word' id='word_1_76' title='bbox 933 1368 1352 1423; x_wconf 80' lang='lat' dir='ltr'><strong>absolvendum</strong></span> <span class='ocrx_word' id='word_1_77' title='bbox 1380 1387 1567 1441; x_wconf 90' lang='lat' dir='ltr'><strong>pauca</strong></span> <span class='ocrx_word' id='word_1_78' title='bbox 1597 1372 1978 1437; x_wconf 79' lang='lat' dir='ltr'><strong>conferentes,</strong></span> 
     </span>
    </p>
   </div>
   <div class='ocr_carea' id='block_1_13' title="bbox 331 1456 1981 1529">
    <p class='ocr_par' dir='ltr' id='par_1_13' title="bbox 331 1456 1981 1529">
     <span class='ocr_line' id='line_1_13' title="bbox 331 1456 1981 1529; baseline 0.002 -18"><span class='ocrx_word' id='word_1_79' title='bbox 331 1457 518 1513; x_wconf 90' lang='lat' dir='ltr'><strong>multo</strong></span> <span class='ocrx_word' id='word_1_80' title='bbox 559 1456 729 1529; x_wconf 90' lang='lat' dir='ltr'><strong>plura</strong></span> <span class='ocrx_word' id='word_1_81' title='bbox 754 1458 823 1512; x_wconf 91' lang='lat' dir='ltr'><strong>ad</strong></span> <span class='ocrx_word' id='word_1_82' title='bbox 859 1458 1197 1512; x_wconf 65' lang='lat' dir='ltr'><strong>monasticae</strong></span> <span class='ocrx_word' id='word_1_83' title='bbox 1226 1458 1353 1513; x_wconf 76' lang='lat' dir='ltr'><strong>vitae</strong></span> <span class='ocrx_word' id='word_1_84' title='bbox 1400 1459 1684 1512; x_wconf 87' lang='lat' dir='ltr'><strong>rationem</strong></span> <span class='ocrx_word' id='word_1_85' title='bbox 1719 1459 1981 1529; x_wconf 84' lang='lat' dir='ltr'><strong>partibus</strong></span> 
     </span>
    </p>
   </div>
   <div class='ocr_carea' id='block_1_14' title="bbox 330 1546 1978 1618">
    <p class='ocr_par' dir='ltr' id='par_1_14' title="bbox 330 1546 1978 1618">
     <span class='ocr_line' id='line_1_14' title="bbox 330 1546 1978 1618; baseline 0.001 -19"><span class='ocrx_word' id='word_1_86' title='bbox 330 1546 607 1600; x_wconf 90' lang='lat' dir='ltr'><strong>omnibus</strong></span> <span class='ocrx_word' id='word_1_87' title='bbox 638 1546 983 1616; x_wconf 86' lang='lat' dir='ltr'><strong>explendam</strong></span> <span class='ocrx_word' id='word_1_88' title='bbox 1015 1546 1359 1616; x_wconf 80' lang='lat' dir='ltr'><strong>reciperent.</strong></span> <span class='ocrx_word' id='word_1_89' title='bbox 1394 1547 1761 1618; x_wconf 86' lang='lat' dir='ltr'><strong>Tantumque</strong></span> <span class='ocrx_word' id='word_1_90' title='bbox 1796 1548 1843 1601; x_wconf 90' lang='lat' dir='ltr'><strong>ei</strong></span> <span class='ocrx_word' id='word_1_91' title='bbox 1877 1547 1978 1602; x_wconf 88' lang='lat' dir='ltr'><strong>tri-</strong></span> 
     </span>
    </p>
   </div>
   <div class='ocr_carea' id='block_1_15' title="bbox 330 1634 1981 1709">
    <p class='ocr_par' dir='ltr' id='par_1_15' title="bbox 330 1634 1981 1709">
     <span class='ocr_line' id='line_1_15' title="bbox 330 1634 1981 1709; baseline 0.001 -20"><span class='ocrx_word' id='word_1_92' title='bbox 330 1635 684 1701; x_wconf 87' lang='lat' dir='ltr'><strong>buebant,ut</strong></span> <span class='ocrx_word' id='word_1_93' title='bbox 714 1634 1001 1706; x_wconf 87' lang='lat' dir='ltr'><strong>quidquid</strong></span> <span class='ocrx_word' id='word_1_94' title='bbox 1028 1635 1138 1705; x_wconf 89' lang='lat' dir='ltr'><strong>ipsi</strong></span> <span class='ocrx_word' id='word_1_95' title='bbox 1170 1635 1359 1691; x_wconf 89' lang='lat' dir='ltr'><strong>visum</strong></span> <span class='ocrx_word' id='word_1_96' title='bbox 1395 1641 1548 1691; x_wconf 84' lang='lat' dir='ltr'><strong>esset</strong></span> <span class='ocrx_word' id='word_1_97' title='bbox 1572 1638 1690 1707; x_wconf 68' lang='lat' dir='ltr'><strong>fpro</strong></span> <span class='ocrx_word' id='word_1_98' title='bbox 1722 1636 1846 1709; x_wconf 83' lang='lat' dir='ltr'><strong>lege</strong></span> <span class='ocrx_word' id='word_1_99' title='bbox 1878 1637 1981 1690; x_wconf 85' lang='lat' dir='ltr'><strong>ha-</strong></span> 
     </span>
    </p>
   </div>
   <div class='ocr_carea' id='block_1_16' title="bbox 329 1723 1983 1797">
    <p class='ocr_par' dir='ltr' id='par_1_16' title="bbox 329 1723 1983 1797">
     <span class='ocr_line' id='line_1_16' title="bbox 329 1723 1983 1797; baseline 0.001 -19"><span class='ocrx_word' id='word_1_100' title='bbox 329 1724 555 1791; x_wconf 89' lang='lat' dir='ltr'><strong>berent;</strong></span> <span class='ocrx_word' id='word_1_101' title='bbox 590 1740 654 1779; x_wconf 91' lang='lat' dir='ltr'><strong>ac</strong></span> <span class='ocrx_word' id='word_1_102' title='bbox 686 1741 891 1779; x_wconf 86' lang='lat' dir='ltr'><strong>rursus</strong></span> <span class='ocrx_word' id='word_1_103' title='bbox 922 1723 1166 1779; x_wconf 87' lang='lat' dir='ltr'><strong>vetitum</strong></span> <span class='ocrx_word' id='word_1_104' title='bbox 1200 1724 1311 1779; x_wconf 90' lang='lat' dir='ltr'><strong>sibi</strong></span> <span class='ocrx_word' id='word_1_105' title='bbox 1333 1732 1385 1779; x_wconf 91' lang='lat' dir='ltr'><strong>et</strong></span> <span class='ocrx_word' id='word_1_106' title='bbox 1410 1726 1784 1781; x_wconf 90' lang='lat' dir='ltr'><strong>interdictum</strong></span> <span class='ocrx_word' id='word_1_107' title='bbox 1817 1726 1983 1797; x_wconf 90' lang='lat' dir='ltr'><strong>quid-</strong></span> 
     </span>
    </p>
   </div>
   <div class='ocr_carea' id='block_1_17' title="bbox 332 1812 1978 1885">
    <p class='ocr_par' dir='ltr' id='par_1_17' title="bbox 332 1812 1978 1885">
     <span class='ocr_line' id='line_1_17' title="bbox 332 1812 1978 1885; baseline 0.001 -16"><span class='ocrx_word' id='word_1_108' title='bbox 332 1814 475 1885; x_wconf 88' lang='lat' dir='ltr'>quid</span> <span class='ocrx_word' id='word_1_109' title='bbox 507 1812 605 1869; x_wconf 91' lang='lat' dir='ltr'><strong>ille</strong></span> <span class='ocrx_word' id='word_1_110' title='bbox 636 1814 926 1868; x_wconf 86' lang='lat' dir='ltr'><strong>sententia</strong></span> <span class='ocrx_word' id='word_1_111' title='bbox 955 1831 1063 1869; x_wconf 90' lang='lat' dir='ltr'><strong>sua</strong></span> <span class='ocrx_word' id='word_1_112' title='bbox 1116 1814 1507 1884; x_wconf 90' lang='lat' dir='ltr'><strong>improbasset</strong></span> <span class='ocrx_word' id='word_1_113' title='bbox 1556 1815 1978 1881; x_wconf 79' lang='lat' dir='ltr'><strong>existimarent,</strong></span> 
     </span>
    </p>
   </div>
   <div class='ocr_carea' id='block_1_18' title="bbox 328 1901 1979 1975">
    <p class='ocr_par' dir='ltr' id='par_1_18' title="bbox 328 1901 1979 1975">
     <span class='ocr_line' id='line_1_18' title="bbox 328 1901 1979 1975; baseline 0.001 -18"><span class='ocrx_word' id='word_1_114' title='bbox 328 1901 608 1974; x_wconf 90' lang='lat' dir='ltr'><strong>illiusque</strong></span> <span class='ocrx_word' id='word_1_115' title='bbox 638 1903 870 1958; x_wconf 86' lang='lat' dir='ltr'><strong>decreta</strong></span> <span class='ocrx_word' id='word_1_116' title='bbox 902 1920 1003 1975; x_wconf 92' lang='lat' dir='ltr'><strong>pro</strong></span> <span class='ocrx_word' id='word_1_117' title='bbox 1034 1903 1304 1958; x_wconf 90' lang='lat' dir='ltr'><strong>Mosaicis</strong></span> <span class='ocrx_word' id='word_1_118' title='bbox 1338 1903 1555 1959; x_wconf 91' lang='lat' dir='ltr'><strong>tabulis</strong></span> <span class='ocrx_word' id='word_1_119' title='bbox 1596 1906 1894 1971; x_wconf 89' lang='lat' dir='ltr'><strong>ducerent,</strong></span> <span class='ocrx_word' id='word_1_120' title='bbox 1914 1921 1979 1959; x_wconf 90' lang='lat' dir='ltr'><strong>ac</strong></span> 
     </span>
    </p>
   </div>
   <div class='ocr_carea' id='block_1_19' title="bbox 327 1992 1979 2066">
    <p class='ocr_par' dir='ltr' id='par_1_19' title="bbox 327 1992 1979 2066">
     <span class='ocr_line' id='line_1_19' title="bbox 327 1992 1979 2066; baseline 0.001 -19"><span class='ocrx_word' id='word_1_121' title='bbox 327 1992 547 2062; x_wconf 80' lang='lat' dir='ltr'><strong>majore</strong></span> <span class='ocrx_word' id='word_1_122' title='bbox 568 2008 745 2062; x_wconf 92' lang='lat' dir='ltr'><strong>quam</strong></span> <span class='ocrx_word' id='word_1_123' title='bbox 761 1992 1123 2064; x_wconf 61' lang='lat' dir='ltr'><strong>quaefsanctis</strong></span> <span class='ocrx_word' id='word_1_124' title='bbox 1140 1992 1277 2047; x_wconf 91' lang='lat' dir='ltr'><strong>viris</strong></span> <span class='ocrx_word' id='word_1_125' title='bbox 1292 1993 1489 2048; x_wconf 90' lang='lat' dir='ltr'><strong>deberi</strong></span> <span class='ocrx_word' id='word_1_126' title='bbox 1510 1993 1777 2048; x_wconf 91' lang='lat' dir='ltr'><strong>videatur</strong></span> <span class='ocrx_word' id='word_1_127' title='bbox 1792 1993 1979 2066; x_wconf 87' lang='lat' dir='ltr'><strong>ipsius</strong></span> 
     </span>
    </p>
   </div>
   <div class='ocr_carea' id='block_1_20' title="bbox 325 2080 1191 2137">
    <p class='ocr_par' dir='ltr' id='par_1_20' title="bbox 325 2080 1191 2137">
     <span class='ocr_line' id='line_1_20' title="bbox 325 2080 1191 2137; baseline -0.002 0"><span class='ocrx_word' id='word_1_128' title='bbox 325 2080 699 2137; x_wconf 88' lang='lat' dir='ltr'><strong>veneratione</strong></span> <span class='ocrx_word' id='word_1_129' title='bbox 732 2082 1126 2137; x_wconf 81' lang='lat' dir='ltr'><strong>afﬁcerentur.</strong></span> <span class='ocrx_word' id='word_1_130' title='bbox 1166 2104 1191 2130; x_wconf 77' lang='grc'><strong>››</strong></span> 
     </span>
    </p>
   </div>
   <div class='ocr_carea' id='block_1_21' title="bbox 397 2170 1982 2243">
    <p class='ocr_par' dir='ltr' id='par_1_21' title="bbox 397 2170 1982 2243">
     <span class='ocr_line' id='line_1_21' title="bbox 397 2170 1982 2243; baseline 0.003 -20"><span class='ocrx_word' id='word_1_131' title='bbox 397 2170 457 2223; x_wconf 88' lang='grc'><strong>8.</strong></span> <span class='ocrx_word' id='word_1_132' title='bbox 492 2170 826 2225; x_wconf 80' lang='lat' dir='ltr'><strong>Athanasius</strong></span> <span class='ocrx_word' id='word_1_133' title='bbox 875 2170 945 2225; x_wconf 87' lang='lat' dir='ltr'><strong>ad</strong></span> <span class='ocrx_word' id='word_1_134' title='bbox 974 2171 1245 2225; x_wconf 80' lang='lat' dir='ltr'><strong>desertum</strong></span> <span class='ocrx_word' id='word_1_135' title='bbox 1269 2188 1437 2243; x_wconf 84' lang='lat' dir='ltr'><strong>usque</strong></span> <span class='ocrx_word' id='word_1_136' title='bbox 1480 2174 1843 2243; x_wconf 74' lang='lat' dir='ltr'><strong>perquiritur.</strong></span> <span class='ocrx_word' id='word_1_137' title='bbox 1876 2172 1982 2226; x_wconf 76' lang='lat' dir='ltr'><strong>Ar-</strong></span> 
     </span>
    </p>
   </div>
   <div class='ocr_carea' id='block_1_22' title="bbox 323 2259 1979 2331">
    <p class='ocr_par' dir='ltr' id='par_1_22' title="bbox 323 2259 1979 2331">
     <span class='ocr_line' id='line_1_22' title="bbox 323 2259 1979 2331; baseline 0.002 -17"><span class='ocrx_word' id='word_1_138' title='bbox 323 2261 524 2316; x_wconf 80' lang='lat' dir='ltr'><strong>temius</strong></span> <span class='ocrx_word' id='word_1_139' title='bbox 555 2259 671 2314; x_wconf 70' lang='lat' dir='ltr'><strong>dum</strong></span> <span class='ocrx_word' id='word_1_140' title='bbox 701 2259 774 2314; x_wconf 82' lang='lat' dir='ltr'><strong>ad</strong></span> <span class='ocrx_word' id='word_1_141' title='bbox 802 2262 1139 2315; x_wconf 76' lang='lat' dir='ltr'><strong>monasteria</strong></span> <span class='ocrx_word' id='word_1_142' title='bbox 1172 2262 1337 2316; x_wconf 74' lang='lat' dir='ltr'><strong>venit.</strong></span> <span class='ocrx_word' id='word_1_143' title='bbox 1370 2293 1423 2300; x_wconf 95' lang='lat'>—</span> <span class='ocrx_word' id='word_1_144' title='bbox 1468 2262 1654 2317; x_wconf 86' lang='lat' dir='ltr'><strong>Tanta</strong></span> <span class='ocrx_word' id='word_1_145' title='bbox 1684 2279 1856 2331; x_wconf 91' lang='lat' dir='ltr'><strong>porro</strong></span> <span class='ocrx_word' id='word_1_146' title='bbox 1889 2279 1979 2317; x_wconf 89' lang='lat' dir='ltr'><strong>ve-</strong></span> 
     </span>
    </p>
   </div>
   <div class='ocr_carea' id='block_1_23' title="bbox 328 2350 1979 2422">
    <p class='ocr_par' dir='ltr' id='par_1_23' title="bbox 328 2350 1979 2422">
     <span class='ocr_line' id='line_1_23' title="bbox 328 2350 1979 2422; baseline -0.001 -16"><span class='ocrx_word' id='word_1_147' title='bbox 328 2350 516 2421; x_wconf 80' lang='lat' dir='ltr'><strong>sania,</strong></span> <span class='ocrx_word' id='word_1_148' title='bbox 557 2354 723 2406; x_wconf 87' lang='lat' dir='ltr'><strong>tanto</strong></span> <span class='ocrx_word' id='word_1_149' title='bbox 757 2350 951 2405; x_wconf 90' lang='lat' dir='ltr'><strong>furore</strong></span> <span class='ocrx_word' id='word_1_150' title='bbox 981 2354 1037 2405; x_wconf 91' lang='lat' dir='ltr'><strong>et</strong></span> <span class='ocrx_word' id='word_1_151' title='bbox 1067 2350 1197 2405; x_wconf 89' lang='lat' dir='ltr'><strong>odio</strong></span> <span class='ocrx_word' id='word_1_152' title='bbox 1254 2355 1421 2405; x_wconf 89' lang='lat' dir='ltr'><strong>erant</strong></span> <span class='ocrx_word' id='word_1_153' title='bbox 1478 2353 1605 2422; x_wconf 87' lang='lat' dir='ltr'><strong>ejus</strong></span> <span class='ocrx_word' id='word_1_154' title='bbox 1664 2351 1979 2407; x_wconf 86' lang='lat' dir='ltr'><strong>adversarii</strong></span> 
     </span>
    </p>
   </div>
   <div class='ocr_carea' id='block_1_24' title="bbox 329 2438 1981 2510">
    <p class='ocr_par' dir='ltr' id='par_1_24' title="bbox 329 2438 1981 2510">
     <span class='ocr_line' id='line_1_24' title="bbox 329 2438 1981 2510; baseline 0.001 -16"><span class='ocrx_word' id='word_1_155' title='bbox 329 2438 581 2509; x_wconf 87' lang='lat' dir='ltr'><strong>correpti</strong></span> <span class='ocrx_word' id='word_1_156' title='bbox 613 2442 678 2493; x_wconf 91' lang='lat' dir='ltr'><strong>ut</strong></span> <span class='ocrx_word' id='word_1_157' title='bbox 714 2456 785 2493; x_wconf 91' lang='lat' dir='ltr'><strong>ne</strong></span> <span class='ocrx_word' id='word_1_158' title='bbox 834 2440 1127 2493; x_wconf 88' lang='lat' dir='ltr'><strong>desertum</strong></span> <span class='ocrx_word' id='word_1_159' title='bbox 1160 2439 1399 2510; x_wconf 88' lang='lat' dir='ltr'><strong>quidem</strong></span> <span class='ocrx_word' id='word_1_160' title='bbox 1459 2445 1550 2495; x_wconf 87' lang='lat' dir='ltr'><strong>sat</strong></span> <span class='ocrx_word' id='word_1_161' title='bbox 1607 2444 1799 2494; x_wconf 89' lang='lat' dir='ltr'><strong>tutum</strong></span> <span class='ocrx_word' id='word_1_162' title='bbox 1833 2440 1915 2493; x_wconf 89' lang='lat' dir='ltr'><strong>illi</strong></span> <span class='ocrx_word' id='word_1_163' title='bbox 1948 2458 1981 2495; x_wconf 91' lang='lat' dir='ltr'><strong>a</strong></span> 
     </span>
    </p>
   </div>
   <div class='ocr_carea' id='block_1_25' title="bbox 328 2527 1977 2601">
    <p class='ocr_par' dir='ltr' id='par_1_25' title="bbox 328 2527 1977 2601">
     <span class='ocr_line' id='line_1_25' title="bbox 328 2527 1977 2601; baseline 0.001 -17"><span class='ocrx_word' id='word_1_164' title='bbox 328 2527 855 2600; x_wconf 86' lang='lat' dir='ltr'><strong>perquisitionibus</strong></span> <span class='ocrx_word' id='word_1_165' title='bbox 887 2528 1356 2583; x_wconf 81' lang='lat' dir='ltr'><strong>adversariorum</strong></span> <span class='ocrx_word' id='word_1_166' title='bbox 1389 2534 1561 2601; x_wconf 88' lang='lat' dir='ltr'><strong>esset,</strong></span> <span class='ocrx_word' id='word_1_167' title='bbox 1605 2531 1704 2585; x_wconf 90' lang='lat' dir='ltr'><strong>sed</strong></span> <span class='ocrx_word' id='word_1_168' title='bbox 1739 2531 1797 2584; x_wconf 92' lang='lat' dir='ltr'><strong>in</strong></span> <span class='ocrx_word' id='word_1_169' title='bbox 1831 2547 1977 2601; x_wconf 85' lang='lat' dir='ltr'><strong>quo—</strong></span> 
     </span>
    </p>
   </div>
   <div class='ocr_carea' id='block_1_26' title="bbox 325 2616 1979 2691">
    <p class='ocr_par' dir='ltr' id='par_1_26' title="bbox 325 2616 1979 2691">
     <span class='ocr_line' id='line_1_26' title="bbox 325 2616 1979 2691; baseline 0.001 -19"><span class='ocrx_word' id='word_1_170' title='bbox 325 2617 567 2673; x_wconf 87' lang='lat' dir='ltr'><strong>tidianis</strong></span> <span class='ocrx_word' id='word_1_171' title='bbox 609 2616 799 2672; x_wconf 91' lang='lat' dir='ltr'><strong>adhuc</strong></span> <span class='ocrx_word' id='word_1_172' title='bbox 830 2617 1061 2672; x_wconf 88' lang='lat' dir='ltr'><strong>insidiis</strong></span> <span class='ocrx_word' id='word_1_173' title='bbox 1093 2622 1473 2673; x_wconf 81' lang='lat' dir='ltr'><strong>versaretur.«</strong></span> <span class='ocrx_word' id='word_1_174' title='bbox 1509 2619 1654 2673; x_wconf 88' lang='lat' dir='ltr'><strong>Nam</strong></span> <span class='ocrx_word' id='word_1_175' title='bbox 1687 2636 1820 2673; x_wconf 92' lang='lat' dir='ltr'><strong>cum</strong></span> <span class='ocrx_word' id='word_1_176' title='bbox 1854 2619 1979 2691; x_wconf 93' lang='lat' dir='ltr'><strong>qui-</strong></span> 
     </span>
    </p>
   </div>
   <div class='ocr_carea' id='block_1_27' title="bbox 324 2702 1976 2779">
    <p class='ocr_par' dir='ltr' id='par_1_27' title="bbox 324 2702 1976 2779">
     <span class='ocr_line' id='line_1_27' title="bbox 324 2702 1976 2779; baseline 0.001 -18"><span class='ocrx_word' id='word_1_177' title='bbox 324 2706 483 2773; x_wconf 91' lang='lat' dir='ltr'><strong>dam,</strong></span> <span class='ocrx_word' id='word_1_178' title='bbox 520 2708 898 2778; x_wconf 88' lang='lat' dir='ltr'><strong>prosequitur</strong></span> <span class='ocrx_word' id='word_1_179' title='bbox 924 2707 1258 2779; x_wconf 84' lang='lat' dir='ltr'><strong>Gregorius,</strong></span> <span class='ocrx_word' id='word_1_180' title='bbox 1319 2725 1384 2763; x_wconf 93' lang='lat' dir='ltr'><strong>eo</strong></span> <span class='ocrx_word' id='word_1_181' title='bbox 1445 2702 1517 2763; x_wconf 66' lang='lat' dir='ltr'><strong>se</strong></span> <span class='ocrx_word' id='word_1_182' title='bbox 1564 2708 1976 2775; x_wconf 86' lang='lat' dir='ltr'><strong>contulissent,</strong></span> 
     </span>
    </p>
   </div>
   <div class='ocr_carea' id='block_1_28' title="bbox 322 2796 1977 2870">
    <p class='ocr_par' dir='ltr' id='par_1_28' title="bbox 322 2796 1977 2870">
     <span class='ocr_line' id='line_1_28' title="bbox 322 2796 1977 2870; baseline 0.001 -19"><span class='ocrx_word' id='word_1_183' title='bbox 322 2800 389 2851; x_wconf 90' lang='lat' dir='ltr'><strong>ut</strong></span> <span class='ocrx_word' id='word_1_184' title='bbox 417 2796 581 2867; x_wconf 91' lang='lat' dir='ltr'><strong>pium</strong></span> <span class='ocrx_word' id='word_1_185' title='bbox 613 2796 804 2851; x_wconf 91' lang='lat' dir='ltr'><strong>virum</strong></span> <span class='ocrx_word' id='word_1_186' title='bbox 834 2796 1073 2868; x_wconf 88' lang='lat' dir='ltr'><strong>perinde</strong></span> <span class='ocrx_word' id='word_1_187' title='bbox 1104 2814 1171 2851; x_wconf 89' lang='lat' dir='ltr'><strong>ac</strong></span> <span class='ocrx_word' id='word_1_188' title='bbox 1201 2798 1718 2870; x_wconf 89' lang='lat' dir='ltr'><strong>feramquamdam</strong></span> <span class='ocrx_word' id='word_1_189' title='bbox 1744 2799 1977 2854; x_wconf 88' lang='lat' dir='ltr'><strong>investi-</strong></span> 
     </span>
    </p>
   </div>
   <div class='ocr_carea' id='block_1_29' title="bbox 323 2886 1975 2959">
    <p class='ocr_par' dir='ltr' id='par_1_29' title="bbox 323 2886 1975 2959">
     <span class='ocr_line' id='line_1_29' title="bbox 323 2886 1975 2959; baseline 0.001 -19"><span class='ocrx_word' id='word_1_190' title='bbox 323 2889 552 2959; x_wconf 89' lang='lat' dir='ltr'><strong>garent,</strong></span> <span class='ocrx_word' id='word_1_191' title='bbox 587 2901 692 2940; x_wconf 90' lang='lat' dir='ltr'><strong>nec</strong></span> <span class='ocrx_word' id='word_1_192' title='bbox 722 2901 855 2939; x_wconf 92' lang='lat' dir='ltr'><strong>eum</strong></span> <span class='ocrx_word' id='word_1_193' title='bbox 886 2886 1275 2956; x_wconf 89' lang='lat' dir='ltr'><strong>undequaque</strong></span> <span class='ocrx_word' id='word_1_194' title='bbox 1325 2887 1715 2957; x_wconf 87' lang='lat' dir='ltr'><strong>perquisitum</strong></span> <span class='ocrx_word' id='word_1_195' title='bbox 1758 2888 1975 2943; x_wconf 86' lang='lat' dir='ltr'><strong>inveni-</strong></span> 
     </span>
    </p>
   </div>
   <div class='ocr_carea' id='block_1_30' title="bbox 320 2974 1977 3048">
    <p class='ocr_par' dir='ltr' id='par_1_30' title="bbox 320 2974 1977 3048">
     <span class='ocr_line' id='line_1_30' title="bbox 320 2974 1977 3048; baseline 0.001 -18"><span class='ocrx_word' id='word_1_196' title='bbox 320 2978 470 3045; x_wconf 89' lang='lat' dir='ltr'><strong>rent,</strong></span> <span class='ocrx_word' id='word_1_197' title='bbox 505 2989 577 3028; x_wconf 91' lang='lat' dir='ltr'><strong>ne</strong></span> <span class='ocrx_word' id='word_1_198' title='bbox 608 2974 853 3029; x_wconf 90' lang='lat' dir='ltr'><strong>miscere</strong></span> <span class='ocrx_word' id='word_1_199' title='bbox 884 2975 1119 3045; x_wconf 89' lang='lat' dir='ltr'><strong>quidem</strong></span> <span class='ocrx_word' id='word_1_200' title='bbox 1149 2992 1284 3030; x_wconf 91' lang='lat' dir='ltr'><strong>cum</strong></span> <span class='ocrx_word' id='word_1_201' title='bbox 1316 2975 1388 3031; x_wconf 90' lang='lat' dir='ltr'><strong>iis</strong></span> <span class='ocrx_word' id='word_1_202' title='bbox 1423 2977 1523 3048; x_wconf 91' lang='lat' dir='ltr'><strong>qui</strong></span> <span class='ocrx_word' id='word_1_203' title='bbox 1552 2977 1718 3032; x_wconf 90' lang='lat' dir='ltr'><strong>missi</strong></span> <span class='ocrx_word' id='word_1_204' title='bbox 1746 2978 1977 3031; x_wconf 80' lang='lat' dir='ltr'><strong>fuerant</strong></span> 
     </span>
    </p>
   </div>
   <div class='ocr_carea' id='block_1_31' title="bbox 318 3063 1973 3138">
    <p class='ocr_par' dir='ltr' id='par_1_31' title="bbox 318 3063 1973 3138">
     <span class='ocr_line' id='line_1_31' title="bbox 318 3063 1973 3138; baseline 0.001 -19"><span class='ocrx_word' id='word_1_205' title='bbox 318 3063 612 3134; x_wconf 89' lang='lat' dir='ltr'><strong>colloquia</strong></span> <span class='ocrx_word' id='word_1_206' title='bbox 638 3063 871 3118; x_wconf 90' lang='lat' dir='ltr'><strong>voluere</strong></span> <span class='ocrx_word' id='word_1_207' title='bbox 904 3082 915 3119; x_wconf 90' lang='lat'>:</span> <span class='ocrx_word' id='word_1_208' title='bbox 950 3080 1151 3118; x_wconf 90' lang='lat' dir='ltr'><strong>verum</strong></span> <span class='ocrx_word' id='word_1_209' title='bbox 1184 3065 1431 3122; x_wconf 87' lang='lat' dir='ltr'><strong>services</strong></span> <span class='ocrx_word' id='word_1_210' title='bbox 1490 3067 1704 3138; x_wconf 82' lang='lat' dir='ltr'><strong>gladiis</strong></span> <span class='ocrx_word' id='word_1_211' title='bbox 1735 3066 1973 3137; x_wconf 91' lang='lat' dir='ltr'><strong>objicie-</strong></span> 
     </span>
    </p>
   </div>
   <div class='ocr_carea' id='block_1_32' title="bbox 319 3151 1977 3226">
    <p class='ocr_par' dir='ltr' id='par_1_32' title="bbox 319 3151 1977 3226">
     <span class='ocr_line' id='line_1_32' title="bbox 319 3151 1977 3226; baseline 0.001 -18"><span class='ocrx_word' id='word_1_212' title='bbox 319 3153 481 3221; x_wconf 88' lang='lat' dir='ltr'><strong>bant,</strong></span> <span class='ocrx_word' id='word_1_213' title='bbox 514 3151 674 3207; x_wconf 90' lang='lat' dir='ltr'><strong>velut</strong></span> <span class='ocrx_word' id='word_1_214' title='bbox 704 3169 806 3223; x_wconf 93' lang='lat' dir='ltr'><strong>pro</strong></span> <span class='ocrx_word' id='word_1_215' title='bbox 839 3153 1067 3208; x_wconf 89' lang='lat' dir='ltr'><strong>Christo</strong></span> <span class='ocrx_word' id='word_1_216' title='bbox 1100 3153 1518 3224; x_wconf 89' lang='lat' dir='ltr'><strong>periclitantes,</strong></span> <span class='ocrx_word' id='word_1_217' title='bbox 1540 3161 1714 3226; x_wconf 87' lang='lat' dir='ltr'><strong>atque</strong></span> <span class='ocrx_word' id='word_1_218' title='bbox 1746 3155 1826 3209; x_wconf 89' lang='lat' dir='ltr'><strong>ita</strong></span> <span class='ocrx_word' id='word_1_219' title='bbox 1858 3156 1977 3209; x_wconf 89' lang='lat' dir='ltr'><strong>ani-</strong></span> 
     </span>
    </p>
   </div>
   <div class='ocr_carea' id='block_1_33' title="bbox 323 3241 1972 3316">
    <p class='ocr_par' dir='ltr' id='par_1_33' title="bbox 323 3241 1972 3316">
     <span class='ocr_line' id='line_1_33' title="bbox 323 3241 1972 3316; baseline 0.001 -19"><span class='ocrx_word' id='word_1_220' title='bbox 323 3258 419 3297; x_wconf 91' lang='lat' dir='ltr'><strong>mo</strong></span> <span class='ocrx_word' id='word_1_221' title='bbox 450 3241 795 3313; x_wconf 87' lang='lat' dir='ltr'><strong>comparati,</strong></span> <span class='ocrx_word' id='word_1_222' title='bbox 830 3247 912 3309; x_wconf 89' lang='lat' dir='ltr'><strong>ut,</strong></span> <span class='ocrx_word' id='word_1_223' title='bbox 949 3242 993 3297; x_wconf 91' lang='lat' dir='ltr'><strong>si</strong></span> <span class='ocrx_word' id='word_1_224' title='bbox 1032 3244 1398 3299; x_wconf 89' lang='lat' dir='ltr'><strong>acerbissimi</strong></span> <span class='ocrx_word' id='word_1_225' title='bbox 1431 3244 1735 3315; x_wconf 89' lang='lat' dir='ltr'><strong>quidpiam</strong></span> <span class='ocrx_word' id='word_1_226' title='bbox 1768 3262 1871 3316; x_wconf 92' lang='lat' dir='ltr'><strong>pro</strong></span> <span class='ocrx_word' id='word_1_227' title='bbox 1907 3261 1972 3300; x_wconf 93' lang='lat' dir='ltr'><strong>eo</strong></span> 
     </span>
    </p>
   </div>
   <div class='ocr_carea' id='block_1_34' title="bbox 2099 652 3743 728">
    <p class='ocr_par' dir='ltr' id='par_1_34' title="bbox 2099 652 3743 728">
     <span class='ocr_line' id='line_1_34' title="bbox 2099 652 3743 728; baseline -0.003 -18"><span class='ocrx_word' id='word_1_228' title='bbox 2099 656 2273 710; x_wconf 87' lang='lat' dir='ltr'><strong>steria</strong></span> <span class='ocrx_word' id='word_1_229' title='bbox 2302 658 2413 710; x_wconf 86' lang='lat' dir='ltr'><strong>iter</strong></span> <span class='ocrx_word' id='word_1_230' title='bbox 2443 660 2789 728; x_wconf 88' lang='lat' dir='ltr'><strong>prosecutus</strong></span> <span class='ocrx_word' id='word_1_231' title='bbox 2839 660 2943 711; x_wconf 90' lang='lat' dir='ltr'><strong>est.</strong></span> <span class='ocrx_word' id='word_1_232' title='bbox 2996 659 3386 727; x_wconf 87' lang='lat' dir='ltr'><strong>Posteaquam</strong></span> <span class='ocrx_word' id='word_1_233' title='bbox 3446 653 3643 724; x_wconf 88' lang='lat' dir='ltr'><strong>itaque</strong></span> <span class='ocrx_word' id='word_1_234' title='bbox 3677 652 3743 705; x_wconf 84' lang='lat' dir='ltr'><strong>ad</strong></span> 
     </span>
    </p>
   </div>
   <div class='ocr_carea' id='block_1_35' title="bbox 2099 740 3746 818">
    <p class='ocr_par' dir='ltr' id='par_1_35' title="bbox 2099 740 3746 818">
     <span class='ocr_line' id='line_1_35' title="bbox 2099 740 3746 818; baseline -0.002 -19"><span class='ocrx_word' id='word_1_235' title='bbox 2099 747 2520 801; x_wconf 85' lang='lat' dir='ltr'><strong>monasterium</strong></span> <span class='ocrx_word' id='word_1_236' title='bbox 2578 749 2773 801; x_wconf 86' lang='lat' dir='ltr'><strong>Pabau</strong></span> <span class='ocrx_word' id='word_1_237' title='bbox 2832 745 3073 818; x_wconf 90' lang='lat' dir='ltr'><strong>propius</strong></span> <span class='ocrx_word' id='word_1_238' title='bbox 3123 744 3372 801; x_wconf 87' lang='lat' dir='ltr'><strong>accessit</strong></span> <span class='ocrx_word' id='word_1_239' title='bbox 3426 740 3746 808; x_wconf 89' lang='lat' dir='ltr'><strong>Artemius,</strong></span> 
     </span>
    </p>
   </div>
   <div class='ocr_carea' id='block_1_36' title="bbox 2096 831 3749 907">
    <p class='ocr_par' dir='ltr' id='par_1_36' title="bbox 2096 831 3749 907">
     <span class='ocr_line' id='line_1_36' title="bbox 2096 831 3749 907; baseline -0.002 -18"><span class='ocrx_word' id='word_1_240' title='bbox 2096 834 2251 890; x_wconf 91' lang='lat' dir='ltr'><strong>haud</strong></span> <span class='ocrx_word' id='word_1_241' title='bbox 2287 853 2452 891; x_wconf 85' lang='lat' dir='ltr'><strong>secus</strong></span> <span class='ocrx_word' id='word_1_242' title='bbox 2472 853 2536 890; x_wconf 88' lang='lat' dir='ltr'><strong>ac</strong></span> <span class='ocrx_word' id='word_1_243' title='bbox 2557 837 2603 890; x_wconf 90' lang='lat' dir='ltr'><strong>si</strong></span> <span class='ocrx_word' id='word_1_244' title='bbox 2628 836 2845 891; x_wconf 90' lang='lat' dir='ltr'><strong>bellum</strong></span> <span class='ocrx_word' id='word_1_245' title='bbox 2866 834 3497 907; x_wconf 88' lang='lat' dir='ltr'><strong>gereretur,dispositis</strong></span> <span class='ocrx_word' id='word_1_246' title='bbox 3522 831 3749 887; x_wconf 90' lang='lat' dir='ltr'><strong>circum</strong></span> 
     </span>
    </p>
   </div>
   <div class='ocr_carea' id='block_1_37' title="bbox 2095 920 3749 997">
    <p class='ocr_par' dir='ltr' id='par_1_37' title="bbox 2095 920 3749 997">
     <span class='ocr_line' id='line_1_37' title="bbox 2095 920 3749 997; baseline -0.002 -19"><span class='ocrx_word' id='word_1_247' title='bbox 2095 941 2327 997; x_wconf 85' lang='lat' dir='ltr'><strong>quaque</strong></span> <span class='ocrx_word' id='word_1_248' title='bbox 2358 926 2851 997; x_wconf 85' lang='lat' dir='ltr'><strong>militibus,jussit</strong></span> <span class='ocrx_word' id='word_1_249' title='bbox 2880 924 3302 980; x_wconf 86' lang='lat' dir='ltr'><strong>monasterium</strong></span> <span class='ocrx_word' id='word_1_250' title='bbox 3325 920 3749 978; x_wconf 89' lang='lat' dir='ltr'><strong>observari.In-</strong></span> 
     </span>
    </p>
   </div>
   <div class='ocr_carea' id='block_1_38' title="bbox 2094 1014 3746 1086">
    <p class='ocr_par' dir='ltr' id='par_1_38' title="bbox 2094 1014 3746 1086">
     <span class='ocr_line' id='line_1_38' title="bbox 2094 1014 3746 1086; baseline -0.002 -19"><span class='ocrx_word' id='word_1_251' title='bbox 2094 1030 2333 1086; x_wconf 86' lang='lat' dir='ltr'><strong>gressus</strong></span> <span class='ocrx_word' id='word_1_252' title='bbox 2364 1014 2443 1069; x_wconf 91' lang='lat' dir='ltr'><strong>ibi</strong></span> <span class='ocrx_word' id='word_1_253' title='bbox 2466 1015 2821 1070; x_wconf 81' lang='lat' dir='ltr'><strong>considebat.</strong></span> <span class='ocrx_word' id='word_1_254' title='bbox 2858 1016 3028 1068; x_wconf 84' lang='lat' dir='ltr'><strong>Extra</strong></span> <span class='ocrx_word' id='word_1_255' title='bbox 3057 1021 3249 1068; x_wconf 89' lang='lat' dir='ltr'><strong>locum</strong></span> <span class='ocrx_word' id='word_1_256' title='bbox 3270 1018 3468 1068; x_wconf 88' lang='lat' dir='ltr'><strong>tamen</strong></span> <span class='ocrx_word' id='word_1_257' title='bbox 3500 1026 3746 1066; x_wconf 85' lang='lat' dir='ltr'><strong>conven-</strong></span> 
     </span>
    </p>
   </div>
   <div class='ocr_carea' id='block_1_39' title="bbox 2092 1100 3746 1175">
    <p class='ocr_par' dir='ltr' id='par_1_39' title="bbox 2092 1100 3746 1175">
     <span class='ocr_line' id='line_1_39' title="bbox 2092 1100 3746 1175; baseline -0.002 -18"><span class='ocrx_word' id='word_1_258' title='bbox 2092 1106 2189 1157; x_wconf 87' lang='lat' dir='ltr'><strong>tus</strong></span> <span class='ocrx_word' id='word_1_259' title='bbox 2208 1121 2339 1158; x_wconf 90' lang='lat' dir='ltr'><strong>cum</strong></span> <span class='ocrx_word' id='word_1_260' title='bbox 2366 1104 2694 1175; x_wconf 72' lang='lat' dir='ltr'><strong>prmpesitis</strong></span> <span class='ocrx_word' id='word_1_261' title='bbox 2719 1102 3289 1174; x_wconf 84' lang='lat' dir='ltr'><strong>agebat,constitutis</strong></span> <span class='ocrx_word' id='word_1_262' title='bbox 3308 1101 3461 1155; x_wconf 90' lang='lat' dir='ltr'><strong>ultro</strong></span> <span class='ocrx_word' id='word_1_263' title='bbox 3485 1100 3746 1170; x_wconf 88' lang='lat' dir='ltr'><strong>citroque</strong></span> 
     </span>
    </p>
   </div>
   <div class='ocr_carea' id='block_1_40' title="bbox 2093 1188 3740 1263">
    <p class='ocr_par' dir='ltr' id='par_1_40' title="bbox 2093 1188 3740 1263">
     <span class='ocr_line' id='line_1_40' title="bbox 2093 1188 3740 1263; baseline -0.002 -17"><span class='ocrx_word' id='word_1_264' title='bbox 2093 1193 2433 1263; x_wconf 82' lang='lat' dir='ltr'><strong>sagittariis.</strong></span> <span class='ocrx_word' id='word_1_265' title='bbox 2470 1194 2591 1257; x_wconf 91' lang='lat' dir='ltr'><strong>Quo</strong></span> <span class='ocrx_word' id='word_1_266' title='bbox 2624 1197 2935 1263; x_wconf 83' lang='lat' dir='ltr'><strong>conspecto</strong></span> <span class='ocrx_word' id='word_1_267' title='bbox 2980 1194 3185 1245; x_wconf 77' lang='lat' dir='ltr'><strong>fratres</strong></span> <span class='ocrx_word' id='word_1_268' title='bbox 3238 1188 3525 1261; x_wconf 88' lang='lat' dir='ltr'><strong>perterriti</strong></span> <span class='ocrx_word' id='word_1_269' title='bbox 3579 1192 3740 1243; x_wconf 89' lang='lat' dir='ltr'><strong>sunt.</strong></span> 
     </span>
    </p>
   </div>
   <div class='ocr_carea' id='block_1_41' title="bbox 2092 1279 3744 1351">
    <p class='ocr_par' dir='ltr' id='par_1_41' title="bbox 2092 1279 3744 1351">
     <span class='ocr_line' id='line_1_41' title="bbox 2092 1279 3744 1351; baseline -0.002 -14"><span class='ocrx_word' id='word_1_270' title='bbox 2092 1283 2229 1337; x_wconf 88' lang='lat' dir='ltr'><strong>Erat</strong></span> <span class='ocrx_word' id='word_1_271' title='bbox 2256 1287 2381 1338; x_wconf 88' lang='lat' dir='ltr'><strong>tum</strong></span> <span class='ocrx_word' id='word_1_272' title='bbox 2429 1283 2561 1338; x_wconf 89' lang='lat' dir='ltr'><strong>istic</strong></span> <span class='ocrx_word' id='word_1_273' title='bbox 2611 1282 2698 1336; x_wconf 87' lang='lat' dir='ltr'><strong>vir</strong></span> <span class='ocrx_word' id='word_1_274' title='bbox 2747 1280 3056 1336; x_wconf 89' lang='lat' dir='ltr'><strong>sanctitate</strong></span> <span class='ocrx_word' id='word_1_275' title='bbox 3104 1280 3455 1351; x_wconf 88' lang='lat' dir='ltr'><strong>conspicuus</strong></span> <span class='ocrx_word' id='word_1_276' title='bbox 3509 1279 3744 1334; x_wconf 87' lang='lat' dir='ltr'><strong>nomine</strong></span> 
     </span>
    </p>
   </div>
   <div class='ocr_carea' id='block_1_42' title="bbox 2094 1368 3745 1445">
    <p class='ocr_par' dir='ltr' id='par_1_42' title="bbox 2094 1368 3745 1445">
     <span class='ocr_line' id='line_1_42' title="bbox 2094 1368 3745 1445; baseline -0.004 -17"><span class='ocrx_word' id='word_1_277' title='bbox 2094 1373 2385 1445; x_wconf 78' lang='lat' dir='ltr'><strong>Pecysius,</strong></span> <span class='ocrx_word' id='word_1_278' title='bbox 2420 1372 2517 1444; x_wconf 88' lang='lat' dir='ltr'><strong>qui</strong></span> <span class='ocrx_word' id='word_1_279' title='bbox 2568 1372 2814 1426; x_wconf 87' lang='lat' dir='ltr'><strong>fratrum</strong></span> <span class='ocrx_word' id='word_1_280' title='bbox 2867 1370 3097 1425; x_wconf 91' lang='lat' dir='ltr'><strong>animos</strong></span> <span class='ocrx_word' id='word_1_281' title='bbox 3155 1369 3560 1434; x_wconf 79' lang='lat' dir='ltr'><strong>confirmabat,</strong></span> <span class='ocrx_word' id='word_1_282' title='bbox 3616 1368 3745 1423; x_wconf 87' lang='lat' dir='ltr'><strong>Dux</strong></span> 
     </span>
    </p>
   </div>
   <div class='ocr_carea' id='block_1_43' title="bbox 2092 1458 3745 1532">
    <p class='ocr_par' dir='ltr' id='par_1_43' title="bbox 2092 1458 3745 1532">
     <span class='ocr_line' id='line_1_43' title="bbox 2092 1458 3745 1532; baseline -0.003 -15"><span class='ocrx_word' id='word_1_283' title='bbox 2092 1468 2285 1517; x_wconf 89' lang='lat' dir='ltr'><strong>autem</strong></span> <span class='ocrx_word' id='word_1_284' title='bbox 2319 1463 2630 1532; x_wconf 86' lang='lat' dir='ltr'><strong>interprete</strong></span> <span class='ocrx_word' id='word_1_285' title='bbox 2661 1478 2827 1531; x_wconf 91' lang='lat' dir='ltr'><strong>usus,</strong></span> <span class='ocrx_word' id='word_1_286' title='bbox 2862 1462 3003 1526; x_wconf 93' lang='lat' dir='ltr'><strong>Quo,</strong></span> <span class='ocrx_word' id='word_1_287' title='bbox 3037 1459 3250 1530; x_wconf 80' lang='lat' dir='ltr'><strong>inquit,</strong></span> <span class='ocrx_word' id='word_1_288' title='bbox 3284 1458 3343 1513; x_wconf 91' lang='lat' dir='ltr'><strong>in</strong></span> <span class='ocrx_word' id='word_1_289' title='bbox 3396 1458 3524 1513; x_wconf 89' lang='lat' dir='ltr'><strong>loco</strong></span> <span class='ocrx_word' id='word_1_290' title='bbox 3584 1461 3745 1528; x_wconf 90' lang='lat' dir='ltr'><strong>pater</strong></span> 
     </span>
    </p>
   </div>
   <div class='ocr_carea' id='block_1_44' title="bbox 2092 1547 3751 1619">
    <p class='ocr_par' dir='ltr' id='par_1_44' title="bbox 2092 1547 3751 1619">
     <span class='ocr_line' id='line_1_44' title="bbox 2092 1547 3751 1619; baseline -0.002 -14"><span class='ocrx_word' id='word_1_291' title='bbox 2092 1552 2354 1606; x_wconf 90' lang='lat' dir='ltr'><strong>omnium</strong></span> <span class='ocrx_word' id='word_1_292' title='bbox 2388 1556 2646 1606; x_wconf 87' lang='lat' dir='ltr'><strong>vestrum</strong></span> <span class='ocrx_word' id='word_1_293' title='bbox 2680 1554 2949 1605; x_wconf 87' lang='lat' dir='ltr'><strong>versatur</strong></span> <span class='ocrx_word' id='word_1_294' title='bbox 2978 1552 2999 1604; x_wconf 69' lang='grc' dir='ltr'><strong>Ξ)</strong></span> <span class='ocrx_word' id='word_1_295' title='bbox 3029 1548 3347 1619; x_wconf 81' lang='lat' dir='ltr'><strong>Respondit</strong></span> <span class='ocrx_word' id='word_1_296' title='bbox 3378 1547 3559 1602; x_wconf 86' lang='lat' dir='ltr'><strong>abbas</strong></span> <span class='ocrx_word' id='word_1_297' title='bbox 3579 1547 3751 1618; x_wconf 82' lang='lat' dir='ltr'><strong>Pecy-</strong></span> 
     </span>
    </p>
   </div>
   <div class='ocr_carea' id='block_1_45' title="bbox 2092 1634 3746 1700">
    <p class='ocr_par' dir='ltr' id='par_1_45' title="bbox 2092 1634 3746 1700">
     <span class='ocr_line' id='line_1_45' title="bbox 2092 1634 3746 1700; baseline -0.004 -5"><span class='ocrx_word' id='word_1_298' title='bbox 2092 1638 2216 1695; x_wconf 89' lang='lat' dir='ltr'><strong>sius</strong></span> <span class='ocrx_word' id='word_1_299' title='bbox 2250 1659 2261 1695; x_wconf 93' lang='lat'>:</span> <span class='ocrx_word' id='word_1_300' title='bbox 2296 1639 2595 1693; x_wconf 83' lang='lat' dir='ltr'><strong>Abscessit</strong></span> <span class='ocrx_word' id='word_1_301' title='bbox 2627 1638 2695 1691; x_wconf 91' lang='lat' dir='ltr'><strong>ad</strong></span> <span class='ocrx_word' id='word_1_302' title='bbox 2758 1635 3133 1692; x_wconf 91' lang='lat' dir='ltr'><strong>monasteria.</strong></span> <span class='ocrx_word' id='word_1_303' title='bbox 3182 1634 3286 1690; x_wconf 85' lang='lat' dir='ltr'><strong>Cui</strong></span> <span class='ocrx_word' id='word_1_304' title='bbox 3317 1635 3434 1689; x_wconf 87' lang='lat' dir='ltr'><strong>dux</strong></span> <span class='ocrx_word' id='word_1_305' title='bbox 3468 1653 3480 1689; x_wconf 90' lang='lat'>:</span> <span class='ocrx_word' id='word_1_306' title='bbox 3515 1634 3623 1700; x_wconf 89' lang='lat' dir='ltr'><strong>Qui</strong></span> <span class='ocrx_word' id='word_1_307' title='bbox 3655 1650 3746 1690; x_wconf 89' lang='lat' dir='ltr'><strong>se-</strong></span> 
     </span>
    </p>
   </div>
   <div class='ocr_carea' id='block_1_46' title="bbox 2091 1724 3755 1783">
    <p class='ocr_par' dir='ltr' id='par_1_46' title="bbox 2091 1724 3755 1783">
     <span class='ocr_line' id='line_1_46' title="bbox 2091 1724 3755 1783; baseline -0.004 0"><span class='ocrx_word' id='word_1_308' title='bbox 2091 1728 2351 1783; x_wconf 89' lang='lat' dir='ltr'><strong>cundum</strong></span> <span class='ocrx_word' id='word_1_309' title='bbox 2385 1729 2456 1783; x_wconf 89' lang='lat' dir='ltr'><strong>ab</strong></span> <span class='ocrx_word' id='word_1_310' title='bbox 2490 1744 2555 1782; x_wconf 90' lang='lat' dir='ltr'><strong>eo</strong></span> <span class='ocrx_word' id='word_1_311' title='bbox 2587 1726 2777 1781; x_wconf 91' lang='lat' dir='ltr'><strong>locum</strong></span> <span class='ocrx_word' id='word_1_312' title='bbox 2812 1725 3029 1780; x_wconf 88' lang='lat' dir='ltr'><strong>obticet</strong></span> <span class='ocrx_word' id='word_1_313' title='bbox 3061 1724 3304 1779; x_wconf 90' lang='lat' dir='ltr'><strong>ubinam</strong></span> <span class='ocrx_word' id='word_1_314' title='bbox 3337 1724 3454 1779; x_wconf 85' lang='lat' dir='ltr'><strong>est?</strong></span> <span class='ocrx_word' id='word_1_315' title='bbox 3485 1725 3633 1779; x_wconf 88' lang='lat' dir='ltr'><strong>Tum</strong></span> <span class='ocrx_word' id='word_1_316' title='bbox 3663 1724 3755 1777; x_wconf 89' lang='lat' dir='ltr'><strong>in-</strong></span> 
     </span>
    </p>
   </div>
   <div class='ocr_carea' id='block_1_47' title="bbox 2091 1814 3742 1886">
    <p class='ocr_par' dir='ltr' id='par_1_47' title="bbox 2091 1814 3742 1886">
     <span class='ocr_line' id='line_1_47' title="bbox 2091 1814 3742 1886; baseline -0.002 -15"><span class='ocrx_word' id='word_1_317' title='bbox 2091 1818 2287 1872; x_wconf 90' lang='lat' dir='ltr'><strong>dicant</strong></span> <span class='ocrx_word' id='word_1_318' title='bbox 2317 1817 2589 1872; x_wconf 87' lang='lat' dir='ltr'><strong>abbatem</strong></span> <span class='ocrx_word' id='word_1_319' title='bbox 2624 1814 2974 1885; x_wconf 90' lang='lat' dir='ltr'><strong>Psarphium</strong></span> <span class='ocrx_word' id='word_1_320' title='bbox 3027 1830 3309 1886; x_wconf 90' lang='lat' dir='ltr'><strong>magnum</strong></span> <span class='ocrx_word' id='word_1_321' title='bbox 3350 1828 3742 1869; x_wconf 89' lang='lat' dir='ltr'><strong>oeconomum.</strong></span> 
     </span>
    </p>
   </div>
   <div class='ocr_carea' id='block_1_48' title="bbox 2091 1901 3741 1976">
    <p class='ocr_par' dir='ltr' id='par_1_48' title="bbox 2091 1901 3741 1976">
     <span class='ocr_line' id='line_1_48' title="bbox 2091 1901 3741 1976; baseline -0.004 -15"><span class='ocrx_word' id='word_1_322' title='bbox 2091 1908 2272 1972; x_wconf 88' lang='lat' dir='ltr'><strong>Quem</strong></span> <span class='ocrx_word' id='word_1_323' title='bbox 2305 1906 2547 1961; x_wconf 89' lang='lat' dir='ltr'><strong>seorsim</strong></span> <span class='ocrx_word' id='word_1_324' title='bbox 2583 1906 2696 1960; x_wconf 89' lang='lat' dir='ltr'><strong>dux</strong></span> <span class='ocrx_word' id='word_1_325' title='bbox 2720 1903 3058 1976; x_wconf 81' lang='lat' dir='ltr'><strong>alloquitur.</strong></span> <span class='ocrx_word' id='word_1_326' title='bbox 3078 1904 3179 1958; x_wconf 87' lang='lat' dir='ltr'><strong>Est</strong></span> <span class='ocrx_word' id='word_1_327' title='bbox 3200 1918 3377 1974; x_wconf 89' lang='lat' dir='ltr'><strong>penes</strong></span> <span class='ocrx_word' id='word_1_328' title='bbox 3406 1901 3741 1973; x_wconf 86' lang='lat' dir='ltr'><strong>me,inquit,</strong></span> 
     </span>
    </p>
   </div>
   <div class='ocr_carea' id='block_1_49' title="bbox 2092 1990 3737 2067">
    <p class='ocr_par' dir='ltr' id='par_1_49' title="bbox 2092 1990 3737 2067">
     <span class='ocr_line' id='line_1_49' title="bbox 2092 1990 3737 2067; baseline -0.003 -18"><span class='ocrx_word' id='word_1_329' title='bbox 2092 1996 2712 2067; x_wconf 89' lang='lat' dir='ltr'><strong>imperatorisjussum</strong></span> <span class='ocrx_word' id='word_1_330' title='bbox 2734 1999 2937 2049; x_wconf 91' lang='lat' dir='ltr'><strong>contra</strong></span> <span class='ocrx_word' id='word_1_331' title='bbox 2968 1992 3560 2062; x_wconf 87' lang='lat' dir='ltr'><strong>Athanasium,quem</strong></span> <span class='ocrx_word' id='word_1_332' title='bbox 3582 1990 3737 2062; x_wconf 91' lang='lat' dir='ltr'><strong>apud</strong></span> 
     </span>
    </p>
   </div>
   <div class='ocr_carea' id='block_1_50' title="bbox 2091 2080 3746 2152">
    <p class='ocr_par' dir='ltr' id='par_1_50' title="bbox 2091 2080 3746 2152">
     <span class='ocr_line' id='line_1_50' title="bbox 2091 2080 3746 2152; baseline -0.002 -14"><span class='ocrx_word' id='word_1_333' title='bbox 2091 2102 2194 2139; x_wconf 90' lang='lat' dir='ltr'><strong>vos</strong></span> <span class='ocrx_word' id='word_1_334' title='bbox 2228 2084 2564 2140; x_wconf 90' lang='lat' dir='ltr'><strong>delitescere</strong></span> <span class='ocrx_word' id='word_1_335' title='bbox 2598 2086 2754 2139; x_wconf 85' lang='lat' dir='ltr'><strong>fama</strong></span> <span class='ocrx_word' id='word_1_336' title='bbox 2783 2083 3003 2138; x_wconf 85' lang='lat' dir='ltr'><strong>est.Cui</strong></span> <span class='ocrx_word' id='word_1_337' title='bbox 3029 2082 3212 2137; x_wconf 86' lang='lat' dir='ltr'><strong>abbas</strong></span> <span class='ocrx_word' id='word_1_338' title='bbox 3243 2080 3587 2152; x_wconf 89' lang='lat' dir='ltr'><strong>Psarphius:</strong></span> <span class='ocrx_word' id='word_1_339' title='bbox 3614 2081 3746 2151; x_wconf 87' lang='lat' dir='ltr'><strong>Ipse</strong></span> 
     </span>
    </p>
   </div>
   <div class='ocr_carea' id='block_1_51' title="bbox 2092 2169 3740 2245">
    <p class='ocr_par' dir='ltr' id='par_1_51' title="bbox 2092 2169 3740 2245">
     <span class='ocr_line' id='line_1_51' title="bbox 2092 2169 3740 2245; baseline -0.004 -16"><span class='ocrx_word' id='word_1_340' title='bbox 2092 2175 2326 2245; x_wconf 89' lang='lat' dir='ltr'><strong>quidem</strong></span> <span class='ocrx_word' id='word_1_341' title='bbox 2364 2174 2627 2230; x_wconf 90' lang='lat' dir='ltr'><strong>omnium</strong></span> <span class='ocrx_word' id='word_1_342' title='bbox 2661 2178 2931 2229; x_wconf 91' lang='lat' dir='ltr'><strong>nostrum</strong></span> <span class='ocrx_word' id='word_1_343' title='bbox 2977 2177 3141 2243; x_wconf 88' lang='lat' dir='ltr'><strong>pater</strong></span> <span class='ocrx_word' id='word_1_344' title='bbox 3171 2176 3281 2239; x_wconf 90' lang='lat' dir='ltr'><strong>est,</strong></span> <span class='ocrx_word' id='word_1_345' title='bbox 3341 2170 3590 2225; x_wconf 89' lang='lat' dir='ltr'><strong>necdum</strong></span> <span class='ocrx_word' id='word_1_346' title='bbox 3632 2169 3740 2224; x_wconf 91' lang='lat' dir='ltr'><strong>viri</strong></span> 
     </span>
    </p>
   </div>
   <div class='ocr_carea' id='block_1_52' title="bbox 2092 2259 3737 2335">
    <p class='ocr_par' dir='ltr' id='par_1_52' title="bbox 2092 2259 3737 2335">
     <span class='ocr_line' id='line_1_52' title="bbox 2092 2259 3737 2335; baseline -0.002 -18"><span class='ocrx_word' id='word_1_347' title='bbox 2092 2264 2297 2319; x_wconf 89' lang='lat' dir='ltr'><strong>faciem</strong></span> <span class='ocrx_word' id='word_1_348' title='bbox 2330 2264 2522 2335; x_wconf 85' lang='lat' dir='ltr'><strong>aspexi</strong></span> <span class='ocrx_word' id='word_1_349' title='bbox 2561 2282 2574 2333; x_wconf 89' lang='lat'>;</span> <span class='ocrx_word' id='word_1_350' title='bbox 2608 2279 2739 2318; x_wconf 90' lang='lat' dir='ltr'><strong>ecce</strong></span> <span class='ocrx_word' id='word_1_351' title='bbox 2770 2260 3212 2317; x_wconf 90' lang='lat' dir='ltr'><strong>monasterium.</strong></span> <span class='ocrx_word' id='word_1_352' title='bbox 3248 2259 3569 2332; x_wconf 86' lang='lat' dir='ltr'><strong>Diligenter</strong></span> <span class='ocrx_word' id='word_1_353' title='bbox 3607 2275 3737 2330; x_wconf 89' lang='lat' dir='ltr'><strong>per-</strong></span> 
     </span>
    </p>
   </div>
   <div class='ocr_carea' id='block_1_53' title="bbox 2091 2348 3739 2420">
    <p class='ocr_par' dir='ltr' id='par_1_53' title="bbox 2091 2348 3739 2420">
     <span class='ocr_line' id='line_1_53' title="bbox 2091 2348 3739 2420; baseline -0.003 -12"><span class='ocrx_word' id='word_1_354' title='bbox 2091 2358 2385 2409; x_wconf 89' lang='lat' dir='ltr'><strong>scrutatus</strong></span> <span class='ocrx_word' id='word_1_355' title='bbox 2416 2355 2552 2420; x_wconf 88' lang='lat' dir='ltr'><strong>dux,</strong></span> <span class='ocrx_word' id='word_1_356' title='bbox 2588 2370 2721 2407; x_wconf 91' lang='lat' dir='ltr'><strong>cum</strong></span> <span class='ocrx_word' id='word_1_357' title='bbox 2753 2352 3139 2407; x_wconf 79' lang='lat' dir='ltr'><strong>Athanasium</strong></span> <span class='ocrx_word' id='word_1_358' title='bbox 3174 2366 3289 2405; x_wconf 92' lang='lat' dir='ltr'><strong>non</strong></span> <span class='ocrx_word' id='word_1_359' title='bbox 3322 2348 3739 2418; x_wconf 89' lang='lat' dir='ltr'><strong>invenisset,ad</strong></span> 
     </span>
    </p>
   </div>
   <div class='ocr_carea' id='block_1_54' title="bbox 2090 2438 3745 2509">
    <p class='ocr_par' dir='ltr' id='par_1_54' title="bbox 2090 2438 3745 2509">
     <span class='ocr_line' id='line_1_54' title="bbox 2090 2438 3745 2509; baseline -0.004 -11"><span class='ocrx_word' id='word_1_360' title='bbox 2090 2446 2438 2498; x_wconf 85' lang='lat' dir='ltr'><strong>conventum</strong></span> <span class='ocrx_word' id='word_1_361' title='bbox 2474 2442 2753 2497; x_wconf 86' lang='lat' dir='ltr'><strong>accedens</strong></span> <span class='ocrx_word' id='word_1_362' title='bbox 2792 2459 2803 2496; x_wconf 93' lang='lat'><strong>:</strong></span> <span class='ocrx_word' id='word_1_363' title='bbox 2839 2441 3030 2506; x_wconf 88' lang='lat' dir='ltr'><strong>Orate,</strong></span> <span class='ocrx_word' id='word_1_364' title='bbox 3064 2438 3277 2509; x_wconf 89' lang='lat' dir='ltr'><strong>inquit,</strong></span> <span class='ocrx_word' id='word_1_365' title='bbox 3313 2455 3415 2509; x_wconf 87' lang='lat' dir='ltr'><strong>pro</strong></span> <span class='ocrx_word' id='word_1_366' title='bbox 3443 2438 3745 2508; x_wconf 82' lang='lat' dir='ltr'><strong>me.Repo-</strong></span> 
     </span>
    </p>
   </div>
   <div class='ocr_carea' id='block_1_55' title="bbox 2090 2525 3745 2599">
    <p class='ocr_par' dir='ltr' id='par_1_55' title="bbox 2090 2525 3745 2599">
     <span class='ocr_line' id='line_1_55' title="bbox 2090 2525 3745 2599; baseline -0.004 -13"><span class='ocrx_word' id='word_1_367' title='bbox 2090 2537 2240 2587; x_wconf 90' lang='lat' dir='ltr'><strong>nunt</strong></span> <span class='ocrx_word' id='word_1_368' title='bbox 2273 2530 2386 2586; x_wconf 90' lang='lat' dir='ltr'><strong>ille:</strong></span> <span class='ocrx_word' id='word_1_369' title='bbox 2423 2532 2547 2585; x_wconf 90' lang='lat' dir='ltr'><strong>Non</strong></span> <span class='ocrx_word' id='word_1_370' title='bbox 2581 2531 2715 2585; x_wconf 88' lang='lat' dir='ltr'><strong>licet</strong></span> <span class='ocrx_word' id='word_1_371' title='bbox 2746 2528 3201 2584; x_wconf 86' lang='lat' dir='ltr'><strong>nobis.Vetitum</strong></span> <span class='ocrx_word' id='word_1_372' title='bbox 3226 2528 3442 2599; x_wconf 89' lang='lat' dir='ltr'><strong>quippe</strong></span> <span class='ocrx_word' id='word_1_373' title='bbox 3470 2525 3639 2581; x_wconf 91' lang='lat' dir='ltr'><strong>nobis</strong></span> <span class='ocrx_word' id='word_1_374' title='bbox 3655 2529 3745 2581; x_wconf 90' lang='lat' dir='ltr'><strong>est</strong></span> 
     </span>
    </p>
   </div>
   <div class='ocr_carea' id='block_1_56' title="bbox 2090 2615 3746 2691">
    <p class='ocr_par' dir='ltr' id='par_1_56' title="bbox 2090 2615 3746 2691">
     <span class='ocr_line' id='line_1_56' title="bbox 2090 2615 3746 2691; baseline -0.003 -15"><span class='ocrx_word' id='word_1_375' title='bbox 2090 2638 2123 2676; x_wconf 87' lang='lat' dir='ltr'><strong>a</strong></span> <span class='ocrx_word' id='word_1_376' title='bbox 2154 2622 2319 2676; x_wconf 89' lang='lat' dir='ltr'><strong>Patre</strong></span> <span class='ocrx_word' id='word_1_377' title='bbox 2334 2625 2632 2691; x_wconf 89' lang='lat' dir='ltr'><strong>nostro,nc</strong></span> <span class='ocrx_word' id='word_1_378' title='bbox 2658 2636 2793 2674; x_wconf 92' lang='lat' dir='ltr'><strong>cum</strong></span> <span class='ocrx_word' id='word_1_379' title='bbox 2815 2619 3012 2690; x_wconf 90' lang='lat' dir='ltr'><strong>aliquo</strong></span> <span class='ocrx_word' id='word_1_380' title='bbox 3046 2634 3281 2673; x_wconf 88' lang='lat' dir='ltr'><strong>oremus</strong></span> <span class='ocrx_word' id='word_1_381' title='bbox 3305 2616 3403 2688; x_wconf 91' lang='lat' dir='ltr'><strong>qui</strong></span> <span class='ocrx_word' id='word_1_382' title='bbox 3428 2632 3563 2671; x_wconf 91' lang='lat' dir='ltr'><strong>cum</strong></span> <span class='ocrx_word' id='word_1_383' title='bbox 3593 2615 3746 2671; x_wconf 83' lang='lat' dir='ltr'><strong>Aria-</strong></span> 
     </span>
    </p>
   </div>
   <div class='ocr_carea' id='block_1_57' title="bbox 2089 2702 3745 2777">
    <p class='ocr_par' dir='ltr' id='par_1_57' title="bbox 2089 2702 3745 2777">
     <span class='ocr_line' id='line_1_57' title="bbox 2089 2702 3745 2777; baseline -0.004 -11"><span class='ocrx_word' id='word_1_384' title='bbox 2089 2712 2181 2766; x_wconf 90' lang='lat' dir='ltr'><strong>nis</strong></span> <span class='ocrx_word' id='word_1_385' title='bbox 2231 2710 2646 2765; x_wconf 88' lang='lat' dir='ltr'><strong>communicet.</strong></span> <span class='ocrx_word' id='word_1_386' title='bbox 2708 2712 2851 2765; x_wconf 86' lang='lat' dir='ltr'><strong>Cum</strong></span> <span class='ocrx_word' id='word_1_387' title='bbox 2914 2709 3059 2762; x_wconf 91' lang='lat' dir='ltr'><strong>duce</strong></span> <span class='ocrx_word' id='word_1_388' title='bbox 3124 2722 3402 2777; x_wconf 87' lang='lat' dir='ltr'><strong>namque,</strong></span> <span class='ocrx_word' id='word_1_389' title='bbox 3461 2702 3745 2759; x_wconf 91' lang='lat' dir='ltr'><strong>Arianum</strong></span> 
     </span>
    </p>
   </div>
   <div class='ocr_carea' id='block_1_58' title="bbox 2088 2794 3743 2871">
    <p class='ocr_par' dir='ltr' id='par_1_58' title="bbox 2088 2794 3743 2871">
     <span class='ocr_line' id='line_1_58' title="bbox 2088 2794 3743 2871; baseline -0.005 -16"><span class='ocrx_word' id='word_1_390' title='bbox 2088 2801 2405 2871; x_wconf 88' lang='lat' dir='ltr'><strong>quemdam</strong></span> <span class='ocrx_word' id='word_1_391' title='bbox 2450 2799 2667 2854; x_wconf 89' lang='lat' dir='ltr'><strong>versari</strong></span> <span class='ocrx_word' id='word_1_392' title='bbox 2719 2800 3144 2869; x_wconf 82' lang='lat' dir='ltr'><strong>conspexerant</strong></span> <span class='ocrx_word' id='word_1_393' title='bbox 3199 2794 3455 2867; x_wconf 88' lang='lat' dir='ltr'><strong>episcopi</strong></span> <span class='ocrx_word' id='word_1_394' title='bbox 3491 2794 3743 2849; x_wconf 90' lang='lat' dir='ltr'><strong>formam</strong></span> 
     </span>
    </p>
   </div>
   <div class='ocr_carea' id='block_1_59' title="bbox 2086 2882 3745 2962">
    <p class='ocr_par' dir='ltr' id='par_1_59' title="bbox 2086 2882 3745 2962">
     <span class='ocr_line' id='line_1_59' title="bbox 2086 2882 3745 2962; baseline -0.005 -19"><span class='ocrx_word' id='word_1_395' title='bbox 2086 2890 2508 2962; x_wconf 61' lang='lat' dir='ltr'><strong>praeferentem.</strong></span> <span class='ocrx_word' id='word_1_396' title='bbox 2542 2888 3007 2943; x_wconf 89' lang='lat' dir='ltr'><strong>Abscedentibus</strong></span> <span class='ocrx_word' id='word_1_397' title='bbox 3039 2889 3234 2940; x_wconf 88' lang='lat' dir='ltr'><strong>autem</strong></span> <span class='ocrx_word' id='word_1_398' title='bbox 3258 2883 3398 2951; x_wconf 90' lang='lat' dir='ltr'><strong>illis,</strong></span> <span class='ocrx_word' id='word_1_399' title='bbox 3430 2882 3594 2938; x_wconf 90' lang='lat' dir='ltr'><strong>solus</strong></span> <span class='ocrx_word' id='word_1_400' title='bbox 3625 2882 3745 2936; x_wconf 89' lang='lat' dir='ltr'><strong>dux</strong></span> 
     </span>
    </p>
   </div>
   <div class='ocr_carea' id='block_1_60' title="bbox 2087 2970 3736 3050">
    <p class='ocr_par' dir='ltr' id='par_1_60' title="bbox 2087 2970 3736 3050">
     <span class='ocr_line' id='line_1_60' title="bbox 2087 2970 3736 3050; baseline -0.005 -17"><span class='ocrx_word' id='word_1_401' title='bbox 2087 2984 2359 3050; x_wconf 88' lang='lat' dir='ltr'><strong>precatus</strong></span> <span class='ocrx_word' id='word_1_402' title='bbox 2388 2982 2585 3033; x_wconf 85' lang='lat' dir='ltr'><strong>est.Ac</strong></span> <span class='ocrx_word' id='word_1_403' title='bbox 2616 2993 2750 3032; x_wconf 87' lang='lat' dir='ltr'><strong>cum</strong></span> <span class='ocrx_word' id='word_1_404' title='bbox 2784 2974 3040 3030; x_wconf 88' lang='lat' dir='ltr'><strong>interdiu</strong></span> <span class='ocrx_word' id='word_1_405' title='bbox 3071 2975 3130 3028; x_wconf 90' lang='lat' dir='ltr'><strong>in</strong></span> <span class='ocrx_word' id='word_1_406' title='bbox 3164 2974 3368 3045; x_wconf 87' lang='lat' dir='ltr'><strong>synaxi</strong></span> <span class='ocrx_word' id='word_1_407' title='bbox 3402 2970 3736 3027; x_wconf 88' lang='lat' dir='ltr'><strong>obdormis-</strong></span> 
     </span>
    </p>
   </div>
   <div class='ocr_carea' id='block_1_61' title="bbox 2087 3060 3736 3140">
    <p class='ocr_par' dir='ltr' id='par_1_61' title="bbox 2087 3060 3736 3140">
     <span class='ocr_line' id='line_1_61' title="bbox 2087 3060 3736 3140; baseline -0.006 -16"><span class='ocrx_word' id='word_1_408' title='bbox 2087 3073 2195 3134; x_wconf 91' lang='lat' dir='ltr'><strong>set,</strong></span> <span class='ocrx_word' id='word_1_409' title='bbox 2229 3067 2666 3140; x_wconf 83' lang='lat' dir='ltr'><strong>expergefactus</strong></span> <span class='ocrx_word' id='word_1_410' title='bbox 2713 3064 3062 3134; x_wconf 82' lang='lat' dir='ltr'><strong>sanguinem</strong></span> <span class='ocrx_word' id='word_1_411' title='bbox 3121 3062 3365 3117; x_wconf 89' lang='lat' dir='ltr'><strong>naribus</strong></span> <span class='ocrx_word' id='word_1_412' title='bbox 3408 3060 3736 3116; x_wconf 82' lang='lat' dir='ltr'><strong>emittebat.</strong></span> 
     </span>
    </p>
   </div>
   <div class='ocr_carea' id='block_1_62' title="bbox 2086 3148 3730 3228">
    <p class='ocr_par' dir='ltr' id='par_1_62' title="bbox 2086 3148 3730 3228">
     <span class='ocr_line' id='line_1_62' title="bbox 2086 3148 3730 3228; baseline -0.005 -17"><span class='ocrx_word' id='word_1_413' title='bbox 2086 3156 2349 3228; x_wconf 88' lang='lat' dir='ltr'><strong>Cumque</strong></span> <span class='ocrx_word' id='word_1_414' title='bbox 2380 3156 2716 3227; x_wconf 89' lang='lat' dir='ltr'><strong>ignorarent</strong></span> <span class='ocrx_word' id='word_1_415' title='bbox 2748 3153 3016 3209; x_wconf 88' lang='lat' dir='ltr'><strong>monachi</strong></span> <span class='ocrx_word' id='word_1_416' title='bbox 3052 3152 3192 3223; x_wconf 92' lang='lat' dir='ltr'><strong>quid</strong></span> <span class='ocrx_word' id='word_1_417' title='bbox 3230 3150 3537 3205; x_wconf 91' lang='lat' dir='ltr'><strong>accidisset</strong></span> <span class='ocrx_word' id='word_1_418' title='bbox 3567 3148 3681 3220; x_wconf 90' lang='lat' dir='ltr'><strong>ipsi</strong></span> <span class='ocrx_word' id='word_1_419' title='bbox 3718 3164 3730 3202; x_wconf 94' lang='lat'>:</span> 
     </span>
    </p>
   </div>
   <div class='ocr_carea' id='block_1_63' title="bbox 2086 3237 3730 3316">
    <p class='ocr_par' dir='ltr' id='par_1_63' title="bbox 2086 3237 3730 3316">
     <span class='ocr_line' id='line_1_63' title="bbox 2086 3237 3730 3316; baseline -0.006 -15"><span class='ocrx_word' id='word_1_420' title='bbox 2086 3245 2423 3316; x_wconf 83' lang='lat' dir='ltr'><strong>perterritus</strong></span> <span class='ocrx_word' id='word_1_421' title='bbox 2455 3243 2768 3308; x_wconf 88' lang='lat' dir='ltr'><strong>Artemius,</strong></span> <span class='ocrx_word' id='word_1_422' title='bbox 2802 3241 3007 3297; x_wconf 87' lang='lat' dir='ltr'><strong>Oblata</strong></span> <span class='ocrx_word' id='word_1_423' title='bbox 3034 3240 3199 3306; x_wconf 90' lang='lat' dir='ltr'><strong>mihi,</strong></span> <span class='ocrx_word' id='word_1_424' title='bbox 3242 3239 3453 3310; x_wconf 88' lang='lat' dir='ltr'><strong>inquit,</strong></span> <span class='ocrx_word' id='word_1_425' title='bbox 3490 3237 3730 3308; x_wconf 86' lang='lat' dir='ltr'><strong>visione,</strong></span> 
     </span>
    </p>
   </div>
   <div class='ocr_carea' id='block_1_64' title="bbox 325 3320 3737 3404">
    <p class='ocr_par' dir='ltr' id='par_1_64' title="bbox 325 3320 3737 3404">
     <span class='ocr_line' id='line_1_64' title="bbox 325 3320 3737 3404; baseline -0.001 -20"><span class='ocrx_word' id='word_1_426' title='bbox 325 3329 735 3404; x_wconf 89' lang='lat' dir='ltr'><strong>perferrent,id</strong></span> <span class='ocrx_word' id='word_1_427' title='bbox 769 3331 966 3402; x_wconf 86' lang='lat' dir='ltr'><strong>magni</strong></span> <span class='ocrx_word' id='word_1_428' title='bbox 998 3332 1068 3386; x_wconf 91' lang='lat' dir='ltr'><strong>ad</strong></span> <span class='ocrx_word' id='word_1_429' title='bbox 1093 3332 1525 3404; x_wconf 88' lang='lat' dir='ltr'><strong>philosophiam</strong></span> <span class='ocrx_word' id='word_1_430' title='bbox 1560 3334 1837 3388; x_wconf 90' lang='lat' dir='ltr'><strong>momenti</strong></span> <span class='ocrx_word' id='word_1_431' title='bbox 1869 3334 1971 3387; x_wconf 89' lang='lat' dir='ltr'><strong>du-</strong></span> <span class='ocrx_word' id='word_1_432' title='bbox 2003 3320 2044 3384; x_wconf 85' lang='lat' dir='ltr'>C</span> <span class='ocrx_word' id='word_1_433' title='bbox 2083 3351 2151 3390; x_wconf 86' lang='lat' dir='ltr'><strong>ex</strong></span> <span class='ocrx_word' id='word_1_434' title='bbox 2182 3333 2555 3388; x_wconf 88' lang='lat' dir='ltr'><strong>miseratione</strong></span> <span class='ocrx_word' id='word_1_435' title='bbox 2587 3332 2782 3387; x_wconf 88' lang='lat' dir='ltr'><strong>divina</strong></span> <span class='ocrx_word' id='word_1_436' title='bbox 2813 3331 2906 3385; x_wconf 84' lang='lat' dir='ltr'><strong>vix</strong></span> <span class='ocrx_word' id='word_1_437' title='bbox 2939 3334 3186 3385; x_wconf 90' lang='lat' dir='ltr'><strong>mortem</strong></span> <span class='ocrx_word' id='word_1_438' title='bbox 3217 3328 3392 3400; x_wconf 76' lang='lat' dir='ltr'><strong>effugi</strong></span> <span class='ocrx_word' id='word_1_439' title='bbox 3420 3346 3432 3395; x_wconf 93' lang='lat'>;</span> <span class='ocrx_word' id='word_1_440' title='bbox 3462 3332 3637 3397; x_wconf 91' lang='lat' dir='ltr'><strong>atque</strong></span> <span class='ocrx_word' id='word_1_441' title='bbox 3654 3325 3737 3381; x_wconf 88' lang='lat' dir='ltr'><strong>ita</strong></span> 
     </span>
    </p>
   </div>
   <div class='ocr_carea' id='block_1_65' title="bbox 325 3420 1974 3492">
    <p class='ocr_par' dir='ltr' id='par_1_65' title="bbox 325 3420 1974 3492">
     <span class='ocr_line' id='line_1_65' title="bbox 325 3420 1974 3492; baseline 0.002 -17"><span class='ocrx_word' id='word_1_442' title='bbox 325 3423 544 3488; x_wconf 89' lang='lat' dir='ltr'><strong>cerent,</strong></span> <span class='ocrx_word' id='word_1_443' title='bbox 576 3420 992 3491; x_wconf 88' lang='lat' dir='ltr'><strong>diuturnisque</strong></span> <span class='ocrx_word' id='word_1_444' title='bbox 1028 3421 1296 3492; x_wconf 87' lang='lat' dir='ltr'><strong>jejuniis,</strong></span> <span class='ocrx_word' id='word_1_445' title='bbox 1358 3422 1744 3485; x_wconf 89' lang='lat' dir='ltr'><strong>chameuniis,</strong></span> <span class='ocrx_word' id='word_1_446' title='bbox 1803 3428 1974 3478; x_wconf 67' lang='lat' dir='ltr'><strong>cazte—</strong></span> 
     </span>
    </p>
   </div>
   <div class='ocr_carea' id='block_1_66' title="bbox 321 3509 1974 3584">
    <p class='ocr_par' dir='ltr' id='par_1_66' title="bbox 321 3509 1974 3584">
     <span class='ocr_line' id='line_1_66' title="bbox 321 3509 1974 3584; baseline 0.001 -18"><span class='ocrx_word' id='word_1_447' title='bbox 321 3510 585 3581; x_wconf 87' lang='lat' dir='ltr'><strong>terisque</strong></span> <span class='ocrx_word' id='word_1_448' title='bbox 615 3509 874 3580; x_wconf 92' lang='lat' dir='ltr'><strong>corporis</strong></span> <span class='ocrx_word' id='word_1_449' title='bbox 906 3511 1205 3580; x_wconf 60' lang='lat' dir='ltr'><strong>arumnis,</strong></span> <span class='ocrx_word' id='word_1_450' title='bbox 1241 3528 1388 3582; x_wconf 91' lang='lat' dir='ltr'><strong>quas</strong></span> <span class='ocrx_word' id='word_1_451' title='bbox 1414 3528 1514 3583; x_wconf 91' lang='lat' dir='ltr'><strong>pro</strong></span> <span class='ocrx_word' id='word_1_452' title='bbox 1547 3512 1844 3584; x_wconf 89' lang='lat' dir='ltr'><strong>perpetuis</strong></span> <span class='ocrx_word' id='word_1_453' title='bbox 1876 3513 1974 3568; x_wconf 88' lang='lat' dir='ltr'><strong>de-</strong></span> 
     </span>
    </p>
   </div>
   <div class='ocr_carea' id='block_1_67' title="bbox 323 3598 1976 3668">
    <p class='ocr_par' dir='ltr' id='par_1_67' title="bbox 323 3598 1976 3668">
     <span class='ocr_line' id='line_1_67' title="bbox 323 3598 1976 3668; baseline 0.001 -14"><span class='ocrx_word' id='word_1_454' title='bbox 323 3599 478 3654; x_wconf 89' lang='lat' dir='ltr'><strong>liciis</strong></span> <span class='ocrx_word' id='word_1_455' title='bbox 516 3598 816 3668; x_wconf 85' lang='lat' dir='ltr'><strong>haberent,</strong></span> <span class='ocrx_word' id='word_1_456' title='bbox 852 3599 1034 3654; x_wconf 89' lang='lat' dir='ltr'><strong>multo</strong></span> <span class='ocrx_word' id='word_1_457' title='bbox 1068 3598 1381 3655; x_wconf 91' lang='lat' dir='ltr'><strong>sublimius</strong></span> <span class='ocrx_word' id='word_1_458' title='bbox 1403 3617 1468 3655; x_wconf 88' lang='lat' dir='ltr'><strong>ac</strong></span> <span class='ocrx_word' id='word_1_459' title='bbox 1500 3601 1814 3656; x_wconf 84' lang='lat' dir='ltr'><strong>divinius.»</strong></span> <span class='ocrx_word' id='word_1_460' title='bbox 1846 3602 1976 3657; x_wconf 69' lang='lat' dir='ltr'><strong>Haec</strong></span> 
     </span>
    </p>
   </div>
   <div class='ocr_carea' id='block_1_68' title="bbox 327 3688 1976 3761">
    <p class='ocr_par' dir='ltr' id='par_1_68' title="bbox 327 3688 1976 3761">
     <span class='ocr_line' id='line_1_68' title="bbox 327 3688 1976 3761; baseline 0 -17"><span class='ocrx_word' id='word_1_461' title='bbox 327 3688 642 3760; x_wconf 89' lang='lat' dir='ltr'><strong>Gregorius</strong></span> <span class='ocrx_word' id='word_1_462' title='bbox 671 3688 1089 3743; x_wconf 86' lang='lat' dir='ltr'><strong>Nazianzenus.</strong></span> <span class='ocrx_word' id='word_1_463' title='bbox 1125 3689 1271 3752; x_wconf 90' lang='lat' dir='ltr'><strong>Quid</strong></span> <span class='ocrx_word' id='word_1_464' title='bbox 1309 3694 1505 3744; x_wconf 91' lang='lat' dir='ltr'><strong>autem</strong></span> <span class='ocrx_word' id='word_1_465' title='bbox 1567 3691 1623 3744; x_wconf 90' lang='lat' dir='ltr'><strong>in</strong></span> <span class='ocrx_word' id='word_1_466' title='bbox 1684 3691 1976 3761; x_wconf 85' lang='lat' dir='ltr'><strong>ejusmodi</strong></span> 
     </span>
    </p>
   </div>
   <div class='ocr_carea' id='block_1_69' title="bbox 327 3776 1982 3851">
    <p class='ocr_par' dir='ltr' id='par_1_69' title="bbox 327 3776 1982 3851">
     <span class='ocr_line' id='line_1_69' title="bbox 327 3776 1982 3851; baseline 0.002 -19"><span class='ocrx_word' id='word_1_467' title='bbox 327 3776 753 3849; x_wconf 89' lang='lat' dir='ltr'><strong>perquisitione</strong></span> <span class='ocrx_word' id='word_1_468' title='bbox 784 3779 1145 3844; x_wconf 89' lang='lat' dir='ltr'><strong>eamdem,ut</strong></span> <span class='ocrx_word' id='word_1_469' title='bbox 1163 3778 1596 3851; x_wconf 86' lang='lat' dir='ltr'><strong>videtur,quam</strong></span> <span class='ocrx_word' id='word_1_470' title='bbox 1622 3786 1818 3835; x_wconf 90' lang='lat' dir='ltr'><strong>narrat</strong></span> <span class='ocrx_word' id='word_1_471' title='bbox 1848 3782 1982 3836; x_wconf 89' lang='lat' dir='ltr'><strong>Gre—</strong></span> 
     </span>
    </p>
   </div>
   <div class='ocr_carea' id='block_1_70' title="bbox 327 3866 1982 3939">
    <p class='ocr_par' dir='ltr' id='par_1_70' title="bbox 327 3866 1982 3939">
     <span class='ocr_line' id='line_1_70' title="bbox 327 3866 1982 3939; baseline 0.003 -19"><span class='ocrx_word' id='word_1_472' title='bbox 327 3866 551 3938; x_wconf 85' lang='lat' dir='ltr'><strong>gorius,</strong></span> <span class='ocrx_word' id='word_1_473' title='bbox 585 3870 816 3939; x_wconf 86' lang='lat' dir='ltr'><strong>gestum</strong></span> <span class='ocrx_word' id='word_1_474' title='bbox 845 3867 944 3933; x_wconf 89' lang='lat' dir='ltr'><strong>sit,</strong></span> <span class='ocrx_word' id='word_1_475' title='bbox 980 3867 1249 3939; x_wconf 87' lang='lat' dir='ltr'><strong>pluribus</strong></span> <span class='ocrx_word' id='word_1_476' title='bbox 1282 3874 1618 3923; x_wconf 88' lang='lat' dir='ltr'><strong>recensetur</strong></span> <span class='ocrx_word' id='word_1_477' title='bbox 1649 3870 1705 3924; x_wconf 90' lang='lat' dir='ltr'><strong>in</strong></span> <span class='ocrx_word' id='word_1_478' title='bbox 1736 3871 1855 3925; x_wconf 90' lang='lat' dir='ltr'><strong>vita</strong></span> <span class='ocrx_word' id='word_1_479' title='bbox 1882 3871 1982 3925; x_wconf 84' lang='lat' dir='ltr'><strong>Pa-</strong></span> 
     </span>
    </p>
   </div>
   <div class='ocr_carea' id='block_1_71' title="bbox 328 3955 1981 4029">
    <p class='ocr_par' dir='ltr' id='par_1_71' title="bbox 328 3955 1981 4029">
     <span class='ocr_line' id='line_1_71' title="bbox 328 3955 1981 4029; baseline 0.001 -18"><span class='ocrx_word' id='word_1_480' title='bbox 328 3955 549 4011; x_wconf 91' lang='lat' dir='ltr'><strong>chomii</strong></span> <span class='ocrx_word' id='word_1_481' title='bbox 580 3957 657 4029; x_wconf 84' lang='grc' dir='ltr'><strong>(α)</strong></span> <span class='ocrx_word' id='word_1_482' title='bbox 681 3956 752 4011; x_wconf 92' lang='lat' dir='ltr'><strong>ad</strong></span> <span class='ocrx_word' id='word_1_483' title='bbox 785 3956 942 4011; x_wconf 91' lang='lat' dir='ltr'><strong>hunc</strong></span> <span class='ocrx_word' id='word_1_484' title='bbox 997 3958 1175 4011; x_wconf 86' lang='lat' dir='ltr'><strong>ferme</strong></span> <span class='ocrx_word' id='word_1_485' title='bbox 1208 3958 1469 4013; x_wconf 91' lang='lat' dir='ltr'><strong>modum.</strong></span> <span class='ocrx_word' id='word_1_486' title='bbox 1504 3958 1641 4013; x_wconf 86' lang='lat' dir='ltr'><strong>Post</strong></span> <span class='ocrx_word' id='word_1_487' title='bbox 1672 3959 1810 4023; x_wconf 71' lang='lat' dir='ltr'><strong>haec,</strong></span> <span class='ocrx_word' id='word_1_488' title='bbox 1847 3977 1981 4015; x_wconf 90' lang='lat' dir='ltr'><strong>cum</strong></span> 
     </span>
    </p>
   </div>
   <div class='ocr_carea' id='block_1_72' title="bbox 333 4044 1981 4121">
    <p class='ocr_par' dir='ltr' id='par_1_72' title="bbox 333 4044 1981 4121">
     <span class='ocr_line' id='line_1_72' title="bbox 333 4044 1981 4121; baseline 0.003 -21"><span class='ocrx_word' id='word_1_489' title='bbox 333 4044 696 4100; x_wconf 84' lang='lat' dir='ltr'><strong>Athanasius</strong></span> <span class='ocrx_word' id='word_1_490' title='bbox 710 4046 783 4100; x_wconf 93' lang='lat' dir='ltr'><strong>ab</strong></span> <span class='ocrx_word' id='word_1_491' title='bbox 802 4045 1151 4116; x_wconf 87' lang='lat' dir='ltr'><strong>imperatore</strong></span> <span class='ocrx_word' id='word_1_492' title='bbox 1173 4046 1511 4102; x_wconf 88' lang='lat' dir='ltr'><strong>Constantio</strong></span> <span class='ocrx_word' id='word_1_493' title='bbox 1531 4049 1981 4121; x_wconf 88' lang='lat' dir='ltr'><strong>perquirerelur,</strong></span> 
     </span>
    </p>
   </div>
   <div class='ocr_carea' id='block_1_73' title="bbox 329 4134 1983 4209">
    <p class='ocr_par' dir='ltr' id='par_1_73' title="bbox 329 4134 1983 4209">
     <span class='ocr_line' id='line_1_73' title="bbox 329 4134 1983 4209; baseline 0.004 -21"><span class='ocrx_word' id='word_1_494' title='bbox 329 4137 505 4204; x_wconf 88' lang='lat' dir='ltr'><strong>atque</strong></span> <span class='ocrx_word' id='word_1_495' title='bbox 535 4150 604 4189; x_wconf 87' lang='lat' dir='ltr'><strong>ex</strong></span> <span class='ocrx_word' id='word_1_496' title='bbox 632 4134 863 4189; x_wconf 91' lang='lat' dir='ltr'><strong>insidiis</strong></span> <span class='ocrx_word' id='word_1_497' title='bbox 894 4134 1264 4205; x_wconf 84' lang='lat' dir='ltr'><strong>Arianorum,</strong></span> <span class='ocrx_word' id='word_1_498' title='bbox 1299 4137 1427 4206; x_wconf 85' lang='lat' dir='ltr'><strong>ejus</strong></span> <span class='ocrx_word' id='word_1_499' title='bbox 1484 4136 1805 4209; x_wconf 87' lang='lat' dir='ltr'><strong>vestigandi</strong></span> <span class='ocrx_word' id='word_1_500' title='bbox 1850 4156 1983 4209; x_wconf 90' lang='lat' dir='ltr'><strong>pro-</strong></span> 
     </span>
    </p>
   </div>
   <div class='ocr_carea' id='block_1_74' title="bbox 328 4221 1983 4293">
    <p class='ocr_par' dir='ltr' id='par_1_74' title="bbox 328 4221 1983 4293">
     <span class='ocr_line' id='line_1_74' title="bbox 328 4221 1983 4293; baseline 0.003 -17"><span class='ocrx_word' id='word_1_501' title='bbox 328 4221 521 4278; x_wconf 91' lang='lat' dir='ltr'><strong>vincia</strong></span> <span class='ocrx_word' id='word_1_502' title='bbox 544 4221 782 4278; x_wconf 91' lang='lat' dir='ltr'><strong>cuidam</strong></span> <span class='ocrx_word' id='word_1_503' title='bbox 815 4222 947 4277; x_wconf 90' lang='lat' dir='ltr'><strong>duci</strong></span> <span class='ocrx_word' id='word_1_504' title='bbox 979 4224 1117 4278; x_wconf 89' lang='lat' dir='ltr'><strong>data</strong></span> <span class='ocrx_word' id='word_1_505' title='bbox 1147 4228 1301 4278; x_wconf 90' lang='lat' dir='ltr'><strong>esset</strong></span> <span class='ocrx_word' id='word_1_506' title='bbox 1355 4225 1610 4279; x_wconf 82' lang='lat' dir='ltr'><strong>Artcmio</strong></span> <span class='ocrx_word' id='word_1_507' title='bbox 1643 4226 1898 4293; x_wconf 90' lang='lat' dir='ltr'><strong>nomine,</strong></span> <span class='ocrx_word' id='word_1_508' title='bbox 1935 4227 1983 4281; x_wconf 91' lang='lat' dir='ltr'><strong>is</strong></span> 
     </span>
    </p>
   </div>
   <div class='ocr_carea' id='block_1_75' title="bbox 330 4312 1988 4383">
    <p class='ocr_par' dir='ltr' id='par_1_75' title="bbox 330 4312 1988 4383">
     <span class='ocr_line' id='line_1_75' title="bbox 330 4312 1988 4383; baseline 0.003 -18"><span class='ocrx_word' id='word_1_509' title='bbox 330 4312 551 4383; x_wconf 86' lang='lat' dir='ltr'><strong>ubique</strong></span> <span class='ocrx_word' id='word_1_510' title='bbox 571 4316 974 4383; x_wconf 88' lang='lat' dir='ltr'><strong>perscrutatus</strong></span> <span class='ocrx_word' id='word_1_511' title='bbox 1006 4318 1115 4367; x_wconf 92' lang='lat' dir='ltr'><strong>est.</strong></span> <span class='ocrx_word' id='word_1_512' title='bbox 1150 4312 1295 4367; x_wconf 85' lang='lat' dir='ltr'><strong>Cum</strong></span> <span class='ocrx_word' id='word_1_513' title='bbox 1336 4331 1538 4367; x_wconf 91' lang='lat' dir='ltr'><strong>rumor</strong></span> <span class='ocrx_word' id='word_1_514' title='bbox 1587 4319 1781 4369; x_wconf 88' lang='lat' dir='ltr'><strong>autem</strong></span> <span class='ocrx_word' id='word_1_515' title='bbox 1832 4320 1988 4370; x_wconf 90' lang='lat' dir='ltr'><strong>esset</strong></span> 
     </span>
    </p>
   </div>
   <div class='ocr_carea' id='block_1_76' title="bbox 331 4401 1982 4473">
    <p class='ocr_par' dir='ltr' id='par_1_76' title="bbox 331 4401 1982 4473">
     <span class='ocr_line' id='line_1_76' title="bbox 331 4401 1982 4473; baseline 0.002 -17"><span class='ocrx_word' id='word_1_516' title='bbox 331 4417 467 4456; x_wconf 89' lang='lat' dir='ltr'><strong>eum</strong></span> <span class='ocrx_word' id='word_1_517' title='bbox 504 4402 746 4457; x_wconf 86' lang='lat' dir='ltr'><strong>fortasse</strong></span> <span class='ocrx_word' id='word_1_518' title='bbox 776 4401 953 4456; x_wconf 90' lang='lat' dir='ltr'><strong>latere</strong></span> <span class='ocrx_word' id='word_1_519' title='bbox 983 4403 1137 4473; x_wconf 90' lang='lat' dir='ltr'><strong>apud</strong></span> <span class='ocrx_word' id='word_1_520' title='bbox 1166 4402 1626 4458; x_wconf 89' lang='lat' dir='ltr'><strong>Tabennesiotas</strong></span> <span class='ocrx_word' id='word_1_521' title='bbox 1663 4405 1982 4459; x_wconf 85' lang='lat' dir='ltr'><strong>monachos</strong></span> 
     </span>
    </p>
   </div>
   <div class='ocr_carea' id='block_1_77' title="bbox 333 4488 1986 4565">
    <p class='ocr_par' dir='ltr' id='par_1_77' title="bbox 333 4488 1986 4565">
     <span class='ocr_line' id='line_1_77' title="bbox 333 4488 1986 4565; baseline 0.001 -19"><span class='ocrx_word' id='word_1_522' title='bbox 333 4488 446 4546; x_wconf 86' lang='lat' dir='ltr'><strong>sibi</strong></span> <span class='ocrx_word' id='word_1_523' title='bbox 477 4488 916 4557; x_wconf 85' lang='lat' dir='ltr'><strong>dilectissimus,</strong></span> <span class='ocrx_word' id='word_1_524' title='bbox 949 4490 1119 4545; x_wconf 89' lang='lat' dir='ltr'><strong>solvit</strong></span> <span class='ocrx_word' id='word_1_525' title='bbox 1150 4492 1267 4545; x_wconf 91' lang='lat' dir='ltr'><strong>dux</strong></span> <span class='ocrx_word' id='word_1_526' title='bbox 1298 4496 1363 4546; x_wconf 92' lang='lat' dir='ltr'><strong>ut</strong></span> <span class='ocrx_word' id='word_1_527' title='bbox 1393 4492 1531 4546; x_wconf 89' lang='lat' dir='ltr'><strong>illuc</strong></span> <span class='ocrx_word' id='word_1_528' title='bbox 1556 4494 1986 4565; x_wconf 88' lang='lat' dir='ltr'><strong>navigaret.Cui</strong></span> 
     </span>
    </p>
   </div>
   <div class='ocr_carea' id='block_1_78' title="bbox 334 4579 1984 4651">
    <p class='ocr_par' dir='ltr' id='par_1_78' title="bbox 334 4579 1984 4651">
     <span class='ocr_line' id='line_1_78' title="bbox 334 4579 1984 4651; baseline 0.002 -17"><span class='ocrx_word' id='word_1_529' title='bbox 334 4579 578 4635; x_wconf 88' lang='lat' dir='ltr'><strong>adverso</strong></span> <span class='ocrx_word' id='word_1_530' title='bbox 634 4580 878 4635; x_wconf 86' lang='lat' dir='ltr'><strong>ﬂumine</strong></span> <span class='ocrx_word' id='word_1_531' title='bbox 935 4579 1190 4635; x_wconf 88' lang='lat' dir='ltr'><strong>contenti</strong></span> <span class='ocrx_word' id='word_1_532' title='bbox 1249 4581 1503 4636; x_wconf 89' lang='lat' dir='ltr'><strong>occurrit</strong></span> <span class='ocrx_word' id='word_1_533' title='bbox 1569 4582 1908 4638; x_wconf 88' lang='lat' dir='ltr'><strong>Theodorus</strong></span> <span class='ocrx_word' id='word_1_534' title='bbox 1972 4600 1984 4651; x_wconf 88' lang='lat'><strong>;</strong></span> 
     </span>
    </p>
   </div>
   <div class='ocr_carea' id='block_1_79' title="bbox 2084 3416 3731 3487">
    <p class='ocr_par' dir='ltr' id='par_1_79' title="bbox 2084 3416 3731 3487">
     <span class='ocr_line' id='line_1_79' title="bbox 2084 3416 3731 3487; baseline -0.005 -9"><span class='ocrx_word' id='word_1_535' title='bbox 2084 3424 2371 3487; x_wconf 90' lang='lat' dir='ltr'><strong>discessit,</strong></span> <span class='ocrx_word' id='word_1_536' title='bbox 2407 3423 2539 3487; x_wconf 71' lang='lat' dir='ltr'><strong>Quae</strong></span> <span class='ocrx_word' id='word_1_537' title='bbox 2572 3438 2706 3476; x_wconf 90' lang='lat' dir='ltr'><strong>cum</strong></span> <span class='ocrx_word' id='word_1_538' title='bbox 2740 3437 3004 3476; x_wconf 87' lang='lat' dir='ltr'><strong>reversus</strong></span> <span class='ocrx_word' id='word_1_539' title='bbox 3048 3417 3311 3473; x_wconf 86' lang='lat' dir='ltr'><strong>audisset</strong></span> <span class='ocrx_word' id='word_1_540' title='bbox 3367 3416 3731 3481; x_wconf 90' lang='lat' dir='ltr'><strong>Theodorus,</strong></span> 
     </span>
    </p>
   </div>
   <div class='ocr_carea' id='block_1_80' title="bbox 2084 3509 2695 3583">
    <p class='ocr_par' dir='ltr' id='par_1_80' title="bbox 2084 3509 2695 3583">
     <span class='ocr_line' id='line_1_80' title="bbox 2084 3509 2695 3583; baseline -0.003 -16"><span class='ocrx_word' id='word_1_541' title='bbox 2084 3513 2201 3567; x_wconf 91' lang='lat' dir='ltr'><strong>Deo</strong></span> <span class='ocrx_word' id='word_1_542' title='bbox 2228 3512 2448 3583; x_wconf 90' lang='lat' dir='ltr'><strong>gratias</strong></span> <span class='ocrx_word' id='word_1_543' title='bbox 2481 3509 2695 3565; x_wconf 88' lang='lat' dir='ltr'><strong>retulit.</strong></span> 
     </span>
    </p>
   </div>
   <div class='ocr_carea' id='block_1_81' title="bbox 2155 3593 3735 3659">
    <p class='ocr_par' dir='ltr' id='par_1_81' title="bbox 2155 3593 3735 3659">
     <span class='ocr_line' id='line_1_81' title="bbox 2155 3593 3735 3659; baseline -0.006 -3"><span class='ocrx_word' id='word_1_544' title='bbox 2155 3603 2210 3655; x_wconf 89' lang='lat'><strong>9.</strong></span> <span class='ocrx_word' id='word_1_545' title='bbox 2270 3602 2559 3656; x_wconf 74' lang='lat' dir='ltr'><strong>Athanasii</strong></span> <span class='ocrx_word' id='word_1_546' title='bbox 2612 3602 2718 3654; x_wconf 82' lang='lat' dir='ltr'><strong>iter</strong></span> <span class='ocrx_word' id='word_1_547' title='bbox 2775 3598 2846 3653; x_wconf 87' lang='lat' dir='ltr'><strong>ad</strong></span> <span class='ocrx_word' id='word_1_548' title='bbox 2895 3598 3239 3654; x_wconf 83' lang='lat' dir='ltr'><strong>monasteria.</strong></span> <span class='ocrx_word' id='word_1_549' title='bbox 3300 3593 3605 3659; x_wconf 80' lang='lat' dir='ltr'><strong>Thebaidis,</strong></span> <span class='ocrx_word' id='word_1_550' title='bbox 3673 3624 3735 3633; x_wconf 88' lang='lat'><strong>-—</strong></span> 
     </span>
    </p>
   </div>
   <div class='ocr_carea' id='block_1_82' title="bbox 2087 3681 3743 3761">
    <p class='ocr_par' dir='ltr' id='par_1_82' title="bbox 2087 3681 3743 3761">
     <span class='ocr_line' id='line_1_82' title="bbox 2087 3681 3743 3761; baseline -0.006 -14"><span class='ocrx_word' id='word_1_551' title='bbox 2087 3691 2253 3747; x_wconf 88' lang='lat' dir='ltr'><strong>Haud</strong></span> <span class='ocrx_word' id='word_1_552' title='bbox 2289 3689 2472 3744; x_wconf 86' lang='lat' dir='ltr'><strong>multo</strong></span> <span class='ocrx_word' id='word_1_553' title='bbox 2505 3692 2636 3761; x_wconf 82' lang='lat' dir='ltr'><strong>post</strong></span> <span class='ocrx_word' id='word_1_554' title='bbox 2664 3688 2786 3760; x_wconf 90' lang='lat' dir='ltr'><strong>ipse</strong></span> <span class='ocrx_word' id='word_1_555' title='bbox 2828 3686 3190 3753; x_wconf 90' lang='lat' dir='ltr'><strong>Theodorus,</strong></span> <span class='ocrx_word' id='word_1_556' title='bbox 3223 3700 3358 3740; x_wconf 86' lang='lat' dir='ltr'><strong>cum</strong></span> <span class='ocrx_word' id='word_1_557' title='bbox 3418 3681 3743 3754; x_wconf 87' lang='lat' dir='ltr'><strong>accepisset</strong></span> 
     </span>
    </p>
   </div>
   <div class='ocr_carea' id='block_1_83' title="bbox 2088 3773 3743 3841">
    <p class='ocr_par' dir='ltr' id='par_1_83' title="bbox 2088 3773 3743 3841">
     <span class='ocr_line' id='line_1_83' title="bbox 2088 3773 3743 3841; baseline -0.006 -5"><span class='ocrx_word' id='word_1_558' title='bbox 2088 3778 2473 3836; x_wconf 87' lang='lat' dir='ltr'><strong>Athanasium</strong></span> <span class='ocrx_word' id='word_1_559' title='bbox 2506 3778 2564 3832; x_wconf 90' lang='lat' dir='ltr'><strong>in</strong></span> <span class='ocrx_word' id='word_1_560' title='bbox 2598 3776 2954 3832; x_wconf 87' lang='lat' dir='ltr'><strong>Thebaidem</strong></span> <span class='ocrx_word' id='word_1_561' title='bbox 2988 3775 3279 3841; x_wconf 88' lang='lat' dir='ltr'><strong>accedere,</strong></span> <span class='ocrx_word' id='word_1_562' title='bbox 3343 3773 3574 3828; x_wconf 90' lang='lat' dir='ltr'><strong>obviam</strong></span> <span class='ocrx_word' id='word_1_563' title='bbox 3606 3788 3743 3827; x_wconf 92' lang='lat' dir='ltr'><strong>cum</strong></span> 
     </span>
    </p>
   </div>
   <div class='ocr_carea' id='block_1_84' title="bbox 2092 3862 3743 3940">
    <p class='ocr_par' dir='ltr' id='par_1_84' title="bbox 2092 3862 3743 3940">
     <span class='ocr_line' id='line_1_84' title="bbox 2092 3862 3743 3940; baseline -0.005 -16"><span class='ocrx_word' id='word_1_564' title='bbox 2092 3868 2525 3940; x_wconf 89' lang='lat' dir='ltr'><strong>antiquioribus</strong></span> <span class='ocrx_word' id='word_1_565' title='bbox 2556 3872 2788 3939; x_wconf 88' lang='lat' dir='ltr'><strong>patrum</strong></span> <span class='ocrx_word' id='word_1_566' title='bbox 2825 3868 3191 3936; x_wconf 85' lang='lat' dir='ltr'><strong>fratrumque</strong></span> <span class='ocrx_word' id='word_1_567' title='bbox 3232 3862 3575 3918; x_wconf 89' lang='lat' dir='ltr'><strong>monasterii</strong></span> <span class='ocrx_word' id='word_1_568' title='bbox 3609 3877 3743 3932; x_wconf 90' lang='lat' dir='ltr'><strong>pro-</strong></span> 
     </span>
    </p>
   </div>
   <div class='ocr_carea' id='block_1_85' title="bbox 2092 3951 3743 4032">
    <p class='ocr_par' dir='ltr' id='par_1_85' title="bbox 2092 3951 3743 4032">
     <span class='ocr_line' id='line_1_85' title="bbox 2092 3951 3743 4032; baseline -0.005 -19"><span class='ocrx_word' id='word_1_569' title='bbox 2092 3959 2355 4032; x_wconf 90' lang='lat' dir='ltr'><strong>greditur</strong></span> <span class='ocrx_word' id='word_1_570' title='bbox 2386 3958 2460 4029; x_wconf 71' lang='grc' dir='ltr'><strong>(ὸ)</strong></span> <span class='ocrx_word' id='word_1_571' title='bbox 2496 3976 2508 4013; x_wconf 91' lang='lat'>:</span> <span class='ocrx_word' id='word_1_572' title='bbox 2541 3956 2848 4027; x_wconf 90' lang='lat' dir='ltr'><strong>virumque</strong></span> <span class='ocrx_word' id='word_1_573' title='bbox 2906 3954 3209 4010; x_wconf 75' lang='lat' dir='ltr'><strong>offendunt</strong></span> <span class='ocrx_word' id='word_1_574' title='bbox 3258 3956 3392 4008; x_wconf 89' lang='lat' dir='ltr'><strong>ante</strong></span> <span class='ocrx_word' id='word_1_575' title='bbox 3448 3967 3624 4024; x_wconf 90' lang='lat' dir='ltr'><strong>quam</strong></span> <span class='ocrx_word' id='word_1_576' title='bbox 3684 3951 3743 4005; x_wconf 91' lang='lat' dir='ltr'><strong>in</strong></span> 
     </span>
    </p>
   </div>
   <div class='ocr_carea' id='block_1_86' title="bbox 2093 4038 3746 4119">
    <p class='ocr_par' dir='ltr' id='par_1_86' title="bbox 2093 4038 3746 4119">
     <span class='ocr_line' id='line_1_86' title="bbox 2093 4038 3746 4119; baseline -0.006 -15"><span class='ocrx_word' id='word_1_577' title='bbox 2093 4047 2524 4119; x_wconf 86' lang='lat' dir='ltr'><strong>Hermopoliten</strong></span> <span class='ocrx_word' id='word_1_578' title='bbox 2549 4062 2790 4101; x_wconf 90' lang='lat' dir='ltr'><strong>nomum</strong></span> <span class='ocrx_word' id='word_1_579' title='bbox 2824 4044 3204 4117; x_wconf 85' lang='lat' dir='ltr'><strong>pervenisset.</strong></span> <span class='ocrx_word' id='word_1_580' title='bbox 3230 4044 3351 4107; x_wconf 90' lang='lat' dir='ltr'><strong>Quo</strong></span> <span class='ocrx_word' id='word_1_581' title='bbox 3384 4038 3586 4114; x_wconf 92' lang='lat' dir='ltr'><strong>procul</strong></span> <span class='ocrx_word' id='word_1_582' title='bbox 3609 4056 3746 4095; x_wconf 92' lang='lat' dir='ltr'><strong>con-</strong></span> 
     </span>
    </p>
   </div>
   <div class='ocr_carea' id='block_1_87' title="bbox 2094 4131 3748 4212">
    <p class='ocr_par' dir='ltr' id='par_1_87' title="bbox 2094 4131 3748 4212">
     <span class='ocr_line' id='line_1_87' title="bbox 2094 4131 3748 4212; baseline -0.007 -17"><span class='ocrx_word' id='word_1_583' title='bbox 2094 4143 2313 4212; x_wconf 77' lang='lat' dir='ltr'><strong>Specto,</strong></span> <span class='ocrx_word' id='word_1_584' title='bbox 2361 4138 2569 4191; x_wconf 86' lang='lat' dir='ltr'><strong>fratres</strong></span> <span class='ocrx_word' id='word_1_585' title='bbox 2622 4140 2980 4191; x_wconf 82' lang='lat' dir='ltr'><strong>maturantes</strong></span> <span class='ocrx_word' id='word_1_586' title='bbox 3040 4136 3372 4189; x_wconf 90' lang='lat' dir='ltr'><strong>accurrunt.</strong></span> <span class='ocrx_word' id='word_1_587' title='bbox 3426 4131 3748 4201; x_wconf 88' lang='lat' dir='ltr'><strong>Utramque</strong></span> 
     </span>
    </p>
   </div>
   <div class='ocr_carea' id='block_1_88' title="bbox 2095 4219 3750 4296">
    <p class='ocr_par' dir='ltr' id='par_1_88' title="bbox 2095 4219 3750 4296">
     <span class='ocr_line' id='line_1_88' title="bbox 2095 4219 3750 4296; baseline -0.006 -13"><span class='ocrx_word' id='word_1_588' title='bbox 2095 4231 2292 4284; x_wconf 89' lang='lat' dir='ltr'><strong>autem</strong></span> <span class='ocrx_word' id='word_1_589' title='bbox 2325 4224 2589 4281; x_wconf 87' lang='lat' dir='ltr'><strong>fluminis</strong></span> <span class='ocrx_word' id='word_1_590' title='bbox 2621 4224 2807 4296; x_wconf 87' lang='lat' dir='ltr'><strong>ripam</strong></span> <span class='ocrx_word' id='word_1_591' title='bbox 2837 4221 3289 4279; x_wconf 88' lang='lat' dir='ltr'><strong>innumerabilis</strong></span> <span class='ocrx_word' id='word_1_592' title='bbox 3307 4219 3625 4275; x_wconf 88' lang='lat' dir='ltr'><strong>multitudo</strong></span> <span class='ocrx_word' id='word_1_593' title='bbox 3654 4234 3750 4274; x_wconf 92' lang='lat' dir='ltr'><strong>oc-</strong></span> 
     </span>
    </p>
   </div>
   <div class='ocr_carea' id='block_1_89' title="bbox 2096 4310 3748 4388">
    <p class='ocr_par' dir='ltr' id='par_1_89' title="bbox 2096 4310 3748 4388">
     <span class='ocr_line' id='line_1_89' title="bbox 2096 4310 3748 4388; baseline -0.006 -17"><span class='ocrx_word' id='word_1_594' title='bbox 2096 4317 2348 4388; x_wconf 88' lang='lat' dir='ltr'><strong>cupabat</strong></span> <span class='ocrx_word' id='word_1_595' title='bbox 2404 4316 2835 4385; x_wconf 89' lang='lat' dir='ltr'><strong>episcoporum,</strong></span> <span class='ocrx_word' id='word_1_596' title='bbox 2895 4313 3238 4368; x_wconf 88' lang='lat' dir='ltr'><strong>clericorum</strong></span> <span class='ocrx_word' id='word_1_597' title='bbox 3299 4310 3748 4365; x_wconf 89' lang='lat' dir='ltr'><strong>monachorum.</strong></span> 
     </span>
    </p>
   </div>
   <div class='ocr_carea' id='block_1_90' title="bbox 2096 4396 3751 4474">
    <p class='ocr_par' dir='ltr' id='par_1_90' title="bbox 2096 4396 3751 4474">
     <span class='ocr_line' id='line_1_90' title="bbox 2096 4396 3751 4474; baseline -0.005 -15"><span class='ocrx_word' id='word_1_598' title='bbox 2096 4407 2251 4471; x_wconf 86' lang='lat' dir='ltr'><strong>Quos</strong></span> <span class='ocrx_word' id='word_1_599' title='bbox 2284 4404 2380 4458; x_wconf 90' lang='lat' dir='ltr'><strong>ubi</strong></span> <span class='ocrx_word' id='word_1_600' title='bbox 2416 4403 2669 4474; x_wconf 89' lang='lat' dir='ltr'><strong>primum</strong></span> <span class='ocrx_word' id='word_1_601' title='bbox 2702 4402 2849 4459; x_wconf 87' lang='lat' dir='ltr'><strong>vidit</strong></span> <span class='ocrx_word' id='word_1_602' title='bbox 2868 4401 3242 4467; x_wconf 88' lang='lat' dir='ltr'><strong>Athanasius,</strong></span> <span class='ocrx_word' id='word_1_603' title='bbox 3269 4399 3388 4453; x_wconf 64' lang='lat' dir='ltr'><strong>haec</strong></span> <span class='ocrx_word' id='word_1_604' title='bbox 3403 4415 3471 4453; x_wconf 85' lang='lat' dir='ltr'><strong>ex</strong></span> <span class='ocrx_word' id='word_1_605' title='bbox 3492 4396 3751 4467; x_wconf 83' lang='lat' dir='ltr'><strong>Scriptu-</strong></span> 
     </span>
    </p>
   </div>
   <div class='ocr_carea' id='block_1_91' title="bbox 2097 4484 3746 4559">
    <p class='ocr_par' dir='ltr' id='par_1_91' title="bbox 2097 4484 3746 4559">
     <span class='ocr_line' id='line_1_91' title="bbox 2097 4484 3746 4559; baseline -0.007 -10"><span class='ocrx_word' id='word_1_606' title='bbox 2097 4494 2179 4549; x_wconf 92' lang='lat' dir='ltr'><strong>ris</strong></span> <span class='ocrx_word' id='word_1_607' title='bbox 2206 4492 2554 4548; x_wconf 90' lang='lat' dir='ltr'><strong>vociferatur</strong></span> <span class='ocrx_word' id='word_1_608' title='bbox 2586 4512 2599 4559; x_wconf 74' lang='grc' dir='ltr'>ς</span> <span class='ocrx_word' id='word_1_609' title='bbox 2637 4492 2740 4559; x_wconf 84' lang='lat' dir='ltr'><strong>Qui</strong></span> <span class='ocrx_word' id='word_1_610' title='bbox 2769 4493 2897 4545; x_wconf 84' lang='lat' dir='ltr'><strong>sunt</strong></span> <span class='ocrx_word' id='word_1_611' title='bbox 2936 4492 3032 4545; x_wconf 82' lang='lat' dir='ltr'><strong>isti</strong></span> <span class='ocrx_word' id='word_1_612' title='bbox 3079 4490 3175 4559; x_wconf 87' lang='lat' dir='ltr'><strong>qui</strong></span> <span class='ocrx_word' id='word_1_613' title='bbox 3226 4491 3286 4541; x_wconf 84' lang='lat' dir='ltr'><strong>ut</strong></span> <span class='ocrx_word' id='word_1_614' title='bbox 3314 4486 3486 4540; x_wconf 72' lang='lat' dir='ltr'><strong>nubes</strong></span> <span class='ocrx_word' id='word_1_615' title='bbox 3537 4484 3746 4551; x_wconf 79' lang='lat' dir='ltr'><strong>volant,</strong></span> 
     </span>
    </p>
   </div>
   <div class='ocr_carea' id='block_1_92' title="bbox 2097 4572 3750 4655">
    <p class='ocr_par' dir='ltr' id='par_1_92' title="bbox 2097 4572 3750 4655">
     <span class='ocr_line' id='line_1_92' title="bbox 2097 4572 3750 4655; baseline -0.007 -17"><span class='ocrx_word' id='word_1_616' title='bbox 2097 4587 2147 4639; x_wconf 82' lang='lat' dir='ltr'><strong>et</strong></span> <span class='ocrx_word' id='word_1_617' title='bbox 2178 4583 2336 4655; x_wconf 88' lang='lat' dir='ltr'><strong>quasi</strong></span> <span class='ocrx_word' id='word_1_618' title='bbox 2362 4582 2629 4637; x_wconf 50' lang='lat' dir='ltr'><strong>columba</strong></span> <span class='ocrx_word' id='word_1_619' title='bbox 2658 4597 2783 4634; x_wconf 82' lang='lat' dir='ltr'><strong>cum</strong></span> <span class='ocrx_word' id='word_1_620' title='bbox 2806 4579 2976 4651; x_wconf 82' lang='lat' dir='ltr'><strong>pultis</strong></span> <span class='ocrx_word' id='word_1_621' title='bbox 3005 4579 3119 4632; x_wconf 85' lang='lat' dir='ltr'><strong>suis</strong></span> <span class='ocrx_word' id='word_1_622' title='bbox 3150 4576 3220 4631; x_wconf 81' lang='lat' dir='ltr'><strong>ad</strong></span> <span class='ocrx_word' id='word_1_623' title='bbox 3277 4591 3365 4630; x_wconf 84' lang='lat' dir='ltr'><strong>me</strong></span> <span class='ocrx_word' id='word_1_624' title='bbox 3392 4577 3652 4646; x_wconf 75' lang='lat' dir='ltr'><strong>feruntur</strong></span> <span class='ocrx_word' id='word_1_625' title='bbox 3678 4574 3701 4607; x_wconf 82' lang='grc'><strong>⁸</strong></span> <span class='ocrx_word' id='word_1_626' title='bbox 3721 4572 3750 4627; x_wconf 84' lang='lat'><strong>?</strong></span> 
     </span>
    </p>
   </div>
   <div class='ocr_carea' id='block_1_93' title="bbox 336 4661 3750 4759">
    <p class='ocr_par' dir='ltr' id='par_1_93' title="bbox 336 4661 3750 4759">
     <span class='ocr_line' id='line_1_93' title="bbox 336 4661 3750 4759; baseline -0.002 -36"><span class='ocrx_word' id='word_1_627' title='bbox 336 4671 439 4740; x_wconf 87' lang='lat' dir='ltr'><strong>qui</strong></span> <span class='ocrx_word' id='word_1_628' title='bbox 471 4670 727 4724; x_wconf 90' lang='lat' dir='ltr'><strong>secundo</strong></span> <span class='ocrx_word' id='word_1_629' title='bbox 758 4669 1002 4724; x_wconf 87' lang='lat' dir='ltr'><strong>ﬂumine</strong></span> <span class='ocrx_word' id='word_1_630' title='bbox 1033 4669 1348 4735; x_wconf 89' lang='lat' dir='ltr'><strong>ferebatur,</strong></span> <span class='ocrx_word' id='word_1_631' title='bbox 1382 4670 1842 4742; x_wconf 90' lang='lat' dir='ltr'><strong>perlustraturus</strong></span> <span class='ocrx_word' id='word_1_632' title='bbox 1863 4689 1987 4728; x_wconf 90' lang='lat' dir='ltr'><strong>mo-</strong></span> <span class='ocrx_word' id='word_1_633' title='bbox 2022 4697 2067 4759; x_wconf 67' lang='grc' dir='ltr'>Β</span> <span class='ocrx_word' id='word_1_634' title='bbox 2100 4674 2348 4728; x_wconf 90' lang='lat' dir='ltr'><strong>Tantam</strong></span> <span class='ocrx_word' id='word_1_635' title='bbox 2382 4670 2587 4727; x_wconf 83' lang='lat' dir='ltr'><strong>exinde</strong></span> <span class='ocrx_word' id='word_1_636' title='bbox 2620 4668 3008 4741; x_wconf 87' lang='lat' dir='ltr'><strong>frequentiam</strong></span> <span class='ocrx_word' id='word_1_637' title='bbox 3042 4664 3321 4722; x_wconf 86' lang='lat' dir='ltr'><strong>salutavit</strong></span> <span class='ocrx_word' id='word_1_638' title='bbox 3370 4661 3750 4759; x_wconf 80' lang='lat' dir='ltr'><strong>Athanasius,</strong></span> 
     </span>
    </p>
   </div>
   <div class='ocr_carea' id='block_1_94' title="bbox 335 4758 1991 4830">
    <p class='ocr_par' dir='ltr' id='par_1_94' title="bbox 335 4758 1991 4830">
     <span class='ocr_line' id='line_1_94' title="bbox 335 4758 1991 4830; baseline 0.002 -16"><span class='ocrx_word' id='word_1_639' title='bbox 335 4759 594 4814; x_wconf 84' lang='lat' dir='ltr'><strong>nasteria</strong></span> <span class='ocrx_word' id='word_1_640' title='bbox 623 4759 776 4814; x_wconf 91' lang='lat' dir='ltr'><strong>circa</strong></span> <span class='ocrx_word' id='word_1_641' title='bbox 808 4758 1201 4830; x_wconf 77' lang='lat' dir='ltr'><strong>Hermopolim.</strong></span> <span class='ocrx_word' id='word_1_642' title='bbox 1229 4759 1373 4814; x_wconf 89' lang='lat' dir='ltr'><strong>Cum</strong></span> <span class='ocrx_word' id='word_1_643' title='bbox 1408 4765 1603 4815; x_wconf 90' lang='lat' dir='ltr'><strong>autem</strong></span> <span class='ocrx_word' id='word_1_644' title='bbox 1638 4762 1991 4817; x_wconf 78' lang='lat' dir='ltr'><strong>monasterio</strong></span> 
     </span>
    </p>
   </div>
   <div class='ocr_carea' id='block_1_95' title="bbox 336 4847 1993 4921">
    <p class='ocr_par' dir='ltr' id='par_1_95' title="bbox 336 4847 1993 4921">
     <span class='ocr_line' id='line_1_95' title="bbox 336 4847 1993 4921; baseline 0.001 -17"><span class='ocrx_word' id='word_1_645' title='bbox 336 4848 432 4904; x_wconf 90' lang='lat' dir='ltr'><strong>cui</strong></span> <span class='ocrx_word' id='word_1_646' title='bbox 464 4847 603 4919; x_wconf 92' lang='lat' dir='ltr'><strong>Cajo</strong></span> <span class='ocrx_word' id='word_1_647' title='bbox 637 4864 848 4903; x_wconf 91' lang='lat' dir='ltr'><strong>nomen</strong></span> <span class='ocrx_word' id='word_1_648' title='bbox 898 4852 1022 4903; x_wconf 86' lang='lat' dir='ltr'><strong>erat</strong></span> <span class='ocrx_word' id='word_1_649' title='bbox 1052 4849 1583 4921; x_wconf 83' lang='lat' dir='ltr'><strong>apprOpinquaret,</strong></span> <span class='ocrx_word' id='word_1_650' title='bbox 1638 4850 1783 4905; x_wconf 91' lang='lat' dir='ltr'><strong>vidit</strong></span> <span class='ocrx_word' id='word_1_651' title='bbox 1839 4855 1993 4906; x_wconf 92' lang='lat' dir='ltr'><strong>retro</strong></span> 
     </span>
    </p>
   </div>
   <div class='ocr_carea' id='block_1_96' title="bbox 336 4936 1993 5012">
    <p class='ocr_par' dir='ltr' id='par_1_96' title="bbox 336 4936 1993 5012">
     <span class='ocr_line' id='line_1_96' title="bbox 336 4936 1993 5012; baseline 0.001 -21"><span class='ocrx_word' id='word_1_652' title='bbox 336 4936 711 5009; x_wconf 85' lang='lat' dir='ltr'><strong>navigantem</strong></span> <span class='ocrx_word' id='word_1_653' title='bbox 753 4937 983 5008; x_wconf 91' lang='lat' dir='ltr'><strong>ducem,</strong></span> <span class='ocrx_word' id='word_1_654' title='bbox 1018 4938 1262 4993; x_wconf 91' lang='lat' dir='ltr'><strong>Domino</strong></span> <span class='ocrx_word' id='word_1_655' title='bbox 1294 4942 1489 4993; x_wconf 88' lang='lat' dir='ltr'><strong>autem</strong></span> <span class='ocrx_word' id='word_1_656' title='bbox 1522 4939 1820 4995; x_wconf 88' lang='lat' dir='ltr'><strong>revelante</strong></span> <span class='ocrx_word' id='word_1_657' title='bbox 1853 4941 1993 5012; x_wconf 92' lang='lat' dir='ltr'><strong>quid</strong></span> 
     </span>
    </p>
   </div>
   <div class='ocr_carea' id='block_1_97' title="bbox 335 5025 1991 5083">
    <p class='ocr_par' dir='ltr' id='par_1_97' title="bbox 335 5025 1991 5083">
     <span class='ocr_line' id='line_1_97' title="bbox 335 5025 1991 5083; baseline 0.001 -2"><span class='ocrx_word' id='word_1_658' title='bbox 335 5025 604 5081; x_wconf 85' lang='lat' dir='ltr'><strong>futurum</strong></span> <span class='ocrx_word' id='word_1_659' title='bbox 653 5031 810 5082; x_wconf 89' lang='lat' dir='ltr'><strong>esset</strong></span> <span class='ocrx_word' id='word_1_660' title='bbox 852 5026 1139 5082; x_wconf 84' lang='lat' dir='ltr'><strong>intellexit</strong></span> <span class='ocrx_word' id='word_1_661' title='bbox 1187 5043 1252 5082; x_wconf 92' lang='lat' dir='ltr'><strong>ac</strong></span> <span class='ocrx_word' id='word_1_662' title='bbox 1295 5027 1574 5082; x_wconf 84' lang='lat' dir='ltr'><strong>fratribus</strong></span> <span class='ocrx_word' id='word_1_663' title='bbox 1617 5028 1991 5083; x_wconf 89' lang='lat' dir='ltr'><strong>renuntiavit.</strong></span> 
     </span>
    </p>
   </div>
   <div class='ocr_carea' id='block_1_98' title="bbox 338 5114 1994 5188">
    <p class='ocr_par' dir='ltr' id='par_1_98' title="bbox 338 5114 1994 5188">
     <span class='ocr_line' id='line_1_98' title="bbox 338 5114 1994 5188; baseline 0 -17"><span class='ocrx_word' id='word_1_664' title='bbox 338 5114 486 5171; x_wconf 86' lang='lat' dir='ltr'><strong>Cum</strong></span> <span class='ocrx_word' id='word_1_665' title='bbox 516 5120 901 5188; x_wconf 90' lang='lat' dir='ltr'><strong>percuperent</strong></span> <span class='ocrx_word' id='word_1_666' title='bbox 928 5123 1127 5171; x_wconf 88' lang='lat' dir='ltr'><strong>autem</strong></span> <span class='ocrx_word' id='word_1_667' title='bbox 1161 5117 1367 5171; x_wconf 89' lang='lat' dir='ltr'><strong>fratres</strong></span> <span class='ocrx_word' id='word_1_668' title='bbox 1419 5116 1739 5187; x_wconf 76' lang='lat' dir='ltr'><strong>retrogradi</strong></span> <span class='ocrx_word' id='word_1_669' title='bbox 1770 5118 1994 5188; x_wconf 89' lang='lat' dir='ltr'><strong>ipsum-</strong></span> 
     </span>
    </p>
   </div>
   <div class='ocr_carea' id='block_1_99' title="bbox 338 5205 1997 5278">
    <p class='ocr_par' dir='ltr' id='par_1_99' title="bbox 338 5205 1997 5278">
     <span class='ocr_line' id='line_1_99' title="bbox 338 5205 1997 5278; baseline 0.001 -19"><span class='ocrx_word' id='word_1_670' title='bbox 338 5220 455 5277; x_wconf 91' lang='lat' dir='ltr'><strong>que</strong></span> <span class='ocrx_word' id='word_1_671' title='bbox 486 5206 841 5275; x_wconf 90' lang='lat' dir='ltr'><strong>antevenire,</strong></span> <span class='ocrx_word' id='word_1_672' title='bbox 879 5221 948 5260; x_wconf 90' lang='lat' dir='ltr'><strong>ne</strong></span> <span class='ocrx_word' id='word_1_673' title='bbox 980 5207 1127 5260; x_wconf 85' lang='lat' dir='ltr'><strong>forte</strong></span> <span class='ocrx_word' id='word_1_674' title='bbox 1162 5206 1371 5260; x_wconf 85' lang='lat' dir='ltr'><strong>fratres</strong></span> <span class='ocrx_word' id='word_1_675' title='bbox 1418 5205 1475 5259; x_wconf 91' lang='lat' dir='ltr'><strong>in</strong></span> <span class='ocrx_word' id='word_1_676' title='bbox 1531 5206 1726 5259; x_wconf 90' lang='lat' dir='ltr'><strong>Pabau</strong></span> <span class='ocrx_word' id='word_1_677' title='bbox 1759 5211 1997 5278; x_wconf 88' lang='lat' dir='ltr'><strong>agentes</strong></span> 
     </span>
    </p>
   </div>
   <div class='ocr_carea' id='block_1_100' title="bbox 338 5294 1998 5367">
    <p class='ocr_par' dir='ltr' id='par_1_100' title="bbox 338 5294 1998 5367">
     <span class='ocr_line' id='line_1_100' title="bbox 338 5294 1998 5367; baseline 0.001 -17"><span class='ocrx_word' id='word_1_678' title='bbox 338 5294 847 5367; x_wconf 89' lang='lat' dir='ltr'><strong>perturbarentur,</strong></span> <span class='ocrx_word' id='word_1_679' title='bbox 880 5294 961 5350; x_wconf 89' lang='lat' dir='ltr'><strong>ait</strong></span> <span class='ocrx_word' id='word_1_680' title='bbox 990 5294 1106 5350; x_wconf 90' lang='lat' dir='ltr'><strong>illis</strong></span> <span class='ocrx_word' id='word_1_681' title='bbox 1140 5312 1152 5349; x_wconf 92' lang='lat'><strong>:</strong></span> <span class='ocrx_word' id='word_1_682' title='bbox 1188 5295 1242 5350; x_wconf 90' lang='lat' dir='ltr'><strong>Is</strong></span> <span class='ocrx_word' id='word_1_683' title='bbox 1291 5295 1462 5364; x_wconf 88' lang='lat' dir='ltr'><strong>cujus</strong></span> <span class='ocrx_word' id='word_1_684' title='bbox 1522 5295 1711 5366; x_wconf 89' lang='lat' dir='ltr'><strong>gratia</strong></span> <span class='ocrx_word' id='word_1_685' title='bbox 1767 5300 1998 5351; x_wconf 90' lang='lat' dir='ltr'><strong>tantum</strong></span> 
     </span>
    </p>
   </div>
   <div class='ocr_carea' id='block_1_101' title="bbox 338 5382 2002 5457">
    <p class='ocr_par' dir='ltr' id='par_1_101' title="bbox 338 5382 2002 5457">
     <span class='ocr_line' id='line_1_101' title="bbox 338 5382 2002 5457; baseline 0.002 -18"><span class='ocrx_word' id='word_1_686' title='bbox 338 5382 571 5440; x_wconf 89' lang='lat' dir='ltr'><strong>itineris</strong></span> <span class='ocrx_word' id='word_1_687' title='bbox 602 5386 861 5457; x_wconf 90' lang='lat' dir='ltr'><strong>spatium</strong></span> <span class='ocrx_word' id='word_1_688' title='bbox 896 5401 1199 5441; x_wconf 88' lang='lat' dir='ltr'><strong>servorum</strong></span> <span class='ocrx_word' id='word_1_689' title='bbox 1242 5384 1429 5456; x_wconf 91' lang='lat' dir='ltr'><strong>ipsius</strong></span> <span class='ocrx_word' id='word_1_690' title='bbox 1483 5384 1773 5440; x_wconf 91' lang='lat' dir='ltr'><strong>invisendi</strong></span> <span class='ocrx_word' id='word_1_691' title='bbox 1822 5403 2002 5442; x_wconf 89' lang='lat' dir='ltr'><strong>causa</strong></span> 
     </span>
    </p>
   </div>
   <div class='ocr_carea' id='block_1_102' title="bbox 343 5471 1999 5546">
    <p class='ocr_par' dir='ltr' id='par_1_102' title="bbox 343 5471 1999 5546">
     <span class='ocr_line' id='line_1_102' title="bbox 343 5471 1999 5546; baseline 0.001 -17"><span class='ocrx_word' id='word_1_692' title='bbox 343 5473 569 5531; x_wconf 86' lang='lat' dir='ltr'><strong>emensi</strong></span> <span class='ocrx_word' id='word_1_693' title='bbox 598 5478 1029 5546; x_wconf 89' lang='lat' dir='ltr'><strong>sumus,potest</strong></span> <span class='ocrx_word' id='word_1_694' title='bbox 1060 5490 1189 5530; x_wconf 90' lang='lat' dir='ltr'><strong>eam</strong></span> <span class='ocrx_word' id='word_1_695' title='bbox 1222 5489 1345 5528; x_wconf 90' lang='lat' dir='ltr'><strong>rem</strong></span> <span class='ocrx_word' id='word_1_696' title='bbox 1365 5471 1511 5528; x_wconf 91' lang='lat' dir='ltr'><strong>citra</strong></span> <span class='ocrx_word' id='word_1_697' title='bbox 1531 5472 1762 5530; x_wconf 88' lang='lat' dir='ltr'><strong>tristem</strong></span> <span class='ocrx_word' id='word_1_698' title='bbox 1796 5492 1999 5531; x_wconf 90' lang='lat' dir='ltr'><strong>casum</strong></span> 
     </span>
    </p>
   </div>
   <div class='ocr_carea' id='block_1_103' title="bbox 417 5615 1303 5689">
    <p class='ocr_par' dir='ltr' id='par_1_103' title="bbox 417 5615 1303 5689">
     <span class='ocr_line' id='line_1_103' title="bbox 417 5615 1303 5689; baseline -0.003 -16"><span class='ocrx_word' id='word_1_699' title='bbox 417 5617 440 5653; x_wconf 85' lang='grc'>²</span> <span class='ocrx_word' id='word_1_700' title='bbox 469 5615 623 5685; x_wconf 89' lang='lat' dir='ltr'><strong>Psal,</strong></span> <span class='ocrx_word' id='word_1_701' title='bbox 655 5633 781 5686; x_wconf 83' lang='lat' dir='ltr'><strong>CXL,</strong></span> <span class='ocrx_word' id='word_1_702' title='bbox 816 5618 902 5673; x_wconf 91' lang='grc'><strong>10.</strong></span> <span class='ocrx_word' id='word_1_703' title='bbox 934 5618 956 5653; x_wconf 82' lang='grc'>³</span> <span class='ocrx_word' id='word_1_704' title='bbox 987 5618 1097 5674; x_wconf 88' lang='lat' dir='ltr'><strong>Isa.</strong></span> <span class='ocrx_word' id='word_1_705' title='bbox 1132 5634 1221 5689; x_wconf 83' lang='lat' dir='ltr'><strong>Lx,</strong></span> <span class='ocrx_word' id='word_1_706' title='bbox 1248 5617 1303 5671; x_wconf 94' lang='lat'><strong>8.</strong></span> 
     </span>
    </p>
   </div>
   <div class='ocr_carea' id='block_1_104' title="bbox 420 5797 1087 5874">
    <p class='ocr_par' dir='ltr' id='par_1_104' title="bbox 420 5797 1087 5874">
     <span class='ocr_line' id='line_1_104' title="bbox 420 5797 1087 5874; baseline 0 -19"><span class='ocrx_word' id='word_1_707' title='bbox 420 5797 503 5872; x_wconf 81' lang='grc' dir='ltr'><strong>(α)</strong></span> <span class='ocrx_word' id='word_1_708' title='bbox 527 5800 666 5856; x_wconf 76' lang='lat' dir='ltr'><strong>Acta</strong></span> <span class='ocrx_word' id='word_1_709' title='bbox 694 5797 791 5871; x_wconf 92' lang='lat' dir='ltr'><strong>SS,</strong></span> <span class='ocrx_word' id='word_1_710' title='bbox 824 5798 1087 5874; x_wconf 41' lang='lat' dir='ltr'><strong>14&quot;Maii,</strong></span> 
     </span>
    </p>
   </div>
   <div class='ocr_carea' id='block_1_105' title="bbox 2102 4751 3757 4833">
    <p class='ocr_par' dir='ltr' id='par_1_105' title="bbox 2102 4751 3757 4833">
     <span class='ocr_line' id='line_1_105' title="bbox 2102 4751 3757 4833; baseline -0.007 -17"><span class='ocrx_word' id='word_1_711' title='bbox 2102 4762 2343 4833; x_wconf 89' lang='lat' dir='ltr'><strong>ignarus</strong></span> <span class='ocrx_word' id='word_1_712' title='bbox 2376 4759 2509 4832; x_wconf 90' lang='lat' dir='ltr'><strong>quis</strong></span> <span class='ocrx_word' id='word_1_713' title='bbox 2540 4759 2722 4814; x_wconf 88' lang='lat' dir='ltr'><strong>abbas</strong></span> <span class='ocrx_word' id='word_1_714' title='bbox 2756 4758 3097 4813; x_wconf 87' lang='lat' dir='ltr'><strong>Theodorus</strong></span> <span class='ocrx_word' id='word_1_715' title='bbox 3128 4758 3302 4810; x_wconf 89' lang='lat' dir='ltr'><strong>esset.</strong></span> <span class='ocrx_word' id='word_1_716' title='bbox 3336 4754 3537 4824; x_wconf 88' lang='lat' dir='ltr'><strong>Neque</strong></span> <span class='ocrx_word' id='word_1_717' title='bbox 3598 4751 3757 4806; x_wconf 89' lang='lat' dir='ltr'><strong>enim</strong></span> 
     </span>
    </p>
   </div>
   <div class='ocr_carea' id='block_1_106' title="bbox 2104 4841 3753 4921">
    <p class='ocr_par' dir='ltr' id='par_1_106' title="bbox 2104 4841 3753 4921">
     <span class='ocr_line' id='line_1_106' title="bbox 2104 4841 3753 4921; baseline -0.007 -16"><span class='ocrx_word' id='word_1_718' title='bbox 2104 4851 2201 4907; x_wconf 92' lang='lat' dir='ltr'><strong>ille</strong></span> <span class='ocrx_word' id='word_1_719' title='bbox 2234 4851 2313 4905; x_wconf 90' lang='lat' dir='ltr'><strong>ita</strong></span> <span class='ocrx_word' id='word_1_720' title='bbox 2346 4849 2605 4921; x_wconf 88' lang='lat' dir='ltr'><strong>proxime</strong></span> <span class='ocrx_word' id='word_1_721' title='bbox 2637 4849 2707 4903; x_wconf 85' lang='lat' dir='ltr'><strong>ad</strong></span> <span class='ocrx_word' id='word_1_722' title='bbox 2756 4848 3095 4920; x_wconf 83' lang='lat' dir='ltr'><strong>pontiﬁcem</strong></span> <span class='ocrx_word' id='word_1_723' title='bbox 3127 4846 3474 4909; x_wconf 90' lang='lat' dir='ltr'><strong>accesserat,</strong></span> <span class='ocrx_word' id='word_1_724' title='bbox 3497 4841 3593 4897; x_wconf 91' lang='lat' dir='ltr'><strong>sed</strong></span> <span class='ocrx_word' id='word_1_725' title='bbox 3628 4855 3753 4895; x_wconf 90' lang='lat' dir='ltr'><strong>mo-</strong></span> 
     </span>
    </p>
   </div>
   <div class='ocr_carea' id='block_1_107' title="bbox 2104 4929 3760 4999">
    <p class='ocr_par' dir='ltr' id='par_1_107' title="bbox 2104 4929 3760 4999">
     <span class='ocr_line' id='line_1_107' title="bbox 2104 4929 3760 4999; baseline -0.008 -2"><span class='ocrx_word' id='word_1_726' title='bbox 2104 4940 2426 4997; x_wconf 90' lang='lat' dir='ltr'><strong>nachorum</strong></span> <span class='ocrx_word' id='word_1_727' title='bbox 2456 4939 2717 4993; x_wconf 89' lang='lat' dir='ltr'><strong>seniores</strong></span> <span class='ocrx_word' id='word_1_728' title='bbox 2748 4938 2817 4991; x_wconf 91' lang='lat' dir='ltr'><strong>ad</strong></span> <span class='ocrx_word' id='word_1_729' title='bbox 2846 4941 3053 4992; x_wconf 63' lang='lat' dir='ltr'><strong>turma:</strong></span> <span class='ocrx_word' id='word_1_730' title='bbox 3070 4935 3320 4989; x_wconf 89' lang='lat' dir='ltr'><strong>frontem</strong></span> <span class='ocrx_word' id='word_1_731' title='bbox 3345 4929 3760 4999; x_wconf 86' lang='lat' dir='ltr'><strong>incederejus-</strong></span> 
     </span>
    </p>
   </div>
   <div class='ocr_carea' id='block_1_108' title="bbox 2106 5017 3759 5098">
    <p class='ocr_par' dir='ltr' id='par_1_108' title="bbox 2106 5017 3759 5098">
     <span class='ocr_line' id='line_1_108' title="bbox 2106 5017 3759 5098; baseline -0.009 -13"><span class='ocrx_word' id='word_1_732' title='bbox 2106 5032 2201 5086; x_wconf 88' lang='lat' dir='ltr'><strong>sit.</strong></span> <span class='ocrx_word' id='word_1_733' title='bbox 2240 5028 2430 5085; x_wconf 90' lang='lat' dir='ltr'><strong>Primo</strong></span> <span class='ocrx_word' id='word_1_734' title='bbox 2466 5032 2661 5083; x_wconf 89' lang='lat' dir='ltr'><strong>tamen</strong></span> <span class='ocrx_word' id='word_1_735' title='bbox 2695 5031 2933 5098; x_wconf 88' lang='lat' dir='ltr'><strong>aspectu</strong></span> <span class='ocrx_word' id='word_1_736' title='bbox 2989 5024 3181 5078; x_wconf 90' lang='lat' dir='ltr'><strong>virum</strong></span> <span class='ocrx_word' id='word_1_737' title='bbox 3231 5018 3467 5093; x_wconf 89' lang='lat' dir='ltr'><strong>agnovit</strong></span> <span class='ocrx_word' id='word_1_738' title='bbox 3495 5017 3759 5073; x_wconf 88' lang='lat' dir='ltr'><strong>Athana-</strong></span> 
     </span>
    </p>
   </div>
   <div class='ocr_carea' id='block_1_109' title="bbox 2107 5105 3758 5189">
    <p class='ocr_par' dir='ltr' id='par_1_109' title="bbox 2107 5105 3758 5189">
     <span class='ocr_line' id='line_1_109' title="bbox 2107 5105 3758 5189; baseline -0.011 -12"><span class='ocrx_word' id='word_1_739' title='bbox 2107 5121 2232 5177; x_wconf 89' lang='lat' dir='ltr'><strong>sius</strong></span> <span class='ocrx_word' id='word_1_740' title='bbox 2268 5138 2281 5188; x_wconf 92' lang='lat'><strong>;</strong></span> <span class='ocrx_word' id='word_1_741' title='bbox 2314 5120 2483 5189; x_wconf 87' lang='lat' dir='ltr'><strong>cujus</strong></span> <span class='ocrx_word' id='word_1_742' title='bbox 2518 5116 2885 5189; x_wconf 86' lang='lat' dir='ltr'><strong>apprehensa</strong></span> <span class='ocrx_word' id='word_1_743' title='bbox 2916 5113 3193 5169; x_wconf 80' lang='lat' dir='ltr'><strong>manqut</strong></span> <span class='ocrx_word' id='word_1_744' title='bbox 3224 5105 3758 5181; x_wconf 80' lang='lat' dir='ltr'><strong>quomodo,inquit,</strong></span> 
     </span>
    </p>
   </div>
   <div class='ocr_carea' id='block_1_110' title="bbox 2108 5194 3760 5265">
    <p class='ocr_par' dir='ltr' id='par_1_110' title="bbox 2108 5194 3760 5265">
     <span class='ocr_line' id='line_1_110' title="bbox 2108 5194 3760 5265; baseline -0.009 0"><span class='ocrx_word' id='word_1_745' title='bbox 2108 5210 2317 5265; x_wconf 79' lang='lat' dir='ltr'><strong>fratres</strong></span> <span class='ocrx_word' id='word_1_746' title='bbox 2349 5226 2409 5263; x_wconf 85' lang='lat' dir='ltr'><strong>se</strong></span> <span class='ocrx_word' id='word_1_747' title='bbox 2467 5208 2686 5262; x_wconf 86' lang='lat' dir='ltr'><strong>habent</strong></span> <span class='ocrx_word' id='word_1_748' title='bbox 2715 5206 2742 5259; x_wconf 85' lang='lat'><strong>‘?</strong></span> <span class='ocrx_word' id='word_1_749' title='bbox 2773 5205 2874 5259; x_wconf 89' lang='lat' dir='ltr'><strong>Cui</strong></span> <span class='ocrx_word' id='word_1_750' title='bbox 2932 5201 3275 5258; x_wconf 89' lang='lat' dir='ltr'><strong>Theodorus</strong></span> <span class='ocrx_word' id='word_1_751' title='bbox 3309 5216 3322 5253; x_wconf 87' lang='lat'><strong>:</strong></span> <span class='ocrx_word' id='word_1_752' title='bbox 3356 5194 3760 5253; x_wconf 85' lang='lat' dir='ltr'><strong>Sanctissimis</strong></span> 
     </span>
    </p>
   </div>
   <div class='ocr_carea' id='block_1_111' title="bbox 2108 5286 3762 5370">
    <p class='ocr_par' dir='ltr' id='par_1_111' title="bbox 2108 5286 3762 5370">
     <span class='ocr_line' id='line_1_111' title="bbox 2108 5286 3762 5370; baseline -0.009 -15"><span class='ocrx_word' id='word_1_753' title='bbox 2108 5299 2225 5355; x_wconf 91' lang='lat' dir='ltr'><strong>tuis</strong></span> <span class='ocrx_word' id='word_1_754' title='bbox 2255 5297 2527 5370; x_wconf 90' lang='lat' dir='ltr'><strong>precibus</strong></span> <span class='ocrx_word' id='word_1_755' title='bbox 2585 5297 2751 5361; x_wconf 90' lang='lat' dir='ltr'><strong>bene,</strong></span> <span class='ocrx_word' id='word_1_756' title='bbox 2785 5295 2974 5359; x_wconf 88' lang='lat' dir='ltr'><strong>Pater,</strong></span> <span class='ocrx_word' id='word_1_757' title='bbox 3007 5290 3294 5346; x_wconf 86' lang='lat' dir='ltr'><strong>valemus.</strong></span> <span class='ocrx_word' id='word_1_758' title='bbox 3356 5288 3509 5342; x_wconf 88' lang='lat' dir='ltr'><strong>Tum</strong></span> <span class='ocrx_word' id='word_1_759' title='bbox 3554 5286 3762 5340; x_wconf 83' lang='lat' dir='ltr'><strong>fratres</strong></span> 
     </span>
    </p>
   </div>
   <div class='ocr_carea' id='block_1_112' title="bbox 2110 5374 3766 5452">
    <p class='ocr_par' dir='ltr' id='par_1_112' title="bbox 2110 5374 3766 5452">
     <span class='ocr_line' id='line_1_112' title="bbox 2110 5374 3766 5452; baseline -0.009 -8"><span class='ocrx_word' id='word_1_760' title='bbox 2110 5388 2339 5444; x_wconf 88' lang='lat' dir='ltr'><strong>circiter</strong></span> <span class='ocrx_word' id='word_1_761' title='bbox 2369 5392 2605 5443; x_wconf 90' lang='lat' dir='ltr'><strong>centum</strong></span> <span class='ocrx_word' id='word_1_762' title='bbox 2653 5400 2898 5438; x_wconf 89' lang='lat' dir='ltr'><strong>numero</strong></span> <span class='ocrx_word' id='word_1_763' title='bbox 2946 5380 3206 5452; x_wconf 86' lang='lat' dir='ltr'><strong>psalmos</strong></span> <span class='ocrx_word' id='word_1_764' title='bbox 3258 5393 3485 5443; x_wconf 88' lang='lat' dir='ltr'><strong>canere,</strong></span> <span class='ocrx_word' id='word_1_765' title='bbox 3518 5374 3574 5430; x_wconf 91' lang='lat' dir='ltr'><strong>ia</strong></span> <span class='ocrx_word' id='word_1_766' title='bbox 3600 5377 3766 5430; x_wconf 85' lang='lat' dir='ltr'><strong>tanta</strong></span> 
     </span>
    </p>
   </div>
   <div class='ocr_carea' id='block_1_113' title="bbox 2112 5466 3761 5551">
    <p class='ocr_par' dir='ltr' id='par_1_113' title="bbox 2112 5466 3761 5551">
     <span class='ocr_line' id='line_1_113' title="bbox 2112 5466 3761 5551; baseline -0.009 -18"><span class='ocrx_word' id='word_1_767' title='bbox 2112 5477 2440 5551; x_wconf 89' lang='lat' dir='ltr'><strong>frequentia</strong></span> <span class='ocrx_word' id='word_1_768' title='bbox 2469 5480 2535 5530; x_wconf 90' lang='lat' dir='ltr'><strong>ut</strong></span> <span class='ocrx_word' id='word_1_769' title='bbox 2586 5489 2756 5529; x_wconf 90' lang='lat' dir='ltr'><strong>nemo</strong></span> <span class='ocrx_word' id='word_1_770' title='bbox 2812 5470 3143 5544; x_wconf 85' lang='lat' dir='ltr'><strong>proximum</strong></span> <span class='ocrx_word' id='word_1_771' title='bbox 3194 5467 3306 5523; x_wconf 90' lang='lat' dir='ltr'><strong>sibi</strong></span> <span class='ocrx_word' id='word_1_772' title='bbox 3365 5466 3761 5538; x_wconf 89' lang='lat' dir='ltr'><strong>cognosceret.</strong></span> 
     </span>
    </p>
   </div>
   <div class='ocr_carea' id='block_1_114' title="bbox 2187 5786 2857 5871">
    <p class='ocr_par' dir='ltr' id='par_1_114' title="bbox 2187 5786 2857 5871">
     <span class='ocr_line' id='line_1_114' title="bbox 2187 5786 2857 5871; baseline -0.01 -19"><span class='ocrx_word' id='word_1_773' title='bbox 2187 5798 2266 5871; x_wconf 89' lang='lat' dir='ltr'><strong>(b)</strong></span> <span class='ocrx_word' id='word_1_774' title='bbox 2296 5796 2359 5853; x_wconf 94' lang='lat' dir='ltr'><strong>In</strong></span> <span class='ocrx_word' id='word_1_775' title='bbox 2388 5792 2519 5853; x_wconf 85' lang='lat' dir='ltr'><strong>Vita</strong></span> <span class='ocrx_word' id='word_1_776' title='bbox 2543 5786 2857 5847; x_wconf 74' lang='lat' dir='ltr'><strong>Pachumii.</strong></span> 
     </span>
    </p>
   </div>
  </div>
