4166 6418
1742 384 1928 453 VITA
1975 383 2042 452 Β.
2088 381 2546 451 ATHANASII.

3714 389 3851 447 CXL!

437 515 713 594 episcopi.
748 517 875 577 Non
906 524 1176 578 nostrum
1208 525 1296 578 est
1318 538 1383 578 ea
1400 521 1591 579 omnia
1624 540 2079 595 recensere,qum
2115 528 2165 589 Α
2197 524 2361 577 sibus
2381 522 2654 577 Patribus
2685 516 2954 578 rescribit
2982 517 3323 593 imperator,
3373 532 3435 574 se
3475 519 3849 592 negotiorum

434 613 560 665 tum
594 610 789 665 Sirmii
820 612 1083 683 ejusdem
1119 612 1380 667 formula}
1438 614 1742 669 occasione
1781 614 2089 685 designata

437 704 593 753 sunt.
630 700 739 755 Sed
773 718 889 755 non
932 700 1249 767 silendum,
1310 718 1444 756 cum
1507 720 1719 772 magna
1776 703 2086 758 catholico-

435 804 569 844 rum
601 791 987 860 omniumque
1020 790 1170 861 frugi
1205 791 1508 845 hominum
1543 792 1921 856 oil‘ensa,fidei
1957 808 2085 863 pro-

434 877 675 933 fessioni
732 880 1099 950 praemissum
1164 880 1503 950 hujusmodi
1567 880 1806 935 titulum
1867 882 2085 936 fuisse:

432 967 592 1021 Edita
617 976 694 1022 cst
723 968 995 1023 catholica
1022 969 1173 1038 ﬁdes,
1194 978 1462 1039 prwsente
1494 969 1711 1024 domino
1736 975 1920 1025 nostro
1948 972 2086 1042 piis-

433 1058 580 1111 simo
609 1061 659 1111 et
689 1059 942 1111 victoriis
972 1060 1175 1112 eximio
1205 1060 1521 1113 Constantio
1552 1061 1813 1127 Augusto,
1864 1074 2087 1125 meme,

433 1146 763 1201 venerando.
801 1146 942 1201 Coss.
979 1148 1059 1200 FZ.
1096 1147 1343 1213 Eusebio,
1373 1152 1423 1201 et
1453 1148 1531 1200 Fl.
1566 1149 1796 1219 Hypatio
1844 1149 2082 1203 clarissi~

432 1237 558 1289 mis.
591 1235 790 1289 Sirmiz'
818 1236 1108 1291 undecimo
1140 1236 1417 1291 Kalendas
1447 1238 1661 1292 lunias.

504 1328 557 1378 2.
592 1324 945 1395 Displicebat
974 1324 1047 1379 iis
1080 1325 1293 1396 quibus
1351 1325 1742 1380 ecclesiastica
1781 1326 2092 1398 disciplina

432 1418 491 1468 et
519 1413 756 1467 traditio
789 1413 970 1480 cordi,
997 1414 1149 1484 quod
1186 1415 1244 1468 in
1307 1414 1495 1468 fronte
1545 1414 1805 1469 formula:
1864 1420 2093 1487 tempo-

430 1518 565 1558 rum
597 1502 992 1557 ascriberetur
1023 1502 1326 1568 memoria,
1388 1506 1621 1574 quando
1656 1505 1711 1557 in
1746 1505 1818 1559 iis
1863 1522 1991 1576 quae
2024 1506 2091 1559 ii-

434 1590 569 1646 dem
608 1595 873 1662 spectant
903 1591 1069 1646 nulla
1098 1592 1382 1663 temporis
1414 1592 1560 1646 ratio
1593 1593 1963 1665 conditioque
1991 1595 2092 1649 ob-

436 1680 719 1735 servanda
750 1680 844 1735 sit.
875 1680 989 1735 Nec
1049 1680 1294 1735 minoris
1354 1687 1477 1735 erat
1518 1681 1768 1752 invidiae,
1804 1684 1959 1754 quod
1994 1682 2094 1737 ubi

439 1766 565 1825 Filii
600 1767 698 1822 Dei
731 1770 1021 1825 aeternitas
1054 1770 1126 1823 ab
1159 1770 1357 1841 impiis
1390 1770 1729 1825 hominibus
1762 1772 1817 1825 in
1860 1778 2093 1826 contro-

434 1857 686 1913 versiam
718 1858 1052 1923 vocabatur,
1088 1864 1340 1914 aeternus
1396 1863 1589 1914 tamen
1644 1860 2094 1932 impudentissi-

434 1963 532 2002 ma
556 1946 951 2001 assentatione
982 1948 1359 2003 Constantius
1392 1948 1937 2020 appellaretur.Hcec
1968 1968 2093 2005 ma-

431 2036 587 2090 xime
619 2037 883 2089 omnium
918 2036 1104 2107 carpit
1135 2037 1487 2091 Athanasius
1517 2040 1611 2105 (τι).
1646 2039 1747 2092 Cui
1782 2040 1919 2095 item
1948 2020 2090 2095 illud

439 2125 649 2179 rationi
700 2128 759 2178 et
806 2124 1149 2179 Christiana:
1204 2125 1469 2197 religioni
1521 2128 1810 2182 absonum
1842 2129 2091 2198 videtur,

436 2213 591 2283 quod
625 2212 787 2267 nulla
813 2216 1055 2283 urgente
1086 2230 1281 2279 causa,
1341 2214 1501 2269 nullo
1552 2215 1888 2286 postulante
1920 2234 2095 2289 nego-

436 2301 539 2365 tio,
602 2306 836 2356 tantum
901 2303 1011 2357 iter
1068 2304 1493 2374 capessendum
1556 2305 1845 2377 episc0pis
1904 2312 2095 2362 esset:

435 2391 604 2461 quasi
641 2407 773 2446 vero
806 2408 920 2445 non
951 2397 1104 2447 esset
1134 2392 1366 2447 Nicsana
1397 2395 1657 2465 synodus
1688 2396 1755 2449 ad
1807 2396 2093 2452 sinceram

442 2478 794 2534 ﬁrmandam
828 2480 1001 2535 ﬁdem
1036 2482 1199 2545 satis,
1233 2486 1298 2535 ut
1328 2482 1389 2536 in
1421 2482 1545 2537 dies
1578 2500 1736 2538 nova:
1768 2485 1839 2539 de
1870 2486 2097 2558 integro

444 2567 708 2622 formulae
726 2585 792 2622 ac
806 2568 940 2623 fidei
963 2570 1353 2639 professiones
1367 2572 1741 2642 prodirentin
1770 2574 2094 2644 publicum.

511 2661 562 2711 3.
605 2656 855 2728 Synodus
911 2658 1321 2714 Arz'nzincn.sz's..
1384 2692 1447 2700 —
1509 2662 1841 2717 Ariminum
1901 2664 2097 2735 itaque

438 2761 572 2800 cum
604 2746 1014 2802 convenissent
1069 2749 1325 2820 episcopi
1384 2749 1615 2804 circiter
1658 2753 2093 2825 quadringenti,

438 2834 659 2905 Ariani,
694 2837 792 2905 qui
822 2836 1117 2908 octoginta
1150 2855 1393 2893 numero
1418 2842 2095 2911 accesserant,Sirmien-

438 2938 561 2977 sem
598 2924 771 2977 ﬁdem
802 2924 871 2979 de
901 2942 1017 2995 qua
1047 2943 1179 2980 mox
1200 2929 1608 2993 actum,totius
1628 2930 1830 3000 synodi
1855 2931 2096 2986 calculis

437 3014 496 3065 et
525 3011 821 3083 suffragiis
854 3013 1315 3085 consignandam
1350 3016 1600 3071 oﬂ'erunt
1630 3019 1729 3090 (α).
1764 3020 1866 3075 His
1898 3020 2097 3076 Patres

438 3100 995 3171 conspectis,statim
1032 3103 1279 3158 insidias
1312 3105 1950 3179 suspicari,solitasque
1988 3110 2095 3165 Ur-

437 3186 581 3242 sacii
610 3192 669 3243 et
696 3188 962 3245 Valentis
1016 3196 1169 3246 artes
1227 3197 1283 3247 et
1344 3193 1648 3249 machinas
1697 3196 1768 3249 ad
1802 3196 2095 3251 Nicaenam

2200 613 2351 667 mole
2382 615 2656 667 obrutum
2690 612 2949 667 nondum
2983 608 3243 681 potuisse
3269 608 3491 681 legatos
3518 608 3853 680 alloqui.llli

2199 707 2399 757 contra
2433 720 2492 757 se
2522 704 2827 757 obsecrare
2850 717 2951 773 per
2977 699 3722 769 litterasimperatorem,ut
3743 697 3855 754 sibi

2199 791 2473 846 ecclesias
2505 808 2643 845 suas
2676 796 2807 846 ante
2840 791 3135 844 ineuntem
3160 788 3415 843 hiemem
3440 787 3738 859 repetendi
3764 788 3853 843 fa-

2200 880 2387 936 cultas
2420 886 2591 949 esset,
2627 896 2929 951 nunquam
2992 895 3052 933 se
3102 895 3135 932 a
3168 876 3466 948 proposito
3500 893 3854 945 recessuros,

2200 976 2421 1041 quantu
2434 970 2577 1025 mvis
2593 986 2765 1023 morae
2788 968 3172 1023 diuturnitate
3187 966 3585 1038 aarumnisque
3600 983 3853 1038 pressos.

2205 1062 2425 1115 Interea
2450 1059 2647 1113 Ariani
2682 1058 3133 1129 instare,urgere
3165 1073 3230 1111 ac
3259 1055 3573 1111 sollicitare
3612 1055 3856 1127 legatos,

2202 1148 2301 1220 qui
2334 1152 2457 1201 tum
2491 1147 2628 1201 Nice
2663 1147 2720 1199 in
2751 1146 2998 1200 Thracia
3028 1147 3430 1211 versabantur,
3468 1148 3530 1198 ut
3575 1144 3753 1199 latam
3798 1145 3856 1200 in

2202 1236 2422 1309 synodo
2456 1235 2811 1291 Ariminensi
2842 1236 2898 1289 in
2932 1234 3239 1290 Ursacium
3266 1233 3561 1290 Valentem
3583 1238 3639 1288 et
3669 1234 3858 1290 socios

2203 1326 2555 1381 sententiam
2589 1326 2955 1395 abrogarent.
2974 1323 3079 1387 Qui
3108 1324 3345 1378 demum
3367 1323 3538 1377 taadio
3572 1340 3637 1378 ac
3660 1324 3861 1396 despe-

2202 1416 2426 1469 ratione
2458 1414 2603 1469 bene
2637 1414 2901 1486 gerendaa
2942 1413 3018 1467 rei
3056 1413 3221 1468 fracti
3281 1428 3346 1467 ac
3394 1412 3626 1479 devicti,
3660 1416 3859 1484 optata

2203 1505 2529 1559 concedunt
2559 1503 2809 1573 Arianis,
2843 1503 2979 1556 dato
3037 1501 3108 1555 ad
3169 1517 3372 1555 eorum
3424 1500 3728 1556 libidinem
3770 1517 3857 1556 re-

2204 1592 2440 1663 scripto.
2476 1593 2759 1663 Quodque
2783 1590 3037 1645 maxime
3068 1589 3492 1661 deplorandum
3518 1589 3860 1660 fuit,contu-

2205 1682 2396 1737 meliis
2428 1690 2483 1737 et
2519 1681 2962 1736 calamitatibus
2997 1680 3350 1734 Arianorum
3392 1695 3568 1751 opera
3599 1678 3860 1748 inﬂictis,

2204 1772 2443 1827 demum
2497 1777 2552 1825 et
2584 1770 2693 1843 ipsi
2721 1770 3123 1825 Ariminenses
3156 1767 3433 1840 episcopi,
3486 1767 3862 1839 paucissimis

2205 1860 2482 1931 exceptis,
2517 1864 2859 1926 cesserunt;
2889 1876 2955 1914 ac
2988 1875 3115 1929 quae
3151 1858 3281 1929 jure
3303 1863 3437 1913 ante
3467 1858 3859 1929 decreverant,

2206 1949 2371 2003 irrita
2404 1966 2467 2003 ac
2502 1949 2750 2003 rescissa
2782 1948 2961 2017 fuere,
2997 1964 3110 2002 non
3145 1946 3271 2002 sine
3302 1962 3517 2018 magna
3549 1946 3861 2018 proborum

2207 2038 2543 2093 offensione.
2577 2038 2721 2092 Nam
2755 2036 3169 2109 ingemiscens,
3225 2035 3307 2091 ait
3349 2035 3737 2108 Hieronymus
3767 2034 3861 2107 (ε),

2207 2127 2365 2182 orbis
2396 2132 2684 2181 terrarum
2719 2143 2780 2180 se
2814 2126 3092 2180 Arianum
3129 2141 3255 2179 esse
3288 2124 3535 2179 miratus
3565 2127 3689 2179 est.‘

2277 2217 2330 2271 4.
2364 2216 2612 2287 Synodus
2692 2215 3034 2271 Seleuciam.
3095 2215 3360 2269 Acaciam'
3407 2213 3762 2269 damnantur.
3794 2244 3864 2255 ——

2210 2307 2355 2361 Dum
2382 2305 2502 2359 hac
2525 2306 2584 2359 in
2606 2305 2915 2360 Occidente
2937 2308 3241 2375 geruntur,
3262 2302 3585 2358 Orientales
3605 2303 3861 2375 episcopi

2207 2396 2277 2450 ad
2315 2397 2416 2450 160
2448 2411 2691 2449 numero
2722 2394 3051 2449 Seleuciam
3083 2397 3479 2447 convenerunt
3503 2391 3735 2463 gibique
3761 2391 3863 2447 de-

2208 2484 2359 2539 cima
2391 2483 2643 2554 septima
2688 2482 3052 2554 Septembris
3110 2483 3182 2537 de
3242 2482 3354 2535 ﬁde
3400 2497 3570 2552 agere
3607 2484 3861 2552 emptum

2208 2578 2297 2628 est
2327 2573 2425 2644 (ἁ).
2469 2572 2736 2627 Intcrluit
2764 2572 2984 2644 synodo
3025 2571 3301 2626 Hilarius.
3348 2569 3859 2640 Athanasiumque

2207 2662 2398 2733 ipsum
2488 2662 2806 2733 epinantur
2861 2660 3121 2715 adfuisse
3179 2660 3420 2733 quidam
3469 2658 3855 2715 recentiores:

2207 2751 2305 2822 qui
2338 2750 2619 2806 nimirum
2650 2750 2774 2821 ipse
2832 2748 3191 2804 Athanasius
3246 2748 3464 2804 librum
3524 2748 3595 2803 de
3624 2748 3863 2821 synodis

2206 2857 2397 2906 orsus,
2430 2845 2683 2895 testatur
2714 2857 2781 2895 ea
2836 2856 2896 2894 se
2946 2839 3198 2894 scribere
3258 2854 3384 2908 quae
3415 2837 3582 2905 vidit,
3615 2853 3862 2910 quaeque

2208 2934 2474 2983 accurate
2507 2930 2687 2995 novit,
2746 2926 2879 3001 ἅπερ
2914 2926 3127 3001 ἑώρακα
3152 2926 3243 2980 καὶ
3293 2920 3462 2999 ἔγνων
3496 2920 3756 3000 ἀκριϐῶς.
3792 2931 3865 2981 At

2207 3018 2299 3072 vix
2328 3019 2600 3073 credatur
2628 3018 3015 3073 Athanasium
3069 3033 3171 3087 per
3217 3020 3401 3071 totam
3450 3016 3763 3088 [Egyptum
3793 3030 3863 3071 ea

2206 3112 2551 3178 tempestate
2581 3109 2651 3163 ad
2687 3124 2887 3161 necem
2948 3105 3360 3177 perquisitum,
3396 3110 3460 3159 ut
3515 3103 3711 3159 locum
3756 3105 3858 3160 ubi

2207 3198 2553 3253 consisteret
2585 3197 2836 3268 reperire
2863 3196 2957 3249 vix
2988 3199 3202 3265 posset,
3254 3193 3575 3248 Seleuciam
3620 3209 3858 3250 conces-

436 3278 805 3333 evertendam
842 3279 1016 3333 ﬁdem
1050 3287 1420 3352 comparatas
1453 3284 1816 3340 subodorari.
1842 3285 2089 3348 Quamo-
2127 3277 2169 3343 C
2210 3285 2377 3351 sisse,
2411 3286 2509 3339 ubi
2540 3285 2701 3339 nulla
2732 3282 3196 3354 subterfugiendi
3225 3281 3318 3335 via
3347 3284 3471 3335 erat
3526 3280 3597 3335 ab
3626 3279 3857 3337 insidiis

436 3364 600 3421 brem
634 3367 691 3420 in
707 3367 1047 3437 hujusmodi
1066 3369 1517 3440 conspirationis
1533 3372 1782 3427 artiﬁces
1804 3376 2090 3442 conversi,

438 3455 648 3510 acriter
673 3456 1031 3527 compellant
1054 3463 1112 3513 et
1134 3457 1659 3531 alloquuntur,non
1678 3462 1809 3517 fidei
1827 3464 2091 3519 formulae

436 3544 877 3617 promulganda:
917 3563 1095 3602 causa
1124 3564 1157 3602 a
1212 3565 1275 3602 se
1334 3554 1565 3604 tantum
1608 3550 1716 3606 iter
1748 3558 2089 3625 susceptum

436 3633 637 3702 fuisse,
675 3635 890 3706 quibus
922 3641 1075 3692 esset
1104 3637 1336 3692 Nicaana
1366 3639 1511 3693 fides
1534 3640 1677 3694 satis
1698 3660 1720 3707 ;
1739 3642 1838 3696 sed
1871 3658 1937 3698 eo
1955 3660 2091 3699 con-

438 3722 569 3778 silio
599 3724 937 3791 accessisse,
960 3732 1024 3780 ut
1055 3730 1343 3798 quotquot
1367 3727 1505 3783 huic
1536 3730 1987 3787 adversarentur
2009 3734 2089 3788 fe-

437 3810 617 3866 rirent
645 3812 1040 3868 anathemate.
1074 3813 1311 3869 Ursacio
1343 3821 1540 3871 autem
1570 3816 1809 3874 Valente
1840 3825 1896 3874 et
1916 3820 2092 3878 sociis

433 3910 635 3955 contra
664 3901 1089 3969 obnitentibus,
1113 3908 1171 3958 et
1193 3904 1345 3958 facta
1366 3905 1659 3977 fidemque
1682 3925 1847 3963 suam
1874 3927 2090 3982 propu-

433 3988 774 4060 gnantibus,
792 3990 1315 4064 nullainterposita
1347 3996 1736 4063 mora,Patres
1763 3997 2090 4069 Ursacium,

431 4076 759 4148 Valentem,
791 4080 1180 4152 Germinium,
1214 4084 1589 4152 Auxentium,
1617 4086 1849 4157 Gajum,
1885 4094 1943 4143 et
1994 4094 2093 4144 De-

432 4167 760 4239 mophilum
792 4169 1081 4225 damnant
1136 4177 1200 4226 ut
1259 4172 1595 4228 haereticos:
1639 4176 1959 4249 missisque
1989 4195 2093 4249 per

428 4256 634 4328 viginti
657 4263 915 4314 oratores
935 4260 1005 4314 ad
1029 4261 1433 4317 Constantium
1459 4261 1835 4335 litteris,quid
1856 4272 2087 4338 gestum

431 4346 511 4402 sit
541 4347 894 4419 signiﬁcant.
926 4349 1088 4404 Jussi
1113 4355 1251 4405 sunt
1274 4357 1469 4406 autem
1494 4351 1807 4427 legati,qui
1831 4357 2089 4429 episcopi

431 4442 619 4504 erant,
653 4437 808 4508 apud
843 4437 1167 4509 principem
1199 4456 1440 4495 causam
1463 4442 1872 4514 episcoporum
1896 4463 2084 4517 agere.

428 4524 649 4580 Obnixe
679 4525 898 4596 quippe
931 4526 1236 4598 rogabant,
1274 4533 1337 4583 ut
1390 4528 1501 4583 sibi
1534 4530 1605 4584 ad
1640 4532 1917 4601 parzecias
1949 4551 2088 4591 suas

2200 3374 2596 3430 inimicorum.
2652 3376 2853 3445 Itaque
2904 3372 3059 3443 quod
3115 3370 3195 3426 ait
3252 3369 3378 3441 ipse
3432 3386 3501 3425 ea
3544 3386 3606 3425 se
3638 3368 3855 3441 scripto

2200 3466 2430 3519 tradere
2461 3481 2586 3534 qua:
2618 3462 2881 3527 vidisset,
2918 3478 3032 3515 non
3065 3459 3147 3514 ita
3202 3457 3653 3529 intelligendum
3688 3462 3858 3529 puta-

2200 3569 2355 3623 mus,
2390 3554 2542 3624 quod
2578 3568 2832 3624 praesens
2862 3568 2928 3605 ea
2958 3565 3154 3604 coram
3186 3548 3511 3619 aspexerit;
3547 3548 3647 3603 sed
3699 3548 3855 3618 quod

2201 3660 2317 3698 non
2352 3658 2586 3697 rumore
2615 3640 2770 3713 vulgi
2804 3658 2872 3695 ea
2919 3639 3226 3710 acceperit,
3277 3652 3480 3692 verum
3534 3635 3758 3691 litteras
3801 3641 3858 3692 et

2202 3737 2330 3787 acta
2361 3732 2715 3803 synodorum
2752 3730 2877 3785 suis
2937 3729 3061 3800 ipse
3118 3726 3305 3782 oculis
3363 3725 3612 3781 intuitus
3645 3725 3748 3781 sit.
3789 3725 3859 3780 Et

2202 3837 2345 3876 sane
2373 3821 2548 3876 verba
2579 3819 2799 3884 isthmc,
2834 3818 2967 3892 ἅπερ
2998 3816 3213 3890 ἑώρακα
3241 3813 3332 3868 καὶ
3386 3810 3557 3891 ἔκίνων
3593 3807 3855 3887 ἀκριϐῶς,

2203 3927 2316 3965 non
2349 3928 2525 3965 unam
2579 3909 2870 3979 synodum
2929 3906 3359 3962 Seleuciensem
3411 3908 3700 3976 spectant,
3755 3904 3853 3959 sed

2202 4000 2634 4053 Ariminensem
2670 4013 2923 4070 quoque,
2957 3997 3127 4066 cujus
3159 3994 3469 4050 historiam
3502 3994 3692 4065 priore
3732 3991 3856 4048 loco

2200 4094 2431 4145 enarrat
2462 4088 2838 4153 Athanasius,
2902 4091 3101 4157 postea
3157 4101 3289 4140 vero
3340 4082 3725 4139 Seleuciensis
3763 4099 3857 4154 sy-

2202 4180 2336 4234 nodi
2370 4179 2440 4234 ad
2473 4179 2629 4233 hunc
2662 4178 2777 4233 fere
2810 4177 3051 4231 modum
3079 4192 3091 4230 :
3126 4175 3306 4229 Erant
3344 4173 3496 4241 istic,
3530 4170 3722 4244 inquit
3757 4171 3855 4243 (e),

2199 4266 2455 4339 episcopi
2517 4265 2744 4321 circiter
2800 4270 3037 4319 centum
3098 4262 3420 4333 sexaginta.
3452 4262 3599 4316 Cum
3661 4262 3855 4314 autem

2202 4356 2521 4411 multorum
2550 4354 2789 4409 nomina
2812 4353 2882 4407 de
2904 4351 3078 4406 variis
3102 4350 3446 4405 criminibus
3469 4349 3854 4415 deferrentur,

2199 4449 2688 4513 accusatoresque
2739 4443 2895 4496 edito
2955 4440 3209 4495 clamore
3267 4439 3485 4493 scelera
3515 4436 3854 4506 objicerent,

2196 4534 2465 4601 Aeacius,
2498 4531 2895 4603 Patmphilus,
2931 4529 3183 4585 Urianus
3216 4527 3373 4600 Tyri,
3408 4525 3721 4594 Eudoxius,
3754 4525 3855 4597 qui

429 4614 754 4669 revertendi
785 4615 953 4686 copia
984 4621 1176 4672 esset:
1209 4618 1569 4690 essequippc
1601 4620 1819 4676 multos
1843 4639 2090 4696 panper-
2121 4652 2166 4716 Β
2199 4622 2622 4677 Antiochenam
2660 4621 2867 4675 invasit
2900 4617 3245 4685 Ecclesiam,
3282 4614 3853 4683 Leontius,Theodo-

426 4706 546 4759 tate
578 4720 643 4759 ac
676 4704 838 4759 senio
869 4703 1221 4773 laborantes,
1254 4707 1471 4778 quibus
1503 4707 1838 4765 diuturnior
1866 4728 1931 4767 eo
1976 4712 2086 4769 loci

433 4794 818 4850 commoratio
840 4812 1113 4850 aerumna:
1157 4813 1223 4852 ac
1240 4797 1409 4852 tmdio
1448 4802 1622 4853 esset.
1660 4800 1872 4856 Verum
1894 4807 2089 4860 aucto-

426 4883 593 4939 ribus
619 4887 676 4938 et
706 4886 1163 4941 consuasoribus
1193 4888 1425 4942 Arianis
1445 4888 2086 4955 Constantius,trahere

427 4987 644 5042 moras,
677 4989 783 5028 nec
815 4973 1022 5046 legatis
1055 4976 1145 5030 sui
1178 4982 1530 5048 conspectus
1570 4979 1798 5050 copiam
1858 4981 2080 5052 facere;

427 5060 607 5131 idque
638 5062 770 5117 dolo
802 5080 867 5117 ac
897 5065 1253 5133 versutia,ut
1283 5082 1476 5120 rerum
1503 5066 1807 5137 imperitos
1831 5085 1897 5125 ac
1919 5076 2083 5127 aetate

422 5149 693 5221 juniores
735 5150 1038 5223 episcopos
1068 5154 1239 5208 taedio
1270 5170 1468 5219 morae,
1504 5156 1743 5226 pracisa
1771 5174 1873 5228 spe
1920 5163 2084 5229 perli-

422 5238 610 5295 ciendi
644 5240 881 5311 negotii,
939 5242 1230 5313 frangeret
1281 5242 1545 5309 demum,
1578 5249 1635 5297 et
1657 5244 1727 5298 ad
1760 5244 2078 5304 ineundam

421 5344 557 5384 cum
588 5329 821 5385 Arianis
844 5331 1181 5385 societatem
1204 5331 1661 5388 adduceret.Nec
1683 5335 1911 5391 modico
1948 5345 2081 5408 post

419 5434 724 5474 accessum
746 5417 1072 5489 legatorum
1104 5418 1449 5492 interposito
1496 5422 1708 5493 spatio,
1742 5424 2076 5483 Ariminen-

489 5526 566 5606 (ᾳ)
597 5524 722 5606 μὴ.
754 5524 827 5606 De
855 5524 1098 5606 sy‘nodis,
1132 5543 1190 5580 n.
1225 5528 1257 5581 4
1288 5533 1359 5606 et
1374 5543 1537 5606 seqq.

489 5596 564 5678 (ὁ)
596 5598 838 5678 δοοιέιι.Δ
864 5596 1007 5678 lib_._‘
1028 5614 1089 5663 ιι,
1124 5614 1267 5678 cap,
1289 5600 1359 5654 37
1385 5617 1398 5666 ;
1432 5596 1661 5678 So_zom_.
1696 5599 1798 5657 lib.
1834 5619 1911 5669 Iv,
1946 5620 2071 5678 cap.

416 5668 484 5723 17
512 5674 571 5742 et
600 5671 907 5742 sequent,;
943 5666 1165 5724 Theod.
1198 5666 1300 5727 lib.
1334 5689 1395 5738 ιι,
1431 5688 1559 5742 cap,
1593 5671 1679 5726 17.

485 5740 558 5811 (c)
586 5740 807 5812 Dialog.
848 5743 1039 5797 contra
1062 5741 1242 5814 Lucii.

2199 4730 2321 4782 rus,
2345 4711 2651 4783 Evagrius,
2683 4707 3022 4764 Theodnlus
3056 4712 3112 4761 et
3142 4706 3426 4777 Georgius
3449 4703 3545 4758 ille
3578 4702 3849 4758 Laodice-

2198 4819 2309 4856 nus
2343 4800 2665 4856 facinorum
2699 4800 2855 4853 fama
2885 4796 3244 4863 nobilitatus,
3278 4796 3631 4849 veteratores
3661 4791 3851 4847 homi-

2197 4908 2395 4961 nes,ac
2418 4888 2841 4961 praeteritarum
2867 4886 3138 4941 fraudum
3155 4901 3268 4939 non
3295 4881 3853 4947 immemores,futu-

2193 4997 2320 5036 ram
2344 4979 2779 5035 damnationem
2807 4980 2936 5031 astu
2988 4974 3283 5029 declinare
3332 4974 3638 5026 conantur.
3670 4969 3849 5024 Veriti

2194 5070 2411 5143 quippe
2442 5084 2573 5122 cum
2608 5070 2955 5137 argumenta
2985 5062 3453 5118 adversariorum
3505 5060 3561 5113 in
3599 5074 3660 5114 se
3690 5074 3850 5114 com-

2193 5162 2545 5233 parata,tum
2561 5155 2939 5211 solitudinem
2956 5171 3019 5208 su
3030 5150 3325 5223 am,pauci
3344 5150 3501 5205 enim
3525 5147 3847 5203 admodum

2189 5254 2375 5314 erant,
2409 5253 2465 5302 et
2492 5247 2701 5317 ingens
2730 5244 2963 5298 illorum
3000 5240 3351 5313 lrequentia;
3378 5238 3522 5294 alios
3548 5236 3659 5292 sibi
3682 5235 3847 5292 Aria-

2190 5355 2276 5393 nae
2310 5334 2579 5392 factionis
2611 5332 2885 5395 ascivere,
2920 5328 3310 5385 mercenaries
3341 5326 3630 5390 homines,
3664 5342 3698 5379 a
3744 5324 3846 5380 Se-

2187 5427 2379 5484 cundo
2419 5422 2862 5494 Pentapolitnno
2921 5418 3243 5482 ordinatos,
3275 5433 3344 5472 ex
3402 5414 3580 5487 Lybia
3620 5412 3848 5468 scilicet

2259 5533 2335 5606 ((ἰ)
2359 5527 2726 5606 ,SocratLlib.
2757 5543 2818 5593 ιι,
2878 5524 3437 5606 οδρᾲ39λςδὲοκοξρ,
3470 5520 3571 5606 lib.
3606 5536 3680 5591 Iv,
3714 5535 3842 5606 cap.

2184 5574 2701 5671 etaetatis."
2714 5574 3563 5669 ὶιῖἒιθρῖτέᾱζᾸιιῖεἰιῗὶἷῦο’ὗε
3591 5574 3842 5665 aelidis,

2185 5679 2296 5734 sub
2326 5675 2585 5730 initium.

2256 5748 2328 5822 (θ)
2360 5746 2488 5803 Lib.
2521 5744 2594 5801 De
2621 5739 2873 5815 synodis.
