4166 6420
268 369 428 426 cun

1663 359 2278 429 PROLEGOMENA.

262 496 648 572 Stephanum,
691 466 894 558 Seram
925 503 985 559 et
1011 498 1326 571 Pollucem,
1360 499 1637 558 scelestos
1668 502 1725 556 et
1781 515 1911 555 reos
1941 503 1996 566 Α
2028 499 2161 556 fidei
2192 497 2476 556 formulas
2507 515 2610 573 per
2639 514 2738 557 eos
2766 496 2946 557 variis
3001 495 3146 556 locis
3197 503 3254 556 et
3307 491 3672 571 temporibus

262 588 554 656 homines,
588 589 950 664 insuperque
1008 591 1381 646 Pancratium
1434 595 1490 644 et
1538 588 1910 644 Ptolemaeum

263 679 581 751 quemdam
613 679 1008 735 Meletianum.
1043 682 1192 735 Tum
1254 685 1316 734 ut
1375 679 1780 735 accusationes
1813 678 1911 732 ad-

260 767 651 822 versariorum
679 769 1164 840 subterfugerent,
1197 769 1266 824 de
1298 769 1410 823 fide
1443 785 1611 840 agere
1660 766 1804 822 velle
1837 766 1912 820 si-

262 855 508 910 mulant.
536 859 790 922 Quorum
824 857 1118 913 vafriciem
1138 859 1455 930 conspicati
1479 858 1663 912 caeteri
1687 857 1912 928 episco-

260 945 318 1017 pi
352 961 551 1000 eorum
583 944 786 1000 exinde
817 951 980 1017 gesta
1011 949 1418 1010 observabant,
1456 946 1542 1002 Illi
1568 953 1762 1002 autem
1799 963 1912 1000 non

265 1033 543 1089 obscurre
573 1035 838 1089 Arianam
862 1052 923 1089 se
946 1036 1213 1092 haeresim
1240 1042 1711 1109 propugnaturos
1731 1033 1911 1106 signi-

259 1122 530 1177 ﬁcabant.
567 1123 698 1186 Quae
730 1140 909 1178 causa
939 1125 1049 1179 fuit
1082 1131 1146 1180 ut
1179 1127 1327 1180 duas
1387 1127 1444 1179 in
1481 1130 1675 1196 partes
1704 1141 1911 1196 propa-

257 1209 372 1266 lam
407 1212 664 1283 synodus
698 1213 904 1267 abiret.
939 1214 1078 1269 Pars
1114 1215 1377 1285 minima,
1415 1232 1539 1287 quae
1600 1231 1702 1268 ceu
1737 1213 1913 1269 collu-

252 1299 376 1354 vies
407 1303 531 1354 erat
563 1300 892 1369 hominum,
930 1303 1028 1374 qui
1064 1309 1166 1358 aut
1197 1304 1298 1370 rei,
1361 1312 1461 1358 aut
1500 1303 1779 1375 suspecti,
1813 1307 1914 1357 aut

254 1387 577 1444 sceleribus
609 1389 873 1462 insigniti
907 1397 1092 1458 erant,
1129 1393 1426 1448 haerebant
1456 1393 1671 1447 Acacio
1725 1392 1908 1447 Caesa-

252 1477 471 1544 riensi;
506 1478 600 1532 alii
637 1478 808 1551 longe
840 1482 1054 1551 majori
1115 1499 1358 1537 numero
1404 1483 1476 1536 ab
1508 1482 1579 1536 iis
1623 1480 1910 1553 segregati

260 1566 550 1622 Basilium
582 1570 952 1640 Ancyranum
977 1572 1184 1625 ducem
1220 1569 1910 1642 sequebantur.Acaciani

252 1655 435 1728 igitur
464 1657 758 1712 temerarii
791 1658 1306 1732 homines,quibus
1329 1661 1472 1714 nihil
1508 1659 1908 1726 inausum,Ni-

252 1761 474 1800 caznam
506 1748 796 1816 synodum
821 1753 1015 1820 aperte
1035 1749 1758 1821 criminari,negareﬁdem
1783 1749 1910 1817 ejus

252 1835 910 1907 sinceram,abroganda
941 1839 1067 1908 ejus
1085 1839 1315 1894 decreta
1345 1839 1714 1902 contendere,
1737 1842 1910 1908 atque
1942 1873 1987 1937 B

253 1923 324 1978 de
375 1925 600 1996 integro
661 1928 1037 1982 statuendum
1097 1929 1167 1983 de
1200 1929 1312 1983 ﬁde
1344 1929 1671 2000 praedicare.
1707 1925 1909 1981 Cateri

251 2016 450 2069 autem
483 2014 583 2084 qui
617 2031 853 2086 magno,
886 2021 951 2070 ut
1011 2017 1232 2072 dictum
1293 2022 1403 2084 est,
1437 2033 1678 2072 numero
1719 2019 1904 2080 erant,

252 2119 487 2158 summo
521 2103 758 2174 quidem
791 2121 962 2175 opere
993 2106 1408 2162 obnitebantur
1432 2105 1630 2177 impiis
1652 2104 1906 2160 homini-

252 2190 386 2262 bus,
419 2208 595 2247 unam
627 2195 1076 2258 tamen,czeteris
1108 2192 1907 2268 integris,consubstantialis

248 2296 451 2336 vocem
485 2282 715 2352 praecidi
745 2284 1028 2354 optabant
1058 2285 1386 2340 exNicanis
1419 2285 1761 2350 decretis,eo
1794 2299 1906 2338 SOI-

251 2368 387 2424 licet
431 2370 694 2438 obtentu,
757 2372 910 2442 quod
964 2374 1341 2429 obscuritatis
1401 2391 1580 2429 causa
1635 2377 1908 2443 suspecta

253 2457 709 2530 quamplurimis
740 2464 795 2514 et
825 2461 1201 2516 formidolosa
1231 2463 1695 2518 videretur.Cum
1727 2461 1908 2532 igitur

251 2546 546 2619 longiores
579 2547 709 2602 istic
740 2565 915 2603 moras
947 2550 1337 2619 traherentur,
1365 2551 1725 2606 instantibus
1742 2566 1908 2604 accu-

251 2636 565 2704 satoribus,
601 2635 713 2692 reis
743 2642 940 2693 autem
973 2639 1145 2695 solita
1168 2639 1483 2696 calliditate
1506 2639 1798 2712 judicium
1825 2654 1908 2692 re-

252 2725 632 2798 fugientibus,
666 2727 1074 2799 episcoporum
1106 2734 1311 2795 coetus,
1345 2746 1481 2785 cum
1519 2728 1734 2801 negotii
1773 2727 1904 2781 diu-

253 2813 620 2882 turnitatem,
656 2820 781 2870 tum
814 2818 1171 2889 excogitatas
1201 2818 1260 2872 in
1288 2817 1409 2873 dies
1441 2818 1514 2873 ab
1568 2817 1766 2890 impiis
1798 2817 1905 2871 ho-

254 2903 513 2959 minibus
541 2905 613 2959 ad
646 2905 1193 2978 subterfugiendum
1229 2907 1535 2962 machinas
1563 2905 1904 2979 indignissi-

255 3009 350 3048 me
400 2993 672 3064 ferentes,
728 2995 1039 3051 damnatos
1110 2998 1409 3067 Acacium,
1479 2995 1930 3068 Patrophilum,'

256 3081 560 3148 Uranium,
592 3083 944 3154 Eudoxium,
975 3085 1288 3158 Georgium
1319 3085 1455 3141 olim
1490 3088 1908 3155 exactorem,et

255 3171 402 3228 alios
433 3188 501 3227 ex
526 3172 683 3238 Asia,
719 3173 1050 3240 Leontium,
1084 3175 1394 3248 Evagrium
1445 3181 1502 3231 et
1533 3173 1900 3230 Theodulum

2023 589 2403 661 conscriptas.
2438 589 2501 645 In
2533 589 2720 656 tertia,
2780 606 2986 646 vocum
3049 584 3208 644 οὐσία
3263 593 3320 644 et
3376 584 3669 659 ὀμοούοιον

2025 679 2418 734 sinceritatem
2451 686 2780 751 propugnat
2835 685 3039 735 contra
3077 678 3491 744 Semiarianos,
3525 693 3672 750 quos

2022 771 2216 823 tamen
2252 785 2364 822 non
2397 768 2767 824 inimicorum
2803 769 3016 824 habere
3067 768 3192 823 loco
3252 768 3581 839 proﬁtetur,
3613 765 3672 820 in

2023 857 2347 929 primisque
2381 857 2671 930 Basylium
2703 861 3099 930 Ancyranum,
3133 873 3265 912 cum
3317 873 3512 911 vocem
3544 861 3672 911 tan-

2021 951 2146 1000 tum
2181 942 2497 1017 ὀμοούσιον,
2561 965 2674 1002 non
2735 965 2856 1002 rem
2919 947 3048 1018 ipsa
3103 946 3672 1018 signiﬁcatam,res-

2021 1039 2223 1107 puant.
2258 1037 2481 1101 Quibus
2514 1042 2709 1091 autem
2770 1036 2992 1092 litteras
3040 1036 3264 1091 miserit
3293 1034 3673 1103 Athanasius,

2020 1124 2176 1179 haud
2211 1125 2380 1193 plane
2415 1130 2660 1180 constat.
2696 1126 2962 1180 Socrates
3022 1121 3315 1192 ἐπιστολὴν
3368 1123 3504 1194 πρὸς
3544 1119 3672 1182 τοὺς

2019 1213 2334 1288 γνωρίμους
2368 1218 2692 1286 nuncupat,
2750 1214 3108 1268 Sozomenus
3163 1229 3296 1268 vero
3350 1210 3485 1284 πρὸς
3543 1208 3672 1270 τοὺς

2021 1298 2383 1369 ἐπιτηδείους.
2419 1304 2567 1357 Sunt
2599 1302 2694 1373 qui
2732 1307 2936 1374 putent
2963 1303 3033 1356 ad
3068 1301 3387 1357 monachos
3434 1300 3669 1355 missas.

2019 1391 2130 1446 Sed
2164 1392 2458 1445 crederem
2495 1390 2688 1463 potius
2719 1391 2790 1445 ad
2811 1390 3164 1446 catholicum
3189 1394 3402 1444 cmtum
3430 1388 3646 1444 Alexan

2025 1479 2285 1547 drinum,
2315 1496 2385 1533 ne
2419 1479 2569 1534 inter
2598 1479 2852 1534 incertos
2884 1480 3040 1551 vulgi
3094 1496 3360 1534 rumores
3391 1479 3464 1534 de
3513 1480 3671 1547 ejus—

2019 1567 2176 1623 modi
2211 1569 2450 1640 synodis
2505 1570 2722 1639 ubique
2781 1574 3162 1640 pervagantes
3224 1567 3404 1623 animi
3455 1567 3670 1640 pende-

2019 1662 2184 1712 rent:
2219 1663 2274 1713 et
2305 1675 2445 1713 sane
2475 1657 2643 1712 initio
2675 1662 2730 1712 et
2761 1658 2873 1712 fine
2901 1658 3159 1730 epistolae
3210 1661 3446 1724 coetum,
3492 1661 3558 1712 ut
3583 1655 3672 1711 vi-

2019 1746 2210 1813 detur,
2250 1746 2589 1818 alloquitur.

2090 1842 2249 1890 ANNO
2283 1838 2405 1890 300.
2438 1868 2506 1875 -——
2539 1838 2588 1890 1.
2622 1835 2874 1907 Synodus
2934 1835 3567 1908 Constantinopolitano.
3603 1865 3672 1876 —

2018 1924 2363 1980 Semiariani
2394 1928 2588 1979 autem
2622 1925 3187 1997 Constantinopolim
3239 1925 3500 1997 profecti,
3535 1941 3670 1980 cum

2020 2013 2207 2068 multa
2237 2013 2353 2068 alia
2383 2019 2753 2085 peregerunt,
2785 2031 2913 2084 quae
2940 2031 3047 2069 nos
3087 2014 3351 2070 consulto
3398 2030 3670 2070 enarrare

2018 2103 2493 2174 supersedemus,
2525 2106 2651 2158 tum
2684 2103 2973 2158 celebrata
3030 2120 3098 2158 ea
3150 2103 3208 2158 in
3252 2105 3395 2160 urbe
3426 2104 3666 2175 synodo,

2015 2191 2251 2247 Actium
2282 2209 2414 2247 cum
2449 2191 2688 2247 asseclis
2721 2197 3136 2263 percusserunt
3165 2193 3555 2248 anathemate.
3604 2193 3670 2248 Et

2016 2281 2087 2336 de
2119 2298 2300 2345 more,
2336 2281 2503 2353 quasi
2539 2298 2654 2336 non
2686 2286 2884 2337 essent
2907 2287 2992 2338 tot
3011 2282 3139 2353 jam
3163 2282 3388 2354 pridem
3412 2283 3579 2338 edita
3602 2283 3670 2336 fi-

2017 2371 2106 2426 dei
2143 2369 2402 2426 formulae
2445 2371 2608 2435 satis,
2671 2387 2790 2442 qua
2844 2375 3010 2426 erant
3063 2371 3242 2426 animi
3303 2371 3668 2426 volubilitate

2017 2457 2349 2530 mentisque
2378 2457 2812 2526 incertitudine,
2837 2475 2965 2513 eam
2998 2476 3125 2531 quas
3158 2477 3402 2515 numero
3442 2459 3670 2515 decima

2016 2546 2201 2602 fertur
2231 2547 2381 2618 apud
2417 2547 2805 2602 Athanasium
2838 2548 2908 2602 de
2969 2548 3194 2619 integro
3246 2547 3666 2622 promulgant;

2017 2653 2135 2708 qua
2159 2635 2406 2691 similem
2439 2636 2674 2708 quidem
2733 2635 2888 2692 Patri
2950 2637 3160 2691 Filium
3213 2637 3528 2704 declarant,
3564 2638 3667 2693 sed

2016 2742 2184 2781 voces
2216 2723 2510 2795 ὁμοούσιος
2542 2729 2598 2780 et
2629 2723 2920 2785 ὑπόστασις
2952 2726 3296 2797 repudiant:
3331 2727 3471 2798 quia
3509 2725 3672 2782 scili-

2018 2819 2111 2870 cet
2141 2813 2376 2887 populis
2407 2813 2710 2869 olfeneioni
2771 2815 2942 2885 juxta
2989 2831 3054 2870 ac
3099 2814 3418 2887 suspicioni
3453 2817 3668 2883 essent,

2019 2920 2126 2960 nec
2153 2908 2447 2959 exstarent
2477 2903 2535 2957 in
2569 2903 2802 2960 divinis.

2087 2995 2140 3046 2.
2175 2995 2392 3063 Lucifer
2443 3008 2546 3064 pro
2602 2993 2895 3048 Athanasii
2949 2993 3267 3064 de/ensione
3325 2994 3497 3049 libros
3537 2993 3668 3049 edit.

2017 3083 2276 3155 Epistola
2306 3081 2605 3137 Athanasii
2633 3083 2720 3138 ad
2776 3084 3114 3154 Luci/erum.
3141 3113 3212 3124 —
3253 3083 3391 3154 Hoc,
3417 3087 3482 3138 ut
3510 3089 3672 3154 puta-

2019 3176 2116 3229 tur
2146 3188 2316 3238 anno,
2345 3170 2431 3226 vel
2455 3171 2721 3226 fortassis
2753 3171 3072 3243 superiore,
3115 3171 3343 3228 Lucifer
3389 3171 3670 3228 Calarita-

257 3261 623 3317 abdicarunt.
655 3261 1080 3319 Communioue
1101 3246 1297 3320 autem
1340 3282 1448 3320 sua
1475 3264 1903 3319 interdixerunt
1935 3246 1976 3312 C
2018 3277 2129 3316 nus
2159 3260 2340 3315 libros
2372 3277 2474 3331 pro
2493 3259 2806 3316 Athanasio
2830 3261 3263 3316 necessitudine
3287 3260 3397 3316 sibi
3420 3261 3670 3332 aliisque

249 3350 572 3418 Asterium,
607 3350 947 3418 Eusebium,
997 3355 1317 3425 Augarum,
1360 3353 1696 3423 Basilicum,
1734 3352 1900 3407 Phce-

250 3438 414 3503 bum,
451 3437 760 3507 Fidelium,
823 3441 1194 3513 Eutychium,
1257 3443 1647 3508 Eustathium,
1691 3446 1748 3498 et
1787 3442 1903 3497 Ma-

251 3542 456 3598 gnum,
489 3528 645 3598 quod
678 3529 736 3582 in
763 3529 864 3598 jus
898 3531 1102 3598 vocati,
1137 3536 1201 3585 ut
1256 3531 1484 3586 oblatas
1539 3530 1901 3586 criminatio-

251 3631 355 3670 nes
387 3614 765 3686 depellerent,
797 3635 1134 3690 comparere
1192 3622 1648 3676 detrectassent:
1705 3621 1901 3674 decre-

252 3707 499 3775 tumque
527 3706 635 3759 fuit
666 3711 730 3760 ut
761 3723 828 3761 ea
859 3709 1190 3764 conditione
1249 3715 1597 3781 perstarent,
1630 3710 1812 3764 donec
1843 3724 1905 3763 se

253 3793 325 3855 ab
358 3793 698 3864 hujusmodi
731 3797 1239 3854 criminationibus
1286 3805 1621 3872 purgarent.
1675 3798 1908 3854 Confes-

253 3880 477 3939 sionem
511 3887 706 3938 autem
767 3901 976 3941 novam
1039 3888 1169 3943 fidei
1230 3889 1557 3960 ediderunt,
1591 3905 1708 3960 qua
1737 3904 1907 3944 voces

255 3968 548 4043 ὀμοούσιος
580 3977 636 4028 et
665 3971 1036 4045 ὁμοιοούσιος,
1065 3977 1216 4047 quod
1249 3983 1512 4032 motuum
1546 3982 1602 4032 et
1647 3977 1908 4048 querela-

255 4077 388 4116 rum
418 4061 646 4116 occasio
678 4063 950 4128 fuissent,
985 4065 1376 4136 abjiciebant;
1411 4065 1667 4138 ἀνόμοιον
1711 4071 1907 4121 autem

255 4153 620 4208 damnabant
649 4152 1056 4223 anathemate;
1094 4155 1152 4209 in
1189 4154 1429 4226 reliquis
1461 4156 1606 4210 nihil
1652 4155 1908 4210 alienum

256 4240 589 4296 acatholica
617 4242 1534 4316 doctrina.Caeterum,postquam
1558 4245 1627 4300 ad
1645 4245 1912 4317 singulas

257 4328 536 4385 ecclesias
561 4330 852 4400 judicium
912 4331 970 4386 in
1029 4334 1349 4388 Acacianos
1403 4333 1583 4389 latum
1629 4335 1912 4389 miserant

257 4417 620 4485 Semiariani,
656 4421 1062 4476 Constantium
1119 4421 1336 4476 adeunt
1375 4424 1727 4494 Augustum,
1756 4427 1912 4478 acta-

257 4523 372 4579 que
402 4506 486 4561 illi
521 4525 628 4563 sua
659 4509 1018 4565 renuntiant.
1057 4511 1401 4581 Hujusmsdi
1433 4513 1543 4567 fuit
1587 4511 1914 4568 Seleucien-

257 4595 342 4651 sis
374 4596 580 4668 synodi
612 4597 820 4653 exitus.

327 4686 383 4740 5.
417 4687 752 4742 Athanasius
783 4677 1068 4758 epistolam
1097 4692 1291 4745 scribit
1320 4691 1392 4746 de
1419 4691 1661 4762 synodis.
1698 4723 1762 4732 —
1786 4691 1916 4746 Haec

259 4774 518 4829 maxima
547 4793 684 4846 pars
714 4776 926 4832 hausta
956 4795 1024 4833 ex
1082 4778 1342 4851 Epistola
1389 4779 1693 4835 Athanasii
1715 4781 1786 4834 de
1820 4795 1913 4849 sy-

259 4863 450 4931 nodis,
480 4865 814 4937 conscripta
870 4873 999 4936 post
1055 4868 1375 4924 celebratas
1413 4871 1668 4942 synodos
1699 4868 1916 4923 Arimi-

258 4968 502 5008 nensem
534 4959 591 5007 et
621 4953 1073 5022 Seleuciensem,
1133 4962 1452 5029 antequam
1502 4957 1831 5030 legatorum
1863 4960 1921 5012 et

260 5045 494 5113 patrum
526 5041 994 5100 Ariminensium
1025 5044 1257 5117 lapsum
1290 5046 1715 5103 edidicisset.In
1747 5048 1920 5118 cujus

261 5129 451 5202 prima
478 5137 638 5201 parte
668 5133 871 5203 paucis
896 5139 1094 5190 narrat
1115 5135 1254 5205 quid
1287 5134 1344 5189 in
1370 5134 1707 5191 istiusmodi
1739 5154 1912 5205 syno-

264 5219 354 5274 dis
386 5219 463 5274 sit
488 5225 706 5275 actum.
743 5224 805 5276 ln
839 5223 1099 5278 secunda
1128 5228 1392 5281 recenset
1424 5224 1821 5296 blasphemias
1844 5225 1917 5281 ad

263 5307 615 5363 Arianorum
649 5310 1117 5383 primipilaribus
1150 5312 1208 5367 in
1240 5313 1451 5368 Filium
1484 5314 1585 5369 Dei
1636 5312 1917 5386 prolatas.

264 5395 337 5452 Ut
364 5401 561 5452 autem
610 5414 812 5456 eorum
871 5401 1207 5456 instabilem
1259 5403 1523 5457 animum
1578 5402 1919 5459 inconstan-

263 5484 528 5557 tiamque
555 5487 749 5558 palam
780 5489 972 5561 faciat,
1032 5494 1296 5546 recenset
1354 5491 1627 5546 undecim
1662 5491 1921 5548 diversas

338 5713 416 5789 (ει)
445 5716 514 5774 ln
541 5716 739 5776 libello
767 5737 1005 5794 precum
1034 5720 1354 5782 Marcellini
1386 5726 1442 5780 et
1472 5697 1759 5782 Faustini.

2013 3349 2353 3405 nominibus
2381 3349 2886 3421 conjunctissimo,
2910 3350 3168 3422 itemque
3199 3349 3312 3406 alia
3332 3367 3458 3422 qua
3476 3350 3669 3407 adhuc

2011 3443 2244 3495 exstant
2271 3438 2557 3510 opuscula
2584 3439 2976 3504 concinnavit,
3009 3439 3108 3493 ubi
3141 3439 3422 3495 acerrime
3464 3439 3524 3495 in
3555 3439 3667 3494 im-

2012 3531 2338 3601 peratorem
2371 3526 2687 3594 invehitur,
2719 3528 2873 3598 quod
2907 3527 3293 3582 Athanasium
3327 3528 3545 3584 bonum
3578 3528 3664 3582 vi-

2011 3634 2166 3685 rum,
2202 3617 2348 3688 aequi
2409 3633 2474 3671 ac
2531 3618 2649 3671 veri
2699 3615 3055 3682 studiosum,
3089 3617 3159 3672 de
3220 3617 3409 3673 medio
3469 3634 3668 3673 rerum

2010 3705 2238 3773 tollere,
2268 3711 2553 3778 quantum
2584 3705 2643 3760 in
2678 3706 2803 3777 ipso
2835 3705 3014 3761 situm
3045 3709 3188 3773 erat,
3221 3707 3672 3778 satageret,uni-

2012 3812 2314 3851 versorum
2347 3795 2810 3867 subscriptiones
2869 3799 2926 3851 et
2982 3795 3262 3866 suffragia
3303 3800 3674 3866 extorqueret

2014 3885 2075 3939 in
2107 3884 2426 3956 perniciem
2459 3885 2702 3939 innoxii.
2738 3885 2870 3940 Ideo
2930 3888 3128 3940 autem
3171 3885 3328 3939 istaec
3357 3885 3416 3938 in
3450 3901 3672 3940 annum

2017 3973 2377 4029 conferimus
2406 3973 2923 4045 360,quiaLucifer
2951 3972 3033 4028 ait
3063 3972 3283 4028 bellum
3314 3989 3381 4029 eo
3413 3978 3676 4046 tempore

2018 4063 2360 4119 Constantio
2385 4062 2567 4118 fuisse
2591 4079 2724 4118 cum
2747 4063 3027 4135 Soporino
3075 4062 3196 4118 sive
3237 4066 3454 4134 Sapore
3475 4066 3678 4120 Persa-

2019 4169 2151 4208 rum
2186 4169 2338 4224 rege.
2401 4152 2564 4216 Quod
2622 4151 2842 4208 bellum
2897 4169 3030 4207 cum
3091 4168 3243 4207 anno
3273 4152 3538 4224 proximo
3567 4153 3674 4210 359

2022 4242 2274 4313 coeperit,
2306 4247 2630 4312 opportune
2661 4241 2720 4295 in
2778 4258 2998 4296 annum
3027 4241 3134 4295 360
3165 4241 3411 4296 Luciferi
3459 4241 3678 4314 scripta

2021 4329 2273 4386 conferri
2305 4347 2477 4402 posse
2507 4329 3046 4385 arbitramur.Cum
3066 4345 3301 4385 rumore
3331 4331 3536 4386 nuntio
3560 4331 3681 4386 haec

2023 4437 2056 4475 a
2086 4419 2353 4474 Lucifero
2376 4419 2710 4490 conscripta
2743 4419 2926 4474 fuisse
2955 4418 3278 4491 accepisset
3297 4419 3678 4488 Athanasius,

2023 4507 2206 4563 misso
2237 4507 2554 4579 Eutychete
2585 4508 2830 4563 diacono
2862 4505 3070 4563 litteris
3121 4512 3286 4580 rogat
3326 4508 3682 4576 Lucilerum,

1947 4623 1992 4687 D
2025 4596 2233 4687 utisibi
2269 4596 2609 4687 hujusmodi
2645 4598 2997 4668 scriptorum
3029 4597 3256 4687 copiam
3289 4597 3482 4687 faciat,
3504 4613 3680 4687 quem

2025 4686 2240 4742 eximio
2271 4686 2622 4741 confessoris
2656 4687 2890 4741 nomine
2941 4684 3270 4758 compellat.
3321 4685 3598 4758 Optatum
3629 4685 3682 4741 ei

2027 4775 2259 4831 Lucifer
2288 4774 2730 4847 quamprimum
2761 4775 2950 4830 libens
2977 4775 3260 4831 concedit.
3287 4774 3348 4830 Id
3379 4790 3513 4831 vero
3545 4791 3685 4831 con-

2027 4868 2267 4920 secutus
2296 4863 2670 4932 Athanasius,
2697 4881 2766 4920 ex
2823 4863 3020 4920 animo
3073 4865 3357 4937 gaudens,
3378 4863 3559 4921 libros
3589 4881 3690 4921 ac-

2028 4957 2228 5008 curate
2261 4953 2544 5024 perlectos
2574 4953 2844 5020 erce,si
2877 4953 3022 5009 ﬁdes
3050 4953 3387 5009 Marcellino
3422 4954 3500 5026 (α)
3530 4958 3690 5010 tran-

2028 5041 2214 5112 stulit,
2249 5039 2703 5116 εὐχαριστηρίους
2762 5042 2952 5098 eidem
3006 5042 3281 5097 Lucifero
3342 5041 3568 5098 litteras
3607 5059 3694 5098 re-

2030 5130 2193 5186 misit
2221 5132 2577 5186 Athanasius
2605 5150 2616 5200 ;
2652 5131 2753 5187 ubi
2785 5130 3106 5205 deploratis
3135 5131 3406 5186 Ecciestaa
3448 5130 3688 5186 calami-

2029 5219 2272 5287 tatibus,
2307 5220 2389 5276 ait
2414 5220 2660 5276 Arianos
2690 5225 2854 5276 tanto
2887 5222 3080 5276 furore
3111 5220 3170 5275 in
3212 5219 3544 5277 Catholicos
3573 5221 3691 5294 agi,

2031 5312 2097 5364 ut
2125 5326 2240 5364 non
2267 5310 2440 5366 modo
2471 5309 2712 5366 clericos
2771 5309 3028 5366 militum
3088 5325 3268 5381 opera
3310 5313 3602 5366 verterent
3629 5311 3690 5366 in

2030 5397 2254 5470 fugam,
2290 5415 2492 5454 verum
2551 5400 2728 5456 etiam
2782 5399 3036 5456 nefarias
3097 5399 3156 5456 in
3225 5403 3607 5456 monazontas
3637 5404 3696 5456 et

2028 5489 2303 5544 eremitas
2329 5489 2610 5545 inferrent
2639 5505 2884 5559 manus;
2916 5505 3032 5563 quo
3062 5488 3284 5547 factum
3328 5494 3394 5546 ut
3429 5489 3555 5561 ipse
3583 5506 3680 5547 sa-
