  <div class='ocr_page' id='page_1' title='image "/cluster/home/n/w/nwhite01/storage/ocr_20150623/25:no.1/coo.31924054873066/157.png"; bbox 0 0 4166 6432; ppageno 0'>
   <div class='ocr_carea' id='block_1_1' title="bbox 111 10 1772 39">
    <p class='ocr_par' dir='ltr' id='par_1_1' title="bbox 111 10 1772 39">
     <span class='ocr_line' id='line_1_1' title="bbox 111 10 1772 39; baseline -0.005 -1"><span class='ocrx_word' id='word_1_1' title='bbox 111 10 1772 39; x_wconf 48' lang='grc' dir='ltr'>...μη-...ΜΗ</span> 
     </span>
    </p>
   </div>
   <div class='ocr_carea' id='block_1_2' title="bbox 271 378 454 441">
    <p class='ocr_par' dir='ltr' id='par_1_2' title="bbox 271 378 454 441">
     <span class='ocr_line' id='line_1_2' title="bbox 271 378 454 441; baseline 0.011 -2"><span class='ocrx_word' id='word_1_2' title='bbox 271 378 454 441; x_wconf 74' lang='grc' dir='ltr'>οων</span> 
     </span>
    </p>
   </div>
   <div class='ocr_carea' id='block_1_3' title="bbox 1657 356 2279 433">
    <p class='ocr_par' dir='ltr' id='par_1_3' title="bbox 1657 356 2279 433">
     <span class='ocr_line' id='line_1_3' title="bbox 1657 356 2279 433; baseline 0.003 -5"><span class='ocrx_word' id='word_1_3' title='bbox 1657 356 2279 433; x_wconf 74' lang='lat' dir='ltr'>PROLEGOMENA.</span> 
     </span>
    </p>
   </div>
   <div class='ocr_carea' id='block_1_4' title="bbox 272 496 3682 578">
    <p class='ocr_par' dir='ltr' id='par_1_4' title="bbox 272 496 3682 578">
     <span class='ocr_line' id='line_1_4' title="bbox 272 496 3682 578; baseline -0.001 -16"><span class='ocrx_word' id='word_1_4' title='bbox 272 507 559 563; x_wconf 89' lang='lat' dir='ltr'>moratam</span> <span class='ocrx_word' id='word_1_5' title='bbox 591 502 670 578; x_wconf 89' lang='lat' dir='ltr'>(a)</span> <span class='ocrx_word' id='word_1_6' title='bbox 701 501 889 562; x_wconf 86' lang='lat' dir='ltr'>Locus</span> <span class='ocrx_word' id='word_1_7' title='bbox 916 504 1043 562; x_wconf 88' lang='lat' dir='ltr'>erat</span> <span class='ocrx_word' id='word_1_8' title='bbox 1067 500 1127 559; x_wconf 82' lang='lat' dir='ltr'>in</span> <span class='ocrx_word' id='word_1_9' title='bbox 1150 502 1293 560; x_wconf 82' lang='lat' dir='ltr'>urbe</span> <span class='ocrx_word' id='word_1_10' title='bbox 1323 499 1449 575; x_wconf 87' lang='lat' dir='ltr'>jam</span> <span class='ocrx_word' id='word_1_11' title='bbox 1474 497 1612 557; x_wconf 86' lang='lat' dir='ltr'>inde</span> <span class='ocrx_word' id='word_1_12' title='bbox 1640 514 1674 555; x_wconf 91' lang='lat' dir='ltr'>a</span> <span class='ocrx_word' id='word_1_13' title='bbox 1704 497 1917 569; x_wconf 80' lang='lat' dir='ltr'>priscis</span> <span class='ocrx_word' id='word_1_14' title='bbox 1947 496 2002 563; x_wconf 76' lang='grc' dir='ltr'><strong>Α</strong></span> <span class='ocrx_word' id='word_1_15' title='bbox 2034 499 2261 573; x_wconf 81' lang='lat' dir='ltr'>Georgii</span> <span class='ocrx_word' id='word_1_16' title='bbox 2295 498 2423 559; x_wconf 79' lang='lat' dir='ltr'>fuit.</span> <span class='ocrx_word' id='word_1_17' title='bbox 2455 498 2615 559; x_wconf 82' lang='lat' dir='ltr'><strong>Felix</strong></span> <span class='ocrx_word' id='word_1_18' title='bbox 2642 516 2804 573; x_wconf 82' lang='lat' dir='ltr'>sane,</span> <span class='ocrx_word' id='word_1_19' title='bbox 2837 500 2887 560; x_wconf 87' lang='lat' dir='ltr'>si</span> <span class='ocrx_word' id='word_1_20' title='bbox 2920 499 3055 561; x_wconf 78' lang='lat' dir='ltr'>fidei</span> <span class='ocrx_word' id='word_1_21' title='bbox 3084 516 3283 574; x_wconf 81' lang='lat' dir='ltr'>causa,</span> <span class='ocrx_word' id='word_1_22' title='bbox 3341 502 3401 561; x_wconf 91' lang='lat' dir='ltr'>et</span> <span class='ocrx_word' id='word_1_23' title='bbox 3447 515 3565 559; x_wconf 85' lang='lat' dir='ltr'>non</span> <span class='ocrx_word' id='word_1_24' title='bbox 3620 497 3682 560; x_wconf 86' lang='lat' dir='ltr'>in</span> 
     </span>
    </p>
   </div>
   <div class='ocr_carea' id='block_1_5' title="bbox 271 586 1916 668">
    <p class='ocr_par' dir='ltr' id='par_1_5' title="bbox 271 586 1916 668">
     <span class='ocr_line' id='line_1_5' title="bbox 271 586 1916 668; baseline -0.006 -17"><span class='ocrx_word' id='word_1_25' title='bbox 271 595 638 668; x_wconf 82' lang='lat' dir='ltr'>temporibus</span> <span class='ocrx_word' id='word_1_26' title='bbox 661 612 882 651; x_wconf 90' lang='lat' dir='ltr'>vacuus</span> <span class='ocrx_word' id='word_1_27' title='bbox 898 599 950 651; x_wconf 87' lang='lat' dir='ltr'>et</span> <span class='ocrx_word' id='word_1_28' title='bbox 974 589 1490 666; x_wconf 88' lang='lat' dir='ltr'>neglectus,multa</span> <span class='ocrx_word' id='word_1_29' title='bbox 1506 588 1766 646; x_wconf 89' lang='lat' dir='ltr'>sordium</span> <span class='ocrx_word' id='word_1_30' title='bbox 1801 586 1916 641; x_wconf 91' lang='lat' dir='ltr'>col-</span> 
     </span>
    </p>
   </div>
   <div class='ocr_carea' id='block_1_6' title="bbox 271 675 1919 755">
    <p class='ocr_par' dir='ltr' id='par_1_6' title="bbox 271 675 1919 755">
     <span class='ocr_line' id='line_1_6' title="bbox 271 675 1919 755; baseline -0.005 -16"><span class='ocrx_word' id='word_1_31' title='bbox 271 682 506 741; x_wconf 89' lang='lat' dir='ltr'>luvione</span> <span class='ocrx_word' id='word_1_32' title='bbox 540 684 883 751; x_wconf 87' lang='lat' dir='ltr'>refertus,in</span> <span class='ocrx_word' id='word_1_33' title='bbox 916 700 1032 755; x_wconf 89' lang='lat' dir='ltr'>quo</span> <span class='ocrx_word' id='word_1_34' title='bbox 1062 680 1310 755; x_wconf 84' lang='lat' dir='ltr'>gentiles</span> <span class='ocrx_word' id='word_1_35' title='bbox 1355 680 1581 735; x_wconf 80' lang='lat' dir='ltr'>Mithrae</span> <span class='ocrx_word' id='word_1_36' title='bbox 1642 675 1919 750; x_wconf 83' lang='lat' dir='ltr'>mysteria</span> 
     </span>
    </p>
   </div>
   <div class='ocr_carea' id='block_1_7' title="bbox 274 767 1919 848">
    <p class='ocr_par' dir='ltr' id='par_1_7' title="bbox 274 767 1919 848">
     <span class='ocr_line' id='line_1_7' title="bbox 274 767 1919 848; baseline -0.006 -19"><span class='ocrx_word' id='word_1_37' title='bbox 274 779 620 848; x_wconf 84' lang='lat' dir='ltr'>peragentes</span> <span class='ocrx_word' id='word_1_38' title='bbox 649 773 955 829; x_wconf 81' lang='lat' dir='ltr'>immolare</span> <span class='ocrx_word' id='word_1_39' title='bbox 987 770 1254 826; x_wconf 85' lang='lat' dir='ltr'>homines</span> <span class='ocrx_word' id='word_1_40' title='bbox 1283 773 1725 825; x_wconf 89' lang='lat' dir='ltr'>consueverant.</span> <span class='ocrx_word' id='word_1_41' title='bbox 1755 767 1919 821; x_wconf 88' lang='lat' dir='ltr'>Hunc</span> 
     </span>
    </p>
   </div>
   <div class='ocr_carea' id='block_1_8' title="bbox 274 855 1918 937">
    <p class='ocr_par' dir='ltr' id='par_1_8' title="bbox 274 855 1918 937">
     <span class='ocr_line' id='line_1_8' title="bbox 274 855 1918 937; baseline -0.006 -18"><span class='ocrx_word' id='word_1_42' title='bbox 274 867 475 937; x_wconf 78' lang='lat' dir='ltr'>utpote</span> <span class='ocrx_word' id='word_1_43' title='bbox 503 879 753 918; x_wconf 88' lang='lat' dir='ltr'>vacuum</span> <span class='ocrx_word' id='word_1_44' title='bbox 787 878 854 916; x_wconf 90' lang='lat' dir='ltr'>ac</span> <span class='ocrx_word' id='word_1_45' title='bbox 876 861 1172 915; x_wconf 77' lang='lat' dir='ltr'>desertum</span> <span class='ocrx_word' id='word_1_46' title='bbox 1226 858 1606 914; x_wconf 89' lang='lat' dir='ltr'>Constantius</span> <span class='ocrx_word' id='word_1_47' title='bbox 1663 855 1918 912; x_wconf 73' lang='lat' dir='ltr'>ecclesiae</span> 
     </span>
    </p>
   </div>
   <div class='ocr_carea' id='block_1_9' title="bbox 271 939 1919 1020">
    <p class='ocr_par' dir='ltr' id='par_1_9' title="bbox 271 939 1919 1020">
     <span class='ocr_line' id='line_1_9' title="bbox 271 939 1919 1020; baseline -0.005 -14"><span class='ocrx_word' id='word_1_48' title='bbox 271 939 795 1009; x_wconf 85' lang='lat' dir='ltr'>Alexandrinorum</span> <span class='ocrx_word' id='word_1_49' title='bbox 856 951 984 1020; x_wconf 84' lang='lat' dir='ltr'>jam</span> <span class='ocrx_word' id='word_1_50' title='bbox 1033 952 1168 1004; x_wconf 87' lang='lat' dir='ltr'>ante</span> <span class='ocrx_word' id='word_1_51' title='bbox 1215 947 1584 1003; x_wconf 80' lang='lat' dir='ltr'>attribuerat.</span> <span class='ocrx_word' id='word_1_52' title='bbox 1635 945 1919 1017; x_wconf 84' lang='lat' dir='ltr'>Georgius</span> 
     </span>
    </p>
   </div>
   <div class='ocr_carea' id='block_1_10' title="bbox 271 1033 1918 1106">
    <p class='ocr_par' dir='ltr' id='par_1_10' title="bbox 271 1033 1918 1106">
     <span class='ocr_line' id='line_1_10' title="bbox 271 1033 1918 1106; baseline -0.004 -12"><span class='ocrx_word' id='word_1_53' title='bbox 271 1057 406 1098; x_wconf 88' lang='lat' dir='ltr'>vero</span> <span class='ocrx_word' id='word_1_54' title='bbox 437 1058 566 1097; x_wconf 90' lang='lat' dir='ltr'>cum</span> <span class='ocrx_word' id='word_1_55' title='bbox 587 1039 902 1095; x_wconf 76' lang='lat' dir='ltr'>Ecclesium</span> <span class='ocrx_word' id='word_1_56' title='bbox 921 1056 987 1094; x_wconf 93' lang='lat' dir='ltr'>eo</span> <span class='ocrx_word' id='word_1_57' title='bbox 1005 1038 1128 1093; x_wconf 90' lang='lat' dir='ltr'>loco</span> <span class='ocrx_word' id='word_1_58' title='bbox 1142 1038 1391 1093; x_wconf 84' lang='lat' dir='ltr'>excitare</span> <span class='ocrx_word' id='word_1_59' title='bbox 1403 1036 1593 1106; x_wconf 81' lang='lat' dir='ltr'>vellet,</span> <span class='ocrx_word' id='word_1_60' title='bbox 1616 1033 1918 1106; x_wconf 78' lang='lat' dir='ltr'>repurgari</span> 
     </span>
    </p>
   </div>
   <div class='ocr_carea' id='block_1_11' title="bbox 269 1124 1915 1203">
    <p class='ocr_par' dir='ltr' id='par_1_11' title="bbox 269 1124 1915 1203">
     <span class='ocr_line' id='line_1_11' title="bbox 269 1124 1915 1203; baseline -0.005 -18"><span class='ocrx_word' id='word_1_61' title='bbox 269 1131 508 1203; x_wconf 80' lang='lat' dir='ltr'>adytum</span> <span class='ocrx_word' id='word_1_62' title='bbox 540 1129 829 1201; x_wconf 79' lang='lat' dir='ltr'>praecepit.</span> <span class='ocrx_word' id='word_1_63' title='bbox 866 1128 924 1183; x_wconf 84' lang='lat' dir='ltr'>In</span> <span class='ocrx_word' id='word_1_64' title='bbox 950 1126 1249 1200; x_wconf 90' lang='lat' dir='ltr'>peramplo</span> <span class='ocrx_word' id='word_1_65' title='bbox 1279 1124 1620 1196; x_wconf 80' lang='lat' dir='ltr'>hujusmodi</span> <span class='ocrx_word' id='word_1_66' title='bbox 1648 1124 1770 1178; x_wconf 92' lang='lat' dir='ltr'>loco</span> <span class='ocrx_word' id='word_1_67' title='bbox 1790 1140 1915 1195; x_wconf 82' lang='lat' dir='ltr'>my-</span> 
     </span>
    </p>
   </div>
   <div class='ocr_carea' id='block_1_12' title="bbox 270 1212 1919 1290">
    <p class='ocr_par' dir='ltr' id='par_1_12' title="bbox 270 1212 1919 1290">
     <span class='ocr_line' id='line_1_12' title="bbox 270 1212 1919 1290; baseline -0.006 -15"><span class='ocrx_word' id='word_1_68' title='bbox 270 1219 447 1276; x_wconf 91' lang='lat' dir='ltr'>steria</span> <span class='ocrx_word' id='word_1_69' title='bbox 473 1217 779 1290; x_wconf 87' lang='lat' dir='ltr'>gentilium</span> <span class='ocrx_word' id='word_1_70' title='bbox 809 1221 976 1273; x_wconf 89' lang='lat' dir='ltr'>erant</span> <span class='ocrx_word' id='word_1_71' title='bbox 990 1216 1288 1273; x_wconf 88' lang='lat' dir='ltr'>recondita</span> <span class='ocrx_word' id='word_1_72' title='bbox 1309 1241 1322 1283; x_wconf 91' lang='lat'><strong>;</strong></span> <span class='ocrx_word' id='word_1_73' title='bbox 1341 1214 1674 1287; x_wconf 85' lang='lat' dir='ltr'>complures</span> <span class='ocrx_word' id='word_1_74' title='bbox 1697 1212 1919 1269; x_wconf 84' lang='lat' dir='ltr'>scilicet</span> 
     </span>
    </p>
   </div>
   <div class='ocr_carea' id='block_1_13' title="bbox 267 1304 1915 1378">
    <p class='ocr_par' dir='ltr' id='par_1_13' title="bbox 267 1304 1915 1378">
     <span class='ocr_line' id='line_1_13' title="bbox 267 1304 1915 1378; baseline -0.006 -14"><span class='ocrx_word' id='word_1_75' title='bbox 267 1307 573 1364; x_wconf 86' lang='lat' dir='ltr'>hominum</span> <span class='ocrx_word' id='word_1_76' title='bbox 605 1307 890 1374; x_wconf 65' lang='lat' dir='ltr'>calvariae,</span> <span class='ocrx_word' id='word_1_77' title='bbox 914 1308 1201 1378; x_wconf 89' lang='lat' dir='ltr'>juvenum</span> <span class='ocrx_word' id='word_1_78' title='bbox 1236 1305 1453 1378; x_wconf 89' lang='lat' dir='ltr'>pariter</span> <span class='ocrx_word' id='word_1_79' title='bbox 1476 1322 1543 1360; x_wconf 91' lang='lat' dir='ltr'>ac</span> <span class='ocrx_word' id='word_1_80' title='bbox 1576 1304 1872 1359; x_wconf 88' lang='lat' dir='ltr'>seniorum</span> <span class='ocrx_word' id='word_1_81' title='bbox 1901 1318 1915 1355; x_wconf 91' lang='lat'><strong>:</strong></span> 
     </span>
    </p>
   </div>
   <div class='ocr_carea' id='block_1_14' title="bbox 268 1393 1919 1469">
    <p class='ocr_par' dir='ltr' id='par_1_14' title="bbox 268 1393 1919 1469">
     <span class='ocr_line' id='line_1_14' title="bbox 268 1393 1919 1469; baseline -0.004 -18"><span class='ocrx_word' id='word_1_82' title='bbox 268 1395 777 1469; x_wconf 78' lang='lat' dir='ltr'>quiolimmaciati</span> <span class='ocrx_word' id='word_1_83' title='bbox 799 1395 1401 1466; x_wconf 85' lang='lat' dir='ltr'>ferebantur,quando</span> <span class='ocrx_word' id='word_1_84' title='bbox 1429 1398 1694 1449; x_wconf 84' lang='lat' dir='ltr'>extorum</span> <span class='ocrx_word' id='word_1_85' title='bbox 1728 1393 1919 1462; x_wconf 83' lang='lat' dir='ltr'>inspe-</span> 
     </span>
    </p>
   </div>
   <div class='ocr_carea' id='block_1_15' title="bbox 267 1483 1919 1557">
    <p class='ocr_par' dir='ltr' id='par_1_15' title="bbox 267 1483 1919 1557">
     <span class='ocr_line' id='line_1_15' title="bbox 267 1483 1919 1557; baseline -0.005 -15"><span class='ocrx_word' id='word_1_86' title='bbox 267 1484 459 1542; x_wconf 90' lang='lat' dir='ltr'>ctione</span> <span class='ocrx_word' id='word_1_87' title='bbox 488 1485 912 1549; x_wconf 85' lang='lat' dir='ltr'>divinarent,ac</span> <span class='ocrx_word' id='word_1_88' title='bbox 935 1484 1161 1557; x_wconf 88' lang='lat' dir='ltr'>magica</span> <span class='ocrx_word' id='word_1_89' title='bbox 1188 1483 1474 1539; x_wconf 78' lang='lat' dir='ltr'>sacrificia</span> <span class='ocrx_word' id='word_1_90' title='bbox 1504 1483 1576 1538; x_wconf 89' lang='lat' dir='ltr'>ad</span> <span class='ocrx_word' id='word_1_91' title='bbox 1609 1484 1919 1537; x_wconf 86' lang='lat' dir='ltr'>incantan-</span> 
     </span>
    </p>
   </div>
   <div class='ocr_carea' id='block_1_16' title="bbox 267 1571 1920 1647">
    <p class='ocr_par' dir='ltr' id='par_1_16' title="bbox 267 1571 1920 1647">
     <span class='ocr_line' id='line_1_16' title="bbox 267 1571 1920 1647; baseline -0.004 -18"><span class='ocrx_word' id='word_1_92' title='bbox 267 1573 375 1629; x_wconf 87' lang='lat' dir='ltr'>das</span> <span class='ocrx_word' id='word_1_93' title='bbox 404 1573 635 1629; x_wconf 87' lang='lat' dir='ltr'>animas</span> <span class='ocrx_word' id='word_1_94' title='bbox 656 1573 1153 1647; x_wconf 58' lang='lat' dir='ltr'>peragerentllaac</span> <span class='ocrx_word' id='word_1_95' title='bbox 1181 1573 1239 1627; x_wconf 92' lang='lat' dir='ltr'>in</span> <span class='ocrx_word' id='word_1_96' title='bbox 1255 1571 1474 1627; x_wconf 81' lang='lat' dir='ltr'>Mithrae</span> <span class='ocrx_word' id='word_1_97' title='bbox 1489 1572 1660 1643; x_wconf 79' lang='lat' dir='ltr'>adyto</span> <span class='ocrx_word' id='word_1_98' title='bbox 1692 1574 1920 1640; x_wconf 89' lang='lat' dir='ltr'>reperta</span> 
     </span>
    </p>
   </div>
   <div class='ocr_carea' id='block_1_17' title="bbox 267 1658 1918 1735">
    <p class='ocr_par' dir='ltr' id='par_1_17' title="bbox 267 1658 1918 1735">
     <span class='ocr_line' id='line_1_17' title="bbox 267 1658 1918 1735; baseline -0.006 -15"><span class='ocrx_word' id='word_1_99' title='bbox 267 1662 584 1720; x_wconf 87' lang='lat' dir='ltr'>Christiani</span> <span class='ocrx_word' id='word_1_100' title='bbox 617 1663 689 1718; x_wconf 89' lang='lat' dir='ltr'>ad</span> <span class='ocrx_word' id='word_1_101' title='bbox 722 1660 1030 1735; x_wconf 81' lang='lat' dir='ltr'>gentilium</span> <span class='ocrx_word' id='word_1_102' title='bbox 1064 1660 1384 1716; x_wconf 90' lang='lat' dir='ltr'>ludibrium</span> <span class='ocrx_word' id='word_1_103' title='bbox 1439 1662 1595 1715; x_wconf 85' lang='lat' dir='ltr'>foras</span> <span class='ocrx_word' id='word_1_104' title='bbox 1652 1658 1918 1712; x_wconf 89' lang='lat' dir='ltr'>omnium</span> 
     </span>
    </p>
   </div>
   <div class='ocr_carea' id='block_1_18' title="bbox 269 1749 1921 1824">
    <p class='ocr_par' dir='ltr' id='par_1_18' title="bbox 269 1749 1921 1824">
     <span class='ocr_line' id='line_1_18' title="bbox 269 1749 1921 1824; baseline -0.004 -16"><span class='ocrx_word' id='word_1_105' title='bbox 269 1750 458 1808; x_wconf 90' lang='lat' dir='ltr'>oculis</span> <span class='ocrx_word' id='word_1_106' title='bbox 490 1767 830 1824; x_wconf 89' lang='lat' dir='ltr'>exposuere,</span> <span class='ocrx_word' id='word_1_107' title='bbox 866 1751 1069 1807; x_wconf 90' lang='lat' dir='ltr'>eadem</span> <span class='ocrx_word' id='word_1_108' title='bbox 1102 1754 1397 1824; x_wconf 84' lang='lat' dir='ltr'>gestantes</span> <span class='ocrx_word' id='word_1_109' title='bbox 1451 1749 1760 1804; x_wconf 86' lang='lat' dir='ltr'>traduxere</span> <span class='ocrx_word' id='word_1_110' title='bbox 1819 1763 1921 1818; x_wconf 89' lang='lat' dir='ltr'>per</span> 
     </span>
    </p>
   </div>
   <div class='ocr_carea' id='block_1_19' title="bbox 2028 587 3681 667">
    <p class='ocr_par' dir='ltr' id='par_1_19' title="bbox 2028 587 3681 667">
     <span class='ocr_line' id='line_1_19' title="bbox 2028 587 3681 667; baseline 0.006 -26"><span class='ocrx_word' id='word_1_111' title='bbox 2028 587 2314 645; x_wconf 90' lang='lat' dir='ltr'>scelerum</span> <span class='ocrx_word' id='word_1_112' title='bbox 2355 608 2608 664; x_wconf 73' lang='lat' dir='ltr'>poenam,</span> <span class='ocrx_word' id='word_1_113' title='bbox 2668 592 2844 649; x_wconf 89' lang='lat' dir='ltr'>homo</span> <span class='ocrx_word' id='word_1_114' title='bbox 2897 592 3220 667; x_wconf 82' lang='lat' dir='ltr'>gentilibus</span> <span class='ocrx_word' id='word_1_115' title='bbox 3268 592 3443 665; x_wconf 81' lang='lat' dir='ltr'>juxta</span> <span class='ocrx_word' id='word_1_116' title='bbox 3501 595 3681 664; x_wconf 82' lang='lat' dir='ltr'>atque</span> 
     </span>
    </p>
   </div>
   <div class='ocr_carea' id='block_1_20' title="bbox 2028 675 3682 749">
    <p class='ocr_par' dir='ltr' id='par_1_20' title="bbox 2028 675 3682 749">
     <span class='ocr_line' id='line_1_20' title="bbox 2028 675 3682 749; baseline 0.004 -19"><span class='ocrx_word' id='word_1_117' title='bbox 2028 675 2380 735; x_wconf 86' lang='lat' dir='ltr'>Christianis</span> <span class='ocrx_word' id='word_1_118' title='bbox 2410 680 2663 749; x_wconf 90' lang='lat' dir='ltr'>invisus,</span> <span class='ocrx_word' id='word_1_119' title='bbox 2686 686 2804 738; x_wconf 91' lang='lat' dir='ltr'>tam</span> <span class='ocrx_word' id='word_1_120' title='bbox 2840 681 2992 738; x_wconf 88' lang='lat' dir='ltr'>male</span> <span class='ocrx_word' id='word_1_121' title='bbox 3021 682 3307 738; x_wconf 88' lang='lat' dir='ltr'>multatus</span> <span class='ocrx_word' id='word_1_122' title='bbox 3349 681 3682 738; x_wconf 84' lang='lat' dir='ltr'>esset.Ene-</span> 
     </span>
    </p>
   </div>
   <div class='ocr_carea' id='block_1_21' title="bbox 2028 766 3682 843">
    <p class='ocr_par' dir='ltr' id='par_1_21' title="bbox 2028 766 3682 843">
     <span class='ocr_line' id='line_1_21' title="bbox 2028 766 3682 843; baseline 0.005 -23"><span class='ocrx_word' id='word_1_123' title='bbox 2028 766 2106 821; x_wconf 91' lang='lat' dir='ltr'>cti</span> <span class='ocrx_word' id='word_1_124' title='bbox 2140 783 2309 839; x_wconf 90' lang='lat' dir='ltr'>porro</span> <span class='ocrx_word' id='word_1_125' title='bbox 2339 769 2566 843; x_wconf 90' lang='lat' dir='ltr'>Georgii</span> <span class='ocrx_word' id='word_1_126' title='bbox 2598 770 2877 827; x_wconf 84' lang='lat' dir='ltr'>invidiam</span> <span class='ocrx_word' id='word_1_127' title='bbox 2909 772 2968 827; x_wconf 90' lang='lat' dir='ltr'>in</span> <span class='ocrx_word' id='word_1_128' title='bbox 3002 771 3333 827; x_wconf 88' lang='lat' dir='ltr'>Catholicos</span> <span class='ocrx_word' id='word_1_129' title='bbox 3392 771 3682 843; x_wconf 86' lang='lat' dir='ltr'>conjicere</span> 
     </span>
    </p>
   </div>
   <div class='ocr_carea' id='block_1_22' title="bbox 2028 857 3677 933">
    <p class='ocr_par' dir='ltr' id='par_1_22' title="bbox 2028 857 3677 933">
     <span class='ocr_line' id='line_1_22' title="bbox 2028 857 3677 933; baseline 0.004 -23"><span class='ocrx_word' id='word_1_130' title='bbox 2028 857 2219 911; x_wconf 83' lang='lat' dir='ltr'>conati</span> <span class='ocrx_word' id='word_1_131' title='bbox 2252 862 2392 913; x_wconf 90' lang='lat' dir='ltr'>sunt</span> <span class='ocrx_word' id='word_1_132' title='bbox 2439 860 2660 914; x_wconf 87' lang='lat' dir='ltr'>Ariani.</span> <span class='ocrx_word' id='word_1_133' title='bbox 2692 861 2908 916; x_wconf 91' lang='lat' dir='ltr'>Verum</span> <span class='ocrx_word' id='word_1_134' title='bbox 2954 878 3022 916; x_wconf 86' lang='lat' dir='ltr'>ex</span> <span class='ocrx_word' id='word_1_135' title='bbox 3048 860 3375 933; x_wconf 86' lang='lat' dir='ltr'>Epiphanio</span> <span class='ocrx_word' id='word_1_136' title='bbox 3424 865 3482 916; x_wconf 87' lang='lat' dir='ltr'>et</span> <span class='ocrx_word' id='word_1_137' title='bbox 3538 865 3677 917; x_wconf 88' lang='lat' dir='ltr'>Am-</span> 
     </span>
    </p>
   </div>
   <div class='ocr_carea' id='block_1_23' title="bbox 2031 945 3680 1022">
    <p class='ocr_par' dir='ltr' id='par_1_23' title="bbox 2031 945 3680 1022">
     <span class='ocr_line' id='line_1_23' title="bbox 2031 945 3680 1022; baseline 0.004 -23"><span class='ocrx_word' id='word_1_138' title='bbox 2031 945 2225 1002; x_wconf 88' lang='lat' dir='ltr'>miano</span> <span class='ocrx_word' id='word_1_139' title='bbox 2259 947 2596 1003; x_wconf 86' lang='lat' dir='ltr'>Marcellino</span> <span class='ocrx_word' id='word_1_140' title='bbox 2628 954 2859 1006; x_wconf 86' lang='lat' dir='ltr'>constat</span> <span class='ocrx_word' id='word_1_141' title='bbox 2888 967 2921 1005; x_wconf 91' lang='lat' dir='ltr'>a</span> <span class='ocrx_word' id='word_1_142' title='bbox 2951 950 3093 1005; x_wconf 91' lang='lat' dir='ltr'>solis</span> <span class='ocrx_word' id='word_1_143' title='bbox 3122 949 3441 1022; x_wconf 84' lang='lat' dir='ltr'>gentilibus</span> <span class='ocrx_word' id='word_1_144' title='bbox 3470 950 3527 1005; x_wconf 87' lang='lat' dir='ltr'>id</span> <span class='ocrx_word' id='word_1_145' title='bbox 3544 949 3680 1005; x_wconf 86' lang='lat' dir='ltr'>faci-</span> 
     </span>
    </p>
   </div>
   <div class='ocr_carea' id='block_1_24' title="bbox 2029 1036 3682 1111">
    <p class='ocr_par' dir='ltr' id='par_1_24' title="bbox 2029 1036 3682 1111">
     <span class='ocr_line' id='line_1_24' title="bbox 2029 1036 3682 1111; baseline 0.005 -24"><span class='ocrx_word' id='word_1_146' title='bbox 2029 1036 2187 1089; x_wconf 87' lang='lat' dir='ltr'>noris</span> <span class='ocrx_word' id='word_1_147' title='bbox 2219 1042 2639 1109; x_wconf 83' lang='lat' dir='ltr'>perpetratum,</span> <span class='ocrx_word' id='word_1_148' title='bbox 2673 1043 2725 1095; x_wconf 92' lang='lat' dir='ltr'>et</span> <span class='ocrx_word' id='word_1_149' title='bbox 2751 1040 3082 1111; x_wconf 88' lang='lat' dir='ltr'>quidem,ut</span> <span class='ocrx_word' id='word_1_150' title='bbox 3095 1037 3682 1095; x_wconf 88' lang='lat' dir='ltr'>aitmendacissimus</span> 
     </span>
    </p>
   </div>
   <div class='ocr_carea' id='block_1_25' title="bbox 2027 1123 3680 1198">
    <p class='ocr_par' dir='ltr' id='par_1_25' title="bbox 2027 1123 3680 1198">
     <span class='ocr_line' id='line_1_25' title="bbox 2027 1123 3680 1198; baseline 0.004 -21"><span class='ocrx_word' id='word_1_151' title='bbox 2027 1123 2459 1198; x_wconf 88' lang='lat' dir='ltr'>Philostorgius</span> <span class='ocrx_word' id='word_1_152' title='bbox 2489 1128 2587 1196; x_wconf 88' lang='lat' dir='ltr'>(b),</span> <span class='ocrx_word' id='word_1_153' title='bbox 2621 1127 2927 1184; x_wconf 82' lang='lat' dir='ltr'>concitatis</span> <span class='ocrx_word' id='word_1_154' title='bbox 2948 1128 3020 1183; x_wconf 90' lang='lat' dir='ltr'>ab</span> <span class='ocrx_word' id='word_1_155' title='bbox 3066 1127 3484 1183; x_wconf 88' lang='lat' dir='ltr'>Athananasio.</span> <span class='ocrx_word' id='word_1_156' title='bbox 3544 1126 3680 1190; x_wconf 66' lang='lat' dir='ltr'>Qua</span> 
     </span>
    </p>
   </div>
   <div class='ocr_carea' id='block_1_26' title="bbox 2028 1212 3679 1289">
    <p class='ocr_par' dir='ltr' id='par_1_26' title="bbox 2028 1212 3679 1289">
     <span class='ocr_line' id='line_1_26' title="bbox 2028 1212 3679 1289; baseline 0.002 -21"><span class='ocrx_word' id='word_1_157' title='bbox 2028 1212 2322 1270; x_wconf 87' lang='lat' dir='ltr'>calumnia</span> <span class='ocrx_word' id='word_1_158' title='bbox 2351 1215 2438 1271; x_wconf 88' lang='lat' dir='ltr'>vel</span> <span class='ocrx_word' id='word_1_159' title='bbox 2474 1217 2611 1272; x_wconf 90' lang='lat' dir='ltr'>hinc</span> <span class='ocrx_word' id='word_1_160' title='bbox 2642 1217 2996 1285; x_wconf 86' lang='lat' dir='ltr'>confutatur,</span> <span class='ocrx_word' id='word_1_161' title='bbox 3031 1218 3183 1289; x_wconf 91' lang='lat' dir='ltr'>quod</span> <span class='ocrx_word' id='word_1_162' title='bbox 3220 1234 3322 1288; x_wconf 91' lang='lat' dir='ltr'>per</span> <span class='ocrx_word' id='word_1_163' title='bbox 3350 1217 3409 1272; x_wconf 92' lang='lat' dir='ltr'>id</span> <span class='ocrx_word' id='word_1_164' title='bbox 3440 1221 3679 1289; x_wconf 85' lang='lat' dir='ltr'>tempus</span> 
     </span>
    </p>
   </div>
   <div class='ocr_carea' id='block_1_27' title="bbox 2028 1301 3684 1378">
    <p class='ocr_par' dir='ltr' id='par_1_27' title="bbox 2028 1301 3684 1378">
     <span class='ocr_line' id='line_1_27' title="bbox 2028 1301 3684 1378; baseline 0.007 -24"><span class='ocrx_word' id='word_1_165' title='bbox 2028 1301 2389 1360; x_wconf 79' lang='lat' dir='ltr'>Athanasius</span> <span class='ocrx_word' id='word_1_166' title='bbox 2418 1306 2477 1361; x_wconf 89' lang='lat' dir='ltr'>in</span> <span class='ocrx_word' id='word_1_167' title='bbox 2512 1307 2902 1363; x_wconf 89' lang='lat' dir='ltr'>secretoribus</span> <span class='ocrx_word' id='word_1_168' title='bbox 2932 1306 3112 1362; x_wconf 89' lang='lat' dir='ltr'>eremi</span> <span class='ocrx_word' id='word_1_169' title='bbox 3144 1305 3286 1363; x_wconf 89' lang='lat' dir='ltr'>locis</span> <span class='ocrx_word' id='word_1_170' title='bbox 3318 1306 3598 1378; x_wconf 80' lang='lat' dir='ltr'>profugus</span> <span class='ocrx_word' id='word_1_171' title='bbox 3625 1308 3684 1365; x_wconf 71' lang='lat' dir='ltr'>et</span> 
     </span>
    </p>
   </div>
   <div class='ocr_carea' id='block_1_28' title="bbox 2027 1390 2655 1451">
    <p class='ocr_par' dir='ltr' id='par_1_28' title="bbox 2027 1390 2655 1451">
     <span class='ocr_line' id='line_1_28' title="bbox 2027 1390 2655 1451; baseline 0.01 -6"><span class='ocrx_word' id='word_1_172' title='bbox 2027 1390 2291 1448; x_wconf 90' lang='lat' dir='ltr'>occultus</span> <span class='ocrx_word' id='word_1_173' title='bbox 2311 1400 2655 1451; x_wconf 85' lang='lat' dir='ltr'>versaretur.</span> 
     </span>
    </p>
   </div>
   <div class='ocr_carea' id='block_1_29' title="bbox 2098 1480 3680 1555">
    <p class='ocr_par' dir='ltr' id='par_1_29' title="bbox 2098 1480 3680 1555">
     <span class='ocr_line' id='line_1_29' title="bbox 2098 1480 3680 1555; baseline 0.004 -21"><span class='ocrx_word' id='word_1_174' title='bbox 2098 1480 2152 1534; x_wconf 84' lang='grc'>4.</span> <span class='ocrx_word' id='word_1_175' title='bbox 2181 1482 2440 1538; x_wconf 84' lang='lat' dir='ltr'>Julianus</span> <span class='ocrx_word' id='word_1_176' title='bbox 2467 1485 2911 1541; x_wconf 71' lang='lat' dir='ltr'>Alexandrinam</span> <span class='ocrx_word' id='word_1_177' title='bbox 2938 1484 3139 1541; x_wconf 60' lang='lat' dir='ltr'>cladem</span> <span class='ocrx_word' id='word_1_178' title='bbox 3169 1500 3225 1540; x_wconf 83' lang='lat' dir='ltr'>se</span> <span class='ocrx_word' id='word_1_179' title='bbox 3252 1484 3484 1554; x_wconf 77' lang='lat' dir='ltr'>indigne</span> <span class='ocrx_word' id='word_1_180' title='bbox 3526 1487 3680 1555; x_wconf 75' lang='lat' dir='ltr'>ferre</span> 
     </span>
    </p>
   </div>
   <div class='ocr_carea' id='block_1_30' title="bbox 2027 1571 3675 1645">
    <p class='ocr_par' dir='ltr' id='par_1_30' title="bbox 2027 1571 3675 1645">
     <span class='ocr_line' id='line_1_30' title="bbox 2027 1571 3675 1645; baseline 0.003 -21"><span class='ocrx_word' id='word_1_181' title='bbox 2027 1571 2276 1626; x_wconf 78' lang='lat' dir='ltr'>simulat.</span> <span class='ocrx_word' id='word_1_182' title='bbox 2312 1604 2376 1613; x_wconf 90' lang='lat'>—</span> <span class='ocrx_word' id='word_1_183' title='bbox 2423 1574 2672 1645; x_wconf 85' lang='lat' dir='ltr'>Accepto</span> <span class='ocrx_word' id='word_1_184' title='bbox 2728 1572 3003 1629; x_wconf 87' lang='lat' dir='ltr'>Julianus</span> <span class='ocrx_word' id='word_1_185' title='bbox 3053 1590 3250 1629; x_wconf 89' lang='lat' dir='ltr'>rerum</span> <span class='ocrx_word' id='word_1_186' title='bbox 3310 1572 3675 1629; x_wconf 68' lang='lat' dir='ltr'>Alexandria</span> 
     </span>
    </p>
   </div>
   <div class='ocr_carea' id='block_1_31' title="bbox 2028 1661 3677 1735">
    <p class='ocr_par' dir='ltr' id='par_1_31' title="bbox 2028 1661 3677 1735">
     <span class='ocr_line' id='line_1_31' title="bbox 2028 1661 3677 1735; baseline 0.002 -22"><span class='ocrx_word' id='word_1_187' title='bbox 2028 1670 2328 1731; x_wconf 79' lang='lat' dir='ltr'>gestorum</span> <span class='ocrx_word' id='word_1_188' title='bbox 2360 1663 2589 1729; x_wconf 85' lang='lat' dir='ltr'>nuntio,</span> <span class='ocrx_word' id='word_1_189' title='bbox 2643 1678 2704 1718; x_wconf 89' lang='lat' dir='ltr'>se</span> <span class='ocrx_word' id='word_1_190' title='bbox 2757 1662 2995 1735; x_wconf 90' lang='lat' dir='ltr'>quidem</span> <span class='ocrx_word' id='word_1_191' title='bbox 3055 1665 3288 1719; x_wconf 88' lang='lat' dir='ltr'>tantum</span> <span class='ocrx_word' id='word_1_192' title='bbox 3329 1661 3677 1730; x_wconf 88' lang='lat' dir='ltr'>tumultum,</span> 
     </span>
    </p>
   </div>
   <div class='ocr_carea' id='block_1_32' title="bbox 2028 1749 3678 1819">
    <p class='ocr_par' dir='ltr' id='par_1_32' title="bbox 2028 1749 3678 1819">
     <span class='ocr_line' id='line_1_32' title="bbox 2028 1749 3678 1819; baseline 0.002 -17"><span class='ocrx_word' id='word_1_193' title='bbox 2028 1753 2149 1803; x_wconf 90' lang='lat' dir='ltr'>tam</span> <span class='ocrx_word' id='word_1_194' title='bbox 2214 1749 2533 1806; x_wconf 86' lang='lat' dir='ltr'>immanem</span> <span class='ocrx_word' id='word_1_195' title='bbox 2578 1751 2980 1807; x_wconf 83' lang='lat' dir='ltr'>carnificinam</span> <span class='ocrx_word' id='word_1_196' title='bbox 3031 1751 3314 1806; x_wconf 88' lang='lat' dir='ltr'>damnare</span> <span class='ocrx_word' id='word_1_197' title='bbox 3389 1749 3678 1819; x_wconf 87' lang='lat' dir='ltr'>simulat;</span> 
     </span>
    </p>
   </div>
   <div class='ocr_carea' id='block_1_33' title="bbox 267 1836 3680 1931">
    <p class='ocr_par' dir='ltr' id='par_1_33' title="bbox 267 1836 3680 1931">
     <span class='ocr_line' id='line_1_33' title="bbox 267 1836 3680 1931; baseline -0.001 -35"><span class='ocrx_word' id='word_1_198' title='bbox 267 1840 722 1906; x_wconf 63' lang='lat' dir='ltr'>civitatem.Qum</span> <span class='ocrx_word' id='word_1_199' title='bbox 747 1857 837 1896; x_wconf 88' lang='lat' dir='ltr'>res</span> <span class='ocrx_word' id='word_1_200' title='bbox 861 1840 1469 1913; x_wconf 84' lang='lat' dir='ltr'>paganorumturbam</span> <span class='ocrx_word' id='word_1_201' title='bbox 1503 1836 1915 1893; x_wconf 78' lang='lat' dir='ltr'>inflammavit.</span> <span class='ocrx_word' id='word_1_202' title='bbox 1948 1864 1997 1931; x_wconf 79' lang='grc' dir='ltr'><strong>Β</strong></span> <span class='ocrx_word' id='word_1_203' title='bbox 2027 1852 2370 1911; x_wconf 85' lang='lat' dir='ltr'>quanquam</span> <span class='ocrx_word' id='word_1_204' title='bbox 2404 1839 2759 1913; x_wconf 84' lang='lat' dir='ltr'>negligentia</span> <span class='ocrx_word' id='word_1_205' title='bbox 2788 1839 3109 1896; x_wconf 87' lang='lat' dir='ltr'>ulciscendi</span> <span class='ocrx_word' id='word_1_206' title='bbox 3132 1839 3562 1907; x_wconf 87' lang='lat' dir='ltr'>facinoris,non</span> <span class='ocrx_word' id='word_1_207' title='bbox 3590 1838 3680 1895; x_wconf 89' lang='lat' dir='ltr'>in-</span> 
     </span>
    </p>
   </div>
   <div class='ocr_carea' id='block_1_34' title="bbox 266 1928 1919 2000">
    <p class='ocr_par' dir='ltr' id='par_1_34' title="bbox 266 1928 1919 2000">
     <span class='ocr_line' id='line_1_34' title="bbox 266 1928 1919 2000; baseline -0.003 -15"><span class='ocrx_word' id='word_1_208' title='bbox 266 1929 417 1986; x_wconf 90' lang='lat' dir='ltr'>Tum</span> <span class='ocrx_word' id='word_1_209' title='bbox 442 1930 635 1985; x_wconf 83' lang='lat' dir='ltr'>furore</span> <span class='ocrx_word' id='word_1_210' title='bbox 666 1946 830 1985; x_wconf 91' lang='lat' dir='ltr'>arma</span> <span class='ocrx_word' id='word_1_211' title='bbox 860 1929 1250 1995; x_wconf 86' lang='lat' dir='ltr'>ministrante,</span> <span class='ocrx_word' id='word_1_212' title='bbox 1294 1929 1349 1984; x_wconf 93' lang='lat' dir='ltr'>in</span> <span class='ocrx_word' id='word_1_213' title='bbox 1396 1928 1596 1984; x_wconf 92' lang='lat' dir='ltr'>obvios</span> <span class='ocrx_word' id='word_1_214' title='bbox 1652 1942 1919 2000; x_wconf 90' lang='lat' dir='ltr'>quosque</span> 
     </span>
    </p>
   </div>
   <div class='ocr_carea' id='block_1_35' title="bbox 266 2015 1919 2091">
    <p class='ocr_par' dir='ltr' id='par_1_35' title="bbox 266 2015 1919 2091">
     <span class='ocr_line' id='line_1_35' title="bbox 266 2015 1919 2091; baseline -0.005 -13"><span class='ocrx_word' id='word_1_215' title='bbox 266 2018 629 2078; x_wconf 89' lang='lat' dir='ltr'>Christianos</span> <span class='ocrx_word' id='word_1_216' title='bbox 658 2018 944 2091; x_wconf 84' lang='lat' dir='ltr'>impetum</span> <span class='ocrx_word' id='word_1_217' title='bbox 980 2019 1197 2073; x_wconf 81' lang='lat' dir='ltr'>faciunt</span> <span class='ocrx_word' id='word_1_218' title='bbox 1230 2036 1243 2085; x_wconf 90' lang='lat'><strong>;</strong></span> <span class='ocrx_word' id='word_1_219' title='bbox 1288 2035 1538 2090; x_wconf 91' lang='lat' dir='ltr'>quorum</span> <span class='ocrx_word' id='word_1_220' title='bbox 1594 2015 1919 2089; x_wconf 89' lang='lat' dir='ltr'>permultos</span> 
     </span>
    </p>
   </div>
   <div class='ocr_carea' id='block_1_36' title="bbox 263 2104 1915 2180">
    <p class='ocr_par' dir='ltr' id='par_1_36' title="bbox 263 2104 1915 2180">
     <span class='ocr_line' id='line_1_36' title="bbox 263 2104 1915 2180; baseline -0.004 -16"><span class='ocrx_word' id='word_1_221' title='bbox 263 2108 422 2164; x_wconf 86' lang='lat' dir='ltr'>vario</span> <span class='ocrx_word' id='word_1_222' title='bbox 455 2108 659 2163; x_wconf 92' lang='lat' dir='ltr'>mortis</span> <span class='ocrx_word' id='word_1_223' title='bbox 689 2123 899 2180; x_wconf 90' lang='lat' dir='ltr'>genere</span> <span class='ocrx_word' id='word_1_224' title='bbox 928 2108 1447 2175; x_wconf 87' lang='lat' dir='ltr'>enecarunt,l&#39;erro,</span> <span class='ocrx_word' id='word_1_225' title='bbox 1474 2104 1915 2176; x_wconf 82' lang='lat' dir='ltr'>fustibus,lapi-</span> 
     </span>
    </p>
   </div>
   <div class='ocr_carea' id='block_1_37' title="bbox 265 2194 1915 2267">
    <p class='ocr_par' dir='ltr' id='par_1_37' title="bbox 265 2194 1915 2267">
     <span class='ocr_line' id='line_1_37' title="bbox 265 2194 1915 2267; baseline -0.004 -13"><span class='ocrx_word' id='word_1_226' title='bbox 265 2196 459 2254; x_wconf 88' lang='lat' dir='ltr'>dibus.</span> <span class='ocrx_word' id='word_1_227' title='bbox 482 2198 598 2253; x_wconf 92' lang='lat' dir='ltr'>Nec</span> <span class='ocrx_word' id='word_1_228' title='bbox 626 2198 867 2252; x_wconf 87' lang='lat' dir='ltr'>deerant</span> <span class='ocrx_word' id='word_1_229' title='bbox 887 2198 990 2267; x_wconf 90' lang='lat' dir='ltr'>qui</span> <span class='ocrx_word' id='word_1_230' title='bbox 1014 2196 1252 2251; x_wconf 84' lang='lat' dir='ltr'>funibus</span> <span class='ocrx_word' id='word_1_231' title='bbox 1285 2196 1554 2253; x_wconf 89' lang='lat' dir='ltr'>homines</span> <span class='ocrx_word' id='word_1_232' title='bbox 1583 2194 1915 2265; x_wconf 87' lang='lat' dir='ltr'>strangula-</span> 
     </span>
    </p>
   </div>
   <div class='ocr_carea' id='block_1_38' title="bbox 264 2284 1915 2358">
    <p class='ocr_par' dir='ltr' id='par_1_38' title="bbox 264 2284 1915 2358">
     <span class='ocr_line' id='line_1_38' title="bbox 264 2284 1915 2358; baseline -0.002 -16"><span class='ocrx_word' id='word_1_233' title='bbox 264 2286 851 2358; x_wconf 87' lang='lat' dir='ltr'>rent,nonnullosque</span> <span class='ocrx_word' id='word_1_234' title='bbox 881 2286 949 2341; x_wconf 91' lang='lat' dir='ltr'>ad</span> <span class='ocrx_word' id='word_1_235' title='bbox 984 2284 1307 2341; x_wconf 89' lang='lat' dir='ltr'>ludibrium</span> <span class='ocrx_word' id='word_1_236' title='bbox 1342 2285 1531 2341; x_wconf 91' lang='lat' dir='ltr'>crucis</span> <span class='ocrx_word' id='word_1_237' title='bbox 1560 2285 1621 2340; x_wconf 93' lang='lat' dir='ltr'>in</span> <span class='ocrx_word' id='word_1_238' title='bbox 1681 2299 1915 2339; x_wconf 91' lang='lat' dir='ltr'>crucem</span> 
     </span>
    </p>
   </div>
   <div class='ocr_carea' id='block_1_39' title="bbox 264 2371 1913 2449">
    <p class='ocr_par' dir='ltr' id='par_1_39' title="bbox 264 2371 1913 2449">
     <span class='ocr_line' id='line_1_39' title="bbox 264 2371 1913 2449; baseline -0.002 -19"><span class='ocrx_word' id='word_1_239' title='bbox 264 2379 522 2449; x_wconf 84' lang='lat' dir='ltr'>agerent,</span> <span class='ocrx_word' id='word_1_240' title='bbox 557 2373 704 2431; x_wconf 90' lang='lat' dir='ltr'>alios</span> <span class='ocrx_word' id='word_1_241' title='bbox 734 2374 1129 2430; x_wconf 88' lang='lat' dir='ltr'>vulnerarent.</span> <span class='ocrx_word' id='word_1_242' title='bbox 1172 2374 1297 2430; x_wconf 90' lang='lat' dir='ltr'>Non</span> <span class='ocrx_word' id='word_1_243' title='bbox 1360 2373 1748 2429; x_wconf 80' lang='lat' dir='ltr'>familiaribus</span> <span class='ocrx_word' id='word_1_244' title='bbox 1806 2371 1913 2443; x_wconf 88' lang='lat' dir='ltr'>illi,</span> 
     </span>
    </p>
   </div>
   <div class='ocr_carea' id='block_1_40' title="bbox 262 2462 1915 2535">
    <p class='ocr_par' dir='ltr' id='par_1_40' title="bbox 262 2462 1915 2535">
     <span class='ocr_line' id='line_1_40' title="bbox 262 2462 1915 2535; baseline -0.002 -17"><span class='ocrx_word' id='word_1_245' title='bbox 262 2480 379 2519; x_wconf 89' lang='lat' dir='ltr'>non</span> <span class='ocrx_word' id='word_1_246' title='bbox 402 2463 664 2535; x_wconf 83' lang='lat' dir='ltr'>cognatis</span> <span class='ocrx_word' id='word_1_247' title='bbox 696 2479 1004 2535; x_wconf 89' lang='lat' dir='ltr'>pepercere</span> <span class='ocrx_word' id='word_1_248' title='bbox 1028 2481 1041 2531; x_wconf 90' lang='lat'><strong>;</strong></span> <span class='ocrx_word' id='word_1_249' title='bbox 1076 2463 1178 2518; x_wconf 89' lang='lat' dir='ltr'>sed</span> <span class='ocrx_word' id='word_1_250' title='bbox 1201 2462 1429 2518; x_wconf 88' lang='lat' dir='ltr'>amicus</span> <span class='ocrx_word' id='word_1_251' title='bbox 1450 2462 1915 2527; x_wconf 79' lang='lat' dir='ltr'>amicum,l‘rater</span> 
     </span>
    </p>
   </div>
   <div class='ocr_carea' id='block_1_41' title="bbox 264 2551 1912 2625">
    <p class='ocr_par' dir='ltr' id='par_1_41' title="bbox 264 2551 1912 2625">
     <span class='ocr_line' id='line_1_41' title="bbox 264 2551 1912 2625; baseline -0.002 -17"><span class='ocrx_word' id='word_1_252' title='bbox 264 2552 526 2624; x_wconf 81' lang='lat' dir='ltr'>fratrem,</span> <span class='ocrx_word' id='word_1_253' title='bbox 557 2558 829 2625; x_wconf 90' lang='lat' dir='ltr'>parentes</span> <span class='ocrx_word' id='word_1_254' title='bbox 859 2551 1012 2608; x_wconf 80' lang='lat' dir='ltr'>filios</span> <span class='ocrx_word' id='word_1_255' title='bbox 1041 2552 1369 2619; x_wconf 79' lang='lat' dir='ltr'>confodere,</span> <span class='ocrx_word' id='word_1_256' title='bbox 1426 2568 1493 2607; x_wconf 89' lang='lat' dir='ltr'>ac</span> <span class='ocrx_word' id='word_1_257' title='bbox 1546 2552 1604 2606; x_wconf 88' lang='lat' dir='ltr'>in</span> <span class='ocrx_word' id='word_1_258' title='bbox 1642 2556 1912 2606; x_wconf 86' lang='lat' dir='ltr'>mutuam</span> 
     </span>
    </p>
   </div>
   <div class='ocr_carea' id='block_1_42' title="bbox 264 2640 1914 2705">
    <p class='ocr_par' dir='ltr' id='par_1_42' title="bbox 264 2640 1914 2705">
     <span class='ocr_line' id='line_1_42' title="bbox 264 2640 1914 2705; baseline -0.002 -7"><span class='ocrx_word' id='word_1_259' title='bbox 264 2658 434 2698; x_wconf 90' lang='lat' dir='ltr'>ruere</span> <span class='ocrx_word' id='word_1_260' title='bbox 462 2641 857 2705; x_wconf 72' lang='lat' dir='ltr'>eaedem.Quae</span> <span class='ocrx_word' id='word_1_261' title='bbox 886 2657 1069 2696; x_wconf 90' lang='lat' dir='ltr'>causa</span> <span class='ocrx_word' id='word_1_262' title='bbox 1101 2641 1209 2696; x_wconf 85' lang='lat' dir='ltr'>fuit</span> <span class='ocrx_word' id='word_1_263' title='bbox 1262 2645 1325 2696; x_wconf 91' lang='lat' dir='ltr'>ut</span> <span class='ocrx_word' id='word_1_264' title='bbox 1380 2640 1693 2696; x_wconf 87' lang='lat' dir='ltr'>Christiani</span> <span class='ocrx_word' id='word_1_265' title='bbox 1750 2658 1784 2694; x_wconf 93' lang='lat' dir='ltr'>a</span> <span class='ocrx_word' id='word_1_266' title='bbox 1833 2656 1914 2695; x_wconf 90' lang='lat' dir='ltr'>re-</span> 
     </span>
    </p>
   </div>
   <div class='ocr_carea' id='block_1_43' title="bbox 264 2728 1912 2803">
    <p class='ocr_par' dir='ltr' id='par_1_43' title="bbox 264 2728 1912 2803">
     <span class='ocr_line' id='line_1_43' title="bbox 264 2728 1912 2803; baseline -0.001 -18"><span class='ocrx_word' id='word_1_267' title='bbox 264 2730 571 2803; x_wconf 89' lang='lat' dir='ltr'>purgando</span> <span class='ocrx_word' id='word_1_268' title='bbox 602 2729 829 2785; x_wconf 72' lang='lat' dir='ltr'>Mithrae</span> <span class='ocrx_word' id='word_1_269' title='bbox 862 2730 1035 2802; x_wconf 81' lang='lat' dir='ltr'>adyto</span> <span class='ocrx_word' id='word_1_270' title='bbox 1066 2729 1440 2785; x_wconf 90' lang='lat' dir='ltr'>absisterent.</span> <span class='ocrx_word' id='word_1_271' title='bbox 1474 2728 1730 2785; x_wconf 88' lang='lat' dir='ltr'>Gentiles</span> <span class='ocrx_word' id='word_1_272' title='bbox 1776 2744 1912 2784; x_wconf 87' lang='lat' dir='ltr'>vero</span> 
     </span>
    </p>
   </div>
   <div class='ocr_carea' id='block_1_44' title="bbox 264 2816 1911 2890">
    <p class='ocr_par' dir='ltr' id='par_1_44' title="bbox 264 2816 1911 2890">
     <span class='ocr_line' id='line_1_44' title="bbox 264 2816 1911 2890; baseline -0.002 -15"><span class='ocrx_word' id='word_1_273' title='bbox 264 2818 579 2890; x_wconf 89' lang='lat' dir='ltr'>Georgium</span> <span class='ocrx_word' id='word_1_274' title='bbox 609 2819 970 2875; x_wconf 88' lang='lat' dir='ltr'>abstractum</span> <span class='ocrx_word' id='word_1_275' title='bbox 1004 2818 1078 2873; x_wconf 88' lang='lat' dir='ltr'>ab</span> <span class='ocrx_word' id='word_1_276' title='bbox 1108 2818 1373 2885; x_wconf 82' lang='lat' dir='ltr'>ecclesia,</span> <span class='ocrx_word' id='word_1_277' title='bbox 1405 2823 1462 2874; x_wconf 91' lang='lat' dir='ltr'>et</span> <span class='ocrx_word' id='word_1_278' title='bbox 1491 2818 1561 2873; x_wconf 88' lang='lat' dir='ltr'>ad</span> <span class='ocrx_word' id='word_1_279' title='bbox 1622 2816 1911 2873; x_wconf 88' lang='lat' dir='ltr'>camelum</span> 
     </span>
    </p>
   </div>
   <div class='ocr_carea' id='block_1_45' title="bbox 266 2907 1912 2981">
    <p class='ocr_par' dir='ltr' id='par_1_45' title="bbox 266 2907 1912 2981">
     <span class='ocr_line' id='line_1_45' title="bbox 266 2907 1912 2981; baseline -0.002 -16"><span class='ocrx_word' id='word_1_280' title='bbox 266 2908 594 2981; x_wconf 87' lang='lat' dir='ltr'>alligatum,</span> <span class='ocrx_word' id='word_1_281' title='bbox 629 2924 732 2980; x_wconf 92' lang='lat' dir='ltr'>per</span> <span class='ocrx_word' id='word_1_282' title='bbox 787 2909 991 2964; x_wconf 91' lang='lat' dir='ltr'>urbem</span> <span class='ocrx_word' id='word_1_283' title='bbox 1050 2912 1233 2963; x_wconf 89' lang='lat' dir='ltr'>totam</span> <span class='ocrx_word' id='word_1_284' title='bbox 1289 2913 1607 2979; x_wconf 88' lang='lat' dir='ltr'>raptatum,</span> <span class='ocrx_word' id='word_1_285' title='bbox 1658 2907 1912 2963; x_wconf 88' lang='lat' dir='ltr'>fustibus</span> 
     </span>
    </p>
   </div>
   <div class='ocr_carea' id='block_1_46' title="bbox 264 2997 1915 3071">
    <p class='ocr_par' dir='ltr' id='par_1_46' title="bbox 264 2997 1915 3071">
     <span class='ocr_line' id='line_1_46' title="bbox 264 2997 1915 3071; baseline -0.001 -17"><span class='ocrx_word' id='word_1_286' title='bbox 264 3014 637 3071; x_wconf 88' lang='lat' dir='ltr'>percussum,</span> <span class='ocrx_word' id='word_1_287' title='bbox 669 2997 964 3069; x_wconf 87' lang='lat' dir='ltr'>variisque</span> <span class='ocrx_word' id='word_1_288' title='bbox 995 2997 1352 3053; x_wconf 88' lang='lat' dir='ltr'>cruciatibus</span> <span class='ocrx_word' id='word_1_289' title='bbox 1392 2998 1665 3053; x_wconf 75' lang='lat' dir='ltr'>affectum</span> <span class='ocrx_word' id='word_1_290' title='bbox 1699 3002 1755 3052; x_wconf 90' lang='lat' dir='ltr'>et</span> <span class='ocrx_word' id='word_1_291' title='bbox 1783 3014 1915 3052; x_wconf 90' lang='lat' dir='ltr'>ene-</span> 
     </span>
    </p>
   </div>
   <div class='ocr_carea' id='block_1_47' title="bbox 265 3085 1910 3159">
    <p class='ocr_par' dir='ltr' id='par_1_47' title="bbox 265 3085 1910 3159">
     <span class='ocr_line' id='line_1_47' title="bbox 265 3085 1910 3159; baseline 0 -17"><span class='ocrx_word' id='word_1_292' title='bbox 265 3090 486 3154; x_wconf 89' lang='lat' dir='ltr'>catum,</span> <span class='ocrx_word' id='word_1_293' title='bbox 521 3103 655 3141; x_wconf 90' lang='lat' dir='ltr'>cum</span> <span class='ocrx_word' id='word_1_294' title='bbox 678 3086 810 3143; x_wconf 90' lang='lat' dir='ltr'>aliis</span> <span class='ocrx_word' id='word_1_295' title='bbox 841 3086 1057 3158; x_wconf 91' lang='lat' dir='ltr'>pariter</span> <span class='ocrx_word' id='word_1_296' title='bbox 1080 3086 1267 3155; x_wconf 69' lang='lat' dir='ltr'>caesis,</span> <span class='ocrx_word' id='word_1_297' title='bbox 1292 3087 1392 3158; x_wconf 92' lang='lat' dir='ltr'>qui</span> <span class='ocrx_word' id='word_1_298' title='bbox 1424 3085 1665 3142; x_wconf 88' lang='lat' dir='ltr'>camelis</span> <span class='ocrx_word' id='word_1_299' title='bbox 1721 3087 1800 3141; x_wconf 91' lang='lat' dir='ltr'>im</span> <span class='ocrx_word' id='word_1_300' title='bbox 1813 3105 1910 3159; x_wconf 90' lang='lat' dir='ltr'>po-</span> 
     </span>
    </p>
   </div>
   <div class='ocr_carea' id='block_1_48' title="bbox 265 3174 1912 3248">
    <p class='ocr_par' dir='ltr' id='par_1_48' title="bbox 265 3174 1912 3248">
     <span class='ocr_line' id='line_1_48' title="bbox 265 3174 1912 3248; baseline -0.002 -14"><span class='ocrx_word' id='word_1_301' title='bbox 265 3174 363 3234; x_wconf 85' lang='lat' dir='ltr'>siti</span> <span class='ocrx_word' id='word_1_302' title='bbox 394 3179 581 3245; x_wconf 90' lang='lat' dir='ltr'>erant,</span> <span class='ocrx_word' id='word_1_303' title='bbox 615 3175 1107 3242; x_wconf 89' lang='lat' dir='ltr'>combusserunt;</span> <span class='ocrx_word' id='word_1_304' title='bbox 1141 3176 1481 3248; x_wconf 90' lang='lat' dir='ltr'>cineresque</span> <span class='ocrx_word' id='word_1_305' title='bbox 1504 3176 1560 3231; x_wconf 90' lang='lat' dir='ltr'>in</span> <span class='ocrx_word' id='word_1_306' title='bbox 1595 3192 1754 3231; x_wconf 90' lang='lat' dir='ltr'>mare</span> <span class='ocrx_word' id='word_1_307' title='bbox 1784 3193 1912 3248; x_wconf 88' lang='lat' dir='ltr'>pro-</span> 
     </span>
    </p>
   </div>
   <div class='ocr_carea' id='block_1_49' title="bbox 256 3264 1911 3337">
    <p class='ocr_par' dir='ltr' id='par_1_49' title="bbox 256 3264 1911 3337">
     <span class='ocr_line' id='line_1_49' title="bbox 256 3264 1911 3337; baseline 0 -17"><span class='ocrx_word' id='word_1_308' title='bbox 256 3265 399 3337; x_wconf 87' lang='lat' dir='ltr'>jecti</span> <span class='ocrx_word' id='word_1_309' title='bbox 448 3270 610 3335; x_wconf 89' lang='lat' dir='ltr'>sunt,</span> <span class='ocrx_word' id='word_1_310' title='bbox 665 3282 737 3322; x_wconf 89' lang='lat' dir='ltr'>ne</span> <span class='ocrx_word' id='word_1_311' title='bbox 789 3282 822 3320; x_wconf 89' lang='lat' dir='ltr'>a</span> <span class='ocrx_word' id='word_1_312' title='bbox 876 3264 1223 3321; x_wconf 85' lang='lat' dir='ltr'>Christianis</span> <span class='ocrx_word' id='word_1_313' title='bbox 1281 3265 1525 3336; x_wconf 80' lang='lat' dir='ltr'>collecti,</span> <span class='ocrx_word' id='word_1_314' title='bbox 1581 3265 1641 3320; x_wconf 91' lang='lat' dir='ltr'>in</span> <span class='ocrx_word' id='word_1_315' title='bbox 1690 3265 1911 3321; x_wconf 91' lang='lat' dir='ltr'>honore</span> 
     </span>
    </p>
   </div>
   <div class='ocr_carea' id='block_1_50' title="bbox 263 3353 1909 3427">
    <p class='ocr_par' dir='ltr' id='par_1_50' title="bbox 263 3353 1909 3427">
     <span class='ocr_line' id='line_1_50' title="bbox 263 3353 1909 3427; baseline 0 -18"><span class='ocrx_word' id='word_1_316' title='bbox 263 3353 537 3426; x_wconf 89' lang='lat' dir='ltr'>deinceps</span> <span class='ocrx_word' id='word_1_317' title='bbox 568 3358 633 3410; x_wconf 90' lang='lat' dir='ltr'>ut</span> <span class='ocrx_word' id='word_1_318' title='bbox 655 3358 977 3427; x_wconf 82' lang='lat' dir='ltr'>martyrum</span> <span class='ocrx_word' id='word_1_319' title='bbox 1011 3353 1268 3426; x_wconf 87' lang='lat' dir='ltr'>reliquiae</span> <span class='ocrx_word' id='word_1_320' title='bbox 1329 3353 1704 3410; x_wconf 89' lang='lat' dir='ltr'>haberentur.</span> <span class='ocrx_word' id='word_1_321' title='bbox 1764 3358 1909 3409; x_wconf 91' lang='lat' dir='ltr'>Cum</span> 
     </span>
    </p>
   </div>
   <div class='ocr_carea' id='block_1_51' title="bbox 262 3442 1909 3516">
    <p class='ocr_par' dir='ltr' id='par_1_51' title="bbox 262 3442 1909 3516">
     <span class='ocr_line' id='line_1_51' title="bbox 262 3442 1909 3516; baseline 0.001 -19"><span class='ocrx_word' id='word_1_322' title='bbox 262 3442 337 3499; x_wconf 89' lang='lat' dir='ltr'>iis</span> <span class='ocrx_word' id='word_1_323' title='bbox 367 3448 563 3500; x_wconf 90' lang='lat' dir='ltr'>autem</span> <span class='ocrx_word' id='word_1_324' title='bbox 593 3442 926 3500; x_wconf 89' lang='lat' dir='ltr'>obtruncati</span> <span class='ocrx_word' id='word_1_325' title='bbox 958 3448 1098 3499; x_wconf 88' lang='lat' dir='ltr'>sunt</span> <span class='ocrx_word' id='word_1_326' title='bbox 1128 3443 1734 3499; x_wconf 68' lang='lat' dir='ltr'>Dracontiusmonetaa</span> <span class='ocrx_word' id='word_1_327' title='bbox 1765 3461 1909 3516; x_wconf 78' lang='lat' dir='ltr'>prae-</span> 
     </span>
    </p>
   </div>
   <div class='ocr_carea' id='block_1_52' title="bbox 263 3530 1912 3605">
    <p class='ocr_par' dir='ltr' id='par_1_52' title="bbox 263 3530 1912 3605">
     <span class='ocr_line' id='line_1_52' title="bbox 263 3530 1912 3605; baseline 0.001 -17"><span class='ocrx_word' id='word_1_328' title='bbox 263 3531 489 3605; x_wconf 88' lang='lat' dir='ltr'>positus</span> <span class='ocrx_word' id='word_1_329' title='bbox 519 3537 577 3587; x_wconf 87' lang='lat' dir='ltr'>et</span> <span class='ocrx_word' id='word_1_330' title='bbox 606 3532 896 3588; x_wconf 85' lang='lat' dir='ltr'>Diodorus</span> <span class='ocrx_word' id='word_1_331' title='bbox 927 3532 1168 3604; x_wconf 91' lang='lat' dir='ltr'>quidam</span> <span class='ocrx_word' id='word_1_332' title='bbox 1198 3530 1588 3588; x_wconf 86' lang='lat' dir='ltr'>veluticomes</span> <span class='ocrx_word' id='word_1_333' title='bbox 1615 3549 1626 3587; x_wconf 93' lang='lat'>:</span> <span class='ocrx_word' id='word_1_334' title='bbox 1659 3532 1755 3604; x_wconf 90' lang='lat' dir='ltr'>qui</span> <span class='ocrx_word' id='word_1_335' title='bbox 1776 3533 1912 3589; x_wconf 88' lang='lat' dir='ltr'>fune</span> 
     </span>
    </p>
   </div>
   <div class='ocr_carea' id='block_1_53' title="bbox 263 3619 1911 3694">
    <p class='ocr_par' dir='ltr' id='par_1_53' title="bbox 263 3619 1911 3694">
     <span class='ocr_line' id='line_1_53' title="bbox 263 3619 1911 3694; baseline -0.001 -17"><span class='ocrx_word' id='word_1_336' title='bbox 263 3620 535 3677; x_wconf 86' lang='lat' dir='ltr'>cruribus</span> <span class='ocrx_word' id='word_1_337' title='bbox 580 3620 825 3693; x_wconf 87' lang='lat' dir='ltr'>alligati,</span> <span class='ocrx_word' id='word_1_338' title='bbox 855 3620 1128 3694; x_wconf 89' lang='lat' dir='ltr'>pertracti</span> <span class='ocrx_word' id='word_1_339' title='bbox 1189 3619 1344 3676; x_wconf 90' lang='lat' dir='ltr'>ultro</span> <span class='ocrx_word' id='word_1_340' title='bbox 1388 3620 1650 3693; x_wconf 78' lang='lat' dir='ltr'>citroque</span> <span class='ocrx_word' id='word_1_341' title='bbox 1681 3622 1911 3694; x_wconf 85' lang='lat' dir='ltr'>raptati,</span> 
     </span>
    </p>
   </div>
   <div class='ocr_carea' id='block_1_54' title="bbox 262 3709 1911 3782">
    <p class='ocr_par' dir='ltr' id='par_1_54' title="bbox 262 3709 1911 3782">
     <span class='ocr_line' id='line_1_54' title="bbox 262 3709 1911 3782; baseline 0.001 -16"><span class='ocrx_word' id='word_1_342' title='bbox 262 3724 330 3766; x_wconf 84' lang='lat' dir='ltr'>eo</span> <span class='ocrx_word' id='word_1_343' title='bbox 360 3709 418 3765; x_wconf 90' lang='lat' dir='ltr'>in</span> <span class='ocrx_word' id='word_1_344' title='bbox 451 3710 739 3782; x_wconf 91' lang='lat' dir='ltr'>supplicio</span> <span class='ocrx_word' id='word_1_345' title='bbox 760 3709 1030 3765; x_wconf 84' lang='lat' dir='ltr'>exstincti</span> <span class='ocrx_word' id='word_1_346' title='bbox 1060 3714 1234 3765; x_wconf 90' lang='lat' dir='ltr'>sunt:</span> <span class='ocrx_word' id='word_1_347' title='bbox 1280 3709 1377 3765; x_wconf 90' lang='lat' dir='ltr'>ille</span> <span class='ocrx_word' id='word_1_348' title='bbox 1432 3711 1589 3782; x_wconf 90' lang='lat' dir='ltr'>quod</span> <span class='ocrx_word' id='word_1_349' title='bbox 1644 3727 1806 3767; x_wconf 89' lang='lat' dir='ltr'>aram</span> <span class='ocrx_word' id='word_1_350' title='bbox 1853 3712 1911 3767; x_wconf 85' lang='lat' dir='ltr'>in</span> 
     </span>
    </p>
   </div>
   <div class='ocr_carea' id='block_1_55' title="bbox 266 3798 1916 3870">
    <p class='ocr_par' dir='ltr' id='par_1_55' title="bbox 266 3798 1916 3870">
     <span class='ocr_line' id='line_1_55' title="bbox 266 3798 1916 3870; baseline 0.001 -17"><span class='ocrx_word' id='word_1_351' title='bbox 266 3803 504 3854; x_wconf 85' lang='lat' dir='ltr'>moneta</span> <span class='ocrx_word' id='word_1_352' title='bbox 532 3798 625 3853; x_wconf 90' lang='lat' dir='ltr'>cui</span> <span class='ocrx_word' id='word_1_353' title='bbox 657 3802 903 3870; x_wconf 70' lang='lat' dir='ltr'>prmerat</span> <span class='ocrx_word' id='word_1_354' title='bbox 932 3798 1396 3854; x_wconf 87' lang='lat' dir='ltr'>recenslocatam</span> <span class='ocrx_word' id='word_1_355' title='bbox 1420 3799 1748 3868; x_wconf 85' lang='lat' dir='ltr'>evertisset;</span> <span class='ocrx_word' id='word_1_356' title='bbox 1773 3800 1916 3856; x_wconf 85' lang='lat' dir='ltr'>alter</span> 
     </span>
    </p>
   </div>
   <div class='ocr_carea' id='block_1_56' title="bbox 265 3887 1915 3960">
    <p class='ocr_par' dir='ltr' id='par_1_56' title="bbox 265 3887 1915 3960">
     <span class='ocr_line' id='line_1_56' title="bbox 265 3887 1915 3960; baseline 0.002 -18"><span class='ocrx_word' id='word_1_357' title='bbox 265 3887 444 3960; x_wconf 92' lang='lat' dir='ltr'>quod,</span> <span class='ocrx_word' id='word_1_358' title='bbox 477 3888 621 3943; x_wconf 89' lang='lat' dir='ltr'>dum</span> <span class='ocrx_word' id='word_1_359' title='bbox 672 3888 1027 3943; x_wconf 69' lang='lat' dir='ltr'>aediﬁcandae</span> <span class='ocrx_word' id='word_1_360' title='bbox 1069 3891 1343 3959; x_wconf 62' lang='lat' dir='ltr'>praesset</span> <span class='ocrx_word' id='word_1_361' title='bbox 1400 3888 1678 3954; x_wconf 85' lang='lat' dir='ltr'>ecclesiae,</span> <span class='ocrx_word' id='word_1_362' title='bbox 1732 3889 1915 3946; x_wconf 87' lang='lat' dir='ltr'>cirros</span> 
     </span>
    </p>
   </div>
   <div class='ocr_carea' id='block_1_57' title="bbox 264 3975 1912 4050">
    <p class='ocr_par' dir='ltr' id='par_1_57' title="bbox 264 3975 1912 4050">
     <span class='ocr_line' id='line_1_57' title="bbox 264 3975 1912 4050; baseline 0.001 -18"><span class='ocrx_word' id='word_1_363' title='bbox 264 3992 603 4049; x_wconf 89' lang='lat' dir='ltr'>puerorum,</span> <span class='ocrx_word' id='word_1_364' title='bbox 640 3993 788 4048; x_wconf 90' lang='lat' dir='ltr'>quos</span> <span class='ocrx_word' id='word_1_365' title='bbox 819 3977 890 4032; x_wconf 88' lang='lat' dir='ltr'>ad</span> <span class='ocrx_word' id='word_1_366' title='bbox 912 3976 1156 4032; x_wconf 91' lang='lat' dir='ltr'>deorum</span> <span class='ocrx_word' id='word_1_367' title='bbox 1189 3975 1414 4033; x_wconf 90' lang='lat' dir='ltr'>cultum</span> <span class='ocrx_word' id='word_1_368' title='bbox 1446 3979 1735 4050; x_wconf 84' lang='lat' dir='ltr'>pertinere</span> <span class='ocrx_word' id='word_1_369' title='bbox 1759 3978 1912 4034; x_wconf 76' lang='lat' dir='ltr'>aesti-</span> 
     </span>
    </p>
   </div>
   <div class='ocr_carea' id='block_1_58' title="bbox 264 4064 1913 4139">
    <p class='ocr_par' dir='ltr' id='par_1_58' title="bbox 264 4064 1913 4139">
     <span class='ocr_line' id='line_1_58' title="bbox 264 4064 1913 4139; baseline 0.001 -17"><span class='ocrx_word' id='word_1_370' title='bbox 264 4065 483 4135; x_wconf 88' lang='lat' dir='ltr'>mabat,</span> <span class='ocrx_word' id='word_1_371' title='bbox 515 4064 788 4121; x_wconf 88' lang='lat' dir='ltr'>licentius</span> <span class='ocrx_word' id='word_1_372' title='bbox 819 4065 1178 4121; x_wconf 90' lang='lat' dir='ltr'>detonderet.</span> <span class='ocrx_word' id='word_1_373' title='bbox 1203 4065 1320 4121; x_wconf 90' lang='lat' dir='ltr'>Nec</span> <span class='ocrx_word' id='word_1_374' title='bbox 1351 4067 1913 4139; x_wconf 69' lang='lat' dir='ltr'>praetermittendum</span> 
     </span>
    </p>
   </div>
   <div class='ocr_carea' id='block_1_59' title="bbox 266 4153 1915 4227">
    <p class='ocr_par' dir='ltr' id='par_1_59' title="bbox 266 4153 1915 4227">
     <span class='ocr_line' id='line_1_59' title="bbox 266 4153 1915 4227; baseline 0.002 -18"><span class='ocrx_word' id='word_1_375' title='bbox 266 4154 422 4227; x_wconf 87' lang='lat' dir='ltr'>quod</span> <span class='ocrx_word' id='word_1_376' title='bbox 446 4153 649 4226; x_wconf 83' lang='lat' dir='ltr'>adjicit</span> <span class='ocrx_word' id='word_1_377' title='bbox 680 4154 1050 4220; x_wconf 82' lang='lat' dir='ltr'>Ammianus,</span> <span class='ocrx_word' id='word_1_378' title='bbox 1085 4154 1347 4225; x_wconf 89' lang='lat' dir='ltr'>potuisse</span> <span class='ocrx_word' id='word_1_379' title='bbox 1376 4155 1599 4210; x_wconf 87' lang='lat' dir='ltr'>scilicet</span> <span class='ocrx_word' id='word_1_380' title='bbox 1648 4156 1915 4213; x_wconf 92' lang='lat' dir='ltr'>homines</span> 
     </span>
    </p>
   </div>
   <div class='ocr_carea' id='block_1_60' title="bbox 265 4240 1917 4314">
    <p class='ocr_par' dir='ltr' id='par_1_60' title="bbox 265 4240 1917 4314">
     <span class='ocr_line' id='line_1_60' title="bbox 265 4240 1917 4314; baseline 0.002 -16"><span class='ocrx_word' id='word_1_381' title='bbox 265 4242 338 4299; x_wconf 90' lang='lat' dir='ltr'>ad</span> <span class='ocrx_word' id='word_1_382' title='bbox 353 4242 589 4298; x_wconf 90' lang='lat' dir='ltr'>crudele</span> <span class='ocrx_word' id='word_1_383' title='bbox 611 4240 968 4314; x_wconf 90' lang='lat' dir='ltr'>supplicium</span> <span class='ocrx_word' id='word_1_384' title='bbox 986 4243 1195 4298; x_wconf 89' lang='lat' dir='ltr'>ductos</span> <span class='ocrx_word' id='word_1_385' title='bbox 1216 4242 1683 4300; x_wconf 85' lang='lat' dir='ltr'>Christianorum</span> <span class='ocrx_word' id='word_1_386' title='bbox 1702 4244 1917 4301; x_wconf 86' lang='lat' dir='ltr'>auxilio</span> 
     </span>
    </p>
   </div>
   <div class='ocr_carea' id='block_1_61' title="bbox 266 4331 1915 4404">
    <p class='ocr_par' dir='ltr' id='par_1_61' title="bbox 266 4331 1915 4404">
     <span class='ocr_line' id='line_1_61' title="bbox 266 4331 1915 4404; baseline 0.002 -16"><span class='ocrx_word' id='word_1_387' title='bbox 266 4331 519 4399; x_wconf 88' lang='lat' dir='ltr'>defendi,</span> <span class='ocrx_word' id='word_1_388' title='bbox 555 4331 667 4387; x_wconf 91' lang='lat' dir='ltr'>nisi</span> <span class='ocrx_word' id='word_1_389' title='bbox 717 4331 948 4404; x_wconf 88' lang='lat' dir='ltr'>Georgii</span> <span class='ocrx_word' id='word_1_390' title='bbox 1005 4331 1138 4388; x_wconf 90' lang='lat' dir='ltr'>odio</span> <span class='ocrx_word' id='word_1_391' title='bbox 1196 4348 1402 4387; x_wconf 90' lang='lat' dir='ltr'>omnes</span> <span class='ocrx_word' id='word_1_392' title='bbox 1450 4333 1764 4390; x_wconf 88' lang='lat' dir='ltr'>indiscrete</span> <span class='ocrx_word' id='word_1_393' title='bbox 1813 4336 1915 4391; x_wconf 87' lang='lat' dir='ltr'>ﬂa-</span> 
     </span>
    </p>
   </div>
   <div class='ocr_carea' id='block_1_62' title="bbox 266 4419 1917 4495">
    <p class='ocr_par' dir='ltr' id='par_1_62' title="bbox 266 4419 1917 4495">
     <span class='ocr_line' id='line_1_62' title="bbox 266 4419 1917 4495; baseline 0.004 -19"><span class='ocrx_word' id='word_1_394' title='bbox 266 4424 539 4495; x_wconf 87' lang='lat' dir='ltr'>grassent</span> <span class='ocrx_word' id='word_1_395' title='bbox 568 4439 582 4476; x_wconf 89' lang='lat'><strong>:</strong></span> <span class='ocrx_word' id='word_1_396' title='bbox 616 4421 716 4493; x_wconf 92' lang='lat' dir='ltr'>qui</span> <span class='ocrx_word' id='word_1_397' title='bbox 749 4419 1037 4494; x_wconf 89' lang='lat' dir='ltr'>Georgius</span> <span class='ocrx_word' id='word_1_398' title='bbox 1067 4421 1396 4477; x_wconf 84' lang='lat' dir='ltr'>facinorum</span> <span class='ocrx_word' id='word_1_399' title='bbox 1428 4423 1708 4494; x_wconf 87' lang='lat' dir='ltr'>gravitate</span> <span class='ocrx_word' id='word_1_400' title='bbox 1736 4425 1917 4482; x_wconf 85' lang='lat' dir='ltr'>etfre—</span> 
     </span>
    </p>
   </div>
   <div class='ocr_carea' id='block_1_63' title="bbox 266 4510 1917 4586">
    <p class='ocr_par' dir='ltr' id='par_1_63' title="bbox 266 4510 1917 4586">
     <span class='ocr_line' id='line_1_63' title="bbox 266 4510 1917 4586; baseline 0.002 -20"><span class='ocrx_word' id='word_1_401' title='bbox 266 4510 511 4583; x_wconf 88' lang='lat' dir='ltr'>quentia</span> <span class='ocrx_word' id='word_1_402' title='bbox 540 4510 651 4566; x_wconf 85' lang='lat' dir='ltr'>sibi</span> <span class='ocrx_word' id='word_1_403' title='bbox 685 4527 920 4566; x_wconf 92' lang='lat' dir='ltr'>omnem</span> <span class='ocrx_word' id='word_1_404' title='bbox 954 4510 1369 4567; x_wconf 73' lang='lat' dir='ltr'>misericordiae</span> <span class='ocrx_word' id='word_1_405' title='bbox 1391 4512 1614 4568; x_wconf 85' lang='lat' dir='ltr'>aditum</span> <span class='ocrx_word' id='word_1_406' title='bbox 1674 4514 1917 4586; x_wconf 64' lang='lat' dir='ltr'>praeclu-</span> 
     </span>
    </p>
   </div>
   <div class='ocr_carea' id='block_1_64' title="bbox 268 4603 448 4656">
    <p class='ocr_par' dir='ltr' id='par_1_64' title="bbox 268 4603 448 4656">
     <span class='ocr_line' id='line_1_64' title="bbox 268 4603 448 4656; baseline -0.006 0"><span class='ocrx_word' id='word_1_407' title='bbox 268 4603 448 4656; x_wconf 89' lang='lat' dir='ltr'>serat.</span> 
     </span>
    </p>
   </div>
   <div class='ocr_carea' id='block_1_65' title="bbox 338 4688 1923 4762">
    <p class='ocr_par' dir='ltr' id='par_1_65' title="bbox 338 4688 1923 4762">
     <span class='ocr_line' id='line_1_65' title="bbox 338 4688 1923 4762; baseline 0.003 -18"><span class='ocrx_word' id='word_1_408' title='bbox 338 4689 393 4745; x_wconf 91' lang='lat'>3.</span> <span class='ocrx_word' id='word_1_409' title='bbox 426 4689 639 4745; x_wconf 71' lang='lat' dir='ltr'>Praeter</span> <span class='ocrx_word' id='word_1_410' title='bbox 665 4688 945 4762; x_wconf 87' lang='lat' dir='ltr'>superius</span> <span class='ocrx_word' id='word_1_411' title='bbox 1001 4692 1412 4760; x_wconf 88' lang='lat' dir='ltr'>memoratam,</span> <span class='ocrx_word' id='word_1_412' title='bbox 1464 4690 1641 4747; x_wconf 88' lang='lat' dir='ltr'>aliam</span> <span class='ocrx_word' id='word_1_413' title='bbox 1698 4694 1923 4750; x_wconf 89' lang='lat' dir='ltr'>enecati</span> 
     </span>
    </p>
   </div>
   <div class='ocr_carea' id='block_1_66' title="bbox 254 4778 1925 4853">
    <p class='ocr_par' dir='ltr' id='par_1_66' title="bbox 254 4778 1925 4853">
     <span class='ocr_line' id='line_1_66' title="bbox 254 4778 1925 4853; baseline 0.002 -18"><span class='ocrx_word' id='word_1_414' title='bbox 254 4778 495 4851; x_wconf 78' lang='lat' dir='ltr'>Georgii</span> <span class='ocrx_word' id='word_1_415' title='bbox 527 4795 767 4834; x_wconf 86' lang='lat' dir='ltr'>causam</span> <span class='ocrx_word' id='word_1_416' title='bbox 810 4778 978 4834; x_wconf 77' lang='lat' dir='ltr'>affert</span> <span class='ocrx_word' id='word_1_417' title='bbox 1033 4778 1428 4835; x_wconf 86' lang='lat' dir='ltr'>Ammianus:</span> <span class='ocrx_word' id='word_1_418' title='bbox 1492 4781 1644 4853; x_wconf 93' lang='lat' dir='ltr'>quod</span> <span class='ocrx_word' id='word_1_419' title='bbox 1700 4783 1925 4839; x_wconf 90' lang='lat' dir='ltr'>scilicet</span> 
     </span>
    </p>
   </div>
   <div class='ocr_carea' id='block_1_67' title="bbox 268 4865 1920 4942">
    <p class='ocr_par' dir='ltr' id='par_1_67' title="bbox 268 4865 1920 4942">
     <span class='ocr_line' id='line_1_67' title="bbox 268 4865 1920 4942; baseline 0.004 -20"><span class='ocrx_word' id='word_1_420' title='bbox 268 4882 404 4923; x_wconf 86' lang='lat' dir='ltr'>cum</span> <span class='ocrx_word' id='word_1_421' title='bbox 434 4865 718 4923; x_wconf 87' lang='lat' dir='ltr'>taansiret</span> <span class='ocrx_word' id='word_1_422' title='bbox 746 4883 849 4941; x_wconf 91' lang='lat' dir='ltr'>per</span> <span class='ocrx_word' id='word_1_423' title='bbox 877 4866 1215 4940; x_wconf 84' lang='lat' dir='ltr'>speciosum</span> <span class='ocrx_word' id='word_1_424' title='bbox 1247 4868 1404 4941; x_wconf 91' lang='lat' dir='ltr'>genii</span> <span class='ocrx_word' id='word_1_425' title='bbox 1425 4870 1734 4942; x_wconf 86' lang='lat' dir='ltr'>templum:</span> <span class='ocrx_word' id='word_1_426' title='bbox 1770 4871 1920 4927; x_wconf 91' lang='lat' dir='ltr'>mul-</span> 
     </span>
    </p>
   </div>
   <div class='ocr_carea' id='block_1_68' title="bbox 267 4955 1921 5033">
    <p class='ocr_par' dir='ltr' id='par_1_68' title="bbox 267 4955 1921 5033">
     <span class='ocr_line' id='line_1_68' title="bbox 267 4955 1921 5033; baseline 0.002 -20"><span class='ocrx_word' id='word_1_427' title='bbox 267 4955 518 5013; x_wconf 87' lang='lat' dir='ltr'>titudine</span> <span class='ocrx_word' id='word_1_428' title='bbox 547 4957 804 5029; x_wconf 89' lang='lat' dir='ltr'>stipatus</span> <span class='ocrx_word' id='word_1_429' title='bbox 834 4973 903 5013; x_wconf 87' lang='lat' dir='ltr'>ex</span> <span class='ocrx_word' id='word_1_430' title='bbox 932 4956 1307 5024; x_wconf 89' lang='lat' dir='ltr'>more,oculis</span> <span class='ocrx_word' id='word_1_431' title='bbox 1326 4957 1384 5012; x_wconf 93' lang='lat' dir='ltr'>in</span> <span class='ocrx_word' id='word_1_432' title='bbox 1402 4957 1921 5033; x_wconf 88' lang='lat' dir='ltr'>delubrumipsum</span> 
     </span>
    </p>
   </div>
   <div class='ocr_carea' id='block_1_69' title="bbox 270 5046 1926 5118">
    <p class='ocr_par' dir='ltr' id='par_1_69' title="bbox 270 5046 1926 5118">
     <span class='ocr_line' id='line_1_69' title="bbox 270 5046 1926 5118; baseline 0.001 -15"><span class='ocrx_word' id='word_1_433' title='bbox 270 5046 548 5118; x_wconf 89' lang='lat' dir='ltr'>conjectis</span> <span class='ocrx_word' id='word_1_434' title='bbox 576 5046 857 5103; x_wconf 86' lang='lat' dir='ltr'>dixisset:</span> <span class='ocrx_word' id='word_1_435' title='bbox 894 5046 1153 5117; x_wconf 81' lang='lat' dir='ltr'>Quandiu</span> <span class='ocrx_word' id='word_1_436' title='bbox 1178 5048 1491 5118; x_wconf 80' lang='lat' dir='ltr'>sepulcrum</span> <span class='ocrx_word' id='word_1_437' title='bbox 1548 5051 1648 5106; x_wconf 80' lang='lat' dir='ltr'>hoc</span> <span class='ocrx_word' id='word_1_438' title='bbox 1702 5052 1869 5107; x_wconf 76' lang='lat' dir='ltr'>stabit</span> <span class='ocrx_word' id='word_1_439' title='bbox 1899 5054 1926 5105; x_wconf 82' lang='lat'><strong><em>?</em></strong></span> 
     </span>
    </p>
   </div>
   <div class='ocr_carea' id='block_1_70' title="bbox 272 5135 1925 5213">
    <p class='ocr_par' dir='ltr' id='par_1_70' title="bbox 272 5135 1925 5213">
     <span class='ocr_line' id='line_1_70' title="bbox 272 5135 1925 5213; baseline 0.003 -22"><span class='ocrx_word' id='word_1_440' title='bbox 272 5137 393 5201; x_wconf 86' lang='lat' dir='ltr'>Quo</span> <span class='ocrx_word' id='word_1_441' title='bbox 425 5138 624 5192; x_wconf 90' lang='lat' dir='ltr'>audito</span> <span class='ocrx_word' id='word_1_442' title='bbox 655 5135 869 5209; x_wconf 88' lang='lat' dir='ltr'>pagani</span> <span class='ocrx_word' id='word_1_443' title='bbox 899 5136 1349 5193; x_wconf 88' lang='lat' dir='ltr'>reformidantes</span> <span class='ocrx_word' id='word_1_444' title='bbox 1371 5154 1443 5193; x_wconf 89' lang='lat' dir='ltr'>ne</span> <span class='ocrx_word' id='word_1_445' title='bbox 1487 5137 1633 5195; x_wconf 90' lang='lat' dir='ltr'>illud</span> <span class='ocrx_word' id='word_1_446' title='bbox 1692 5157 1925 5213; x_wconf 89' lang='lat' dir='ltr'>quoque</span> 
     </span>
    </p>
   </div>
   <div class='ocr_carea' id='block_1_71' title="bbox 272 5227 1928 5301">
    <p class='ocr_par' dir='ltr' id='par_1_71' title="bbox 272 5227 1928 5301">
     <span class='ocr_line' id='line_1_71' title="bbox 272 5227 1928 5301; baseline 0.004 -21"><span class='ocrx_word' id='word_1_447' title='bbox 272 5229 524 5282; x_wconf 86' lang='lat' dir='ltr'>tentaret</span> <span class='ocrx_word' id='word_1_448' title='bbox 551 5232 825 5292; x_wconf 89' lang='lat' dir='ltr'>evertere,</span> <span class='ocrx_word' id='word_1_449' title='bbox 858 5230 1148 5298; x_wconf 89' lang='lat' dir='ltr'>quantum</span> <span class='ocrx_word' id='word_1_450' title='bbox 1178 5232 1450 5297; x_wconf 85' lang='lat' dir='ltr'>poterant</span> <span class='ocrx_word' id='word_1_451' title='bbox 1480 5227 1539 5284; x_wconf 92' lang='lat' dir='ltr'>in</span> <span class='ocrx_word' id='word_1_452' title='bbox 1571 5230 1699 5300; x_wconf 86' lang='lat' dir='ltr'>ejus</span> <span class='ocrx_word' id='word_1_453' title='bbox 1731 5230 1928 5301; x_wconf 88' lang='lat' dir='ltr'>perni-</span> 
     </span>
    </p>
   </div>
   <div class='ocr_carea' id='block_1_72' title="bbox 272 5312 1925 5390">
    <p class='ocr_par' dir='ltr' id='par_1_72' title="bbox 272 5312 1925 5390">
     <span class='ocr_line' id='line_1_72' title="bbox 272 5312 1925 5390; baseline 0.004 -22"><span class='ocrx_word' id='word_1_454' title='bbox 272 5312 422 5368; x_wconf 88' lang='lat' dir='ltr'>ciem</span> <span class='ocrx_word' id='word_1_455' title='bbox 468 5314 717 5371; x_wconf 86' lang='lat' dir='ltr'>insidias</span> <span class='ocrx_word' id='word_1_456' title='bbox 776 5315 1281 5387; x_wconf 87' lang='lat' dir='ltr'>parabant,donec</span> <span class='ocrx_word' id='word_1_457' title='bbox 1297 5316 1654 5390; x_wconf 87' lang='lat' dir='ltr'>inaugurato</span> <span class='ocrx_word' id='word_1_458' title='bbox 1667 5319 1925 5389; x_wconf 84' lang='lat' dir='ltr'>Juliano,</span> 
     </span>
    </p>
   </div>
   <div class='ocr_carea' id='block_1_73' title="bbox 273 5400 1472 5476">
    <p class='ocr_par' dir='ltr' id='par_1_73' title="bbox 273 5400 1472 5476">
     <span class='ocr_line' id='line_1_73' title="bbox 273 5400 1472 5476; baseline 0.003 -18"><span class='ocrx_word' id='word_1_459' title='bbox 273 5400 533 5458; x_wconf 88' lang='lat' dir='ltr'>oblatam</span> <span class='ocrx_word' id='word_1_460' title='bbox 590 5402 674 5457; x_wconf 89' lang='lat' dir='ltr'>illi</span> <span class='ocrx_word' id='word_1_461' title='bbox 735 5403 1101 5460; x_wconf 89' lang='lat' dir='ltr'>occasionem</span> <span class='ocrx_word' id='word_1_462' title='bbox 1152 5403 1472 5476; x_wconf 90' lang='lat' dir='ltr'>arripuere.</span> 
     </span>
    </p>
   </div>
   <div class='ocr_carea' id='block_1_74' title="bbox 348 5562 1928 5644">
    <p class='ocr_par' dir='ltr' id='par_1_74' title="bbox 348 5562 1928 5644">
     <span class='ocr_line' id='line_1_74' title="bbox 348 5562 1928 5644; baseline 0.007 -28"><span class='ocrx_word' id='word_1_463' title='bbox 348 5562 434 5644; x_wconf 87' lang='lat' dir='ltr'>(a)_</span> <span class='ocrx_word' id='word_1_464' title='bbox 456 5562 675 5643; x_wconf 80' lang='lat' dir='ltr'>Socrat.</span> <span class='ocrx_word' id='word_1_465' title='bbox 843 5581 931 5636; x_wconf 84' lang='grc' dir='ltr'>ιιι,</span> <span class='ocrx_word' id='word_1_466' title='bbox 963 5581 1090 5637; x_wconf 89' lang='lat' dir='ltr'>cap.</span> <span class='ocrx_word' id='word_1_467' title='bbox 1132 5565 1206 5644; x_wconf 60' lang='lat' dir='ltr'>g;</span> <span class='ocrx_word' id='word_1_468' title='bbox 1240 5564 1471 5623; x_wconf 92' lang='lat' dir='ltr'>Sozom.</span> <span class='ocrx_word' id='word_1_469' title='bbox 1501 5566 1605 5623; x_wconf 93' lang='lat' dir='ltr'>lib.</span> <span class='ocrx_word' id='word_1_470' title='bbox 1657 5586 1736 5637; x_wconf 80' lang='grc' dir='ltr'>ιν,</span> <span class='ocrx_word' id='word_1_471' title='bbox 1798 5587 1928 5644; x_wconf 89' lang='lat' dir='ltr'>cap.</span> 
     </span>
    </p>
   </div>
   <div class='ocr_carea' id='block_1_75' title="bbox 276 5632 1189 5709">
    <p class='ocr_par' dir='ltr' id='par_1_75' title="bbox 276 5632 1189 5709">
     <span class='ocr_line' id='line_1_75' title="bbox 276 5632 1189 5709; baseline -0.001 -19"><span class='ocrx_word' id='word_1_472' title='bbox 276 5632 703 5709; x_wconf 33' lang='lat' dir='ltr'>30;;_&#39;Ar_n_mian.</span> <span class='ocrx_word' id='word_1_473' title='bbox 737 5634 839 5690; x_wconf 90' lang='lat' dir='ltr'>lib.</span> <span class='ocrx_word' id='word_1_474' title='bbox 871 5632 964 5709; x_wconf 71' lang='lat' dir='ltr'>xv,</span> <span class='ocrx_word' id='word_1_475' title='bbox 996 5632 1103 5709; x_wconf 74' lang='lat' dir='ltr'>cap</span> <span class='ocrx_word' id='word_1_476' title='bbox 1132 5636 1189 5690; x_wconf 92' lang='lat'>7.</span> 
     </span>
    </p>
   </div>
   <div class='ocr_carea' id='block_1_76' title="bbox 350 5702 928 5781">
    <p class='ocr_par' dir='ltr' id='par_1_76' title="bbox 350 5702 928 5781">
     <span class='ocr_line' id='line_1_76' title="bbox 350 5702 928 5781; baseline -0.002 -20"><span class='ocrx_word' id='word_1_477' title='bbox 350 5704 428 5781; x_wconf 76' lang='grc' dir='ltr'>(ὸ)</span> <span class='ocrx_word' id='word_1_478' title='bbox 458 5702 583 5763; x_wconf 89' lang='lat' dir='ltr'>Lib.</span> <span class='ocrx_word' id='word_1_479' title='bbox 620 5722 683 5775; x_wconf 87' lang='grc' dir='ltr'>ιι,</span> <span class='ocrx_word' id='word_1_480' title='bbox 715 5722 843 5780; x_wconf 90' lang='lat' dir='ltr'>cap.</span> <span class='ocrx_word' id='word_1_481' title='bbox 870 5708 928 5774; x_wconf 91' lang='lat'>7,</span> 
     </span>
    </p>
   </div>
   <div class='ocr_carea' id='block_1_77' title="bbox 1943 3226 1985 3293">
    <p class='ocr_par' dir='ltr' id='par_1_77' title="bbox 1943 3226 1985 3293">
     <span class='ocr_line' id='line_1_77' title="bbox 1943 3226 1985 3293; baseline 0 0"><span class='ocrx_word' id='word_1_482' title='bbox 1943 3226 1985 3293; x_wconf 91' lang='lat' dir='ltr'>C</span> 
     </span>
    </p>
   </div>
   <div class='ocr_carea' id='block_1_78' title="bbox 2027 1928 3683 2001">
    <p class='ocr_par' dir='ltr' id='par_1_78' title="bbox 2027 1928 3683 2001">
     <span class='ocr_line' id='line_1_78' title="bbox 2027 1928 3683 2001; baseline 0.003 -20"><span class='ocrx_word' id='word_1_483' title='bbox 2027 1932 2253 1998; x_wconf 84' lang='lat' dir='ltr'>gratam</span> <span class='ocrx_word' id='word_1_484' title='bbox 2317 1929 2600 1985; x_wconf 89' lang='lat' dir='ltr'>accidisse</span> <span class='ocrx_word' id='word_1_485' title='bbox 2661 1945 2784 1984; x_wconf 81' lang='lat' dir='ltr'>rem</span> <span class='ocrx_word' id='word_1_486' title='bbox 2844 1928 3204 2001; x_wconf 85' lang='lat' dir='ltr'>significaret</span> <span class='ocrx_word' id='word_1_487' title='bbox 3267 1929 3358 2001; x_wconf 82' lang='grc' dir='ltr'>(ε).</span> <span class='ocrx_word' id='word_1_488' title='bbox 3449 1928 3683 1986; x_wconf 84' lang='lat' dir='ltr'>Litteris</span> 
     </span>
    </p>
   </div>
   <div class='ocr_carea' id='block_1_79' title="bbox 2026 2015 3679 2090">
    <p class='ocr_par' dir='ltr' id='par_1_79' title="bbox 2026 2015 3679 2090">
     <span class='ocr_line' id='line_1_79' title="bbox 2026 2015 3679 2090; baseline 0.002 -20"><span class='ocrx_word' id='word_1_489' title='bbox 2026 2015 2224 2088; x_wconf 84' lang='lat' dir='ltr'>itaque</span> <span class='ocrx_word' id='word_1_490' title='bbox 2256 2018 2475 2084; x_wconf 89' lang='lat' dir='ltr'>missis,</span> <span class='ocrx_word' id='word_1_491' title='bbox 2508 2019 2695 2090; x_wconf 88' lang='lat' dir='ltr'>carpit</span> <span class='ocrx_word' id='word_1_492' title='bbox 2722 2018 2993 2074; x_wconf 90' lang='lat' dir='ltr'>animum</span> <span class='ocrx_word' id='word_1_493' title='bbox 3012 2017 3538 2074; x_wconf 86' lang='lat' dir='ltr'>Alexandrinorum</span> <span class='ocrx_word' id='word_1_494' title='bbox 3556 2023 3679 2074; x_wconf 91' lang='lat' dir='ltr'>tur-</span> 
     </span>
    </p>
   </div>
   <div class='ocr_carea' id='block_1_80' title="bbox 2027 2105 3681 2180">
    <p class='ocr_par' dir='ltr' id='par_1_80' title="bbox 2027 2105 3681 2180">
     <span class='ocr_line' id='line_1_80' title="bbox 2027 2105 3681 2180; baseline 0.001 -19"><span class='ocrx_word' id='word_1_495' title='bbox 2027 2105 2332 2161; x_wconf 89' lang='lat' dir='ltr'>bulentum</span> <span class='ocrx_word' id='word_1_496' title='bbox 2368 2112 2544 2180; x_wconf 88' lang='lat' dir='ltr'>atque</span> <span class='ocrx_word' id='word_1_497' title='bbox 2602 2107 2997 2164; x_wconf 87' lang='lat' dir='ltr'>seditiosum:</span> <span class='ocrx_word' id='word_1_498' title='bbox 3054 2124 3292 2179; x_wconf 90' lang='lat' dir='ltr'>parcere</span> <span class='ocrx_word' id='word_1_499' title='bbox 3339 2112 3537 2163; x_wconf 90' lang='lat' dir='ltr'>tamen</span> <span class='ocrx_word' id='word_1_500' title='bbox 3597 2105 3681 2162; x_wconf 87' lang='lat' dir='ltr'>ait</span> 
     </span>
    </p>
   </div>
   <div class='ocr_carea' id='block_1_81' title="bbox 2028 2195 3678 2270">
    <p class='ocr_par' dir='ltr' id='par_1_81' title="bbox 2028 2195 3678 2270">
     <span class='ocr_line' id='line_1_81' title="bbox 2028 2195 3678 2270; baseline 0.001 -19"><span class='ocrx_word' id='word_1_501' title='bbox 2028 2196 2595 2265; x_wconf 90' lang='lat' dir='ltr'>multitudini,rebus</span> <span class='ocrx_word' id='word_1_502' title='bbox 2619 2214 2652 2252; x_wconf 90' lang='lat' dir='ltr'>a</span> <span class='ocrx_word' id='word_1_503' title='bbox 2682 2196 2929 2270; x_wconf 88' lang='lat' dir='ltr'>Georgio</span> <span class='ocrx_word' id='word_1_504' title='bbox 2959 2196 3237 2253; x_wconf 83' lang='lat' dir='ltr'>scelerate</span> <span class='ocrx_word' id='word_1_505' title='bbox 3271 2196 3453 2270; x_wconf 86' lang='lat' dir='ltr'>gestis</span> <span class='ocrx_word' id='word_1_506' title='bbox 3474 2198 3531 2252; x_wconf 91' lang='lat' dir='ltr'>in</span> <span class='ocrx_word' id='word_1_507' title='bbox 3582 2195 3678 2252; x_wconf 87' lang='lat' dir='ltr'>fu—</span> 
     </span>
    </p>
   </div>
   <div class='ocr_carea' id='block_1_82' title="bbox 2026 2282 3675 2358">
    <p class='ocr_par' dir='ltr' id='par_1_82' title="bbox 2026 2282 3675 2358">
     <span class='ocr_line' id='line_1_82' title="bbox 2026 2282 3675 2358; baseline -0.001 -19"><span class='ocrx_word' id='word_1_508' title='bbox 2026 2300 2214 2340; x_wconf 87' lang='lat' dir='ltr'>rorem</span> <span class='ocrx_word' id='word_1_509' title='bbox 2275 2291 2434 2340; x_wconf 62' lang='lat' dir='ltr'>actae.</span> <span class='ocrx_word' id='word_1_510' title='bbox 2490 2284 2830 2358; x_wconf 89' lang='lat' dir='ltr'>Oportuisse</span> <span class='ocrx_word' id='word_1_511' title='bbox 2885 2283 3311 2341; x_wconf 84' lang='lat' dir='ltr'>Alexandrinos</span> <span class='ocrx_word' id='word_1_512' title='bbox 3359 2282 3675 2340; x_wconf 79' lang='lat' dir='ltr'>Alexandri</span> 
     </span>
    </p>
   </div>
   <div class='ocr_carea' id='block_1_83' title="bbox 2025 2372 3678 2447">
    <p class='ocr_par' dir='ltr' id='par_1_83' title="bbox 2025 2372 3678 2447">
     <span class='ocr_line' id='line_1_83' title="bbox 2025 2372 3678 2447; baseline 0.001 -18"><span class='ocrx_word' id='word_1_513' title='bbox 2025 2373 2571 2447; x_wconf 87' lang='lat' dir='ltr'>conditoris,magni</span> <span class='ocrx_word' id='word_1_514' title='bbox 2602 2372 2923 2447; x_wconf 79' lang='lat' dir='ltr'>Serapidis,</span> <span class='ocrx_word' id='word_1_515' title='bbox 2955 2374 3047 2429; x_wconf 91' lang='lat' dir='ltr'>sui</span> <span class='ocrx_word' id='word_1_516' title='bbox 3070 2374 3245 2429; x_wconf 88' lang='lat' dir='ltr'>etiam</span> <span class='ocrx_word' id='word_1_517' title='bbox 3304 2372 3678 2447; x_wconf 82' lang='lat' dir='ltr'>imperatoris</span> 
     </span>
    </p>
   </div>
   <div class='ocr_carea' id='block_1_84' title="bbox 2024 2462 3672 2537">
    <p class='ocr_par' dir='ltr' id='par_1_84' title="bbox 2024 2462 3672 2537">
     <span class='ocr_line' id='line_1_84' title="bbox 2024 2462 3672 2537; baseline 0.001 -19"><span class='ocrx_word' id='word_1_518' title='bbox 2024 2464 2344 2519; x_wconf 87' lang='lat' dir='ltr'>reverentia</span> <span class='ocrx_word' id='word_1_519' title='bbox 2373 2480 2407 2518; x_wconf 91' lang='lat' dir='ltr'>a</span> <span class='ocrx_word' id='word_1_520' title='bbox 2436 2468 2598 2518; x_wconf 84' lang='lat' dir='ltr'>tanto</span> <span class='ocrx_word' id='word_1_521' title='bbox 2629 2462 2847 2519; x_wconf 88' lang='lat' dir='ltr'>scelere</span> <span class='ocrx_word' id='word_1_522' title='bbox 2878 2462 3158 2518; x_wconf 83' lang='lat' dir='ltr'>cohiberi.</span> <span class='ocrx_word' id='word_1_523' title='bbox 3210 2463 3281 2518; x_wconf 89' lang='lat' dir='ltr'>Et</span> <span class='ocrx_word' id='word_1_524' title='bbox 3330 2463 3379 2519; x_wconf 89' lang='lat' dir='ltr'>si</span> <span class='ocrx_word' id='word_1_525' title='bbox 3432 2462 3672 2537; x_wconf 89' lang='lat' dir='ltr'>quidem</span> 
     </span>
    </p>
   </div>
   <div class='ocr_carea' id='block_1_85' title="bbox 2024 2551 3670 2626">
    <p class='ocr_par' dir='ltr' id='par_1_85' title="bbox 2024 2551 3670 2626">
     <span class='ocr_line' id='line_1_85' title="bbox 2024 2551 3670 2626; baseline -0.001 -18"><span class='ocrx_word' id='word_1_526' title='bbox 2024 2551 2322 2608; x_wconf 86' lang='lat' dir='ltr'>atrocibus</span> <span class='ocrx_word' id='word_1_527' title='bbox 2352 2552 2579 2626; x_wconf 88' lang='lat' dir='ltr'>Georgii</span> <span class='ocrx_word' id='word_1_528' title='bbox 2610 2552 2845 2625; x_wconf 86' lang='lat' dir='ltr'>ﬂagitiis</span> <span class='ocrx_word' id='word_1_529' title='bbox 2876 2552 3102 2608; x_wconf 89' lang='lat' dir='ltr'>accensi</span> <span class='ocrx_word' id='word_1_530' title='bbox 3132 2551 3527 2625; x_wconf 87' lang='lat' dir='ltr'>concitatique</span> <span class='ocrx_word' id='word_1_531' title='bbox 3548 2552 3670 2607; x_wconf 86' lang='lat' dir='ltr'>fue-</span> 
     </span>
    </p>
   </div>
   <div class='ocr_carea' id='block_1_86' title="bbox 2023 2640 3673 2714">
    <p class='ocr_par' dir='ltr' id='par_1_86' title="bbox 2023 2640 3673 2714">
     <span class='ocr_line' id='line_1_86' title="bbox 2023 2640 3673 2714; baseline 0.001 -18"><span class='ocrx_word' id='word_1_532' title='bbox 2023 2657 2104 2706; x_wconf 88' lang='lat' dir='ltr'>re,</span> <span class='ocrx_word' id='word_1_533' title='bbox 2129 2658 2234 2713; x_wconf 89' lang='lat' dir='ltr'>par</span> <span class='ocrx_word' id='word_1_534' title='bbox 2264 2641 2445 2697; x_wconf 89' lang='lat' dir='ltr'>fuisse</span> <span class='ocrx_word' id='word_1_535' title='bbox 2472 2641 2775 2708; x_wconf 65' lang='lat' dir='ltr'>iudicibus</span> <span class='ocrx_word' id='word_1_536' title='bbox 2805 2641 3107 2697; x_wconf 89' lang='lat' dir='ltr'>hominem</span> <span class='ocrx_word' id='word_1_537' title='bbox 3131 2658 3233 2714; x_wconf 92' lang='lat' dir='ltr'>pro</span> <span class='ocrx_word' id='word_1_538' title='bbox 3282 2643 3489 2697; x_wconf 89' lang='lat' dir='ltr'>merito</span> <span class='ocrx_word' id='word_1_539' title='bbox 3546 2640 3673 2713; x_wconf 89' lang='lat' dir='ltr'>ple-</span> 
     </span>
    </p>
   </div>
   <div class='ocr_carea' id='block_1_87' title="bbox 2023 2728 3676 2803">
    <p class='ocr_par' dir='ltr' id='par_1_87' title="bbox 2023 2728 3676 2803">
     <span class='ocr_line' id='line_1_87' title="bbox 2023 2728 3676 2803; baseline -0.001 -17"><span class='ocrx_word' id='word_1_540' title='bbox 2023 2730 2298 2786; x_wconf 90' lang='lat' dir='ltr'>ctendum</span> <span class='ocrx_word' id='word_1_541' title='bbox 2333 2730 2626 2797; x_wconf 88' lang='lat' dir='ltr'>tradi,non</span> <span class='ocrx_word' id='word_1_542' title='bbox 2661 2730 2772 2803; x_wconf 91' lang='lat' dir='ltr'>ipsi</span> <span class='ocrx_word' id='word_1_543' title='bbox 2806 2730 3182 2786; x_wconf 83' lang='lat' dir='ltr'>temerariam</span> <span class='ocrx_word' id='word_1_544' title='bbox 3205 2731 3439 2786; x_wconf 87' lang='lat' dir='ltr'>turbam</span> <span class='ocrx_word' id='word_1_545' title='bbox 3461 2728 3676 2786; x_wconf 88' lang='lat' dir='ltr'>violen-</span> 
     </span>
    </p>
   </div>
   <div class='ocr_carea' id='block_1_88' title="bbox 2021 2818 3674 2886">
    <p class='ocr_par' dir='ltr' id='par_1_88' title="bbox 2021 2818 3674 2886">
     <span class='ocr_line' id='line_1_88' title="bbox 2021 2818 3674 2886; baseline -0.001 -12"><span class='ocrx_word' id='word_1_546' title='bbox 2021 2823 2114 2874; x_wconf 89' lang='lat' dir='ltr'>tas</span> <span class='ocrx_word' id='word_1_547' title='bbox 2143 2818 2357 2873; x_wconf 80' lang='lat' dir='ltr'>inferre</span> <span class='ocrx_word' id='word_1_548' title='bbox 2388 2836 2621 2875; x_wconf 89' lang='lat' dir='ltr'>manus.</span> <span class='ocrx_word' id='word_1_549' title='bbox 2656 2818 2932 2875; x_wconf 67' lang='lat' dir='ltr'>Praeclare</span> <span class='ocrx_word' id='word_1_550' title='bbox 2965 2836 3099 2874; x_wconf 91' lang='lat' dir='ltr'>cum</span> <span class='ocrx_word' id='word_1_551' title='bbox 3135 2820 3220 2875; x_wconf 92' lang='lat' dir='ltr'>eis</span> <span class='ocrx_word' id='word_1_552' title='bbox 3269 2823 3465 2875; x_wconf 89' lang='lat' dir='ltr'>actum</span> <span class='ocrx_word' id='word_1_553' title='bbox 3522 2833 3674 2886; x_wconf 87' lang='lat' dir='ltr'>esse,</span> 
     </span>
    </p>
   </div>
   <div class='ocr_carea' id='block_1_89' title="bbox 2023 2907 3673 2981">
    <p class='ocr_par' dir='ltr' id='par_1_89' title="bbox 2023 2907 3673 2981">
     <span class='ocr_line' id='line_1_89' title="bbox 2023 2907 3673 2981; baseline 0 -18"><span class='ocrx_word' id='word_1_554' title='bbox 2023 2908 2180 2981; x_wconf 90' lang='lat' dir='ltr'>quod</span> <span class='ocrx_word' id='word_1_555' title='bbox 2214 2924 2277 2963; x_wconf 89' lang='lat' dir='ltr'>se</span> <span class='ocrx_word' id='word_1_556' title='bbox 2309 2907 2636 2980; x_wconf 89' lang='lat' dir='ltr'>imperante</span> <span class='ocrx_word' id='word_1_557' title='bbox 2666 2912 2899 2963; x_wconf 88' lang='lat' dir='ltr'>tantum</span> <span class='ocrx_word' id='word_1_558' title='bbox 2934 2908 3163 2964; x_wconf 84' lang='lat' dir='ltr'>facinus</span> <span class='ocrx_word' id='word_1_559' title='bbox 3194 2908 3271 2963; x_wconf 91' lang='lat' dir='ltr'>sit</span> <span class='ocrx_word' id='word_1_560' title='bbox 3301 2907 3673 2977; x_wconf 86' lang='lat' dir='ltr'>admissum;</span> 
     </span>
    </p>
   </div>
   <div class='ocr_carea' id='block_1_90' title="bbox 2022 2995 3682 3071">
    <p class='ocr_par' dir='ltr' id='par_1_90' title="bbox 2022 2995 3682 3071">
     <span class='ocr_line' id='line_1_90' title="bbox 2022 2995 3682 3071; baseline 0.001 -19"><span class='ocrx_word' id='word_1_561' title='bbox 2022 2996 2124 3071; x_wconf 89' lang='lat' dir='ltr'>qui</span> <span class='ocrx_word' id='word_1_562' title='bbox 2155 2996 2367 3068; x_wconf 89' lang='lat' dir='ltr'>partim</span> <span class='ocrx_word' id='word_1_563' title='bbox 2398 2995 2749 3051; x_wconf 90' lang='lat' dir='ltr'>verecundia</span> <span class='ocrx_word' id='word_1_564' title='bbox 2779 2997 2838 3051; x_wconf 88' lang='lat' dir='ltr'>in</span> <span class='ocrx_word' id='word_1_565' title='bbox 2885 3002 3086 3066; x_wconf 84' lang='lat' dir='ltr'>Deum,</span> <span class='ocrx_word' id='word_1_566' title='bbox 3120 2996 3334 3069; x_wconf 86' lang='lat' dir='ltr'>partim</span> <span class='ocrx_word' id='word_1_567' title='bbox 3361 2997 3682 3053; x_wconf 88' lang='lat' dir='ltr'>reverentia</span> 
     </span>
    </p>
   </div>
   <div class='ocr_carea' id='block_1_91' title="bbox 2021 3084 3679 3143">
    <p class='ocr_par' dir='ltr' id='par_1_91' title="bbox 2021 3084 3679 3143">
     <span class='ocr_line' id='line_1_91' title="bbox 2021 3084 3679 3143; baseline 0.001 -2"><span class='ocrx_word' id='word_1_568' title='bbox 2021 3085 2110 3142; x_wconf 90' lang='lat' dir='ltr'>avi</span> <span class='ocrx_word' id='word_1_569' title='bbox 2142 3090 2199 3141; x_wconf 92' lang='lat' dir='ltr'>et</span> <span class='ocrx_word' id='word_1_570' title='bbox 2230 3084 2503 3140; x_wconf 88' lang='lat' dir='ltr'>avunculi</span> <span class='ocrx_word' id='word_1_571' title='bbox 2530 3086 2619 3140; x_wconf 89' lang='lat' dir='ltr'>sui</span> <span class='ocrx_word' id='word_1_572' title='bbox 2652 3086 2882 3141; x_wconf 90' lang='lat' dir='ltr'>veniam</span> <span class='ocrx_word' id='word_1_573' title='bbox 2909 3086 3260 3143; x_wconf 89' lang='lat' dir='ltr'>concederet</span> <span class='ocrx_word' id='word_1_574' title='bbox 3291 3085 3535 3141; x_wconf 90' lang='lat' dir='ltr'>civitati.</span> <span class='ocrx_word' id='word_1_575' title='bbox 3567 3085 3679 3142; x_wconf 89' lang='lat' dir='ltr'>Ve-</span> 
     </span>
    </p>
   </div>
   <div class='ocr_carea' id='block_1_92' title="bbox 2023 3173 3676 3248">
    <p class='ocr_par' dir='ltr' id='par_1_92' title="bbox 2023 3173 3676 3248">
     <span class='ocr_line' id='line_1_92' title="bbox 2023 3173 3676 3248; baseline 0.001 -18"><span class='ocrx_word' id='word_1_576' title='bbox 2023 3179 2111 3231; x_wconf 87' lang='lat' dir='ltr'>tat</span> <span class='ocrx_word' id='word_1_577' title='bbox 2142 3192 2213 3231; x_wconf 90' lang='lat' dir='ltr'>ne</span> <span class='ocrx_word' id='word_1_578' title='bbox 2245 3174 2304 3229; x_wconf 90' lang='lat' dir='ltr'>in</span> <span class='ocrx_word' id='word_1_579' title='bbox 2335 3173 2526 3230; x_wconf 90' lang='lat' dir='ltr'>simile</span> <span class='ocrx_word' id='word_1_580' title='bbox 2556 3175 2778 3230; x_wconf 90' lang='lat' dir='ltr'>crimen</span> <span class='ocrx_word' id='word_1_581' title='bbox 2810 3191 3191 3248; x_wconf 90' lang='lat' dir='ltr'>prorumpere</span> <span class='ocrx_word' id='word_1_582' title='bbox 3235 3175 3510 3248; x_wconf 89' lang='lat' dir='ltr'>deinceps</span> <span class='ocrx_word' id='word_1_583' title='bbox 3564 3192 3676 3232; x_wconf 87' lang='lat' dir='ltr'>au-</span> 
     </span>
    </p>
   </div>
   <div class='ocr_carea' id='block_1_93' title="bbox 2024 3265 2217 3321">
    <p class='ocr_par' dir='ltr' id='par_1_93' title="bbox 2024 3265 2217 3321">
     <span class='ocr_line' id='line_1_93' title="bbox 2024 3265 2217 3321; baseline -0.016 0"><span class='ocrx_word' id='word_1_584' title='bbox 2024 3265 2217 3321; x_wconf 89' lang='lat' dir='ltr'>deant.</span> 
     </span>
    </p>
   </div>
   <div class='ocr_carea' id='block_1_94' title="bbox 2093 3351 3681 3425">
    <p class='ocr_par' dir='ltr' id='par_1_94' title="bbox 2093 3351 3681 3425">
     <span class='ocr_line' id='line_1_94' title="bbox 2093 3351 3681 3425; baseline -0.001 -15"><span class='ocrx_word' id='word_1_585' title='bbox 2093 3358 2147 3410; x_wconf 82' lang='lat'>5.</span> <span class='ocrx_word' id='word_1_586' title='bbox 2182 3354 2399 3425; x_wconf 77' lang='lat' dir='ltr'>Georgii</span> <span class='ocrx_word' id='word_1_587' title='bbox 2440 3351 2825 3409; x_wconf 70' lang='lat' dir='ltr'>bibliothecam</span> <span class='ocrx_word' id='word_1_588' title='bbox 2878 3353 3190 3409; x_wconf 75' lang='lat' dir='ltr'>transmitti</span> <span class='ocrx_word' id='word_1_589' title='bbox 3237 3353 3345 3409; x_wconf 88' lang='lat' dir='ltr'>sibi</span> <span class='ocrx_word' id='word_1_590' title='bbox 3396 3357 3576 3409; x_wconf 84' lang='lat' dir='ltr'>curat.</span> <span class='ocrx_word' id='word_1_591' title='bbox 3609 3383 3681 3395; x_wconf 92' lang='lat'><strong><em>—</em></strong></span> 
     </span>
    </p>
   </div>
   <div class='ocr_carea' id='block_1_95' title="bbox 2021 3442 3680 3515">
    <p class='ocr_par' dir='ltr' id='par_1_95' title="bbox 2021 3442 3680 3515">
     <span class='ocr_line' id='line_1_95' title="bbox 2021 3442 3680 3515; baseline -0.001 -15"><span class='ocrx_word' id='word_1_592' title='bbox 2021 3443 2360 3500; x_wconf 87' lang='lat' dir='ltr'>Secundum</span> <span class='ocrx_word' id='word_1_593' title='bbox 2395 3442 2770 3515; x_wconf 71' lang='lat' dir='ltr'>haec,}Egypti</span> <span class='ocrx_word' id='word_1_594' title='bbox 2805 3442 3074 3515; x_wconf 75' lang='lat' dir='ltr'>praefecto</span> <span class='ocrx_word' id='word_1_595' title='bbox 3096 3442 3327 3499; x_wconf 87' lang='lat' dir='ltr'>Ecdicio</span> <span class='ocrx_word' id='word_1_596' title='bbox 3357 3443 3562 3515; x_wconf 87' lang='lat' dir='ltr'>jussit,</span> <span class='ocrx_word' id='word_1_597' title='bbox 3615 3446 3680 3499; x_wconf 90' lang='lat' dir='ltr'>ut</span> 
     </span>
    </p>
   </div>
   <div class='ocr_carea' id='block_1_96' title="bbox 2021 3529 3681 3606">
    <p class='ocr_par' dir='ltr' id='par_1_96' title="bbox 2021 3529 3681 3606">
     <span class='ocr_line' id='line_1_96' title="bbox 2021 3529 3681 3606; baseline 0 -17"><span class='ocrx_word' id='word_1_598' title='bbox 2021 3532 2248 3606; x_wconf 88' lang='lat' dir='ltr'>Georgii</span> <span class='ocrx_word' id='word_1_599' title='bbox 2284 3529 2702 3587; x_wconf 88' lang='lat' dir='ltr'>bibliothecam</span> <span class='ocrx_word' id='word_1_600' title='bbox 2735 3530 2943 3587; x_wconf 90' lang='lat' dir='ltr'>multis</span> <span class='ocrx_word' id='word_1_601' title='bbox 2967 3531 3367 3604; x_wconf 71' lang='lat' dir='ltr'>philossphiie,</span> <span class='ocrx_word' id='word_1_602' title='bbox 3395 3536 3453 3587; x_wconf 87' lang='lat' dir='ltr'>et</span> <span class='ocrx_word' id='word_1_603' title='bbox 3494 3531 3681 3589; x_wconf 83' lang='lat' dir='ltr'>rheto-</span> 
     </span>
    </p>
   </div>
   <div class='ocr_carea' id='block_1_97' title="bbox 2022 3618 3679 3693">
    <p class='ocr_par' dir='ltr' id='par_1_97' title="bbox 2022 3618 3679 3693">
     <span class='ocr_line' id='line_1_97' title="bbox 2022 3618 3679 3693; baseline 0 -16"><span class='ocrx_word' id='word_1_604' title='bbox 2022 3622 2155 3678; x_wconf 73' lang='lat' dir='ltr'>ricae</span> <span class='ocrx_word' id='word_1_605' title='bbox 2185 3620 2744 3687; x_wconf 89' lang='lat' dir='ltr'>codicibus,necnon</span> <span class='ocrx_word' id='word_1_606' title='bbox 2777 3619 2912 3676; x_wconf 89' lang='lat' dir='ltr'>aliis</span> <span class='ocrx_word' id='word_1_607' title='bbox 2928 3620 3322 3675; x_wconf 89' lang='lat' dir='ltr'>Christianam</span> <span class='ocrx_word' id='word_1_608' title='bbox 3337 3618 3679 3693; x_wconf 91' lang='lat' dir='ltr'>religionem</span> 
     </span>
    </p>
   </div>
   <div class='ocr_carea' id='block_1_98' title="bbox 2022 3707 3679 3784">
    <p class='ocr_par' dir='ltr' id='par_1_98' title="bbox 2022 3707 3679 3784">
     <span class='ocr_line' id='line_1_98' title="bbox 2022 3707 3679 3784; baseline -0.001 -17"><span class='ocrx_word' id='word_1_609' title='bbox 2022 3709 2428 3784; x_wconf 87' lang='lat' dir='ltr'>spectantibus</span> <span class='ocrx_word' id='word_1_610' title='bbox 2469 3707 2843 3775; x_wconf 86' lang='lat' dir='ltr'>instructam,</span> <span class='ocrx_word' id='word_1_611' title='bbox 2898 3709 3208 3783; x_wconf 89' lang='lat' dir='ltr'>diligenter</span> <span class='ocrx_word' id='word_1_612' title='bbox 3265 3710 3679 3782; x_wconf 87' lang='lat' dir='ltr'>perquisitam,</span> 
     </span>
    </p>
   </div>
   <div class='ocr_carea' id='block_1_99' title="bbox 2023 3798 3681 3873">
    <p class='ocr_par' dir='ltr' id='par_1_99' title="bbox 2023 3798 3681 3873">
     <span class='ocr_line' id='line_1_99' title="bbox 2023 3798 3681 3873; baseline 0.001 -19"><span class='ocrx_word' id='word_1_613' title='bbox 2023 3798 2395 3855; x_wconf 87' lang='lat' dir='ltr'>Antiochiam</span> <span class='ocrx_word' id='word_1_614' title='bbox 2427 3802 2660 3854; x_wconf 90' lang='lat' dir='ltr'>curaret</span> <span class='ocrx_word' id='word_1_615' title='bbox 2691 3798 3013 3854; x_wconf 86' lang='lat' dir='ltr'>transmitti</span> <span class='ocrx_word' id='word_1_616' title='bbox 3047 3798 3180 3855; x_wconf 90' lang='lat' dir='ltr'>sibi.</span> <span class='ocrx_word' id='word_1_617' title='bbox 3211 3799 3257 3854; x_wconf 86' lang='lat' dir='ltr'>A</span> <span class='ocrx_word' id='word_1_618' title='bbox 3288 3816 3403 3872; x_wconf 88' lang='lat' dir='ltr'>quo</span> <span class='ocrx_word' id='word_1_619' title='bbox 3436 3799 3681 3873; x_wconf 89' lang='lat' dir='ltr'>Georgio</span> 
     </span>
    </p>
   </div>
   <div class='ocr_carea' id='block_1_100' title="bbox 2029 3886 3679 3962">
    <p class='ocr_par' dir='ltr' id='par_1_100' title="bbox 2029 3886 3679 3962">
     <span class='ocr_line' id='line_1_100' title="bbox 2029 3886 3679 3962; baseline -0.001 -18"><span class='ocrx_word' id='word_1_620' title='bbox 2029 3889 2315 3962; x_wconf 90' lang='lat' dir='ltr'>quosdam</span> <span class='ocrx_word' id='word_1_621' title='bbox 2341 3904 2403 3944; x_wconf 90' lang='lat' dir='ltr'>se</span> <span class='ocrx_word' id='word_1_622' title='bbox 2426 3887 2611 3943; x_wconf 86' lang='lat' dir='ltr'>lihros</span> <span class='ocrx_word' id='word_1_623' title='bbox 2641 3886 2947 3954; x_wconf 90' lang='lat' dir='ltr'>olim,cum</span> <span class='ocrx_word' id='word_1_624' title='bbox 2962 3888 3019 3943; x_wconf 88' lang='lat' dir='ltr'>in</span> <span class='ocrx_word' id='word_1_625' title='bbox 3035 3886 3400 3960; x_wconf 89' lang='lat' dir='ltr'>Cappadocia</span> <span class='ocrx_word' id='word_1_626' title='bbox 3420 3889 3679 3961; x_wconf 90' lang='lat' dir='ltr'>degeret,</span> 
     </span>
    </p>
   </div>
   <div class='ocr_carea' id='block_1_101' title="bbox 2025 3976 3681 4050">
    <p class='ocr_par' dir='ltr' id='par_1_101' title="bbox 2025 3976 3681 4050">
     <span class='ocr_line' id='line_1_101' title="bbox 2025 3976 3681 4050; baseline -0.001 -16"><span class='ocrx_word' id='word_1_627' title='bbox 2025 3983 2361 4034; x_wconf 90' lang='lat' dir='ltr'>mutuatum</span> <span class='ocrx_word' id='word_1_628' title='bbox 2388 3993 2515 4033; x_wconf 91' lang='lat' dir='ltr'>esse</span> <span class='ocrx_word' id='word_1_629' title='bbox 2541 3982 2980 4032; x_wconf 88' lang='lat' dir='ltr'>commemorat.</span> <span class='ocrx_word' id='word_1_630' title='bbox 3009 3980 3076 4031; x_wconf 87' lang='lat' dir='ltr'>Et</span> <span class='ocrx_word' id='word_1_631' title='bbox 3122 3981 3318 4032; x_wconf 89' lang='lat' dir='ltr'>tamen</span> <span class='ocrx_word' id='word_1_632' title='bbox 3366 3976 3681 4050; x_wconf 86' lang='lat' dir='ltr'>Georgium</span> 
     </span>
    </p>
   </div>
   <div class='ocr_carea' id='block_1_102' title="bbox 2025 4065 3683 4138">
    <p class='ocr_par' dir='ltr' id='par_1_102' title="bbox 2025 4065 3683 4138">
     <span class='ocr_line' id='line_1_102' title="bbox 2025 4065 3683 4138; baseline -0.001 -15"><span class='ocrx_word' id='word_1_633' title='bbox 2025 4067 2373 4123; x_wconf 90' lang='lat' dir='ltr'>illiberalem</span> <span class='ocrx_word' id='word_1_634' title='bbox 2433 4072 2489 4121; x_wconf 91' lang='lat' dir='ltr'>et</span> <span class='ocrx_word' id='word_1_635' title='bbox 2545 4065 2934 4128; x_wconf 78' lang='lat' dir='ltr'>ineruditum,</span> <span class='ocrx_word' id='word_1_636' title='bbox 2992 4065 3317 4138; x_wconf 69' lang='lat' dir='ltr'>praesertim</span> <span class='ocrx_word' id='word_1_637' title='bbox 3372 4066 3432 4121; x_wconf 89' lang='lat' dir='ltr'>in</span> <span class='ocrx_word' id='word_1_638' title='bbox 3506 4066 3683 4123; x_wconf 89' lang='lat' dir='ltr'>rebus</span> 
     </span>
    </p>
   </div>
   <div class='ocr_carea' id='block_1_103' title="bbox 2025 4153 3682 4227">
    <p class='ocr_par' dir='ltr' id='par_1_103' title="bbox 2025 4153 3682 4227">
     <span class='ocr_line' id='line_1_103' title="bbox 2025 4153 3682 4227; baseline 0 -14"><span class='ocrx_word' id='word_1_639' title='bbox 2025 4154 2656 4223; x_wconf 84' lang='lat' dir='ltr'>ecclestasticis,fuisse</span> <span class='ocrx_word' id='word_1_640' title='bbox 2687 4154 2932 4211; x_wconf 86' lang='lat' dir='ltr'>tradunt</span> <span class='ocrx_word' id='word_1_641' title='bbox 2960 4153 3318 4211; x_wconf 85' lang='lat' dir='ltr'>Athanasius</span> <span class='ocrx_word' id='word_1_642' title='bbox 3349 4154 3563 4227; x_wconf 80' lang='lat' dir='ltr'>aliique</span> <span class='ocrx_word' id='word_1_643' title='bbox 3576 4160 3682 4213; x_wconf 88' lang='lat' dir='ltr'>Pa-</span> 
     </span>
    </p>
   </div>
   <div class='ocr_carea' id='block_1_104' title="bbox 2025 4249 2167 4302">
    <p class='ocr_par' dir='ltr' id='par_1_104' title="bbox 2025 4249 2167 4302">
     <span class='ocr_line' id='line_1_104' title="bbox 2025 4249 2167 4302; baseline -0.007 -1"><span class='ocrx_word' id='word_1_644' title='bbox 2025 4249 2167 4302; x_wconf 88' lang='lat' dir='ltr'>tres.</span> 
     </span>
    </p>
   </div>
   <div class='ocr_carea' id='block_1_105' title="bbox 2097 4332 3688 4405">
    <p class='ocr_par' dir='ltr' id='par_1_105' title="bbox 2097 4332 3688 4405">
     <span class='ocr_line' id='line_1_105' title="bbox 2097 4332 3688 4405; baseline 0.001 -15"><span class='ocrx_word' id='word_1_645' title='bbox 2097 4336 2150 4390; x_wconf 85' lang='lat'>6.</span> <span class='ocrx_word' id='word_1_646' title='bbox 2202 4334 2539 4391; x_wconf 77' lang='lat' dir='ltr'>Athanasius</span> <span class='ocrx_word' id='word_1_647' title='bbox 2593 4332 2994 4389; x_wconf 72' lang='lat' dir='ltr'>Alexandriam</span> <span class='ocrx_word' id='word_1_648' title='bbox 3039 4333 3368 4405; x_wconf 83' lang='lat' dir='ltr'>regreditur.</span> <span class='ocrx_word' id='word_1_649' title='bbox 3426 4365 3497 4375; x_wconf 89' lang='lat'>—</span> <span class='ocrx_word' id='word_1_650' title='bbox 3548 4338 3688 4391; x_wconf 89' lang='lat' dir='ltr'>Post</span> 
     </span>
    </p>
   </div>
   <div class='ocr_carea' id='block_1_106' title="bbox 2028 4422 3686 4498">
    <p class='ocr_par' dir='ltr' id='par_1_106' title="bbox 2028 4422 3686 4498">
     <span class='ocr_line' id='line_1_106' title="bbox 2028 4422 3686 4498; baseline -0.001 -18"><span class='ocrx_word' id='word_1_651' title='bbox 2028 4424 2391 4498; x_wconf 87' lang='lat' dir='ltr'>publicatum</span> <span class='ocrx_word' id='word_1_652' title='bbox 2410 4422 2632 4478; x_wconf 86' lang='lat' dir='ltr'>Juliani</span> <span class='ocrx_word' id='word_1_653' title='bbox 2655 4422 3057 4495; x_wconf 89' lang='lat' dir='ltr'>edictum,quo</span> <span class='ocrx_word' id='word_1_654' title='bbox 3070 4422 3377 4480; x_wconf 89' lang='lat' dir='ltr'>exsulibus</span> <span class='ocrx_word' id='word_1_655' title='bbox 3400 4423 3686 4480; x_wconf 85' lang='lat' dir='ltr'>redeundi</span> 
     </span>
    </p>
   </div>
   <div class='ocr_carea' id='block_1_107' title="bbox 2028 4511 3685 4588">
    <p class='ocr_par' dir='ltr' id='par_1_107' title="bbox 2028 4511 3685 4588">
     <span class='ocr_line' id='line_1_107' title="bbox 2028 4511 3685 4588; baseline -0.002 -17"><span class='ocrx_word' id='word_1_656' title='bbox 2028 4518 2287 4588; x_wconf 89' lang='lat' dir='ltr'>potestas</span> <span class='ocrx_word' id='word_1_657' title='bbox 2318 4511 3263 4579; x_wconf 85' lang='lat' dir='ltr'>erat,AthanasiusAlexandriam</span> <span class='ocrx_word' id='word_1_658' title='bbox 3294 4529 3564 4569; x_wconf 88' lang='lat' dir='ltr'>reversus</span> <span class='ocrx_word' id='word_1_659' title='bbox 3581 4512 3685 4585; x_wconf 89' lang='lat' dir='ltr'>(d),</span> 
     </span>
    </p>
   </div>
   <div class='ocr_carea' id='block_1_108' title="bbox 1949 4600 3689 4677">
    <p class='ocr_par' dir='ltr' id='par_1_108' title="bbox 1949 4600 3689 4677">
     <span class='ocr_line' id='line_1_108' title="bbox 1949 4600 3689 4677; baseline -0.001 -18"><span class='ocrx_word' id='word_1_660' title='bbox 1949 4602 1996 4667; x_wconf 92' lang='lat' dir='ltr'><strong>D</strong></span> <span class='ocrx_word' id='word_1_661' title='bbox 2027 4601 2252 4677; x_wconf 88' lang='lat' dir='ltr'>ingenti</span> <span class='ocrx_word' id='word_1_662' title='bbox 2285 4603 2355 4659; x_wconf 91' lang='lat' dir='ltr'>de</span> <span class='ocrx_word' id='word_1_663' title='bbox 2379 4618 2540 4658; x_wconf 86' lang='lat' dir='ltr'>more</span> <span class='ocrx_word' id='word_1_664' title='bbox 2576 4600 2760 4673; x_wconf 88' lang='lat' dir='ltr'>plebis</span> <span class='ocrx_word' id='word_1_665' title='bbox 2788 4601 3098 4658; x_wconf 63' lang='lat' dir='ltr'>Catholica</span> <span class='ocrx_word' id='word_1_666' title='bbox 3138 4602 3354 4674; x_wconf 86' lang='lat' dir='ltr'>gaudio</span> <span class='ocrx_word' id='word_1_667' title='bbox 3412 4606 3689 4674; x_wconf 86' lang='lat' dir='ltr'>exceptus</span> 
     </span>
    </p>
   </div>
   <div class='ocr_carea' id='block_1_109' title="bbox 2031 4690 3693 4763">
    <p class='ocr_par' dir='ltr' id='par_1_109' title="bbox 2031 4690 3693 4763">
     <span class='ocr_line' id='line_1_109' title="bbox 2031 4690 3693 4763; baseline -0.001 -14"><span class='ocrx_word' id='word_1_668' title='bbox 2031 4698 2139 4750; x_wconf 87' lang='lat' dir='ltr'>est.</span> <span class='ocrx_word' id='word_1_669' title='bbox 2164 4696 2229 4747; x_wconf 88' lang='lat' dir='ltr'>In</span> <span class='ocrx_word' id='word_1_670' title='bbox 2269 4690 2427 4746; x_wconf 91' lang='lat' dir='ltr'>hunc</span> <span class='ocrx_word' id='word_1_671' title='bbox 2488 4690 2743 4747; x_wconf 91' lang='lat' dir='ltr'>reditum</span> <span class='ocrx_word' id='word_1_672' title='bbox 2804 4690 3122 4763; x_wconf 90' lang='lat' dir='ltr'>Gregorius</span> <span class='ocrx_word' id='word_1_673' title='bbox 3171 4690 3574 4747; x_wconf 88' lang='lat' dir='ltr'>Nazianzenus</span> <span class='ocrx_word' id='word_1_674' title='bbox 3622 4706 3693 4747; x_wconf 89' lang='lat' dir='ltr'>ea</span> 
     </span>
    </p>
   </div>
   <div class='ocr_carea' id='block_1_110' title="bbox 2030 4779 3688 4853">
    <p class='ocr_par' dir='ltr' id='par_1_110' title="bbox 2030 4779 3688 4853">
     <span class='ocr_line' id='line_1_110' title="bbox 2030 4779 3688 4853; baseline -0.001 -14"><span class='ocrx_word' id='word_1_675' title='bbox 2030 4782 2230 4839; x_wconf 89' lang='lat' dir='ltr'>omnia</span> <span class='ocrx_word' id='word_1_676' title='bbox 2257 4781 2505 4850; x_wconf 81' lang='lat' dir='ltr'>confert,</span> <span class='ocrx_word' id='word_1_677' title='bbox 2537 4796 2666 4853; x_wconf 80' lang='lat' dir='ltr'>quae</span> <span class='ocrx_word' id='word_1_678' title='bbox 2687 4780 2809 4851; x_wconf 89' lang='lat' dir='ltr'>jam</span> <span class='ocrx_word' id='word_1_679' title='bbox 2845 4779 3120 4852; x_wconf 89' lang='lat' dir='ltr'>superius</span> <span class='ocrx_word' id='word_1_680' title='bbox 3152 4783 3688 4837; x_wconf 90' lang='lat' dir='ltr'>commonstratum</span> 
     </span>
    </p>
   </div>
   <div class='ocr_carea' id='block_1_111' title="bbox 2032 4869 3691 4941">
    <p class='ocr_par' dir='ltr' id='par_1_111' title="bbox 2032 4869 3691 4941">
     <span class='ocr_line' id='line_1_111' title="bbox 2032 4869 3691 4941; baseline -0.001 -12"><span class='ocrx_word' id='word_1_681' title='bbox 2032 4876 2123 4929; x_wconf 91' lang='lat' dir='ltr'>est</span> <span class='ocrx_word' id='word_1_682' title='bbox 2145 4872 2217 4926; x_wconf 89' lang='lat' dir='ltr'>ad</span> <span class='ocrx_word' id='word_1_683' title='bbox 2251 4869 2503 4927; x_wconf 90' lang='lat' dir='ltr'>reditum</span> <span class='ocrx_word' id='word_1_684' title='bbox 2536 4869 2673 4924; x_wconf 87' lang='lat' dir='ltr'>anni</span> <span class='ocrx_word' id='word_1_685' title='bbox 2732 4869 2838 4925; x_wconf 82' lang='grc'>349</span> <span class='ocrx_word' id='word_1_686' title='bbox 2896 4870 3204 4941; x_wconf 90' lang='lat' dir='ltr'>pertinere.</span> <span class='ocrx_word' id='word_1_687' title='bbox 3255 4869 3691 4927; x_wconf 89' lang='lat' dir='ltr'>Alexandrinus</span> 
     </span>
    </p>
   </div>
   <div class='ocr_carea' id='block_1_112' title="bbox 2033 4958 3696 5031">
    <p class='ocr_par' dir='ltr' id='par_1_112' title="bbox 2033 4958 3696 5031">
     <span class='ocr_line' id='line_1_112' title="bbox 2033 4958 3696 5031; baseline -0.001 -15"><span class='ocrx_word' id='word_1_688' title='bbox 2033 4964 2231 5017; x_wconf 91' lang='lat' dir='ltr'>autem</span> <span class='ocrx_word' id='word_1_689' title='bbox 2263 4960 2538 5031; x_wconf 89' lang='lat' dir='ltr'>populus,</span> <span class='ocrx_word' id='word_1_690' title='bbox 2571 4958 2805 5015; x_wconf 89' lang='lat' dir='ltr'>Arianis</span> <span class='ocrx_word' id='word_1_691' title='bbox 2834 4958 3060 5030; x_wconf 87' lang='lat' dir='ltr'>ejectis,</span> <span class='ocrx_word' id='word_1_692' title='bbox 3090 4958 3369 5015; x_wconf 88' lang='lat' dir='ltr'>ecclesias</span> <span class='ocrx_word' id='word_1_693' title='bbox 3400 4958 3696 5016; x_wconf 90' lang='lat' dir='ltr'>conventi-</span> 
     </span>
    </p>
   </div>
   <div class='ocr_carea' id='block_1_113' title="bbox 2033 5048 3691 5121">
    <p class='ocr_par' dir='ltr' id='par_1_113' title="bbox 2033 5048 3691 5121">
     <span class='ocr_line' id='line_1_113' title="bbox 2033 5048 3691 5121; baseline 0.001 -16"><span class='ocrx_word' id='word_1_694' title='bbox 2033 5050 2145 5105; x_wconf 91' lang='lat' dir='ltr'>bus</span> <span class='ocrx_word' id='word_1_695' title='bbox 2176 5048 2588 5105; x_wconf 84' lang='lat' dir='ltr'>ecclesiasticis</span> <span class='ocrx_word' id='word_1_696' title='bbox 2616 5048 3102 5121; x_wconf 85' lang='lat' dir='ltr'>frequentendas:</span> <span class='ocrx_word' id='word_1_697' title='bbox 3137 5048 3320 5105; x_wconf 87' lang='lat' dir='ltr'>tradit</span> <span class='ocrx_word' id='word_1_698' title='bbox 3346 5048 3691 5107; x_wconf 87' lang='lat' dir='ltr'>Athanasio.</span> 
     </span>
    </p>
   </div>
   <div class='ocr_carea' id='block_1_114' title="bbox 2034 5136 3693 5211">
    <p class='ocr_par' dir='ltr' id='par_1_114' title="bbox 2034 5136 3693 5211">
     <span class='ocr_line' id='line_1_114' title="bbox 2034 5136 3693 5211; baseline 0.001 -18"><span class='ocrx_word' id='word_1_699' title='bbox 2034 5139 2195 5194; x_wconf 87' lang='lat' dir='ltr'>Pulsi</span> <span class='ocrx_word' id='word_1_700' title='bbox 2221 5155 2393 5211; x_wconf 91' lang='lat' dir='ltr'>porro</span> <span class='ocrx_word' id='word_1_701' title='bbox 2422 5137 2624 5193; x_wconf 90' lang='lat' dir='ltr'>Ariani</span> <span class='ocrx_word' id='word_1_702' title='bbox 2653 5138 2726 5194; x_wconf 89' lang='lat' dir='ltr'>ab</span> <span class='ocrx_word' id='word_1_703' title='bbox 2756 5136 3201 5202; x_wconf 89' lang='lat' dir='ltr'>ecclesiis,clam</span> <span class='ocrx_word' id='word_1_704' title='bbox 3234 5137 3600 5211; x_wconf 87' lang='lat' dir='ltr'>privatisque</span> <span class='ocrx_word' id='word_1_705' title='bbox 3632 5138 3693 5195; x_wconf 87' lang='lat' dir='ltr'>in</span> 
     </span>
    </p>
   </div>
   <div class='ocr_carea' id='block_1_115' title="bbox 2037 5226 3775 5303">
    <p class='ocr_par' dir='ltr' id='par_1_115' title="bbox 2037 5226 3775 5303">
     <span class='ocr_line' id='line_1_115' title="bbox 2037 5226 3775 5303; baseline 0 -19"><span class='ocrx_word' id='word_1_706' title='bbox 2037 5229 2259 5284; x_wconf 71' lang='lat' dir='ltr'>aedibus</span> <span class='ocrx_word' id='word_1_707' title='bbox 2280 5226 2552 5283; x_wconf 87' lang='lat' dir='ltr'>collectas</span> <span class='ocrx_word' id='word_1_708' title='bbox 2582 5229 2855 5299; x_wconf 87' lang='lat' dir='ltr'>agebant.</span> <span class='ocrx_word' id='word_1_709' title='bbox 2890 5226 2953 5283; x_wconf 90' lang='lat' dir='ltr'>In</span> <span class='ocrx_word' id='word_1_710' title='bbox 2985 5226 3246 5283; x_wconf 79' lang='lat' dir='ltr'>defuncti</span> <span class='ocrx_word' id='word_1_711' title='bbox 3266 5243 3405 5283; x_wconf 91' lang='lat' dir='ltr'>vero</span> <span class='ocrx_word' id='word_1_712' title='bbox 3462 5226 3693 5303; x_wconf 88' lang='lat' dir='ltr'>Georgii</span> <span class='ocrx_word' id='word_1_713' title='bbox 3754 5288 3775 5301; x_wconf 46' lang='grc'>,</span> 
     </span>
    </p>
   </div>
   <div class='ocr_carea' id='block_1_116' title="bbox 2034 5315 3695 5375">
    <p class='ocr_par' dir='ltr' id='par_1_116' title="bbox 2034 5315 3695 5375">
     <span class='ocr_line' id='line_1_116' title="bbox 2034 5315 3695 5375; baseline 0.001 -2"><span class='ocrx_word' id='word_1_714' title='bbox 2034 5317 2232 5374; x_wconf 90' lang='lat' dir='ltr'>locum</span> <span class='ocrx_word' id='word_1_715' title='bbox 2254 5316 2502 5373; x_wconf 86' lang='lat' dir='ltr'>Arianos</span> <span class='ocrx_word' id='word_1_716' title='bbox 2530 5316 2773 5372; x_wconf 90' lang='lat' dir='ltr'>Lucium</span> <span class='ocrx_word' id='word_1_717' title='bbox 2807 5333 2926 5373; x_wconf 72' lang='lat' dir='ltr'>suis</span> <span class='ocrx_word' id='word_1_718' title='bbox 2957 5315 3227 5372; x_wconf 86' lang='lat' dir='ltr'>factionis</span> <span class='ocrx_word' id='word_1_719' title='bbox 3256 5315 3557 5373; x_wconf 90' lang='lat' dir='ltr'>hominem</span> <span class='ocrx_word' id='word_1_720' title='bbox 3599 5333 3695 5375; x_wconf 88' lang='lat' dir='ltr'>co-</span> 
     </span>
    </p>
   </div>
   <div class='ocr_carea' id='block_1_117' title="bbox 1565 5406 3699 5480">
    <p class='ocr_par' dir='ltr' id='par_1_117' title="bbox 1565 5406 3699 5480">
     <span class='ocr_line' id='line_1_117' title="bbox 1565 5406 3699 5480; baseline 0.001 -19"><span class='ocrx_word' id='word_1_721' title='bbox 1565 5406 1666 5463; x_wconf 86' lang='lat' dir='ltr'>llic</span> <span class='ocrx_word' id='word_1_722' title='bbox 1736 5409 1928 5466; x_wconf 85' lang='lat' dir='ltr'>exitus</span> <span class='ocrx_word' id='word_1_723' title='bbox 2037 5412 2271 5480; x_wconf 87' lang='lat' dir='ltr'>optasse</span> <span class='ocrx_word' id='word_1_724' title='bbox 2296 5411 2494 5463; x_wconf 88' lang='lat' dir='ltr'>narrat</span> <span class='ocrx_word' id='word_1_725' title='bbox 2520 5407 2809 5464; x_wconf 89' lang='lat' dir='ltr'>Socrates.</span> <span class='ocrx_word' id='word_1_726' title='bbox 2841 5406 3061 5463; x_wconf 90' lang='lat' dir='ltr'>Verum</span> <span class='ocrx_word' id='word_1_727' title='bbox 3084 5406 3403 5464; x_wconf 87' lang='lat' dir='ltr'>reclamare</span> <span class='ocrx_word' id='word_1_728' title='bbox 3422 5406 3699 5466; x_wconf 82' lang='lat' dir='ltr'>videntur</span> 
     </span>
    </p>
   </div>
   <div class='ocr_carea' id='block_1_118' title="bbox 2110 5565 3463 5712">
    <p class='ocr_par' dir='ltr' id='par_1_118' title="bbox 2110 5565 3463 5712">
     <span class='ocr_line' id='line_1_118' title="bbox 2110 5565 3463 5712; baseline -0.001 -88"><span class='ocrx_word' id='word_1_729' title='bbox 2110 5569 2181 5712; x_wconf 51' lang='lat' dir='ltr'>Ec)</span> <span class='ocrx_word' id='word_1_730' title='bbox 2212 5567 2437 5624; x_wconf 85' lang='lat' dir='ltr'>Socrat.</span> <span class='ocrx_word' id='word_1_731' title='bbox 2470 5566 2575 5649; x_wconf 80' lang='lat' dir='ltr'>lib.</span> <span class='ocrx_word' id='word_1_732' title='bbox 2606 5583 2693 5635; x_wconf 87' lang='grc' dir='ltr'>ιιι,</span> <span class='ocrx_word' id='word_1_733' title='bbox 2728 5583 2858 5639; x_wconf 89' lang='lat' dir='ltr'>cap.</span> <span class='ocrx_word' id='word_1_734' title='bbox 2891 5567 2963 5636; x_wconf 91' lang='lat'>3;</span> <span class='ocrx_word' id='word_1_735' title='bbox 2994 5565 3144 5639; x_wconf 86' lang='lat' dir='ltr'>Jul.,</span> <span class='ocrx_word' id='word_1_736' title='bbox 3173 5567 3347 5641; x_wconf 87' lang='lat' dir='ltr'>epist.</span> <span class='ocrx_word' id='word_1_737' title='bbox 3373 5567 3463 5624; x_wconf 87' lang='grc'>10.</span> 
     </span>
     <span class='ocr_line' id='line_1_119' title="bbox 2132 5637 2935 5712; baseline -0.002 -17"><span class='ocrx_word' id='word_1_738' title='bbox 2132 5639 2188 5712; x_wconf 89' lang='lat' dir='ltr'>d)</span> <span class='ocrx_word' id='word_1_739' title='bbox 2216 5639 2441 5696; x_wconf 88' lang='lat' dir='ltr'>Socrat.</span> <span class='ocrx_word' id='word_1_740' title='bbox 2472 5637 2575 5695; x_wconf 78' lang='lat' dir='ltr'>lib.</span> <span class='ocrx_word' id='word_1_741' title='bbox 2610 5654 2696 5709; x_wconf 86' lang='grc' dir='ltr'>ιιι,</span> <span class='ocrx_word' id='word_1_742' title='bbox 2718 5655 2847 5712; x_wconf 84' lang='lat' dir='ltr'>sap.</span> <span class='ocrx_word' id='word_1_743' title='bbox 2878 5639 2935 5695; x_wconf 75' lang='grc'>4.</span> 
     </span>
    </p>
   </div>
   <div class='ocr_carea' id='block_1_119' title="bbox 2132 5637 2935 5713">
    <p class='ocr_par' dir='ltr' id='par_1_119' title="bbox 2132 5637 2935 5713">
     <span class='ocr_line' id='line_1_120' title="bbox 2132 5637 2935 5713; baseline -0.002 -18"><span class='ocrx_word' id='word_1_744' title='bbox 2132 5637 2188 5712; x_wconf 87' lang='lat' dir='ltr'>d)</span> <span class='ocrx_word' id='word_1_745' title='bbox 2216 5639 2441 5696; x_wconf 88' lang='lat' dir='ltr'>Socrat.</span> <span class='ocrx_word' id='word_1_746' title='bbox 2472 5637 2575 5695; x_wconf 88' lang='lat' dir='ltr'>lib.</span> <span class='ocrx_word' id='word_1_747' title='bbox 2610 5654 2696 5709; x_wconf 86' lang='grc' dir='ltr'>ιιι,</span> <span class='ocrx_word' id='word_1_748' title='bbox 2718 5637 2847 5713; x_wconf 78' lang='lat' dir='ltr'>sap.</span> <span class='ocrx_word' id='word_1_749' title='bbox 2878 5639 2935 5695; x_wconf 75' lang='grc'>4.</span> 
     </span>
    </p>
   </div>
  </div>
