4166 6390
1745 434 1931 497 VITA
1973 434 2040 495 S.
2083 435 2541 497 ATHANASII.

3691 454 3846 505 CXLV

434 570 577 635 acta,
610 568 857 625 Joviano
890 569 1171 643 principe,
1206 568 1380 624 edita.
1412 567 1536 623 Non
1570 566 1785 623 dicitur
1807 568 1964 623 enim
2015 583 2081 624 eo
2114 568 2169 634 Α
2200 584 2449 639 quorum
2486 566 2681 623 mitior
2710 568 3022 639 sententia,
3054 586 3114 625 re
3179 572 3509 627 accuratius
3567 589 3845 647 expensa,

430 653 536 711 loci
568 658 815 716 Arianes
866 660 1205 732 episcopum
1237 658 1344 713 sibi
1402 657 1647 712 Lucium
1707 658 2083 713 constituisse

428 745 529 800 sed
562 749 921 805 constituere
937 748 1213 804 voluisse.
1248 748 1319 802 Et
1338 747 1587 802 fortasse
1613 763 1743 802 cum
1769 746 1826 801 in
1852 746 2083 819 Georgii

426 836 623 891 sedem
658 837 905 893 Lucium
940 839 1257 909 subrogare
1284 836 1518 902 vellent,
1553 836 1786 891 coerciti
1820 854 1853 891 a
1882 836 2086 891 Catho-

424 922 555 981 lieis
577 926 1315 1000 fuerant,quorumingens
1336 931 1461 980 erat
1511 925 1869 981 Alexandriae
1931 924 2085 979 mul-

426 1013 640 1071 titude.
1680 1022 1686 1026 '

502 1104 556 1160 7.
584 1126 612 1155 «
642 1106 829 1162 Simul
865 1110 1040 1177 atque
1071 1106 1142 1161 ad
1176 1103 1491 1159 Eeelesiam
1524 1103 1785 1175 pervenit
1832 1103 2088 1158 Athana-

436 1192 581 1260 sius,
607 1194 801 1267 inquit
834 1196 981 1250 infra
1013 1194 1328 1265 Gregorius
1358 1191 1778 1262 Nazianzenus,
1814 1196 1976 1245 tanta
2004 1189 2089 1245 1e-

440 1282 619 1339 nitate
648 1290 823 1355 atque
854 1284 1221 1339 humanitate
1246 1300 1339 1338 res
1370 1298 1573 1337 eorum
1607 1298 1641 1335 a
1671 1280 1890 1352 quibus
1915 1280 2090 1334 Iasus

438 1371 649 1428 fuisset
670 1373 1121 1441 administravit,
1156 1377 1221 1427 ut
1251 1389 1321 1427 ne
1348 1372 1421 1427 iis
1443 1370 1680 1443 quidem
1704 1370 1851 1441 ipsis
1868 1370 2093 1425 reditus

441 1462 572 1531 ejus
604 1463 891 1519 molestus
917 1463 1108 1518 fuerit.
1131 1464 1208 1517 Ac
1236 1460 1519 1533 templum
1536 1459 1772 1530 quidem
1792 1458 2094 1530 sacrilegis

438 1552 959 1618 nundinateribus,
995 1552 1091 1623 qui
1113 1550 1343 1607 Christo
1368 1550 1438 1605 ad
1460 1554 1751 1621 quaestum
1777 1548 2096 1603 abuteban-

435 1643 553 1708 tur,
577 1645 855 1713 repurgat
892 1658 996 1713 per
1026 1640 1159 1695 inde
1210 1645 1384 1711 atque
1444 1639 1570 1710 ipse
1635 1637 1945 1703 Christus;
1979 1636 2093 1691 nisi

439 1730 594 1801 quod
628 1747 745 1785 non
778 1735 931 1785 texto
954 1729 1202 1802 ﬂagello,
1228 1730 1327 1783 sed
1359 1726 1721 1799 argumentis
1754 1727 1826 1781 ad
1858 1743 2096 1798 persua-

445 1820 702 1875 dendum
737 1820 1194 1875 accommodatis
1227 1819 1282 1874 id
1316 1818 1673 1873 efficit.Tum
1698 1816 1923 1887 eos,qui
1948 1816 2100 1869 inter

444 1926 506 1964 se
534 1914 590 1965 et
643 1926 780 1964 cum
846 1909 975 1982 ipse
1036 1907 1367 1964 simultates
1415 1907 1713 1979 gerebant,
1736 1905 1797 1960 in
1830 1909 2098 1959 mutuam

444 1999 814 2054 concordiam
839 1998 1100 2053 reducit:
1134 2002 1190 2052 et
1221 1997 1456 2067 quidem
1490 1997 1589 2062 ita,
1624 2000 1689 2049 ut
1717 1993 1938 2049 nullius
1998 2010 2098 2064 pa-

445 2087 758 2143 eiﬁcateris
789 2104 968 2158 Opera
998 2088 1068 2142 ad
1093 2104 1219 2141 eam
1245 2103 1367 2140 rem
1390 2103 1539 2156 opus
1560 2084 1818 2138 haberet.
1849 2084 1932 2137 Ad
1956 2082 2098 2147 hac,

444 2176 666 2246 injuria
696 2176 933 2232 affectos
955 2175 1262 2249 tyrannide
1282 2174 1513 2239 liberat,
1546 2172 1708 2227 nullo
1736 2172 1925 2244 posite
1951 2172 2103 2227 inter

447 2270 763 2321 sectatores
793 2282 933 2320 suos
966 2271 1021 2321 et
1052 2265 1274 2320 alienos
1334 2263 1697 2318 discrimine.
1759 2261 2100 2332 Prolapsam

446 2354 695 2425 insuper
726 2354 855 2409 fidei
896 2354 1226 2409 doctrinam
1285 2352 1495 2425 erigit:
1560 2368 1626 2406 ac
1668 2350 1844 2405 libere
1894 2366 2101 2404 rursus

450 2441 712 2498 Trinitas
746 2443 1105 2513 pradicatur,
1168 2458 1346 2513 super
1405 2438 1827 2495 candelabrum
1888 2439 2099 2510 posita,

451 2530 875 2603 splendideque
903 2532 1079 2587 unius
1112 2530 1436 2585 divinitatis
1467 2528 1691 2583 lumine
1723 2529 1951 2583 animas
1977 2544 2102 2583 em-

449 2636 554 2676 nes
586 2618 955 2676 collustrans.
991 2620 1170 2691 Leges
1190 2620 1363 2675 etiam
1402 2636 1608 2673 rursus
1640 2617 1765 2673 orbi
1814 2622 2102 2672 terrarum

449 2708 792 2781 praescribit,
826 2714 1001 2781 atque
1031 2708 1296 2764 omnium
1337 2712 1564 2763 mentes
1597 2707 1668 2762 ad
1701 2723 1762 2761 se
1783 2705 2101 2774 convertit;

453 2797 583 2854 aliis
614 2797 897 2871 epistolas
922 2798 1183 2862 mittens,
1236 2796 1383 2852 alios
1434 2812 1758 2859 accersens,
1793 2794 2109 2850 nonnullos

453 2887 628 2944 etiam
658 2886 812 2942 ultro
845 2888 1186 2943 accedentes
1218 2886 1511 2953 erudiens,
1538 2884 1931 2955 omnibusque
1962 2882 2105 2938 libe-

465 2993 590 3032 ram
620 2976 977 3031 voluntatem
1015 2993 1117 3047 pro
1148 2975 1276 3047 lege
1308 2991 1662 3047 proponens,
1694 2990 1871 3045 quam
1923 2972 2105 3028 solam

462 3068 528 3119 ut
556 3064 671 3119 iter
689 3065 760 3119 ad
793 3064 977 3119 Deum
1010 3068 1167 3119 recta
1198 3063 1566 3129 instituatur,
1600 3063 1746 3118 satis
1777 3079 1904 3118 esse
1936 3066 2108 3134 puta-

457 3155 576 3209 bat.
614 3175 642 3203 »
670 3154 795 3209 Hac
825 3153 1246 3208 Nazianzenus.

525 3245 580 3297 8.
613 3243 1003 3298 Alexandrina
1031 3241 1286 3314 synodus.
1318 3272 1387 3281 —-
1416 3242 1613 3313 Neque
1644 3241 1725 3295 ita
1744 3239 1928 3295 multo
1976 3243 2109 3312 post

2196 656 2415 728 placuit
2447 656 2733 728 utlapsis,
2768 657 2815 712 si
2850 658 3085 729 quidem
3118 660 3331 715 erroris
3367 665 3468 716 aut
3522 662 3844 735 impietatis

2196 746 2527 817 cujuspiam
2558 747 2809 801 artifices
2840 753 3228 815 auctoresque
3250 750 3693 819 fuissent,venia
3724 754 3849 825 qui-

2194 836 2327 890 dem
2356 836 2700 905 rogantibus
2732 839 3168 901 cencederetur,
3203 840 3303 893 sed
3326 840 3399 894 ab
3421 840 3629 897 officiis
3650 843 3849 898 detur-

2198 925 2338 990 bati,
2376 925 2526 979 inter
2556 924 2736 979 laicos
2784 932 3294 996 computarentur,
3354 929 3444 983 sin
3500 930 3848 987 necessitate

2198 1013 2389 1068 solum
2422 1030 2487 1067 ac
2514 1014 2566 1067 vi
2601 1013 2764 1068 illata
2784 1031 2850 1068 eo
2873 1016 3103 1070 deducti
3128 1022 3344 1087 essent,
3372 1023 3596 1085 ut,eum
3626 1019 3850 1076 haereti-

2199 1102 2283 1157 cis
2316 1102 2785 1157 communionem
2818 1108 2873 1158 et
2906 1104 3238 1159 societatem
3272 1105 3639 1176 simularent,
3673 1115 3729 1165 et
3749 1126 3848 1165 ve-

2200 1191 2358 1246 niam
2392 1196 2447 1246 et
2478 1191 2548 1246 de
2578 1191 2804 1263 integre
2835 1194 3031 1248 sedem
3064 1211 3192 1249 esse
3214 1196 3644 1253 concedendam
3673 1216 3687 1266 ;
3714 1215 3849 1254 cum

2202 1281 2577 1353 potissimum
2610 1281 2648 1334 ii
2684 1298 2797 1336 non
2832 1282 3148 1337 absurdam
3183 1300 3422 1339 causam
3455 1288 3511 1340 et
3532 1288 3850 1344 excusatie-

2202 1386 2334 1425 nem
2370 1370 2680 1426 afferrent:
2714 1387 2774 1425 se
2803 1370 3080 1426 nimirum
3128 1374 3449 1428 oeconomia
3507 1377 3760 1445 quadam
3794 1382 3853 1433 et

2203 1459 2383 1530 probe
2417 1459 2661 1514 consilio
2695 1460 2752 1514 id
2788 1460 3147 1531 prastitisse,
3205 1478 3310 1516 nec
3370 1463 3427 1517 in
3483 1463 3843 1535 impietatem

2203 1548 2399 1620 lapses
2430 1565 2579 1614 esse,
2613 1549 2713 1603 sed
2746 1548 3026 1604 maluisse
3048 1548 3416 1621 aliquantum
3440 1552 3493 1606 vi
3518 1552 3688 1607 illata
3710 1571 3848 1610 cen-

2205 1638 2428 1701 cedere,
2461 1654 2640 1709 quam
2664 1643 2728 1693 ut
2750 1639 2821 1692 ab
2843 1637 3213 1709 impiissimis
3238 1639 3577 1696 hominibus
3599 1644 3851 1699 Catholi-

2206 1744 2284 1782 ca
2316 1726 2500 1797 plebis
2524 1728 2838 1798 perniciem
2865 1727 3341 1783 machinantibus
3364 1737 3674 1802 occupatas
3694 1734 3856 1789 vide-

2206 1821 2336 1870 rent
2365 1815 2660 1871 ecclesias.
2697 1816 2775 1871 Ea
2806 1821 3001 1871 tamen
3034 1816 3159 1888 lege
3193 1824 3365 1888 atque
3390 1820 3723 1876 conditione
3753 1823 3855 1878 ad-

2210 1904 2523 1959 mittendos
2551 1909 2923 1970 censuerunt,
2953 1910 3016 1959 ut
3036 1907 3308 1961 Arianam
3331 1907 3597 1965 haresim
3616 1911 3858 1968 damna-

2210 1999 2356 2057 rent,
2385 1993 2671 2049 Nicanam
2708 1994 2879 2048 {idem
2913 1994 3441 2066 amplecterentur;
3505 1999 3861 2057 damnarent

2207 2083 2348 2138 item
2374 2099 2471 2137 eos
2492 2084 2589 2153 qui
2615 2083 2873 2138 dicerent
2896 2084 3179 2155 Spiritum
3213 2091 3477 2141 sanctum
3522 2105 3651 2143 esse
3700 2106 3859 2146 crea-

2210 2177 2357 2239 tum,
2394 2188 2615 2227 necnon
2667 2178 2903 2227 cateras
2963 2172 3235 2239 haereses,
3270 2176 3506 2232 Sabellii
3563 2178 3852 2249 videlicet,

2210 2261 2369 2317 Pauli
2398 2262 2785 2328 Samosateni,
2809 2262 3126 2332 Valentini,
3153 2264 3425 2320 Basilidis
3447 2272 3502 2321 et
3533 2269 3857 2342 Manichai,

2211 2367 2278 2405 ac
2308 2349 2655 2405 nominatim
2684 2350 2881 2404 Euzoii
2914 2355 2970 2406 et
3001 2352 3559 2409 Eudexiillaterum
3583 2355 3859 2413 tabellam

2212 2440 2639 2503 Sardicensem,
2674 2438 2833 2493 illam
2868 2440 2925 2494 in
2959 2440 3292 2496 Sardicensi
3321 2444 3544 2514 synodo
3603 2445 3860 2502 oblatam

2213 2534 2269 2583 et
2302 2526 2659 2599 propositam
2695 2528 2789 2595 (de
2821 2545 2936 2599 qua
2970 2529 3038 2583 ad
3073 2547 3296 2584 annum
3327 2532 3453 2603 347)
3502 2534 3861 2607 proscripse-

2211 2622 2351 2672 runt
2380 2616 2752 2671 Alexandrini
2784 2618 3001 2685 Patres,
3036 2620 3173 2689 quia
3199 2637 3314 2675 non
3338 2622 3527 2677 fuerat
3555 2623 3614 2679 in
3638 2627 3862 2697 synodo

2213 2707 2490 2762 admissa.

2287 2796 2371 2849 10.
2410 2801 2487 2850 De
2517 2796 2915 2867 hypostasibus.
2948 2827 3016 2837 -—-
3049 2799 3259 2853 Actum
3294 2805 3571 2871 praeterea
3627 2803 3698 2858 de
3754 2804 3862 2877 hy-

2214 2884 2569 2955 pestasibus,
2605 2902 2749 2956 quas
2774 2887 2899 2955 jam
2933 2892 3228 2957 caperant
3257 2890 3523 2945 nonnulli
3547 2891 3606 2945 in
3635 2898 3865 2951 centro-

2211 2974 2464 3029 versiam
2496 2990 2717 3029 vocare.
2744 2976 2919 3030 Erant
2942 2977 3224 3033 nimirum
3250 2979 3352 3049 qui
3377 2984 3494 3036 tres
3518 2981 3865 3054 hypestases

2214 3063 2273 3117 in
2305 3062 2585 3117 Trinitate
2615 3080 2742 3118 esse
2774 3064 3055 3133 dicerent,
3085 3065 3215 3122 aliis
3247 3085 3423 3123 unam
3448 3086 3575 3126 esse
3597 3088 3865 3143 pugnan-

2213 3152 2393 3207 tibus.
2419 3152 2498 3206 Re
2529 3157 2723 3207 autem
2755 3154 2999 3224 quaesita
3029 3158 3087 3209 et
3109 3155 3446 3225 deliberata,
3472 3161 3865 3233 expensisque

2215 3240 2584 3312 singulorum
2618 3241 2944 3309 sententiis,
2982 3246 3367 3315 utrorumque
3384 3246 3558 3302 fidem
3583 3265 3789 3304 sanam
3806 3256 3866 3307 et

456 3332 709 3388 reditum
731 3329 1086 3387 Athanasius
1109 3331 1397 3399 synodum
1431 3328 1793 3384 Alexandria
1851 3327 2105 3383 eelebra-
2138 3321 2180 3387 C
2218 3330 2601 3385 orthodoxam
2624 3346 2751 3383 esse
2777 3329 3206 3401 deprehensum
3240 3338 3347 3387 est.
3382 3334 3527 3390 Nam
3585 3338 3686 3408 qui
3741 3343 3862 3395 tres

455 3422 536 3477 vit
565 3421 665 3493 (a),
702 3421 772 3475 ad
796 3437 974 3491 quam
1006 3418 1277 3475 convenit
1336 3418 1623 3474 Eusebius
1680 3416 2103 3485 Vercellensis;

454 3511 555 3583 qui
587 3526 719 3565 cum
751 3509 1014 3565 Lucifero
1045 3507 1103 3563 in
1142 3508 1439 3563 Thebaide
1498 3507 1684 3574 exsul,
1737 3505 2107 3579 premulgato

450 3599 773 3656 Juliani-de
802 3597 1110 3671 pulsorum
1170 3597 1536 3653 revecatione
1587 3596 1797 3661 edicto,
1856 3595 2107 3650 Alexan-

452 3689 645 3745 driam
686 3693 927 3759 rogante
958 3686 1274 3742 Athanasio
1308 3685 1617 3741 concessit.
1648 3689 1908 3757 Rogatus
1967 3685 2107 3739 item

456 3778 690 3835 Lucifer
719 3776 928 3832 maluit
957 3775 1350 3845 Antiochiam,
1377 3775 1448 3830 ad
1474 3776 1602 3845 ejus
1625 3773 1889 3830 Ecclesia
1908 3774 2110 3829 factio-

460 3885 605 3925 num
636 3866 906 3938 partibus
935 3864 1257 3921 laborantis
1288 3864 1521 3935 negotia
1544 3865 1969 3935 componenda,
2003 3863 2113 3920 iter

461 3958 696 4014 habere.
732 3955 999 4011 Interfuit
1031 3953 1203 4009 etiam
1239 3952 1641 4009 Alexandrina
1674 3954 1895 4025 synodo
1948 3959 2113 4011 Aste-

461 4047 589 4102 rius
620 4049 924 4100 Petrarum
959 4042 1312 4113 Arabia,qui
1344 4041 1485 4097 olim
1516 4042 1765 4097 Sardica
1790 4043 1860 4098 ab
1881 4043 2112 4101 Arianis

463 4137 535 4192 ad
568 4133 897 4191 Cathelicos
929 4132 1352 4187 desciverat.Ex
1381 4132 1623 4203 {Egypto
1655 4136 1848 4187 autem
1905 4150 2111 4203 quam-

460 4224 701 4298 plurimi
734 4222 991 4295 episcopi
1026 4222 1097 4276 ad
1132 4221 1422 4294 synodum
1457 4236 1796 4288 convenere,
1859 4239 2111 4294 quorum

462 4312 880 4387 septemdecim
914 4315 1140 4367 tantum
1176 4310 1418 4366 nemina
1446 4309 1507 4364 in
1568 4310 1831 4382 synodali
1864 4312 2113 4384 epistola

459 4405 819 4476 comparent,
847 4402 1027 4457 ferme
1058 4416 1263 4456 omnes
1315 4400 1386 4455 ab
1442 4400 1676 4455 Arianis
1730 4405 1899 4457 antea
1932 4402 2109 4474 pulsi,

457 4492 750 4564 variisque
776 4488 1211 4545 calamitatibus
1269 4487 1489 4542 afﬂicti.
1539 4488 1617 4543 Eo
1669 4489 1809 4544 item
1869 4506 2111 4546 conces-

456 4587 663 4638 serunt
718 4579 948 4635 diaconi
997 4578 1114 4633 duo
1174 4594 1208 4631 a
1263 4576 1528 4632 Lucifero
1613 4576 1811 4650 legati,
1897 4580 2107 4635 Heren-

453 4670 595 4727 nius
646 4674 702 4725 et
730 4671 1064 4741 Agapetus:
1098 4684 1133 4722 a
1188 4666 1432 4721 Paulino
1490 4670 1688 4722 autem
1719 4667 2104 4740 Antiochene,

447 4760 738 4816 Maximus
785 4762 841 4818 et
893 4757 1234 4813 Calemerus
1291 4756 1432 4813 item
1519 4755 1768 4811 diaconi.
1846 4758 2107 4814 Aderant

449 4849 625 4906 etiam
660 4848 904 4920 quidam
962 4845 1236 4902 monachi
1280 4846 1352 4901 ab
1403 4844 1770 4918 Apellinarie
1829 4846 2104 4920 episcopo

450 4938 641 4995 missi.

519 5028 575 5083 9.
597 5028 730 5082 Acta
755 5026 959 5098 synodi
987 5026 1055 5081 de
1091 5025 1282 5097 lapsis.
1320 5055 1388 5064 —-
1417 5026 1626 5080 Actum
1659 5030 1747 5081 est
1777 5043 1845 5081 ea
1868 5026 1925 5081 in
1941 5043 2104 5098 syno-

454 5117 527 5172 de
553 5117 625 5172 de
650 5115 719 5171 iis
740 5116 1118 5187 quitempere
1144 5114 1467 5170 vexationis
1488 5115 1544 5168 in
1579 5114 1847 5170 haresim
1906 5118 2105 5171 essent

453 5205 682 5278 delapsi
709 5204 806 5276 (ὁ).
841 5204 1092 5275 Eratque
1122 5202 1540 5258 nonnullorum
1573 5203 1883 5275 sententia,
1943 5205 2101 5274 ejus-

449 5294 605 5351 modi
640 5293 913 5349 homines
941 5294 989 5348 si
1022 5291 1278 5364 episcepi
1311 5295 1509 5347 essent
1539 5296 1640 5346 aut
1663 5290 1875 5361 clerici,
1910 5292 2101 5348 ofﬁcio

449 5398 874 5454 sacrorumque
904 5381 1064 5437 aditu
1095 5380 1526 5437 interdicendes
1548 5381 1796 5452 atquein
1816 5380 2100 5438 laicerum

448 5472 845 5530 conditionem
876 5470 1255 5541 dejiciendes.
1315 5472 1388 5525 At
1444 5470 1665 5526 caeteris
1725 5470 2098 5543 praesulibus,

446 5704 848 5854 “gaugecrat.
883 5703 987 5763 lib.
1030 5721 1117 5775 in,
1149 5718 1277 5777 cap.
1311 5702 1425 5759 5st
1466 5702 1539 5772 7,
1603 5701 1835 5761 Sozem.
1903 5702 2007 5763 lib.
2039 5722 2095 5775 v,

2216 3417 2850 3490 hypestasesdieerent,
2886 3435 2946 3474 se
2978 3419 3059 3474 ita
3090 3422 3347 3492 profiteri
3395 3424 3648 3493 aiebant,
3705 3429 3861 3499 quod

2216 3507 2561 3561 Trinitatem
2597 3523 2711 3561 non
2738 3507 2973 3562 nomine
3003 3512 3177 3565 tenus
3209 3512 3635 3580 crederent,sed
3670 3516 3869 3589 singu-

2218 3597 2305 3651 las
2330 3612 2769 3667 persenaswcre
2808 3595 3120 3653 existentes
3179 3604 3235 3653 et
3287 3601 3721 3672 subsistentes;
3786 3606 3871 3663 ita

2217 3689 2413 3740 tamen
2449 3684 2708 3740 admissa
2739 3686 3133 3756 distinctione,
3182 3694 3245 3744 ut
3296 3707 3484 3761 neque
3528 3698 3647 3749 tres
3704 3696 3866 3769 deos,

2222 3791 2410 3845 neque
2439 3774 2680 3829 totidem
2712 3774 3000 3847 principia
3028 3777 3241 3832 vellent
3270 3780 3595 3853 pradicari,
3630 3785 3730 3840 sed
3784 3786 3871 3840 Fi-

2221 3861 2363 3917 lium
2398 3863 2552 3918 Patri
2577 3864 3575 3941 eensubstantialem,Spiritumque
3591 3878 3862 3931 sanctum

2225 3969 2338 4006 non
2364 3956 2615 4007 creatam
2646 3969 2790 4019 rem,
2822 3954 2919 4008 sed
2956 3972 2990 4009 a
3022 3956 3355 4012 substantia
3395 3960 3583 4015 Patris
3622 3967 3679 4017 et
3738 3963 3868 4019 Filii

2222 4041 2561 4096 indivisum.
2596 4041 2701 4106 Qui
2736 4046 2930 4098 autem
2964 4060 3140 4098 unam
3158 4044 3498 4117 hypestasin
3522 4065 3651 4105 esse
3672 4051 3869 4107 defen-

2224 4130 2459 4194 debant,
2495 4147 2608 4184 non
2641 4147 2705 4185 ea
2738 4136 2931 4186 mente
2954 4132 3034 4187 ita
3067 4134 3552 4207 enuntiabant,ut
3583 4142 3865 4210 quemad-

2222 4220 2461 4274 modum
2490 4218 2802 4285 Sabellius,
2828 4220 3036 4275 Filium
3072 4238 3137 4276 ac
3162 4224 3444 4294 Spiritum
3474 4234 3745 4283 sanetum
3796 4230 3869 4286 de

2222 4308 2415 4364 medie
2444 4307 2732 4375 tollerent,
2767 4310 2866 4365 sed
2897 4310 3035 4381 quia
3070 4311 3473 4370 existimarent
3527 4315 3680 4372 idem
3740 4334 3871 4377 esse

2222 4397 2563 4469 hypostasin
2592 4403 2766 4467 atque
2787 4394 2969 4449 οὐσίἀν
3030 4400 3151 4455 sive
3209 4403 3628 4475 substantiam,
3688 4422 3866 4478 quam

2221 4503 2400 4542 unam
2456 4486 2842 4557 eamdemque
2912 4487 2970 4541 in
3048 4489 3233 4559 Patre,
3294 4490 3437 4546 Filio
3522 4509 3589 4548 ac
3646 4494 3866 4566 Spiritu

2219 4579 2419 4632 saneto
2450 4591 2578 4630 esse
2607 4576 3077 4646 propugnabant.
3115 4578 3194 4632 Re
3225 4578 3309 4633 sic
3340 4580 3618 4652 utrinque
3674 4583 3867 4655 expla-

2138 4692 2185 4755 Β
2220 4666 2376 4734 nata,
2400 4663 2665 4719 eamdem
2689 4664 2953 4719 omnium
2977 4666 3329 4723 sententiam
3352 4685 3479 4725 esse
3501 4670 3864 4742 exploratum

2216 4751 2345 4806 fuit.
2382 4756 2569 4823 Atque
2603 4770 2716 4808 uno
2747 4754 3014 4809 omnium
3045 4772 3163 4823 ore,
3199 4774 3314 4813 uno
3374 4775 3687 4826 consensu,
3746 4760 3866 4817 ha-

2216 4840 2376 4896 retici
2408 4858 2613 4897 omnes
2641 4842 2970 4914 proscripti,
3003 4843 3235 4900 Nieana
3277 4845 3442 4917 fides,
3502 4852 3568 4903 ut
3597 4850 3863 4906 omnium

2214 4930 2721 5002 praestantissima,
2756 4931 3017 4988 admissa
3038 4938 3144 4989 est.
3181 4934 3259 4989 Ea
3291 4952 3460 5007 porro
3488 4936 3547 4991 in
3591 4938 3860 5010 disputa-

2212 5018 2369 5075 tione
2400 5021 3302 5089 etcentreversia,Orientalium
3353 5025 3638 5094 Asterius,
3700 5027 3859 5082 Occi-

2214 5108 2538 5164 dentalium
2578 5110 2863 5165 Eusebius
2894 5111 3278 5168 Vereellensis
3309 5130 3549 5170 causam
3581 5120 3639 5171 et
3668 5120 3864 5189 partes

2213 5204 2478 5270 egerunt.

2285 5289 2369 5343 11.
2396 5293 2475 5343 De
2504 5288 2856 5358 Apotlonarz‘i
2902 5292 3193 5347 sententia.
3230 5321 3299 5333 —
3327 5292 3581 5349 Ventum
3642 5296 3853 5353 deinde

2212 5382 2300 5433 est
2330 5378 2401 5432 ad
2432 5377 2775 5450 Apollinarii
2808 5379 3134 5434 doctrinam
3176 5383 3637 5453 expendendam.
3696 5385 3850 5442 Tum

2212 5467 2483 5523 monachi
2507 5468 2578 5523 ab
2606 5485 2671 5524 eo
2697 5468 2873 5542 legati
2894 5470 3151 5526 doctoris
3172 5471 3262 5527 sui
3286 5472 3644 5544 opinionem,
3660 5475 3855 5532 occul-

2277 5701 2353 5780 (ρ)
2378 5702 2587 5758 Athan.
2619 5707 2762 5761 tem.
2795 5702 2865 5759 ad
2910 5701 3266 5762 Antiochenes
3313 5710 3370 5763 et
3409 5707 3579 5780 Epist.
3627 5706 3698 5764 ad
3747 5706 3860 5766 Ru-

2205 5775 2504 5850 ﬁnianum.
