4166 6404
302 436 480 489 CXLVI

1706 420 2320 487 PROLEGOMENA.

290 560 376 613 tat
427 559 655 615 \tamen
676 557 964 617 haereseos
992 574 1233 628 veneno,
1291 562 1677 630 aperuerunt:
1740 574 1952 630 nempe
1980 558 2037 624 Α
2065 557 2475 622 Athanasius,..
2508 556 2795 621 Eusebius,
2850 557 3116 627 Asterius,
3179 560 3287 612 etc.
3337 555 3510 612 Hisce
3563 554 3717 611 litte-

299 661 419 702 non
454 662 574 720 qua
604 647 831 704 ratione
858 648 917 704 in
936 648 1248 720 prophetas
1269 647 1502 704 advenit
1538 647 1794 703 Verbum
1845 651 1952 702 Do-

300 735 471 807 mini,
503 737 705 794 eadem
740 738 799 792 in
831 743 1102 794 sanctum
1135 736 1453 805 hominem,
1506 736 1729 793 scilicet
1786 736 1951 791 Chri-

298 828 459 880 stum
494 866 507 892 ,
540 826 771 883 venisse
804 844 817 895 ;
855 827 952 882 sed
988 828 1182 899 ipsum
1216 828 1473 882 Verbum
1524 842 1761 882 carnem
1820 842 1949 881 esse

298 913 540 981 factum,
574 919 631 970 et
658 930 793 970 cum
823 914 883 970 in
918 915 1105 970 forma
1135 915 1233 971 Dei
1264 921 1438 982 esset,
1491 916 1738 971 formam
1798 914 1949 970 servi

294 1002 609 1074 accepisse,
642 1020 826 1076 exque
858 1004 1042 1060 Maria
1071 1003 1293 1077 virgine
1322 1005 1647 1061 secundum
1706 1020 1945 1059 carnem

293 1107 399 1162 pro
430 1091 600 1148 nobis
656 1091 956 1149 hominem
1013 1110 1142 1149 esse
1196 1095 1438 1149 factum.
1516 1093 1947 1149 Profitebantur

288 1179 455 1248 item,
482 1198 598 1237 non
619 1198 834 1254 corpus
863 1183 1257 1239 inanimatum
1291 1188 1392 1239 aut
1447 1200 1657 1239 sensus
1715 1199 1941 1254 expers,

287 1271 392 1324 aut
421 1275 614 1325 mente
644 1286 852 1327 carens
881 1271 1179 1327 Christum
1212 1271 1510 1327 habuisse.
1544 1272 1741 1343 Neque
1784 1271 1942 1327 enim

286 1356 541 1426 aiebant,
578 1359 858 1430 possibile
889 1369 1032 1427 eral;
1059 1361 1310 1417 Domino
1331 1360 1513 1417 nostri
1540 1360 1728 1433 gratia
1748 1360 1940 1415 homi-

285 1461 359 1502 ne
381 1446 557 1514 facto,
588 1464 802 1520 corpus
823 1449 950 1520 ejus
982 1449 1109 1505 sine
1156 1459 1350 1505 mente
1405 1451 1651 1505 existere
1689 1466 1702 1503 :
1753 1448 1941 1520 siqui-

282 1535 418 1591 dem
451 1553 567 1592 non
599 1537 858 1609 corporis
889 1537 1192 1607 duntaxat,
1225 1540 1326 1594 sed
1360 1539 1565 1593 animae
1599 1554 1833 1609 quoque
1864 1537 1943 1597 .in

282 1624 413 1696 ipso
435 1624 623 1681 Verbo
645 1625 807 1682 salus
829 1627 983 1682 facta
1012 1632 1118 1683 est.
1154 1632 1284 1683 Haec
1314 1626 1538 1683 scilicet
1563 1625 1647 1681 illi
1690 1627 1939 1698 jubente

282 1712 668 1786 Apollinario,
703 1715 803 1786 qui
827 1716 1127 1772 Athanasii
1202 1718 1448 1789 gratiam
1502 1720 1558 1772 et
1614 1715 1934 1771 amicitiam

282 1802 612 1870 affectabat,
646 1804 891 1875 professi
920 1809 1077 1860 sunt.
1111 1804 1326 1861 Verum
1357 1805 1517 1861 vafre
1549 1821 1615 1859 ac
1664 1804 1932 1860 subdole.

280 1890 481 1962 Neque
509 1891 667 1947 enim
698 1908 767 1947 ea
793 1909 1075 1965 germana
1096 1898 1221 1950 erat
1246 1893 1584 1966 Apollinarii
1624 1893 1930 1949 sententia.

281 1980 346 2033 In
369 1979 616 2051 epistola
635 1981 793 2037 enim
820 1998 929 2037 sua
948 1982 1020 2037 ad
1044 1982 1244 2039 Patres
1264 1982 1735 2038 Diocaesariensis
1760 1998 1933 2053 syno-

280 2067 823 2142 di,caeteraquidem
847 2076 967 2127 uta
1010 2071 1314 2127 monachis
1356 2070 1715 2127 Alexandria:
1757 2070 1936 2128 allata

302 2160 512 2213 nerant
539 2159 864 2230 profitetur,
910 2160 1113 2232 adjicit
1169 2165 1365 2216 tamen
1416 2159 1612 2232 ipsum
1672 2160 1931 2216 Verbum

311 2263 515 2303 arnem
549 2263 678 2303 esse
706 2248 949 2315 factum,
983 2267 1096 2305 non
1111 2253 1625 2321 assumptamente
1648 2249 1931 2313 humana,

278 2340 472 2392 mente
494 2336 920 2409 mutabili,quae
937 2340 1210 2411 turpibus
1231 2338 1682 2411 cogitationibus
1707 2339 1934 2410 captiva

278 2424 535 2492 ducitur,
569 2426 671 2481 sed
698 2425 894 2481 divina
924 2432 1122 2483 mente
1161 2427 1522 2482 immutabili
1574 2432 1635 2483 et
1687 2427 1929 2482 ccelesti.

290 2512 349 2568 in
382 2514 603 2587 synodo
637 2515 817 2586 igitur
845 2515 1239 2572 Alexandrina
1258 2516 1601 2589 Apollinarii
1640 2515 1927 2587 doctrina,

279 2608 347 2659 ut
376 2620 410 2658 a
440 2603 747 2659 monachis
776 2606 1039 2677 exposita
1068 2610 1175 2672 est,
1210 2610 1409 2678 utpote
1439 2604 1756 2676 Catholica,
1821 2605 1928 2661 ad-

276 2692 462 2748 missa
491 2691 620 2748 fuit.
654 2693 725 2747 Et
753 2710 886 2749 vero
934 2692 1070 2750 licet
1127 2694 1487 2750 Athanasius
1538 2694 1692 2749 haud
1748 2692 1930 2749 semel

275 2784 482 2853 postea
510 2781 572 2836 in
609 2780 1162 2854 Apollinaristarum
1222 2799 1449 2839 errores
1504 2783 1771 2838 invectus
1829 2782 1927 2850 sit,

277 2886 585 2942 nunquam
618 2874 817 2926 tamen
848 2870 1272 2943 Apollinarium
1316 2871 1511 2944 ipsum
1574 2870 1921 2927 nominatim

275 2963 365 3014 est
395 2959 670 3015 adortus:
701 2959 981 3029 quoniam
1011 2959 1301 3027 videlicet,
1334 2964 1400 3015 ut
1430 2960 1668 3031 quidem
1729 2960 1928 3031 opina-

276 3063 431 3118 mur,
456 3048 599 3103 dum
626 3048 764 3104 vixit
810 3048 1189 3118 Athanasius,
1246 3048 1642 3121 Apollinarius
1702 3048 1926 3105 occulte

274 3153 540 3209 serpens,
573 3153 797 3193 errores
854 3139 1168 3211 spargebat
1226 3139 1462 3211 quidem
1522 3143 1807 3211 quantum
1867 3140 1926 3194 in

274 3227 405 3298 ipso
435 3226 618 3283 situm
652 3226 781 3293 fuit,
810 3228 964 3299 apud
995 3228 1385 3284 Athanasium
1413 3232 1611 3284 autem
1676 3228 1929 3284 Catholi-

274 3333 353 3373 cae
383 3320 440 3372 et
489 3315 727 3372 sincerae
777 3316 911 3372 fidei
966 3318 1231 3373 studium
1294 3317 1743 3373 emcntiebatur.
1795 3316 1971 3383 QuoC

275 3405 574 3474 defuncto,
608 3404 801 3477 palam
859 3407 1195 3479 apertisque
1252 3405 1444 3461 verbis
1495 3405 1552 3461 in
1613 3405 1741 3477 ipsa
1794 3405 1921 3462 Dio-

274 3493 606 3551 cesariensi
634 3494 855 3567 synodo
878 3493 1039 3550 virus
1096 3496 1381 3551 haareseos
1436 3512 1534 3550 ore
1563 3495 1745 3567 impio
1799 3511 1925 3551 evo-

277 3582 448 3638 muit.

349 3673 437 3727 12.
468 3673 543 3727 De
567 3671 731 3727 rebus
763 3671 1127 3728 Antiochenis.
1156 3704 1224 3713 —
1254 3672 1335 3728 De
1381 3672 1557 3728 rebus
1616 3671 1755 3728 item
1807 3675 1925 3728 An-

276 3758 559 3815 tiochenie
580 3758 845 3815 Ecclesiae
872 3760 1292 3833 componendis
1309 3764 1503 3816 actum
1563 3760 1922 3816 Alexandria:

274 3847 405 3904 fuit.
428 3849 489 3903 In
512 3864 580 3904 ea
600 3848 817 3920 quippe
847 3848 1080 3905 civitate
1097 3849 1361 3905 tantavis
1411 3849 1641 3905 dissidii
1689 3854 1744 3905 et
1782 3866 1922 3905 con-

274 3935 553 3993 tentionis
585 3936 941 4003 obtinuerat,
976 3941 1040 3991 ut
1072 3954 1185 3992 non
1217 3938 1289 3993 ab
1322 3937 1556 3994 Arianis
1589 3939 1763 3994 modo
1822 3938 1921 3994 sed

281 4026 435 4082 inter
464 4043 592 4082 sese
620 4025 899 4081 Catholici
958 4026 1240 4097 disjuncti
1279 4032 1495 4094 essent,
1557 4043 1661 4083 nec
1718 4032 1926 4083 mutua

278 4114 717 4171 communionis
770 4116 1044 4170 societate
1102 4116 1472 4183 fruerentur;
1506 4116 1636 4171 aliis
1693 4116 1923 4173 Meletio

274 4203 527 4278 praesule
555 4202 861 4260 ecclesiam
890 4204 948 4259 in
978 4204 1158 4260 veteri
1184 4206 1326 4260 urbe
1356 4204 1551 4273 sitam,
1585 4205 1716 4261 aliis
1772 4210 1921 4261 Pau-

274 4292 395 4349 lino
421 4292 756 4366 presbytero
787 4297 1011 4349 rectore
1042 4292 1218 4349 aliam
1252 4293 1311 4348 in
1345 4294 1489 4350 urbe
1545 4312 1693 4350 nova
1747 4311 1919 4351 occu-

274 4381 1033 4455 pantibus.0ptatissimum
1060 4382 1488 4453 Patrihuserat,
1525 4387 1718 4439 utnon
1751 4385 1921 4440 modo

273 4468 704 4525 Catholicorum
727 4469 838 4525 illas
861 4470 1146 4526 factiones
1172 4470 1231 4526 in
1257 4487 1444 4526 unum
1468 4472 1921 4540 coirent,verum

272 4559 449 4615 etiam
479 4559 531 4615 si
559 4559 661 4630 qui
691 4576 760 4615 ex
788 4559 1026 4615 Arianis
1057 4560 1128 4615 ad
1160 4576 1356 4616 veram
1418 4561 1592 4617 fidem
1648 4562 1921 4618 accedere

270 4646 581 4727 vellent,iis
604 4648 793 4704 facilis
809 4653 1034 4721 pateret
1054 4649 1418 4721 aditus,dum
1449 4650 1727 4706 Arianam
1787 4668 1920 4724 pro-

273 4736 615 4807 scriberent,
639 4737 931 4793 Nicaznam
954 4738 1427 4810 amplexarentur
1458 4740 1656 4796 fidem.
1708 4742 1924 4807 Quam-

273 4826 475 4881 obrem
504 4827 653 4883 duos
682 4843 751 4882 ex
780 4827 1090 4900 episcopis,
1134 4827 1234 4899 qui
1265 4827 1670 4883 Alexandrinae
1703 4830 1925 4901 synodo

273 4915 613 4983 intererant,
638 4932 772 4971 cum
794 4920 953 4971 tomo
974 4933 1072 4972 seu
1094 4916 1362 4989 synodali
1386 4917 1634 4987 epistola
1654 4916 1927 4990 legerunt

272 5004 664 5071 Antiochiam,
698 5005 798 5073 qui
828 5022 1031 5076 pacem
1064 5004 1218 5061 inter
1245 5006 1609 5063 dissedentes
1656 5006 1926 5063 concilia-

273 5093 981 5165 rent.Quodqueinsolens
1003 5098 1060 5148 et
1087 5095 1332 5150 fortasse
1357 5094 1641 5150 hactenus
1690 5095 1925 5151 inaudi-

272 5186 423 5249 tum,
455 5200 571 5238 non
604 5183 676 5238 ad
698 5200 797 5239 eos
828 5187 1086 5246 tantum.
1119 5184 1219 5255 qui
1250 5188 1380 5238 tum
1411 5185 1684 5239 absentes
1718 5184 1920 5240 Antio-

272 5269 413 5324 chiae
442 5271 1102 5343 versabantur,epistola
1134 5275 1592 5344 nuncupataest,
1624 5273 1723 5328 sed
1748 5274 1924 5329 etiam

272 5357 346 5415 ad
371 5359 1088 5433 eosquideferrent,atque
1111 5360 1267 5417 inter
1307 5361 1607 5417 mittentes
1640 5362 1925 5419 adnume-

272 5448 691 5517 rarentnr,ha3c
704 5450 1187 5519 formazEusebio,
1218 5451 1495 5524 Lucifero,
1532 5452 1771 5525 Asteria,
1804 5457 1915 5510 etc.

340 5698 422 5861 illi
449 5699 679 5836 illiilli:
703 5700 947 5853 ῗὶἓξίῗέ,
987 5772 1157 5853 cap.9
1177 5787 1195 5850 δ
1252 5775 1484 5840 Sozam.
1531 5774 1637 5838 lib.
1694 5793 1750 5852 v,
1792 5793 1925 5859 cap.

1968 1943 2016 2007 B

2065 647 2147 702 ris
2176 646 2548 703 Alexandrini
2584 645 2769 701 Patris
2804 645 2962 717 pacis
2993 644 3394 701 concilliandte
3451 649 3720 702 auctores

2061 740 2248 790 erant.
2287 735 2590 807 Rogabant
2647 738 2710 789 ut
2766 733 3014 790 liberum
3078 734 3429 807 facilemque
3489 733 3719 790 aditum

2061 826 2386 895 praeberent
2417 824 2490 879 iis
2516 825 2614 896 qui
2650 840 2847 880 secum
2880 824 3159 897 conjungi
3193 841 3258 879 ac
3279 823 3719 880 communicare

2058 918 2361 985 cuperent,
2392 914 2533 968 dum
2581 913 2860 968 Arianam
2920 914 3273 968 damnarent
3329 912 3713 984 impietatem,

2059 1002 2431 1074 maximeque
2471 1002 2737 1057 omnium
2769 1001 2867 1069 iis,
2901 1002 2999 1074 qui
3040 1002 3098 1056 in
3156 1002 3336 1057 veteri
3392 1007 3717 1057 conventus

2056 1096 2317 1162 agerent,
2344 1090 2566 1146 scilicet
2618 1091 2964 1147 Meletianis.
3025 1092 3246 1147 Exinde
3296 1108 3430 1147 vero
3469 1108 3559 1146 res
3586 1107 3621 1145 a
3650 1107 3713 1146 se

2057 1180 2121 1235 In
2151 1181 2373 1251 synodo
2405 1187 2601 1252 gestas
2624 1186 2925 1248 enarrant,
2955 1198 3071 1253 quo
3099 1181 3281 1236 ferme
3337 1181 3541 1236 ordine
3602 1197 3711 1237 nos

2056 1268 2494 1325 recensuimus.
2530 1270 2674 1325 Huic
2694 1269 2958 1342 epistolae
2987 1270 3387 1343 subscripsere
3420 1269 3706 1341 praesules

2054 1358 2991 1431 omnesAlexandrini,eornmque
3010 1358 3475 1431 subscriptiones
3495 1358 3703 1414 etiam-

2052 1464 2194 1502 num
2228 1452 2475 1503 exstant.
2508 1449 2601 1503 Ait
2634 1466 2805 1520 porro
2852 1453 3116 1505 Socrates
3177 1448 3254 1520 (α)
3312 1448 3703 1503 Athanasium

2052 1537 2205 1608 quod
2240 1537 2387 1608 fugae
2434 1554 2499 1593 ac
2526 1555 2796 1593 secessus
2826 1554 3005 1593 causa
3036 1536 3415 1593 insimulatus
3475 1537 3701 1607 fuisset,

2051 1624 2379 1698 apologiam
2413 1626 2484 1681 de
2516 1627 2653 1699 fuga
2683 1643 2791 1681 sua
2820 1626 2879 1682 in
2912 1626 3137 1699 synodo
3165 1625 3399 1698 legisse.

2126 1715 2212 1771 13.
2248 1717 2471 1786 Luci/er
2521 1715 2757 1770 Paulini
2804 1718 3147 1787 promotione
3201 1732 3289 1771 res
3344 1716 3708 1771 Antiochenas

2049 1803 2364 1875 labefactat.
2401 1836 2467 1847 —
2493 1810 2637 1860 Cum
2667 1805 3007 1877 hujusmodi
3034 1805 3247 1861 litteris
3291 1806 3532 1877 profecti
3593 1805 3706 1860 Eu-

2047 1891 2245 1948 sebius
2276 1899 2333 1948 et
2366 1894 2651 1958 Asterius,
2687 1911 2780 1949 res
2812 1892 3208 1950 Antiochenas
3251 1893 3705 1965 deprehendunt

2047 1987 2403 2053 prmpostera
2454 1983 2707 2039 Luciferi
2781 1983 3153 2039 festinatione
3226 1982 3543 2038 labefactas
3619 1983 3697 2055 (b)

2046 2073 2101 2125 is
2131 2071 2288 2126 enim
2320 2070 2634 2127 Paulinum
2668 2071 3097 2127 Antiochenum
3148 2071 3549 2128 Eustathianis
3606 2088 3697 2128 ro-

2043 2160 2320 2231 gantibus
2350 2162 2652 2217 ordinarat
2680 2162 3042 2234 episcopum.
3079 2161 3317 2217 Factum
3345 2161 3698 2234 improbavit

2042 2249 2333 2305 Eusebius
2359 2249 2770 2315 Vercellensis,
2803 2255 2861 2305 et
2886 2249 3074 2306 caeteri
3107 2250 3326 2322 quibus
3359 2266 3470 2321 pax
3502 2249 3699 2307 Eccle-

2044 2337 2267 2393 siarum
2308 2338 2488 2394 cordi.
2515 2338 2640 2402 Qua
2671 2338 2828 2394 enim
2858 2338 2915 2393 in
2950 2339 3093 2394 urbe
3115 2340 3241 2411 jam
3276 2339 3391 2394 duo
3437 2338 3697 2412 episcopi

2041 2430 2227 2493 erant,
2262 2444 2513 2498 quorum
2574 2426 2721 2483 alter
2778 2427 3107 2493 haereticus,
3167 2426 3500 2484 Catholicus
3550 2427 3697 2484 alter

2041 2520 2214 2582 esset,
2248 2516 2307 2571 in
2335 2517 2540 2572 cadem
2573 2532 2787 2571 novum
2822 2533 2894 2571 ex
2922 2516 3234 2572 Catholicis
3265 2515 3692 2590 deligere,quid

2041 2604 2098 2659 id
2121 2608 2245 2661 erat
2266 2605 2446 2671 aliud,
2481 2623 2659 2677 quam
2692 2604 2892 2661 aeterni
2924 2620 3103 2677 prope
3124 2604 3355 2661 dissidii
3386 2610 3691 2662 auctorem

2040 2709 2167 2749 esse
2186 2693 2213 2747 ‘?
2233 2695 2299 2749 Et
2323 2711 2463 2750 sane
2488 2694 2688 2749 multis
2711 2699 2843 2766 post
2855 2693 3025 2750 annis
3040 2694 3690 2763 discordiahujusmodi

2039 2784 2441 2855 perseveravit.
2507 2789 2583 2839 At
2639 2785 2924 2839 obdurato
2985 2783 3216 2838 Lucifer
3276 2783 3689 2855 obstinatoqne

2038 2869 2257 2936 animo,
2292 2871 2366 2925 iis
2397 2871 2640 2942 insuper
2669 2871 2769 2942 qui
2798 2870 2941 2941 lapsi
2959 2870 3209 2926 fuissent
3229 2872 3300 2926 ad
3320 2873 3687 2929 communio-

2038 2976 2172 3015 nem
2207 2960 2473 3015 Ecclesia:
2503 2959 2728 3015 aditum
2762 2960 3033 3032 negabat.
3070 2959 3204 3023 Quae
3238 2976 3420 3015 causa
3463 2961 3573 3016 fuit
3624 2966 3688 3018 ut

2037 3048 2097 3102 in
2130 3047 2445 3119 proborum
2470 3045 2807 3119 praesulnm,
2840 3046 2939 3117 qui
2965 3045 3181 3101 leniore
3214 3062 3279 3102 ac
3301 3047 3686 3104 moderatiore

2035 3141 2202 3192 erant
2227 3136 2734 3207 monte,offensam
2759 3135 3296 3207 incurreret.Atque
3327 3134 3467 3191 hinc
3489 3140 3683 3191 ortum

2035 3225 2296 3282 schisma
2321 3224 2902 3281 Luciferianum.Nec
2925 3225 3486 3296 praetermittendum
3548 3226 3682 3281 Phi-

2033 3315 2229 3370 lonem
2262 3315 2602 3387 episcopum
2635 3318 2969 3386 Egyptum,
3002 3315 3097 3383 qui
3133 3314 3204 3369 ab
3252 3314 3487 3370 Arianis
3535 3331 3684 3371 verte

2037 3404 2170 3460 fidei
2201 3421 2381 3459 causa
2412 3403 2766 3476 Babylonem
2801 3403 2858 3457 in
2892 3403 3136 3475 {Egypto
3159 3402 3453 3475 relegatus
3476 3404 3684 3475 fuerat,

2037 3492 2286 3548 Luciferi
2308 3492 2762 3548 sentententiam
2786 3492 2846 3546 in
2862 3491 3206 3564 deneganda
3227 3491 3412 3564 lapsis
3428 3509 3691 3549 commn-

2034 3584 2207 3638 nione
2239 3587 2531 3649 secutum,
2576 3582 2647 3637 ad
2703 3580 3166 3637 Alexandrinum
3219 3583 3514 3654 synodum
3573 3599 3689 3640 non

2035 3671 2397 3737 convenisse,
2431 3669 2587 3742 quod
2614 3670 2870 3737 Patrum,
2907 3673 2968 3724 ut
3000 3675 3261 3742 putatur,
3295 3686 3434 3743 erga
3491 3670 3690 3744 lapsos

2033 3760 2354 3826 lenitatem,
2382 3775 2560 3832 quam
2597 3759 2858 3815 futuram
2883 3758 3687 3832 prospiclebat,improbaret.

2036 3852 2169 3915 Quae
2202 3850 2340 3905 item
2373 3866 2553 3904 causa
2584 3848 2767 3905 fuisse
2795 3848 3047 3918 videtur,
3080 3849 3235 3921 quod
3289 3850 3538 3917 Lucifer,
3596 3866 3689 3905 ro-

2034 3944 2210 4012 gante
2238 3938 2374 3994 licet
2405 3938 2654 3993 Eusebio
2686 3937 2874 3993 exsilii
2906 3938 3085 4007 socio,
3119 3937 3532 3994 Alexandriam
3577 3938 3690 3995 iter

2035 4028 2250 4083 habere
2278 4027 2550 4084 noluerit.

2108 4118 2193 4171 14.
2226 4116 2563 4173 Athanasius
2576 4121 2791 4189 partem
2805 4115 3182 4188 reliquiarum
3216 4117 3393 4172 sancti
3455 4117 3688 4173 Joannis

2032 4207 2296 4277 Baptistae
2325 4207 2541 4278 recipit.
2566 4236 2636 4247 ——
2666 4206 2817 4261 Dum
2853 4209 2987 4277 post
3008 4205 3263 4261 reditum
3323 4205 3682 4262 Athanasius

2031 4294 2396 4351 Alexandriae
2418 4294 2769 4361 consideret,
2802 4298 3027 4366 partem
3061 4292 3447 4365 reliquiarum
3499 4294 3687 4350 sancti

2030 4384 2275 4440 Joannis
2296 4384 2571 4457 Baptistae
2602 4385 2674 4440 ad
2697 4401 2760 4439 se
2783 4382 3193 4439 transmissam
3216 4384 3459 4456 accepit.
3485 4407 3512 4434 «
3538 4383 3687 4440 Nam

2031 4472 2253 4530 Juliani
2274 4474 2662 4546 temporibus,
2704 4472 3170 4543 aitRulinus(c),
3202 4472 3358 4527 velut
3413 4471 3689 4530 relaxatis

2033 4563 2212 4619 frenis
2241 4562 2587 4620 elferbnitin
2623 4578 2861 4618 omnem
2884 4561 3165 4617 saevitiam
3198 4561 3399 4618 feritas
3428 4577 3687 4634 pagano-

2034 4666 2186 4704 rum.
2219 4650 2299 4704 Ex
2323 4666 2440 4721 quo
2471 4649 2700 4715 accidit,
2736 4648 2971 4721 utapud
3003 4648 3304 4719 Sebasten,
3364 4648 3688 4706 Palaestinae

2033 4739 2261 4805 urbem,
2295 4737 2634 4810 sepulcrum
2665 4738 2909 4794 Joannis
2940 4738 3215 4811 Baptistae
3239 4743 3433 4794 mente
3453 4738 3690 4796 turbida

2034 4831 2091 4883 et
2120 4827 2369 4883 funestis
2401 4828 2676 4883 manibus
2703 4826 3064 4894 invaderent,
3096 4843 3231 4883 ossa
3261 4827 3684 4900 dispergerent,

2035 4921 2209 4988 atque
2240 4933 2307 4972 ea
2337 4933 2542 4971 rursus
2573 4914 2816 4972 collecta
2847 4917 2980 4989 igne
3040 4922 3389 4983 cremarent,
3449 4921 3687 4975 sanctos

2036 5007 2260 5061 cineres
2290 5005 2514 5078 pulveri
2542 5005 2836 5061 immistos
2870 5022 2972 5077 per
2993 5021 3166 5078 agros
3189 5011 3245 5061 et
3275 5023 3413 5062 rura
3459 5005 3684 5079 disper-

2034 5099 2256 5167 gerent.
2292 5095 2396 5150 Sed
2432 5093 2531 5150 Dei
2564 5095 2927 5168 providentia
2958 5095 3178 5151 factum
3222 5100 3329 5166 est,
3395 5096 3685 5167 quosdam

2035 5184 2105 5240 de
2133 5183 2513 5257 Jerosolymis
2534 5201 2603 5240 ex
2624 5184 2979 5240 monasterio
3001 5183 3255 5257 Philippi
3282 5184 3539 5240 hominis
3557 5183 3678 5254 Dei,

2035 5273 2472 5329 orationisilluc
2505 5289 2685 5329 causa
2717 5288 2819 5345 per
2844 5273 2997 5329 idem
3016 5277 3252 5345 tempus
3273 5273 3527 5329 venisse.
3574 5272 3684 5336 Qui

2034 5380 2169 5419 cum
2205 5367 2434 5419 tantum
2467 5364 2630 5419 nefas
2662 5361 2941 5419 humanis
2972 5362 3210 5435 quidem
3243 5363 3543 5430 manibus,
3577 5362 3682 5418 sed

2035 5452 2221 5511 ferina
2251 5457 2446 5509 mente
2481 5452 2605 5508 fieri
2633 5452 2916 5523 viderent,
2953 5451 3102 5509 mori
3126 5452 3352 5527 gratius
3400 5452 3687 5511 habentes

2036 5703 2395 5779 15,‘;_T_beod.
2427 5702 2529 5762 lib.
2564 5721 2651 5779 in,
2671 5720 2788 5779 cap
2806 5706 2862 5764 5.

2105 5775 2177 5861 (ο)
2199 5775 2331 5839 Lib.
2374 5793 2438 5859 ιι,
2469 5792 2597 5854 cap.
2626 5777 2721 5839 28.
