4166 6444
1714 491 1898 555 VITA
1944 488 2010 553 S.
2055 487 2515 555 ATHANASII.

3623 510 3822 560 CXLVII

407 647 578 705 quam
613 627 959 702 nujusmodi
1016 627 1246 701 piaculo
1294 627 1599 694 funestari,
1650 627 1803 682 inter
1830 642 1929 682 eos
1959 624 2060 697 qui
2090 625 2144 691 Α
2175 624 2510 695 simumque
2568 622 2681 678 sibi
2739 622 3128 680 Athanasium
3187 624 3247 679 in
3297 644 3438 699 pace
3465 631 3825 691 Alexandria

404 737 540 777 ossa
568 720 637 774 ad
672 719 1037 774 exurendum
1096 716 1368 789 legebant
1423 715 1604 781 misti,
1633 715 1973 787 diligentius
2004 715 2063 768 in

404 812 693 882 quantum
728 823 822 862 res
852 806 1207 879 patiebatur,
1251 822 1316 860 ac
1348 802 1678 876 religiosius
1703 820 2062 875 congregan-

402 904 514 963 tes,
548 896 749 951 furtim
814 912 874 950 se
931 894 1019 949 vel
1079 894 1454 966 stupentibus
1512 892 1599 948 vel
1631 892 2066 948 insanientibus

401 992 757 1060 pertraxere,
802 988 860 1039 et
913 985 984 1038 ad
1043 983 1383 1055 religiosum
1438 986 1669 1037 Patrem
1728 980 2064 1053 Philippum

401 1074 772 1130 venerandas
792 1072 1069 1143 reliquias
1092 1070 1513 1143 pertulere.Ille
1544 1088 1724 1142 supra
1752 1088 1814 1125 se
1846 1072 2066 1125 ducens

405 1168 634 1220 tantum
696 1162 1045 1217 thesaurum
1102 1161 1354 1232 propriis
1411 1177 1640 1215 servare
1694 1159 1932 1231 vigiliis,
1992 1160 2065 1214 ad

408 1252 740 1326 pontificem
776 1250 1099 1305 maximum
1132 1255 1271 1304 tunc
1301 1248 1687 1304 Athanasium
1722 1248 1924 1304 hostia:
1956 1250 2065 1305 im-

410 1341 714 1397 maculata;
746 1339 1024 1410 reliquias
1076 1356 1177 1410 per
1197 1338 1503 1394 Julianum
1530 1338 1843 1394 diaconum
1868 1354 2064 1405 suum,

405 1435 538 1503 post
565 1431 742 1485 etiam
772 1427 1092 1483 Palaestinae
1120 1428 1281 1483 urbis
1302 1428 1877 1500 episcopum,mittit.
1912 1430 2067 1494 Quas

405 1518 500 1574 ille
531 1522 860 1589 susceptas,
911 1516 1115 1588 paucis
1148 1516 1405 1587 arbitris,
1457 1515 1567 1571 sub
1598 1520 1797 1571 cavato
1828 1516 2068 1571 sacrarii

406 1608 626 1681 pariete
649 1605 1276 1677 inclusas,prophetico
1302 1605 1510 1677 spiritu
1535 1606 1869 1677 profuturas
1893 1620 2066 1677 gene-

411 1697 625 1753 rationi
649 1700 897 1769 posterae
921 1694 1323 1751 conservavit:
1370 1695 1585 1766 quibus
1618 1712 1794 1766 nunc,
1827 1695 2068 1766 dejectis

412 1791 469 1843 et
496 1785 775 1858 postratis
799 1783 1141 1840 idololatriae
1167 1784 1756 1856 vestigiis,inaadibus
1771 1785 2067 1856 quondam

414 1875 672 1948 profanis
704 1890 881 1930 aurea
910 1877 1061 1928 tecta
1091 1877 1532 1945 consurgerent.
1568 1895 1595 1923 »
1638 1873 1766 1929 Haec
1798 1874 2066 1930 Ruﬁnus.

487 1965 569 2019 15.
604 1964 824 2020 Ethnici
878 1964 1167 2019 Iulianum
1230 1965 1503 2065 coucitant
1562 1963 1621 2017 in
1677 1963 2066 2064 Athanasium.
2102 2001 2149 2065 B

408 2054 662 2125 Epistolw
688 2054 906 2110 Iuliani
957 2057 1153 2108 contra
1213 2052 1598 2107 Athanasium.
1660 2084 1728 2092 —
1773 2055 1937 2109 Haud
1970 2054 2070 2109 diu

405 2142 729 2199 Athanasio
788 2142 956 2197 licuit
1006 2141 1368 2196 Alexandriae
1427 2148 1559 2214 post
1607 2143 1859 2198 reditum
1890 2146 2078 2201 censi-

409 2237 583 2291 atere.
620 2230 881 2288 Gentiles
934 2247 1191 2302 namque
1250 2248 1367 2286 suae
1427 2231 1727 2286 addictum
1790 2233 2075 2303 impietati

413 2323 836 2393 imperatorem
895 2321 1051 2376 nacti
1113 2321 1210 2392 (τι),
1246 2324 1690 2391 metuentesque
1740 2322 1922 2377 cultui
1965 2342 2073 2379 nu-

419 2410 648 2465 minum
679 2426 941 2477 suorum,
978 2409 1078 2481 qui
1133 2408 1436 2465 Athanasii
1466 2410 1751 2478 doctrina,
1783 2428 2073 2484 sermone,

424 2499 718 2571 precibus,
750 2499 1121 2554 decrescebat
1144 2499 1201 2552 in
1235 2499 1395 2553 dies:
1442 2499 1601 2554 velut
1630 2504 1810 2556 tetros
1845 2519 2076 2574 serpen-

426 2592 515 2643 tes
538 2604 569 2643 6
602 2588 859 2643 cavernis
886 2604 1152 2660 egressos
1185 2605 1303 2642 una
1324 2604 1520 2643 secum
1548 2605 1919 2661 assumpsere
1951 2610 2076 2648 ma-

423 2693 549 2750 gos,
582 2677 882 2749 aruspices
914 2682 969 2731 et
1000 2693 1276 2748 augures,
1330 2677 1427 2747 qui
1469 2678 1646 2733 simul
1675 2684 2076 2738 contestaren-

424 2766 691 2834 tur,nihil
739 2783 770 2821 e
819 2783 880 2821 re
902 2765 1249 2837 gentilitatis
1300 2782 1573 2838 prospere
1604 2784 1927 2837 cessurum,
1962 2771 2077 2828 nisi

422 2855 778 2911 Athanasius
801 2855 1424 2927 pelleretur.Praeterea
1441 2856 1755 2926 daemones,
1780 2858 1862 2914 ait
1890 2860 2077 2917 Theo-

425 2944 662 3001 doretus
694 2944 791 3017 (b),
824 2961 957 2999 cum
1000 2944 1118 3000 vim
1180 2961 1518 3000 sermonum
1560 2947 2079 3022 precationumque

423 3033 726 3090 Athanasii
780 3035 931 3089 ferre
980 3050 1094 3089 non
1155 3039 1415 3105 possent,
1485 3035 1786 3093 ministros
1834 3055 1974 3095 suos
2004 3041 2077 3096 ad

424 3123 733 3179 maledicta
752 3123 812 3178 in
837 3140 972 3179 eum
997 3124 1363 3195 congerenda
1409 3124 1747 3193 incitarunt,
1780 3144 1846 3183 ac
1877 3129 2079 3185 multis

423 3213 815 3285 exposcebant
844 3211 1137 3268 exturbari
1169 3213 1555 3269 Athanasium
1582 3232 1594 3282 ;
1629 3216 2076 3291 addebantque:

428 3301 488 3357 Si
517 3302 881 3357 Athanasius
903 3302 1272 3369 remanserit,
1296 3301 1497 3357 nullus
1520 3304 1808 3374 supererit
1837 3307 2079 3363 deorum

2173 713 2490 768 consistere
2541 712 2757 779 liceret,
2794 713 3163 784 prolixiorem
3196 715 3293 771 ille
3323 719 3394 772 ad
3427 721 3661 776 eosdem
3693 724 3825 779 Ale-

2171 801 2489 855 xandrinos
2520 802 2678 856 dedit
2708 801 3039 872 epistolam,
3072 804 3342 861 futilibus
3373 807 3545 864 dictis
3592 814 3647 864 et
3678 810 3828 866 face-

2154 890 2271 955 ,tiis
2304 888 2857 961 plenissimam,qua
2889 892 3132 947 deorum
3164 895 3398 951 turbam
3433 896 3708 955 laudibus
3740 917 3834 956 ce-

2174 979 2431 1048 lebrans,
2464 978 2523 1033 in
2579 979 2845 1035 Galilazos
2902 981 3239 1051 invehitur;
3304 986 3511 1056 pudori
3581 1005 3709 1045 esse
3742 990 3831 1044 in-

2175 1068 2408 1138 quiens,
2443 1067 2493 1122 si
2521 1067 2607 1123 vel
2642 1085 2796 1123 unus
2828 1086 3029 1124 eorum
3078 1088 3139 1125 se
3156 1071 3455 1128 Galilaaum
3490 1093 3618 1131 esse
3654 1078 3832 1134 latea-

2174 1161 2290 1211 tur.
2318 1180 2343 1205 «
2368 1156 2485 1211 Vos
2520 1156 2804 1229 igitur,ait
2832 1158 2928 1227 (Δ),
2962 1158 3009 1212 si
3062 1161 3320 1215 monenti
3354 1163 3501 1218 mihi
3532 1165 3830 1237 obtempe-

2177 1264 2304 1301 rare
2334 1246 2531 1313 vultis,
2568 1249 2849 1316 majorem
2902 1247 3163 1304 laetitiam
3194 1252 3447 1308 afferetis
3473 1272 3485 1309 :
3520 1255 3610 1310 sin
3640 1256 3739 1312 illa
3770 1257 3831 1313 in

2177 1330 2592 1407 superstitione
2614 1340 2671 1389 et
2685 1352 2747 1390 va
2760 1337 2978 1391 frorum
3002 1337 3307 1395 hominum
3325 1342 3694 1401 institutione
3707 1363 3833 1419 per-

2177 1441 2440 1479 severare
2474 1424 2766 1492 mavultis,
2828 1430 2888 1479 at
2945 1432 3208 1484 mutuam
3265 1429 3418 1486 inter
3455 1450 3556 1488 vos
3588 1451 3832 1491 concor-

2178 1514 2334 1568 diam
2363 1514 2626 1579 retinete,
2662 1531 2849 1586 neque
2879 1516 3267 1573 Athanasium
3309 1521 3655 1579 desiderate.
3689 1526 3835 1581 Sunt

2178 1603 2334 1658 enim
2367 1620 2435 1658 ex
2468 1604 2596 1674 ejus
2622 1603 2929 1675 discipulis
2960 1605 3164 1677 utique
3193 1608 3543 1681 complures,
3563 1613 3662 1683 qui
3694 1631 3834 1685 pru-

2179 1691 2466 1747 rientibus
2526 1709 2590 1747 ac
2649 1694 3021 1749 sermonibus
3078 1695 3276 1768 impiis
3336 1698 3553 1769 expleri
3601 1703 3836 1775 cupien-

2180 1782 2341 1837 tibus
2373 1781 2615 1836 auribus
2664 1783 2873 1837 vestris
2929 1783 3143 1839 faciant
3204 1786 3368 1841 satis.
3411 1787 3645 1845 Utinam
3678 1791 3835 1848 enim

2180 1870 2500 1927 Athanasio
2559 1869 2681 1925 solo
2739 1871 3031 1944 sacrilegae
3090 1874 3277 1945 ipsius
3332 1876 3545 1933 scholae
3588 1879 3836 1936 circum-

2181 1962 2401 2031 scripta
2429 1966 2583 2016 esset
2613 1960 2962 2032 improbitas
2990 1978 3002 2015 τ
3065 1964 3167 2019 sed
3202 1970 3290 2019 est
3347 1966 3407 2020 in
3434 1968 3597 2024 vobis
3628 1969 3837 2040 hujus-

2187 2050 2345 2105 modi
2374 2067 2489 2105 non
2520 2048 2798 2121 ignobilis
2830 2050 3163 2108 multitudo.
3213 2055 3291 2109 Ae
3322 2055 3543 2112 nullius
3574 2075 3715 2114 sane
3745 2076 3843 2117 ne-

2185 2139 2327 2211 gotii
2359 2155 2450 2194 res
2503 2143 2622 2195 est:
2686 2156 2820 2194 nam
2882 2140 3217 2212 quicunque
3271 2146 3506 2200 tandem
3542 2164 3571 2202 e
3622 2148 3838 2220 populo

2188 2228 2449 2285 delectus
2471 2229 2577 2284 erit
2598 2248 2631 2284 a
2649 2231 2832 2294 vobis,
2868 2231 3023 2301 quod
3048 2232 3117 2286 ad
3142 2232 3577 2305 Scripturarum
3603 2255 3838 2295 enarra-

2185 2317 2404 2373 tionem
2457 2318 2725 2389 pertinet,
2781 2319 2963 2375 nihilo
2996 2325 3085 2375 est
3122 2338 3188 2377 eo
3221 2323 3319 2393 qui
3352 2329 3586 2395 optatur
3615 2344 3647 2382 a
3674 2328 3840 2384 vobis

2188 2407 2563 2462 deterior.Sin
2595 2409 2748 2479 quod
2782 2425 2881 2463 vos
2932 2410 3235 2466 Athanasii
3267 2411 3565 2469 solertiam
3597 2420 3834 2488 exopta-

2188 2496 2288 2563 tis,
2319 2497 2699 2552 veteratorem
2749 2498 2905 2553 enim
2929 2515 3056 2553 esse
3078 2499 3377 2556 hominem
3412 2503 3606 2575 audio,
3635 2506 3840 2561 scitote

2188 2586 2297 2641 hac
2328 2586 2456 2657 ipsa
2486 2586 2557 2642 de
2590 2603 2769 2641 causa
2819 2587 2960 2643 urbe
2992 2587 3157 2642 illum
3193 2590 3443 2659 ejectum
3476 2592 3677 2650 fuisse.
3712 2598 3843 2650 Ete-

2188 2675 2309 2729 nim
2342 2676 2513 2731 noxia
2542 2693 2643 2747 per
2697 2692 2759 2730 se
2818 2694 2909 2731 res
2939 2682 3046 2742 est,
3065 2677 3154 2731 vir
3184 2679 3382 2750 populi
3415 2682 3742 2751 praafectus,
3777 2698 3845 2739 ac

2189 2780 2386 2819 rerum
2414 2765 2816 2820 novandarum
2840 2766 3278 2837 cupidus.Quod
3304 2769 3353 2823 si
3386 2786 3456 2824 ne
3488 2770 3576 2824 vir
3605 2771 3844 2842 quidem

2188 2858 2277 2908 est
2308 2852 2425 2921 ille,
2459 2855 2559 2909 sed
2594 2859 2965 2926 contemptus
3019 2855 3357 2927 homuncio,
3408 2859 3598 2930 qualis
3646 2877 3846 2917 revera

2190 2947 2277 2998 est
2307 2942 2619 3014 praeclarus
2650 2942 2746 2998 ille
2773 2945 2879 3011 vir,
2915 2944 3015 3016 qui
3042 2946 3165 3014 jam
3196 2947 3255 3000 in
3289 2947 3497 3019 capitis
3530 2948 3844 3007 discrimen

2189 3031 2370 3097 venit,
2432 3030 2538 3086 hoc
2591 3048 2730 3086 sane
2810 3032 3054 3103 publica:
3111 3036 3569 3106 perturbationis
3599 3038 3834 3095 initium

2191 3124 2299 3174 est.
2325 3120 2715 3185 Quamobrem
2733 3137 2805 3175 ne
2827 3121 2968 3192 quid
2993 3122 3184 3177 simile
3207 3124 3361 3195 apud
3384 3142 3486 3181 vos
3516 3128 3838 3199 contingat,

2191 3210 2393 3264 cedere
2440 3208 2610 3263 illum
2659 3209 2885 3281 pridem
2919 3211 3062 3265 urbe
3086 3212 3420 3281 jussimus:
3455 3232 3612 3269 nunc
3644 3221 3838 3271 autem

2192 3299 2432 3369 [Egypto
2464 3298 2640 3352 etiam
2692 3297 2981 3353 universa.
3022 3321 3043 3349 ιο
3080 3299 3153 3355 Ut
3182 3306 3414 3372 urgeret
3442 3307 3637 3359 autem
3669 3304 3849 3361 Atha-

425 3389 635 3457 cultor,
666 3396 907 3446 cunctos
965 3390 1121 3446 enim
1180 3390 1276 3446 ille
1308 3392 1379 3446 ad
1422 3408 1561 3448 suas
1618 3397 1812 3464 partes
1843 3395 2077 3451 alliciet.
2113 3374 2155 3439 (ἶ
2196 3387 2343 3442 naSii
2376 3386 2671 3458 exsulum,
2734 3387 2909 3442 aliam
2941 3388 3104 3443 miSit
3149 3389 3457 3460 ePiStC’lam
3491 3393 3561 3462 (θ)
3592 3408 3658 3447 ac
3688 3393 3845 3448 ECdi-

426 3478 661 3535 Litteris
682 3495 818 3552 ergo
838 3478 1054 3534 ethnici
1080 3480 1151 3534 ad
1174 3478 1587 3551 imperatorem
1604 3482 1803 3538 missis
1817 3489 2078 3555 monent,

423 3567 812 3624 Athanasium
866 3573 1184 3624 conventus
1243 3569 1303 3623 in
1364 3569 1608 3625 ecclesia
1665 3588 1854 3644 agere,
1901 3573 2083 3631 libere

424 3656 709 3729 populum
740 3657 965 3724 docere,
996 3656 1331 3730 multosque
1363 3658 1670 3731 gentilium
1703 3660 1804 3718 illo
1836 3679 2082 3719 consua-

427 3761 558 3803 sore
577 3745 915 3802 Christianae
972 3746 1105 3801 fidei
1159 3764 1372 3803 nomen
1423 3748 1679 3817 dedisse,
1714 3752 1941 3807 nobiles
1968 3770 2087 3809 ma-

424 3839 627 3891 tronas
645 3836 910 3907 ejusdem
931 3836 1063 3891 fidei
1087 3836 1440 3892 rudimentis
1454 3836 1712 3895 imbutas
1731 3840 2086 3913 baptismate

427 3924 783 3981 donatasﬂe
828 3929 1124 3996 comperta
1179 3924 1453 3982 Julianus
1497 3928 1713 3983 factum
1747 3931 2088 4001 perindigne

428 4013 583 4081 tulit,
617 4032 684 4070 ac
738 4014 1082 4085 hujnsmodi
1142 4015 1368 4071 litteras
1428 4016 1589 4072 dedit
1634 4020 1707 4072 ad
1747 4019 2088 4076 Alexandri-

430 4119 537 4157 nos
568 4102 695 4173 (c).«
719 4103 973 4174 Equum
1007 4108 1131 4158 erat
1160 4120 1317 4174 eum,
1353 4104 1454 4175 qui
1482 4105 1852 4177 imperatoris
1881 4109 2089 4165 edictis

431 4191 836 4264 compluribus
860 4194 1082 4263 ejectus
1110 4194 1513 4261 fuerat,unum
1537 4195 1745 4251 saltem
1768 4196 2089 4270 imperato-

431 4280 513 4337 ris
535 4282 792 4337 edictum
819 4281 1141 4354 praestolari
1175 4284 1245 4337 ad
1273 4285 1647 4355 repetendam
1672 4285 1913 4343 domum
1941 4305 1953 4343 :
1984 4305 2090 4344 nec

432 4369 718 4442 singulari
731 4370 1059 4427 temeritate
1077 4377 1254 4442 atque
1278 4373 1532 4429 amentia
1554 4373 1785 4447 legibus
1806 4379 2090 4447 tanquam

430 4475 673 4530 prorsus
704 4459 973 4516 extinctis
1004 4459 1270 4517 illudere.
1321 4461 1625 4519 Enimvero
1675 4482 1779 4520 nos
1825 4465 1981 4521 haud
2012 4467 2093 4523 ita

432 4547 660 4620 pridem
692 4547 950 4604 Galilaeis
981 4567 1014 4605 a
1045 4550 1386 4605 Constantio
1429 4552 1651 4624 ejectis,
1687 4571 1803 4609 non
1835 4555 2089 4611 reditum

432 4638 502 4693 ad
535 4635 941 4704 ecclesias,sed
975 4639 1046 4694 ad
1080 4639 1331 4711 patriam
1361 4639 1571 4712 cuique
1604 4659 1773 4698 suam
1806 4644 2093 4700 concessi-

2194 3477 2350 3531 cium
2402 3476 2630 3548 Egypti
2663 3476 3018 3548 praefectum,
3071 3478 3163 3533 his
3205 3479 3397 3535 verbis
3429 3482 3842 3552 conscriptam.

2194 3589 2221 3616 ‹‹
2254 3566 2373 3621 Etsi
2407 3565 2554 3620 nihil
2590 3566 2759 3621 nobis
2790 3567 2859 3622 de
2891 3568 3111 3622 caeteris
3141 3567 3434 3638 rescribis,
3468 3573 3724 3626 attamen
3774 3572 3846 3628 de

2193 3655 2294 3710 illo
2327 3655 2569 3710 deorum
2602 3655 2768 3711 hoste
2827 3655 3147 3711 Athanasio
3204 3658 3521 3713 rescribere
3551 3659 3846 3729 debuisti;

2196 3744 2569 3817 potissimum
2603 3745 2743 3816 quia
2773 3747 2926 3817 quod
2984 3745 3255 3817 praeclare
3287 3764 3320 3801 a
3350 3747 3520 3803 nobis
3550 3749 3850 3806 decretum

2198 3835 2305 3889 fuit
2334 3839 2466 3889 ante
2497 3834 2822 3889 audiveras.
2874 3834 3078 3889 Testor
3118 3851 3398 3907 magnum
3431 3837 3699 3909 Sarapin,
3734 3837 3849 3894 nisi

2198 3927 2332 3979 ante
2365 3922 2656 3978 Kalendas
2687 3923 3027 3978 decembres
3086 3924 3363 3980 inimicus
3404 3926 3647 3981 deorum
3678 3926 3855 3982 Atha-

2198 4012 2402 4068 nasius
2433 4029 2500 4067 ex
2530 4028 2597 4067 ea
2628 4012 2791 4078 urbe,
2852 4011 2937 4067 vel
2973 4012 3168 4084 potius
3216 4031 3285 4069 ex
3310 4014 3583 4072 universa
3610 4019 3853 4088 Egypto

2199 4100 2533 4172 decesserit,
2566 4106 2801 4155 centum
2849 4101 2975 4155 auri
3030 4102 3223 4173 pondo
3255 4102 3550 4158 cohortem
3586 4121 3712 4176 quas
3743 4104 3851 4161 tibi

2199 4195 2365 4263 paret
2397 4188 2714 4244 multatum
2774 4189 2865 4245 iri.
2898 4190 3023 4245 Scis
3076 4194 3270 4246 autem
3314 4209 3489 4263 quam
3518 4194 3629 4248 sim
3662 4192 3857 4251 lentus

2199 4280 2271 4335 ad
2305 4279 2838 4349 condemnandum,
2903 4283 2960 4333 et
3018 4284 3237 4350 quanto
3296 4279 3506 4335 lentior
3543 4285 3853 4353 postquam

2200 4367 2585 4424 condemnavi
2618 4367 2688 4422 ad
2722 4367 3168 4440 ignoscendum.
3227 4369 3333 4424 Per
3360 4369 3506 4425 mihi
3540 4370 3855 4426 molestum

2202 4462 2290 4515 est
2318 4458 2446 4529 ejus
2467 4474 2643 4529 opera
2665 4457 2802 4512 deos
2825 4474 3028 4513 omnes
3050 4458 3366 4513 contemni.
3390 4458 3672 4530 Equidem
3707 4459 3855 4515 nihil

2200 4554 2317 4603 ate
2350 4548 2566 4602 factum
2626 4546 2905 4601 libentius
2963 4546 3191 4601 videam
3250 4546 3626 4617 audiamque,
3673 4563 3853 4619 quam

2199 4636 2587 4693 Athanasium
2642 4634 2809 4690 illum
2868 4635 3179 4691 scelestum
3222 4650 3291 4690 ex
3320 4634 3596 4692 omnibus
3626 4636 3856 4709 [Egypti

433 4743 587 4782 mus.
622 4728 809 4783 Audio
854 4727 1249 4784 Athanasium
1300 4728 1601 4785 hominem
1633 4732 2093 4789 audacissimum
2124 4746 2172 4812 D
2206 4727 2349 4783 locis
2378 4724 2615 4796 pulsum
2648 4741 2795 4789 8850.
2830 4724 2931 4796 qui
2988 4741 3171 4780 ausus
3230 4728 3319 4779 est
3358 4724 3417 4780 in
3450 4741 3580 4781 meo
3610 4724 3856 4797 ἱωρθνὶο

431 4815 603 4871 solita
633 4816 879 4872 audacia
910 4817 1150 4884 elatum,
1185 4816 1576 4890 episcopatus,
1621 4823 1687 4875 ut
1714 4820 1827 4893 ipsi
1856 4826 2086 4891 vocant,

433 4904 633 4961 sedem
665 4922 973 4978 usurpare.
996 4907 1131 4972 Quae
1164 4924 1255 4963 res
1304 4925 1418 4963 non
1452 4909 1822 4965 mediocriter
1849 4910 2090 4967 Alexan-

434 4992 603 5047 drino
651 4993 867 5066 populo
898 4994 1190 5067 displicet.
1254 4995 1442 5060 Quare
1473 5014 1606 5053 eum
1633 4998 1917 5067 jubemus
1949 5000 2092 5055 urbe

434 5083 728 5150 excedere,
764 5100 880 5154 quo
905 5084 998 5139 die
1021 5084 1405 5141 humanitatis
1437 5091 1648 5142 nostra
1678 5088 1903 5144 litteras
1931 5106 2093 5145 acce-

434 5169 603 5242 perit.
638 5173 801 5238 Quod
858 5173 907 5228 si
960 5173 1019 5228 in
1053 5175 1195 5230 urbe
1238 5176 1606 5241 remanserit,
1639 5176 1811 5249 longe
1843 5180 2093 5249 majores

433 5261 847 5333 gravioresque
879 5280 1081 5334 poenas
1114 5264 1163 5318 ei
1197 5264 1641 5319 denuntiamus.
1677 5288 1704 5315 ››
1736 5266 2093 5323 Christiano-

433 5367 566 5405 rum
598 5367 731 5406 vero
765 5352 1067 5425 perampla
1100 5352 1441 5419 multitudo,
1504 5369 1638 5408 cum
1668 5353 1879 5411 litteris
1908 5355 2095 5412 Julia-

433 5455 577 5494 num
612 5445 971 5512 rogasset,ut
1001 5442 1267 5498 omnium
1318 5441 1468 5498 votis
1498 5442 1816 5515 expetitum
1845 5444 2097 5516 optatis-

508 5618 839 5693 (a)Socrat.
901 5621 1002 5677 lib.
1062 5639 1123 5682 Π,
1178 5638 1304 5693 cap.
1341 5621 1410 5676 43
1468 5627 1522 5677 et
1580 5624 1682 5692 11.;
1730 5596 2107 5680 Sozom.lib.i

436 5705 491 5759 v,
524 5706 650 5762 cap.
689 5692 774 5746 15.

508 5761 585 5837 (b)
616 5760 739 5837 pip,
774 5779 859 5835 ιιι,
894 5780 1021 5837 cap,
1054 5766 1108 5820 9.

511 5761 560 5830 (b
603 5761 739 5818 Lib.
774 5779 859 5835 ιιι,
894 5780 1021 5837 cap,
1054 5766 1108 5820 9.

511 5761 585 5914 (ci
609 5832 829 5897 Julian.
862 5836 1033 5917 epist.
1060 5838 1151 5899 28.

2204 4820 2502 4873 matronas
2525 4816 2853 4870 Graecorum
2878 4813 3101 4869 nobiles
3132 4814 3448 4885 baptizare.
3473 4837 3499 4863 ››

2275 4907 2364 4961 16.
2398 4904 2729 4961 Athanasius
2780 4920 2839 4958 se
2897 4903 3166 4959 subducit.
3217 4906 3277 4959 In
3330 4904 3601 4959 desertum
3629 4921 3687 4959 se
3718 4904 3857 4959 reci-

2196 4998 2299 5069 pit.
2337 5026 2405 5034 —
2436 4994 2825 5059 Quamobrem
2877 5010 3010 5048 cum
3045 5010 3107 5049 se
3139 4994 3328 5049 denuo
3360 4994 3419 5047 in
3452 4993 3768 5049 discrimen
3801 4997 3858 5049 et

2203 5083 2528 5155 periculum
2582 5083 2775 5137 vocari
2807 5082 3296 5138 animadverteret
3321 5097 3572 5154 magnus
3601 5081 3856 5137 Athana-

2205 5173 2329 5229 sius
2355 5172 2806 5246 (f),quartojam
2830 5170 3022 5225 solum
3044 5176 3267 5227 vertere
3290 5175 3545 5241 coactus,
3580 5187 3711 5226 cum
3745 5171 3857 5225 cir-

2205 5279 2341 5318 cum
2395 5277 2456 5317 se
2476 5260 2955 5332 eollacrymantes
2987 5259 3349 5315 Christianos
3382 5259 3641 5316 videret:
3677 5264 3855 5328 Bono,

2206 5352 2418 5422 inquit,
2451 5349 2649 5404 animo
2698 5353 2879 5406 estote
2909 5366 2921 5417 ;
2956 5348 3167 5404 nebula
3198 5354 3439 5421 est,quw
3470 5348 3625 5405 brevi
3655 5365 3861 5405 evane-

2207 5446 2348 5497 scet.
2383 5438 2516 5503 Quae
2540 5455 2673 5495 cum
2697 5437 2962 5504 dixisset,
2995 5438 3319 5509 profectum
3347 5442 3548 5510 parat;
3581 5442 3639 5495 et
3668 5437 3859 5494 Eccle-

2280 5622 2353 5693 (ιι)
2385 5619 2603 5693 Julian.
2639 5618 2810 5693 epist.
2840 5619 2932 5693 _15.

2279 5689 2349 5763 (θ)
2377 5691 2593 5746 Julian.
2627 5689 2795 5763 epist.
2829 5690 2883 5744 6.

2206 5850 2237 5896 Ο
2279 5757 2625 5897 (f)QSozom.
2662 5757 2800 5819 "lib.
2857 5776 2944 5831 ιιι,
3004 5760 3272 5833 cap,14;
3331 5759 3553 5821 Theod,
3607 5757 3712 5819 lib,
3768 5772 3858 5834 ιιι,

2241 5851 2335 5897 an.
2407 5879 2422 5897 .

2241 5851 2335 5913 ap.
2365 5851 2422 5898 υ.
