4166 6418
323 441 558 496 CXLVIII

1721 426 2315 490 PROLEGOMENA
2328 472 2342 485 .

318 563 408 620 sia
439 563 646 620 amicis
674 563 1027 635 quibuscum
1077 562 1323 620 arctiore
1381 561 1684 618 charitatis
1737 558 1970 614 vinculo
2003 560 2057 626 Α
2087 555 3754 630 temminussecundoafﬂante,equidemcordeanxiusDo-

310 649 561 716 Junctus
592 658 716 708 erat
771 654 1199 719 commendata,
1260 650 1484 706 excedit
1527 651 1692 704 urbe.
1748 648 1982 703 Litteris

312 757 489 812 porro
517 741 739 797 Juliani
764 741 1174 797 secretioribus
1207 757 1322 795 non
1354 739 1487 812 pelli
1527 739 1698 793 modo
1733 738 1985 791 Athana-

318 829 498 898 sium,
535 831 634 885 sed
668 829 842 885 etiam
877 829 1216 885 obtruncari
1254 829 1494 898 jussum
1527 836 1667 881 erat.
1697 825 1987 880 Subduxit

317 934 381 974 se
406 922 604 974 tamen
636 918 1213 989 Athanasius,inquit
1241 917 1660 981 Theodoretus,
1686 918 1983 986 comperto

314 1008 707 1078 quaerentium
760 1023 822 1061 se
853 1022 1092 1062 accessu
1121 1024 1132 1072 ;
1174 1012 1498 1076 nactusque
1525 1005 1597 1059 ad
1630 1005 1817 1075 ripam
1873 1003 1980 1056 ﬂu-

316 1095 494 1150 minis
525 1095 928 1166 navigium,ad
967 1095 1326 1151 Thebaidem
1358 1093 1767 1149 contendebat.
1805 1092 1858 1146 Is
1889 1107 1980 1146 ve-

306 1184 492 1252 ro,cui
529 1184 889 1239 Athanasius
948 1185 1258 1240 confodere
1309 1186 1547 1255 jussum
1605 1184 1813 1247 fuerat,
1875 1197 1974 1235 au-

312 1272 432 1327 dita
461 1274 589 1344 ejus
619 1273 777 1344 fuga,
813 1289 992 1344 quam
1039 1273 1345 1328 celerrime
1392 1272 1584 1326 virum
1617 1269 1972 1341 insequitur.

310 1364 680 1416 Praacurrens
739 1365 936 1416 autem
996 1362 1238 1432 quidam
1300 1360 1608 1415 Athanasii
1657 1357 1968 1413 familiaris

309 1455 608 1505 maturare
641 1449 1061 1521 nuntiavit,qui
1093 1450 1286 1521 ipsum
1333 1450 1404 1505 ad
1438 1464 1638 1504 necem
1673 1447 1973 1518 perquire-

307 1540 622 1594 rent.Tum
654 1538 920 1593 nonnulli
979 1555 1050 1594 ex
1105 1539 1420 1594 comitibus
1472 1538 1779 1608 rogabant,
1816 1541 1881 1591 ut
1912 1536 1972 1590 in

313 1626 695 1684 solitudinem
729 1629 1041 1682 secederet.
1101 1631 1234 1698 Ipse
1291 1644 1353 1682 re
1384 1643 1582 1682 secum
1631 1625 1970 1691 deliberata,

305 1716 684 1789 gubernatori
717 1718 992 1788 praecepit
1025 1723 1084 1771 ut
1140 1733 1418 1772 converso
1453 1733 1652 1785 cursu,
1709 1715 1969 1770 secundo

309 1805 551 1860 ﬂumine
584 1806 883 1877 navigium
915 1803 1794 1876 dirigeretAlexandriam.Cum
1828 1819 1964 1874 ergo

2100 647 2328 702 minum
2361 647 2674 719 precabar:
2706 647 2803 719 qui
2826 665 2957 703 vero
2987 648 3360 704 Theodorum
3394 646 3753 702 comitaban-

2098 741 2194 790 tur
2217 736 2509 802 monachi,
2545 737 2764 807 egressi
2790 736 3116 792 naviculam
3141 737 3470 792 trahebant.
3489 741 3755 807 Cumque

2099 826 2361 880 maerenti
2408 824 2549 879 mihi
2566 826 2748 880 abbas
2769 831 3011 881 Pammo
3033 825 3366 882 consolandi
3382 824 3754 897 gratiaverba

2094 911 2329 983 faceret,
2356 914 2626 985 respondi
2656 931 2668 968 :
2702 915 2882 970 Crede
2921 915 3239 970 al'ﬁrmanti
3263 913 3427 984 mihi,
3461 931 3576 970 non
3590 919 3753 969 tanta

2093 1005 2351 1073 tempore
2366 1003 2526 1074 pacis
2543 1003 2702 1058 cordi
2729 1020 2856 1058 meo
2883 1004 3096 1058 fiducia
3119 1005 3509 1075 inest,quarta
3531 1007 3750 1075 tempo-

2092 1107 2151 1144 re
2179 1092 2623 1161 persecutionis.
2658 1092 2898 1147 Confido
2915 1093 3130 1163 quippe
3163 1109 3255 1147 me
3277 1109 3381 1164 pro
3403 1091 3632 1148 Christo
3653 1108 3750 1163 pa-

2088 1179 2349 1248 tientem,
2375 1184 2550 1251 atque
2563 1181 2690 1252 ejus
2709 1181 3108 1236 misericordia
3130 1182 3488 1248 roboratum,
3518 1180 3750 1236 etiamsi

2087 1269 2338 1336 occidar,
2372 1269 2556 1324 multo
2574 1271 2853 1338 majorem
2869 1272 2940 1325 ab
2972 1287 3038 1325 eo
3067 1270 3529 1326 misericordiam
3550 1286 3749 1325 conse-

2086 1361 2381 1413 cuturum.
2416 1359 2544 1413 Haec
2583 1360 2759 1414 verba
2797 1361 3046 1414 necdum
3103 1359 3550 1431 compleveram,
3610 1375 3744 1413 cum

2083 1445 2426 1502 Theodorus
2450 1448 2722 1503 abbatem
2749 1448 3121 1504 Pammonem
3142 1449 3392 1503 intuitus
3415 1448 3744 1504 subrisitzet

2083 1551 2218 1590 cum
2238 1552 2384 1606 pene
2407 1537 2690 1592 arrideret
2710 1537 2893 1592 abbas
2915 1538 3153 1593 Pammo
3171 1554 3182 1591 :
3201 1538 3744 1610 Quid,inquam,me

2084 1624 2544 1696 istaloquentem
2565 1626 2821 1681 ridetis?
2853 1633 2940 1681 An
2975 1643 3066 1682 me
3097 1627 3439 1682 timiditatis
3453 1626 3697 1699 arguitis
3717 1627 3746 1682 *ἲ

2079 1714 2226 1767 Tum
2258 1714 2330 1768 ad
2363 1715 2743 1770 Pammonem
2767 1715 3109 1771 Theodorus
3135 1733 3147 1770 :
3171 1715 3271 1770 Dic
3294 1714 3646 1786 illi,ait,quae
3668 1713 3746 1770 sit

2083 1801 2252 1856 nobis
2283 1819 2462 1857 causa
2505 1803 2754 1858 ridendi.
2782 1804 2887 1859 Cui
2921 1805 3163 1859 Pammo
3191 1824 3203 1859 :
3235 1805 3428 1858 Tuum
3461 1804 3604 1858 illud
3631 1807 3740 1860 est.

311 1893 464 1949 obvii
496 1893 972 1964 perquirentibus
1014 1894 1374 1965 navigarent,
1410 1892 1664 1948 occurrit
1693 1892 1962 1958 sicarius,
2000 1922 2045 1986 Β
2077 1891 2174 1946 Ait
2194 1891 2531 1947 Theodorus
2558 1892 2704 1947 :Hac
2727 1892 2856 1966 ipsa
2879 1893 3095 1948 horain
3123 1892 3742 1948 PersideJulianusoc-

313 1986 370 2038 et
387 1986 676 2054 quantum
703 1982 1300 2038 abessetAlhanasius
1324 1981 1789 2037 sciscitatur.llle
1811 1981 1967 2035 haud

314 2070 511 2142 procul
540 2072 742 2127 abesse
767 2072 1159 2143 respondit;ac
1174 2074 1525 2142 praevertens
1555 2070 1965 2126 Alexandriam

315 2159 568 2232 repetiit,
602 2161 701 2215 ubi
729 2159 918 2216 latens
939 2160 1205 2231 degebat,
1241 2159 1464 2232 reliquo
1490 2160 1717 2231 imperii
1748 2158 1968 2214 Juliani

311 2253 594 2319 tempore.
653 2252 785 2303 Haec
843 2248 1109 2304 Socrates
1164 2254 1221 2303 et
1275 2248 1692 2304 Theodoretus.
1751 2248 1967 2302 Verum

308 2339 464 2408 quod
500 2341 795 2409 postremo
827 2337 994 2392 aiunt
1022 2336 1413 2392 Athanasium
1445 2337 1515 2391 ad
1550 2353 1749 2392 necem
1783 2352 1971 2406 usque

309 2425 531 2481 Juliani
581 2425 885 2481 delituisse
915 2424 1301 2496 Alexandriae,
1335 2431 1528 2497 aperte
1559 2432 1848 2497 repugnat
1879 2425 1967 2479 hi-

312 2514 504 2569 storiae
534 2531 669 2569 mox
698 2514 1071 2580 enarrandas;
1129 2513 1246 2578 cui,
1305 2518 1505 2585 utpote
1555 2511 1626 2569 ab
1658 2514 1968 2569 Ammonio

310 2602 615 2658 Athanasii
642 2603 851 2673 aequali
882 2603 1132 2669 traditas,
1192 2603 1366 2656 fidem
1429 2619 1641 2674 negare
1688 2604 1869 2658 nefas.
1906 2607 1967 2657 In

313 2691 614 2746 desertum
646 2692 846 2763 igitur,
880 2695 1028 2746 teste
1083 2692 1418 2761 Ammonio,
1461 2691 1681 2746 Juliani
1715 2693 1968 2747 furorem

314 2779 636 2848 declinans,
669 2779 929 2852 profugit
975 2779 1073 2850 (α).
1103 2781 1169 2834 Et
1227 2780 1298 2834 ad
1338 2781 1466 2850 ejus
1501 2796 1686 2850 usque
1716 2780 1967 2851 obitum,

314 2883 421 2923 nec
451 2867 596 2923 satis
626 2873 790 2922 tutus
824 2868 895 2922 ab
927 2867 1158 2922 insidiis
1190 2866 1584 2933 inimicorum,
1620 2868 1854 2923 incertis
1884 2885 1971 2923 se-

322 2955 498 3012 dibus
517 2956 670 3027 apud
704 2955 1024 3011 monachos
1055 2956 1477 3011 diversabatur.

386 3047 546 3099 ANNO
575 3044 700 3098 363.
725 3074 794 3084 —
820 3045 870 3098 1.
899 3043 1047 3113 Quid
1065 3043 1361 3099 Athanasio
1381 3046 1605 3113 rantigit
1627 3061 1730 3115 qua
1746 3044 1835 3100 die
1861 3059 1969 3101 ca:-

315 3149 409 3189 sus
427 3135 692 3192 Julianus
721 3141 818 3188 est.
850 3163 916 3174 —-
969 3133 1115 3198 Quid
1147 3138 1342 3188 autem
1374 3133 1634 3206 ipsi,qua
1663 3134 1755 3188 die
1784 3149 1970 3188 cazsus

313 3221 588 3279 Julianus
609 3227 717 3290 est,
746 3237 956 3293 nempe
973 3239 1103 3276 xxvr
1123 3221 1304 3291 Junii,
1335 3221 1629 3289 acciderit,
1663 3221 1789 3293 ipso
1814 3221 1969 3293 apud

315 3311 697 3367 Ammonium
722 3315 995 3367 narrante
1013 3312 1330 3366 Athanasio
1363 3311 1778 3382 comperimus.
1807 3334 1834 3360 ‹‹
1859 3310 1973 3366 Cae-
2003 3291 2044 3356 (ἶ

313 3401 622 3467 terum,ait
643 3401 1008 3470 Ammonius,
1032 3402 1172 3471 quia
1195 3401 1397 3455 beatus
1422 3417 1573 3472 papa
1597 3399 1975 3465 Athanasius,

319 3505 413 3545 me
443 3491 707 3545 omnium
736 3488 1260 3560 minimo,aliisque
1283 3488 1546 3544 Ecclesia}
1575 3488 1975 3544 Alexandrina;

321 3577 550 3634 clericis
579 3579 986 3650 praesentibus,
1023 3579 1201 3632 beatis
1254 3579 1548 3633 memoriae
1586 3578 1709 3632 viro
1735 3580 1976 3632 Ammo-

316 3666 544 3738 nio,qui
576 3667 688 3721 fuit
733 3668 1044 3739 episcopus
1103 3665 1410 3738 Elearchae,
1442 3672 1500 3722 et
1554 3667 1830 3723 Hermoni
1864 3669 1978 3722 Bu-

315 3755 676 3811 basticorum
709 3756 768 3810 in
803 3771 1020 3827 magna
1046 3754 1290 3811 ecclesia
1318 3757 1390 3811 de
1420 3756 1722 3812 Theodoro
1755 3756 1977 3828 aliquid

319 3843 634 3911 enarravit,
668 3845 822 3915 quod
881 3847 1042 3898 tuam
1101 3844 1371 3900 existimo
1431 3845 1806 3900 sanctitatem
1849 3851 1976 3900 tum

321 3935 670 4003 praesentem
703 3932 1035 3997 audivisse;
1072 3949 1257 4004 operae
1292 3933 1545 4005 pretium
1587 3934 1746 4000 duxi,
1782 3935 1852 3989 ad
1887 3951 1978 3990 re-

322 4021 655 4077 novandam
703 4025 816 4076 tuae
876 4021 1077 4093 pietati
1110 4039 1311 4078 eorum
1343 4023 1713 4088 memoriam,
1744 4039 1812 4078 ea
1842 4041 1977 4079 con-

321 4110 580 4164 scribere
628 4127 757 4182 quze
788 4110 884 4166 ille
924 4110 1156 4166 locutus
1205 4116 1313 4166 est.
1346 4115 1488 4165 Cum
1523 4111 1828 4167 memorati
1859 4112 1978 4182 epi-

323 4197 484 4270 scopi
517 4200 587 4254 de
618 4201 786 4255 beato
820 4200 1073 4254 Antonio
1107 4215 1210 4254 nec
1237 4200 1362 4255 sine
1392 4201 1779 4256 admiratione
1806 4203 1981 4257 verba

318 4287 618 4344 facerent:
674 4289 770 4358 qui
801 4289 889 4343 vir
919 4305 1069 4360 saape
1100 4305 1232 4344 cum
1264 4289 1585 4345 Athanasio
1615 4291 1977 4358 versabatur,

325 4394 424 4433 eos
456 4376 539 4432 sic
570 4378 782 4433 affatur
836 4378 1235 4434 Athanasius:
1272 4377 1400 4432 Vidi
1451 4379 1628 4434 etiam
1661 4396 1728 4435 ea
1760 4384 1977 4451 tempe-

323 4470 473 4522 state
503 4482 748 4538 magnos
779 4467 880 4522 Dei
912 4466 1083 4532 viros,
1115 4467 1486 4522 Theodorum
1519 4467 1978 4524 Tabennesiota-

320 4572 453 4611 rum
488 4555 910 4610 monachorum
944 4557 1307 4628 praefectum,
1336 4555 1636 4627 aliumque
1664 4557 1979 4614 monacho-

2081 1980 2433 2045 cisusest,ut
2456 1981 2526 2036 de
2551 1981 2649 2036 illo
2673 1982 2826 2037 Deus
2850 1981 3272 2054 praenuntiarat
3296 1999 3308 2035 :
3338 1982 3613 2053 Arrogans
3633 1983 3738 2051 vir,

2078 2073 2420 2142 contemptor
2450 2075 2500 2126 et
2520 2071 2958 2142 superbus,nihil
2974 2072 3287 2143 perﬁciet.‘.
3311 2071 3521 2143 Surget
3542 2076 3739 2126 autem

2079 2159 2450 2214 Christianus
2480 2160 2817 2230 imperator,
2858 2161 2956 2231 qui
2991 2159 3303 2231 praeclarus
3337 2160 3597 2230 quidem,
3632 2158 3734 2215 sed

2079 2248 2357 2303 brevioris
2384 2249 2509 2302 vitae
2532 2249 2763 2304 futurus
2787 2254 2898 2303 est.
2948 2248 3136 2312 Quare
3185 2266 3257 2304 ne
3296 2249 3354 2304 in
3377 2249 3735 2304 Thebaidem

2081 2337 2383 2404 ascendas,
2418 2355 2521 2392 nec
2554 2339 2699 2393 tanti
2750 2339 2977 2393 itineris
3025 2338 3284 2394 laborem
3317 2341 3470 2394 teras
3497 2356 3510 2394 :
3537 2339 3636 2394 sed
3673 2338 3732 2392 in

2079 2428 2422 2482 comitatum
2445 2427 2594 2482 clam
2629 2432 2684 2482 te
2714 2428 3117 2492 confer.Quem
3144 2428 3202 2482 in
3227 2428 3431 2484 itinere
3451 2428 3732 2495 offendes,

2080 2521 2253 2588 atque
2275 2516 2370 2570 ille
2390 2516 2712 2583 (Jovianus)
2765 2517 2939 2571 citius
2989 2534 3022 2570 a
3053 2517 3170 2571 Deo
3200 2534 3270 2572 ex
3300 2517 3410 2572 hac
3440 2518 3737 2572 auferetur

2079 2607 2249 2660 vita.»
2278 2605 2404 2660 Haec
2437 2607 2589 2677 apud
2622 2605 3000 2660 Ammonium
3033 2605 3429 2672 Athanasius;
3478 2605 3534 2658 in
3567 2607 3738 2676 cujus

2080 2694 2391 2767 postremis
2419 2695 2610 2750 verbis
2632 2694 2898 2765 quaedam
2923 2693 3102 2748 haeret
3133 2693 3450 2748 difﬁcultas
3470 2692 3586 2747 alio
3611 2691 3736 2748 loco

2079 2783 2442 2838 excutienda.

2149 2873 2204 2925 2.
2238 2871 2352 2926 Nec
2384 2874 2581 2925 tamen
2614 2869 2975 2924 Athanasius
3023 2867 3311 2923 Theodori
3361 2865 3605 2922 consilio
3637 2867 3743 2922 ob-

2082 2964 2341 3028 secutus,
2373 2959 2443 3013 ad
2505 2958 2920 3029 imperatorem
2975 2955 3197 3021 statim,
3258 2957 3359 3010 sed
3395 2955 3742 3027 interposita

2081 3049 2335 3121 quadam
2391 3064 2554 3102 mora
2612 3046 2932 3117 spatioque,
2975 3046 3137 3100 adiit.
3170 3045 3254 3098 Ad
3291 3045 3408 3100 haec
3435 3060 3569 3100 vero
3602 3061 3735 3098 nar-

2081 3143 2170 3193 rat
2190 3139 2547 3192 Sozomenus
2581 3136 2677 3206 (ὁ),
2711 3135 2946 3189 cuidam
2994 3151 3062 3188 ex
3091 3133 3311 3188 Juliani
3344 3131 3734 3188 familiaribus

2082 3226 2396 3282 revelatum
2448 3225 2729 3280 divinitus
2753 3224 3015 3278 futurum
3039 3224 3165 3293 ejus
3189 3223 3528 3277 interitum:
3559 3221 3739 3293 Didy-

2086 3331 2369 3386 mumque
2397 3314 2852 3369 Alexandrinum
2891 3311 3291 3368 Christianum
3323 3309 3741 3383 philosophum

2086 3403 2432 3477 gravissimo
2481 3403 2550 3456 de
2577 3400 2824 3473 Augusti
2885 3400 3184 3471 impietate
3229 3398 3544 3470 animoque
3577 3396 3742 3452 falsis

2087 3492 2434 3547 numinibus
2467 3490 2697 3546 addicto
2754 3489 3025 3544 affectum
3077 3504 3342 3556 mmrore,
3375 3503 3509 3542 cum
3541 3485 3742 3558 deplo-

2085 3581 2287 3636 randis
2318 3597 2384 3636 ac
2426 3578 2670 3650 jejuniis
2729 3578 3115 3649 precibusque
3168 3577 3497 3632 avertendis
3528 3574 3742 3629 futuris

2087 3669 2355 3726 Ecclesiaa
2377 3669 2642 3724 cladibus
2673 3667 2837 3722 daret
2867 3683 3128 3738 operam,
3157 3682 3362 3721 somno
3395 3680 3743 3736 oppressum

2087 3759 2306 3814 vidisse
2336 3757 2563 3830 equites
2612 3755 2846 3811 candidi
2904 3755 3073 3826 equis
3130 3754 3274 3809 ccelo
3325 3755 3743 3823 discurrentes,

2086 3852 2214 3904 tum
2238 3864 2367 3903 eam
2392 3845 2686 3916 accepisse
2717 3859 2917 3898 vocem
2946 3859 2958 3896 :
2995 3842 3269 3897 Nuntiate
3299 3843 3544 3913 Didymo
3575 3841 3747 3896 hodie

2087 3936 2392 3990 Julianum
2415 3950 2481 3988 ac
2512 3934 2642 4004 ipsa
2670 3931 2814 3986 hora
2843 3935 3217 4002 peremptum
3259 3944 3410 3998 esse,
3445 3929 3620 3999 idque
3651 3927 3748 3983 ille

2087 4023 2406 4080 Athanasio
2429 4022 2698 4093 episcopo
2723 4019 3097 4090 siguificet,et
3117 4034 3434 4090 exsurgens
3457 4016 3741 4072 comedat.

2161 4116 2212 4168 3.
2248 4112 2588 4168 Athanasius
2619 4110 2758 4164 rodit
2789 4109 3212 4164 Alexandriam.
3273 4108 3533 4164 Jovianus
3571 4108 3745 4176 impe-

2088 4213 2242 4260 rator
2297 4203 2672 4272 inauguratus
2730 4199 2942 4254 litteras
2998 4196 3092 4252 dat
3143 4195 3214 4251 ad
3268 4197 3656 4264 Athanasium,
3697 4201 3749 4250 et

2087 4291 2420 4348 Athanasius
2451 4291 2530 4344 ad
2559 4290 2760 4360 ipsum.
2795 4318 2863 4327 —
2919 4285 3276 4341 Athanasius
3333 4301 3469 4357 ergo
3509 4288 3747 4356 accepta

2088 4379 2309 4436 Juliani
2342 4394 2502 4450 nece,
2535 4394 2640 4432 nec
2662 4379 3015 4449 exspectata,
3052 4375 3514 4440 utarbitramur,
3548 4391 3582 4430 a
3611 4389 3743 4429 suc-

2089 4486 2320 4526 cessore
2351 4466 2707 4539 remigrandi
2737 4465 3100 4532 venia,sedes
3131 4464 3573 4536 quamprimum
3605 4477 3746 4518 suas

2090 4557 2628 4633 repetiit.Jovianus
2658 4562 2854 4611 autem
2884 4554 3277 4623 Christianus,
3313 4553 3463 4606 mira
3492 4551 3579 4605 vir
3623 4551 3745 4622 pie-

327 4660 463 4700 rum
494 4647 727 4699 Patrem
760 4649 994 4717 propter
1039 4645 1384 4712 Antinoum,
1418 4645 1510 4699 cui
1542 4661 1754 4701 nomen
1803 4647 1984 4703 abbas
2021 4663 2061 4726 [)
2093 4653 2210 4705 tate
2239 4647 2540 4717 animique
2572 4644 2832 4709 lenitate,
2891 4659 3007 4698 uno
3064 4641 3392 4697 cohortium
3443 4645 3573 4696 voto
3616 4643 3751 4712 post

313 4737 585 4800 Pammo,
620 4734 720 4805 qui
755 4733 913 4788 haud
945 4733 1026 4790 ita
1075 4735 1302 4806 pridem
1333 4734 1794 4790 obdormierunt.
1833 4736 1978 4792 Cum

318 4822 481 4878 enim
514 4838 606 4877 me
636 4821 738 4878 illo
770 4827 1029 4894 tempore
1059 4823 1331 4879 Julianus
1363 4823 1434 4877 ad
1463 4839 1662 4879 necem
1688 4826 1978 4897 perquire-

319 4914 436 4976 ret,
466 4915 981 4982 exspectaremque
1028 4912 1084 4966 in
1127 4913 1252 4967 dies
1285 4912 1609 4978 interitum,
1643 4915 1848 4969 amicis
1881 4931 1980 4969 ne-

323 4999 715 5071 cessariisque
745 5000 894 5055 meis
947 5001 1276 5072 periculum
1310 5002 1785 5058 renuntiantibus
1820 5028 1834 5070 ;
1866 5003 1982 5058 (1υο

324 5089 631 5144 memorati
662 5089 769 5143 viri
801 5105 894 5144 me
925 5090 1179 5161 quadam
1219 5092 1312 5146 die
1343 5091 1666 5147 Antinoum
1698 5108 1983 5147 convene-

327 5182 484 5232 runt.
518 5180 660 5232 Cum
723 5194 955 5233 mecum
1013 5195 1118 5252 ego
1178 5183 1532 5251 reputarem,
1594 5197 1710 5252 qua
1761 5180 1985 5236 ratione

326 5266 483 5337 apud
534 5265 908 5322 Theodorum
967 5284 1201 5338 possem
1260 5267 1460 5339 latere,
1495 5270 1624 5341 ejus
1656 5268 1983 5324 naviculam

329 5355 589 5425 undique
620 5359 883 5426 opertam
916 5360 1091 5427 atque
1122 5356 1388 5412 clausam
1420 5359 1755 5427 conscendi,
1775 5358 1986 5414 abbate

328 5445 649 5498 Pammene
679 5460 784 5500 nos
816 5444 1054 5500 honoris
1085 5462 1264 5502 causa
1294 5445 1632 5503 comitante.
1665 5445 1849 5502 Vento
1881 5462 1982 5502 au-

397 5583 422 5621 ²
449 5583 665 5641 Hahae.
699 5602 740 5655 ι,
773 5587 861 5643 16.

403 5743 482 5830 (α)
509 5746 578 5804 In
607 5743 855 5821 epistola
883 5748 1203 5809 Ammonii.
1235 5750 1366 5810 Acta
1386 5749 1481 5810 SS.
1514 5749 1583 5809 14
1611 5747 1771 5809 Maii.

2093 4736 2312 4795 Juliani
2346 4735 2650 4789 interitum
2701 4733 3110 4803 inauguratus,
3143 4729 3410 4785 exsulum
3442 4729 3749 4802 episcopo-

2091 4844 2224 4881 rum
2257 4824 2620 4880 revocatione
2650 4821 2961 4892 imperium
2993 4825 3080 4875 est
3111 4819 3469 4892 auspicatus.
3504 4819 3750 4891 Moxque

2094 4915 2166 4971 ab
2196 4912 2536 4979 Athanasio,
2570 4910 2670 4982 qui
2694 4910 2914 4964 cazteris
2947 4908 3199 4964 multum
3223 4909 3436 4981 pietate
3466 4910 3747 4978 anteibat,

2094 5021 2284 5069 orsus,
2319 5002 2546 5056 litteras
2579 4998 2742 5054 misit
2810 4998 3220 5054 benevolentia:
3269 5003 3326 5054 et
3369 4998 3748 5055 observantiae

2093 5091 2494 5166 plenissimas,
2527 5089 2715 5145 sancti
2775 5088 3042 5160 prresulis
3073 5088 3368 5152 virtutem,
3401 5089 3461 5143 in
3497 5085 3750 5143 ferendis

2095 5179 2530 5240 calamitatibus
2563 5179 3267 5245 fortitudinem,aﬂ'ectum
3285 5195 3422 5250 erga
3451 5177 3748 5231 Christum

2095 5272 2340 5328 mirifice
2392 5286 2702 5326 exornans.
2760 5273 3007 5324 Revocat
3065 5269 3134 5322 ad
3180 5267 3390 5322 salutis
3424 5263 3748 5318 doctrinam
3816 5296 3818 5298 τ

2096 5359 2546 5434 przedicandam,
2572 5357 2744 5427 jubet
2801 5371 3060 5412 remeare
3106 5353 3166 5408 in
3200 5351 3528 5418 ecclesiam,
3565 5364 3749 5420 popu-

2095 5449 2337 5521 lumque
2365 5447 2537 5502 verbo
2594 5446 2689 5501 Dei
2749 5460 3002 5517 pascere.
3061 5441 3434 5498 Testiticatur
3472 5451 3750 5510 magnam

2167 5753 2241 5831 (ὁ)
2273 5753 2503 5813 Sozam.
2531 5747 2638 5811 lib.
2666 5763 2748 5822 vx,
2787 5763 2914 5822 cap.
2945 5749 3001 5806 2.
