4166 6424
1708 420 1897 481 VITA
1943 420 2009 481 S’.
2061 417 2513 481 ATHANASII.

3638 430 3816 481 CXLIX

396 568 641 624 sespem
672 551 733 608 in
754 553 1029 627 precibus
1049 542 1178 625 ejus
1199 551 1516 625 repositam
1542 550 1771 605 habere.
1802 549 2043 623 Εὺχςιρι-
2079 559 2130 618 Α
2164 550 2264 604 des
2302 552 2464 604 nobis
2498 550 2859 621 episcopum.
2895 549 2998 605 Hic
3042 548 3395 620 imperator:
3442 549 3602 605 Jussi
3632 552 3816 607 Atha-

396 639 651 717 στηρίους
683 660 856 715 porro
878 643 1099 699 litteras
1122 640 1459 713 imperatori
1480 640 1852 712 rescripsisse
1883 640 2053 695 Atha-

390 733 624 788 nasium
656 732 805 789 nihil
839 734 1111 799 dubium,
1161 731 1379 803 injuria
1440 728 1664 785 scilicet
1719 734 2050 800 temporum

389 821 665 878 amissas.
688 822 886 893 Neque
908 822 990 877 ita
1012 821 1195 877 multo
1219 824 1350 893 post
1370 818 1545 874 aliam
1577 818 1738 875 dedit
1773 817 2053 872 Jovianus

388 910 461 965 ad
492 910 887 966 Athanasium
918 910 1247 982 epistolam,
1297 924 1511 980 rogans
1557 907 1689 961 fidei
1724 906 2048 977 veritatem,

383 998 445 1053 in
468 1003 773 1055 sexcentas
802 1000 1112 1071 opiniones
1136 1002 1450 1071 partesque
1473 996 1838 1062 distractam,
1862 1001 2052 1051 trans-

389 1087 584 1144 mittat
614 1088 747 1146 sibi.
779 1089 929 1144 Tum
961 1091 1224 1161 Augusto
1258 1086 1353 1142 ille
1385 1086 1625 1140 alteram
1676 1084 1837 1140 misit
1886 1087 2050 1140 tanto

390 1178 641 1246 doctore,
677 1178 778 1250 qui
811 1178 1113 1233 cumultus
1146 1182 1235 1231 est
1258 1175 1472 1244 laudis,
1510 1174 1921 1247 dignissimam
1946 1190 2048 1228 no-

390 1265 548 1321 mine
603 1267 810 1338 synodi
870 1266 1279 1337 episcoporum
1340 1263 1590 1336 Egypti,
1651 1262 1965 1318 Thebaidis
1995 1267 2051 1318 et

390 1345 577 1417 Libya:
609 1346 1002 1418 conscriptam
1033 1363 1045 1401 :
1081 1362 1197 1417 qua
1227 1362 1289 1400 se
1322 1344 1603 1417 principis
1634 1359 1770 1415 ergo
1806 1359 1896 1397 res
1936 1358 2047 1397 cce-

386 1434 564 1489 lestes
586 1451 845 1490 amorem
870 1434 1251 1506 discendique
1276 1433 1539 1489 studium
1566 1432 1862 1503 suspicere
1889 1447 2045 1486 acce-

386 1526 673 1596 ptumque
697 1523 911 1579 habere
932 1523 1279 1579 testilicatur
1304 1539 1315 1577 :
1344 1522 1640 1577 Niczenam
1682 1521 1858 1575 fidem
1887 1536 2045 1576 com-

386 1612 650 1679 mendat,
676 1613 1033 1684 Arianosque
1067 1612 1255 1684 carpit
1299 1612 1453 1682 quod
1506 1610 1678 1665 istius
1708 1609 1914 1682 synodi
1947 1609 2045 1665 de-

389 1702 561 1758 cretis
605 1707 760 1757 stare
818 1703 1188 1757 renuisseut:
1253 1701 1405 1756 unde
1464 1704 1601 1755 ortae
1632 1703 1806 1754 tantae
1837 1698 2045 1764 turbae,

390 1796 555 1848 tanta
597 1809 702 1864 per
756 1791 1075 1847 Ecclesiam
1135 1790 1403 1846 dissidia.
1465 1789 1783 1844 Enumerat
1840 1787 2047 1843 exinde

391 1880 718 1953 provincias
741 1884 797 1936 et
820 1880 1089 1952 regiones
1111 1879 1169 1934 in
1194 1878 1411 1951 quibus
1444 1879 1733 1934 obtineret
1754 1877 2045 1947 ejusmodi

391 1971 676 2036 doctrina,
701 1970 906 2042 paucis
929 1969 1249 2024 admodum
1282 1968 1513 2023 Arianis
1533 1967 1847 2023 temerario
1873 1956 2048 2037 atque

389 2060 573 2132 impio
600 2076 750 2115 ausu
784 2059 1065 2114 adversus
1096 2074 1223 2113 eam
1250 2057 1689 2123 dimicantibus,
1717 2056 2051 2111 excubanti-

385 2148 616 2221 busque
672 2148 743 2203 ad
805 2147 1042 2219 quasvis
1101 2147 1407 2201 turbarum
1466 2145 1823 2202 occasiones.
1869 2144 2050 2200 Aﬁ'ert

385 2243 589 2310 postea
608 2238 908 2293 Niczenum
933 2236 1290 2309 symbolum,
1315 2236 1405 2290 cui
1425 2234 1708 2290 nonnulla
1729 2234 2048 2307 perspicui-

386 2326 529 2383 tatis
562 2343 738 2382 causa
767 2326 1115 2397 subjungit;
1149 2324 1480 2395 iisdemque
1512 2341 1645 2379 cum
1680 2324 1793 2379 alia
1823 2341 1925 2396 per
1956 2340 2051 2380 ne.

393 2415 668 2481 cessaria,
725 2412 849 2471 tum
907 2414 1160 2470 maxime
1220 2414 1474 2484 Spiritus
1535 2414 1723 2468 sancti
1772 2413 2048 2469 deitatem

393 2504 667 2560 declarat.
701 2504 833 2569 Quae
863 2504 1167 2559 Athanasii
1229 2503 1434 2558 littera:
1492 2502 1737 2558 Joviano
1770 2508 2049 2574 pergrata}

389 2594 908 2665 perquejucundae
943 2593 1125 2664 fuere,
1160 2597 1226 2647 ut
1281 2609 1379 2648 cas
1429 2592 1703 2664 deinceps
1759 2608 1862 2647 ceu
1902 2609 2048 2647 verte

388 2681 663 2737 doctrinae
690 2686 975 2737 tesseram
1000 2681 1311 2737 censuerit.
1362 2682 1538 2736 Istam
1580 2680 1719 2736 item
1747 2679 2049 2736 Athanasii

387 2771 695 2843 epistolam
755 2770 1011 2826 celebrat
1068 2770 1381 2842 Gregorius
1439 2769 1859 2835 Nazianzenus,
1893 2770 2047 2841 quod

385 2860 566 2915 trium
591 2877 975 2933 personarum
1003 2876 1180 2915 unam
1206 2858 1549 2927 essentiam,
1574 2875 1753 2913 unam
1777 2858 2048 2914 divinita-

387 2957 506 3004 tem
539 2967 667 3005 esse
699 2949 1003 3022 propalam
1027 2954 1082 3004 et
1108 2947 1287 3004 nullis
1311 2948 1660 3019 ambagibus
1684 2948 2044 3019 profiteatur.

387 3037 715 3094 Estimavit
747 3055 918 3111 porro
951 3037 1038 3092 vir
1067 3037 1139 3093 cl.
1188 3038 1363 3093 Henr.
1432 3036 1701 3093 Valesius
1732 3035 2047 3092 Antiochiae

388 3128 524 3183 data
594 3127 887 3199 ejusmodi
968 3127 1276 3199 epistolam
1371 3127 1571 3195 fuisse,
1661 3127 1854 3182 isthuc
1911 3142 2045 3181 cum

388 3217 705 3273 Athanasio
736 3216 1011 3289 profectis
1058 3216 1324 3288 Egyptis
1374 3216 1746 3288 praesulibus.
1778 3217 1885 3271 Sed
1917 3233 2046 3271 eam

2166 639 2419 705 nasium,
2454 656 2626 710 quem
2660 639 2825 709 prius
2854 638 3168 705 habuistis,
3201 637 3261 693 in
3290 638 3499 693 throno
3522 638 3813 695 collocari.

2164 727 2312 781 Tum
2342 727 2537 782 Ariani
2564 747 2581 781 :
2611 729 2743 783 Jam
2776 728 2980 783 multis
3012 727 3183 782 annis
3242 726 3407 783 exsul
3457 732 3512 782 et
3544 744 3677 783 reus
3707 733 3813 784 est.

2162 815 2489 887 Statimque
2522 817 2691 872 miles
2740 817 2828 871 ira
2882 820 3246 872 commotus:
3284 816 3556 883 Obsecro,
3600 817 3811 889 inquit,

2161 903 2473 975 imperium
2504 911 2692 971 tuum,
2714 904 2838 975 ipse
2859 905 3124 976 inquiras
3146 904 3387 975 quinam
3410 908 3467 960 et
3492 905 3649 961 unde
3671 905 3811 961 sint.

2160 996 2308 1049 Sunt
2338 994 2494 1049 enim
2554 994 2794 1065 abjectae
2840 993 3097 1065 reliquiae
3145 993 3542 1065 Cappadociae,
3576 994 3812 1051 residua

2159 1082 2602 1154 turbaimprobi
2628 1082 2787 1138 illius
2808 1083 3058 1155 Georgii,
3094 1083 3195 1153 qui
3221 1082 3511 1138 civitatem
3552 1086 3609 1137 et
3640 1099 3813 1138 mun-

2160 1172 2300 1227 dum
2326 1172 2664 1228 universum
2688 1173 3086 1227 devastarunt.
3116 1172 3339 1234 Quibus
3360 1172 3678 1243 imperator
3707 1188 3811 1227 au-

2160 1261 2319 1328 ditis,
2346 1262 2601 1316 admotis
2632 1260 2959 1317 calcaribus
2982 1277 3202 1331 equum
3242 1260 3567 1331 concitavit,
3591 1264 3647 1316 et
3670 1259 3815 1316 abiit

2158 1350 2217 1405 in
2249 1367 2545 1422 campum.

2228 1440 2282 1494 5.
2315 1440 2429 1495 Nec
2460 1440 2749 1510 ejusmodi
2802 1439 3041 1511 repulsa
3101 1438 3407 1510 stupefacti
3464 1438 3685 1509 Ariani,
3719 1455 3810 1495 se-

2158 1529 2351 1584 cundo
2385 1529 2799 1601 imperatorem
2858 1529 2939 1583 ita
2999 1527 3418 1600 alloquuntur:
3452 1528 3535 1583 En
3595 1529 3815 1584 adsunt

2158 1618 2600 1675 criminationes
2630 1624 2688 1673 et
2747 1623 3099 1689 argumenta
3153 1617 3214 1671 in
3271 1617 3679 1682 Athanasium,
3713 1616 3815 1688 qui

2158 1712 2293 1761 ante
2323 1708 2520 1762 decem
2554 1711 2610 1761 et
2638 1706 2842 1779 viginti
2874 1723 3061 1762 annos
3092 1723 3125 1761 a
3169 1705 3551 1761 Constantino
3582 1710 3639 1761 et
3666 1704 3815 1760 Con-

2157 1797 2373 1852 stantio
2396 1797 2451 1850 in
2478 1795 2748 1851 exsilium
2775 1796 3067 1867 relegatus
3098 1800 3208 1862 est,
3232 1794 3489 1866 itemque
3538 1795 3648 1850 sub
3680 1794 3817 1851 bea-

2155 1885 2385 1940 tissimo
2414 1884 2763 1957 philos0pho
2784 1883 3019 1939 Juliano
3043 1883 3346 1939 exsulavit.
3372 1883 3597 1949 Quibus
3617 1884 3817 1955 Augu-

2158 1977 2287 2029 stus
2310 1993 2327 2026 :
2357 1974 2489 2029 Jam
2522 1973 2932 2029 obsoleverunt
2952 1990 3079 2044 quae
3107 1977 3241 2029 ante
3272 1973 3589 2038 decimum,
3612 1972 3815 2028 vicesi-

2158 2079 2320 2117 mum
2356 2066 2412 2118 et
2443 2062 2807 2117 tricesimum
2839 2079 3061 2117 annum
3089 2062 3370 2117 institutae
3402 2066 3541 2117 sunt
3573 2077 3813 2119 accusa-

2158 2151 2370 2206 tiones.
2402 2151 2484 2206 Ne
2516 2151 2657 2205 mihi
2693 2151 2764 2206 de
2789 2152 3107 2205 Athanasio
3138 2151 3315 2206 verba
3347 2150 3592 2206 faciatis.
3615 2150 3816 2223 Neque

2158 2239 2315 2295 enim
2348 2240 2552 2312 ignoro
2585 2257 2702 2312 qua
2727 2241 2799 2295 de
2829 2257 3007 2296 causa
3037 2243 3350 2296 accusatus
3370 2244 3425 2295 et
3447 2239 3812 2311 proscriptus

2160 2328 2254 2384 sit.

2228 2419 2281 2473 6.
2316 2418 2430 2474 Nec
2460 2418 2573 2473 ista
2616 2435 2847 2490 quoque
2907 2418 3205 2489 responsio
3265 2417 3516 2473 audaces
3545 2416 3817 2475 homines

2159 2508 2539 2580 compescuit.
2575 2509 2769 2563 Tertio
2802 2524 3054 2577 namque
3087 2508 3156 2562 ad
3189 2506 3497 2562 Jovianum
3529 2507 3817 2562 adeuntes

2159 2598 2364 2652 aiunt:
2391 2599 2528 2652 Alia;
2560 2614 2793 2669 quoque
2820 2600 3143 2668 suppetunt
3184 2595 3585 2651 accusationes
3614 2599 3819 2651 contra

2158 2686 2568 2742 Athanasium.
2601 2686 2824 2748 Quibus
2858 2686 3209 2758 imperator:
3244 2686 3368 2740 Non
3392 2702 3461 2740 ex
3481 2684 3739 2740 tumultu
3761 2687 3821 2740 et

2158 2775 2530 2847 loquacitate,
2564 2776 2702 2846 quid
2729 2778 2852 2846 jus,
2888 2776 3028 2845 quid
3061 2792 3295 2846 aequum
3327 2774 3404 2830 sit
3424 2773 3820 2846 deprehende-

2156 2869 2272 2920 tur.
2316 2865 2427 2920 Sed
2461 2864 2700 2937 deligite
2731 2881 2798 2919 ex
2830 2865 2994 2919 vobis
3029 2864 3198 2933 duos,
3250 2881 3319 2919 ex
3349 2862 3518 2935 plebe
3548 2863 3816 2918 totidem.

2158 2955 2391 3025 Nequeo
2415 2953 2571 3009 enim
2597 2954 2667 3007 ad
2693 2951 2958 3025 singulos
2984 2957 3244 3008 vestrum
3269 2951 3643 3023 respondere.
3666 2950 3817 3005 Tum

2159 3043 2257 3116 qui
2291 3059 2357 3097 ex
2391 3041 2557 3114 plebe
2591 3042 2869 3097 adorant:
2931 3041 3000 3096 Hi
3058 3046 3197 3097 sunt
3255 3040 3511 3112 reliquiae
3564 3039 3817 3111 improbi

2158 3132 2410 3204 Georgii,
2445 3133 2543 3203 qui
2578 3131 2884 3203 provinciae
2919 3135 3130 3187 nostrae
3164 3128 3416 3185 intulere
3458 3129 3813 3198 vastitatem,

2157 3223 2303 3278 etin
2356 3222 2692 3276 civitatibus
2751 3220 2977 3274 nullum
3038 3220 3356 3291 permisere
3414 3216 3815 3274 consiliarium

390 3307 766 3373 sententiam,
846 3310 1048 3377 utpote
1128 3306 1489 3361 Theodoreto
1570 3305 1818 3376 aliisque
1902 3304 2044 3360 scri-
2078 3300 2120 3366 C
2158 3311 2420 3366 habitare
2452 3310 2546 3381 (b).
2586 3351 2598 3363 .
2636 3351 2647 3363 .
2689 3351 2701 3363 .
2741 3353 2751 3364 .
2785 3310 3095 3363 Instubant
3122 3307 3361 3362 Ariani:
3396 3308 3817 3378 Quemcunque

390 3396 660 3468 ptoribus
720 3395 1048 3462 adversam,
1113 3394 1383 3467 pluribus
1441 3395 1501 3469 in
1534 3393 1753 3450 Monito
1786 3394 2050 3450 confuta-

394 3500 550 3539 IDUS.

465 3575 514 3627 4.
551 3573 901 3629 Athanasius
932 3574 1007 3629 ad
1037 3576 1332 3631 Jovianum
1362 3574 1479 3629 adit
1509 3574 1872 3629 Antiochiam.
1898 3574 2055 3629 Aria-

391 3680 606 3719 norum
637 3662 880 3736 querelm
911 3665 972 3718 in
1002 3662 1393 3729 Athanasium,
1437 3670 1489 3719 et
1537 3680 1791 3734 responsa
1819 3665 2057 3719 Ioviani.

393 3754 745 3824 -—Accepta
796 3752 1077 3809 Jovianus
1133 3752 1439 3809 Athanasii
1497 3752 1761 3825 epistola,
1822 3754 1951 3824 ejus
1980 3753 2062 3807 vi-

398 3842 576 3898 dendi
609 3841 898 3899 desiderio
956 3844 1234 3915 flagrans,
1293 3860 1425 3898 sum
1484 3847 1649 3915 rogat
1695 3843 2058 3899 Antiochiam

394 3931 823 4005 proficiscatur.
869 3932 992 3995 Quo
1034 3948 1167 3987 cum
1223 3930 1321 3988 ille
1379 3932 1789 4001 concessisset,
1822 3932 2066 3989 comiter

396 4025 670 4093 exceptus
700 4020 773 4076 ab
803 4023 1088 4093 Augusto,
1122 4039 1156 4077 a
1187 4021 1473 4088 consiliis,
1507 4026 1570 4077 ut
1608 4022 1746 4077 licet
1767 4021 2065 4095 augurari,

398 4110 515 4183 ipsi
553 4109 685 4177 fuit,
720 4114 775 4165 et
836 4110 1314 4166 machinamenta
1375 4112 1781 4167 haereticorum
1816 4111 2065 4183 aperuit,

403 4200 781 4255 commodum
817 4216 959 4255 sane
992 4199 1051 4255 in
1084 4200 1187 4255 tali
1238 4216 1433 4255 rerum
1484 4201 1833 4256 conditione.
1871 4200 2065 4255 Enim-

410 4305 547 4345 vero
577 4289 928 4345 Arianorum
971 4288 1289 4361 principes,
1343 4290 1496 4346 inter
1549 4308 1695 4362 quos
1757 4290 1971 4346 Lucius
1999 4290 2070 4345 ad

403 4376 639 4450 Georgii
668 4377 1000 4450 implendas
1050 4378 1206 4436 vices
1262 4379 1488 4451 pridem
1521 4381 1591 4434 ab
1624 4379 1858 4435 Arianis
1891 4379 2072 4435 desti-

404 4466 835 4538 natus)necnou
859 4467 1239 4523 Bernicianus
1262 4469 1457 4524 nescio
1471 4469 1674 4541 Aquis,
1699 4468 2069 4524 Antiochiam

405 4561 835 4624 concesserant,
868 4556 1259 4613 Athanasium
1290 4560 1552 4630 Augusto
1579 4559 1649 4614 de
1673 4559 1875 4614 multis
1898 4558 2072 4613 scele-

2160 3400 2415 3456 volueris
2445 3404 2653 3471 praeter
2680 3398 3095 3453 Athanasium.
3128 3398 3256 3452 Dixi
3305 3397 3491 3463 vobis,
3524 3396 3606 3451 ait
3636 3396 3823 3467 impe-

2164 3495 2341 3555 rator,
2375 3506 2501 3561 quae
2550 3488 2937 3543 Athanasium
3000 3490 3268 3558 spectant
3320 3486 3447 3556 jam
3506 3484 3827 3540 constituta

2166 3595 2334 3641 esse;
2366 3584 2421 3633 et
2452 3577 2534 3632 ire
2565 3582 2916 3646 commotus,
2952 3577 3095 3643 Feri,
3132 3576 3256 3642 feri,
3291 3575 3603 3630 clamabat.
3632 3572 3826 3631 Nihilo

2167 3668 2367 3723 Ariani
2401 3667 2636 3722 minus:
2672 3666 2733 3721 Si
2787 3666 3007 3736 mittas,
3063 3664 3364 3736 inquiunt,
3416 3662 3826 3729 Athanasium,

2172 3759 2328 3831 perit
2360 3757 2563 3812 civitas
2586 3762 2785 3811 nostra
2811 3773 2824 3822 ;
2849 3771 3021 3810 nemo
3045 3770 3179 3809 cum
3219 3752 3321 3809 illo
3341 3752 3650 3809 consentit.
3684 3751 3832 3807 Con-

2170 3850 2260 3902 tra
2293 3846 2650 3918 imperator:
2684 3844 2860 3915 Atqui
2921 3844 3232 3915 diligenter
3286 3842 3642 3910 sciscitatus,
3701 3839 3836 3897 novi

2172 3936 2342 3991 illum
2373 3940 2527 3991 recte
2560 3934 2780 3990 sentire
2813 3950 2878 3989 ac
2902 3934 3128 4000 docere,
3152 3931 3661 4003 orthodoxumque
3683 3944 3835 3986 esse.

2179 4025 2269 4082 Illi
2301 4024 2710 4097 impudenter:
2746 4022 2853 4078 Ore
2888 4022 3127 4093 quidem
3160 4020 3613 4093 recteloquitur,
3642 4019 3838 4075 animo

2177 4119 2372 4171 autem
2408 4113 2609 4169 dolose
2640 4112 2837 4168 sentit.
2872 4113 3017 4167 Tum
3053 4114 3257 4183 argute
3288 4109 3649 4182 imperator:
3683 4108 3838 4164 Satis

2179 4208 2270 4261 est
2297 4202 2601 4259 testiﬁcari
2634 4220 2737 4257 vos
2771 4219 2903 4257 eum
2938 4206 3089 4256 recte
3120 4199 3279 4271 loqui
3312 4216 3378 4255 ac
3418 4199 3643 4255 docere.
3669 4197 3835 4263 Quod

2181 4293 2230 4349 si
2254 4293 2458 4365 lingua
2478 4292 2716 4363 quidem
2744 4296 2897 4346 recte
2919 4290 3200 4361 loquitur,
3226 4288 3423 4344 animo
3446 4292 3640 4343 autem
3665 4301 3838 4359 prave

2182 4383 2379 4449 sentit,
2414 4398 2505 4437 res
2564 4380 2646 4435 illi
2706 4397 2839 4435 cum
2872 4380 2987 4434 Deo
3020 4382 3130 4434 est.
3164 4378 3281 4433 Nos
3321 4377 3538 4449 quippe
3569 4377 3840 4432 homines

2180 4488 2510 4529 sermonem
2546 4476 2772 4525 tantum
2809 4468 3127 4534 audimus;
3160 4484 3287 4537 quae
3340 4458 3538 4522 autem
3570 4466 3629 4520 in
3666 4464 3840 4521 corde

2180 4563 2364 4617 latent
2392 4559 2551 4616 novit
2603 4576 2756 4613 unus
2816 4562 2987 4612 Deus.
3045 4556 3247 4610 Ariani
3304 4571 3478 4611 vero:
3537 4554 3686 4610 Jube
3736 4570 3842 4609 nos

407 4645 579 4701 ribus
610 4645 884 4714 delaturi,
926 4649 1080 4718 quod
1142 4653 1487 4719 perpetuum
1548 4652 1672 4703 erat
1710 4663 1913 4703 eorum
1946 4651 2069 4703 stu-
2102 4670 2149 4734 Β
2182 4654 2501 4707 conventus
2526 4647 2836 4704 celebrare.
2865 4647 3219 4717 Imperator:
3245 4644 3385 4708 Quis
3409 4661 3509 4698 vos
3532 4641 3841 4734 prohibet?

410 4734 598 4792 dium.
629 4735 892 4798 Quadam
920 4751 1054 4807 ergo
1087 4737 1182 4791 die
1211 4736 1289 4809 (α)
1319 4736 1564 4793 Joviano
1612 4754 1714 4809 per
1740 4737 2069 4792 Remanen-

411 4839 534 4881 sem
590 4827 817 4896 portam
904 4824 962 4879 in
1025 4841 1234 4897 agrum
1294 4828 1666 4892 concedente,
1720 4826 2072 4899 inexpectati

412 4913 754 4968 accedentes
820 4912 1024 4968 Ariani
1071 4914 1321 4986 ngyptii
1356 4917 1689 4987 Augustum
1720 4914 2076 4986 compellant

414 5001 509 5056 his
536 5001 767 5057 verbis:
804 5002 1103 5074 Rogamus
1137 5004 1482 5075 potentiam,
1528 5004 1864 5076 imperium,
1895 5004 2077 5076 pieta-

420 5094 539 5145 tem
571 5094 757 5157 tuam,
818 5107 924 5146 nos
983 5092 1208 5147 audias.
1272 5093 1499 5156 Quibus
1530 5092 1663 5148 ille:
1719 5092 1990 5157 Quinam,
2023 5096 2080 5146 et

417 5179 573 5235 unde
604 5178 745 5235 estis
768 5180 795 5235 ?
826 5180 929 5236 Cui
956 5180 1079 5236 illi:
1115 5181 1458 5252 Christiani,
1491 5182 1748 5238 domine.
1781 5182 1966 5249 Unde,
2000 5181 2082 5237 ait

414 5268 756 5341 imperator,
782 5274 839 5325 et
860 5287 927 5326 ex
949 5287 1065 5342 qua
1096 5271 1330 5326 civitate
1350 5271 1377 5325 ‘I
1400 5272 1809 5343 Respondent:
1843 5271 2083 5327 Alexan-

419 5358 611 5414 drina.
646 5359 1007 5432 Imperator:
1045 5360 1194 5424 Quid
1237 5359 1598 5432 postulatis?
1655 5361 1806 5417 Tum
1837 5358 2036 5415 Ariani
2067 5376 2081 5415 :

422 5445 719 5519 Rogamus
754 5447 1072 5520 potentiam
1105 5451 1267 5504 tuam
1310 5452 1367 5504 et
1422 5448 1734 5521 imperium
1794 5452 1988 5518 tuum,
2021 5452 2087 5504 ut

523 5679 579 5756 ᾳ)
607 5678 825 5756 Athan.
856 5680 1021 5756 Petit.
1054 5679 1125 5736 ad
1151 5682 1444 5739 Jovianum
1474 5683 1739 5756 imperat.

523 5679 579 5747 a)
607 5678 825 5735 Athan.
856 5680 1021 5737 Petit.
1054 5679 1125 5736 ad
1151 5682 1444 5739 Jovianum
1474 5683 1739 5756 imperat.

498 5677 579 5832 ib)
608 5750 743 5812 Haec
771 5751 1080 5831 ipsissima
1110 5757 1251 5813 sunt
1281 5756 1474 5814 verba.
1508 5756 1721 5819 Athan.
1764 5756 1908 5820 ibid.

752 5881 1021 5948 ΡΑτιιοι..
1072 5883 1183 5947 Ge.
1218 5882 1405 5951 XXV.

2181 4741 2269 4797 Illi
2311 4743 2515 4795 contra
2540 4754 2551 4793 :
2579 4737 2889 4792 Haereticos
2912 4740 2969 4790 et
3000 4734 3389 4806 dogmatistas
3420 4749 3529 4788 nos
3558 4731 3835 4805 appellat.

2182 4828 2409 4894 Quibus
2437 4829 2778 4899 Augustus:
2820 4826 2933 4880 Hoc
2981 4825 3109 4893 ejus
3139 4827 3228 4878 est
3283 4822 3567 4890 officium,
3619 4838 3848 4877 necnon

2185 4935 2386 4976 eorum
2429 4916 2530 4989 qui
2554 4920 2704 4971 recte
2726 4916 2956 4971 docent.
2987 4913 3202 4968 Iterum
3226 4912 3423 4967 Ariani
3451 4929 3464 4966 :
3516 4911 3681 4966 Hunc
3703 4910 3852 4965 ferre

2186 5025 2303 5064 non
2334 5021 2691 5079 possumus;
2734 5021 2870 5059 nam
2907 5006 2963 5059 et
2992 5018 3163 5073 agros
3206 5000 3600 5056 Ecclesiarum
3635 4999 3694 5053 in
3727 5014 3851 5054 rem

2189 5096 2485 5170 propriam
2520 5093 2775 5150 divertit.
2823 5094 3143 5164 Imperator
3196 5095 3434 5146 autem:
3464 5088 3850 5145 Pecuniarum

2190 5186 2389 5259 igitur,
2424 5189 2480 5239 et
2511 5201 2624 5239 non
2660 5182 2794 5237 ﬁdei
2817 5198 3015 5249 causa,
3035 5180 3151 5234 huc
3172 5178 3524 5235 accessistis.
3547 5177 3855 5233 Subdiditn

2194 5292 2306 5346 que
2339 5291 2353 5329 :
2418 5273 2709 5338 Recedite,
2744 5272 2801 5325 in
2849 5268 3158 5325 ecclesiam
3190 5268 3506 5324 concedite.
3540 5267 3680 5322 Cras
3712 5283 3850 5322 con-

2191 5367 2403 5419 ventus
2434 5361 2597 5418 vobis
2628 5360 2760 5431 erit,
2794 5366 2851 5414 et
2881 5362 3013 5431 post
3052 5356 3483 5423 dimissionem,
3517 5356 3735 5412 adsunt
3756 5354 3855 5411 hic

2197 5451 2475 5526 episcopi,
2508 5451 2770 5524 itemque
2792 5447 3162 5505 Nemesinus.
3189 5445 3451 5520 Quisque
3479 5450 3741 5504 vestrum
3758 5459 3850 5503 se-
