4166 6400
339 413 409 460 cr.
1732 402 2311 466 PROLEGOMENA
2325 450 2338 464 .

335 531 598 587 cundum
630 533 808 590 ﬁdem
841 551 1008 591 suam
1041 535 1532 609 subscriptionem
1589 536 1771 592 dabit.
1804 537 1983 592 Adest
2011 537 2067 604 Α
2097 537 2506 603 extrahebatis,
2567 539 2800 610 quando
2858 539 2928 594 de
2985 538 3399 595 communione
3457 553 3591 594 cum
3620 535 3750 610 ipso

336 621 514 676 etiam
540 622 917 681 Athanasius.
943 625 1050 690 Qui
1081 627 1213 681 ﬁdei
1241 626 1568 682 doctrinam
1587 625 1836 698 ignorat,
1864 626 1986 681 edi-

337 713 462 765 scat
491 710 564 764 ab
593 711 714 768 illo.
748 713 866 768 Erit
893 715 1056 770 vobis
1088 715 1412 772 crastinum
1473 720 1532 772 et
1580 715 1987 788 perendinum.

336 798 617 871 Egredior
640 801 795 856 enim
830 801 884 856 in
917 819 1211 875 campum.

406 887 464 941 7.
516 888 763 954 Quidam
821 894 1013 947 autem
1075 893 1464 950 scholasticus
1519 911 1585 950 ex
1639 894 1988 967 Cynicorum

339 992 583 1033 numero
605 984 957 1050 conquestus
979 983 1133 1053 apud
1171 983 1583 1055 imperatorem
1626 989 1713 1038 est
1735 981 1987 1038 Catholi-

339 1081 471 1120 cum
496 1065 614 1121 sive
635 1067 977 1124 rationalem
1001 1071 1152 1126 aedes
1185 1071 1295 1127 sibi
1338 1071 1644 1144 eripuisse,
1689 1072 1778 1126 cui
1804 1072 1988 1142 impe-

342 1157 535 1210 rator:
569 1155 618 1210 si
650 1156 985 1214 Catholicus
1019 1161 1171 1215 aedes
1202 1160 1306 1216 tibi
1339 1160 1575 1232 eripuit,
1604 1159 1741 1232 quid
1776 1159 1885 1214 hoc
1915 1159 1986 1214 ad

335 1242 721 1300 Athanasium
753 1245 781 1299 ?
823 1246 985 1302 Alius
1025 1248 1164 1304 item
1206 1249 1613 1317 scholasticus,
1649 1249 1741 1304 cui
1774 1264 1986 1304 nomen

337 1331 592 1404 Patalas,
625 1333 770 1390 dixit
800 1338 1236 1394 accusationem
1274 1339 1487 1394 habere
1549 1354 1610 1394 se
1648 1337 1706 1393 in
1742 1337 1986 1393 Athana-

335 1419 490 1475 sium
511 1422 937 1493 proferendam.
963 1427 1113 1481 Tum
1135 1427 1412 1482 Jovianus
1438 1446 1450 1483 :
1476 1426 1695 1498 Ecquid
1718 1425 1822 1481 tibi
1849 1442 1981 1482 cum

334 1507 703 1580 Christianis,
747 1529 880 1569 cum
939 1513 1020 1570 sis
1065 1515 1343 1586 gentilis?
1391 1515 1637 1580 Quidam
1687 1522 1883 1570 autem
1917 1532 1984 1571 ex

335 1596 502 1670 plebe
530 1600 893 1658 Antiochena
939 1605 1430 1676 comprehensum
1458 1604 1698 1660 Lucium
1731 1604 1982 1676 impera-

335 1686 444 1742 tori
478 1689 786 1746 olferentes
812 1709 823 1747 :
856 1692 998 1748 Vide
1021 1710 1238 1765 quaeso,
1264 1695 1449 1760 aiunt,
1477 1710 1650 1766 quem
1675 1693 1985 1749 voluerunt

335 1776 674 1848 episcopum
708 1781 1079 1838 constituere.

2101 627 2355 682 ineunda
2370 631 2659 700 ageretur,
2680 627 2902 684 litteras
2923 629 3190 701 accipiat.
3213 628 3378 684 Certe
3394 627 3561 684 aiunt
3581 626 3751 682 illum

2102 733 2335 771 summo
2358 717 2554 772 studio
2575 722 2829 772 vestram
2855 717 3104 789 gratiam
3138 717 3447 789 mutuique
3469 715 3643 772 officii
3667 730 3756 771 so-

2101 805 2366 860 cietatem
2398 805 2828 878 efﬂagitavisse,
2880 810 2936 861 et
2974 807 3101 877 jam
3134 822 3506 878 summopere
3539 804 3752 874 dolere,

2099 896 2224 948 tum
2250 895 2404 965 quod
2430 911 2495 950 eo
2519 899 2779 966 tempore
2811 910 2933 950 rem
2973 899 3322 951 consecutus
3345 912 3460 952 non
3493 894 3590 965 sit,
3623 896 3750 949 tum

2100 984 2254 1054 quod
2272 985 2397 1054 jam
2409 999 2592 1038 vacua
2612 988 2668 1038 et
2687 982 3051 1040 infructuosa
3066 984 3359 1057 promissa
3375 989 3568 1040 vestra
3587 995 3752 1054 expe-

2099 1073 2300 1127 riatur.
2340 1094 2365 1120 ››
2399 1075 2541 1127 Cum
2575 1073 2771 1144 itaque
2797 1073 3094 1145 repulsam
3143 1073 3486 1145 hujusmodi
3517 1089 3552 1128 a
3580 1069 3747 1128 Mele-

2097 1160 2276 1215 tianis
2307 1159 2540 1216 tulisset
2571 1161 2949 1228 Athanasius,
2977 1161 3236 1234 pacificis
3259 1161 3466 1217 exinde
3493 1159 3748 1216 mutuis-

2098 1265 2210 1320 que
2231 1249 2440 1305 litteris
2461 1249 2798 1306 societatem
2819 1251 2956 1306 fovit
2973 1267 3108 1306 cum
3131 1250 3398 1318 Paulino,
3423 1249 3535 1306 alio
3558 1248 3751 1306 catho-

2097 1337 2343 1393 licarum
2376 1338 2630 1410 partium
2664 1339 2958 1412 episcopo.

2169 1433 2330 1481 Auno
2360 1427 2485 1482 364.
2519 1459 2588 1468 —-
2619 1432 2769 1484 Mors
2797 1430 3036 1485 Ioviani.
3083 1429 3147 1484 In
3192 1429 3348 1501 cujus
3405 1429 3582 1485 locum
3609 1427 3748 1484 deli-

2093 1518 2243 1587 gitur
2277 1517 2710 1584 Valentinianus,
2738 1520 2834 1589 qui
2860 1519 2970 1573 sibi
3004 1518 3283 1574 Valentem
3328 1520 3546 1574 asciscit
3574 1518 3747 1590 impe—

2094 1607 2170 1660 rii
2197 1610 2516 1662 consortem.
2549 1635 2616 1648 —-
2648 1606 2898 1662 Grandis
2921 1618 3222 1679 sane'spes
3259 1607 3574 1663 Catholicis
3604 1610 3751 1674 erat,

2094 1694 2142 1749 si
2161 1696 2231 1750 ad
2253 1695 2506 1750 multum
2529 1696 2811 1767 temporis
2833 1701 3130 1768 superstes
3153 1701 3211 1752 et
3231 1696 3546 1753 incolumis
3565 1696 3754 1752 Jovia-

2094 1801 2206 1840 nus
2237 1784 2460 1850 fuisset,
2485 1786 2763 1840 Arianam
2785 1785 3054 1841 haeresim
3096 1786 3362 1841 funditus
3383 1787 3754 1843 evertendam

402 1867 474 1974 8..
492 1869 690 1974 Lucius
718 1870 1022 1942 alloquitur
1050 1874 1468 1976 imperatorem:
1493 1903 1560 1914 —
1593 1873 1720 1971 Ipse
1751 1887 1982 1976 quoque
2017 1912 2062 1976 B
2103 1874 2222 1928 fore
2248 1873 2433 1976 (c‘).-A_t
2449 1873 2675 1972 occulto
2698 1874 3055 1976 providentis
3093 1873 3202 1976 Dei,
3216 1875 3478 1974 consilio,
3504 1875 3756 1931 necdum

337 1962 552 2019 Lucius
604 1961 1014 2034 imperatorem
1074 1963 1342 2017 convenit
1401 1962 1471 2017 ad
1515 1962 1729 2018 atrium
1761 1961 1982 2034 palatii,

336 2053 532 2126 aitque
561 2069 575 2124 ς
607 2051 856 2108 Obsecro
889 2051 1205 2123 potentiam
1239 2057 1422 2119 tuam,
1457 2066 1549 2106 me
1581 2050 1806 2106 audias.
1832 2052 1983 2106 Tum

333 2145 654 2217 imperator
683 2141 970 2206 substitit,
1017 2145 1074 2197 et
1105 2140 1220 2195 ait:
1281 2141 1410 2194 Tibi
1459 2141 1633 2195 Lucio
1683 2140 1834 2207 dico,
1868 2157 1983 2211 quo

333 2237 502 2308 pacto
533 2233 648 2287 huc
679 2230 888 2286 venisti
915 2230 942 2284 ?
977 2229 1204 2299 navine,
1233 2246 1304 2284 an
1338 2230 1514 2302 pedes
1537 2229 1564 2284 ?
1595 2229 1698 2285 Cui
1732 2229 1981 2284 Lucius:

331 2323 494 2380 Navi.
527 2320 857 2392 Statimque
875 2318 1178 2389 Jovianus,
1222 2324 1278 2374 et
1309 2317 1491 2373 facete
1521 2318 1758 2390 quidem
1786 2334 1797 2372 :
1831 2319 1985 2374 Deus

332 2412 540 2469 mundi
597 2416 654 2466 et
706 2413 972 2465 comatus
1028 2408 1114 2464 sol
1173 2412 1347 2478 atque
1404 2407 1545 2463 luna
1606 2407 1677 2462 iis
1744 2424 1983 2464 succen-

332 2506 475 2574 seat,
504 2500 605 2574 qui
637 2505 830 2556 tecum
865 2497 1255 2569 ‘navigarunt,
1288 2497 1440 2568 quod
1501 2514 1614 2552 non
1646 2501 1701 2551 te
1733 2495 1791 2550 in
1823 2512 1984 2552 mare

332 2592 695 2665 abjecerint:
729 2593 786 2645 et
816 2587 980 2643 navis
1021 2586 1123 2641 illa
1180 2603 1503 2658 numquam
1564 2587 1621 2641 in
1684 2591 1981 2658 posterum

333 2679 608 2739 secundis
640 2679 866 2734 fruatur
893 2676 1099 2740 ventis,
1133 2691 1238 2730 nec
1296 2691 1428 2730 cum
1455 2676 1676 2745 jactata
1706 2674 1982 2730 fluctibus

332 2770 462 2841 erit,
495 2785 627 2825 cum
662 2764 1074 2838 navigantibus
1108 2780 1367 2836 unquam
1397 2764 1468 2820 ad
1521 2767 1751 2836 portum
1786 2763 1984 2836 appel-

333 2859 457 3004 latis.
500 2952 642 3003 Cum
674 2949 869 3002 autem
901 2943 1095 2999 Ariani
1128 2942 1427 2998 eunuchos
1477 2942 1610 3009 sibi,
1645 2941 1980 2998 Probatium

331 3038 553 3097 scilicet
583 3041 639 3093 et
664 3035 853 3092 socios
883 3032 1116 3089 Eusebii
1147 3036 1204 3086 et
1250 3031 1556 3087 Bardionis
1588 3047 1979 3101 successores,

329 3127 530 3185 Euzoii
560 3143 736 3198 opera
765 3121 1176 3180 conciliassent
1209 3146 1222 3188 ;
1282 3121 1392 3175 rati
1454 3120 1698 3175 fortasse
1733 3124 1796 3174 ut
1826 3120 1981 3191 apud

328 3216 756 3283 Constantium,
789 3214 871 3269 ita
895 3215 952 3268 et
982 3212 1131 3284 apud
1178 3209 1491 3266 Jovianum
1524 3210 1813 3280 spadones
1841 3207 1897 3264 vi
1927 3211 1984 3265 et

2096 1968 2222 2016 octo
2249 1963 2320 2016 ab
2345 1962 2511 2017 initio
2539 1961 2784 2034 imperio
2807 1963 3114 2018 mensibus
3155 1962 3394 2035 elapsis,
3426 1965 3758 2020 Dadastane

2095 2052 2162 2106 ad
2196 2051 2474 2122 Bithynia}
2497 2052 2640 2106 lines
2663 2050 2857 2106 subito
2883 2052 3215 2108 exstinctus
3239 2056 3348 2120 est,
3402 2052 3497 2107 die
3527 2053 3758 2108 decima

2096 2141 2346 2211 septima
2370 2141 2690 2208 Februarii,
2722 2157 2874 2196 anno
2895 2141 3019 2196 364.
3045 2141 3224 2213 Cujus
3250 2141 3400 2208 loco,
3423 2145 3644 2213 septem
3671 2141 3757 2196 in-

2094 2231 2396 2303 terpositis
2428 2230 2654 2299 diebus,
2690 2231 3082 2304 inauguratur
3112 2231 3182 2286 ab
3219 2231 3473 2287 exercitu
3501 2230 3756 2287 Valenti-

2096 2321 2313 2376 nianus
2344 2320 2431 2375 vir
2459 2321 2828 2376 Christianus
2857 2326 2914 2376 et
2965 2321 3140 2392 pius;
3201 2320 3300 2393 qui
3356 2322 3466 2378 sub
3518 2320 3752 2378 Juliano

2093 2409 2310 2465 Christi
2337 2427 2546 2465 nomen
2572 2413 2897 2476 confessus,
2925 2409 3134 2483 pulsus
3159 2411 3216 2464 in
3249 2409 3520 2466 exsilium
3545 2411 3752 2467 fuerat.

2093 2501 2160 2554 Et
2191 2517 2331 2554 sane
2359 2499 2407 2554 si
2431 2499 2611 2569 solus,
2639 2517 2752 2554 non
2777 2500 3039 2555 admisso
3062 2505 3328 2556 consorte
3351 2499 3603 2573 imperii,
3629 2499 3747 2556 cla-

2091 2606 2228 2643 vum
2248 2589 2553 2655 tenuisset,
2581 2588 2976 2661 redintegrata
2999 2605 3156 2660 spes,
3183 2594 3239 2644 et
3260 2594 3351 2644 sat
3372 2594 3745 2661 prospectum

2094 2676 2423 2748 reipublicae
2455 2676 2796 2732 Christianae
2852 2677 3159 2732 commodo
3221 2680 3278 2731 et
3326 2677 3563 2732 utilitati
3597 2682 3742 2734 erat.

2093 2767 2300 2823 Verum
2325 2766 2382 2820 in
2408 2782 2642 2838 gravem
2665 2764 2932 2821 Ecclesia
2980 2765 3295 2837 perniciem
3346 2783 3525 2823 xxvm
3557 2766 3746 2822 Martii

2092 2855 2271 2926 hujus
2297 2854 2434 2909 anni
2455 2853 2754 2909 Valentem
2782 2853 3018 2909 fratrem
3042 2855 3387 2926 pronuntiat
3431 2854 3745 2928 imperato-

2093 2961 2254 3000 rem:
2289 2944 2592 3014 divisoque
2648 2943 2914 3015 imperio,
2974 2943 3346 2999 Occidentem
3397 2944 3531 3016 sibi,
3583 2944 3747 3000 fratri

2092 3033 2385 3089 Orientem
2418 3031 2700 3103 assignat.
2733 3031 2840 3096 Qui
2898 3031 3111 3087 Valens
3152 3033 3389 3104 quantis
3419 3033 3747 3090 Catholicos

2093 3121 2263 3176 malis
2297 3121 2571 3189 effecerit,
2607 3137 2640 3175 a
2669 3119 2846 3176 nullis
2879 3138 2992 3176 non
3028 3121 3187 3176 illius
3218 3122 3318 3176 aevi
3360 3122 3746 3196 scriptoribus

2093 3215 2383 3268 narratur.

327 3306 514 3382 gratia
542 3305 753 3376 valere,
786 3319 847 3358 re
877 3302 1108 3374 cognita
1156 3299 1494 3370 imperator,
1553 3297 1853 3355 eunuchos
1885 3314 1979 3354 ex-
2011 3283 2053 3348 Cn
2163 3304 2326 3356 ANNO
2382 3301 2505 3355 365.
2566 3332 2635 3340 —
2685 3301 2831 3357 Mors
2890 3300 3148 3357 Theodori
3201 3299 3436 3356 abbatis.
3487 3299 3746 3356 -—Prio-

328 3396 674 3454 cruciandos
706 3393 903 3464 tradit,
945 3392 1026 3445 ita
1056 3390 1323 3445 locutus:
1359 3388 1487 3443 Haec
1533 3388 1788 3460 patiatur
1817 3387 1980 3460 quis-

327 3488 462 3561 quis
494 3502 675 3542 ausus
704 3483 880 3538 fuerit
899 3480 1262 3537 Christianos
1285 3477 1528 3533 deferre.
1571 3483 1760 3550 Atque
1783 3477 1864 3534 ita
1893 3477 1982 3532 di-

329 3577 494 3634 misit
523 3593 620 3632 eos
648 3573 948 3629 Jovianus.

400 3667 490 3732 40,
524 3664 873 3719 Athanasius
902 3661 1100 3732 quaerit
1129 3658 1360 3730 gratiam
1396 3659 1541 3712 inire
1569 3656 1774 3714 Melctii
1799 3658 1986 3714 Antio-

329 3756 508 3813 cheni.
541 3783 611 3794 --
640 3749 946 3806 Athanasii
979 3748 1212 3804 animus
1249 3749 1392 3816 erat,
1447 3763 1581 3801 cum
1612 3746 1984 3802 Antiochiam

332 3843 819 3918 proficisceretur,
855 3837 999 3893 nihil
1035 3854 1147 3892 non
1205 3852 1377 3907 agerc
1429 3835 1807 3891 conciliandae
1847 3853 1983 3891 cum

331 3931 559 3990 Meletio
588 3929 946 3986 Antiocheno
980 3925 1174 3999 gratiae
1206 3941 1403 3979 causa.
1451 3925 1560 3979 Sed
1595 3928 1984 3979 veteratorum

329 4022 636 4080 hominum
669 4015 913 4074 consilio
947 4015 1190 4080 factum,
1224 4022 1284 4068 ut
1316 4014 1386 4067 ad
1422 4013 1581 4067 aliud
1623 4016 1858 4083 tempus
1888 4030 1984 4068 ex-

326 4115 513 4168 tracta
543 4126 634 4165 res
663 4106 855 4163 fuerit.
889 4109 955 4160 Et
985 4119 1197 4174 magno
1229 4102 1466 4174 quidem
1508 4118 1678 4174 opere
1710 4100 1806 4157 ille
1838 4103 1983 4159 nite-

325 4201 501 4257 batur
521 4214 723 4270 pacem
747 4191 1298 4263 communionisquc
1317 4189 1652 4247 societatem
1681 4191 1826 4247 inire
1850 4209 1981 4248 cum

327 4288 677 4354 Meletianis,
701 4299 1196 4354 communemque
1219 4298 1457 4354 operam
1482 4281 1658 4337 rebus
1707 4282 1981 4338 ecclesia-

325 4379 487 4436 sticis
518 4378 799 4434 conferre.
832 4374 1051 4429 Verum
1085 4370 1192 4442 illi,
1227 4371 1346 4426 sive
1381 4369 1607 4425 Paulini
1649 4357 1837 4426 amico
1871 4371 1980 4426 dif-

324 4469 417 4525 ﬁsi
451 4467 548 4541 (α),
581 4466 700 4522 sive
757 4463 868 4520 alio
920 4459 1335 4533 interpellante
1383 4459 1636 4532 negotio,
1671 4460 1980 4532 promissis

325 4558 560 4631 quidem
617 4553 938 4611 Athanasio
991 4566 1156 4623 spem
1217 4551 1400 4606 fecere
1459 4549 1831 4620 perﬁciundae
1873 4549 1975 4618 rei,

2093 3391 2256 3447 ribus
2288 3395 2483 3446 tamen
2518 3391 2590 3445 ab
2622 3391 2861 3446 ineunte
2889 3389 3150 3446 Valentis
3173 3390 3417 3463 imperio
3439 3388 3612 3447 annis
3634 3404 3747 3463 pax

2094 3481 2407 3536 Athanasio
2440 3481 2549 3536 fuit
2578 3499 2612 3535 a
2663 3480 3065 3538 vexationibus
3125 3486 3181 3536 et
3236 3481 3536 3552 aerumnis,
3571 3484 3746 3552 atque

2095 3571 2340 3625 facultas
2371 3570 2646 3625 edocendi
2681 3569 2863 3625 libere
2894 3569 3115 3641 populi.
3148 3571 3314 3625 Anno
3341 3574 3538 3626 autem
3577 3569 3744 3625 circi-

2094 3664 2182 3715 ter
2210 3661 2316 3713 365
2347 3659 2690 3715 Theodorus
2720 3658 2817 3713 ille
2849 3660 3030 3714 abbas
3064 3658 3160 3730 (ἀ),
3194 3660 3433 3730 quicum
3484 3657 3746 3714 Athana-

2095 3748 2220 3804 sius
2251 3747 2412 3804 exsul
2445 3752 2501 3802 et
2548 3747 2830 3818 profugus
2887 3747 3045 3802 haud
3103 3747 3284 3802 semel
3340 3751 3607 3803 versatus
3636 3751 3745 3818 est,

2097 3835 2253 3891 diem
2288 3835 2432 3891 obiit
2462 3839 2810 3890 extremum.
2847 3836 2967 3899 Quo
2999 3833 3220 3905 perlato
3251 3835 3322 3889 ad
3367 3835 3747 3892 Athanasium

2096 3924 2322 3994 nuntio,
2351 3924 2576 3978 litteras
2600 3923 2698 3977 ille
2716 3921 3139 3978 consolatorias
3171 3923 3389 3978 Orsisio
3423 3923 3621 3978 abbati
3644 3924 3749 3978 mi-

2095 4013 2171 4068 sit
2201 4017 2257 4067 et
2289 4011 2590 4066 monachis
2621 4010 2670 4065 ei
2703 4010 2976 4080 subditis,
3028 4011 3244 4081 quibus
3309 4010 3657 4067 testificatur
3685 4029 3747 4069 se

2094 4119 2325 4157 summe
2356 4101 2426 4155 de
2457 4099 2618 4155 obitu
2652 4104 2771 4155 tam
2804 4099 3066 4172 praeclari
3098 4099 3205 4154 viri
3238 4099 3452 4168 dolere,
3477 4101 3535 4155 in
3569 4118 3744 4158 usum

2094 4208 2159 4246 ac
2192 4190 2442 4246 salutem
2474 4189 2719 4244 fratrum
2750 4188 2866 4244 nati
2898 4206 2911 4256 ;
2946 4188 3150 4244 multis
3191 4189 3464 4259 lacrymis
3495 4195 3744 4248 mortem

2091 4279 2216 4350 ejus
2230 4281 2698 4350 prosecuturum,
2716 4276 2828 4332 nisi
2844 4293 3139 4332 summam
3155 4282 3391 4334 nactum
3407 4277 3744 4336 felicitatem

2091 4369 2368 4424 crederet.
2403 4368 2585 4439 Rogat
2639 4366 2973 4438 monachos,
3026 4367 3298 4439 precibus
3344 4367 3470 4424 suis
3502 4371 3573 4425 de
3603 4387 3746 4442 pace

2095 4457 2358 4514 Ecclesia:
2391 4458 2798 4512 confirmanda
2823 4473 2956 4512 cum
2990 4461 3102 4512 Deo
3125 4462 3320 4529 agant.
3347 4457 3606 4514 Licuisse
3631 4459 3739 4516 Sibi

2089 4547 2172 4603 ait
2230 4563 2332 4619 per
2387 4545 2654 4601 inducias
2711 4545 2849 4600 belli
2908 4550 2964 4600 et
3015 4546 3335 4603 vexationis
3391 4546 3503 4603 isto
3561 4548 3742 4605 etiam

323 4639 1223 4719 optatissimamqueipsipacem
1245 4637 1680 4694 distuleruntin
1706 4643 1980 4710 opportu-
2009 4653 2056 4717 D
2088 4653 2241 4693 anno
2274 4640 2542 4692 sanctum
2574 4634 2796 4690 Pascha
2852 4638 2910 4689 et
2966 4635 3343 4691 Pentecoston
3377 4652 3509 4692 cum
3542 4636 3744 4694 laetitia

322 4737 546 4792 niorem
575 4736 1006 4804 tempestatem.
1039 4730 1109 4784 Et
1138 4733 1333 4784 tamen
1387 4727 1591 4782 multis
1623 4733 1753 4799 post
1783 4729 1975 4796 annis,

323 4842 457 4881 cum
480 4822 732 4879 Basilius
755 4820 1107 4890 scilicetjam
1124 4817 1434 4889 episcopus
1456 4821 1632 4884 esset,
1656 4818 1978 4873 excubante

321 4914 457 4971 licet
483 4910 802 4968 Athanasio
861 4910 932 4965 ad
966 4923 1200 4962 omnem
1261 4906 1580 4962 concordiae
1638 4907 1977 4962 reducendae

321 5003 708 5067 occasionem,
733 4999 997 5055 nondum
1016 4997 1278 5052 confecta
1298 5012 1390 5050 res
1414 4997 1619 5050 fuerat.
1644 5000 1778 5063 Quae
1802 5013 1978 5053 causa

322 5094 432 5149 fuit
446 5098 508 5148 ut
528 5091 777 5148 Basilius
801 5089 921 5144 haec
939 5087 995 5141 in
1018 5085 1270 5155 quadam
1300 5084 1548 5156 epistola
1564 5083 1788 5140 Meletio
1803 5086 1978 5142 verba

319 5182 520 5238 fecerit
543 5182 616 5254 (b)
644 5199 656 5237 :
683 5204 709 5231 ‹‹
735 5176 1121 5234 Athanasium
1151 5175 1302 5246 quod
1333 5178 1576 5247 spectat,
1601 5175 1973 5246 prudentiam

317 5275 500 5338 tuam,
535 5286 778 5342 gnaram
809 5269 944 5323 licet
973 5266 1222 5335 hujusce
1255 5264 1356 5332 rei,
1391 5264 1970 5335 commonefacimus,

315 5359 460 5414 nihil
492 5376 662 5432 posse
691 5358 901 5414 litteris
936 5357 1084 5411 meis
1145 5355 1252 5410 hoc
1286 5353 1344 5409 in
1379 5352 1609 5425 negotio
1641 5352 1850 5408 confici
1884 5359 1971 5408 vel

312 5448 634 5522 promoveri
663 5474 676 5518 ;
707 5448 824 5504 nisi
857 5463 890 5502 a
918 5445 1084 5503 vobis
1116 5460 1368 5516 quoque,
1425 5442 1526 5514 qui
1558 5441 1697 5498 olim
1731 5447 1967 5515 tempus

383 5680 462 5833 223
492 5677 668 5813 asa
701 5696 792 5827 2::-
826 5680 954 5812 aa

2088 4726 2397 4782 celebrare.

2156 4816 2209 4869 2.
2245 4815 2572 4869 Athanasius
2600 4814 2790 4869 scribit
2843 4815 3024 4870 Vitam
3073 4813 3317 4870 Antonii.
3350 4845 3419 4854 —
3449 4814 3567 4871 Hoc
3597 4814 3740 4873 item

2087 4905 2318 4960 circiter
2347 4908 2604 4975 tempus,
2631 4902 2974 4975 rogantibus
2997 4903 3409 4959 transmarinis
3433 4905 3740 4962 monachis

2086 4995 2143 5049 in
2172 4993 2478 5066 peregrina
2506 4992 2740 5063 regione
2769 4992 3162 5058 versantibus,
3195 4997 3252 5048 et
3272 4993 3531 5065 quidem,
3560 4999 3626 5050 ut
3646 5011 3737 5050 ar-

2084 5083 2392 5149 bitramur,
2414 5080 2888 5138 Occidentalibus
2907 5081 3046 5152 (jam
3070 5081 3226 5137 enim
3246 5099 3348 5154 per
3366 5082 3737 5140 Occidentem

2086 5171 2439 5244 frequentari
2467 5175 2718 5243 coeperat
2739 5170 3131 5226 monasticum
3156 5171 3538 5244 institutum),
3566 5173 3740 5228 Anto-

2084 5262 2164 5316 nii
2197 5261 2453 5333 praeclari
2486 5259 2647 5315 illius
2705 5259 2921 5315 deserti
2975 5259 3176 5315 incolae
3232 5261 3434 5328 vitam,
3464 5266 3648 5334 gesta,
3681 5265 3740 5318 et

2083 5349 2368 5407 miracula
2425 5348 2641 5421 scripto
2702 5348 3018 5414 mandavit,
3079 5365 3147 5404 ex
3178 5349 3251 5405 iis
3295 5366 3422 5421 quae
3463 5350 3736 5423 frequens

2081 5441 2347 5497 adeundo
2374 5438 2564 5494 virum
2590 5454 2694 5493 nec
2718 5439 2946 5495 modico
2968 5439 3251 5512 temporis
3275 5438 3578 5496 intervallo
3598 5455 3735 5497 cum

2173 5678 2221 5751 ε)
2252 5675 2472 5734 Socrat.
2504 5670 2606 5751 lib.
2638 5690 2717 5751 _1v,
2763 5689 2890 5751 cap.
2929 5674 2977 5732 1.

2172 5744 2227 5827 ά)
2260 5753 2326 5808 In
2363 5753 2490 5810 Vita
2518 5744 2990 5821 Pachomii,'Acta
3017 5747 3114 5808 SS.
3151 5747 3216 5808 14
3248 5744 3406 5809 Maii.
