4166 6416
1616 498 1801 564 VITA
1848 499 1919 566 ει
1960 496 2413 574 ATHANASII.

3578 525 3719 580 CLIII

305 649 415 691 σιον
449 650 649 706 usum,
680 634 1050 711 dignitatem,
1084 636 1484 696 sinceritatem
1508 640 1950 705 commonstrat,

2066 649 2427 720 tempestate,
2446 648 2656 707 Basilio
2679 651 2805 724 jam
2820 649 3114 725 episcopo,
3138 648 3198 709 in
3228 649 3407 727 Libya
3430 654 3720 710 monstro-

300 730 357 782 et
386 724 657 797 pluribus
689 728 953 783 defendit
984 729 1291 784 adversum
1325 727 1648 782 haereticos.
1697 727 1794 780 Ait
1825 742 1952 780 esse

297 815 619 887 nonaginta
649 816 880 872 circiter
910 835 1010 889 per
1038 820 1346 890 Egyptum
1383 817 1707 888 episcopos,
1744 815 1842 886 qui
1863 830 1952 869 se-

295 920 431 959 cum
455 904 570 960 ista
591 906 948 973 scriberent;
974 907 1073 977 qui
1098 911 1214 961 tam
1241 905 1660 972 concordi,tam
1686 902 1952 958 unanimi

291 994 587 1050 sententia
618 1000 837 1060 essent,
872 1000 934 1049 ut
968 1012 1035 1050 ex
1066 1001 1295 1067 recepto
1331 1012 1509 1061 more,
1544 994 1644 1065 qui
1679 994 1953 1049 adessent

295 1099 401 1154 pro
424 1083 769 1139 absentibus
790 1085 1246 1139 subscriberent.
1265 1085 1365 1140 His
1385 1082 1607 1138 similes
1624 1081 1955 1137 Alexandri-

298 1189 376 1227 na
404 1174 664 1245 synodus
694 1172 917 1228 litteras
936 1174 1007 1228 ad
1039 1174 1358 1228 Damasum
1386 1190 1593 1245 papam
1628 1171 1807 1237 dedit,
1830 1170 1955 1241 qui-

299 1261 411 1317 bus
440 1263 762 1334 permirum
786 1262 895 1318 sibi
929 1263 1113 1332 aiunt,
1138 1262 1512 1327 Auxentium,
1535 1278 1645 1315 non
1672 1260 1952 1314 Arianum

297 1351 497 1420 modo,
512 1351 610 1406 sed
635 1353 811 1406 etiam
835 1352 1122 1406 sexcentis
1148 1351 1383 1421 ﬂagitiis
1410 1349 1955 1414 nobilitatum,(‘-re-

292 1440 458 1511 gorio
488 1440 882 1495 Alexandrino
905 1440 1044 1495 olim
1076 1441 1133 1493 in
1160 1440 1385 1504 amicis,
1404 1456 1470 1494 ac
1492 1438 1707 1493 scelere
1732 1454 1951 1509 parem,

290 1545 410 1583 non
443 1529 811 1593 damnatum,
835 1547 952 1584 non
984 1529 1314 1584 abdicatum
1346 1529 1399 1582 in
1435 1532 1697 1583 Romana
1731 1528 1951 1598 synodo

293 1617 495 1673 fuisse.
514 1618 743 1673 Gratias
774 1618 1025 1675 Damaso
1058 1622 1113 1671 et
1141 1617 1360 1689 synodo
1377 1617 1653 1686 referunt,
1675 1616 1830 1687 quod
1856 1632 1951 1686 pa-

292 1706 377 1763 cis
420 1711 476 1762 et
520 1706 927 1763 ecclesiastica
979 1707 1301 1761 concordiae
1351 1723 1528 1761 causa
1568 1705 1844 1760 factiosos
1895 1707 1953 1759 et

288 1795 599 1851 turbarum
631 1801 899 1852 auctores
930 1795 1231 1863 Usacium,
1252 1794 1579 1863 Valentem,
1613 1797 1668 1849 et
1697 1792 1950 1849 asseclas

292 1884 718 1941 damnaverint.

2063 754 2194 792 rum
2242 756 2471 811 semper
2502 747 2737 811 parente
2788 743 3091 813 praefectus
3123 747 3246 798 erat
3294 742 3635 799 crudelitate
3662 746 3721 800 et

2063 826 2300 882 lascivia
2330 829 2602 899 insignis,
2637 832 2726 886 cui
2762 849 2888 886 mos
2926 838 3049 887 erat
3082 832 3140 886 in
3193 832 3411 888 alienos
3443 837 3600 889 toros
3630 832 3719 888 in-

2063 916 2239 971 hiare.
2262 920 2477 988 lmpuri
2512 920 2767 975 hominis
2803 921 3117 977 sceleribus
3151 926 3448 992 permotus
3469 922 3721 980 Athana-

2063 1006 2209 1072 sius,
2244 1011 2307 1060 ut
2336 1007 2635 1075 infamem,
2671 1010 2930 1064 Ecclesiae
2954 1010 3365 1065 communione
3394 1010 3713 1079 interdixit,

2065 1094 2379 1166 missisque
2430 1096 2657 1163 litteris,
2694 1115 2827 1153 cum
2862 1100 3171 1153 obscenam
3220 1099 3478 1154 hominis
3507 1100 3711 1170 vitam,

2062 1187 2187 1239 tum
2222 1184 2414 1240 illatas
2448 1187 2690 1241 merenti
2726 1204 2924 1258 poenas
2956 1188 3325 1257 significavit.
3354 1189 3428 1243 Iis
3459 1189 3713 1259 acceptis

2069 1274 2319 1329 Basilius
2351 1276 2423 1345 (ὁ)
2456 1274 2664 1330 litteris
2688 1277 2901 1330 factum
2936 1276 3714 1347 laudat,pronuntiathomi-

2064 1380 2197 1418 nem
2229 1381 2355 1419 esse
2378 1365 2682 1419 Athanasii
2701 1366 2998 1421 sententiae
3028 1368 3469 1435 exsecrandum,
3490 1366 3711 1422 nemini

2063 1468 2197 1507 cum
2233 1454 2331 1508 illo
2364 1454 2717 1527 ignis,aqure
2736 1456 2819 1511 vel
2850 1455 2983 1510 tecti
3018 1456 3488 1510 communionem
3512 1454 3715 1511 ineun-

2062 1542 2197 1596 dam
2234 1561 2245 1609 ;
2298 1561 2327 1598 e
2373 1561 2431 1599 re
2481 1544 2749 1601 Ecclesia:
2802 1546 2939 1611 fore,
2975 1549 3042 1599 ut
3086 1544 3323 1599 violenti
3370 1543 3715 1615 hujusmodi

2061 1632 2291 1704 tyranni
2340 1633 2637 1688 communi
2678 1634 2836 1688 omni
2888 1634 3152 1688 omnium
3194 1632 3415 1689 calculo
3463 1634 3716 1705 proscri-

2061 1719 2298 1775 bantur.

2131 1809 2183 1863 2.
2220 1809 2357 1864 Aliae
2393 1810 2535 1865 item
2587 1815 2820 1867 exstant
2849 1812 3113 1883 ejusdem
3145 1811 3322 1867 Basili
3355 1811 3427 1865 ad
3456 1810 3716 1867 Athana-

2061 1898 2215 1952 sium
2254 1899 2508 1970 epistolae
2540 1901 2630 1971 (ε).
2670 1902 2731 1955 In
2786 1918 2852 1955 ea
2882 1917 3037 1969 vero,
3070 1917 3197 1971 quae
3245 1900 3501 1955 secundo
3536 1900 3720 1955 fertur

364 1979 531 2028 ANNO
557 1975 681 2028 370.
706 2005 775 2014 —-
804 1973 1055 2045 Synodus
1083 1978 1332 2030 Romana
1361 1973 1556 2027 altera.
1593 2003 1657 2012 —
1690 1970 1948 2025 Athana-

2065 1985 2207 2051 loco,
2241 1988 2581 2058 deplorabat
2612 1989 2975 2045 calamitates
2998 1970 3306 2045 Orientalis
3327 1988 3595 2044 Ecclesiae
3620 2006 3632 2044 :
3659 1991 3719 2045 et

291 2062 362 2119 sii
394 2063 762 2135 aliorumque
782 2063 1101 2134 praesulum
1123 2061 1361 2117 monitis
1384 2078 1607 2117 morem
1632 2060 1815 2133 gessit
1838 2060 1947 2114 Da-

294 2168 519 2209 masus.
581 2155 789 2208 Coacta
843 2152 1058 2224 quippe
1089 2168 1241 2207 anno
1273 2152 1377 2205 370
1403 2150 1491 2205 vel
1525 2154 1804 2222 sequente
1842 2149 1949 2203 R0-

294 2257 403 2296 maa
459 2241 703 2313 synodo,
738 2242 809 2296 de
868 2241 1136 2296 Auxentii
1194 2258 1373 2296 causa
1416 2245 1633 2307 actum,
1669 2240 1767 2311 qui
1830 2255 1952 2293 om:

296 2329 463 2385 nium
513 2331 788 2403 suffragio
818 2331 1224 2402 episcoporum
1257 2330 1682 2385 condemnatus
1733 2333 1821 2383 est
1851 2327 1949 2399 (α),

298 2422 357 2474 et
386 2435 628 2473 munere
672 2419 1071 2492 dignitateque
1122 2419 1448 2473 abdicatus.
1484 2421 1617 2484 Quae
1669 2418 1952 2472 hactenus

296 2511 570 2579 superest
617 2508 892 2579 synodica
943 2508 1178 2563 Damasi
1232 2508 1496 2580 epistola,
1530 2506 1755 2562 videtur
1803 2523 1955 2560 com-

296 2595 576 2668 pendium
600 2611 727 2651 esse
754 2596 1015 2668 epistolae
1035 2598 1106 2652 ad
1126 2598 1317 2663 Afros,
1346 2614 1447 2653 seu
1477 2597 1669 2667 potius
1694 2595 1744 2650 ei
1767 2594 1953 2650 consi-

300 2684 479 2753 milis,
506 2702 683 2756 quam
708 2686 779 2740 ad
812 2686 1131 2741 Damasum
1158 2688 1440 2742 miserant
1471 2685 1713 2757 Egyptii
1738 2700 1954 2755 praesu-

298 2773 405 2844 les,
429 2775 675 2845 ejusque
708 2775 1014 2830 occasione
1045 2775 1392 2847 conscripta.
1428 2778 1485 2830 In
1510 2792 1577 2830 ea
1608 2774 1823 2845 quippe
1843 2774 1952 2827 Au-

298 2863 531 2919 xentius
554 2864 1295 2928 damnatus,Ariminensis
1328 2864 1657 2937 proscripta
1679 2861 1949 2928 formula,

296 2952 529 3008 Nicaana
560 2953 703 3008 ﬁdes
729 2954 1075 3007 confirmata
1107 2957 1213 3009 est.
1252 2956 1405 3020 Quas
1439 2971 1529 3008 res
1561 2970 1767 3008 omnes
1800 2967 1953 3005 eom-

297 3040 572 3113 plectitur
600 3040 849 3113 epistola
878 3042 947 3096 ad
991 3042 1181 3097 Afros.
1216 3042 1402 3114 Vulgo
1449 3042 1827 3110 arbitrantur,
1855 3040 1953 3093 Ba-

298 3128 521 3199 silium,
555 3130 657 3202 qui
710 3147 863 3185 anno
916 3130 1022 3184 370
1054 3129 1111 3184 in
1162 3130 1502 3203 episcopum
1548 3130 1807 3185 delectus
1840 3130 1948 3193 est,

294 3216 515 3290 legatos
534 3218 779 3273 Romam
805 3220 877 3273 ad
902 3235 1029 3274 eam
1046 3219 1233 3291 ipsam
1254 3220 1541 3291 synodum
1556 3236 1689 3273 eum
1704 3214 1952 3289 epistola

296 3307 547 3363 misisse.
572 3308 735 3373 Quod
764 3307 810 3362 si
836 3307 1201 3379 exploratum
1226 3308 1599 3381 esset,palam
1622 3308 1758 3363 hinc
1782 3308 1945 3371 foret,

2061 2080 2225 2147 rogat
2268 2077 2678 2145 Athanasium,
2715 2079 2868 2150 apud
2920 2077 3317 2133 Occidentales
3369 2078 3427 2132 id
3459 2082 3615 2149 agat,
3648 2080 3717 2133 ut

2061 2179 2238 2233 quam
2285 2164 2739 2221 sollicitudinem
2781 2168 3060 2222 adversus
3113 2184 3297 2221 unum
3347 2167 3563 2222 duosve
3612 2165 3715 2237 qui

2061 2267 2234 2321 prave
2262 2255 2548 2309 sentirent
2580 2255 2969 2326 praetulerant,
3003 2256 3269 2309 eamdem
3301 2254 3493 2325 ipsam
3524 2258 3713 2309 verte-

2061 2345 2191 2395 rent
2240 2342 2310 2396 ad
2359 2343 2681 2399 Orientales
2730 2345 3183 2415 componendas.
3230 2343 3533 2399 Neminem
3583 2358 3713 2399 esse

2063 2429 2133 2483 ad
2167 2446 2294 2484 eam
2327 2448 2449 2485 rem
2474 2433 2900 2504 impetrandam
2928 2434 3056 2505 ipso
3080 2432 3715 2504 opportuniorem,sive

2062 2516 2385 2591 ingenium,
2413 2520 2529 2575 sive
2561 2522 2889 2593 prudentia,
2916 2538 3015 2577 seu
3050 2522 3377 2591 virtus,seu
3408 2520 3715 2577 venerabi-

2062 2606 2135 2662 lis
2167 2609 2409 2664 canities
2442 2615 2801 2681 spectaretur
2836 2629 2847 2666 :
2885 2612 2942 2665 id
2975 2610 3258 2681 epistolis,
3294 2610 3353 2665 id
3397 2608 3623 2681 legatis,
3654 2608 3715 2664 id

2063 2697 2333 2766 precibus
2366 2700 2628 2754 obtinere
2678 2702 3076 2755 contenderet.
3114 2702 3187 2755 Ac
3220 2717 3351 2755 cum
3383 2698 3589 2771 primis
3624 2714 3717 2754 res

2063 2785 2326 2841 Ecclesiae
2360 2789 2735 2844 Antiochenae
2768 2794 2891 2844 tum
2927 2789 3194 2845 luctuoso
3225 2788 3494 2855 discidio,
3527 2804 3594 2843 ac
3622 2786 3723 2842 tri-

2063 2872 2199 2945 plici
2233 2875 2482 2931 factione
2506 2879 2932 2948 conflagrantcs
2956 2878 3226 2950 componi
3254 2880 3483 2932 curaret
3510 2893 3521 2931 :
3551 2876 3601 2931 si
3623 2892 3719 2931 ca-

2063 2968 2168 3034 put
2185 2964 2363 3019 totius
2386 2966 2637 3021 Orientis
2660 2968 2730 3021 ad
2757 2968 3128 3023 concordiam
3152 2971 3719 3037 revocaretur,spem

2063 3052 2181 3107 fore
2211 3054 2409 3125 gratiis
2463 3055 2614 3109 inter
2663 3055 2888 3127 reliqua
2930 3057 3195 3111 membra
3245 3054 3715 3111 reconciliandae.

2062 3140 2209 3195 Sunt
2242 3149 2438 3197 autem
2473 3144 2569 3215 qui
2621 3148 2847 3215 putent,
2882 3161 3008 3199 eam
3041 3143 3349 3215 epistolam
3394 3142 3715 3198 Athanasio

2063 3230 2309 3285 missam
2359 3237 2673 3303 antequam
2723 3232 3114 3288 celebraretur
3147 3231 3540 3289 Alexandrina
3584 3248 3716 3302 syn-

2064 3318 2213 3373 odus
2245 3321 2315 3373 de
2347 3338 2464 3391 qua
2494 3322 2785 3392 superius.
2823 3322 3035 3376 Verum
3067 3326 3132 3376 ut
3177 3337 3379 3376 eorum
3410 3320 3712 3375 sententiae

292 3395 616 3451 Romanam
634 3397 926 3469 synodum
945 3398 1031 3451 vel
1061 3414 1211 3452 anno
1230 3396 1743 3468 370,velsequente
1766 3395 1949 3449 fuisse
1981 3372 2023 3439 (ἶ
2062 3406 2254 3478 palam
2288 3426 2403 3463 ηοη
2436 3372 2855 3481 repugnamus,
2877 3427 3009 3465 cum
3033 3415 3229 3465 tamen
3265 3408 3435 3481 paulo
3457 3411 3589 3480 post
3610 3408 3712 3464 Ur-

288 3483 661 3541 celebratam.
697 3486 809 3541 Sed
841 3503 975 3542 cum
1017 3503 1084 3541 ea
1114 3486 1313 3541 Basilii
1344 3485 1590 3558 cpistola
1623 3486 1693 3540 ad
1726 3484 1945 3555 episco-

285 3591 392 3648 pos
425 3574 600 3630 Italiaa
624 3581 679 3631 et
699 3574 891 3630 Galliae
917 3580 1255 3647 nuncupata
1272 3576 1367 3643 sit,
1386 3575 1547 3630 nulla
1567 3576 1717 3629 facta
1739 3572 1944 3645 synodi

286 3664 620 3736 cujuspiam
638 3664 951 3736 mentione,
971 3664 1211 3735 nullius,
1230 3680 1357 3720 mea
1373 3664 1605 3736 quidem
1633 3661 1940 3728 sententia,

284 3758 373 3808 est
402 3752 687 3808 momenti
710 3754 781 3809 ad
813 3755 1096 3826 temporis
1121 3754 1406 3809 rationem
1440 3753 1943 3808 ineundam.Con-

281 3842 554 3913 jectando
587 3841 778 3897 solum
829 3843 885 3897 in
920 3844 1027 3898 hoc
1075 3844 1307 3898 circiter
1339 3848 1570 3914 tempus
1620 3844 1943 3897 Romanam

290 3933 581 4005 synodum
614 3932 1053 4004 consignamus.
1089 3933 1234 3987 Nam
1270 3933 1520 4005 priorem
1556 3933 1666 3987 sub
1702 3936 1945 3986 Damaso

291 4021 579 4094 synodum
613 4019 673 4075 in
706 4037 927 4075 annum
953 4022 1278 4093 reperimus
1311 4020 1538 4076 circiter
1557 4020 1945 4091 368,Alexan-

292 4108 523 4165 drinam
552 4126 686 4164 vero
720 4109 776 4163 in
810 4115 1174 4181 sequentem.
1205 4110 1311 4176 Qui
1346 4114 1542 4165 autem
1576 4109 1734 4164 illam
1764 4109 1823 4163 in
1846 4126 1949 4163 an-

294 4216 435 4255 num
467 4200 594 4265 366,
628 4198 779 4254 hanc
810 4198 868 4253 in
900 4201 1001 4254 371
1036 4200 1362 4271 conferunt,
1401 4199 1599 4254 minus
1631 4203 1785 4253 certe
1818 4216 1950 4270 pro—

292 4286 549 4343 babilem
580 4287 787 4342 ineunt
814 4288 1199 4361 chronologize
1234 4289 1543 4345 rationem.
1580 4291 1667 4343 An
1699 4289 1951 4343 Athana-

291 4376 418 4432 sius
460 4381 518 4431 et
566 4376 800 4449 JEgypti
850 4376 1105 4449 episcopi
1160 4381 1348 4432 totum
1400 4378 1659 4449 quinque
1708 4376 1796 4431 vel
1852 4394 1951 4432 sex

291 4482 582 4522 annorum
597 4466 854 4537 spatium
872 4466 1603 4538 efﬂuerepermiserunt,ut
1620 4465 1951 4521 inveteratis

292 4555 468 4610 rebus
522 4555 725 4628 gestis,
762 4555 980 4627 gratias
1030 4556 1279 4611 Damaso
1321 4560 1377 4612 et
1408 4557 1630 4627 synodo
1680 4556 1950 4611 Romanae

291 4644 622 4700 referrent?
651 4645 738 4698 Ad
774 4645 913 4713 haec,
950 4662 1065 4702 non
1096 4645 1324 4700 videtur
1354 4646 1604 4701 Damaso
1638 4646 1747 4700 sub
1775 4646 1950 4700 finem

2053 3496 2193 3551 saeii
2226 3502 2283 3552 et
2312 3498 2571 3554 Valentis
2604 3499 3055 3567 abdicationem,
3081 3516 3207 3570 quae
3237 3515 3341 3554 nec
3372 3498 3617 3553 obscure
3647 3497 3707 3553 in

2053 3585 2161 3639 hac
2196 3586 2393 3640 Basilii
2430 3587 2676 3659 epistola
2706 3592 3088 3651 memoratur,
3121 3604 3187 3641 ea
3220 3587 3479 3656 synodus
3510 3586 3713 3642 subse-

2055 3679 2191 3728 cuta
2220 3675 2312 3742 sit,
2348 3675 2440 3731 hic
2472 3694 2612 3731 sane
2642 3678 2914 3732 firmatur
2943 3678 3278 3747 conjectura
3306 3679 3525 3731 nostra.

2126 3765 2179 3819 3.
2216 3766 2278 3818 ln
2312 3764 2424 3820 alia
2444 3765 2689 3837 epistola
2722 3770 2985 3837 rogat,ut
3015 3768 3074 3820 in
3106 3769 3271 3820 tanta
3294 3762 3557 3819 Ecclesiae
3582 3780 3707 3835 per-

2054 3854 2386 3908 turbatione
2420 3856 2689 3926 precibus
2733 3872 2815 3921 se,
2849 3854 3113 3920 consilio,
3149 3854 3357 3925 peritia
3385 3869 3581 3908 rerum
3614 3869 3711 3925 ge-

2058 3933 2373 3988 rendarum
2405 3936 2663 4005 adjuvet,
2698 3952 2801 3990 nec
2833 3934 3091 4006 aliquam
3127 3933 3275 3989 elabi
3309 3933 3463 3988 sinat
3494 3933 3712 3987 littera-

2059 4041 2188 4077 rum
2224 4024 2333 4078 sibi
2369 4024 2787 4079 mittendarum
2815 4024 3176 4079 occasionem
3207 4040 3221 4091 ;
3255 4022 3460 4095 grandi
3495 4021 3713 4093 quippe

2061 4112 2326 4167 subsidio
2360 4117 2415 4169 et
2446 4114 2830 4169 consolationi
2863 4114 2974 4168 sibi
3001 4130 3128 4168 esse
3156 4113 3284 4183 ejus
3316 4109 3613 4184 epistolas.
3645 4114 3713 4165 In

2060 4208 2340 4273 sequente
2372 4203 2440 4257 de
2458 4203 2685 4257 Meletio
2719 4202 2857 4274 agit,
2885 4202 3316 4273 Athanasioque
3342 4200 3535 4255 innuit
3559 4202 3717 4270 opta-

2059 4291 2358 4347 tissimum
2394 4293 2729 4363 quibusque
2773 4308 2921 4360 esse,
2955 4296 3019 4345 ut
3060 4291 3185 4363 ipse
3216 4289 3377 4345 solus
3404 4286 3715 4344 Antioche-

2062 4398 2197 4435 nam
2234 4386 2396 4453 regat
2428 4381 2770 4443 Ecclesiam,
2806 4380 3041 4451 reliquae
3072 4396 3205 4435 vero
3238 4376 3621 4449 partiunculae
3652 4375 3713 4430 in

2063 4486 2275 4541 corpus
2298 4487 2479 4524 unum
2505 4474 2867 4541 coaptentur.
2896 4469 3057 4523 Hanc
3081 4466 3294 4538 excipit
3314 4465 3428 4521 alia
3444 4462 3712 4536 epistola,

2063 4575 2177 4629 qua
2202 4559 2518 4629 deploratis
2551 4560 2620 4614 de
2656 4576 2813 4613 more
2844 4556 3109 4612 Ecclesiae
3143 4554 3594 4620 calamitatibus,
3620 4569 3718 4625 po-

2062 4647 2241 4702 stulat
2272 4648 2569 4702 Athanasii
2603 4646 2878 4718 epistolas
2903 4646 2975 4701 ad
3006 4645 3197 4699 varios
3219 4643 3527 4715 episcopos
3549 4641 3716 4696 datas

290 4733 611 4789 anni366in
629 4734 961 4805 pontiﬁcem
976 4739 1265 4805 cooptata,
1290 4734 1595 4790 etineunte
1610 4734 1945 4806 episcopatu
1980 4746 2028 4811 D
2060 4736 2171 4792 sibi
2205 4736 2788 4791 transmitti.Claudit
2820 4751 3029 4807 agmen
3060 4733 3326 4804 alia,qua
3355 4747 3417 4786 se
3447 4729 3719 4785 testiﬁca-

290 4819 545 4880 Ursicini
575 4822 784 4878 aemulo
839 4822 1089 4878 factione
1138 4823 1446 4896 exagitato,
1481 4822 1738 4895 spatium
1771 4823 1952 4878 fuisse

292 4912 365 4968 ad
398 4912 689 4984 synodum
736 4912 941 4967 eodem
972 4929 1125 4968 anno
1158 4912 1565 4968 celebrandam
1593 4930 1606 4979 ;
1642 4914 1742 4969 sed
1779 4913 1954 4968 rebus

293 5000 537 5057 demum
568 5001 912 5072 compositis
963 5018 1116 5055 anno
1147 5001 1250 5056 368
1284 5002 1352 5056 de
1401 5002 1622 5073 synodo
1669 5001 1954 5074 cogitasse

296 5088 661 5162 probabilius
692 5094 800 5157 est,
834 5107 987 5146 anno
1019 5095 1213 5145 autem
1237 5091 1581 5162 insequente
1611 5090 1837 5145 litteras
1868 5107 1957 5145 ac-

298 5175 525 5248 cepisse
553 5178 858 5234 Athanasii
892 5185 949 5233 et
977 5178 1402 5251 Egyptiorum,
1437 5179 1625 5249 iisque
1657 5181 1953 5251 obtempe-

298 5282 482 5338 rasse,
502 5284 567 5322 ac
599 5269 890 5340 synodum
924 5276 1128 5341 postea
1158 5267 1419 5339 coegisse
1438 5269 1509 5323 ad
1532 5268 1798 5323 Auxentii
1819 5286 1953 5323 cau-

298 5371 431 5411 sam
462 5357 893 5413 excutiendam.

368 5447 538 5500 ANNO
563 5446 689 5501 371.
722 5476 792 5486 -
824 5448 872 5500 1.
906 5447 1239 5503 Athanasius
1285 5449 1603 5518 praefectum
1632 5449 1819 5519 Libyae
1852 5447 1957 5503 Ca-

300 5530 631 5590 tholicorum
681 5538 1066 5592 communione
1116 5537 1414 5592 interdicit.
1450 5568 1516 5577 ——
1565 5536 1684 5593 Hac
1729 5536 1959 5593 circiter

372 5746 453 5894 Et;
479 5747 704 5877 ghcod.
735 5748 839 5807 lib.
873 5767 936 5823 ιι,
963 5766 1091 5823 cap.
1123 5751 1214 5807 22.

525 5823 664 5894 plet.
693 5820 786 5880 47.

525 5820 664 5894 pist.
693 5820 786 5880 47.

2062 4829 2161 4879 tur
2189 4825 2411 4897 ingenti
2430 4825 2644 4897 gaudio
2666 4825 2901 4880 Petrum
2922 4825 2994 4879 ab
3015 4822 3333 4879 Athanasio
3353 4820 3604 4875 missum
3627 4834 3722 4874 ex-

2064 4915 2306 4985 cepisse,
2341 4931 2401 4969 se
2425 4914 2700 4969 omnibus
2733 4914 2790 4967 in
2816 4912 3069 4985 negotiis
3091 4911 3286 4983 ipsum
3319 4908 3486 4982 quasi
3510 4908 3719 4963 ducem

2065 5020 2129 5058 ac
2146 5020 2337 5057 rerum
2355 5004 2746 5073 gerendarum
2763 5001 3086 5073 principem
3105 5000 3318 5054 habere
3336 5017 3347 5053 :
3366 4996 3719 5053 Dorotheum

2064 5091 2274 5147 Meletii
2309 5092 2618 5146 diaconum
2644 5091 2711 5145 ad
2748 5091 2940 5161 ipsum
2975 5086 3434 5144 mittere.Videri
3456 5084 3567 5140 sibi
3591 5100 3723 5138 con-

2066 5188 2432 5247 sentaneum,
2464 5180 2510 5235 si
2562 5180 2773 5234 litteris
2805 5179 2960 5249 apud
3016 5179 3343 5233 Romanum
3377 5173 3719 5245 episcopum

2068 5274 2296 5341 agatur,
2328 5274 2393 5323 ut
2425 5269 2598 5323 rebus
2651 5266 3045 5323 Orientalibus
3074 5263 3498 5320 constituendis
3518 5277 3719 5316 curam

2067 5374 2423 5430 operamque
2456 5361 2645 5412 navet.
2681 5356 2795 5410 Nec
2828 5356 3047 5426 synodo
3092 5370 3240 5425 Opus
3280 5368 3427 5419 esse,
3462 5350 3563 5406 sed
3596 5349 3723 5420 ipse

2069 5447 2416 5503 auctoritate
2448 5446 2683 5518 prepria
2712 5444 2865 5499 viros
2898 5444 3114 5514 deligat
3164 5457 3299 5497 cum
3333 5439 3590 5496 ferendis
3618 5437 3720 5493 vias

2068 5535 2516 5603 molestiis,tum
2541 5534 2716 5589 rebus
2746 5532 3018 5604 gerendis
3049 5529 3424 5601 idoneos,qui
3446 5542 3721 5584 mansue-

2140 5750 2208 5824 (c)
2240 5751 2425 5823 Epist.
2458 5749 2651 5805 47-52.
