  <div class='ocr_page' id='page_1' title='image "/cluster/home/n/w/nwhite01/storage/ocr_20150623/25:no.1/coo.31924054873066/167.png"; bbox 0 0 4166 6444; ppageno 0'>
   <div class='ocr_carea' id='block_1_1' title="bbox 447 546 583 603">
    <p class='ocr_par' dir='ltr' id='par_1_1' title="bbox 447 546 583 603">
     <span class='ocr_line' id='line_1_1' title="bbox 447 546 583 603; baseline 0.022 -3"><span class='ocrx_word' id='word_1_1' title='bbox 447 546 583 603; x_wconf 72' lang='grc' dir='ltr'>ων</span> 
     </span>
    </p>
   </div>
   <div class='ocr_carea' id='block_1_2' title="bbox 1842 533 2454 606">
    <p class='ocr_par' dir='ltr' id='par_1_2' title="bbox 1842 533 2454 606">
     <span class='ocr_line' id='line_1_2' title="bbox 1842 533 2454 606; baseline 0 -2"><span class='ocrx_word' id='word_1_2' title='bbox 1842 533 2454 606; x_wconf 81' lang='lat' dir='ltr'>PROLEGOMENA.</span> 
     </span>
    </p>
   </div>
   <div class='ocr_carea' id='block_1_3' title="bbox 441 671 3855 749">
    <p class='ocr_par' dir='ltr' id='par_1_3' title="bbox 441 671 3855 749">
     <span class='ocr_line' id='line_1_3' title="bbox 441 671 3855 749; baseline 0.001 -19"><span class='ocrx_word' id='word_1_3' title='bbox 441 676 648 733; x_wconf 83' lang='lat' dir='ltr'>tudine</span> <span class='ocrx_word' id='word_1_4' title='bbox 677 678 734 733; x_wconf 92' lang='lat' dir='ltr'>et</span> <span class='ocrx_word' id='word_1_5' title='bbox 763 673 1034 734; x_wconf 80' lang='lat' dir='ltr'>facilitate</span> <span class='ocrx_word' id='word_1_6' title='bbox 1064 671 1278 749; x_wconf 85' lang='lat' dir='ltr'>ingenii</span> <span class='ocrx_word' id='word_1_7' title='bbox 1312 671 1464 731; x_wconf 86' lang='lat' dir='ltr'>male</span> <span class='ocrx_word' id='word_1_8' title='bbox 1495 673 1729 731; x_wconf 73' lang='lat' dir='ltr'>affectos</span> <span class='ocrx_word' id='word_1_9' title='bbox 1758 675 1988 731; x_wconf 81' lang='lat' dir='ltr'>valeant</span> <span class='ocrx_word' id='word_1_10' title='bbox 2018 677 2088 730; x_wconf 88' lang='lat' dir='ltr'>ad</span> <span class='ocrx_word' id='word_1_11' title='bbox 2124 689 2173 744; x_wconf 73' lang='grc' dir='ltr'>Α</span> <span class='ocrx_word' id='word_1_12' title='bbox 2202 679 2270 733; x_wconf 87' lang='lat' dir='ltr'>ad</span> <span class='ocrx_word' id='word_1_13' title='bbox 2307 698 2412 735; x_wconf 89' lang='lat' dir='ltr'>nos</span> <span class='ocrx_word' id='word_1_14' title='bbox 2445 677 2694 735; x_wconf 86' lang='lat' dir='ltr'>transire</span> <span class='ocrx_word' id='word_1_15' title='bbox 2739 675 3050 744; x_wconf 88' lang='lat' dir='ltr'>voluerint,</span> <span class='ocrx_word' id='word_1_16' title='bbox 3083 673 3478 734; x_wconf 79' lang='lat' dir='ltr'>admittendos</span> <span class='ocrx_word' id='word_1_17' title='bbox 3520 689 3670 745; x_wconf 83' lang='lat' dir='ltr'>esse,</span> <span class='ocrx_word' id='word_1_18' title='bbox 3711 673 3855 733; x_wconf 90' lang='lat' dir='ltr'>dum</span> 
     </span>
    </p>
   </div>
   <div class='ocr_carea' id='block_1_4' title="bbox 442 764 2090 835">
    <p class='ocr_par' dir='ltr' id='par_1_4' title="bbox 442 764 2090 835">
     <span class='ocr_line' id='line_1_4' title="bbox 442 764 2090 835; baseline -0.001 -13"><span class='ocrx_word' id='word_1_19' title='bbox 442 781 647 822; x_wconf 87' lang='lat' dir='ltr'>sanam</span> <span class='ocrx_word' id='word_1_20' title='bbox 680 768 953 822; x_wconf 86' lang='lat' dir='ltr'>reducere</span> <span class='ocrx_word' id='word_1_21' title='bbox 1003 771 1253 821; x_wconf 89' lang='lat' dir='ltr'>mentem</span> <span class='ocrx_word' id='word_1_22' title='bbox 1289 781 1300 820; x_wconf 91' lang='lat'>:</span> <span class='ocrx_word' id='word_1_23' title='bbox 1335 770 1392 819; x_wconf 92' lang='lat' dir='ltr'>et</span> <span class='ocrx_word' id='word_1_24' title='bbox 1441 764 1677 835; x_wconf 86' lang='lat' dir='ltr'>quidem</span> <span class='ocrx_word' id='word_1_25' title='bbox 1711 765 1860 820; x_wconf 90' lang='lat' dir='ltr'>clam</span> <span class='ocrx_word' id='word_1_26' title='bbox 1891 766 2090 821; x_wconf 87' lang='lat' dir='ltr'>tacite-</span> 
     </span>
    </p>
   </div>
   <div class='ocr_carea' id='block_1_5' title="bbox 440 855 2091 927">
    <p class='ocr_par' dir='ltr' id='par_1_5' title="bbox 440 855 2091 927">
     <span class='ocr_line' id='line_1_5' title="bbox 440 855 2091 927; baseline 0 -17"><span class='ocrx_word' id='word_1_27' title='bbox 440 871 555 927; x_wconf 90' lang='lat' dir='ltr'>que</span> <span class='ocrx_word' id='word_1_28' title='bbox 602 857 956 921; x_wconf 84' lang='lat' dir='ltr'>accederent,</span> <span class='ocrx_word' id='word_1_29' title='bbox 995 861 1074 909; x_wconf 84' lang='lat' dir='ltr'>‘ut</span> <span class='ocrx_word' id='word_1_30' title='bbox 1122 855 1223 926; x_wconf 90' lang='lat' dir='ltr'>qui</span> <span class='ocrx_word' id='word_1_31' title='bbox 1268 855 1518 909; x_wconf 72' lang='lat' dir='ltr'>adversae</span> <span class='ocrx_word' id='word_1_32' title='bbox 1570 855 1753 926; x_wconf 91' lang='lat' dir='ltr'>partis</span> <span class='ocrx_word' id='word_1_33' title='bbox 1801 860 1988 920; x_wconf 90' lang='lat' dir='ltr'>erant,</span> <span class='ocrx_word' id='word_1_34' title='bbox 2021 871 2091 910; x_wconf 90' lang='lat' dir='ltr'>ne</span> 
     </span>
    </p>
   </div>
   <div class='ocr_carea' id='block_1_6' title="bbox 437 943 2093 1016">
    <p class='ocr_par' dir='ltr' id='par_1_6' title="bbox 437 943 2093 1016">
     <span class='ocr_line' id='line_1_6' title="bbox 437 943 2093 1016; baseline -0.001 -17"><span class='ocrx_word' id='word_1_35' title='bbox 437 945 937 1015; x_wconf 66' lang='lat' dir='ltr'>praesentiscerent</span> <span class='ocrx_word' id='word_1_36' title='bbox 961 945 1197 1016; x_wconf 89' lang='lat' dir='ltr'>quidem</span> <span class='ocrx_word' id='word_1_37' title='bbox 1232 944 1608 998; x_wconf 81' lang='lat' dir='ltr'>adventuros.</span> <span class='ocrx_word' id='word_1_38' title='bbox 1644 944 1786 998; x_wconf 89' lang='lat' dir='ltr'>Esse</span> <span class='ocrx_word' id='word_1_39' title='bbox 1819 943 1918 1014; x_wconf 89' lang='lat' dir='ltr'>qui</span> <span class='ocrx_word' id='word_1_40' title='bbox 1949 947 2093 998; x_wconf 87' lang='lat' dir='ltr'>Mar-</span> 
     </span>
    </p>
   </div>
   <div class='ocr_carea' id='block_1_7' title="bbox 439 1031 2092 1103">
    <p class='ocr_par' dir='ltr' id='par_1_7' title="bbox 439 1031 2092 1103">
     <span class='ocr_line' id='line_1_7' title="bbox 439 1031 2092 1103; baseline -0.001 -17"><span class='ocrx_word' id='word_1_41' title='bbox 439 1032 647 1088; x_wconf 91' lang='lat' dir='ltr'>cellum</span> <span class='ocrx_word' id='word_1_42' title='bbox 681 1035 1097 1088; x_wconf 80' lang='lat' dir='ltr'>contenderent</span> <span class='ocrx_word' id='word_1_43' title='bbox 1118 1032 1287 1102; x_wconf 87' lang='lat' dir='ltr'>abjici</span> <span class='ocrx_word' id='word_1_44' title='bbox 1310 1033 1381 1088; x_wconf 89' lang='lat' dir='ltr'>ab</span> <span class='ocrx_word' id='word_1_45' title='bbox 1417 1031 1670 1088; x_wconf 85' lang='lat' dir='ltr'>Ecclesia</span> <span class='ocrx_word' id='word_1_46' title='bbox 1692 1040 2092 1103; x_wconf 77' lang='lat' dir='ltr'>oportere,qui</span> 
     </span>
    </p>
   </div>
   <div class='ocr_carea' id='block_1_8' title="bbox 436 1120 2088 1192">
    <p class='ocr_par' dir='ltr' id='par_1_8' title="bbox 436 1120 2088 1192">
     <span class='ocr_line' id='line_1_8' title="bbox 436 1120 2088 1192; baseline 0.001 -17"><span class='ocrx_word' id='word_1_47' title='bbox 436 1120 608 1176; x_wconf 91' lang='lat' dir='ltr'>Verbi</span> <span class='ocrx_word' id='word_1_48' title='bbox 646 1123 738 1177; x_wconf 89' lang='lat' dir='ltr'>Dei</span> <span class='ocrx_word' id='word_1_49' title='bbox 769 1129 902 1178; x_wconf 84' lang='lat' dir='ltr'>ante</span> <span class='ocrx_word' id='word_1_50' title='bbox 951 1122 1414 1177; x_wconf 84' lang='lat' dir='ltr'>incarnationem</span> <span class='ocrx_word' id='word_1_51' title='bbox 1468 1127 1524 1177; x_wconf 89' lang='lat' dir='ltr'>et</span> <span class='ocrx_word' id='word_1_52' title='bbox 1555 1127 1685 1192; x_wconf 90' lang='lat' dir='ltr'>post</span> <span class='ocrx_word' id='word_1_53' title='bbox 1714 1121 2088 1177; x_wconf 89' lang='lat' dir='ltr'>resurrectio-</span> 
     </span>
    </p>
   </div>
   <div class='ocr_carea' id='block_1_9' title="bbox 437 1209 1280 1265">
    <p class='ocr_par' dir='ltr' id='par_1_9' title="bbox 437 1209 1280 1265">
     <span class='ocr_line' id='line_1_9' title="bbox 437 1209 1280 1265; baseline 0.002 -3"><span class='ocrx_word' id='word_1_54' title='bbox 437 1223 570 1263; x_wconf 86' lang='lat' dir='ltr'>nem</span> <span class='ocrx_word' id='word_1_55' title='bbox 602 1209 1000 1265; x_wconf 80' lang='lat' dir='ltr'>exsistentiam</span> <span class='ocrx_word' id='word_1_56' title='bbox 1034 1209 1280 1265; x_wconf 88' lang='lat' dir='ltr'>tolleret.</span> 
     </span>
    </p>
   </div>
   <div class='ocr_carea' id='block_1_10' title="bbox 506 1299 2088 1356">
    <p class='ocr_par' dir='ltr' id='par_1_10' title="bbox 506 1299 2088 1356">
     <span class='ocr_line' id='line_1_10' title="bbox 506 1299 2088 1356; baseline 0 -3"><span class='ocrx_word' id='word_1_57' title='bbox 506 1300 558 1352; x_wconf 86' lang='grc'>4.</span> <span class='ocrx_word' id='word_1_58' title='bbox 619 1300 956 1354; x_wconf 81' lang='lat' dir='ltr'>Athanasius</span> <span class='ocrx_word' id='word_1_59' title='bbox 1003 1317 1126 1354; x_wconf 86' lang='lat' dir='ltr'>cum</span> <span class='ocrx_word' id='word_1_60' title='bbox 1176 1300 1393 1356; x_wconf 78' lang='lat' dir='ltr'>Meletio</span> <span class='ocrx_word' id='word_1_61' title='bbox 1433 1299 1837 1354; x_wconf 77' lang='lat' dir='ltr'>reconciliatur.</span> <span class='ocrx_word' id='word_1_62' title='bbox 1889 1329 1958 1338; x_wconf 79' lang='lat'>--</span> <span class='ocrx_word' id='word_1_63' title='bbox 2009 1299 2088 1353; x_wconf 83' lang='lat' dir='ltr'><strong>Ex</strong></span> 
     </span>
    </p>
   </div>
   <div class='ocr_carea' id='block_1_11' title="bbox 434 1386 2089 1460">
    <p class='ocr_par' dir='ltr' id='par_1_11' title="bbox 434 1386 2089 1460">
     <span class='ocr_line' id='line_1_11' title="bbox 434 1386 2089 1460; baseline -0.001 -17"><span class='ocrx_word' id='word_1_64' title='bbox 434 1386 544 1443; x_wconf 91' lang='lat' dir='ltr'>hac</span> <span class='ocrx_word' id='word_1_65' title='bbox 576 1393 873 1459; x_wconf 88' lang='lat' dir='ltr'>postrema</span> <span class='ocrx_word' id='word_1_66' title='bbox 903 1388 1151 1460; x_wconf 89' lang='lat' dir='ltr'>epistola</span> <span class='ocrx_word' id='word_1_67' title='bbox 1171 1389 1373 1443; x_wconf 79' lang='lat' dir='ltr'>confici</span> <span class='ocrx_word' id='word_1_68' title='bbox 1408 1387 1652 1454; x_wconf 90' lang='lat' dir='ltr'>videtur,</span> <span class='ocrx_word' id='word_1_69' title='bbox 1688 1387 1884 1443; x_wconf 85' lang='lat' dir='ltr'><strong>Basilii</strong></span> <span class='ocrx_word' id='word_1_70' title='bbox 1912 1403 2089 1458; x_wconf 87' lang='lat' dir='ltr'>opera</span> 
     </span>
    </p>
   </div>
   <div class='ocr_carea' id='block_1_12' title="bbox 430 1476 2084 1547">
    <p class='ocr_par' dir='ltr' id='par_1_12' title="bbox 430 1476 2084 1547">
     <span class='ocr_line' id='line_1_12' title="bbox 430 1476 2084 1547; baseline -0.001 -15"><span class='ocrx_word' id='word_1_71' title='bbox 430 1477 817 1532; x_wconf 84' lang='lat' dir='ltr'>Athanasium</span> <span class='ocrx_word' id='word_1_72' title='bbox 833 1477 1059 1532; x_wconf 89' lang='lat' dir='ltr'>Meletio</span> <span class='ocrx_word' id='word_1_73' title='bbox 1079 1476 1517 1532; x_wconf 89' lang='lat' dir='ltr'>reconciliatum</span> <span class='ocrx_word' id='word_1_74' title='bbox 1541 1477 1738 1532; x_wconf 79' lang='lat' dir='ltr'>fuisse.</span> <span class='ocrx_word' id='word_1_75' title='bbox 1762 1477 1905 1530; x_wconf 89' lang='lat' dir='ltr'>Nam</span> <span class='ocrx_word' id='word_1_76' title='bbox 1930 1476 2084 1547; x_wconf 88' lang='lat' dir='ltr'>quod</span> 
     </span>
    </p>
   </div>
   <div class='ocr_carea' id='block_1_13' title="bbox 434 1565 2084 1636">
    <p class='ocr_par' dir='ltr' id='par_1_13' title="bbox 434 1565 2084 1636">
     <span class='ocr_line' id='line_1_13' title="bbox 434 1565 2084 1636; baseline -0.001 -14"><span class='ocrx_word' id='word_1_77' title='bbox 434 1565 647 1622; x_wconf 89' lang='lat' dir='ltr'>Meletii</span> <span class='ocrx_word' id='word_1_78' title='bbox 666 1566 946 1621; x_wconf 85' lang='lat' dir='ltr'>diaconus</span> <span class='ocrx_word' id='word_1_79' title='bbox 964 1568 1029 1620; x_wconf 90' lang='lat' dir='ltr'>ad</span> <span class='ocrx_word' id='word_1_80' title='bbox 1058 1565 1441 1621; x_wconf 88' lang='lat' dir='ltr'>Athanasium</span> <span class='ocrx_word' id='word_1_81' title='bbox 1469 1565 1929 1621; x_wconf 87' lang='lat' dir='ltr'>conveniendum</span> <span class='ocrx_word' id='word_1_82' title='bbox 1954 1581 2084 1636; x_wconf 90' lang='lat' dir='ltr'>pro-</span> 
     </span>
    </p>
   </div>
   <div class='ocr_carea' id='block_1_14' title="bbox 431 1654 2084 1727">
    <p class='ocr_par' dir='ltr' id='par_1_14' title="bbox 431 1654 2084 1727">
     <span class='ocr_line' id='line_1_14' title="bbox 431 1654 2084 1727; baseline -0.002 -16"><span class='ocrx_word' id='word_1_83' title='bbox 431 1661 683 1727; x_wconf 89' lang='lat' dir='ltr'>peraret,</span> <span class='ocrx_word' id='word_1_84' title='bbox 718 1655 774 1710; x_wconf 92' lang='lat' dir='ltr'>id</span> <span class='ocrx_word' id='word_1_85' title='bbox 807 1673 874 1709; x_wconf 91' lang='lat' dir='ltr'>ea</span> <span class='ocrx_word' id='word_1_86' title='bbox 903 1659 1249 1726; x_wconf 82' lang='lat' dir='ltr'>tempestate</span> <span class='ocrx_word' id='word_1_87' title='bbox 1281 1655 1430 1710; x_wconf 90' lang='lat' dir='ltr'>inter</span> <span class='ocrx_word' id='word_1_88' title='bbox 1459 1655 1625 1726; x_wconf 86' lang='lat' dir='ltr'>signa</span> <span class='ocrx_word' id='word_1_89' title='bbox 1659 1655 1811 1710; x_wconf 78' lang='lat' dir='ltr'>initae</span> <span class='ocrx_word' id='word_1_90' title='bbox 1844 1659 1943 1710; x_wconf 90' lang='lat' dir='ltr'>aut</span> <span class='ocrx_word' id='word_1_91' title='bbox 1970 1654 2084 1709; x_wconf 90' lang='lat' dir='ltr'>sal-</span> 
     </span>
    </p>
   </div>
   <div class='ocr_carea' id='block_1_15' title="bbox 433 1743 2084 1816">
    <p class='ocr_par' dir='ltr' id='par_1_15' title="bbox 433 1743 2084 1816">
     <span class='ocr_line' id='line_1_15' title="bbox 433 1743 2084 1816; baseline -0.001 -16"><span class='ocrx_word' id='word_1_92' title='bbox 433 1749 552 1800; x_wconf 88' lang='lat' dir='ltr'>tem</span> <span class='ocrx_word' id='word_1_93' title='bbox 585 1743 849 1799; x_wconf 77' lang='lat' dir='ltr'>ineundae</span> <span class='ocrx_word' id='word_1_94' title='bbox 874 1745 1035 1816; x_wconf 85' lang='lat' dir='ltr'>pacis</span> <span class='ocrx_word' id='word_1_95' title='bbox 1067 1745 1602 1816; x_wconf 90' lang='lat' dir='ltr'>computabatur.ln</span> <span class='ocrx_word' id='word_1_96' title='bbox 1627 1744 1786 1799; x_wconf 87' lang='lat' dir='ltr'>hisce</span> <span class='ocrx_word' id='word_1_97' title='bbox 1807 1743 2084 1798; x_wconf 91' lang='lat' dir='ltr'>omnibus</span> 
     </span>
    </p>
   </div>
   <div class='ocr_carea' id='block_1_16' title="bbox 431 1831 2082 1905">
    <p class='ocr_par' dir='ltr' id='par_1_16' title="bbox 431 1831 2082 1905">
     <span class='ocr_line' id='line_1_16' title="bbox 431 1831 2082 1905; baseline -0.001 -18"><span class='ocrx_word' id='word_1_98' title='bbox 431 1832 698 1905; x_wconf 83' lang='lat' dir='ltr'>epistolis</span> <span class='ocrx_word' id='word_1_99' title='bbox 732 1849 1006 1905; x_wconf 88' lang='lat' dir='ltr'>magnam</span> <span class='ocrx_word' id='word_1_100' title='bbox 1040 1850 1274 1888; x_wconf 90' lang='lat' dir='ltr'>cernere</span> <span class='ocrx_word' id='word_1_101' title='bbox 1310 1838 1397 1888; x_wconf 91' lang='lat' dir='ltr'>est</span> <span class='ocrx_word' id='word_1_102' title='bbox 1425 1833 1624 1889; x_wconf 85' lang='lat' dir='ltr'>Basilii</span> <span class='ocrx_word' id='word_1_103' title='bbox 1655 1847 1794 1905; x_wconf 87' lang='lat' dir='ltr'>erga</span> <span class='ocrx_word' id='word_1_104' title='bbox 1826 1831 2082 1887; x_wconf 86' lang='lat' dir='ltr'>Athana-</span> 
     </span>
    </p>
   </div>
   <div class='ocr_carea' id='block_1_17' title="bbox 433 1922 2080 1994">
    <p class='ocr_par' dir='ltr' id='par_1_17' title="bbox 433 1922 2080 1994">
     <span class='ocr_line' id='line_1_17' title="bbox 433 1922 2080 1994; baseline -0.001 -18"><span class='ocrx_word' id='word_1_105' title='bbox 433 1922 586 1977; x_wconf 90' lang='lat' dir='ltr'>sium</span> <span class='ocrx_word' id='word_1_106' title='bbox 611 1923 1061 1977; x_wconf 86' lang='lat' dir='ltr'>observantiam.</span> <span class='ocrx_word' id='word_1_107' title='bbox 1082 1922 1285 1977; x_wconf 90' lang='lat' dir='ltr'>Virum</span> <span class='ocrx_word' id='word_1_108' title='bbox 1310 1928 1374 1977; x_wconf 91' lang='lat' dir='ltr'>ut</span> <span class='ocrx_word' id='word_1_109' title='bbox 1407 1926 1651 1994; x_wconf 79' lang='lat' dir='ltr'>patrem,</span> <span class='ocrx_word' id='word_1_110' title='bbox 1677 1933 1740 1976; x_wconf 86' lang='lat' dir='ltr'>ut</span> <span class='ocrx_word' id='word_1_111' title='bbox 1761 1923 2080 1990; x_wconf 88' lang='lat' dir='ltr'>doctorem,</span> 
     </span>
    </p>
   </div>
   <div class='ocr_carea' id='block_1_18' title="bbox 432 2010 2081 2083">
    <p class='ocr_par' dir='ltr' id='par_1_18' title="bbox 432 2010 2081 2083">
     <span class='ocr_line' id='line_1_18' title="bbox 432 2010 2081 2083; baseline -0.001 -17"><span class='ocrx_word' id='word_1_112' title='bbox 432 2014 498 2066; x_wconf 91' lang='lat' dir='ltr'>ut</span> <span class='ocrx_word' id='word_1_113' title='bbox 527 2010 812 2065; x_wconf 89' lang='lat' dir='ltr'>arbitrum</span> <span class='ocrx_word' id='word_1_114' title='bbox 838 2027 1068 2083; x_wconf 89' lang='lat' dir='ltr'>semper</span> <span class='ocrx_word' id='word_1_115' title='bbox 1089 2010 1405 2082; x_wconf 86' lang='lat' dir='ltr'>alloquitur</span> <span class='ocrx_word' id='word_1_116' title='bbox 1438 2029 1449 2066; x_wconf 92' lang='lat'>:</span> <span class='ocrx_word' id='word_1_117' title='bbox 1484 2016 1540 2066; x_wconf 93' lang='lat' dir='ltr'>et</span> <span class='ocrx_word' id='word_1_118' title='bbox 1570 2011 1750 2066; x_wconf 85' lang='lat' dir='ltr'>totius</span> <span class='ocrx_word' id='word_1_119' title='bbox 1775 2011 1955 2065; x_wconf 84' lang='lat' dir='ltr'>ferme</span> <span class='ocrx_word' id='word_1_120' title='bbox 1978 2010 2081 2064; x_wconf 86' lang='lat' dir='ltr'>Eo-</span> 
     </span>
    </p>
   </div>
   <div class='ocr_carea' id='block_1_19' title="bbox 433 2097 2086 2172">
    <p class='ocr_par' dir='ltr' id='par_1_19' title="bbox 433 2097 2086 2172">
     <span class='ocr_line' id='line_1_19' title="bbox 433 2097 2086 2172; baseline -0.002 -17"><span class='ocrx_word' id='word_1_121' title='bbox 433 2099 621 2156; x_wconf 72' lang='lat' dir='ltr'>clesiae</span> <span class='ocrx_word' id='word_1_122' title='bbox 661 2103 878 2155; x_wconf 88' lang='lat' dir='ltr'>sortem</span> <span class='ocrx_word' id='word_1_123' title='bbox 926 2115 994 2154; x_wconf 81' lang='lat' dir='ltr'>ex</span> <span class='ocrx_word' id='word_1_124' title='bbox 1023 2099 1211 2171; x_wconf 90' lang='lat' dir='ltr'>ipsius</span> <span class='ocrx_word' id='word_1_125' title='bbox 1264 2099 1517 2155; x_wconf 84' lang='lat' dir='ltr'>maxime</span> <span class='ocrx_word' id='word_1_126' title='bbox 1549 2101 1800 2172; x_wconf 89' lang='lat' dir='ltr'>pendere</span> <span class='ocrx_word' id='word_1_127' title='bbox 1842 2097 2086 2154; x_wconf 90' lang='lat' dir='ltr'>consilio</span> 
     </span>
    </p>
   </div>
   <div class='ocr_carea' id='block_1_20' title="bbox 433 2186 2089 2245">
    <p class='ocr_par' dir='ltr' id='par_1_20' title="bbox 433 2186 2089 2245">
     <span class='ocr_line' id='line_1_20' title="bbox 433 2186 2089 2245; baseline -0.002 0"><span class='ocrx_word' id='word_1_128' title='bbox 433 2189 801 2245; x_wconf 72' lang='lat' dir='ltr'>testiﬁcatur.</span> <span class='ocrx_word' id='word_1_129' title='bbox 835 2188 1198 2244; x_wconf 87' lang='lat' dir='ltr'>Athanasius</span> <span class='ocrx_word' id='word_1_130' title='bbox 1231 2187 1492 2243; x_wconf 87' lang='lat' dir='ltr'>vicissim</span> <span class='ocrx_word' id='word_1_131' title='bbox 1522 2187 1802 2243; x_wconf 89' lang='lat' dir='ltr'>Basilium</span> <span class='ocrx_word' id='word_1_132' title='bbox 1837 2187 1939 2242; x_wconf 83' lang='lat' dir='ltr'>ﬁlii</span> <span class='ocrx_word' id='word_1_133' title='bbox 1966 2186 2089 2242; x_wconf 91' lang='lat' dir='ltr'>loco</span> 
     </span>
    </p>
   </div>
   <div class='ocr_carea' id='block_1_21' title="bbox 432 2275 2091 2348">
    <p class='ocr_par' dir='ltr' id='par_1_21' title="bbox 432 2275 2091 2348">
     <span class='ocr_line' id='line_1_21' title="bbox 432 2275 2091 2348; baseline -0.002 -15"><span class='ocrx_word' id='word_1_134' title='bbox 432 2292 661 2348; x_wconf 86' lang='lat' dir='ltr'>semper</span> <span class='ocrx_word' id='word_1_135' title='bbox 685 2276 909 2348; x_wconf 84' lang='lat' dir='ltr'>habuit,</span> <span class='ocrx_word' id='word_1_136' title='bbox 933 2278 1179 2348; x_wconf 88' lang='lat' dir='ltr'>ejusque</span> <span class='ocrx_word' id='word_1_137' title='bbox 1200 2276 1547 2344; x_wconf 89' lang='lat' dir='ltr'>doctrinam,</span> <span class='ocrx_word' id='word_1_138' title='bbox 1574 2277 1690 2331; x_wconf 89' lang='lat' dir='ltr'>vim</span> <span class='ocrx_word' id='word_1_139' title='bbox 1715 2275 1952 2348; x_wconf 71' lang='lat' dir='ltr'>ingenii,</span> <span class='ocrx_word' id='word_1_140' title='bbox 1975 2275 2091 2346; x_wconf 92' lang='lat' dir='ltr'>pie-</span> 
     </span>
    </p>
   </div>
   <div class='ocr_carea' id='block_1_22' title="bbox 431 2363 2087 2437">
    <p class='ocr_par' dir='ltr' id='par_1_22' title="bbox 431 2363 2087 2437">
     <span class='ocr_line' id='line_1_22' title="bbox 431 2363 2087 2437; baseline -0.002 -15"><span class='ocrx_word' id='word_1_141' title='bbox 431 2370 608 2422; x_wconf 86' lang='lat' dir='ltr'>tatem</span> <span class='ocrx_word' id='word_1_142' title='bbox 642 2366 850 2437; x_wconf 87' lang='lat' dir='ltr'>quanti</span> <span class='ocrx_word' id='word_1_143' title='bbox 906 2365 1097 2432; x_wconf 79' lang='lat' dir='ltr'>i&#39;aciat,</span> <span class='ocrx_word' id='word_1_144' title='bbox 1123 2369 1223 2420; x_wconf 90' lang='lat' dir='ltr'>aut</span> <span class='ocrx_word' id='word_1_145' title='bbox 1253 2364 1434 2421; x_wconf 86' lang='lat' dir='ltr'>semel</span> <span class='ocrx_word' id='word_1_146' title='bbox 1467 2365 1760 2437; x_wconf 82' lang='lat' dir='ltr'>signiﬁcat</span> <span class='ocrx_word' id='word_1_147' title='bbox 1789 2367 1845 2419; x_wconf 91' lang='lat' dir='ltr'>in</span> <span class='ocrx_word' id='word_1_148' title='bbox 1879 2363 2087 2419; x_wconf 87' lang='lat' dir='ltr'>litteris</span> 
     </span>
    </p>
   </div>
   <div class='ocr_carea' id='block_1_23' title="bbox 431 2453 2088 2526">
    <p class='ocr_par' dir='ltr' id='par_1_23' title="bbox 431 2453 2088 2526">
     <span class='ocr_line' id='line_1_23' title="bbox 431 2453 2088 2526; baseline -0.002 -16"><span class='ocrx_word' id='word_1_149' title='bbox 431 2455 635 2510; x_wconf 89' lang='lat' dir='ltr'>Basilii</span> <span class='ocrx_word' id='word_1_150' title='bbox 668 2471 846 2511; x_wconf 87' lang='lat' dir='ltr'>causa</span> <span class='ocrx_word' id='word_1_151' title='bbox 877 2454 1244 2526; x_wconf 88' lang='lat' dir='ltr'>conscriptis.</span> <span class='ocrx_word' id='word_1_152' title='bbox 1278 2454 1423 2510; x_wconf 89' lang='lat' dir='ltr'>Nam</span> <span class='ocrx_word' id='word_1_153' title='bbox 1452 2471 1577 2526; x_wconf 69' lang='lat' dir='ltr'>quae</span> <span class='ocrx_word' id='word_1_154' title='bbox 1605 2455 1671 2509; x_wconf 78' lang='lat' dir='ltr'>ad</span> <span class='ocrx_word' id='word_1_155' title='bbox 1706 2455 1900 2525; x_wconf 90' lang='lat' dir='ltr'>ipsum</span> <span class='ocrx_word' id='word_1_156' title='bbox 1932 2453 2088 2508; x_wconf 83' lang='lat' dir='ltr'>Basi-</span> 
     </span>
    </p>
   </div>
   <div class='ocr_carea' id='block_1_24' title="bbox 429 2542 1962 2615">
    <p class='ocr_par' dir='ltr' id='par_1_24' title="bbox 429 2542 1962 2615">
     <span class='ocr_line' id='line_1_24' title="bbox 429 2542 1962 2615; baseline 0 -17"><span class='ocrx_word' id='word_1_157' title='bbox 429 2542 578 2599; x_wconf 92' lang='lat' dir='ltr'>lium</span> <span class='ocrx_word' id='word_1_158' title='bbox 613 2544 762 2599; x_wconf 72' lang='lat' dir='ltr'>datae</span> <span class='ocrx_word' id='word_1_159' title='bbox 793 2548 949 2611; x_wconf 89' lang='lat' dir='ltr'>sunt,</span> <span class='ocrx_word' id='word_1_160' title='bbox 985 2543 1206 2614; x_wconf 84' lang='lat' dir='ltr'>injuria</span> <span class='ocrx_word' id='word_1_161' title='bbox 1235 2548 1565 2615; x_wconf 89' lang='lat' dir='ltr'>temporum</span> <span class='ocrx_word' id='word_1_162' title='bbox 1597 2543 1962 2598; x_wconf 86' lang='lat' dir='ltr'>interierunt.</span> 
     </span>
    </p>
   </div>
   <div class='ocr_carea' id='block_1_25' title="bbox 497 2632 2085 2703">
    <p class='ocr_par' dir='ltr' id='par_1_25' title="bbox 497 2632 2085 2703">
     <span class='ocr_line' id='line_1_25' title="bbox 497 2632 2085 2703; baseline -0.001 -16"><span class='ocrx_word' id='word_1_163' title='bbox 497 2633 551 2687; x_wconf 87' lang='lat'>5.</span> <span class='ocrx_word' id='word_1_164' title='bbox 587 2634 862 2703; x_wconf 64' lang='lat' dir='ltr'>Epistolc&#39;e</span> <span class='ocrx_word' id='word_1_165' title='bbox 909 2633 1200 2688; x_wconf 78' lang='lat' dir='ltr'>Athanasii</span> <span class='ocrx_word' id='word_1_166' title='bbox 1247 2633 1317 2686; x_wconf 86' lang='lat' dir='ltr'>ad</span> <span class='ocrx_word' id='word_1_167' title='bbox 1363 2635 1627 2688; x_wconf 78' lang='lat' dir='ltr'>Joannem</span> <span class='ocrx_word' id='word_1_168' title='bbox 1669 2641 1719 2688; x_wconf 84' lang='lat' dir='ltr'>et</span> <span class='ocrx_word' id='word_1_169' title='bbox 1749 2632 2085 2687; x_wconf 78' lang='lat' dir='ltr'>Antiochum</span> 
     </span>
    </p>
   </div>
   <div class='ocr_carea' id='block_1_26' title="bbox 426 2721 2084 2777">
    <p class='ocr_par' dir='ltr' id='par_1_26' title="bbox 426 2721 2084 2777">
     <span class='ocr_line' id='line_1_26' title="bbox 426 2721 2084 2777; baseline 0.001 -2"><span class='ocrx_word' id='word_1_170' title='bbox 426 2728 481 2776; x_wconf 83' lang='lat' dir='ltr'>et</span> <span class='ocrx_word' id='word_1_171' title='bbox 509 2721 579 2775; x_wconf 89' lang='lat' dir='ltr'>ad</span> <span class='ocrx_word' id='word_1_172' title='bbox 610 2722 960 2777; x_wconf 84' lang='lat' dir='ltr'>Palladium.</span> <span class='ocrx_word' id='word_1_173' title='bbox 992 2723 1196 2776; x_wconf 77' lang='lat' dir='ltr'>Basilii</span> <span class='ocrx_word' id='word_1_174' title='bbox 1222 2722 1292 2776; x_wconf 81' lang='lat' dir='ltr'>de</span> <span class='ocrx_word' id='word_1_175' title='bbox 1321 2721 1622 2776; x_wconf 77' lang='lat' dir='ltr'>Athanasio</span> <span class='ocrx_word' id='word_1_176' title='bbox 1652 2723 1980 2777; x_wconf 79' lang='lat' dir='ltr'>testimonia.</span> <span class='ocrx_word' id='word_1_177' title='bbox 2018 2753 2084 2762; x_wconf 88' lang='lat'>-—</span> 
     </span>
    </p>
   </div>
   <div class='ocr_carea' id='block_1_27' title="bbox 432 2810 2083 2883">
    <p class='ocr_par' dir='ltr' id='par_1_27' title="bbox 432 2810 2083 2883">
     <span class='ocr_line' id='line_1_27' title="bbox 432 2810 2083 2883; baseline -0.001 -18"><span class='ocrx_word' id='word_1_178' title='bbox 432 2810 548 2865; x_wconf 86' lang='lat' dir='ltr'>Hoc</span> <span class='ocrx_word' id='word_1_179' title='bbox 596 2811 826 2865; x_wconf 84' lang='lat' dir='ltr'>circiter</span> <span class='ocrx_word' id='word_1_180' title='bbox 878 2815 1137 2882; x_wconf 88' lang='lat' dir='ltr'>tempore</span> <span class='ocrx_word' id='word_1_181' title='bbox 1187 2811 1451 2866; x_wconf 85' lang='lat' dir='ltr'>excitatis</span> <span class='ocrx_word' id='word_1_182' title='bbox 1484 2811 1555 2865; x_wconf 94' lang='lat' dir='ltr'>de</span> <span class='ocrx_word' id='word_1_183' title='bbox 1602 2810 1854 2883; x_wconf 90' lang='lat' dir='ltr'>Spiritus</span> <span class='ocrx_word' id='word_1_184' title='bbox 1897 2811 2083 2866; x_wconf 87' lang='lat' dir='ltr'>sancti</span> 
     </span>
    </p>
   </div>
   <div class='ocr_carea' id='block_1_28' title="bbox 432 2899 2084 2971">
    <p class='ocr_par' dir='ltr' id='par_1_28' title="bbox 432 2899 2084 2971">
     <span class='ocr_line' id='line_1_28' title="bbox 432 2899 2084 2971; baseline 0.001 -17"><span class='ocrx_word' id='word_1_185' title='bbox 432 2899 738 2954; x_wconf 86' lang='lat' dir='ltr'>divinitate</span> <span class='ocrx_word' id='word_1_186' title='bbox 795 2899 1242 2970; x_wconf 66' lang='lat' dir='ltr'>quaestionibus,</span> <span class='ocrx_word' id='word_1_187' title='bbox 1274 2899 1526 2954; x_wconf 90' lang='lat' dir='ltr'>Basilius</span> <span class='ocrx_word' id='word_1_188' title='bbox 1577 2904 1906 2971; x_wconf 89' lang='lat' dir='ltr'>temporum</span> <span class='ocrx_word' id='word_1_189' title='bbox 1957 2916 2084 2955; x_wconf 88' lang='lat' dir='ltr'>sese</span> 
     </span>
    </p>
   </div>
   <div class='ocr_carea' id='block_1_29' title="bbox 430 2987 2086 3060">
    <p class='ocr_par' dir='ltr' id='par_1_29' title="bbox 430 2987 2086 3060">
     <span class='ocr_line' id='line_1_29' title="bbox 430 2987 2086 3060; baseline -0.001 -16"><span class='ocrx_word' id='word_1_190' title='bbox 430 2987 750 3044; x_wconf 84' lang='lat' dir='ltr'>conditioni</span> <span class='ocrx_word' id='word_1_191' title='bbox 804 2994 1226 3060; x_wconf 85' lang='lat' dir='ltr'>attemperans,</span> <span class='ocrx_word' id='word_1_192' title='bbox 1287 2989 1394 3044; x_wconf 91' lang='lat' dir='ltr'>etsi</span> <span class='ocrx_word' id='word_1_193' title='bbox 1450 2989 1698 3060; x_wconf 88' lang='lat' dir='ltr'>Spiritui</span> <span class='ocrx_word' id='word_1_194' title='bbox 1749 2994 1951 3044; x_wconf 89' lang='lat' dir='ltr'>sancto</span> <span class='ocrx_word' id='word_1_195' title='bbox 2020 3005 2086 3044; x_wconf 89' lang='lat' dir='ltr'>ea</span> 
     </span>
    </p>
   </div>
   <div class='ocr_carea' id='block_1_30' title="bbox 431 3075 2084 3146">
    <p class='ocr_par' dir='ltr' id='par_1_30' title="bbox 431 3075 2084 3146">
     <span class='ocr_line' id='line_1_30' title="bbox 431 3075 2084 3146; baseline 0 -16"><span class='ocrx_word' id='word_1_196' title='bbox 431 3075 631 3130; x_wconf 89' lang='lat' dir='ltr'>omnia</span> <span class='ocrx_word' id='word_1_197' title='bbox 660 3092 785 3146; x_wconf 62' lang='lat' dir='ltr'>qua;</span> <span class='ocrx_word' id='word_1_198' title='bbox 808 3075 923 3130; x_wconf 90' lang='lat' dir='ltr'>Deo</span> <span class='ocrx_word' id='word_1_199' title='bbox 947 3080 1285 3146; x_wconf 90' lang='lat' dir='ltr'>competunt</span> <span class='ocrx_word' id='word_1_200' title='bbox 1314 3076 1650 3144; x_wconf 80' lang='lat' dir='ltr'>ascriberet,</span> <span class='ocrx_word' id='word_1_201' title='bbox 1679 3082 1734 3131; x_wconf 91' lang='lat' dir='ltr'>ct</span> <span class='ocrx_word' id='word_1_202' title='bbox 1758 3081 1935 3131; x_wconf 90' lang='lat' dir='ltr'>Deum</span> <span class='ocrx_word' id='word_1_203' title='bbox 1955 3092 2084 3132; x_wconf 89' lang='lat' dir='ltr'>vere</span> 
     </span>
    </p>
   </div>
   <div class='ocr_carea' id='block_1_31' title="bbox 431 3163 2086 3236">
    <p class='ocr_par' dir='ltr' id='par_1_31' title="bbox 431 3163 2086 3236">
     <span class='ocr_line' id='line_1_31' title="bbox 431 3163 2086 3236; baseline 0.001 -18"><span class='ocrx_word' id='word_1_204' title='bbox 431 3163 627 3236; x_wconf 90' lang='lat' dir='ltr'>ipsum</span> <span class='ocrx_word' id='word_1_205' title='bbox 655 3165 912 3219; x_wconf 85' lang='lat' dir='ltr'>crederet</span> <span class='ocrx_word' id='word_1_206' title='bbox 958 3181 1156 3229; x_wconf 89' lang='lat' dir='ltr'>esse,a</span> <span class='ocrx_word' id='word_1_207' title='bbox 1188 3165 1282 3220; x_wconf 88' lang='lat' dir='ltr'>Dei</span> <span class='ocrx_word' id='word_1_208' title='bbox 1316 3171 1510 3220; x_wconf 89' lang='lat' dir='ltr'>tamen</span> <span class='ocrx_word' id='word_1_209' title='bbox 1556 3166 1792 3220; x_wconf 90' lang='lat' dir='ltr'>nomine</span> <span class='ocrx_word' id='word_1_210' title='bbox 1835 3166 2086 3220; x_wconf 81' lang='lat' dir='ltr'>abstine-</span> 
     </span>
    </p>
   </div>
   <div class='ocr_carea' id='block_1_32' title="bbox 432 3252 2083 3325">
    <p class='ocr_par' dir='ltr' id='par_1_32' title="bbox 432 3252 2083 3325">
     <span class='ocr_line' id='line_1_32' title="bbox 432 3252 2083 3325; baseline -0.001 -17"><span class='ocrx_word' id='word_1_211' title='bbox 432 3252 553 3323; x_wconf 90' lang='lat' dir='ltr'>bat,</span> <span class='ocrx_word' id='word_1_212' title='bbox 588 3268 659 3308; x_wconf 87' lang='lat' dir='ltr'>ne</span> <span class='ocrx_word' id='word_1_213' title='bbox 690 3271 780 3309; x_wconf 90' lang='lat' dir='ltr'>res</span> <span class='ocrx_word' id='word_1_214' title='bbox 811 3254 1177 3309; x_wconf 88' lang='lat' dir='ltr'>auditoribus</span> <span class='ocrx_word' id='word_1_215' title='bbox 1209 3253 1580 3325; x_wconf 89' lang='lat' dir='ltr'>appellationi</span> <span class='ocrx_word' id='word_1_216' title='bbox 1619 3253 1959 3324; x_wconf 89' lang='lat' dir='ltr'>bujusmodi</span> <span class='ocrx_word' id='word_1_217' title='bbox 1993 3254 2083 3307; x_wconf 87' lang='lat' dir='ltr'>in-</span> 
     </span>
    </p>
   </div>
   <div class='ocr_carea' id='block_1_33' title="bbox 435 3341 2085 3414">
    <p class='ocr_par' dir='ltr' id='par_1_33' title="bbox 435 3341 2085 3414">
     <span class='ocr_line' id='line_1_33' title="bbox 435 3341 2085 3414; baseline -0.002 -15"><span class='ocrx_word' id='word_1_218' title='bbox 435 3342 617 3399; x_wconf 88' lang='lat' dir='ltr'>suetis</span> <span class='ocrx_word' id='word_1_219' title='bbox 651 3341 958 3397; x_wconf 70' lang='lat' dir='ltr'>offensioni</span> <span class='ocrx_word' id='word_1_220' title='bbox 990 3343 1156 3396; x_wconf 78' lang='lat' dir='ltr'>toret.</span> <span class='ocrx_word' id='word_1_221' title='bbox 1193 3343 1252 3396; x_wconf 87' lang='lat' dir='ltr'>Id</span> <span class='ocrx_word' id='word_1_222' title='bbox 1285 3359 1418 3396; x_wconf 89' lang='lat' dir='ltr'>cum</span> <span class='ocrx_word' id='word_1_223' title='bbox 1453 3342 1692 3414; x_wconf 83' lang='lat' dir='ltr'>indigne</span> <span class='ocrx_word' id='word_1_224' title='bbox 1725 3343 1940 3396; x_wconf 87' lang='lat' dir='ltr'>ferrent</span> <span class='ocrx_word' id='word_1_225' title='bbox 1968 3357 2085 3395; x_wconf 84' lang='lat' dir='ltr'>mo-</span> 
     </span>
    </p>
   </div>
   <div class='ocr_carea' id='block_1_34' title="bbox 2203 765 3856 841">
    <p class='ocr_par' dir='ltr' id='par_1_34' title="bbox 2203 765 3856 841">
     <span class='ocr_line' id='line_1_34' title="bbox 2203 765 3856 841; baseline 0 -19"><span class='ocrx_word' id='word_1_226' title='bbox 2203 768 2441 824; x_wconf 70' lang='lat' dir='ltr'>Niczenae</span> <span class='ocrx_word' id='word_1_227' title='bbox 2459 769 2663 841; x_wconf 84' lang='lat' dir='ltr'>synodi</span> <span class='ocrx_word' id='word_1_228' title='bbox 2682 769 2853 823; x_wconf 85' lang='lat' dir='ltr'>fidem</span> <span class='ocrx_word' id='word_1_229' title='bbox 2881 767 3284 839; x_wconf 81' lang='lat' dir='ltr'>profiteantur,</span> <span class='ocrx_word' id='word_1_230' title='bbox 3300 783 3407 822; x_wconf 93' lang='lat' dir='ltr'>nec</span> <span class='ocrx_word' id='word_1_231' title='bbox 3427 765 3517 822; x_wconf 91' lang='lat' dir='ltr'>vel</span> <span class='ocrx_word' id='word_1_232' title='bbox 3539 766 3856 822; x_wconf 91' lang='lat' dir='ltr'>minimum</span> 
     </span>
    </p>
   </div>
   <div class='ocr_carea' id='block_1_35' title="bbox 2202 856 3856 927">
    <p class='ocr_par' dir='ltr' id='par_1_35' title="bbox 2202 856 3856 927">
     <span class='ocr_line' id='line_1_35' title="bbox 2202 856 3856 927; baseline 0 -16"><span class='ocrx_word' id='word_1_233' title='bbox 2202 873 2331 912; x_wconf 92' lang='lat' dir='ltr'>esse</span> <span class='ocrx_word' id='word_1_234' title='bbox 2361 875 2427 913; x_wconf 93' lang='lat' dir='ltr'>ea</span> <span class='ocrx_word' id='word_1_235' title='bbox 2459 859 2517 912; x_wconf 90' lang='lat' dir='ltr'>in</span> <span class='ocrx_word' id='word_1_236' title='bbox 2538 873 2598 912; x_wconf 94' lang='lat' dir='ltr'>re</span> <span class='ocrx_word' id='word_1_237' title='bbox 2629 857 3014 912; x_wconf 65' lang='lat' dir='ltr'>haesitantium</span> <span class='ocrx_word' id='word_1_238' title='bbox 3053 873 3065 910; x_wconf 90' lang='lat'>:</span> <span class='ocrx_word' id='word_1_239' title='bbox 3099 860 3155 911; x_wconf 92' lang='lat' dir='ltr'>et</span> <span class='ocrx_word' id='word_1_240' title='bbox 3185 873 3320 911; x_wconf 92' lang='lat' dir='ltr'>cum</span> <span class='ocrx_word' id='word_1_241' title='bbox 3355 857 3654 912; x_wconf 72' lang='lat' dir='ltr'>sententiae</span> <span class='ocrx_word' id='word_1_242' title='bbox 3677 856 3856 927; x_wconf 87' lang='lat' dir='ltr'>hujus</span> 
     </span>
    </p>
   </div>
   <div class='ocr_carea' id='block_1_36' title="bbox 2207 945 3857 1016">
    <p class='ocr_par' dir='ltr' id='par_1_36' title="bbox 2207 945 3857 1016">
     <span class='ocr_line' id='line_1_36' title="bbox 2207 945 3857 1016; baseline -0.001 -16"><span class='ocrx_word' id='word_1_243' title='bbox 2207 951 2506 1000; x_wconf 89' lang='lat' dir='ltr'>consortes</span> <span class='ocrx_word' id='word_1_244' title='bbox 2539 945 2634 1000; x_wconf 90' lang='lat' dir='ltr'>ille</span> <span class='ocrx_word' id='word_1_245' title='bbox 2659 946 2958 1001; x_wconf 92' lang='lat' dir='ltr'>mihicum</span> <span class='ocrx_word' id='word_1_246' title='bbox 2977 945 3324 1000; x_wconf 71' lang='lat' dir='ltr'>Macedoniae</span> <span class='ocrx_word' id='word_1_247' title='bbox 3349 949 3475 1000; x_wconf 92' lang='lat' dir='ltr'>tum</span> <span class='ocrx_word' id='word_1_248' title='bbox 3491 945 3719 1000; x_wconf 68' lang='lat' dir='ltr'>Achaia:</span> <span class='ocrx_word' id='word_1_249' title='bbox 3740 945 3857 1016; x_wconf 91' lang='lat' dir='ltr'>epi-</span> 
     </span>
    </p>
   </div>
   <div class='ocr_carea' id='block_1_37' title="bbox 2203 1033 3858 1106">
    <p class='ocr_par' dir='ltr' id='par_1_37' title="bbox 2203 1033 3858 1106">
     <span class='ocr_line' id='line_1_37' title="bbox 2203 1033 3858 1106; baseline -0.001 -17"><span class='ocrx_word' id='word_1_250' title='bbox 2203 1050 2411 1106; x_wconf 83' lang='lat' dir='ltr'>SCOpOS</span> <span class='ocrx_word' id='word_1_251' title='bbox 2443 1034 2770 1106; x_wconf 87' lang='lat' dir='ltr'>allegasset,</span> <span class='ocrx_word' id='word_1_252' title='bbox 2807 1049 3043 1090; x_wconf 88' lang='lat' dir='ltr'>necesse</span> <span class='ocrx_word' id='word_1_253' title='bbox 3087 1033 3226 1089; x_wconf 84' lang='lat' dir='ltr'>duxi</span> <span class='ocrx_word' id='word_1_254' title='bbox 3274 1039 3438 1089; x_wconf 89' lang='lat' dir='ltr'>tanto</span> <span class='ocrx_word' id='word_1_255' title='bbox 3469 1035 3591 1089; x_wconf 89' lang='lat' dir='ltr'>viro</span> <span class='ocrx_word' id='word_1_256' title='bbox 3623 1040 3858 1106; x_wconf 90' lang='lat' dir='ltr'>propter</span> 
     </span>
    </p>
   </div>
   <div class='ocr_carea' id='block_1_38' title="bbox 2200 1123 3859 1194">
    <p class='ocr_par' dir='ltr' id='par_1_38' title="bbox 2200 1123 3859 1194">
     <span class='ocr_line' id='line_1_38' title="bbox 2200 1123 3859 1194; baseline 0.001 -18"><span class='ocrx_word' id='word_1_257' title='bbox 2200 1123 2608 1194; x_wconf 87' lang='lat' dir='ltr'>gravissimam</span> <span class='ocrx_word' id='word_1_258' title='bbox 2641 1139 2840 1178; x_wconf 91' lang='lat' dir='ltr'>eorum</span> <span class='ocrx_word' id='word_1_259' title='bbox 2861 1123 3268 1179; x_wconf 90' lang='lat' dir='ltr'>auctoritatem</span> <span class='ocrx_word' id='word_1_260' title='bbox 3285 1124 3384 1194; x_wconf 93' lang='lat' dir='ltr'>qui</span> <span class='ocrx_word' id='word_1_261' title='bbox 3414 1123 3470 1178; x_wconf 91' lang='lat' dir='ltr'>id</span> <span class='ocrx_word' id='word_1_262' title='bbox 3486 1124 3859 1178; x_wconf 87' lang='lat' dir='ltr'>decreverant</span> 
     </span>
    </p>
   </div>
   <div class='ocr_carea' id='block_1_39' title="bbox 2200 1212 3854 1284">
    <p class='ocr_par' dir='ltr' id='par_1_39' title="bbox 2200 1212 3854 1284">
     <span class='ocr_line' id='line_1_39' title="bbox 2200 1212 3854 1284; baseline 0 -17"><span class='ocrx_word' id='word_1_263' title='bbox 2200 1212 2442 1283; x_wconf 90' lang='lat' dir='ltr'>obsequi</span> <span class='ocrx_word' id='word_1_264' title='bbox 2477 1229 2489 1268; x_wconf 93' lang='lat'>:</span> <span class='ocrx_word' id='word_1_265' title='bbox 2537 1212 2830 1283; x_wconf 90' lang='lat' dir='ltr'>simulque</span> <span class='ocrx_word' id='word_1_266' title='bbox 2877 1212 3180 1284; x_wconf 83' lang='lat' dir='ltr'>praemium</span> <span class='ocrx_word' id='word_1_267' title='bbox 3214 1212 3470 1283; x_wconf 86' lang='lat' dir='ltr'>paciﬁcis</span> <span class='ocrx_word' id='word_1_268' title='bbox 3495 1213 3854 1267; x_wconf 89' lang='lat' dir='ltr'>destinatum</span> 
     </span>
    </p>
   </div>
   <div class='ocr_carea' id='block_1_40' title="bbox 2199 1299 3858 1371">
    <p class='ocr_par' dir='ltr' id='par_1_40' title="bbox 2199 1299 3858 1371">
     <span class='ocr_line' id='line_1_40' title="bbox 2199 1299 3858 1371; baseline 0 -17"><span class='ocrx_word' id='word_1_269' title='bbox 2199 1299 2455 1356; x_wconf 84' lang='lat' dir='ltr'>nancisci</span> <span class='ocrx_word' id='word_1_270' title='bbox 2488 1299 2868 1371; x_wconf 87' lang='lat' dir='ltr'>cupiens,eos</span> <span class='ocrx_word' id='word_1_271' title='bbox 2901 1301 2998 1371; x_wconf 91' lang='lat' dir='ltr'>qui</span> <span class='ocrx_word' id='word_1_272' title='bbox 3034 1300 3208 1356; x_wconf 83' lang='lat' dir='ltr'>fidem</span> <span class='ocrx_word' id='word_1_273' title='bbox 3228 1301 3404 1356; x_wconf 90' lang='lat' dir='ltr'>istam</span> <span class='ocrx_word' id='word_1_274' title='bbox 3435 1301 3858 1356; x_wconf 80' lang='lat' dir='ltr'>confiterentur</span> 
     </span>
    </p>
   </div>
   <div class='ocr_carea' id='block_1_41' title="bbox 2197 1388 3852 1460">
    <p class='ocr_par' dir='ltr' id='par_1_41' title="bbox 2197 1388 3852 1460">
     <span class='ocr_line' id='line_1_41' title="bbox 2197 1388 3852 1460; baseline -0.001 -16"><span class='ocrx_word' id='word_1_275' title='bbox 2197 1388 2758 1445; x_wconf 89' lang='lat' dir='ltr'>communicantium</span> <span class='ocrx_word' id='word_1_276' title='bbox 2785 1390 2932 1459; x_wconf 89' lang='lat' dir='ltr'>parti</span> <span class='ocrx_word' id='word_1_277' title='bbox 2955 1389 3218 1460; x_wconf 89' lang='lat' dir='ltr'>ascripsi.</span> <span class='ocrx_word' id='word_1_278' title='bbox 3243 1412 3269 1437; x_wconf 84' lang='grc'><strong>››</strong></span> <span class='ocrx_word' id='word_1_279' title='bbox 3300 1389 3361 1443; x_wconf 90' lang='lat' dir='ltr'>In</span> <span class='ocrx_word' id='word_1_280' title='bbox 3387 1389 3634 1460; x_wconf 88' lang='lat' dir='ltr'>epistola</span> <span class='ocrx_word' id='word_1_281' title='bbox 3655 1394 3852 1444; x_wconf 89' lang='lat' dir='ltr'>autem</span> 
     </span>
    </p>
   </div>
   <div class='ocr_carea' id='block_1_42' title="bbox 2198 1470 3854 1550">
    <p class='ocr_par' dir='ltr' id='par_1_42' title="bbox 2198 1470 3854 1550">
     <span class='ocr_line' id='line_1_42' title="bbox 2198 1470 3854 1550; baseline -0.001 -18"><span class='ocrx_word' id='word_1_282' title='bbox 2198 1477 2268 1532; x_wconf 88' lang='lat' dir='ltr'>ad</span> <span class='ocrx_word' id='word_1_283' title='bbox 2302 1478 2689 1550; x_wconf 89' lang='lat' dir='ltr'>Euphemium</span> <span class='ocrx_word' id='word_1_284' title='bbox 2723 1470 2842 1532; x_wconf 58' lang='lat' dir='ltr'>hmo</span> <span class='ocrx_word' id='word_1_285' title='bbox 2875 1477 3050 1532; x_wconf 88' lang='lat' dir='ltr'>habet</span> <span class='ocrx_word' id='word_1_286' title='bbox 3083 1494 3096 1531; x_wconf 88' lang='lat'>:</span> <span class='ocrx_word' id='word_1_287' title='bbox 3134 1498 3161 1526; x_wconf 91' lang='grc'>‹‹</span> <span class='ocrx_word' id='word_1_288' title='bbox 3211 1476 3482 1532; x_wconf 86' lang='lat' dir='ltr'>Studium</span> <span class='ocrx_word' id='word_1_289' title='bbox 3514 1481 3682 1532; x_wconf 92' lang='lat' dir='ltr'>tuum</span> <span class='ocrx_word' id='word_1_290' title='bbox 3715 1493 3854 1548; x_wconf 87' lang='lat' dir='ltr'>erga</span> 
     </span>
    </p>
   </div>
   <div class='ocr_carea' id='block_1_43' title="bbox 2195 1566 3852 1637">
    <p class='ocr_par' dir='ltr' id='par_1_43' title="bbox 2195 1566 3852 1637">
     <span class='ocr_line' id='line_1_43' title="bbox 2195 1566 3852 1637; baseline 0 -16"><span class='ocrx_word' id='word_1_291' title='bbox 2195 1567 2582 1621; x_wconf 81' lang='lat' dir='ltr'>Athanasium</span> <span class='ocrx_word' id='word_1_292' title='bbox 2613 1566 3118 1622; x_wconf 90' lang='lat' dir='ltr'>evidentissimum</span> <span class='ocrx_word' id='word_1_293' title='bbox 3151 1570 3274 1621; x_wconf 89' lang='lat' dir='ltr'>erat</span> <span class='ocrx_word' id='word_1_294' title='bbox 3321 1572 3758 1637; x_wconf 85' lang='lat' dir='ltr'>argumentum,</span> <span class='ocrx_word' id='word_1_295' title='bbox 3794 1571 3852 1621; x_wconf 91' lang='lat' dir='ltr'>te</span> 
     </span>
    </p>
   </div>
   <div class='ocr_carea' id='block_1_44' title="bbox 2195 1655 3566 1726">
    <p class='ocr_par' dir='ltr' id='par_1_44' title="bbox 2195 1655 3566 1726">
     <span class='ocr_line' id='line_1_44' title="bbox 2195 1655 3566 1726; baseline -0.001 -16"><span class='ocrx_word' id='word_1_296' title='bbox 2195 1656 2252 1710; x_wconf 90' lang='lat' dir='ltr'>in</span> <span class='ocrx_word' id='word_1_297' title='bbox 2285 1656 2557 1710; x_wconf 84' lang='lat' dir='ltr'>maximis</span> <span class='ocrx_word' id='word_1_298' title='bbox 2590 1656 2722 1710; x_wconf 84' lang='lat' dir='ltr'>ﬁdei</span> <span class='ocrx_word' id='word_1_299' title='bbox 2755 1655 3232 1726; x_wconf 87' lang='lat' dir='ltr'>capitibusrecte</span> <span class='ocrx_word' id='word_1_300' title='bbox 3264 1656 3502 1710; x_wconf 88' lang='lat' dir='ltr'>sentire.</span> <span class='ocrx_word' id='word_1_301' title='bbox 3539 1676 3566 1703; x_wconf 83' lang='lat'><strong>»</strong></span> 
     </span>
    </p>
   </div>
   <div class='ocr_carea' id='block_1_45' title="bbox 2264 1742 3852 1814">
    <p class='ocr_par' dir='ltr' id='par_1_45' title="bbox 2264 1742 3852 1814">
     <span class='ocr_line' id='line_1_45' title="bbox 2264 1742 3852 1814; baseline -0.001 -14"><span class='ocrx_word' id='word_1_302' title='bbox 2264 1747 2317 1800; x_wconf 88' lang='grc'>6.</span> <span class='ocrx_word' id='word_1_303' title='bbox 2366 1745 2569 1800; x_wconf 81' lang='lat' dir='ltr'>Siderii</span> <span class='ocrx_word' id='word_1_304' title='bbox 2617 1746 2876 1801; x_wconf 79' lang='lat' dir='ltr'>Historia.</span> <span class='ocrx_word' id='word_1_305' title='bbox 2930 1744 3210 1799; x_wconf 71' lang='lat' dir='ltr'>Siderium</span> <span class='ocrx_word' id='word_1_306' title='bbox 3265 1745 3562 1814; x_wconf 83' lang='lat' dir='ltr'>conﬁrmat</span> <span class='ocrx_word' id='word_1_307' title='bbox 3608 1742 3852 1798; x_wconf 83' lang='lat' dir='ltr'>Athana-</span> 
     </span>
    </p>
   </div>
   <div class='ocr_carea' id='block_1_46' title="bbox 2133 1832 3852 1904">
    <p class='ocr_par' dir='ltr' id='par_1_46' title="bbox 2133 1832 3852 1904">
     <span class='ocr_line' id='line_1_46' title="bbox 2133 1832 3852 1904; baseline -0.001 -15"><span class='ocrx_word' id='word_1_308' title='bbox 2133 1846 2142 1853; x_wconf 89' lang='grc'><strong>·</strong></span> <span class='ocrx_word' id='word_1_309' title='bbox 2190 1835 2327 1889; x_wconf 79' lang='lat' dir='ltr'>sius.</span> <span class='ocrx_word' id='word_1_310' title='bbox 2350 1864 2419 1874; x_wconf 88' lang='lat'>-—</span> <span class='ocrx_word' id='word_1_311' title='bbox 2453 1836 2580 1888; x_wconf 67' lang='lat' dir='ltr'>llaec</span> <span class='ocrx_word' id='word_1_312' title='bbox 2612 1833 2751 1888; x_wconf 86' lang='lat' dir='ltr'>item</span> <span class='ocrx_word' id='word_1_313' title='bbox 2785 1833 3014 1888; x_wconf 88' lang='lat' dir='ltr'>circiter</span> <span class='ocrx_word' id='word_1_314' title='bbox 3038 1837 3300 1903; x_wconf 86' lang='lat' dir='ltr'>tempora</span> <span class='ocrx_word' id='word_1_315' title='bbox 3323 1849 3415 1888; x_wconf 91' lang='lat' dir='ltr'>res</span> <span class='ocrx_word' id='word_1_316' title='bbox 3444 1832 3654 1904; x_wconf 88' lang='lat' dir='ltr'>evenit,</span> <span class='ocrx_word' id='word_1_317' title='bbox 3674 1848 3852 1904; x_wconf 89' lang='lat' dir='ltr'>quam</span> 
     </span>
    </p>
   </div>
   <div class='ocr_carea' id='block_1_47' title="bbox 2193 1921 3852 1996">
    <p class='ocr_par' dir='ltr' id='par_1_47' title="bbox 2193 1921 3852 1996">
     <span class='ocr_line' id='line_1_47' title="bbox 2193 1921 3852 1996; baseline -0.001 -18"><span class='ocrx_word' id='word_1_318' title='bbox 2193 1923 2434 1996; x_wconf 87' lang='lat' dir='ltr'>Synesio</span> <span class='ocrx_word' id='word_1_319' title='bbox 2457 1927 2694 1978; x_wconf 90' lang='lat' dir='ltr'>auctore</span> <span class='ocrx_word' id='word_1_320' title='bbox 2714 1922 3030 1977; x_wconf 85' lang='lat' dir='ltr'>edissimus</span> <span class='ocrx_word' id='word_1_321' title='bbox 3050 1921 3329 1992; x_wconf 85' lang='lat' dir='ltr'>(b).Erant</span> <span class='ocrx_word' id='word_1_322' title='bbox 3350 1921 3408 1978; x_wconf 93' lang='lat' dir='ltr'>in</span> <span class='ocrx_word' id='word_1_323' title='bbox 3429 1922 3683 1993; x_wconf 90' lang='lat' dir='ltr'>quadam</span> <span class='ocrx_word' id='word_1_324' title='bbox 3709 1921 3852 1976; x_wconf 89' lang='lat' dir='ltr'>Pen-</span> 
     </span>
    </p>
   </div>
   <div class='ocr_carea' id='block_1_48' title="bbox 2193 2009 3851 2084">
    <p class='ocr_par' dir='ltr' id='par_1_48' title="bbox 2193 2009 3851 2084">
     <span class='ocr_line' id='line_1_48' title="bbox 2193 2009 3851 2084; baseline -0.001 -17"><span class='ocrx_word' id='word_1_325' title='bbox 2193 2012 2451 2084; x_wconf 90' lang='lat' dir='ltr'>tapoleos</span> <span class='ocrx_word' id='word_1_326' title='bbox 2501 2011 2758 2078; x_wconf 80' lang='lat' dir='ltr'>dioecesi,</span> <span class='ocrx_word' id='word_1_327' title='bbox 2796 2011 2888 2066; x_wconf 91' lang='lat' dir='ltr'>cui</span> <span class='ocrx_word' id='word_1_328' title='bbox 2943 2027 3154 2066; x_wconf 90' lang='lat' dir='ltr'>nomen</span> <span class='ocrx_word' id='word_1_329' title='bbox 3205 2010 3539 2083; x_wconf 85' lang='lat' dir='ltr'>Erythrum,</span> <span class='ocrx_word' id='word_1_330' title='bbox 3572 2009 3680 2066; x_wconf 90' lang='lat' dir='ltr'>vici</span> <span class='ocrx_word' id='word_1_331' title='bbox 3713 2010 3851 2077; x_wconf 90' lang='lat' dir='ltr'>duo,</span> 
     </span>
    </p>
   </div>
   <div class='ocr_carea' id='block_1_49' title="bbox 2197 2098 3851 2173">
    <p class='ocr_par' dir='ltr' id='par_1_49' title="bbox 2197 2098 3851 2173">
     <span class='ocr_line' id='line_1_49' title="bbox 2197 2098 3851 2173; baseline -0.001 -17"><span class='ocrx_word' id='word_1_332' title='bbox 2197 2101 2513 2157; x_wconf 75' lang='lat' dir='ltr'>Palzebisca</span> <span class='ocrx_word' id='word_1_333' title='bbox 2579 2104 2635 2156; x_wconf 90' lang='lat' dir='ltr'>et</span> <span class='ocrx_word' id='word_1_334' title='bbox 2700 2101 2952 2173; x_wconf 83' lang='lat' dir='ltr'>Hydrax.</span> <span class='ocrx_word' id='word_1_335' title='bbox 3016 2099 3298 2170; x_wconf 90' lang='lat' dir='ltr'>Episc0po</span> <span class='ocrx_word' id='word_1_336' title='bbox 3366 2103 3563 2154; x_wconf 89' lang='lat' dir='ltr'>autem</span> <span class='ocrx_word' id='word_1_337' title='bbox 3623 2098 3851 2170; x_wconf 85' lang='lat' dir='ltr'>Erythri</span> 
     </span>
    </p>
   </div>
   <div class='ocr_carea' id='block_1_50' title="bbox 2197 2190 3850 2262">
    <p class='ocr_par' dir='ltr' id='par_1_50' title="bbox 2197 2190 3850 2262">
     <span class='ocr_line' id='line_1_50' title="bbox 2197 2190 3850 2262; baseline -0.004 -15"><span class='ocrx_word' id='word_1_338' title='bbox 2197 2191 2674 2261; x_wconf 90' lang='lat' dir='ltr'>Orioni,jamdiu</span> <span class='ocrx_word' id='word_1_339' title='bbox 2724 2190 2883 2262; x_wconf 88' lang='lat' dir='ltr'>gravi</span> <span class='ocrx_word' id='word_1_340' title='bbox 2934 2193 2990 2243; x_wconf 90' lang='lat' dir='ltr'>et</span> <span class='ocrx_word' id='word_1_341' title='bbox 3040 2192 3309 2260; x_wconf 90' lang='lat' dir='ltr'>provecta</span> <span class='ocrx_word' id='word_1_342' title='bbox 3354 2192 3520 2242; x_wconf 66' lang='lat' dir='ltr'>aetate</span> <span class='ocrx_word' id='word_1_343' title='bbox 3573 2203 3705 2242; x_wconf 90' lang='lat' dir='ltr'>cum</span> <span class='ocrx_word' id='word_1_344' title='bbox 3757 2204 3850 2242; x_wconf 87' lang='lat' dir='ltr'>es-</span> 
     </span>
    </p>
   </div>
   <div class='ocr_carea' id='block_1_51' title="bbox 2199 2275 3849 2350">
    <p class='ocr_par' dir='ltr' id='par_1_51' title="bbox 2199 2275 3849 2350">
     <span class='ocr_line' id='line_1_51' title="bbox 2199 2275 3849 2350; baseline -0.003 -15"><span class='ocrx_word' id='word_1_345' title='bbox 2199 2284 2306 2348; x_wconf 88' lang='lat' dir='ltr'>set,</span> <span class='ocrx_word' id='word_1_346' title='bbox 2336 2297 2574 2336; x_wconf 90' lang='lat' dir='ltr'>summa</span> <span class='ocrx_word' id='word_1_347' title='bbox 2603 2279 2847 2334; x_wconf 85' lang='lat' dir='ltr'>facilitas</span> <span class='ocrx_word' id='word_1_348' title='bbox 2879 2296 2948 2334; x_wconf 79' lang='lat' dir='ltr'>ex</span> <span class='ocrx_word' id='word_1_349' title='bbox 2978 2276 3194 2350; x_wconf 88' lang='lat' dir='ltr'>ingenii</span> <span class='ocrx_word' id='word_1_350' title='bbox 3226 2277 3556 2349; x_wconf 90' lang='lat' dir='ltr'>mentisque</span> <span class='ocrx_word' id='word_1_351' title='bbox 3587 2275 3849 2332; x_wconf 91' lang='lat' dir='ltr'>imbecil-</span> 
     </span>
    </p>
   </div>
   <div class='ocr_carea' id='block_1_52' title="bbox 2197 2367 3849 2424">
    <p class='ocr_par' dir='ltr' id='par_1_52' title="bbox 2197 2367 3849 2424">
     <span class='ocr_line' id='line_1_52' title="bbox 2197 2367 3849 2424; baseline -0.002 -1"><span class='ocrx_word' id='word_1_352' title='bbox 2197 2369 2358 2424; x_wconf 87' lang='lat' dir='ltr'>litate</span> <span class='ocrx_word' id='word_1_353' title='bbox 2388 2370 2629 2424; x_wconf 89' lang='lat' dir='ltr'>advecta</span> <span class='ocrx_word' id='word_1_354' title='bbox 2661 2369 2796 2423; x_wconf 87' lang='lat' dir='ltr'>vitio</span> <span class='ocrx_word' id='word_1_355' title='bbox 2829 2368 3180 2423; x_wconf 87' lang='lat' dir='ltr'>vertebatur.</span> <span class='ocrx_word' id='word_1_356' title='bbox 3214 2370 3357 2421; x_wconf 90' lang='lat' dir='ltr'>Cum</span> <span class='ocrx_word' id='word_1_357' title='bbox 3401 2367 3627 2421; x_wconf 88' lang='lat' dir='ltr'>diutius</span> <span class='ocrx_word' id='word_1_358' title='bbox 3656 2370 3849 2421; x_wconf 86' lang='lat' dir='ltr'>autem</span> 
     </span>
    </p>
   </div>
   <div class='ocr_carea' id='block_1_53' title="bbox 2195 2454 3851 2528">
    <p class='ocr_par' dir='ltr' id='par_1_53' title="bbox 2195 2454 3851 2528">
     <span class='ocr_line' id='line_1_53' title="bbox 2195 2454 3851 2528; baseline -0.001 -17"><span class='ocrx_word' id='word_1_359' title='bbox 2195 2458 2373 2513; x_wconf 89' lang='lat' dir='ltr'>vitam</span> <span class='ocrx_word' id='word_1_360' title='bbox 2405 2458 2752 2523; x_wconf 83' lang='lat' dir='ltr'>extraheret,</span> <span class='ocrx_word' id='word_1_361' title='bbox 2775 2457 3057 2528; x_wconf 90' lang='lat' dir='ltr'>longioris</span> <span class='ocrx_word' id='word_1_362' title='bbox 3090 2473 3264 2512; x_wconf 67' lang='lat' dir='ltr'>morae</span> <span class='ocrx_word' id='word_1_363' title='bbox 3297 2455 3671 2527; x_wconf 88' lang='lat' dir='ltr'>impatientes</span> <span class='ocrx_word' id='word_1_364' title='bbox 3693 2454 3851 2510; x_wconf 86' lang='lat' dir='ltr'>vico-</span> 
     </span>
    </p>
   </div>
   <div class='ocr_carea' id='block_1_54' title="bbox 2196 2544 3851 2618">
    <p class='ocr_par' dir='ltr' id='par_1_54' title="bbox 2196 2544 3851 2618">
     <span class='ocr_line' id='line_1_54' title="bbox 2196 2544 3851 2618; baseline -0.001 -17"><span class='ocrx_word' id='word_1_365' title='bbox 2196 2564 2323 2602; x_wconf 91' lang='lat' dir='ltr'>rum</span> <span class='ocrx_word' id='word_1_366' title='bbox 2385 2547 2614 2614; x_wconf 77' lang='lat' dir='ltr'>incolae,</span> <span class='ocrx_word' id='word_1_367' title='bbox 2657 2547 2932 2618; x_wconf 89' lang='lat' dir='ltr'>juvenem</span> <span class='ocrx_word' id='word_1_368' title='bbox 2989 2546 3302 2616; x_wconf 89' lang='lat' dir='ltr'>quemdam</span> <span class='ocrx_word' id='word_1_369' title='bbox 3355 2544 3626 2617; x_wconf 89' lang='lat' dir='ltr'>gerendis</span> <span class='ocrx_word' id='word_1_370' title='bbox 3676 2544 3851 2599; x_wconf 90' lang='lat' dir='ltr'>rebus</span> 
     </span>
    </p>
   </div>
   <div class='ocr_carea' id='block_1_55' title="bbox 2194 2632 3850 2702">
    <p class='ocr_par' dir='ltr' id='par_1_55' title="bbox 2194 2632 3850 2702">
     <span class='ocr_line' id='line_1_55' title="bbox 2194 2632 3850 2702; baseline -0.002 -11"><span class='ocrx_word' id='word_1_371' title='bbox 2194 2641 2524 2701; x_wconf 89' lang='lat' dir='ltr'>strenuum,</span> <span class='ocrx_word' id='word_1_372' title='bbox 2560 2635 2852 2690; x_wconf 90' lang='lat' dir='ltr'>Siderium</span> <span class='ocrx_word' id='word_1_373' title='bbox 2898 2634 3160 2702; x_wconf 88' lang='lat' dir='ltr'>nomine,</span> <span class='ocrx_word' id='word_1_374' title='bbox 3193 2634 3264 2688; x_wconf 89' lang='lat' dir='ltr'>ab</span> <span class='ocrx_word' id='word_1_375' title='bbox 3298 2635 3552 2688; x_wconf 88' lang='lat' dir='ltr'>exercitu</span> <span class='ocrx_word' id='word_1_376' title='bbox 3585 2632 3850 2688; x_wconf 87' lang='lat' dir='ltr'>Valentis</span> 
     </span>
    </p>
   </div>
   <div class='ocr_carea' id='block_1_56' title="bbox 2195 2721 3848 2795">
    <p class='ocr_par' dir='ltr' id='par_1_56' title="bbox 2195 2721 3848 2795">
     <span class='ocr_line' id='line_1_56' title="bbox 2195 2721 3848 2795; baseline -0.003 -15"><span class='ocrx_word' id='word_1_377' title='bbox 2195 2726 2605 2780; x_wconf 88' lang='lat' dir='ltr'>adventantem</span> <span class='ocrx_word' id='word_1_378' title='bbox 2657 2723 3016 2795; x_wconf 86' lang='lat' dir='ltr'>delegerunt,</span> <span class='ocrx_word' id='word_1_379' title='bbox 3071 2727 3137 2776; x_wconf 88' lang='lat' dir='ltr'>ut</span> <span class='ocrx_word' id='word_1_380' title='bbox 3183 2722 3340 2776; x_wconf 90' lang='lat' dir='ltr'>vicos</span> <span class='ocrx_word' id='word_1_381' title='bbox 3387 2721 3848 2790; x_wconf 90' lang='lat' dir='ltr'>administraret,</span> 
     </span>
    </p>
   </div>
   <div class='ocr_carea' id='block_1_57' title="bbox 2194 2809 3852 2884">
    <p class='ocr_par' dir='ltr' id='par_1_57' title="bbox 2194 2809 3852 2884">
     <span class='ocr_line' id='line_1_57' title="bbox 2194 2809 3852 2884; baseline -0.002 -16"><span class='ocrx_word' id='word_1_382' title='bbox 2194 2813 2484 2884; x_wconf 90' lang='lat' dir='ltr'>ejusmodi</span> <span class='ocrx_word' id='word_1_383' title='bbox 2516 2812 2704 2867; x_wconf 84' lang='lat' dir='ltr'>virum</span> <span class='ocrx_word' id='word_1_384' title='bbox 2739 2811 2979 2876; x_wconf 86' lang='lat' dir='ltr'>scilicet,</span> <span class='ocrx_word' id='word_1_385' title='bbox 3016 2810 3118 2881; x_wconf 91' lang='lat' dir='ltr'>qui</span> <span class='ocrx_word' id='word_1_386' title='bbox 3148 2815 3204 2866; x_wconf 91' lang='lat' dir='ltr'>et</span> <span class='ocrx_word' id='word_1_387' title='bbox 3246 2809 3503 2864; x_wconf 91' lang='lat' dir='ltr'>inimicis</span> <span class='ocrx_word' id='word_1_388' title='bbox 3535 2825 3761 2874; x_wconf 89' lang='lat' dir='ltr'>nocere,</span> <span class='ocrx_word' id='word_1_389' title='bbox 3795 2813 3852 2864; x_wconf 89' lang='lat' dir='ltr'>et</span> 
     </span>
    </p>
   </div>
   <div class='ocr_carea' id='block_1_58' title="bbox 2194 2897 3849 2973">
    <p class='ocr_par' dir='ltr' id='par_1_58' title="bbox 2194 2897 3849 2973">
     <span class='ocr_line' id='line_1_58' title="bbox 2194 2897 3849 2973; baseline -0.002 -16"><span class='ocrx_word' id='word_1_390' title='bbox 2194 2902 2402 2958; x_wconf 89' lang='lat' dir='ltr'>amicis</span> <span class='ocrx_word' id='word_1_391' title='bbox 2434 2902 2709 2973; x_wconf 88' lang='lat' dir='ltr'>prodesse</span> <span class='ocrx_word' id='word_1_392' title='bbox 2740 2905 2956 2972; x_wconf 87' lang='lat' dir='ltr'>posset.</span> <span class='ocrx_word' id='word_1_393' title='bbox 2981 2904 3090 2953; x_wconf 90' lang='lat' dir='ltr'>Per</span> <span class='ocrx_word' id='word_1_394' title='bbox 3125 2899 3181 2953; x_wconf 91' lang='lat' dir='ltr'>id</span> <span class='ocrx_word' id='word_1_395' title='bbox 3213 2899 3371 2954; x_wconf 90' lang='lat' dir='ltr'>enim</span> <span class='ocrx_word' id='word_1_396' title='bbox 3403 2904 3639 2970; x_wconf 86' lang='lat' dir='ltr'>tempus</span> <span class='ocrx_word' id='word_1_397' title='bbox 3669 2897 3849 2954; x_wconf 68' lang='lat' dir='ltr'>haere-</span> 
     </span>
    </p>
   </div>
   <div class='ocr_carea' id='block_1_59' title="bbox 2196 2987 3848 3059">
    <p class='ocr_par' dir='ltr' id='par_1_59' title="bbox 2196 2987 3848 3059">
     <span class='ocr_line' id='line_1_59' title="bbox 2196 2987 3848 3059; baseline -0.003 -13"><span class='ocrx_word' id='word_1_398' title='bbox 2196 2991 2278 3046; x_wconf 90' lang='lat' dir='ltr'>sis</span> <span class='ocrx_word' id='word_1_399' title='bbox 2309 2991 2687 3045; x_wconf 89' lang='lat' dir='ltr'>multitudine</span> <span class='ocrx_word' id='word_1_400' title='bbox 2735 2993 2792 3044; x_wconf 89' lang='lat' dir='ltr'>et</span> <span class='ocrx_word' id='word_1_401' title='bbox 2841 2989 3181 3044; x_wconf 86' lang='lat' dir='ltr'>auctoritate</span> <span class='ocrx_word' id='word_1_402' title='bbox 3210 2987 3458 3054; x_wconf 88' lang='lat' dir='ltr'>valebat,</span> <span class='ocrx_word' id='word_1_403' title='bbox 3493 2991 3848 3059; x_wconf 89' lang='lat' dir='ltr'>opportuna-</span> 
     </span>
    </p>
   </div>
   <div class='ocr_carea' id='block_1_60' title="bbox 2195 3076 3850 3150">
    <p class='ocr_par' dir='ltr' id='par_1_60' title="bbox 2195 3076 3850 3150">
     <span class='ocr_line' id='line_1_60' title="bbox 2195 3076 3850 3150; baseline -0.002 -17"><span class='ocrx_word' id='word_1_404' title='bbox 2195 3095 2308 3150; x_wconf 91' lang='lat' dir='ltr'>que</span> <span class='ocrx_word' id='word_1_405' title='bbox 2340 3083 2466 3133; x_wconf 90' lang='lat' dir='ltr'>tum</span> <span class='ocrx_word' id='word_1_406' title='bbox 2499 3077 2813 3133; x_wconf 72' lang='lat' dir='ltr'>dexteritas</span> <span class='ocrx_word' id='word_1_407' title='bbox 2860 3077 2919 3131; x_wconf 91' lang='lat' dir='ltr'>in</span> <span class='ocrx_word' id='word_1_408' title='bbox 2953 3077 3176 3148; x_wconf 88' lang='lat' dir='ltr'>agendo</span> <span class='ocrx_word' id='word_1_409' title='bbox 3209 3093 3336 3148; x_wconf 71' lang='lat' dir='ltr'>quae</span> <span class='ocrx_word' id='word_1_410' title='bbox 3385 3080 3475 3132; x_wconf 86' lang='lat' dir='ltr'>est</span> <span class='ocrx_word' id='word_1_411' title='bbox 3501 3076 3850 3131; x_wconf 88' lang='lat' dir='ltr'>administra</span> 
     </span>
    </p>
   </div>
   <div class='ocr_carea' id='block_1_61' title="bbox 2195 3163 3848 3240">
    <p class='ocr_par' dir='ltr' id='par_1_61' title="bbox 2195 3163 3848 3240">
     <span class='ocr_line' id='line_1_61' title="bbox 2195 3163 3848 3240; baseline -0.003 -18"><span class='ocrx_word' id='word_1_412' title='bbox 2195 3167 2538 3240; x_wconf 67' lang='lat' dir='ltr'>prudentiae.</span> <span class='ocrx_word' id='word_1_413' title='bbox 2573 3167 2628 3222; x_wconf 91' lang='lat' dir='ltr'>Is</span> <span class='ocrx_word' id='word_1_414' title='bbox 2677 3166 2904 3239; x_wconf 90' lang='lat' dir='ltr'>primus</span> <span class='ocrx_word' id='word_1_415' title='bbox 2956 3165 3065 3220; x_wconf 84' lang='lat' dir='ltr'>fuit</span> <span class='ocrx_word' id='word_1_416' title='bbox 3094 3163 3416 3220; x_wconf 73' lang='lat' dir='ltr'>Palaebiscae</span> <span class='ocrx_word' id='word_1_417' title='bbox 3463 3171 3695 3219; x_wconf 90' lang='lat' dir='ltr'>creatus</span> <span class='ocrx_word' id='word_1_418' title='bbox 3728 3163 3848 3235; x_wconf 86' lang='lat' dir='ltr'>epi-</span> 
     </span>
    </p>
   </div>
   <div class='ocr_carea' id='block_1_62' title="bbox 2194 3252 3846 3328">
    <p class='ocr_par' dir='ltr' id='par_1_62' title="bbox 2194 3252 3846 3328">
     <span class='ocr_line' id='line_1_62' title="bbox 2194 3252 3846 3328; baseline -0.004 -17"><span class='ocrx_word' id='word_1_419' title='bbox 2194 3274 2408 3328; x_wconf 88' lang='lat' dir='ltr'>scopus</span> <span class='ocrx_word' id='word_1_420' title='bbox 2438 3274 2452 3323; x_wconf 89' lang='lat'><strong>;</strong></span> <span class='ocrx_word' id='word_1_421' title='bbox 2484 3256 2584 3311; x_wconf 85' lang='lat' dir='ltr'>sed</span> <span class='ocrx_word' id='word_1_422' title='bbox 2618 3273 2805 3327; x_wconf 88' lang='lat' dir='ltr'>neque</span> <span class='ocrx_word' id='word_1_423' title='bbox 2837 3254 3117 3326; x_wconf 89' lang='lat' dir='ltr'>legitime,</span> <span class='ocrx_word' id='word_1_424' title='bbox 3153 3269 3289 3308; x_wconf 85' lang='lat' dir='ltr'>cum</span> <span class='ocrx_word' id='word_1_425' title='bbox 3332 3269 3436 3308; x_wconf 84' lang='lat' dir='ltr'>nec</span> <span class='ocrx_word' id='word_1_426' title='bbox 3466 3252 3846 3320; x_wconf 68' lang='lat' dir='ltr'>Alexandriae,</span> 
     </span>
    </p>
   </div>
   <div class='ocr_carea' id='block_1_63' title="bbox 2194 3342 3843 3415">
    <p class='ocr_par' dir='ltr' id='par_1_63' title="bbox 2194 3342 3843 3415">
     <span class='ocr_line' id='line_1_63' title="bbox 2194 3342 3843 3415; baseline -0.004 -13"><span class='ocrx_word' id='word_1_427' title='bbox 2194 3362 2299 3402; x_wconf 92' lang='lat' dir='ltr'>nec</span> <span class='ocrx_word' id='word_1_428' title='bbox 2330 3363 2363 3399; x_wconf 92' lang='lat' dir='ltr'>a</span> <span class='ocrx_word' id='word_1_429' title='bbox 2384 3345 2674 3410; x_wconf 91' lang='lat' dir='ltr'>tribus,ut</span> <span class='ocrx_word' id='word_1_430' title='bbox 2705 3361 2830 3400; x_wconf 88' lang='lat' dir='ltr'>mos</span> <span class='ocrx_word' id='word_1_431' title='bbox 2849 3347 2991 3410; x_wconf 89' lang='lat' dir='ltr'>erat,</span> <span class='ocrx_word' id='word_1_432' title='bbox 3008 3342 3298 3415; x_wconf 89' lang='lat' dir='ltr'>episcopis</span> <span class='ocrx_word' id='word_1_433' title='bbox 3323 3342 3496 3397; x_wconf 86' lang='lat' dir='ltr'>fuerit</span> <span class='ocrx_word' id='word_1_434' title='bbox 3515 3342 3843 3396; x_wconf 91' lang='lat' dir='ltr'>ordinatus.</span> 
     </span>
    </p>
   </div>
   <div class='ocr_carea' id='block_1_64' title="bbox 433 3415 3849 3506">
    <p class='ocr_par' dir='ltr' id='par_1_64' title="bbox 433 3415 3849 3506">
     <span class='ocr_line' id='line_1_64' title="bbox 433 3415 3849 3506; baseline -0.001 -19"><span class='ocrx_word' id='word_1_435' title='bbox 433 3431 604 3487; x_wconf 89' lang='lat' dir='ltr'>nachi</span> <span class='ocrx_word' id='word_1_436' title='bbox 657 3431 944 3501; x_wconf 87' lang='lat' dir='ltr'>nonnulli,</span> <span class='ocrx_word' id='word_1_437' title='bbox 978 3437 1246 3486; x_wconf 87' lang='lat' dir='ltr'>sanctum</span> <span class='ocrx_word' id='word_1_438' title='bbox 1295 3431 1486 3486; x_wconf 89' lang='lat' dir='ltr'>virum</span> <span class='ocrx_word' id='word_1_439' title='bbox 1536 3431 1748 3502; x_wconf 88' lang='lat' dir='ltr'>obique</span> <span class='ocrx_word' id='word_1_440' title='bbox 1779 3432 2083 3486; x_wconf 87' lang='lat' dir='ltr'>traducere</span> <span class='ocrx_word' id='word_1_441' title='bbox 2113 3415 2156 3481; x_wconf 59' lang='grc' dir='ltr'><strong>(ἶ</strong></span> <span class='ocrx_word' id='word_1_442' title='bbox 2195 3434 2366 3491; x_wconf 83' lang='lat' dir='ltr'>Solus</span> <span class='ocrx_word' id='word_1_443' title='bbox 2411 3450 2663 3506; x_wconf 82' lang='lat' dir='ltr'>namque</span> <span class='ocrx_word' id='word_1_444' title='bbox 2695 3432 2858 3488; x_wconf 88' lang='lat' dir='ltr'>Philo</span> <span class='ocrx_word' id='word_1_445' title='bbox 2908 3432 3202 3488; x_wconf 90' lang='lat' dir='ltr'>Siderium</span> <span class='ocrx_word' id='word_1_446' title='bbox 3253 3430 3563 3486; x_wconf 90' lang='lat' dir='ltr'>ordinavit.</span> <span class='ocrx_word' id='word_1_447' title='bbox 3601 3431 3652 3484; x_wconf 91' lang='lat' dir='ltr'>Is</span> <span class='ocrx_word' id='word_1_448' title='bbox 3683 3429 3849 3485; x_wconf 89' lang='lat' dir='ltr'>Philo</span> 
     </span>
    </p>
   </div>
   <div class='ocr_carea' id='block_1_65' title="bbox 433 3519 2082 3592">
    <p class='ocr_par' dir='ltr' id='par_1_65' title="bbox 433 3519 2082 3592">
     <span class='ocr_line' id='line_1_65' title="bbox 433 3519 2082 3592; baseline 0 -17"><span class='ocrx_word' id='word_1_449' title='bbox 433 3525 607 3592; x_wconf 89' lang='lat' dir='ltr'>atque</span> <span class='ocrx_word' id='word_1_450' title='bbox 639 3520 912 3576; x_wconf 88' lang='lat' dir='ltr'>insectari</span> <span class='ocrx_word' id='word_1_451' title='bbox 946 3520 1359 3591; x_wconf 78' lang='lat' dir='ltr'>cmpcrunt.Re</span> <span class='ocrx_word' id='word_1_452' title='bbox 1391 3519 1600 3574; x_wconf 87' lang='lat' dir='ltr'>litteris</span> <span class='ocrx_word' id='word_1_453' title='bbox 1630 3521 1869 3575; x_wconf 88' lang='lat' dir='ltr'>Joannis</span> <span class='ocrx_word' id='word_1_454' title='bbox 1892 3522 2082 3590; x_wconf 89' lang='lat' dir='ltr'>cujus-</span> 
     </span>
    </p>
   </div>
   <div class='ocr_carea' id='block_1_66' title="bbox 434 3609 2079 3682">
    <p class='ocr_par' dir='ltr' id='par_1_66' title="bbox 434 3609 2079 3682">
     <span class='ocr_line' id='line_1_66' title="bbox 434 3609 2079 3682; baseline 0.001 -18"><span class='ocrx_word' id='word_1_455' title='bbox 434 3610 571 3664; x_wconf 87' lang='lat' dir='ltr'>dam</span> <span class='ocrx_word' id='word_1_456' title='bbox 602 3613 660 3664; x_wconf 90' lang='lat' dir='ltr'>et</span> <span class='ocrx_word' id='word_1_457' title='bbox 706 3609 974 3664; x_wconf 90' lang='lat' dir='ltr'>Antiochi</span> <span class='ocrx_word' id='word_1_458' title='bbox 1032 3611 1502 3680; x_wconf 81' lang='lat' dir='ltr'>presbyterorum</span> <span class='ocrx_word' id='word_1_459' title='bbox 1554 3613 1870 3682; x_wconf 84' lang='lat' dir='ltr'>comperta,</span> <span class='ocrx_word' id='word_1_460' title='bbox 1901 3609 2079 3666; x_wconf 89' lang='lat' dir='ltr'>Atha-</span> 
     </span>
    </p>
   </div>
   <div class='ocr_carea' id='block_1_67' title="bbox 433 3698 2081 3769">
    <p class='ocr_par' dir='ltr' id='par_1_67' title="bbox 433 3698 2081 3769">
     <span class='ocr_line' id='line_1_67' title="bbox 433 3698 2081 3769; baseline 0.002 -17"><span class='ocrx_word' id='word_1_461' title='bbox 433 3698 637 3754; x_wconf 88' lang='lat' dir='ltr'>nasius</span> <span class='ocrx_word' id='word_1_462' title='bbox 670 3698 854 3753; x_wconf 91' lang='lat' dir='ltr'>missa</span> <span class='ocrx_word' id='word_1_463' title='bbox 875 3698 945 3752; x_wconf 90' lang='lat' dir='ltr'>ad</span> <span class='ocrx_word' id='word_1_464' title='bbox 969 3699 1205 3752; x_wconf 91' lang='lat' dir='ltr'>eosdem</span> <span class='ocrx_word' id='word_1_465' title='bbox 1228 3698 1493 3769; x_wconf 87' lang='lat' dir='ltr'>epistola,</span> <span class='ocrx_word' id='word_1_466' title='bbox 1513 3699 1930 3754; x_wconf 90' lang='lat' dir='ltr'>monachorum</span> <span class='ocrx_word' id='word_1_467' title='bbox 1959 3717 2081 3755; x_wconf 90' lang='lat' dir='ltr'>car-</span> 
     </span>
    </p>
   </div>
   <div class='ocr_carea' id='block_1_68' title="bbox 433 3785 2080 3860">
    <p class='ocr_par' dir='ltr' id='par_1_68' title="bbox 433 3785 2080 3860">
     <span class='ocr_line' id='line_1_68' title="bbox 433 3785 2080 3860; baseline 0.001 -20"><span class='ocrx_word' id='word_1_468' title='bbox 433 3785 518 3858; x_wconf 91' lang='lat' dir='ltr'>pit</span> <span class='ocrx_word' id='word_1_469' title='bbox 559 3786 865 3842; x_wconf 88' lang='lat' dir='ltr'>audaciam</span> <span class='ocrx_word' id='word_1_470' title='bbox 918 3791 972 3840; x_wconf 78' lang='lat' dir='ltr'>et</span> <span class='ocrx_word' id='word_1_471' title='bbox 1015 3788 1421 3858; x_wconf 89' lang='lat' dir='ltr'>temeritatem,</span> <span class='ocrx_word' id='word_1_472' title='bbox 1474 3805 1696 3843; x_wconf 89' lang='lat' dir='ltr'>necnon</span> <span class='ocrx_word' id='word_1_473' title='bbox 1727 3805 1928 3843; x_wconf 90' lang='lat' dir='ltr'>eorum</span> <span class='ocrx_word' id='word_1_474' title='bbox 1981 3788 2080 3860; x_wconf 89' lang='lat' dir='ltr'>qui</span> 
     </span>
    </p>
   </div>
   <div class='ocr_carea' id='block_1_69' title="bbox 430 3875 2078 3947">
    <p class='ocr_par' dir='ltr' id='par_1_69' title="bbox 430 3875 2078 3947">
     <span class='ocr_line' id='line_1_69' title="bbox 430 3875 2078 3947; baseline 0.001 -17"><span class='ocrx_word' id='word_1_475' title='bbox 430 3875 855 3947; x_wconf 71' lang='lat' dir='ltr'>quaestionibus</span> <span class='ocrx_word' id='word_1_476' title='bbox 876 3875 1393 3932; x_wconf 78' lang='lat' dir='ltr'>movendisintenti</span> <span class='ocrx_word' id='word_1_477' title='bbox 1413 3877 1716 3932; x_wconf 87' lang='lat' dir='ltr'>turbarum</span> <span class='ocrx_word' id='word_1_478' title='bbox 1740 3877 2078 3933; x_wconf 87' lang='lat' dir='ltr'>etdissidio-</span> 
     </span>
    </p>
   </div>
   <div class='ocr_carea' id='block_1_70' title="bbox 429 3965 2079 4038">
    <p class='ocr_par' dir='ltr' id='par_1_70' title="bbox 429 3965 2079 4038">
     <span class='ocr_line' id='line_1_70' title="bbox 429 3965 2079 4038; baseline -0.001 -18"><span class='ocrx_word' id='word_1_479' title='bbox 429 3981 562 4020; x_wconf 89' lang='lat' dir='ltr'>rum</span> <span class='ocrx_word' id='word_1_480' title='bbox 592 3969 788 4020; x_wconf 90' lang='lat' dir='ltr'>essent</span> <span class='ocrx_word' id='word_1_481' title='bbox 831 3969 1115 4020; x_wconf 90' lang='lat' dir='ltr'>auctores.</span> <span class='ocrx_word' id='word_1_482' title='bbox 1152 3966 1293 4021; x_wconf 85' lang='lat' dir='ltr'>Rem</span> <span class='ocrx_word' id='word_1_483' title='bbox 1329 3965 1597 4038; x_wconf 90' lang='lat' dir='ltr'>pluribus</span> <span class='ocrx_word' id='word_1_484' title='bbox 1629 3966 1812 4038; x_wconf 90' lang='lat' dir='ltr'>agitat</span> <span class='ocrx_word' id='word_1_485' title='bbox 1855 3965 1912 4020; x_wconf 91' lang='lat' dir='ltr'><strong>in</strong></span> <span class='ocrx_word' id='word_1_486' title='bbox 1955 3966 2079 4038; x_wconf 90' lang='lat' dir='ltr'>epi-</span> 
     </span>
    </p>
   </div>
   <div class='ocr_carea' id='block_1_71' title="bbox 428 4052 2080 4126">
    <p class='ocr_par' dir='ltr' id='par_1_71' title="bbox 428 4052 2080 4126">
     <span class='ocr_line' id='line_1_71' title="bbox 428 4052 2080 4126; baseline 0 -16"><span class='ocrx_word' id='word_1_487' title='bbox 428 4052 579 4110; x_wconf 88' lang='lat' dir='ltr'>stola</span> <span class='ocrx_word' id='word_1_488' title='bbox 610 4054 682 4109; x_wconf 91' lang='lat' dir='ltr'>ad</span> <span class='ocrx_word' id='word_1_489' title='bbox 716 4053 1256 4126; x_wconf 89' lang='lat' dir='ltr'>Palladium,quem</span> <span class='ocrx_word' id='word_1_490' title='bbox 1290 4059 1458 4125; x_wconf 87' lang='lat' dir='ltr'>rogat</span> <span class='ocrx_word' id='word_1_491' title='bbox 1485 4059 1548 4109; x_wconf 90' lang='lat' dir='ltr'>ut</span> <span class='ocrx_word' id='word_1_492' title='bbox 1570 4072 1766 4126; x_wconf 90' lang='lat' dir='ltr'>pacem</span> <span class='ocrx_word' id='word_1_493' title='bbox 1801 4054 2080 4110; x_wconf 90' lang='lat' dir='ltr'>Basilium</span> 
     </span>
    </p>
   </div>
   <div class='ocr_carea' id='block_1_72' title="bbox 427 4142 2078 4215">
    <p class='ocr_par' dir='ltr' id='par_1_72' title="bbox 427 4142 2078 4215">
     <span class='ocr_line' id='line_1_72' title="bbox 427 4142 2078 4215; baseline 0.001 -18"><span class='ocrx_word' id='word_1_494' title='bbox 427 4142 580 4199; x_wconf 91' lang='lat' dir='ltr'>inter</span> <span class='ocrx_word' id='word_1_495' title='bbox 607 4147 663 4198; x_wconf 92' lang='lat' dir='ltr'>et</span> <span class='ocrx_word' id='word_1_496' title='bbox 711 4143 1030 4200; x_wconf 89' lang='lat' dir='ltr'>monachos</span> <span class='ocrx_word' id='word_1_497' title='bbox 1081 4160 1428 4215; x_wconf 90' lang='lat' dir='ltr'>componere</span> <span class='ocrx_word' id='word_1_498' title='bbox 1460 4148 1644 4199; x_wconf 88' lang='lat' dir='ltr'>curet.</span> <span class='ocrx_word' id='word_1_499' title='bbox 1680 4143 1915 4199; x_wconf 88' lang='lat' dir='ltr'>Probari</span> <span class='ocrx_word' id='word_1_500' title='bbox 1968 4144 2078 4200; x_wconf 84' lang='lat' dir='ltr'>sibi</span> 
     </span>
    </p>
   </div>
   <div class='ocr_carea' id='block_1_73' title="bbox 427 4226 2080 4304">
    <p class='ocr_par' dir='ltr' id='par_1_73' title="bbox 427 4226 2080 4304">
     <span class='ocr_line' id='line_1_73' title="bbox 427 4226 2080 4304; baseline 0.001 -18"><span class='ocrx_word' id='word_1_501' title='bbox 427 4231 526 4302; x_wconf 90' lang='lat' dir='ltr'>ait,</span> <span class='ocrx_word' id='word_1_502' title='bbox 557 4226 968 4304; x_wconf 83' lang='lat' dir='ltr'>acceptamque</span> <span class='ocrx_word' id='word_1_503' title='bbox 998 4250 1126 4288; x_wconf 91' lang='lat' dir='ltr'>esse</span> <span class='ocrx_word' id='word_1_504' title='bbox 1155 4233 1310 4304; x_wconf 87' lang='lat' dir='ltr'>piam</span> <span class='ocrx_word' id='word_1_505' title='bbox 1343 4233 1502 4287; x_wconf 88' lang='lat' dir='ltr'>illam</span> <span class='ocrx_word' id='word_1_506' title='bbox 1534 4233 1729 4288; x_wconf 89' lang='lat' dir='ltr'>Basilii</span> <span class='ocrx_word' id='word_1_507' title='bbox 1761 4233 2080 4288; x_wconf 90' lang='lat' dir='ltr'>simulatio-</span> 
     </span>
    </p>
   </div>
   <div class='ocr_carea' id='block_1_74' title="bbox 425 4322 2082 4394">
    <p class='ocr_par' dir='ltr' id='par_1_74' title="bbox 425 4322 2082 4394">
     <span class='ocr_line' id='line_1_74' title="bbox 425 4322 2082 4394; baseline 0.001 -18"><span class='ocrx_word' id='word_1_508' title='bbox 425 4337 580 4388; x_wconf 87' lang='lat' dir='ltr'>nem,</span> <span class='ocrx_word' id='word_1_509' title='bbox 617 4323 713 4393; x_wconf 89' lang='lat' dir='ltr'>qui</span> <span class='ocrx_word' id='word_1_510' title='bbox 752 4340 853 4394; x_wconf 94' lang='lat' dir='ltr'>pro</span> <span class='ocrx_word' id='word_1_511' title='bbox 893 4322 1268 4377; x_wconf 84' lang='lat' dir='ltr'>infirmorum</span> <span class='ocrx_word' id='word_1_512' title='bbox 1301 4322 1555 4377; x_wconf 87' lang='lat' dir='ltr'>utilitate</span> <span class='ocrx_word' id='word_1_513' title='bbox 1587 4323 1990 4378; x_wconf 79' lang='lat' dir='ltr'>infirmitatem</span> <span class='ocrx_word' id='word_1_514' title='bbox 2025 4328 2082 4377; x_wconf 88' lang='lat' dir='ltr'>et</span> 
     </span>
    </p>
   </div>
   <div class='ocr_carea' id='block_1_75' title="bbox 423 4409 2078 4484">
    <p class='ocr_par' dir='ltr' id='par_1_75' title="bbox 423 4409 2078 4484">
     <span class='ocr_line' id='line_1_75' title="bbox 423 4409 2078 4484; baseline 0.001 -20"><span class='ocrx_word' id='word_1_515' title='bbox 423 4409 549 4481; x_wconf 90' lang='lat' dir='ltr'>ipse</span> <span class='ocrx_word' id='word_1_516' title='bbox 581 4411 893 4482; x_wconf 69' lang='lat' dir='ltr'>praeferret.</span> <span class='ocrx_word' id='word_1_517' title='bbox 928 4411 1134 4466; x_wconf 89' lang='lat' dir='ltr'>Virum</span> <span class='ocrx_word' id='word_1_518' title='bbox 1158 4411 1806 4480; x_wconf 74' lang='lat' dir='ltr'>hujusmodi,Ecclesizs</span> <span class='ocrx_word' id='word_1_519' title='bbox 1830 4411 2078 4484; x_wconf 86' lang='lat' dir='ltr'>gloriam</span> 
     </span>
    </p>
   </div>
   <div class='ocr_carea' id='block_1_76' title="bbox 423 4499 2079 4570">
    <p class='ocr_par' dir='ltr' id='par_1_76' title="bbox 423 4499 2079 4570">
     <span class='ocr_line' id='line_1_76' title="bbox 423 4499 2079 4570; baseline 0.001 -17"><span class='ocrx_word' id='word_1_520' title='bbox 423 4513 552 4554; x_wconf 84' lang='lat' dir='ltr'>esse</span> <span class='ocrx_word' id='word_1_521' title='bbox 581 4501 901 4554; x_wconf 88' lang='lat' dir='ltr'>contendit.</span> <span class='ocrx_word' id='word_1_522' title='bbox 939 4501 1008 4555; x_wconf 89' lang='lat' dir='ltr'>Et</span> <span class='ocrx_word' id='word_1_523' title='bbox 1037 4500 1159 4555; x_wconf 63' lang='lat' dir='ltr'>haec</span> <span class='ocrx_word' id='word_1_524' title='bbox 1212 4500 1448 4570; x_wconf 90' lang='lat' dir='ltr'>quidem</span> <span class='ocrx_word' id='word_1_525' title='bbox 1482 4501 1551 4554; x_wconf 91' lang='lat' dir='ltr'>de</span> <span class='ocrx_word' id='word_1_526' title='bbox 1603 4499 1911 4556; x_wconf 80' lang='lat' dir='ltr'>Athanasii</span> <span class='ocrx_word' id='word_1_527' title='bbox 1945 4517 2079 4554; x_wconf 91' lang='lat' dir='ltr'>cum</span> 
     </span>
    </p>
   </div>
   <div class='ocr_carea' id='block_1_77' title="bbox 424 4587 2077 4658">
    <p class='ocr_par' dir='ltr' id='par_1_77' title="bbox 424 4587 2077 4658">
     <span class='ocr_line' id='line_1_77' title="bbox 424 4587 2077 4658; baseline 0.001 -17"><span class='ocrx_word' id='word_1_528' title='bbox 424 4587 637 4643; x_wconf 90' lang='lat' dir='ltr'>Basilio</span> <span class='ocrx_word' id='word_1_529' title='bbox 669 4588 942 4644; x_wconf 88' lang='lat' dir='ltr'>societate</span> <span class='ocrx_word' id='word_1_530' title='bbox 991 4593 1049 4643; x_wconf 91' lang='lat' dir='ltr'>et</span> <span class='ocrx_word' id='word_1_531' title='bbox 1079 4588 1337 4643; x_wconf 90' lang='lat' dir='ltr'>amicitia</span> <span class='ocrx_word' id='word_1_532' title='bbox 1383 4588 1538 4642; x_wconf 89' lang='lat' dir='ltr'>dicta</span> <span class='ocrx_word' id='word_1_533' title='bbox 1569 4593 1765 4658; x_wconf 90' lang='lat' dir='ltr'>sunto,</span> <span class='ocrx_word' id='word_1_534' title='bbox 1802 4605 1916 4643; x_wconf 92' lang='lat' dir='ltr'>non</span> <span class='ocrx_word' id='word_1_535' title='bbox 1948 4588 2077 4658; x_wconf 89' lang='lat' dir='ltr'>qui-</span> 
     </span>
    </p>
   </div>
   <div class='ocr_carea' id='block_1_78' title="bbox 423 4676 2079 4749">
    <p class='ocr_par' dir='ltr' id='par_1_78' title="bbox 423 4676 2079 4749">
     <span class='ocr_line' id='line_1_78' title="bbox 423 4676 2079 4749; baseline 0.001 -18"><span class='ocrx_word' id='word_1_536' title='bbox 423 4676 557 4732; x_wconf 90' lang='lat' dir='ltr'>dem</span> <span class='ocrx_word' id='word_1_537' title='bbox 590 4678 956 4749; x_wconf 88' lang='lat' dir='ltr'>temporibus</span> <span class='ocrx_word' id='word_1_538' title='bbox 990 4678 1265 4733; x_wconf 90' lang='lat' dir='ltr'>distincta</span> <span class='ocrx_word' id='word_1_539' title='bbox 1316 4677 1460 4743; x_wconf 90' lang='lat' dir='ltr'>suis,</span> <span class='ocrx_word' id='word_1_540' title='bbox 1493 4695 1626 4732; x_wconf 91' lang='lat' dir='ltr'>cum</span> <span class='ocrx_word' id='word_1_541' title='bbox 1661 4695 1777 4732; x_wconf 92' lang='lat' dir='ltr'>non</span> <span class='ocrx_word' id='word_1_542' title='bbox 1827 4681 1918 4732; x_wconf 89' lang='lat' dir='ltr'>sat</span> <span class='ocrx_word' id='word_1_543' title='bbox 1947 4695 2079 4732; x_wconf 91' lang='lat' dir='ltr'>con-</span> 
     </span>
    </p>
   </div>
   <div class='ocr_carea' id='block_1_79' title="bbox 2193 3518 3854 3593">
    <p class='ocr_par' dir='ltr' id='par_1_79' title="bbox 2193 3518 3854 3593">
     <span class='ocr_line' id='line_1_79' title="bbox 2193 3518 3854 3593; baseline -0.002 -15"><span class='ocrx_word' id='word_1_544' title='bbox 2193 3524 2440 3578; x_wconf 79' lang='lat' dir='ltr'>tortasse</span> <span class='ocrx_word' id='word_1_545' title='bbox 2470 3523 2622 3577; x_wconf 91' lang='lat' dir='ltr'>idem</span> <span class='ocrx_word' id='word_1_546' title='bbox 2656 3521 2881 3593; x_wconf 85' lang='lat' dir='ltr'>est,qui</span> <span class='ocrx_word' id='word_1_547' title='bbox 2914 3521 3046 3575; x_wconf 80' lang='lat' dir='ltr'>fidei</span> <span class='ocrx_word' id='word_1_548' title='bbox 3073 3537 3249 3576; x_wconf 81' lang='lat' dir='ltr'>causa</span> <span class='ocrx_word' id='word_1_549' title='bbox 3275 3520 3385 3575; x_wconf 90' lang='lat' dir='ltr'>sub</span> <span class='ocrx_word' id='word_1_550' title='bbox 3407 3518 3744 3576; x_wconf 89' lang='lat' dir='ltr'>Constantio</span> <span class='ocrx_word' id='word_1_551' title='bbox 3768 3535 3854 3574; x_wconf 88' lang='lat' dir='ltr'>re-</span> 
     </span>
    </p>
   </div>
   <div class='ocr_carea' id='block_1_80' title="bbox 2189 3607 3852 3683">
    <p class='ocr_par' dir='ltr' id='par_1_80' title="bbox 2189 3607 3852 3683">
     <span class='ocr_line' id='line_1_80' title="bbox 2189 3607 3852 3683; baseline -0.003 -16"><span class='ocrx_word' id='word_1_552' title='bbox 2189 3611 2438 3683; x_wconf 87' lang='lat' dir='ltr'>legatus,</span> <span class='ocrx_word' id='word_1_553' title='bbox 2475 3610 2858 3666; x_wconf 80' lang='lat' dir='ltr'>Lucit&#39;erianis</span> <span class='ocrx_word' id='word_1_554' title='bbox 2876 3614 3078 3681; x_wconf 90' lang='lat' dir='ltr'>postea</span> <span class='ocrx_word' id='word_1_555' title='bbox 3102 3625 3314 3664; x_wconf 91' lang='lat' dir='ltr'>nomen</span> <span class='ocrx_word' id='word_1_556' title='bbox 3348 3609 3529 3674; x_wconf 90' lang='lat' dir='ltr'>dedit,</span> <span class='ocrx_word' id='word_1_557' title='bbox 3555 3607 3730 3663; x_wconf 88' lang='lat' dir='ltr'>homo</span> <span class='ocrx_word' id='word_1_558' title='bbox 3754 3625 3852 3680; x_wconf 90' lang='lat' dir='ltr'>pa-</span> 
     </span>
    </p>
   </div>
   <div class='ocr_carea' id='block_1_81' title="bbox 2189 3696 3846 3772">
    <p class='ocr_par' dir='ltr' id='par_1_81' title="bbox 2189 3696 3846 3772">
     <span class='ocr_line' id='line_1_81' title="bbox 2189 3696 3846 3772; baseline -0.002 -17"><span class='ocrx_word' id='word_1_559' title='bbox 2189 3701 2302 3755; x_wconf 90' lang='lat' dir='ltr'>tria</span> <span class='ocrx_word' id='word_1_560' title='bbox 2316 3698 2945 3772; x_wconf 86' lang='lat' dir='ltr'>Cyronensis,junioris</span> <span class='ocrx_word' id='word_1_561' title='bbox 2971 3698 3281 3768; x_wconf 89' lang='lat' dir='ltr'>cujusdam</span> <span class='ocrx_word' id='word_1_562' title='bbox 3299 3696 3560 3752; x_wconf 90' lang='lat' dir='ltr'>Philonis</span> <span class='ocrx_word' id='word_1_563' title='bbox 3579 3701 3846 3768; x_wconf 88' lang='lat' dir='ltr'>patruus:</span> 
     </span>
    </p>
   </div>
   <div class='ocr_carea' id='block_1_82' title="bbox 2191 3783 3861 3858">
    <p class='ocr_par' dir='ltr' id='par_1_82' title="bbox 2191 3783 3861 3858">
     <span class='ocr_line' id='line_1_82' title="bbox 2191 3783 3861 3858; baseline -0.003 -15"><span class='ocrx_word' id='word_1_564' title='bbox 2191 3789 2250 3843; x_wconf 90' lang='lat' dir='ltr'>in</span> <span class='ocrx_word' id='word_1_565' title='bbox 2283 3789 2508 3844; x_wconf 62' lang='lat' dir='ltr'>caeteris</span> <span class='ocrx_word' id='word_1_566' title='bbox 2541 3788 2780 3858; x_wconf 90' lang='lat' dir='ltr'>quidem</span> <span class='ocrx_word' id='word_1_567' title='bbox 2823 3804 2892 3842; x_wconf 85' lang='lat' dir='ltr'>ex</span> <span class='ocrx_word' id='word_1_568' title='bbox 2924 3785 3261 3857; x_wconf 70' lang='lat' dir='ltr'>praescripto</span> <span class='ocrx_word' id='word_1_569' title='bbox 3298 3783 3645 3839; x_wconf 68' lang='lat' dir='ltr'>Christianae</span> <span class='ocrx_word' id='word_1_570' title='bbox 3678 3784 3861 3840; x_wconf 91' lang='lat' dir='ltr'>disci-</span> 
     </span>
    </p>
   </div>
   <div class='ocr_carea' id='block_1_83' title="bbox 2191 3873 3858 3950">
    <p class='ocr_par' dir='ltr' id='par_1_83' title="bbox 2191 3873 3858 3950">
     <span class='ocr_line' id='line_1_83' title="bbox 2191 3873 3858 3950; baseline -0.002 -18"><span class='ocrx_word' id='word_1_571' title='bbox 2191 3878 2362 3950; x_wconf 78' lang='lat' dir='ltr'>plinae</span> <span class='ocrx_word' id='word_1_572' title='bbox 2391 3877 2570 3932; x_wconf 90' lang='lat' dir='ltr'>vitam</span> <span class='ocrx_word' id='word_1_573' title='bbox 2607 3892 2806 3947; x_wconf 87' lang='lat' dir='ltr'>agens,</span> <span class='ocrx_word' id='word_1_574' title='bbox 2830 3874 2985 3946; x_wconf 88' lang='lat' dir='ltr'>quod</span> <span class='ocrx_word' id='word_1_575' title='bbox 3014 3877 3210 3927; x_wconf 88' lang='lat' dir='ltr'>autem</span> <span class='ocrx_word' id='word_1_576' title='bbox 3231 3873 3302 3926; x_wconf 90' lang='lat' dir='ltr'>ad</span> <span class='ocrx_word' id='word_1_577' title='bbox 3335 3873 3654 3944; x_wconf 89' lang='lat' dir='ltr'>regendum</span> <span class='ocrx_word' id='word_1_578' title='bbox 3678 3876 3734 3928; x_wconf 88' lang='lat' dir='ltr'>et</span> <span class='ocrx_word' id='word_1_579' title='bbox 3755 3891 3858 3946; x_wconf 88' lang='lat' dir='ltr'>pa-</span> 
     </span>
    </p>
   </div>
   <div class='ocr_carea' id='block_1_84' title="bbox 2195 3960 3854 4032">
    <p class='ocr_par' dir='ltr' id='par_1_84' title="bbox 2195 3960 3854 4032">
     <span class='ocr_line' id='line_1_84' title="bbox 2195 3960 3854 4032; baseline -0.002 -11"><span class='ocrx_word' id='word_1_580' title='bbox 2195 3966 2443 4021; x_wconf 86' lang='lat' dir='ltr'>rendum</span> <span class='ocrx_word' id='word_1_581' title='bbox 2471 3965 2681 4019; x_wconf 89' lang='lat' dir='ltr'>attinet</span> <span class='ocrx_word' id='word_1_582' title='bbox 2701 3962 3180 4032; x_wconf 90' lang='lat' dir='ltr'>audacior,quam</span> <span class='ocrx_word' id='word_1_583' title='bbox 3210 3960 3407 4032; x_wconf 89' lang='lat' dir='ltr'>legum</span> <span class='ocrx_word' id='word_1_584' title='bbox 3433 3960 3854 4017; x_wconf 90' lang='lat' dir='ltr'>observantior.</span> 
     </span>
    </p>
   </div>
   <div class='ocr_carea' id='block_1_85' title="bbox 2192 4048 3854 4121">
    <p class='ocr_par' dir='ltr' id='par_1_85' title="bbox 2192 4048 3854 4121">
     <span class='ocr_line' id='line_1_85' title="bbox 2192 4048 3854 4121; baseline 0.001 -16"><span class='ocrx_word' id='word_1_585' title='bbox 2192 4055 2612 4109; x_wconf 85' lang='lat' dir='ltr'>Verumtamen</span> <span class='ocrx_word' id='word_1_586' title='bbox 2645 4052 2754 4107; x_wconf 89' lang='lat' dir='ltr'>hoc</span> <span class='ocrx_word' id='word_1_587' title='bbox 2799 4051 2869 4106; x_wconf 90' lang='lat' dir='ltr'>ad</span> <span class='ocrx_word' id='word_1_588' title='bbox 2905 4049 3166 4106; x_wconf 90' lang='lat' dir='ltr'>Philonis</span> <span class='ocrx_word' id='word_1_589' title='bbox 3197 4048 3423 4104; x_wconf 91' lang='lat' dir='ltr'>veniam</span> <span class='ocrx_word' id='word_1_590' title='bbox 3469 4049 3658 4104; x_wconf 74' lang='lat' dir='ltr'>afferri</span> <span class='ocrx_word' id='word_1_591' title='bbox 3694 4054 3854 4121; x_wconf 89' lang='lat' dir='ltr'>pote-</span> 
     </span>
    </p>
   </div>
   <div class='ocr_carea' id='block_1_86' title="bbox 2192 4138 3853 4213">
    <p class='ocr_par' dir='ltr' id='par_1_86' title="bbox 2192 4138 3853 4213">
     <span class='ocr_line' id='line_1_86' title="bbox 2192 4138 3853 4213; baseline -0.001 -16"><span class='ocrx_word' id='word_1_592' title='bbox 2192 4147 2300 4210; x_wconf 90' lang='lat' dir='ltr'>rat,</span> <span class='ocrx_word' id='word_1_593' title='bbox 2345 4142 2499 4213; x_wconf 92' lang='lat' dir='ltr'>quod</span> <span class='ocrx_word' id='word_1_594' title='bbox 2553 4139 2951 4196; x_wconf 81' lang='lat' dir='ltr'>formidolosis</span> <span class='ocrx_word' id='word_1_595' title='bbox 3009 4138 3373 4211; x_wconf 87' lang='lat' dir='ltr'>temporibus</span> <span class='ocrx_word' id='word_1_596' title='bbox 3431 4138 3853 4195; x_wconf 89' lang='lat' dir='ltr'>accuratiorem</span> 
     </span>
    </p>
   </div>
   <div class='ocr_carea' id='block_1_87' title="bbox 2191 4228 3853 4302">
    <p class='ocr_par' dir='ltr' id='par_1_87' title="bbox 2191 4228 3853 4302">
     <span class='ocr_line' id='line_1_87' title="bbox 2191 4228 3853 4302; baseline -0.001 -16"><span class='ocrx_word' id='word_1_597' title='bbox 2191 4231 2564 4302; x_wconf 87' lang='lat' dir='ltr'>disciplinam</span> <span class='ocrx_word' id='word_1_598' title='bbox 2599 4229 2963 4301; x_wconf 67' lang='lat' dir='ltr'>praetermitti</span> <span class='ocrx_word' id='word_1_599' title='bbox 3008 4244 3245 4284; x_wconf 88' lang='lat' dir='ltr'>necesse</span> <span class='ocrx_word' id='word_1_600' title='bbox 3278 4228 3470 4282; x_wconf 82' lang='lat' dir='ltr'>fuerit.</span> <span class='ocrx_word' id='word_1_601' title='bbox 3505 4229 3639 4291; x_wconf 64' lang='lat' dir='ltr'>Quae</span> <span class='ocrx_word' id='word_1_602' title='bbox 3673 4245 3853 4285; x_wconf 89' lang='lat' dir='ltr'>causa</span> 
     </span>
    </p>
   </div>
   <div class='ocr_carea' id='block_1_88' title="bbox 2193 4316 3852 4389">
    <p class='ocr_par' dir='ltr' id='par_1_88' title="bbox 2193 4316 3852 4389">
     <span class='ocr_line' id='line_1_88' title="bbox 2193 4316 3852 4389; baseline -0.001 -13"><span class='ocrx_word' id='word_1_603' title='bbox 2193 4321 2306 4376; x_wconf 86' lang='lat' dir='ltr'>fuit</span> <span class='ocrx_word' id='word_1_604' title='bbox 2338 4325 2403 4374; x_wconf 89' lang='lat' dir='ltr'>ut</span> <span class='ocrx_word' id='word_1_605' title='bbox 2440 4318 2794 4374; x_wconf 76' lang='lat' dir='ltr'>Athanasius</span> <span class='ocrx_word' id='word_1_606' title='bbox 2829 4317 2883 4372; x_wconf 92' lang='lat' dir='ltr'>id</span> <span class='ocrx_word' id='word_1_607' title='bbox 2918 4317 3162 4389; x_wconf 85' lang='lat' dir='ltr'>tempori</span> <span class='ocrx_word' id='word_1_608' title='bbox 3195 4317 3438 4386; x_wconf 90' lang='lat' dir='ltr'>dederit,</span> <span class='ocrx_word' id='word_1_609' title='bbox 3463 4333 3568 4373; x_wconf 86' lang='lat' dir='ltr'>nec</span> <span class='ocrx_word' id='word_1_610' title='bbox 3598 4316 3686 4372; x_wconf 84' lang='lat' dir='ltr'>vel</span> <span class='ocrx_word' id='word_1_611' title='bbox 3718 4334 3852 4374; x_wconf 91' lang='lat' dir='ltr'>cum</span> 
     </span>
    </p>
   </div>
   <div class='ocr_carea' id='block_1_89' title="bbox 2192 4405 3851 4478">
    <p class='ocr_par' dir='ltr' id='par_1_89' title="bbox 2192 4405 3851 4478">
     <span class='ocr_line' id='line_1_89' title="bbox 2192 4405 3851 4478; baseline -0.001 -14"><span class='ocrx_word' id='word_1_612' title='bbox 2192 4410 2520 4470; x_wconf 90' lang='lat' dir='ltr'>ordinante,</span> <span class='ocrx_word' id='word_1_613' title='bbox 2545 4407 2632 4463; x_wconf 92' lang='lat' dir='ltr'>vel</span> <span class='ocrx_word' id='word_1_614' title='bbox 2666 4423 2798 4462; x_wconf 91' lang='lat' dir='ltr'>cum</span> <span class='ocrx_word' id='word_1_615' title='bbox 2830 4405 3095 4462; x_wconf 90' lang='lat' dir='ltr'>ordinato</span> <span class='ocrx_word' id='word_1_616' title='bbox 3128 4405 3532 4478; x_wconf 88' lang='lat' dir='ltr'>expostularit.</span> <span class='ocrx_word' id='word_1_617' title='bbox 3569 4407 3691 4461; x_wconf 89' lang='lat' dir='ltr'>lmo</span> <span class='ocrx_word' id='word_1_618' title='bbox 3716 4424 3851 4463; x_wconf 85' lang='lat' dir='ltr'>vero</span> 
     </span>
    </p>
   </div>
   <div class='ocr_carea' id='block_1_90' title="bbox 2192 4495 3852 4570">
    <p class='ocr_par' dir='ltr' id='par_1_90' title="bbox 2192 4495 3852 4570">
     <span class='ocr_line' id='line_1_90' title="bbox 2192 4495 3852 4570; baseline -0.002 -15"><span class='ocrx_word' id='word_1_619' title='bbox 2192 4516 2327 4555; x_wconf 93' lang='lat' dir='ltr'>cum</span> <span class='ocrx_word' id='word_1_620' title='bbox 2350 4499 2621 4570; x_wconf 81' lang='lat' dir='ltr'>exiguam</span> <span class='ocrx_word' id='word_1_621' title='bbox 2646 4497 2835 4552; x_wconf 90' lang='lat' dir='ltr'>adhuc</span> <span class='ocrx_word' id='word_1_622' title='bbox 2852 4495 2985 4550; x_wconf 85' lang='lat' dir='ltr'>fidei</span> <span class='ocrx_word' id='word_1_623' title='bbox 3009 4495 3324 4551; x_wconf 89' lang='lat' dir='ltr'>scintillam</span> <span class='ocrx_word' id='word_1_624' title='bbox 3351 4512 3476 4567; x_wconf 66' lang='lat' dir='ltr'>quae</span> <span class='ocrx_word' id='word_1_625' title='bbox 3493 4495 3852 4552; x_wconf 77' lang='lat' dir='ltr'>Ptolemaida</span> 
     </span>
    </p>
   </div>
   <div class='ocr_carea' id='block_1_91' title="bbox 2191 4583 3850 4656">
    <p class='ocr_par' dir='ltr' id='par_1_91' title="bbox 2191 4583 3850 4656">
     <span class='ocr_line' id='line_1_91' title="bbox 2191 4583 3850 4656; baseline -0.002 -12"><span class='ocrx_word' id='word_1_626' title='bbox 2191 4589 2426 4644; x_wconf 89' lang='lat' dir='ltr'>residua</span> <span class='ocrx_word' id='word_1_627' title='bbox 2459 4591 2582 4642; x_wconf 90' lang='lat' dir='ltr'>erat</span> <span class='ocrx_word' id='word_1_628' title='bbox 2616 4588 2828 4654; x_wconf 81' lang='lat' dir='ltr'>fovere,</span> <span class='ocrx_word' id='word_1_629' title='bbox 2869 4590 2926 4640; x_wconf 90' lang='lat' dir='ltr'>et</span> <span class='ocrx_word' id='word_1_630' title='bbox 2974 4586 3162 4656; x_wconf 91' lang='lat' dir='ltr'>magis</span> <span class='ocrx_word' id='word_1_631' title='bbox 3194 4585 3504 4656; x_wconf 88' lang='lat' dir='ltr'>magisque</span> <span class='ocrx_word' id='word_1_632' title='bbox 3551 4583 3721 4640; x_wconf 90' lang='lat' dir='ltr'>vellet</span> <span class='ocrx_word' id='word_1_633' title='bbox 3750 4601 3850 4640; x_wconf 87' lang='lat' dir='ltr'>ac-</span> 
     </span>
    </p>
   </div>
   <div class='ocr_carea' id='block_1_92' title="bbox 2189 4673 3844 4745">
    <p class='ocr_par' dir='ltr' id='par_1_92' title="bbox 2189 4673 3844 4745">
     <span class='ocr_line' id='line_1_92' title="bbox 2189 4673 3844 4745; baseline -0.002 -12"><span class='ocrx_word' id='word_1_634' title='bbox 2189 4679 2453 4745; x_wconf 86' lang='lat' dir='ltr'>cendere,</span> <span class='ocrx_word' id='word_1_635' title='bbox 2489 4675 2776 4730; x_wconf 89' lang='lat' dir='ltr'>Siderium</span> <span class='ocrx_word' id='word_1_636' title='bbox 2811 4673 3135 4743; x_wconf 91' lang='lat' dir='ltr'>majoribus</span> <span class='ocrx_word' id='word_1_637' title='bbox 3167 4673 3436 4744; x_wconf 90' lang='lat' dir='ltr'>gerendis</span> <span class='ocrx_word' id='word_1_638' title='bbox 3467 4673 3745 4728; x_wconf 88' lang='lat' dir='ltr'>idoneum</span> <span class='ocrx_word' id='word_1_639' title='bbox 3776 4689 3844 4730; x_wconf 89' lang='lat' dir='ltr'>eo</span> 
     </span>
    </p>
   </div>
   <div class='ocr_carea' id='block_1_93' title="bbox 422 4760 3850 4848">
    <p class='ocr_par' dir='ltr' id='par_1_93' title="bbox 422 4760 3850 4848">
     <span class='ocr_line' id='line_1_93' title="bbox 422 4760 3850 4848; baseline -0.001 -28"><span class='ocrx_word' id='word_1_640' title='bbox 422 4765 627 4837; x_wconf 89' lang='lat' dir='ltr'>spicua</span> <span class='ocrx_word' id='word_1_641' title='bbox 648 4766 836 4821; x_wconf 82' lang='lat' dir='ltr'>ferant</span> <span class='ocrx_word' id='word_1_642' title='bbox 855 4765 1144 4836; x_wconf 89' lang='lat' dir='ltr'>ejusmodi</span> <span class='ocrx_word' id='word_1_643' title='bbox 1166 4765 1368 4820; x_wconf 66' lang='lat' dir='ltr'>litterae</span> <span class='ocrx_word' id='word_1_644' title='bbox 1391 4771 1720 4838; x_wconf 88' lang='lat' dir='ltr'>temporum</span> <span class='ocrx_word' id='word_1_645' title='bbox 1739 4767 1927 4838; x_wconf 84' lang='lat' dir='ltr'>signa.</span> <span class='ocrx_word' id='word_1_646' title='bbox 1958 4771 2078 4822; x_wconf 83' lang='lat' dir='ltr'>Hoc</span> <span class='ocrx_word' id='word_1_647' title='bbox 2109 4783 2156 4848; x_wconf 72' lang='grc' dir='ltr'><strong>Β</strong></span> <span class='ocrx_word' id='word_1_648' title='bbox 2189 4766 2574 4837; x_wconf 80' lang='lat' dir='ltr'>commigrare</span> <span class='ocrx_word' id='word_1_649' title='bbox 2626 4762 2920 4834; x_wconf 69' lang='lat' dir='ltr'>praecepit,</span> <span class='ocrx_word' id='word_1_650' title='bbox 2953 4767 3018 4845; x_wconf 81' lang='lat' dir='ltr'>ut</span> <span class='ocrx_word' id='word_1_651' title='bbox 3068 4760 3572 4833; x_wconf 89' lang='lat' dir='ltr'>metropolitanam</span> <span class='ocrx_word' id='word_1_652' title='bbox 3619 4766 3850 4833; x_wconf 88' lang='lat' dir='ltr'>regeret</span> 
     </span>
    </p>
   </div>
   <div class='ocr_carea' id='block_1_94' title="bbox 424 4853 2072 4927">
    <p class='ocr_par' dir='ltr' id='par_1_94' title="bbox 424 4853 2072 4927">
     <span class='ocr_line' id='line_1_94' title="bbox 424 4853 2072 4927; baseline 0.001 -18"><span class='ocrx_word' id='word_1_653' title='bbox 424 4871 607 4909; x_wconf 89' lang='lat' dir='ltr'>unum</span> <span class='ocrx_word' id='word_1_654' title='bbox 640 4859 864 4909; x_wconf 84' lang='lat' dir='ltr'>certum</span> <span class='ocrx_word' id='word_1_655' title='bbox 887 4853 1586 4925; x_wconf 85' lang='lat' dir='ltr'>exploratumque,trium</span> <span class='ocrx_word' id='word_1_656' title='bbox 1621 4872 1912 4911; x_wconf 89' lang='lat' dir='ltr'>annorum</span> <span class='ocrx_word' id='word_1_657' title='bbox 1940 4872 2072 4927; x_wconf 91' lang='lat' dir='ltr'>spa-</span> 
     </span>
    </p>
   </div>
   <div class='ocr_carea' id='block_1_95' title="bbox 417 4943 2074 5014">
    <p class='ocr_par' dir='ltr' id='par_1_95' title="bbox 417 4943 2074 5014">
     <span class='ocr_line' id='line_1_95' title="bbox 417 4943 2074 5014; baseline 0.001 -16"><span class='ocrx_word' id='word_1_658' title='bbox 417 4943 498 4999; x_wconf 92' lang='lat' dir='ltr'>tio</span> <span class='ocrx_word' id='word_1_659' title='bbox 531 4943 652 4998; x_wconf 83' lang='lat' dir='ltr'>haec</span> <span class='ocrx_word' id='word_1_660' title='bbox 683 4943 882 4998; x_wconf 89' lang='lat' dir='ltr'>omnia</span> <span class='ocrx_word' id='word_1_661' title='bbox 931 4943 1330 4998; x_wconf 88' lang='lat' dir='ltr'>circumscribi</span> <span class='ocrx_word' id='word_1_662' title='bbox 1359 4949 1643 5014; x_wconf 91' lang='lat' dir='ltr'>oportere,</span> <span class='ocrx_word' id='word_1_663' title='bbox 1676 4946 1747 5000; x_wconf 87' lang='lat' dir='ltr'>ab</span> <span class='ocrx_word' id='word_1_664' title='bbox 1779 4961 1929 5000; x_wconf 90' lang='lat' dir='ltr'>anno</span> <span class='ocrx_word' id='word_1_665' title='bbox 1961 4946 2074 5001; x_wconf 90' lang='lat' dir='ltr'>sci-</span> 
     </span>
    </p>
   </div>
   <div class='ocr_carea' id='block_1_96' title="bbox 416 5030 2073 5102">
    <p class='ocr_par' dir='ltr' id='par_1_96' title="bbox 416 5030 2073 5102">
     <span class='ocr_line' id='line_1_96' title="bbox 416 5030 2073 5102; baseline 0.001 -15"><span class='ocrx_word' id='word_1_666' title='bbox 416 5031 553 5087; x_wconf 89' lang='lat' dir='ltr'>licet</span> <span class='ocrx_word' id='word_1_667' title='bbox 601 5032 726 5098; x_wconf 90' lang='lat'>370,</span> <span class='ocrx_word' id='word_1_668' title='bbox 761 5048 876 5102; x_wconf 89' lang='lat' dir='ltr'>quo</span> <span class='ocrx_word' id='word_1_669' title='bbox 922 5030 1228 5086; x_wconf 89' lang='lat' dir='ltr'>ordinatus</span> <span class='ocrx_word' id='word_1_670' title='bbox 1280 5031 1388 5086; x_wconf 83' lang='lat' dir='ltr'>fuit</span> <span class='ocrx_word' id='word_1_671' title='bbox 1439 5031 1711 5100; x_wconf 90' lang='lat' dir='ltr'>Basilius,</span> <span class='ocrx_word' id='word_1_672' title='bbox 1747 5034 1818 5087; x_wconf 91' lang='lat' dir='ltr'>ad</span> <span class='ocrx_word' id='word_1_673' title='bbox 1851 5034 1976 5101; x_wconf 89' lang='lat'>373,</span> <span class='ocrx_word' id='word_1_674' title='bbox 2007 5033 2073 5088; x_wconf 90' lang='lat' dir='ltr'>in</span> 
     </span>
    </p>
   </div>
   <div class='ocr_carea' id='block_1_97' title="bbox 417 5121 2070 5193">
    <p class='ocr_par' dir='ltr' id='par_1_97' title="bbox 417 5121 2070 5193">
     <span class='ocr_line' id='line_1_97' title="bbox 417 5121 2070 5193; baseline 0.001 -17"><span class='ocrx_word' id='word_1_675' title='bbox 417 5137 615 5193; x_wconf 90' lang='lat' dir='ltr'>quem,</span> <span class='ocrx_word' id='word_1_676' title='bbox 651 5124 716 5175; x_wconf 93' lang='lat' dir='ltr'>ut</span> <span class='ocrx_word' id='word_1_677' title='bbox 745 5136 878 5174; x_wconf 85' lang='lat' dir='ltr'>mox</span> <span class='ocrx_word' id='word_1_678' title='bbox 909 5121 1341 5191; x_wconf 89' lang='lat' dir='ltr'>comprobatur,</span> <span class='ocrx_word' id='word_1_679' title='bbox 1375 5138 1532 5176; x_wconf 87' lang='lat' dir='ltr'>mors</span> <span class='ocrx_word' id='word_1_680' title='bbox 1582 5122 1889 5177; x_wconf 87' lang='lat' dir='ltr'>Athanasii</span> <span class='ocrx_word' id='word_1_681' title='bbox 1932 5139 2070 5178; x_wconf 90' lang='lat' dir='ltr'>con-</span> 
     </span>
    </p>
   </div>
   <div class='ocr_carea' id='block_1_98' title="bbox 416 5209 2068 5282">
    <p class='ocr_par' dir='ltr' id='par_1_98' title="bbox 416 5209 2068 5282">
     <span class='ocr_line' id='line_1_98' title="bbox 416 5209 2068 5282; baseline 0.002 -17"><span class='ocrx_word' id='word_1_682' title='bbox 416 5210 655 5266; x_wconf 89' lang='lat' dir='ltr'>ferenda</span> <span class='ocrx_word' id='word_1_683' title='bbox 685 5213 792 5265; x_wconf 91' lang='lat' dir='ltr'>est.</span> <span class='ocrx_word' id='word_1_684' title='bbox 827 5209 944 5265; x_wconf 90' lang='lat' dir='ltr'>Nec</span> <span class='ocrx_word' id='word_1_685' title='bbox 974 5211 1466 5280; x_wconf 69' lang='lat' dir='ltr'>praetermittenda</span> <span class='ocrx_word' id='word_1_686' title='bbox 1514 5210 1628 5266; x_wconf 88' lang='lat' dir='ltr'>alia</span> <span class='ocrx_word' id='word_1_687' title='bbox 1659 5213 1926 5282; x_wconf 80' lang='lat' dir='ltr'>quaedam</span> <span class='ocrx_word' id='word_1_688' title='bbox 1960 5212 2068 5268; x_wconf 86' lang='lat' dir='ltr'>Ba-</span> 
     </span>
    </p>
   </div>
   <div class='ocr_carea' id='block_1_99' title="bbox 415 5299 2070 5372">
    <p class='ocr_par' dir='ltr' id='par_1_99' title="bbox 415 5299 2070 5372">
     <span class='ocr_line' id='line_1_99' title="bbox 415 5299 2070 5372; baseline 0.001 -18"><span class='ocrx_word' id='word_1_689' title='bbox 415 5299 530 5354; x_wconf 90' lang='lat' dir='ltr'>silii</span> <span class='ocrx_word' id='word_1_690' title='bbox 563 5299 714 5354; x_wconf 91' lang='lat' dir='ltr'>dicta</span> <span class='ocrx_word' id='word_1_691' title='bbox 743 5299 1023 5371; x_wconf 86' lang='lat' dir='ltr'>grandem</span> <span class='ocrx_word' id='word_1_692' title='bbox 1060 5299 1361 5355; x_wconf 87' lang='lat' dir='ltr'>Athanasii</span> <span class='ocrx_word' id='word_1_693' title='bbox 1402 5299 1891 5355; x_wconf 77' lang='lat' dir='ltr'>existimationem</span> <span class='ocrx_word' id='word_1_694' title='bbox 1924 5318 2070 5372; x_wconf 68' lang='lat' dir='ltr'>prte-</span> 
     </span>
    </p>
   </div>
   <div class='ocr_carea' id='block_1_100' title="bbox 414 5387 2070 5461">
    <p class='ocr_par' dir='ltr' id='par_1_100' title="bbox 414 5387 2070 5461">
     <span class='ocr_line' id='line_1_100' title="bbox 414 5387 2070 5461; baseline 0.002 -18"><span class='ocrx_word' id='word_1_695' title='bbox 414 5389 676 5443; x_wconf 83' lang='lat' dir='ltr'>ferentia.</span> <span class='ocrx_word' id='word_1_696' title='bbox 738 5389 797 5442; x_wconf 86' lang='lat' dir='ltr'>In</span> <span class='ocrx_word' id='word_1_697' title='bbox 846 5387 1094 5460; x_wconf 90' lang='lat' dir='ltr'>epistola</span> <span class='ocrx_word' id='word_1_698' title='bbox 1139 5389 1209 5443; x_wconf 90' lang='lat' dir='ltr'>ad</span> <span class='ocrx_word' id='word_1_699' title='bbox 1260 5389 1752 5444; x_wconf 69' lang='lat' dir='ltr'>Neocaesarienses</span> <span class='ocrx_word' id='word_1_700' title='bbox 1810 5391 1887 5461; x_wconf 82' lang='grc' dir='ltr'>(α)</span> <span class='ocrx_word' id='word_1_701' title='bbox 1948 5390 2070 5446; x_wconf 74' lang='lat' dir='ltr'>haec</span> 
     </span>
    </p>
   </div>
   <div class='ocr_carea' id='block_1_101' title="bbox 417 5476 2066 5550">
    <p class='ocr_par' dir='ltr' id='par_1_101' title="bbox 417 5476 2066 5550">
     <span class='ocr_line' id='line_1_101' title="bbox 417 5476 2066 5550; baseline 0.001 -19"><span class='ocrx_word' id='word_1_702' title='bbox 417 5476 590 5532; x_wconf 91' lang='lat' dir='ltr'>habet</span> <span class='ocrx_word' id='word_1_703' title='bbox 623 5494 635 5530; x_wconf 95' lang='lat'>:</span> <span class='ocrx_word' id='word_1_704' title='bbox 669 5500 697 5526; x_wconf 84' lang='grc'>‹‹</span> <span class='ocrx_word' id='word_1_705' title='bbox 732 5477 874 5532; x_wconf 87' lang='lat' dir='ltr'>Cum</span> <span class='ocrx_word' id='word_1_706' title='bbox 898 5478 1254 5549; x_wconf 90' lang='lat' dir='ltr'>accepissem</span> <span class='ocrx_word' id='word_1_707' title='bbox 1281 5495 1314 5533; x_wconf 91' lang='lat' dir='ltr'>a</span> <span class='ocrx_word' id='word_1_708' title='bbox 1338 5477 1677 5533; x_wconf 89' lang='lat' dir='ltr'>beatissimo</span> <span class='ocrx_word' id='word_1_709' title='bbox 1701 5482 1864 5550; x_wconf 87' lang='lat' dir='ltr'>patre</span> <span class='ocrx_word' id='word_1_710' title='bbox 1886 5478 2066 5534; x_wconf 88' lang='lat' dir='ltr'>Atha-</span> 
     </span>
    </p>
   </div>
   <div class='ocr_carea' id='block_1_102' title="bbox 415 5564 2068 5638">
    <p class='ocr_par' dir='ltr' id='par_1_102' title="bbox 415 5564 2068 5638">
     <span class='ocr_line' id='line_1_102' title="bbox 415 5564 2068 5638; baseline 0.001 -17"><span class='ocrx_word' id='word_1_711' title='bbox 415 5566 580 5621; x_wconf 88' lang='lat' dir='ltr'>nasio</span> <span class='ocrx_word' id='word_1_712' title='bbox 614 5564 963 5620; x_wconf 54' lang='lat' dir='ltr'>Alexandria</span> <span class='ocrx_word' id='word_1_713' title='bbox 985 5567 1255 5638; x_wconf 88' lang='lat' dir='ltr'>episcopo</span> <span class='ocrx_word' id='word_1_714' title='bbox 1288 5567 1678 5638; x_wconf 70' lang='lat' dir='ltr'>litteras,quae</span> <span class='ocrx_word' id='word_1_715' title='bbox 1709 5568 1884 5623; x_wconf 89' lang='lat' dir='ltr'>etiam</span> <span class='ocrx_word' id='word_1_716' title='bbox 1913 5585 2068 5623; x_wconf 91' lang='lat' dir='ltr'>nunc</span> 
     </span>
    </p>
   </div>
   <div class='ocr_carea' id='block_1_103' title="bbox 415 5655 2067 5728">
    <p class='ocr_par' dir='ltr' id='par_1_103' title="bbox 415 5655 2067 5728">
     <span class='ocr_line' id='line_1_103' title="bbox 415 5655 2067 5728; baseline 0.002 -20"><span class='ocrx_word' id='word_1_717' title='bbox 415 5669 592 5724; x_wconf 87' lang='lat' dir='ltr'>penes</span> <span class='ocrx_word' id='word_1_718' title='bbox 614 5669 706 5707; x_wconf 91' lang='lat' dir='ltr'>me</span> <span class='ocrx_word' id='word_1_719' title='bbox 738 5659 967 5722; x_wconf 90' lang='lat' dir='ltr'>sunt,et</span> <span class='ocrx_word' id='word_1_720' title='bbox 997 5655 1397 5727; x_wconf 81' lang='lat' dir='ltr'>ﬂagitantibus</span> <span class='ocrx_word' id='word_1_721' title='bbox 1419 5657 1593 5713; x_wconf 71' lang='lat' dir='ltr'>offero</span> <span class='ocrx_word' id='word_1_722' title='bbox 1617 5657 1913 5728; x_wconf 88' lang='lat' dir='ltr'>legendas,</span> <span class='ocrx_word' id='word_1_723' title='bbox 1937 5657 2067 5728; x_wconf 86' lang='lat' dir='ltr'>qui-</span> 
     </span>
    </p>
   </div>
   <div class='ocr_carea' id='block_1_104' title="bbox 416 5741 2064 5817">
    <p class='ocr_par' dir='ltr' id='par_1_104' title="bbox 416 5741 2064 5817">
     <span class='ocr_line' id='line_1_104' title="bbox 416 5741 2064 5817; baseline 0.001 -18"><span class='ocrx_word' id='word_1_724' title='bbox 416 5743 528 5799; x_wconf 90' lang='lat' dir='ltr'>bus</span> <span class='ocrx_word' id='word_1_725' title='bbox 561 5741 657 5796; x_wconf 89' lang='lat' dir='ltr'>ille</span> <span class='ocrx_word' id='word_1_726' title='bbox 682 5747 878 5813; x_wconf 89' lang='lat' dir='ltr'>aperte</span> <span class='ocrx_word' id='word_1_727' title='bbox 908 5744 1086 5799; x_wconf 85' lang='lat' dir='ltr'>edixit</span> <span class='ocrx_word' id='word_1_728' title='bbox 1114 5762 1232 5814; x_wconf 88' lang='lat' dir='ltr'>eos,</span> <span class='ocrx_word' id='word_1_729' title='bbox 1254 5746 1354 5817; x_wconf 90' lang='lat' dir='ltr'>qui</span> <span class='ocrx_word' id='word_1_730' title='bbox 1387 5763 1453 5801; x_wconf 83' lang='lat' dir='ltr'>ex</span> <span class='ocrx_word' id='word_1_731' title='bbox 1485 5745 1835 5802; x_wconf 81' lang='lat' dir='ltr'>Arianorum</span> <span class='ocrx_word' id='word_1_732' title='bbox 1861 5745 2064 5803; x_wconf 70' lang='lat' dir='ltr'>haeresi</span> 
     </span>
    </p>
   </div>
   <div class='ocr_carea' id='block_1_105' title="bbox 489 5866 903 5942">
    <p class='ocr_par' dir='ltr' id='par_1_105' title="bbox 489 5866 903 5942">
     <span class='ocr_line' id='line_1_105' title="bbox 489 5866 903 5942; baseline 0 -18"><span class='ocrx_word' id='word_1_733' title='bbox 489 5868 567 5942; x_wconf 85' lang='grc' dir='ltr'>(α)</span> <span class='ocrx_word' id='word_1_734' title='bbox 599 5866 783 5939; x_wconf 87' lang='lat' dir='ltr'>Epist.</span> <span class='ocrx_word' id='word_1_735' title='bbox 813 5867 903 5924; x_wconf 88' lang='grc'>75.</span> 
     </span>
    </p>
   </div>
   <div class='ocr_carea' id='block_1_106' title="bbox 2186 4837 3844 4921">
    <p class='ocr_par' dir='ltr' id='par_1_106' title="bbox 2186 4837 3844 4921">
     <span class='ocr_line' id='line_1_106' title="bbox 2186 4837 3844 4921; baseline -0.003 -11"><span class='ocrx_word' id='word_1_736' title='bbox 2186 4855 2526 4910; x_wconf 75' lang='lat' dir='ltr'>Ecclesium.</span> <span class='ocrx_word' id='word_1_737' title='bbox 2561 4857 2634 4906; x_wconf 80' lang='lat' dir='ltr'>At</span> <span class='ocrx_word' id='word_1_738' title='bbox 2683 4849 2784 4905; x_wconf 91' lang='lat' dir='ltr'>ubi</span> <span class='ocrx_word' id='word_1_739' title='bbox 2832 4837 3009 4905; x_wconf 75' lang='lat' dir='ltr'>senex</span> <span class='ocrx_word' id='word_1_740' title='bbox 3060 4850 3297 4906; x_wconf 91' lang='lat' dir='ltr'>demum</span> <span class='ocrx_word' id='word_1_741' title='bbox 3345 4849 3636 4905; x_wconf 85' lang='lat' dir='ltr'>extinctus</span> <span class='ocrx_word' id='word_1_742' title='bbox 3669 4854 3844 4921; x_wconf 89' lang='lat' dir='ltr'>esset,</span> 
     </span>
    </p>
   </div>
   <div class='ocr_carea' id='block_1_107' title="bbox 2184 4939 3842 5012">
    <p class='ocr_par' dir='ltr' id='par_1_107' title="bbox 2184 4939 3842 5012">
     <span class='ocr_line' id='line_1_107' title="bbox 2184 4939 3842 5012; baseline -0.003 -13"><span class='ocrx_word' id='word_1_743' title='bbox 2184 4944 2498 5000; x_wconf 76' lang='lat' dir='ltr'>Pelaebisca</span> <span class='ocrx_word' id='word_1_744' title='bbox 2527 4947 2583 4996; x_wconf 88' lang='lat' dir='ltr'>et</span> <span class='ocrx_word' id='word_1_745' title='bbox 2630 4940 2861 5012; x_wconf 85' lang='lat' dir='ltr'>Hydrax</span> <span class='ocrx_word' id='word_1_746' title='bbox 2892 4939 2950 4993; x_wconf 91' lang='lat' dir='ltr'>in</span> <span class='ocrx_word' id='word_1_747' title='bbox 2983 4939 3285 5010; x_wconf 85' lang='lat' dir='ltr'>antiquam</span> <span class='ocrx_word' id='word_1_748' title='bbox 3317 4939 3559 4996; x_wconf 68' lang='lat' dir='ltr'>redactae</span> <span class='ocrx_word' id='word_1_749' title='bbox 3593 4939 3842 4994; x_wconf 84' lang='lat' dir='ltr'>formam</span> 
     </span>
    </p>
   </div>
   <div class='ocr_carea' id='block_1_108' title="bbox 2185 5027 3842 5101">
    <p class='ocr_par' dir='ltr' id='par_1_108' title="bbox 2185 5027 3842 5101">
     <span class='ocr_line' id='line_1_108' title="bbox 2185 5027 3842 5101; baseline -0.002 -13"><span class='ocrx_word' id='word_1_750' title='bbox 2185 5038 2346 5098; x_wconf 90' lang='lat' dir='ltr'>sunt,</span> <span class='ocrx_word' id='word_1_751' title='bbox 2379 5036 2553 5101; x_wconf 87' lang='lat' dir='ltr'>atque</span> <span class='ocrx_word' id='word_1_752' title='bbox 2577 5029 2824 5101; x_wconf 88' lang='lat' dir='ltr'>Erythro</span> <span class='ocrx_word' id='word_1_753' title='bbox 2855 5027 3220 5082; x_wconf 64' lang='lat' dir='ltr'>contributae.</span> <span class='ocrx_word' id='word_1_754' title='bbox 3252 5028 3702 5100; x_wconf 90' lang='lat' dir='ltr'>Insequentibus</span> <span class='ocrx_word' id='word_1_755' title='bbox 3735 5045 3842 5084; x_wconf 89' lang='lat' dir='ltr'>au-</span> 
     </span>
    </p>
   </div>
   <div class='ocr_carea' id='block_1_109' title="bbox 2183 5118 3838 5178">
    <p class='ocr_par' dir='ltr' id='par_1_109' title="bbox 2183 5118 3838 5178">
     <span class='ocr_line' id='line_1_109' title="bbox 2183 5118 3838 5178; baseline -0.004 0"><span class='ocrx_word' id='word_1_756' title='bbox 2183 5127 2300 5178; x_wconf 76' lang='lat' dir='ltr'>tem</span> <span class='ocrx_word' id='word_1_757' title='bbox 2336 5119 2506 5177; x_wconf 87' lang='lat' dir='ltr'>annis</span> <span class='ocrx_word' id='word_1_758' title='bbox 2525 5119 2708 5174; x_wconf 71' lang='lat' dir='ltr'>turba:</span> <span class='ocrx_word' id='word_1_759' title='bbox 2733 5135 2969 5174; x_wconf 90' lang='lat' dir='ltr'>rursum</span> <span class='ocrx_word' id='word_1_760' title='bbox 2994 5118 3196 5173; x_wconf 90' lang='lat' dir='ltr'>eadem</span> <span class='ocrx_word' id='word_1_761' title='bbox 3214 5118 3284 5172; x_wconf 93' lang='lat' dir='ltr'>de</span> <span class='ocrx_word' id='word_1_762' title='bbox 3315 5134 3494 5173; x_wconf 91' lang='lat' dir='ltr'>causa</span> <span class='ocrx_word' id='word_1_763' title='bbox 3509 5118 3656 5172; x_wconf 66' lang='lat' dir='ltr'>datae</span> <span class='ocrx_word' id='word_1_764' title='bbox 3679 5122 3838 5173; x_wconf 90' lang='lat' dir='ltr'>sunt.</span> 
     </span>
    </p>
   </div>
   <div class='ocr_carea' id='block_1_110' title="bbox 2253 5205 3841 5281">
    <p class='ocr_par' dir='ltr' id='par_1_110' title="bbox 2253 5205 3841 5281">
     <span class='ocr_line' id='line_1_110' title="bbox 2253 5205 3841 5281; baseline -0.001 -18"><span class='ocrx_word' id='word_1_765' title='bbox 2253 5211 2308 5264; x_wconf 89' lang='grc'>7.</span> <span class='ocrx_word' id='word_1_766' title='bbox 2343 5209 2715 5281; x_wconf 83' lang='lat' dir='ltr'>Appollinarii</span> <span class='ocrx_word' id='word_1_767' title='bbox 2744 5223 2960 5264; x_wconf 77' lang='lat' dir='ltr'>errores</span> <span class='ocrx_word' id='word_1_768' title='bbox 2990 5207 3102 5262; x_wconf 82' lang='lat' dir='ltr'>tate</span> <span class='ocrx_word' id='word_1_769' title='bbox 3130 5211 3378 5278; x_wconf 85' lang='lat' dir='ltr'>serpunt.</span> <span class='ocrx_word' id='word_1_770' title='bbox 3411 5205 3700 5264; x_wconf 81' lang='lat' dir='ltr'>Athanasii</span> <span class='ocrx_word' id='word_1_771' title='bbox 3724 5209 3841 5278; x_wconf 76' lang='lat' dir='ltr'>epi-</span> 
     </span>
    </p>
   </div>
   <div class='ocr_carea' id='block_1_111' title="bbox 2178 5295 3839 5371">
    <p class='ocr_par' dir='ltr' id='par_1_111' title="bbox 2178 5295 3839 5371">
     <span class='ocr_line' id='line_1_111' title="bbox 2178 5295 3839 5371; baseline -0.002 -14"><span class='ocrx_word' id='word_1_772' title='bbox 2178 5303 2322 5358; x_wconf 82' lang='lat' dir='ltr'>stola</span> <span class='ocrx_word' id='word_1_773' title='bbox 2351 5300 2421 5356; x_wconf 86' lang='lat' dir='ltr'>ad</span> <span class='ocrx_word' id='word_1_774' title='bbox 2471 5300 2796 5371; x_wconf 81' lang='lat' dir='ltr'>Epictetum.</span> <span class='ocrx_word' id='word_1_775' title='bbox 2830 5329 2900 5339; x_wconf 94' lang='lat'>—</span> <span class='ocrx_word' id='word_1_776' title='bbox 2932 5299 3156 5352; x_wconf 86' lang='lat' dir='ltr'>Interea</span> <span class='ocrx_word' id='word_1_777' title='bbox 3197 5295 3538 5369; x_wconf 87' lang='lat' dir='ltr'>Apollinarii</span> <span class='ocrx_word' id='word_1_778' title='bbox 3589 5313 3839 5365; x_wconf 86' lang='lat' dir='ltr'>errores,</span> 
     </span>
    </p>
   </div>
   <div class='ocr_carea' id='block_1_112' title="bbox 2181 5386 3841 5463">
    <p class='ocr_par' dir='ltr' id='par_1_112' title="bbox 2181 5386 3841 5463">
     <span class='ocr_line' id='line_1_112' title="bbox 2181 5386 3841 5463; baseline -0.003 -17"><span class='ocrx_word' id='word_1_779' title='bbox 2181 5390 2280 5463; x_wconf 91' lang='lat' dir='ltr'>qui</span> <span class='ocrx_word' id='word_1_780' title='bbox 2313 5393 2443 5462; x_wconf 87' lang='lat' dir='ltr'>post</span> <span class='ocrx_word' id='word_1_781' title='bbox 2472 5389 2761 5460; x_wconf 89' lang='lat' dir='ltr'>synodum</span> <span class='ocrx_word' id='word_1_782' title='bbox 2800 5387 3251 5442; x_wconf 82' lang='lat' dir='ltr'>Alexandrinam</span> <span class='ocrx_word' id='word_1_783' title='bbox 3278 5387 3414 5441; x_wconf 90' lang='lat' dir='ltr'>anni</span> <span class='ocrx_word' id='word_1_784' title='bbox 3443 5387 3549 5442; x_wconf 81' lang='lat'>362</span> <span class='ocrx_word' id='word_1_785' title='bbox 3570 5403 3637 5442; x_wconf 86' lang='lat' dir='ltr'>ex</span> <span class='ocrx_word' id='word_1_786' title='bbox 3658 5386 3841 5441; x_wconf 89' lang='lat' dir='ltr'>simu-</span> 
     </span>
    </p>
   </div>
   <div class='ocr_carea' id='block_1_113' title="bbox 2178 5475 3844 5550">
    <p class='ocr_par' dir='ltr' id='par_1_113' title="bbox 2178 5475 3844 5550">
     <span class='ocr_line' id='line_1_113' title="bbox 2178 5475 3844 5550; baseline -0.003 -15"><span class='ocrx_word' id='word_1_787' title='bbox 2178 5479 2296 5535; x_wconf 88' lang='lat' dir='ltr'>lata</span> <span class='ocrx_word' id='word_1_788' title='bbox 2327 5479 2593 5550; x_wconf 89' lang='lat' dir='ltr'>ejusdem</span> <span class='ocrx_word' id='word_1_789' title='bbox 2624 5475 2991 5531; x_wconf 82' lang='lat' dir='ltr'>confessione</span> <span class='ocrx_word' id='word_1_790' title='bbox 3023 5475 3344 5548; x_wconf 89' lang='lat' dir='ltr'>compressi</span> <span class='ocrx_word' id='word_1_791' title='bbox 3376 5479 3431 5530; x_wconf 91' lang='lat' dir='ltr'>et</span> <span class='ocrx_word' id='word_1_792' title='bbox 3463 5475 3732 5532; x_wconf 84' lang='lat' dir='ltr'>exstincti</span> <span class='ocrx_word' id='word_1_793' title='bbox 3764 5475 3844 5531; x_wconf 93' lang='lat' dir='ltr'>vi-</span> 
     </span>
    </p>
   </div>
   <div class='ocr_carea' id='block_1_114' title="bbox 2178 5562 3840 5637">
    <p class='ocr_par' dir='ltr' id='par_1_114' title="bbox 2178 5562 3840 5637">
     <span class='ocr_line' id='line_1_114' title="bbox 2178 5562 3840 5637; baseline -0.001 -14"><span class='ocrx_word' id='word_1_794' title='bbox 2178 5569 2488 5633; x_wconf 78' lang='lat' dir='ltr'>debantur,</span> <span class='ocrx_word' id='word_1_795' title='bbox 2515 5565 2629 5620; x_wconf 90' lang='lat' dir='ltr'>late</span> <span class='ocrx_word' id='word_1_796' title='bbox 2658 5581 2891 5636; x_wconf 90' lang='lat' dir='ltr'>serpere</span> <span class='ocrx_word' id='word_1_797' title='bbox 2925 5567 2983 5619; x_wconf 92' lang='lat' dir='ltr'>et</span> <span class='ocrx_word' id='word_1_798' title='bbox 3010 5563 3068 5618; x_wconf 92' lang='lat' dir='ltr'>in</span> <span class='ocrx_word' id='word_1_799' title='bbox 3101 5562 3322 5620; x_wconf 88' lang='lat' dir='ltr'>multas</span> <span class='ocrx_word' id='word_1_800' title='bbox 3348 5563 3544 5637; x_wconf 89' lang='lat' dir='ltr'>spargi</span> <span class='ocrx_word' id='word_1_801' title='bbox 3570 5563 3840 5637; x_wconf 88' lang='lat' dir='ltr'>regiones</span> 
     </span>
    </p>
   </div>
   <div class='ocr_carea' id='block_1_115' title="bbox 2178 5652 3840 5728">
    <p class='ocr_par' dir='ltr' id='par_1_115' title="bbox 2178 5652 3840 5728">
     <span class='ocr_line' id='line_1_115' title="bbox 2178 5652 3840 5728; baseline -0.004 -15"><span class='ocrx_word' id='word_1_802' title='bbox 2178 5661 2495 5728; x_wconf 60' lang='lat' dir='ltr'>coeperant,</span> <span class='ocrx_word' id='word_1_803' title='bbox 2530 5658 2595 5709; x_wconf 92' lang='lat' dir='ltr'>ut</span> <span class='ocrx_word' id='word_1_804' title='bbox 2625 5670 2736 5710; x_wconf 90' lang='lat' dir='ltr'>non</span> <span class='ocrx_word' id='word_1_805' title='bbox 2770 5671 2871 5726; x_wconf 90' lang='lat' dir='ltr'>per</span> <span class='ocrx_word' id='word_1_806' title='bbox 2900 5652 3150 5726; x_wconf 89' lang='lat' dir='ltr'>Syriam,</span> <span class='ocrx_word' id='word_1_807' title='bbox 3172 5653 3638 5719; x_wconf 72' lang='lat' dir='ltr'>Palaestinam,et</span> <span class='ocrx_word' id='word_1_808' title='bbox 3666 5653 3840 5726; x_wconf 68' lang='lat' dir='ltr'>Aﬂgy-</span> 
     </span>
    </p>
   </div>
   <div class='ocr_carea' id='block_1_116' title="bbox 2177 5741 3838 5820">
    <p class='ocr_par' dir='ltr' id='par_1_116' title="bbox 2177 5741 3838 5820">
     <span class='ocr_line' id='line_1_116' title="bbox 2177 5741 3838 5820; baseline -0.002 -19"><span class='ocrx_word' id='word_1_809' title='bbox 2177 5751 2340 5820; x_wconf 91' lang='lat' dir='ltr'>ptum</span> <span class='ocrx_word' id='word_1_810' title='bbox 2379 5743 2571 5811; x_wconf 92' lang='lat' dir='ltr'>modo,</span> <span class='ocrx_word' id='word_1_811' title='bbox 2606 5743 2708 5798; x_wconf 87' lang='lat' dir='ltr'>sed</span> <span class='ocrx_word' id='word_1_812' title='bbox 2737 5756 2842 5814; x_wconf 91' lang='lat' dir='ltr'>per</span> <span class='ocrx_word' id='word_1_813' title='bbox 2873 5741 3154 5799; x_wconf 69' lang='lat' dir='ltr'>Graeciam</span> <span class='ocrx_word' id='word_1_814' title='bbox 3205 5747 3263 5800; x_wconf 86' lang='lat' dir='ltr'>et</span> <span class='ocrx_word' id='word_1_815' title='bbox 3292 5741 3572 5800; x_wconf 80' lang='lat' dir='ltr'>Achaiam</span> <span class='ocrx_word' id='word_1_816' title='bbox 3600 5756 3838 5799; x_wconf 88' lang='lat' dir='ltr'>emana-</span> 
     </span>
    </p>
   </div>
   <div class='ocr_carea' id='block_1_117' title="bbox 2246 5866 2904 5943">
    <p class='ocr_par' dir='ltr' id='par_1_117' title="bbox 2246 5866 2904 5943">
     <span class='ocr_line' id='line_1_117' title="bbox 2246 5866 2904 5943; baseline -0.006 -17"><span class='ocrx_word' id='word_1_817' title='bbox 2246 5869 2320 5943; x_wconf 86' lang='lat' dir='ltr'>(b)</span> <span class='ocrx_word' id='word_1_818' title='bbox 2352 5866 2658 5941; x_wconf 83' lang='lat' dir='ltr'>Synesius,</span> <span class='ocrx_word' id='word_1_819' title='bbox 2690 5881 2777 5938; x_wconf 90' lang='lat' dir='ltr'>ep.</span> <span class='ocrx_word' id='word_1_820' title='bbox 2811 5867 2904 5922; x_wconf 90' lang='lat'>77.</span> 
     </span>
    </p>
   </div>
  </div>
