4166 6384
1736 442 1925 511 νιτΑ
1969 441 2032 507 S.
2079 437 2527 507 ATHANASII.

3715 446 3828 505 CLV

418 583 565 640 rent.
615 579 687 640 Et
731 576 820 640 uti
872 580 1021 642 solet
1059 598 1208 641 nova
1251 598 1496 658 quaque
1542 582 1736 658 cpinio
1786 584 1845 639 in
1876 582 2068 639 varias
2098 588 2153 652 Α
2185 579 2259 635 sti
2290 597 2359 635 ex
2389 581 2795 652 conjunctione
2849 595 2981 638 eum
3010 576 3198 638 Verbo
3228 572 3547 637 increatam
3578 577 3831 635 evasisse

416 671 662 729 distrahi
708 678 924 746 partes,
972 692 1131 742 cum,
1176 679 1241 730 ut
1272 680 1569 747 putamus,
1603 691 1671 731 ex
1698 674 1875 729 variis
1924 676 1980 727 et
2008 672 2069 726 in

414 776 651 817 omnem
706 766 933 832 partem
976 763 1177 817 effusis
1215 763 1558 835 Apollinarii
1614 762 1870 833 scriptis,
1918 760 2069 815 alius

412 846 574 903 aliud
602 849 1109 921 apprehendisset,
1142 851 1279 906 hinc
1310 852 1479 906 varia
1505 853 1719 907 oborta
1743 848 2065 918 sententia,

412 952 563 1008 quas
577 937 1135 993 unoDimceritarum
1152 940 1388 995 nomine
1406 937 2070 1011 complectiturEpipha-

412 1025 548 1082 nius
568 1026 668 1097 (α).
698 1027 1002 1097 Ejusmodi
1027 1044 1163 1099 ergo
1186 1045 1371 1099 prava
1392 1034 1447 1084 et
1468 1029 1741 1083 adultera
1763 1028 2067 1099 opiniones

412 1130 548 1169 cum
594 1115 851 1171 Corinthi
904 1117 1213 1188 proposita
1254 1118 1599 1189 agitataque
1630 1118 1895 1185 fuissent,
1929 1113 2069 1186 Epi-

413 1208 602 1259 ctetus
633 1204 805 1261 istius
838 1206 1002 1260 urbis
1034 1206 1344 1277 episcopus
1374 1207 1826 1261 commentarios
1866 1204 2065 1272 edidit,

413 1295 485 1348 ad
508 1294 1017 1365 Athanasiumque
1040 1296 1356 1361 tranmisit,
1372 1313 1585 1367 rogans
1602 1297 1715 1351 sibi
1736 1295 1874 1367 quid
1900 1310 2070 1365 agen-

410 1383 575 1452 dum,
609 1383 823 1454 quidve
854 1384 1255 1451 sentiendum,
1308 1402 1425 1455 qua
1472 1385 1695 1440 ratione
1729 1382 2070 1439 confutandi

407 1471 701 1542 ejusmodi
750 1477 1178 1528 sententiarum
1212 1474 1434 1544 capita:
1472 1475 1528 1528 1ο
1558 1472 2068 1529 Consubstantiale

406 1560 581 1617 Verbi
630 1560 921 1616 divinitati
973 1577 1102 1617 esse
1131 1575 1343 1634 corpus
1375 1580 1442 1617 ex
1472 1562 1654 1617 Maria
1684 1562 1981 1633 genitum;
2013 1564 2071 1614 2°

409 1650 663 1708 Verbum
698 1651 757 1705 in
800 1667 1058 1721 carnem,
1111 1668 1264 1722 ossa,
1317 1669 1544 1717 nervos,
1597 1651 1840 1723 capillos
1890 1651 2071 1706 fuisse

413 1740 727 1793 mutatum.
781 1739 889 1804 Qui
933 1756 1095 1795 error
1126 1740 1484 1795 Marciniotis
1514 1741 1827 1796 ascribitur
1855 1740 1915 1794 in
1949 1740 2070 1794 dia-

410 1824 542 1899 logo
586 1826 853 1898 Origenis
904 1829 1141 1884 nomine
1189 1829 1517 1900 publicato;
1568 1832 1624 1883 3°
1656 1830 1972 1885 Dominum
2006 1829 2071 1882 fi-

413 1915 623 1982 ctione,
674 1932 791 1972 non
844 1920 1075 1983 natura,
1128 1923 1388 1990 gestasse
1438 1935 1669 1990 corpus.
1721 1916 2075 1988 Perantiqua

410 2003 647 2060 haresis
679 2004 750 2059 ab
796 2005 1022 2075 Ignatio
1054 2010 1112 2061 et
1144 2006 1216 2060 ab
1247 2007 1525 2062 omnibus
1569 2008 1748 2063 ferme
1806 2006 2072 2061 Patribus

410 2092 687 2165 deinceps
714 2098 1070 2162 memorata;
1106 2096 1163 2149 4ο
1196 2097 1391 2167 Ipsam
1425 2096 1791 2151 divinitatem
1822 2096 2072 2150 circum-

409 2180 594 2238 cisam
611 2187 668 2237 et
684 2182 840 2238 cruci
860 2183 1095 2238 afﬁxam
1116 2183 1303 2239 fuisse
1324 2209 1337 2252 ;
1354 2186 1414 2237 5°
1428 2184 1681 2240 Verbum
1700 2200 2073 2256 nequaquam

411 2287 481 2327 ex
510 2273 715 2341 Maria,
760 2273 862 2328 sed
895 2290 963 2328 ex
993 2290 1104 2328 sua
1150 2273 1262 2329 sibi
1297 2274 1630 2330 substantia
1658 2292 1871 2346 corpus
1903 2276 2071 2331 effor-

415 2376 643 2429 masse;
671 2362 728 2415 68
760 2365 904 2416 Eum
935 2362 1035 2433 qui
1067 2362 1149 2417 ait
1184 2363 1411 2417 Domini
1446 2380 1659 2436 corpus
1682 2380 1749 2419 ex
1772 2364 1953 2419 Maria
1981 2381 2073 2419 or-

414 2452 565 2518 tum,
615 2466 728 2504 non
758 2449 1079 2505 trinitatem
1114 2451 1214 2506 sed
1248 2452 1701 2522 quaternitatem
1740 2454 2068 2508 admittere.

413 2538 624 2593 Isthac
673 2543 855 2607 erant,
906 2539 1158 2595 testibus
1207 2540 1531 2612 Epiphanio
1572 2546 1628 2597 et
1655 2542 1930 2614 Gregorio
1962 2543 2072 2596 Na-

410 2626 708 2695 zianzeno,
756 2628 1315 2699 Apollinaristarum
1364 2636 1713 2687 commenta.
1749 2632 2074 2687 Tacebatur

413 2725 608 2773 tamen
642 2716 701 2771 in
734 2717 1173 2772 commentariis
1220 2718 1460 2789 Epicteti
1493 2736 1651 2775 error
1698 2720 1813 2787 ille,
1866 2720 1967 2792 qui
2000 2720 2072 2774 ab

414 2805 581 2861 initio
640 2806 829 2861 fuerat
884 2806 1432 2877 Apollinaristarum
1494 2826 1598 2863 ceu
1654 2814 1896 2875 tessera,
1957 2826 2071 2881 quo

414 2882 709 2958 negabant
738 2884 957 2941 scilicet
978 2892 1234 2941 mentem
1255 2886 1578 2943 humanam
1603 2889 1795 2945 inesse
1818 2890 2066 2945 Christo.

412 2975 675 3047 Acceptis
705 2974 1062 3031 Athanasius
1092 2976 1338 3047 Epicteti
1372 2979 1830 3045 commentariis,
1864 2978 2073 3034 litteris

412 3064 485 3120 ad
508 3065 782 3120 eumdem
814 3064 1017 3120 missis
1048 3082 1324 3120 erronum
1355 3067 1660 3137 opiniones
1684 3069 1891 3124 acriter
1918 3068 2068 3123 inse-

418 3156 630 3219 ctatur,
652 3152 978 3224 validisque
1000 3154 1262 3208 confutet
1283 3156 1665 3226 argumentis.
1702 3157 1909 3212 Mirere
1932 3174 2072 3212 sane

415 3242 479 3299 in
509 3242 749 3298 homine
782 3259 959 3314 prope
990 3243 1237 3298 decursa
1275 3244 1402 3313 jam
1454 3250 1618 3300 atate
1658 3251 1890 3301 tantum
1922 3246 2071 3301 acri-

2180 669 2561 725 afﬁrmarent.
2614 671 2748 735 Qua
2799 687 2938 727 sane
2982 671 3176 742 opinio
3224 668 3428 726 recidit
3470 669 3529 724 in
3569 667 3832 740 proxime

2180 764 2666 815 commemoratos
2694 759 3038 830 Apollinarii
3069 776 3313 815 errores.

2249 846 2301 899 9.
2337 848 2624 902 Athanasii
2653 848 2885 919 epistola
2916 850 2985 903 ad
3023 849 3344 903 Maximum.
3396 877 3464 888 —
3513 847 3669 902 Inter
3710 846 3832 902 hac

2178 934 2462 991 Maximus
2506 937 2743 1007 quidam
2778 937 3183 1009 philosophus,
3219 938 3267 992 is
3300 937 3446 1008 ipse,
3479 942 3545 991 ut
3577 936 3828 1001 videtur,

2179 1024 2278 1093 qui
2309 1025 2585 1079 ementita
2617 1031 2747 1096 post
2777 1026 2898 1081 hac
2928 1026 3201 1099 Gregorio
3232 1026 3591 1081 Nazianzeno
3623 1025 3830 1080 amici-

2175 1112 2270 1167 tia
2294 1113 2723 1169 necessitudine
2747 1116 3011 1185 junctus,
3044 1117 3313 1170 eumdem
3339 1116 3476 1170 sede
3499 1114 3712 1186 pellere
3736 1130 3832 1186 ag-

2177 1218 2416 1273 gressus
2446 1208 2553 1267 est,
2587 1203 2795 1258 litteris
2825 1204 3143 1259 Athanasio
3175 1204 3543 1275 significavit,
3579 1220 3706 1259 esse
3730 1202 3830 1274 qui

2179 1293 2455 1347 adversus
2478 1293 2577 1347 Dei
2600 1292 2854 1347 Verbum
2888 1293 3205 1348 sententias
3237 1294 3505 1348 efferrent
3534 1309 3828 1361 erroneas,

2179 1384 2235 1435 et
2264 1380 2524 1451 quidem,
2559 1385 2623 1436 ut
2653 1382 2795 1436 inibi
2827 1382 3106 1447 cernitur,
3141 1382 3690 1453 Apollinaristarum
3724 1382 3835 1436 ha-

2180 1468 2292 1523 resi
2324 1470 2621 1524 ﬁnitimas.
2648 1470 3005 1526 Athanasius
3027 1487 3178 1537 vero,
3209 1471 3309 1541 qui
3333 1470 3582 1542 impigre
3604 1486 3834 1540 semper

2180 1558 2400 1613 obortis
2449 1559 2749 1615 erroribus
2795 1559 3187 1615 comellendis
3220 1560 3565 1626 excubabat,
3598 1559 3833 1614 eosdem

2180 1646 2409 1720 integra
2439 1649 2651 1704 mentis
2684 1649 2805 1703 acie
2835 1649 3153 1704 confutavit
3182 1649 3242 1703 in
3274 1646 3523 1719 epistola
3551 1647 3622 1702 ad
3655 1645 3834 1702 Maxi-

2182 1753 2367 1805 mum,
2403 1754 2529 1808 qua
2560 1738 2736 1793 etiam
2772 1754 2927 1793 nunc
2955 1741 3239 1809 superest.

2254 1827 2417 1881 ANNO
2622 1858 2688 1866 —
2734 1830 2759 1881 1
2812 1827 3104 1882 Athanasii
3150 1827 3285 1882 libri
3326 1833 3513 1881 contra
3556 1824 3835 1895 Apollina-

2182 1916 2349 1983 rium,
2400 1920 2451 1970 et
2492 1916 2608 1971 alia
2638 1918 2915 1986 opuscula.
2951 1948 3017 1957 —
3062 1917 3337 1987 Ejusdem
3370 1913 3668 1986 elegantiae
3700 1916 3841 1969 sunt

2184 2002 2299 2057 duo
2350 2002 2483 2057 libri
2536 2010 2741 2060 contra
2771 2004 3219 2076 Apollinarium,
3252 2021 3400 2075 quos
3433 2004 3843 2057 incunctanter

2183 2097 2315 2163 post
2335 2092 2643 2164 epistolam
2674 2094 2740 2148 ad
2768 2095 3095 2164 Epictetum
3120 2092 3484 2164 reponendos
3506 2106 3835 2158 censemus,

2185 2181 2400 2252 quibus
2433 2199 2657 2237 errores
2690 2183 2947 2237 hominis
2979 2186 3035 2236 et
3066 2185 3421 2237 sectatorum
3444 2182 3573 2251 ejus
3593 2180 3839 2235 insecta-

2183 2273 2299 2337 tur,
2333 2271 2508 2326 tacito
2540 2287 2773 2343 semper
2800 2269 3142 2342 Apollinarii
3176 2268 3431 2325 nomine.
3482 2269 3627 2324 Nam
3680 2267 3837 2339 quod

2183 2358 2242 2413 in
2290 2360 2671 2432 inscriptione
2723 2365 3040 2431 comparet,
3090 2359 3149 2413 id
3195 2359 3422 2413 videtur
3462 2356 3839 2413 librariorum

2184 2448 2525 2504 auctoritate
2556 2450 2887 2519 inductum,
2919 2448 3153 2520 quando
3176 2448 3235 2501 in
3258 2447 3615 2518 quibusdam
3646 2461 3837 2501 exem-

2182 2538 2447 2610 plaribus
2478 2556 2591 2593 non
2621 2544 2825 2595 exstat.
2877 2540 2947 2593 Et
2974 2554 3106 2592 vero
3136 2554 3204 2593 ea
3234 2554 3294 2591 re
3338 2537 3605 2592 ﬁrmatur
3635 2538 3841 2590 nostra

2182 2646 2334 2699 sape
2367 2634 2687 2684 memorata
2717 2628 2934 2699 opinio,
2969 2626 3418 2699 Apollinarium,
3450 2626 3593 2680 dum
3623 2624 3842 2679 viveret

2180 2717 2560 2785 Athanasius,
2594 2719 2723 2787 ejus
2754 2733 2987 2788 semper
3016 2716 3263 2787 gratiam
3300 2716 3622 2779 affectasse,
3664 2717 3840 2785 atque

2182 2807 2482 2862 studuisse
2537 2807 2906 2879 imprudente
2955 2806 3053 2860 illo
3103 2822 3329 2861 errores
3372 2819 3645 2875 spargere
3676 2818 3838 2858 suos.

2183 2896 2333 2951 Sane
2364 2896 2725 2966 gloriabatur
2756 2894 3098 2959 ille,multas
3128 2911 3190 2949 se
3220 2895 3291 2949 ab
3324 2892 3642 2947 Athanasio
3674 2906 3835 2946 acce-

2182 2984 2341 3055 pisse
2395 2984 2637 3039 litteras.
2675 2984 2807 3047 Quae
2840 2989 2979 3039 nota
3008 2989 3161 3038 esset
3189 2986 3425 3037 servata
3456 2996 3687 3052 semper
3715 2980 3843 3050 ejus

2182 3073 2382 3145 gratia
2414 3072 2820 3143 amicitiaque.
2851 3072 3164 3127 Athanasio
3189 3075 3383 3127 autem
3412 3070 3708 3135 defuncto,
3734 3084 3836 3139 po-

2182 3161 2295 3216 sita
2325 3160 2502 3230 larva,
2537 3160 2729 3232 palam
2759 3160 2932 3231 capit
2960 3176 3185 3215 errores
3219 3158 3523 3230 evulgare;
3556 3161 3623 3211 ut
3653 3172 3839 3212 ausus

2181 3250 2258 3305 sit
2287 3250 2461 3305 etiam
2495 3250 2691 3305 missis
2724 3250 2795 3303 ad
2839 3248 3353 3303 Diocasariensem
3410 3247 3700 3317 synodum
3750 3244 3845 3300 lit-

418 3331 649 3400 monia,
696 3330 858 3399 salis,
892 3331 1255 3404 eloquentia,
1306 3338 1594 3404 quantum
1625 3333 1718 3389 vix
1748 3335 2068 3406 deprehen-
2104 3328 2145 3394 C
2182 3338 2322 3394 teris
2354 3339 2515 3393 virus
2544 3338 2829 3392 hareseos
2881 3338 3145 3408 detegere
3192 3341 3249 3390 et
3280 3334 3596 3406 publicare.
3629 3335 3842 3389 Prater

419 3421 526 3477 das
556 3420 617 3475 in
649 3421 869 3475 cateris
916 3421 1312 3476 efﬂorescente
1363 3426 1529 3477 atate
1561 3423 1925 3495 conscriptis.
1960 3424 2073 3478 Nec

419 3510 835 3576 omittendum,
869 3508 1035 3564 initio
1067 3510 1238 3566 istius
1268 3510 1525 3582 epistola
1556 3528 1780 3567 errores
1807 3512 2075 3583 hujusce-

420 3599 583 3655 modi
612 3603 896 3670 tanquam
924 3598 1354 3665 insolentiores,
1387 3616 1452 3654 ac
1475 3600 1585 3655 sibi
1610 3600 1893 3656 hactenus
1915 3601 2076 3657 inau-

421 3688 575 3744 ditos
606 3688 898 3761 exagitare
930 3688 1341 3744 Athanasium.
1398 3690 1559 3745 Unde
1590 3695 1803 3761 pateat,
1853 3691 2078 3763 reliqua

421 3776 705 3850 opuscula
752 3777 1061 3833 adversum
1108 3778 1436 3834 Dimaritas
1486 3784 1541 3834 et
1568 3780 2014 3851 Apollinaristas
2045 3799 2079 3836 a

422 3871 625 3923 sancto
677 3867 912 3923 doctore
963 3868 1266 3935 adornata,
1317 3869 1640 3924 secundum
1684 3886 1811 3924 eam
1844 3870 1914 3925 ad
1946 3871 2079 3942 Epi-

422 3960 643 4013 ctetum
675 3956 982 4028 epistolam
1014 3957 1195 4012 fuisse
1226 3958 1591 4029 conscripta;
1636 3975 1762 4030 qua
1793 3960 1866 4014 ad
1908 3960 2079 4031 quin-

425 4062 538 4118 que
566 4062 733 4102 sexve
764 4046 958 4101 adhuc
989 4050 1325 4118 supersunt.
1383 4047 1701 4118 Epistolam
1753 4050 1823 4103 ad
1857 4049 2082 4120 Epicte-

424 4139 573 4203 tum,
605 4139 1034 4206 consequenter
1085 4136 1158 4191 ad
1211 4153 1341 4191 eam
1391 4154 1567 4207 quam
1602 4138 1874 4209 superius
1907 4155 2085 4210 augu-

426 4225 611 4280 rando
642 4224 959 4280 statuimus
991 4224 1379 4297 chronologia
1411 4226 1719 4293 rationem,
1769 4227 1827 4281 in
1861 4244 2085 4283 annum

428 4311 847 4385 consignamus
889 4313 1119 4368 circiter
1168 4315 1291 4368 373.
1346 4314 1629 4369 Memorat
1682 4316 1897 4387 quippe
1956 4316 2089 4371 istic

427 4401 787 4458 Athanasius
835 4404 1125 4474 synodum
1180 4404 1505 4458 Romanam
1559 4422 1713 4461 anno
1765 4407 1871 4459 370
1917 4423 1952 4461 a
1984 4408 2088 4461 Da-

432 4508 596 4548 maso
628 4492 908 4547 adversus
932 4492 1285 4547 Auxentium
1320 4492 1697 4549 celebratam.

502 4584 556 4637 8.
589 4580 882 4636 Athanasii
910 4582 1136 4652 epistola
1165 4582 1237 4636 ad
1266 4581 1611 4652 Adelphium.
1638 4613 1681 4623 -
1732 4583 1792 4637 In
1825 4583 2091 4638 eamdem

433 4668 665 4743 circiter
695 4673 1103 4741 tempestatem
1136 4670 1443 4725 referimus
1473 4670 1782 4742 epistolam
1815 4672 1886 4726 ad
1915 4671 2090 4726 Adel-

432 4758 641 4831 phium
666 4758 1081 4815 confessorem.
1108 4759 1216 4824 Qui
1239 4758 1452 4816 litteris
1474 4760 1887 4828 Athanasium,
1912 4761 2094 4817 totius

435 4847 594 4904 orbis
626 4864 693 4903 eo
724 4852 985 4920 tempore
1016 4848 1370 4904 arbitrarum
1400 4854 1458 4905 et
1488 4866 1591 4905 ceu
1614 4849 1940 4917 oraculum,
1977 4868 2096 4905 mo-

436 4940 662 5004 nuerat,
710 4953 839 4991 esse
888 4952 956 4991 ex
1003 4936 1236 4993 Arianis
1285 4937 1622 5004 nonnullos,
1668 4938 1769 5010 qui
1814 4943 2097 5011 negarent

438 5024 653 5082 Christi
686 5042 898 5097 corpus
930 5042 1059 5082 esse
1088 5027 1451 5082 adorandum
1476 5046 1489 5095 ;
1524 5029 1623 5083 sed
1649 5028 1882 5083 aiebant
1904 5034 2097 5084 tamen

438 5113 698 5170 Verbum
746 5114 1048 5170 hominem
1104 5116 1342 5179 factum,
1396 5116 1550 5187 quod
1585 5117 1790 5171 anima
1823 5117 2006 5173 vicem
2038 5117 2096 5173 in

442 5203 703 5260 humano
735 5219 973 5275 corpore
1004 5203 1298 5275 impleret,
1349 5206 1714 5260 adorandum
1747 5221 1893 5261 esse.
1929 5208 2097 5277 Ejus-

443 5292 600 5349 modi
648 5292 918 5348 homines
967 5293 1121 5348 datis
1169 5294 1241 5349 ad
1293 5293 1647 5365 Adelphium
1690 5294 1901 5350 litteris
1932 5295 2104 5351 solita

442 5381 499 5437 vi
519 5380 742 5453 ingenii
762 5380 973 5437 refellit
992 5385 1050 5437 et
1071 5384 1367 5454 coarguit:
1397 5383 1826 5454 exprobratque
1846 5384 2102 5454 Arianis,

447 5471 603 5543 quod
627 5485 751 5525 rem
777 5487 955 5541 quam
978 5474 1235 5526 creatam
1265 5475 1558 5544 putarent,
1585 5472 1839 5528 Verbum
1864 5472 2102 5541 scilicet,

447 5560 777 5617 adorarent.
810 5558 969 5615 Alios
1000 5559 1141 5615 item
1173 5563 1493 5633 oppugnat,
1542 5560 1642 5631 qui
1676 5577 1911 5618 carnem
1942 5560 2105 5616 Chri-

520 5774 597 5849 (a)
628 5772 759 5832 Har
786 5773 879 5829 77.

2181 3433 2505 3483 memorata
2531 3426 2815 3498 opuscula
2837 3430 3024 3480 exstat
3049 3424 3165 3479 alia
3187 3424 3484 3496 perbrevis
3510 3422 3694 3478 oratio
3718 3438 3853 3478 con-

2180 3521 2272 3571 tra
2302 3515 2647 3587 Apollinarii
2703 3532 2951 3579 errores,
3002 3514 3223 3568 omisso
3257 3514 3326 3567 de
3358 3528 3520 3567 more
3549 3510 3712 3566 illius
3743 3526 3849 3566 no-

2186 3605 2361 3670 mine,
2390 3622 2563 3676 quam
2594 3604 2839 3659 antehac
2863 3602 3146 3658 ineditam
3173 3618 3330 3656 nunc
3358 3600 3613 3673 primum
3636 3598 3857 3671 publici

2180 3693 2334 3769 juris
2359 3694 2627 3747 facimus.
2666 3694 2925 3763 Itemque
2947 3692 3081 3746 ﬁdei
3107 3690 3399 3747 confessio
3423 3689 3578 3745 haud
3603 3689 3859 3744 multum

2187 3782 2418 3837 diversa
2467 3784 2538 3836 ab
2596 3800 2663 3837 ea
2716 3798 2893 3853 quam
2942 3781 3188 3836 Joviano
3243 3778 3474 3851 roganti
3537 3777 3866 3833 transmisit

2187 3870 2814 3941 Athanasius,insertis
2846 3869 3037 3925 solum
3058 3868 3347 3924 clausulis
3368 3868 3676 3923 adversum
3694 3865 3866 3938 Apol-

2192 3960 2490 4016 linaristas
2524 3966 2581 4015 et
2614 3959 3189 4014 Pneumatomachos
3218 3976 3231 4025 ;
3265 3975 3393 4029 qua
3426 3958 3497 4012 ab
3544 3955 3864 4011 Athanasio

2194 4051 2304 4105 sub
2360 4052 2536 4104 finem
2590 4050 2719 4105 vita
2778 4049 3128 4104 concinnata
3168 4048 3295 4118 jam
3358 4046 3616 4119 primum
3673 4044 3864 4100 lucem

2195 4139 2424 4210 aspicit.

2271 4230 2326 4282 2.
2362 4229 2615 4284 Melania
2647 4229 2752 4281 iter
2780 4226 3197 4281 Alexandriam.
3230 4253 3299 4263 —
3347 4224 3465 4279 Hoc
3512 4223 3653 4278 item
3713 4237 3865 4277 anno

2198 4317 2621 4372 Alexandriam
2646 4314 2985 4386 profiscitur
3006 4312 3254 4367 Melania
3284 4316 3551 4366 matrona
3583 4310 3864 4376 Romana,

2201 4412 2259 4462 et
2292 4405 2556 4478 quidem,
2589 4408 2656 4459 ut
2686 4421 2754 4459 ex
2776 4402 2969 4459 Ruﬁni
2993 4406 3049 4457 et
3071 4400 3315 4457 Palladii
3337 4398 3692 4455 testimoniis
3715 4414 3871 4453 com-

2202 4494 2519 4550 monstrari
2567 4494 2815 4559 videtur,
2868 4492 3186 4545 Athanasio
3237 4488 3590 4560 superstite;
3649 4486 3867 4541 etenim

2202 4586 2479 4639 donatam
2513 4584 2681 4639 aiunt
2710 4582 2782 4636 ab
2814 4579 3130 4635 Athanasio
3162 4578 3334 4633 ovina
3363 4576 3531 4648 pelle,
3557 4576 3708 4631 dono
3732 4577 3870 4629 ante

2124 4699 2171 4763 D
2204 4674 2315 4730 sibi
2349 4672 2542 4727 oblata
2574 4690 2607 4726 a
2637 4670 2886 4725 Macario
2919 4669 3127 4723 abbate
3157 4684 3168 4720 ε
3217 4666 3317 4738 qui
3350 4665 3641 4721 Macarius
3675 4679 3804 4763 eam
3836 4680 3871 4719 a

2206 4764 2367 4819 leone
2397 4761 2457 4816 in
2491 4760 2743 4816 benificii
2776 4759 3084 4831 pramium
3119 4760 3424 4828 acceperat
3453 4758 3511 4811 et
3540 4754 3870 4810 mercedem

2206 4852 2464 4907 restituti
2500 4849 2710 4906 catulis
2743 4849 2866 4904 suis
2907 4846 3204 4901 luminum
3237 4862 3404 4901 usus.

2278 4943 2440 4995 ANNO
2498 4939 2624 4994 373.
2686 4969 2750 4979 —
2810 4938 2861 4991 1.
2923 4937 3059 4992 Mors
3116 4936 3427 4990 Athanasii.
3489 4964 3556 4974 -—
3622 4932 3871 4986 Demum

2206 5027 2571 5085 Athanasius
2604 5043 2737 5081 cum
2764 5030 2920 5081 totos
2940 5023 3327 5095 quadraginta
3348 5039 3448 5077 sex
3471 5037 3657 5077 annos
3678 5019 3736 5074 in
3759 5018 3875 5091 epi-

2210 5122 2455 5189 scopatu
2494 5116 2878 5179 consedisset,
2919 5119 2974 5169 et
3005 5111 3522 5184 quadragesimum
3556 5107 3875 5180 septimum

2210 5211 2426 5279 ageret,
2479 5209 2646 5260 atate
2696 5220 2762 5259 ac
2816 5203 2978 5257 senio
3034 5202 3353 5271 confectus,
3413 5215 3592 5271 prope
3640 5202 3877 5267 octoge-

2212 5297 2439 5363 narius,
2494 5293 2879 5367 promeritam
2929 5290 3111 5346 tantis
3163 5289 3393 5357 officiis,
3426 5288 3606 5343 tantis
3660 5284 3875 5342 labori—

2212 5388 2324 5441 bus
2358 5384 2666 5456 pramium
2698 5386 3067 5451 accepturus,
3125 5382 3285 5435 sexto
3325 5377 3520 5433 Nonas
3553 5375 3688 5432 Maii
3720 5374 3874 5430 diem

2214 5474 2359 5531 obiit
2409 5474 2505 5544 (b).
2564 5471 2882 5527 Moriturus
2937 5484 3335 5523 successorem
3388 5466 3500 5521 sibi
3554 5462 3882 5536 designavit

2215 5564 2480 5628 Petrum,
2515 5562 2706 5616 virum
2732 5561 2859 5629 jam
2890 5557 3162 5629 plurimis
3212 5555 3348 5611 fidei
3392 5571 3568 5612 causa
3598 5570 3716 5609 una
3746 5568 3880 5609 cum

2291 5778 2366 5850 (ὁ)
2393 5776 2621 5834 Sozom.
2647 5773 2752 5832 lib.
2774 5790 2832 5845 x,
2855 5788 2983 5845 cap.
3010 5772 3111 5843 19;
3144 5771 3365 5831 Theod.
3393 5769 3494 5827 lib.
3522 5785 3598 5839 1v,
3632 5781 3762 5837 cap.
3784 5764 3875 5823 20.
