4166 6432
319 464 456 514 CLVI

1709 446 2134 512 PROLEGOM
2145 449 2319 512 ENA.

321 580 644 642 Athanasio
675 584 967 659 susceptis
997 583 1297 642 laboribus
1325 580 1690 656 praeclarum,
1723 583 1962 658 populo-
1997 582 2052 648 Α
2081 584 2282 655 adjicit
2310 588 2723 657 argumentum
2754 583 2846 641 vir
2862 583 3129 642 eruditus
3149 581 3367 657 Pagina
3389 584 3728 640 mutuatum

320 691 573 747 rumque
627 676 776 730 votis
832 675 1170 747 expetitum,
1230 673 1475 746 dignum
1541 673 1783 742 scilicet,
1844 691 1970 745 quae

324 780 561 820 summa
590 763 738 834 laus,
774 764 872 835 qui
905 763 1291 819 Athanasium
1323 763 1627 834 exciperet.

396 854 452 908 2.
480 853 603 908 Non
638 870 756 908 una
783 858 871 908 est
899 853 972 907 de
1001 869 1153 907 anno
1183 852 1387 907 obitus
1409 852 1715 908 Athanasii
1747 856 1974 907 senten-

326 943 430 998 tia.
455 946 534 997 Ex
554 941 808 997 Socratis
830 941 985 996 enim
1011 941 1371 1009 testimonio,
1397 941 1496 1012 qui
1521 958 1671 997 coss.
1699 941 1973 997 Gratiano

327 1031 651 1087 secundum
684 1035 739 1086 et
768 1030 950 1085 Probo
973 1031 1318 1084 defunctum
1351 1030 1449 1096 ait,
1485 1029 1656 1084 multi
1684 1046 1787 1084 nec
1811 1029 1973 1100 igno-

323 1120 471 1176 biles
517 1119 624 1174 viri
671 1125 917 1174 mortem
968 1119 1097 1189 ejus
1142 1120 1450 1174 conferunt
1481 1119 1538 1173 in
1571 1135 1793 1174 annum
1826 1119 1924 1172 371
1958 1135 1970 1173 :

325 1211 423 1266 sed
472 1209 621 1264 hanc
670 1207 1059 1279 chronologiae
1093 1207 1375 1263 rationem
1408 1214 1499 1264 sat
1531 1207 1828 1262 ﬁrmitatis
1860 1223 1974 1262 non

322 1297 537 1352 habere
585 1297 855 1367 suadent,
905 1313 1039 1350 cum
1073 1312 1139 1351 ea
1171 1313 1299 1368 ques
1332 1295 1602 1367 superius
1633 1296 1786 1350 dicta
1815 1298 1974 1361 sunt,

323 1390 446 1442 tum
479 1389 678 1456 aperta
707 1385 1107 1457 antiquiorum
1141 1390 1196 1440 et
1226 1385 1338 1440 ﬁde
1369 1385 1701 1456 digniorum
1737 1383 1978 1455 scripto-

323 1491 455 1530 rum
488 1474 842 1530 testimonia.
887 1473 1139 1529 Basilius
1171 1491 1426 1545 namque
1459 1490 1611 1529 anno
1641 1474 1746 1527 370
1777 1488 1978 1528 mense

321 1563 519 1633 Junio,
572 1566 637 1618 ut
681 1562 904 1618 firmior
933 1563 1042 1617 fert
1072 1562 1381 1633 sententia,
1415 1562 1473 1616 in
1505 1562 1843 1634 episcopum
1878 1577 1978 1617 co—

325 1656 564 1724 optatus
611 1653 719 1707 est.
767 1653 953 1723 Atque
1005 1651 1213 1706 exinde
1266 1650 1482 1706 multas
1525 1667 1652 1722 quae
1694 1651 1977 1705 hactenus

325 1745 556 1796 exstant
585 1740 766 1810 misit,
818 1739 1036 1794 multas
1076 1739 1278 1794 itidem
1309 1739 1532 1810 accepit
1561 1739 1634 1794 ab
1662 1737 1979 1794 Athanasio

326 1827 572 1885 litteras.
606 1829 768 1884 Unde
790 1830 917 1900 jam
947 1828 1212 1884 videatur
1240 1828 1551 1899 angustius
1584 1827 1869 1899 temporis
1898 1827 1982 1881 in-

324 1917 654 1985 tervallum,
688 1917 826 1973 viris
855 1922 1019 1972 tanto
1052 1922 1208 1972 terra
1238 1917 1505 1989 marique
1535 1916 1723 1988 spatio
1755 1915 1979 1986 disjun-

323 2006 455 2074 ctis,
488 2007 562 2062 ad
591 2010 676 2062 tot
704 2005 980 2078 epistolas
1010 2005 1162 2062 ultro
1205 2006 1466 2078 citroque
1498 2005 1836 2060 mittendas.
1874 2004 1979 2059 Mi-

325 2112 438 2152 nus
467 2096 624 2151 enim
656 2094 928 2151 undecim
961 2095 1266 2151 mensibus
1296 2095 1369 2149 ab
1395 2094 1760 2150 ordinatione
1783 2093 1980 2149 Basilli

323 2185 395 2241 ad
427 2183 730 2240 Athanasii
759 2184 985 2240 obitum
1009 2184 1378 2239 interessent.
1411 2185 1481 2239 Et
1501 2184 1654 2255 quod
1682 2183 1868 2254 magis
1891 2200 1979 2237 ur-

324 2277 438 2348 get,
466 2273 544 2329 ait
566 2272 820 2330 Basilius
841 2273 900 2328 in
929 2291 1046 2328 una
1067 2271 1450 2344 epistolarum
1475 2273 1543 2327 ad
1567 2272 1977 2339 Athanasium,

323 2379 509 2418 unum
541 2362 762 2418 duosve
793 2379 860 2417 ex
891 2362 1123 2417 Arianis
1157 2362 1351 2417 Romae
1383 2363 1713 2428 damnatos,
1762 2361 1982 2416 scilicet

324 2451 634 2508 Ursacium
665 2455 722 2506 et
751 2451 1076 2516 Valentem,
1128 2451 1189 2505 in
1239 2451 1429 2522 priore
1468 2450 1687 2506 scilicet
1720 2450 1982 2505 Romana

326 2541 569 2614 synodo.
603 2541 685 2595 Ex
715 2556 831 2612 quo
862 2539 1178 2612 colligitur,
1234 2540 1484 2594 necdum
1517 2540 1834 2594 secundam
1869 2539 1980 2594 sub

326 2630 580 2686 Damaso
602 2630 925 2685 Romanam
947 2630 1260 2701 synodum,
1287 2629 1387 2684 ubi
1415 2630 1729 2684 damnatus
1755 2633 1979 2684 Auxen-

329 2718 446 2775 tius
496 2718 846 2774 Arianorum
906 2717 1308 2790 nequissimus
1362 2719 1569 2782 fuerat,
1628 2715 1980 2772 celebratam

325 2806 530 2863 fuisse.
564 2806 728 2862 Unde
753 2806 1057 2862 conﬁcitur
1082 2823 1210 2862 eam
1241 2805 1327 2861 vel
1358 2807 1466 2862 sub
1489 2807 1664 2860 ﬁnem
1689 2807 1825 2860 anni
1851 2806 1980 2873 370,

328 2913 444 2969 quo
493 2895 754 2952 delectus
802 2895 1054 2952 Basilius
1093 2899 1201 2962 est,
1251 2894 1337 2950 vel
1390 2901 1672 2967 sequente
1719 2895 1980 2950 habitam

323 2986 528 3042 fuisse.
555 2985 702 3040 Huic
723 2989 920 3040 autem
944 2985 1164 3057 synodo
1183 2985 1280 3039 diu
1308 2989 1606 3056 superstes
1623 2983 1983 3039 Athanasius

327 3078 473 3139 erat,
505 3074 604 3146 qui
630 3073 788 3130 illam
811 3074 868 3128 in
893 3073 1138 3146 epistola
1163 3074 1232 3128 ad
1262 3073 1579 3145 Epictetum
1607 3073 1826 3137 laudat,
1851 3073 1979 3143 qui-

327 3180 441 3237 que
460 3163 644 3218 multa
660 3162 792 3233 alia,
809 3169 873 3217 ut
889 3163 1146 3235 proxime
1163 3163 1639 3227 ostendebamus,
1654 3161 1979 3216 secundum

325 3268 454 3308 eam
487 3253 682 3308 datam
715 3250 1024 3324 epistolam
1057 3251 1260 3307 edidit.
1301 3251 1380 3305 Ad
1414 3251 1556 3318 haec,
1588 3251 1647 3306 in
1681 3250 1823 3306 vivis
1855 3256 1981 3306 erat

327 3341 681 3397 Athanasius
713 3358 863 3396 anno
894 3342 1019 3406 372,
1071 3356 1203 3395 cum
1237 3339 1488 3395 Meliana
1516 3339 1572 3395 in
1605 3340 1850 3412 Egypto
1880 3356 1975 3412 pe-

325 3431 739 3502 regrinaretur.
791 3429 1178 3494 Quamobrem
1239 3428 1569 3502 Hieronymi
1624 3434 1681 3484 et
1735 3427 1975 3484 Proterii

321 3519 579 3592 episcopi
607 3517 984 3575 Alexandrini
1007 3522 1064 3572 et
1089 3517 1360 3588 martyris
1383 3518 1736 3573 testimoniis
1759 3517 1975 3573 haerere

319 3612 574 3680 praestat.
622 3607 1008 3680 Hieronymus
1037 3605 1193 3660 enim
1226 3605 1297 3661 ad
1329 3622 1548 3660 annum
1582 3606 1814 3661 Domini
1845 3607 1972 3675 374,

317 3697 399 3752 ait
427 3701 663 3752 Petrum
695 3693 1002 3751 Athanasii
1033 3695 1232 3750 sedem
1265 3694 1582 3766 excepisse,
1632 3694 1734 3766 qui
1780 3712 1971 3751 annus

315 3789 424 3854 est,
457 3801 581 3840 terte
613 3788 827 3839 nostrae
857 3785 984 3839 373.
1013 3782 1306 3838 Proterius
1334 3800 1466 3838 vero
1499 3784 1558 3839 in
1590 3781 1838 3855 epistola
1861 3785 1969 3839 Pa-

311 3873 492 3930 schali
520 3872 604 3928 sic
632 3871 842 3928 habet:
882 3893 908 3922 «
935 3873 996 3926 In
1026 3871 1382 3942 octogesimo
1405 3889 1556 3928 nono
1583 3887 1736 3926 anno
1759 3872 1831 3926 ab
1856 3871 1966 3926 im-

313 3961 473 4034 perio
494 3959 852 4026 Diocletiani,
878 3959 1192 4031 superstite
1215 3964 1376 4030 patre
1396 3964 1594 4016 nostro
1617 3964 1672 4013 et
1693 3959 1964 4031 episcopo

310 4049 652 4116 Athanasio,
685 4065 819 4104 cum
851 4065 947 4105 xxv
978 4047 1118 4103 luna
1144 4047 1441 4103 Paschalis
1471 4065 1645 4102 xxviii
1676 4049 1769 4102 die
1800 4064 1963 4103 men-

312 4139 396 4194 sis
426 4137 797 4205 Phaminoth,
829 4137 888 4191 id
926 4140 1033 4202 est,
1067 4153 1220 4190 nono
1252 4134 1645 4191 Kalendarum
1675 4136 1962 4208 Aprilium

311 4229 406 4283 die
444 4225 823 4299 provenisset,
876 4225 970 4280 die
1020 4225 1340 4290 Dominico,
1394 4225 1452 4279 in
1503 4225 1960 4297 subsequentem

310 4314 661 4374 translatum
711 4318 801 4370 est
850 4314 1297 4379 hebdomadem,
1349 4313 1430 4368 ita
1481 4318 1546 4369 ut
1603 4313 1811 4386 quinta
1866 4315 1960 4371 die

311 4405 533 4462 mensis
583 4403 952 4473 Pharmuthi,
1003 4403 1112 4460 hoc
1161 4409 1270 4468 est,
1325 4403 1510 4475 pridie
1567 4403 1958 4460 Kalendarum

2080 691 2150 729 ex
2181 673 2424 729 historia
2445 675 2907 747 patriarcharum
2931 674 3316 747 Coptitarum,
3341 675 3544 730 Latine
3561 689 3733 730 versa

2081 767 2139 819 et
2168 763 2436 834 evulgata
2469 781 2570 836 per
2597 765 2995 820 Abrahamum
3021 763 3432 829 Eckellensem,
3465 763 3565 818 ubi
3588 763 3732 819 dici-

2083 857 2180 906 tur
2223 852 2440 907 obiisse
2489 858 2728 909 sanctus
2776 852 3126 924 patriarcha,
3175 852 3423 924 septimo
3463 853 3736 908 Bescinas

2082 941 2177 995 die
2195 941 2376 1003 Jovis,
2399 943 2569 1011 cujus
2593 942 2719 997 dies
2741 943 3032 1013 septimus
3052 957 3186 996 cum
3209 941 3302 996 die
3323 941 3580 996 secunda
3600 940 3738 996 Maii

2085 1030 2400 1084 concurrit.
2433 1033 2620 1096 Quare
2649 1047 2782 1086 cum
2813 1047 2966 1086 anno
2997 1031 3103 1086 373
3145 1029 3272 1085 dies
3315 1031 3574 1086 secunda
3602 1028 3739 1086 Maii

2085 1117 2144 1172 in
2178 1118 2378 1174 feriam
2432 1119 2700 1190 quintam
2742 1119 3030 1185 inciderit,
3084 1119 3144 1173 in
3195 1119 3469 1174 eumdem
3517 1134 3741 1174 annum

2086 1207 2306 1278 optime
2337 1207 2635 1262 confertur
2666 1223 2824 1262 mors
2853 1206 3183 1262 Athanasii.

2156 1297 2206 1350 3.
2245 1297 2322 1350 Eo
2356 1296 2535 1367 igitur
2563 1313 2716 1351 anno
2749 1296 2817 1350 ad
2852 1295 3147 1352 cmlestem
3178 1295 3359 1350 vitam
3389 1294 3740 1368 demigravit

2084 1384 2173 1438 vir
2202 1383 2296 1439 ille
2334 1389 2555 1448 tantus,
2610 1389 2693 1440 tot
2741 1384 3043 1441 laboribus
3075 1383 3467 1456 periculisque
3496 1385 3740 1456 perfun-

2087 1477 2236 1540 ctus,
2272 1478 2358 1529 tot
2385 1461 2640 1529 emensis
2671 1473 3028 1529 declinanda;
3058 1474 3380 1529 vexationis
3410 1490 3590 1530 causa
3620 1479 3736 1529 ter-

2087 1579 2284 1618 rarum
2319 1563 2544 1634 spatiis.
2597 1568 2681 1619 tot
2724 1580 2826 1635 pro
2857 1563 3070 1620 Christi
3105 1563 3216 1618 fide
3247 1563 3528 1620 aerumnis
3556 1568 3614 1620 et
3642 1580 3738 1619 ca-

2090 1650 2452 1707 lamitatibus
2470 1651 3052 1723 affectus,quinquies
3069 1651 3494 1718 exsul,insidiis
3509 1667 3742 1724 semper

2089 1739 2440 1795 Arianorum
2471 1740 2787 1812 appetitus.
2821 1740 2972 1802 Quot
3002 1757 3187 1795 annos
3215 1739 3364 1810 vitze,
3398 1745 3484 1796 tot
3506 1741 3620 1797 fere
3641 1758 3742 1797 an-

2089 1845 2198 1884 nos
2228 1828 2580 1884 calamitatis
2613 1845 2938 1885 enumeres.
2965 1831 3162 1885 Annos
3189 1831 3369 1886 ferme
3398 1834 3622 1902 septem
3649 1847 3747 1886 su-

2091 1934 2196 1990 pra
2217 1918 2626 1989 quadragenos
2649 1919 2848 1974 sedem
2873 1918 3082 1985 tenuit,
3099 1935 3284 1975 annos
3306 1935 3485 1991 prope
3504 1919 3745 1976 totidem

2097 2005 2501 2061 haereticorum
2561 2007 3386 2079 impetu,conspirationibus,
3442 2007 3749 2064 fraudibus

2093 2093 2383 2165 agitatus;
2436 2094 2536 2166 qui
2577 2094 2763 2151 exsuli
2794 2111 3017 2167 necem,
3051 2096 3248 2152 reduci
3279 2095 3549 2152 exsilium
3579 2112 3748 2167 para-

2089 2183 2233 2238 bant
2263 2183 2522 2239 assidue.
2556 2185 2681 2239 Non
2715 2184 2812 2241 ille
2843 2186 3043 2252 minis,
3082 2201 3194 2240 non
3225 2184 3570 2255 terroribus,
3625 2201 3745 2240 non

2089 2271 2356 2344 capitalis
2399 2273 2640 2345 periculi
2675 2273 3218 2330 denuntiationibus
3241 2275 3462 2330 fractus
3485 2290 3748 2347 unquam

2090 2362 2221 2427 fuit,
2255 2367 2358 2417 aut
2390 2363 2566 2418 cessit
2607 2363 2992 2431 adversariis;
3042 2363 3424 2436 imperatores
3472 2369 3744 2437 quatuor,

2090 2451 2292 2518 duces,
2327 2454 2628 2524 praefectos
2661 2454 2966 2519 exercitus,
2999 2453 3154 2508 mala
3176 2454 3615 2526 perniciemque
3635 2452 3749 2510 sibi

2091 2545 2364 2611 parantes
2394 2542 2577 2596 vidit:
2628 2545 2684 2597 et
2729 2559 2846 2614 qua
2875 2546 3000 2597 erat
3028 2541 3207 2597 animi
3243 2543 3601 2613 fortitudine,
3634 2543 3748 2600 im-

2092 2632 2436 2699 perterritus
2485 2645 2737 2701 semper,
2789 2647 3116 2701 numquam
3160 2630 3396 2686 deﬂexit
3425 2648 3458 2686 a
3487 2632 3748 2690 veritatis

2089 2717 2202 2772 via.
2246 2719 2327 2773 Ad
2361 2718 2503 2784 haec,
2544 2723 2833 2790 quantum
2865 2718 3127 2782 consilio,
3181 2726 3468 2790 quantum
3518 2720 3750 2777 dicendi

2091 2807 2258 2878 copia
2290 2806 2523 2873 valeret,
2557 2823 2692 2862 cum
2725 2823 2792 2862 ex
2822 2807 3000 2861 rebus
3030 2806 3397 2879 negotiisque
3428 2824 3530 2880 per
3559 2812 3751 2866 totum

2089 2893 2218 2949 vitae
2269 2894 2632 2950 curriculum
2685 2893 3064 2966 quantumvis
3113 2895 3299 2951 ardua
3342 2900 3400 2951 et
3429 2897 3758 2968 periculosa

2092 2988 2311 3052 essent,
2328 2982 2751 3055 feliciterjuxta
2768 2988 2942 3054 atque
2962 2984 3281 3054 prudenter
3297 2985 3752 3054 administratis,

2093 3075 2218 3126 tum
2267 3071 2739 3127 aduersariorum
2771 3071 3108 3127 testimonio
3153 3075 3598 3145 comprobatur;
3653 3075 3753 3146 qui

2091 3175 2226 3214 cum
2260 3164 2380 3215 tam
2413 3161 2552 3228 acri,
2587 3164 2706 3215 tam
2738 3160 2934 3232 sagaci
2965 3160 3088 3214 viro
3112 3177 3234 3216 rem
3259 3178 3388 3218 esse
3415 3161 3528 3218 sibi
3550 3162 3752 3235 inique

2094 3249 2362 3319 ferentes,
2396 3249 2552 3304 haud
2586 3249 2765 3304 semel
2805 3249 2892 3303 ira
2926 3249 3144 3304 feroces
3177 3250 3236 3304 in
3270 3250 3582 3306 maledicta
3614 3267 3746 3306 eru-

2087 3353 2240 3407 pere.
2273 3339 2383 3393 Sed
2417 3342 2480 3393 ut
2509 3355 2642 3393 acer
2669 3354 2801 3392 cum
2834 3337 3123 3394 haereticis
3153 3343 3210 3394 et
3235 3340 3632 3410 novatoribus,
3664 3341 3747 3398 ita

2086 3427 2248 3481 mitis
2268 3432 2325 3482 et
2348 3428 2649 3483 modestus
2665 3443 2801 3482 cum
2824 3426 2896 3482 iis
2913 3427 3033 3498 qui,
3059 3443 3126 3483 ex
3149 3428 3548 3485 imbecillitate
3569 3429 3741 3502 lapsi,

2083 3517 2528 3587 resipiscerent:
2561 3516 2619 3571 in
2651 3516 2804 3573 bello
2837 3517 2996 3588 pacis
3019 3517 3516 3585 studiosissimus,
3546 3518 3744 3574 faciles

2082 3623 2316 3678 semper
2345 3605 2540 3662 aditus
2566 3607 2830 3678 praebens
2855 3607 2925 3660 ad
2952 3606 3438 3662 reconciliandam
3463 3606 3736 3679 gratiam,

2080 3700 2368 3766 quantum
2400 3695 2558 3750 salvo
2588 3695 2776 3750 ofﬁcio
2810 3698 3036 3764 poterat
3063 3711 3075 3748 :
3109 3695 3265 3765 quod
3295 3712 3364 3750 ex
3394 3696 3572 3750 rebus
3597 3712 3733 3752 cum

2079 3783 2290 3838 Basilio
2320 3789 2625 3855 Ancyrano
2656 3786 2714 3837 et
2744 3781 2971 3837 Meletio
3002 3782 3360 3837 Antiocheno
3392 3784 3576 3855 gestis
3603 3801 3734 3856 per-

2081 3871 2378 3942 spicuum.
2403 3870 2510 3934 Qui
2557 3887 2691 3924 vero
2725 3869 2898 3924 fuerit
2928 3869 2985 3923 in
3017 3885 3078 3924 re
3108 3870 3433 3926 domestica
3479 3876 3536 3927 et
3565 3873 3736 3928 fami-

2075 3958 2226 4024 liari,
2261 3976 2331 4014 ne
2363 3959 2640 4022 sciamus,
2674 3961 2826 4012 vetat
2859 3956 3122 4012 omnium
3155 3958 3534 4030 antiquorum
3566 3976 3634 4015 ea
3663 3961 3736 4016 de

2077 4063 2137 4101 re
2167 4047 2491 4112 silentium,
2542 4049 2699 4101 vetat
2751 4045 3132 4117 epistolarum
3184 4047 3313 4118 ejus
3335 4047 3591 4118 jactura.
3622 4052 3731 4107 Sed

2074 4151 2241 4191 amor
2271 4134 2468 4208 populi
2502 4135 2899 4199 Alexandrini,
2923 4135 3197 4206 famaque
3219 4137 3548 4194 sanctitatis
3573 4140 3729 4212 apud

2072 4225 2370 4297 {Egyptios
2390 4225 2582 4295 juxta,
2627 4229 2685 4279 et
2715 4223 2861 4279 alios
2893 4227 3129 4279 externa
3161 4242 3347 4297 usque
3379 4227 3537 4283 orbis
3567 4227 3732 4285 inco-

2069 4313 2277 4380 lentes,
2319 4314 2583 4369 omnium
2615 4329 2826 4384 genere
2854 4313 3136 4368 virtutum
3169 4314 3512 4387 praeclarum
3543 4317 3726 4374 fuisse

2071 4402 2488 4458 testiﬁcantur:
2516 4419 2765 4474 quarum
2792 4402 3094 4475 praemium
3119 4403 3395 4473 obtinuit,
3411 4409 3724 4463 mternum-

305 4495 614 4568 Aprilium,
665 4492 1061 4550 celebraretur
1088 4493 1315 4548 Pascha
1339 4491 1726 4548 Dominicum.
1761 4515 1788 4543 »
1824 4493 1958 4558 Quae
1991 4481 2037 4545 D
2069 4510 2182 4564 que
2213 4492 2522 4548 habiturus
2552 4497 2662 4548 est.

305 4590 454 4642 nota:
489 4599 694 4641 omnes
728 4583 786 4638 in
819 4598 1041 4638 annum
1073 4581 1368 4652 quadrant
1407 4582 1534 4636 372.
1584 4581 1754 4636 Hisce
1803 4580 1960 4637 aliud

1240 4908 2795 5046 ANIMADVEBSIONES

937 5169 1049 5254 IN
1127 5165 1479 5254 VITAM
1547 5165 1694 5251 ET
1765 5164 2222 5251 SCltIPTA
2293 5165 2384 5251 S.
2456 5162 3066 5251 ATHANASII.

898 5447 1338 5505 PROOEMIUM.

362 5539 527 5594 Novae
559 5553 662 5592 nec
695 5538 1033 5610 spernendae
1066 5537 1363 5592 Athanasii
1413 5553 1654 5610 operum
1687 5533 1944 5608 supelle—

2055 5446 2177 5500 ctili
2202 5446 2283 5518 (α)
2303 5445 2493 5503 visum
2519 5449 2610 5502 est
2629 5445 3063 5503 observationes
3087 5447 3313 5520 aliquot
3336 5450 3712 5523 pramitters,

2057 5551 2204 5606 quas
2236 5550 2337 5607 per
2359 5534 2546 5590 otium
2577 5539 2634 5591 et
2657 5535 2997 5592 diuturnam
3011 5537 3419 5594 tractationem
3436 5538 3496 5595 in
3513 5539 3709 5597 Vitam

365 5689 443 5760 (α)
493 5689 574 5742 Ea
599 5686 882 5760 intellige
931 5704 1058 5758 quae
1101 5691 1232 5760 post
1271 5687 1601 5744 absolutam
1631 5686 1948 5743 editionem
1991 5684 2427 5742 Benedictinam
2455 5684 2673 5758 publici
2699 5684 2855 5758 juris
2884 5685 3018 5742 fecit
3044 5691 3105 5744 ι).
3139 5687 3304 5744 Bern.
3333 5688 3404 5744 de
3424 5688 3710 5749 Montfau-

295 5757 400 5817 non
427 5757 491 5818 in
518 5757 861 5816 Bibliotheca
896 5757 1056 5816 nova.
