4166 6398
1306 453 1407 515 DE
1451 451 1635 515 VITA
1683 450 1784 511 ΕΤ
1831 442 2182 509 SCRIPTIS
2226 444 2292 508 S.
2339 446 2793 512 ATHANASII.

3596 465 3755 519 οινιι

343 594 400 651 et
427 586 645 662 scripta
673 587 804 661 ejus
830 586 1265 646 adornavimus.
1296 587 1416 643 Etsi
1443 587 1600 643 enim
1632 585 1705 642 iis
1754 583 1993 641 edendis
2021 579 2079 647 Α
2108 597 2307 637 earum
2343 585 2599 639 mentem
2658 601 2692 638 a
2759 581 3057 656 magistris
3120 582 3266 657 suis,
3336 584 3436 658 qui
3465 591 3755 662 martyres

340 681 496 737 haud
526 677 939 751 indiligentem
964 696 1067 751 pro
1089 676 1359 732 facultate
1377 693 1613 748 operam
1638 676 1993 739 dederimus,

341 768 629 825 nonnulla
658 768 946 823 tamenin
1012 772 1356 822 transcursu
1430 766 1666 838 agitata,
1728 766 1837 820 sub
1887 764 1995 819 hac

338 854 615 933 δευτέραις
647 855 898 932 φροντίσι
958 856 1289 911 accuratius
1319 854 1684 910 excussimus
1711 872 1722 908 :
1758 871 1825 908 ex
1855 853 1996 909 assi-

338 949 454 1003 duo
487 946 707 1019 quippe
737 962 849 1000 usu
881 961 1029 1000 nova
1060 945 1119 999 in
1172 944 1295 1000 dies
1363 945 1603 999 affertur
1669 945 1844 998 rebus
1868 944 1993 1014 jam

341 1034 588 1091 tentatis
643 1034 920 1089 accessio.
979 1032 1105 1089 Alia
1137 1032 1275 1089 item
1309 1034 1619 1089 intervenit
1682 1032 1774 1087 bis
1804 1033 1994 1087 denuo

351 1140 595 1179 manum
622 1123 969 1178 admovendi
1002 1122 1612 1178 causa.Tillemontius
1682 1122 1896 1194 quippe
1934 1121 1995 1175 in

338 1212 575 1286 egregio
635 1213 704 1267 ad
738 1212 1046 1267 historiam
1080 1211 1534 1268 ecclesiasticam
1569 1227 1760 1283 Opere,
1794 1216 1858 1265 ut
1888 1228 1992 1266 sae-

341 1302 585 1375 pissime
614 1302 786 1356 nobis
815 1301 1191 1373 astipulatur,
1242 1302 1324 1356 ita
1357 1318 1782 1371 nonnunquam
1817 1300 1875 1354 in
1902 1317 1996 1370 ge-

338 1396 570 1447 storum
604 1391 941 1446 recensione
973 1394 1029 1445 et
1058 1397 1387 1462 temporum
1412 1394 1685 1461 computo
1709 1389 1883 1445 aliam
1907 1407 1995 1445 se-

338 1481 701 1536 otaturviam
725 1480 783 1533 et
799 1479 1149 1535 sententiam
1175 1484 1477 1552 oppugnat
1499 1484 1758 1535 nostram
1787 1496 1800 1545 ;
1827 1480 1927 1550 qui
1946 1480 1996 1534 si

342 1570 646 1641 auspicato
671 1585 792 1625 rem
817 1585 1133 1641 aggressus
1152 1573 1325 1633 esset,
1357 1568 1525 1624 nobis
1558 1585 1674 1623 uno
1705 1569 1823 1623 veri
1868 1573 1997 1624 stu-

342 1659 439 1713 dio
462 1658 765 1731 permotis,
794 1659 922 1728 ejus
945 1657 1450 1714 observationibus
1508 1658 1853 1730 suffragium
1895 1659 1994 1713 ad-

342 1747 480 1803 dere
542 1746 769 1816 liberet,
802 1748 901 1802 ubi
935 1748 1171 1818 quidem
1198 1746 1495 1802 liceret.At
1515 1764 1649 1802 cum
1681 1748 1996 1804 editionem

342 1836 440 1892 ille
461 1842 723 1891 nostram
780 1836 870 1891 vix
900 1837 1305 1909 sesquimense
1343 1839 1477 1891 ante
1507 1836 1730 1892 obitum
1765 1842 1993 1907 nactus,

342 1924 740 1996 diuturnoque
771 1925 975 1981 morbo
1007 1941 1268 1996 pressus,
1312 1941 1448 1979 cum
1516 1925 1803 1996 paulatim
1842 1927 1995 1982 vires
2035 1953 2075 2017 Β

341 2017 467 2069 tum
492 2013 754 2085 corporis
782 2017 910 2067 tum
942 2012 1123 2068 animi
1166 2012 1502 2081 deﬁcerent,
1572 2031 1678 2069 nec
1721 2031 1815 2071 res
1857 2032 1998 2070 sane

341 2103 646 2177 perplexas
668 2106 725 2157 et
746 2102 1028 2157 obscuras
1049 2118 1116 2157 ea
1138 2119 1254 2173 qua
1285 2120 1392 2174 par
1412 2108 1535 2158 erat
1554 2102 1881 2175 dilligentia
1901 2121 1999 2159 ex-

343 2192 620 2265 pendere,
652 2207 759 2246 nec
790 2192 837 2246 si
871 2189 1011 2262 quid
1035 2190 1337 2246 difﬁcilius
1361 2197 1713 2259 occurreret,
1747 2192 1997 2247 aliorum

343 2280 778 2351 comparatione
799 2280 1061 2336 locorum
1093 2279 1424 2352 explanare,
1456 2297 1561 2335 nec
1594 2282 1748 2351 quod
1799 2282 1996 2339 minus

345 2373 616 2426 accurate
646 2370 899 2441 positum
935 2375 1060 2425 erat
1088 2368 1512 2440 posterioribus
1570 2370 1726 2425 curis
1783 2371 1997 2427 sarcire

346 2458 602 2530 potuerit
626 2476 639 2525 ;
672 2458 953 2513 nonnulla
984 2463 1123 2514 sunt
1151 2475 1285 2513 cum
1309 2459 1367 2513 in
1390 2464 1724 2530 temporum
1748 2459 1993 2527 calculo,

342 2552 472 2601 tum
493 2546 551 2601 in
577 2548 911 2603 recensione
932 2552 1255 2619 gestorum,
1291 2564 1419 2619 quas
1460 2547 1658 2603 minus
1690 2554 1996 2604 assecutus

340 2635 570 2692 videtur
601 2635 888 2691 eruditus.
924 2636 1071 2702 Quid
1111 2637 1162 2691 si
1202 2636 1572 2691 tantumdem
1596 2636 1697 2691 otii
1730 2637 1992 2693 Athana-

340 2722 412 2780 sii
426 2724 660 2796 scriptis
683 2724 1014 2780 evolvendis
1037 2725 1475 2795 insumpsisset,
1494 2725 1708 2780 nostris
1727 2742 1868 2782 sane
1899 2743 1993 2783 ac-

340 2814 631 2869 curatiore
660 2814 1344 2886 dedisset,omnibusque
1378 2814 1642 2869 numeris
1664 2814 1992 2872 absolutam

339 2903 731 2959 narrationem
756 2904 1121 2959 adornasset.

855 2990 1402 3047 ANIMADVERSIO
1442 2994 1484 3047 Ι.

481 3082 623 3136 Num
641 3080 980 3137 Athanasius
1009 3098 1043 3136 α
1068 3082 1414 3151 martyribus
1436 3080 1721 3136 institutus
1750 3084 1845 3137 sit.

414 3174 459 3224 A
490 3170 682 3241 prima
710 3170 1014 3226 Athanasii
1048 3169 1437 3225 adolescentis
1486 3170 1851 3226 institutione
1880 3172 1990 3227 ini-

342 3259 488 3314 tium
514 3260 908 3331 quaestionum
931 3260 1232 3325 ducentes,
1264 3259 1324 3314 in
1345 3258 1507 3314 litem
1538 3276 1654 3315 non
1672 3260 1990 3333 ambiguan

2106 669 2319 725 Christi
2353 672 2757 744 fuerc,quique
2778 691 2875 729 eas
2902 678 3171 731 accurate
3204 674 3587 749 perlegerant,
3632 678 3754 734 edi-

2106 759 2428 816 dicisse.De
2459 763 2676 832 quibus
2708 763 2846 818 item
2880 764 3179 835 magistris
3234 765 3358 821 suis
3424 766 3588 822 initio
3620 766 3756 824 libri

2107 849 2305 904 Contra
2341 854 2524 920 gentes
2571 850 2693 906 haec
2724 853 3068 908 testiﬁcatur
3091 872 3108 907 :
3142 858 3351 910 Extant
3380 872 3590 927 quoque
3631 858 3759 929 plu-

2105 941 2239 993 rimi
2268 957 2335 993 ea
2363 940 2427 995 de
2458 957 2517 994 re
2547 958 2581 994 a
2649 942 2820 996 beatis
2848 945 3135 1011 magistris
3189 946 3392 1000 nostris
3455 948 3759 1018 conscripti

2105 1028 2259 1093 libri,
2292 1045 2421 1098 quos
2450 1031 2504 1083 si
2563 1031 2681 1100 quis
2743 1031 2872 1099 lege?
2890 1032 2949 1097 it,
3016 1030 3441 1103 Scripturarum
3484 1036 3753 1106 interpre-

2107 1120 2367 1174 tationem
2415 1119 2816 1189 quodammodo
2866 1120 3151 1191 intelliget,
3182 1132 3233 1177 et
3288 1139 3428 1190 eam,
3459 1141 3624 1194 quam
3658 1141 3755 1181 ea:-

2104 1210 2258 1278 petit,
2327 1210 2701 1279 cognitionem
2766 1212 3018 1280 consequi
3076 1213 3296 1280 poterit.
3371 1213 3757 1270 Verumtamen

2105 1313 2235 1352 cum
2266 1300 2652 1368 magistrorum
2686 1298 2851 1353 libros
2916 1300 2975 1352 in
3004 1300 3262 1355 manibus
3322 1318 3469 1357 nunc
3504 1319 3616 1359 non
3655 1303 3754 1358 ha-

2107 1388 2348 1453 beamus,
2378 1404 2591 1443 necesse
2623 1392 2701 1442 est
2733 1404 2817 1453 ea,
2851 1405 2970 1459 qum
3000 1390 3067 1443 ab
3116 1390 3233 1444 illis
3287 1390 3605 1462 didicimus,
3651 1392 3757 1448 tibi

2103 1480 2416 1546 pate/acere
2438 1481 2492 1531 et
2521 1478 2776 1532 scribere.
2815 1478 2921 1541 Qui
2950 1477 3131 1549 igitur
3162 1479 3575 1551 magistrorum
3622 1481 3756 1537 libri

2106 1580 2223 1619 non
2256 1567 2517 1635 aderant,
2554 1583 2659 1621 nec
2694 1567 2838 1621 forte
2869 1571 3092 1638 poterat
3124 1585 3216 1623 res
3238 1568 3397 1623 aliud
3431 1569 3489 1623 in
3520 1572 3757 1643 tempus

2113 1654 2434 1726 prorogari,
2469 1658 2763 1725 acceptam
2799 1656 2869 1710 ab
2902 1654 3017 1710 illis
3075 1657 3392 1725 dotrinam,
3426 1662 3492 1712 ut
3537 1675 3760 1715 memo-

2107 1744 2194 1798 ria
2224 1744 2478 1811 tenebat,
2512 1744 2603 1799 his
2635 1744 2691 1798 in
2727 1744 2895 1799 libris
2924 1744 3185 1799 tradidit.

2180 1832 2440 1903 Magistri
2470 1849 2603 1888 vero
2638 1850 2671 1887 a
2692 1832 2909 1904 quibus
2932 1832 3241 1889 institutus
3261 1835 3616 1893 Athanasius
3645 1841 3755 1904 est,

2107 1919 2206 1975 alii
2268 1925 2332 1975 ut
2361 1920 2547 1992 liquet
2575 1921 2648 1976 ab
2680 1921 2958 1993 apostolis
2990 1925 3047 1976 et
3104 1922 3497 1996 evangelistis,
3531 1924 3572 1980 ii
3600 1925 3760 1983 haud

2108 2009 2285 2064 dubie
2304 2015 2490 2076 erant,
2523 2010 2625 2082 qui
2655 2011 2970 2066 Maximino
3001 2016 3306 2083 grassante
3330 2015 3608 2087 martyrio
3630 2033 3760 2088 per-

2108 2098 2293 2153 functi
2324 2103 2499 2155 sunt:
2537 2100 2755 2170 quibus
2820 2100 3222 2156 accensendus
3278 2105 3488 2158 Petrus
3518 2108 3760 2177 martyr,

2107 2186 2535 2245 Alexandrinus
2566 2190 2800 2261 praasul,
2836 2190 3084 2245 eximius
3107 2190 3458 2264 divinusque
3479 2193 3757 2249 doctrinae

2108 2277 2409 2350 magister,
2441 2276 2589 2332 θεῖόν
2658 2300 2711 2331 τι
2742 2284 2939 2353 χρῆμα
3006 2274 3377 2351 διδασκαλίας,
3446 2282 3528 2337 ait
3583 2282 3760 2339 Euse-

2110 2367 2355 2439 bius(c),
2390 2384 2455 2423 ac
2488 2368 2682 2424 studio
2710 2369 3038 2440 peritiaque
3069 2385 3367 2425 sacrarum
3426 2370 3756 2427 litterarum

2106 2456 2379 2526 insignis.
2416 2458 2482 2511 Et
2515 2459 2760 2513 fortasse
2792 2474 2926 2513 cum
2958 2458 3276 2530 magistros
3308 2458 3612 2531 pluraliter
3641 2478 3759 2518 me-

2109 2550 2297 2600 moret
2323 2547 2703 2613 Athanasius,
2738 2565 2856 2602 una
2886 2564 3019 2603 cum
3054 2548 3221 2603 Petro
3253 2548 3593 2613 subindicat
3618 2552 3757 2607 Phi-

2104 2633 2256 2689 leam
2275 2635 2699 2691 Thmuitanum
2713 2637 3053 2709 episcopum
3071 2637 3339 2693 doctrina
3350 2640 3758 2712 conspicuum,

2107 2724 2207 2794 qui
2243 2726 2461 2797 scripto
2492 2742 2615 2781 rem
2641 2726 3033 2782 Christianam
3101 2732 3499 2797 exornaverat,
3543 2732 3600 2784 et
3628 2734 3761 2801 post

2107 2812 2420 2869 diuturnas
2450 2815 2509 2869 in
2543 2830 2773 2871 carcere
2838 2832 2970 2870 cum
3030 2815 3198 2871 Petro
3257 2832 3471 2882 moras,
3505 2819 3758 2876 cervices

2104 2902 2362 2957 dederat.
2398 2908 2567 2959 Petro
2600 2905 2737 2959 item
2764 2904 2922 2959 haud
2941 2903 3116 2960 dubie
3138 2905 3566 2961 annumerandi
3590 2913 3754 2976 sunt,

2104 2990 2157 3043 o'
2182 2989 2274 3043 σὺν
2344 2989 2489 3063 αὐτῷ
2553 2986 2930 3067 πρεσϐύτεροι,
2998 2992 3319 3065 presbyteri
3353 2992 3751 3064 Alexandrini,

2105 3081 2378 3145 Faustus,
2413 3081 2577 3151 Dius,
2610 3082 2980 3148 Ammonius,
3048 3080 3149 3153 qui
3189 3082 3249 3135 in
3319 3081 3423 3137 illa
3453 3083 3756 3141 Maximini

2105 3169 2446 3225 carniﬁcina
2476 3171 2767 3242 perfuncti
2801 3169 3078 3241 martyrio
3137 3170 3423 3225 feruntur.
3457 3172 3527 3225 Hi
3561 3174 3757 3230 docto-

2108 3275 2200 3312 res
2231 3264 2288 3313 et
2316 3259 2608 3329 magistri.
2642 3258 2970 3313 Athanasii.

345 3322 779 3405 descendimus.
815 3350 894 3403 Ex
917 3322 1226 3420 perspicuo
1256 3366 1511 3419 namque
1531 3352 1586 3402 S.
1622 3348 1782 3404 Doct.
1826 3322 1995 3405 tvesti-
2027 3322 2071 3388 Ο
2182 3347 2258 3401 Ex
2290 3322 2462 3403 dictis
2493 3364 2664 3419 porro
2733 3347 2919 3418 liquet
2978 3346 3173 3401 Ruﬁni
3243 3346 3545 3403 historiam
3577 3348 3654 3421 (ἀ)
3684 3350 3757 3406 de

347 3439 563 3509 monio,
595 3438 793 3510 ipsum
834 3438 989 3509 apud
1030 3442 1314 3510 martyres
1373 3436 1713 3493 Christianae
1747 3438 2000 3511 discipli-

345 3544 431 3584 nae
452 3526 742 3600 tyrocinia
762 3528 1029 3598 posuisse
1092 3527 1349 3582 diximus
1375 3544 1387 3582 :
1421 3530 1595 3597 atque
1623 3531 1688 3582 ut
1717 3544 1886 3599 spero
1915 3529 1999 3584 sic

346 3616 528 3673 stabit
548 3617 856 3672 sententia.
886 3615 1293 3671 Tillemontius
1333 3620 1537 3670 contra
1576 3616 1672 3686 (α),
1714 3621 1998 3689 martyres

347 3706 419 3760 ab
440 3705 757 3761 Athanasio
791 3710 1165 3775 memoratos,
1192 3704 1354 3777 ipsos
1386 3721 1514 3760 esse
1578 3705 1872 3777 apostolos
1901 3724 1995 3762 ar-

346 3794 617 3863 bitratur,
652 3795 712 3851 in
743 3811 996 3867 quorum
1027 3793 1196 3849 libris
1263 3794 1603 3849 adolescens
1636 3794 1996 3853 Athanasius

344 3883 558 3939 Christi
577 3884 904 3939 doctrinam
927 3882 1224 3939 hauserit:
1250 3882 1425 3938 hosce
1460 3882 1773 3953 magistros
1805 3888 1861 3938 et
1892 3886 1993 3940 do-

343 3977 530 4029 ctores
561 3973 844 4028 habuisse
876 3977 1078 4044 putat;
1113 3988 1227 4027 non
1260 3976 1455 4027 autem
1489 3976 1776 4044 martyres
1809 3973 1909 4043 qui
1933 3974 1992 4029 in

342 4061 580 4118 Maximi
611 4061 951 4117 carniﬁcina
982 4061 1237 4116 cervices
1275 4078 1379 4132 pro
1410 4061 1642 4116 Christo
1683 4062 1989 4119 dederunt.

337 4152 419 4207 Ex
440 4168 554 4206 uno
576 4151 881 4207 Athanasii
900 4150 1026 4206 loco
1049 4154 1169 4205 tota
1185 4166 1276 4205 res
1300 4149 1575 4221 penditur
1621 4150 1696 4221 (b)
1723 4167 1735 4204 :
1762 4149 1985 4204 Ἑκεὶναι

341 4239 434 4312 μὲν
474 4241 601 4316 γάρ,
653 4241 739 4296 sic
778 4240 897 4307 ille,
942 4236 1032 4293 διὰ
1077 4235 1352 4312 θεολόγων
1399 4234 1606 4313 ἀνδρῶν
1657 4240 1803 4313 παρὰ
1856 4244 1989 4294 Θεοῦ

336 4326 684 4400 ἐλαλήθησαν
724 4329 816 4382 καὶ
855 4326 1181 4405 ἐγράσησαν,
1237 4328 1402 4399 ἡμεῖς
1454 4323 1511 4380 δὲ
1556 4327 1702 4401 παρὰ
1751 4331 1858 4381 τῶν
1895 4327 1987 4382 αὐ-

331 4422 452 4480 ταῖς
530 4416 967 4493 ἐντυγχανόντων
1044 4414 1411 4472 θεοπνεύστων
1489 4411 1827 4470 διδασκάλων
1864 4462 1878 4486 ,
1935 4418 1987 4471 οἳ

332 4508 422 4562 καὶ
476 4508 743 4581 μάρτυρες
798 4512 900 4575 τῆς
947 4510 1180 4581 Χριστοῦ
1223 4504 1481 4573 θεότητος
1540 4504 1817 4579 γεγόνασι,
1883 4528 1985 4579 μα-

330 4595 514 4659 θόντες
549 4592 907 4670 μεταδίδομεν
939 4594 1030 4649 καὶ
1059 4598 1128 4668 τῇ
1270 4592 1619 4672 φιλομαθείῳ
1652 4625 1722 4635 —
1746 4598 1807 4652 Id
1851 4602 1939 4653 est
1971 4615 1984 4652 :

2109 3435 2319 3506 puerili
2352 3436 2509 3504 lusu,
2542 3453 2657 3508 quo
2687 3434 3043 3491 Athanasius
3075 3451 3220 3506 puer
3239 3435 3396 3508 paris
3427 3437 3613 3492 aetatis
3660 3438 3756 3494 in-

2108 3524 2296 3579 fantes
2337 3527 2407 3580 ad
2449 3542 2610 3580 oram
2654 3525 2856 3589 maris,
2922 3523 3247 3579 Alexandro
3315 3525 3588 3598 episcopo
3628 3541 3756 3599 spe-

2108 3618 2321 3680 ctante,
2393 3614 2726 3686 baptizavit,
2768 3629 2884 3668 non
2925 3629 3097 3684 posse
3137 3629 3271 3667 cum
3337 3630 3473 3670 vera
3505 3614 3752 3685 putandi

2109 3703 2332 3758 ratione
2365 3702 2701 3758 consistere.
2734 3702 2881 3757 Nam
2941 3717 3077 3756 cum
3112 3701 3316 3757 Petrus
3382 3708 3621 3775 martyr,
3655 3721 3751 3759 an.

2106 3791 2230 3862 3H,
2266 3796 2574 3863 postquam
2606 3808 2824 3846 annum
2860 3794 3059 3863 egerat
3086 3790 3147 3845 in
3211 3807 3438 3847 carcere
3468 3809 3572 3864 pro
3597 3793 3755 3849 Chri-

2106 3885 2194 3936 sto
2225 3886 2467 3936 nccatus
2536 3880 2633 3945 sit,
2659 3879 3042 3947 Athanasius,
3077 3880 3177 3951 qui
3245 3897 3397 3936 anno
3429 3885 3496 3936 ut
3524 3883 3753 3939 tardius

2102 3970 2227 4034 310,
2263 3970 2371 4025 sub
2404 3971 2531 4040 ejus
2565 3968 2884 4024 aliorumve
2915 3972 3239 4041 martyrum
3289 3968 3621 4041 disciplina,
3653 3989 3751 4043 pe-

2104 4058 2418 4114 nitioribus
2450 4058 2791 4114 Christiane
2825 4056 3099 4113 doctrinae
3153 4058 3447 4129 mysteriis
3485 4060 3752 4117 eruditus

2099 4146 2458 4219 institusque
2520 4148 2713 4215 fuerit,
2783 4152 2924 4203 tunc
2956 4147 3207 4219 primam
3276 4146 3484 4204 saltem
3552 4148 3750 4206 adole-

2100 4238 2385 4293 scentiam
2416 4238 2720 4310 ingressus
2744 4236 2819 4292 sit
2851 4239 3095 4308 oportet.
3155 4235 3265 4300 Qui
3320 4253 3457 4309 ergo
3497 4238 3751 4308 potuerit

2099 4328 2208 4381 sub
2241 4326 2559 4381 Alexandro
2619 4324 2887 4397 praesule,
2920 4325 2979 4379 id
3046 4329 3136 4381 est
3193 4324 3383 4381 tribus
3412 4324 3547 4381 hinc
3574 4328 3747 4383 annis

2096 4415 2333 4487 elapsis,
2355 4417 2474 4470 sive
2492 4432 2644 4470 anno
2668 4419 2732 4469 ut
2752 4413 2927 4470 citius
2949 4415 3072 4481 313,
3108 4430 3224 4484 quo
3281 4413 3453 4486 coepit
3497 4414 3744 4472 Alexan-

2097 4506 2220 4573 der,
2254 4504 2460 4576 puerili
2493 4504 2837 4575 hujusmodi
2876 4503 3030 4558 lusui
3064 4518 3290 4573 vacare,
3324 4503 3423 4574 qui
3454 4506 3595 4558 tunc
3639 4521 3743 4560 no-

2095 4594 2523 4650 vemdecimum
2550 4598 2612 4648 ut
2642 4592 2840 4647 minus
2871 4592 3056 4647 aetatis
3087 4607 3330 4661 annum,
3354 4607 3422 4646 ex
3441 4590 3680 4647 deﬁnito
3710 4610 3746 4650 a

328 4688 448 4745 Ille
475 4688 628 4743 enim
654 4686 1015 4759 (Scripturas)
1075 4685 1451 4757 theologorum
1503 4684 1789 4739 hominum
1819 4688 1986 4742 mini—
2013 4698 2060 4763 D
2097 4684 2267 4740 nobis
2300 4699 2591 4739 annorum
2624 4681 2846 4737 calculo
2868 4681 2980 4753 (e);
3028 4679 3240 4735 inierat
3295 4697 3364 4736 ex
3417 4679 3742 4737 Hermantii

328 4779 495 4834 sterio
524 4794 559 4832 ιι
582 4778 691 4832 Deo
720 4776 948 4847 prolata
974 4783 1027 4831 et
1080 4777 1303 4847 scrin
1356 4783 1485 4829 sunt
1514 4789 1526 4827 :
1586 4789 1824 4845 quarum
1857 4791 1981 4831 sen-

329 4867 561 4923 tentiam
587 4881 713 4921 cum
740 4882 776 4920 a
801 4866 1089 4936 magistris
1145 4864 1335 4921 divino
1386 4864 1602 4935 Spiritu
1630 4864 1852 4935 afﬂatis,
1885 4868 1983 4937 qui

2091 4778 2289 4829 autem
2318 4777 2593 4843 computo
2622 4771 2997 4826 vicessimum
3028 4769 3315 4825 tertium?

2587 4880 2681 4933 AN
2688 4876 3128 4934 IMADVERSIO
3168 4877 3236 4932 ΙΙ.

327 4957 476 5028 ipsas
507 4957 774 5027 legerant.
802 4955 1008 5027 quique
1031 4953 1252 5010 ἀθίιαίίδ
1308 4953 1517 5009 Christi
1570 4955 1845 5025 martyres
1887 4957 1979 5025 af-
2089 4969 2162 5025 De
2190 4969 2351 5024 titulo
2382 4970 2444 5023 in
2506 4967 2698 5023 Vitam
2769 4967 3024 5032 Antonii,
3092 4968 3143 5022 et
3203 4982 3342 5021 num
3405 4966 3738 5023 Athanasius

325 5048 454 5117 fecti
480 5050 609 5101 sunt
636 5044 1017 5113 didicerimus,
1048 5043 1298 5099 eamdem
1322 5050 1425 5098 tuae
1475 5041 1764 5098 sedulitati
1791 5046 1978 5099 tradi-

324 5150 468 5190 mus.
504 5134 607 5190 Hic
634 5150 775 5190 sane
807 5133 1040 5189 mireris
1061 5148 1185 5187 rem
1216 5133 1300 5187 ita
1359 5132 1596 5203 planam
1657 5132 1717 5186 in
1748 5135 1976 5188 contro-

2192 5040 2525 5113 aliquandiu
2555 5056 2679 5095 cum
2705 5039 2949 5095 Antonio
2978 5040 3035 5093 in
3067 5038 3365 5095 solitudine
3405 5040 3627 5094 vixerit.

2160 5130 2330 5185 Prwit
2352 5128 2592 5201 Prologo
2622 5130 2693 5184 ad
2731 5130 2903 5185 Vitam
2935 5128 3160 5182 Antonii
3189 5126 3396 5182 titulus
3428 5126 3735 5197 bujusmo-

322 5223 575 5280 versiam
602 5222 839 5279 vocari:
888 5226 1089 5295 aperte
1153 5237 1411 5293 namque
1478 5224 1535 5275 et
1573 5219 1700 5275 sine
1730 5221 1977 5293 ambage

2107 5220 2144 5274 li
2277 5236 2289 5274 :
2324 5217 2450 5279 Βίος
2478 5217 2568 5271 καὶ
2599 5238 2671 5271 πο
2694 5214 2870 5271 λιτεία
2898 5219 2996 5269 τοῦ
3027 5214 3078 5269 ἐν
3112 5213 3285 5275 ὁσίοις
3313 5215 3524 5291 Πατρὸς
3571 5217 3731 5288 ἡμῶν

322 5312 445 5369 ulla
474 5314 575 5377 ait,
603 5311 939 5384 Scripturas
963 5310 1200 5383 quidem
1234 5325 1431 5365 sacras
1462 5310 1533 5364 de
1560 5308 1731 5364 Verbi
1766 5309 1977 5385 adven-

2085 5306 2402 5376 Ἀντωνίου,
2459 5305 2789 5382 συγγραφεὶς
2865 5304 2955 5358 καὶ
3022 5299 3349 5364 ἀποσταλεὶς
3420 5303 3557 5379 πρὸς
3604 5302 3737 5368 τοὺς

320 5404 385 5458 tu
416 5406 473 5458 et
497 5402 569 5458 de
598 5401 868 5457 doctrina
887 5398 1108 5456 Christi
1138 5416 1172 5454 a
1200 5397 1489 5471 theologis
1554 5398 1718 5469 viris,
1751 5398 1976 5455 scilicet

2107 5418 2136 5451 ,v
2179 5402 2247 5466 τῆ
2310 5396 2429 5468 ξένῃ
2492 5393 2767 5470 μοναχοὺς
2823 5393 2970 5467 ποιρὰ
3019 5395 3115 5445 τοῦ
3175 5390 3224 5445 ἐν
3286 5389 3463 5466 ἁγίοις
3521 5393 3733 5469 Πατρὸς

324 5491 397 5546 ab
428 5490 711 5565 apostolis
742 5495 799 5547 et
825 5486 1202 5562 evangelistis
1233 5486 1421 5545 editas
1489 5487 1707 5557 fuisse;
1750 5504 1813 5544 se
1838 5505 1972 5546 vero

2107 5490 2241 5559 δμῶν
2328 5483 2645 5540 Ἀθανασίου
2731 5480 3026 5538 ἐπισκόπου
3110 5476 3519 5557 Ἀλεξανδρείας
3568 5524 3582 5539 .
3667 5483 3732 5540 Id

386 5651 471 5725 (α)
505 5656 611 5725 ηε
638 5652 705 5725 de
734 5652 789 5707 S.
824 5650 1119 5718 Athanase,
1154 5652 1278 5725 not.
1310 5649 1364 5704 3.

416 5721 465 5792 b)
494 5723 630 5779 ‘Atb.
664 5724 738 5780 De
768 5725 1074 5792 Incarnat.,
1105 5738 1165 5792 p.
1198 5721 1290 5776 77.

416 5727 445 5779 b
494 5727 630 5807 ‘Atb.
664 5727 738 5780 De
768 5727 1074 5792 Incarnat.,
1152 5761 1165 5777 .
1198 5727 1290 5776 77.

389 5727 465 5870 {ei
488 5795 629 5855 Hist.
659 5794 702 5854 l.
732 5811 837 5865 vn,
869 5812 920 5853 c.
951 5794 1066 5861 32;
1095 5738 1290 5863 liii/111,
1323 5807 1375 5853 e.
1402 5791 1672 5865 40,13;1.
1718 5808 1796 5866 IX,
1829 5793 1960 5857 συθ.

2172 5648 2232 5719 d)
2263 5646 2463 5719 ωλι,
2497 5661 2625 5719 cap.
2665 5646 2749 5701 14.

2171 5718 2221 5789 e)
2253 5719 2317 5774 In
2340 5718 2479 5789 Vita
2506 5718 2653 5789 Ath.,
2686 5734 2745 5789 p.
2780 5734 2821 5773 I.

2255 5734 2317 5774 1n
2352 5734 2479 5773 rua
2506 5734 2653 5789 11th.,
2732 5758 2745 5771 .
2780 5734 2821 5773 I.

2255 5788 2563 5862 Athenas,
2596 5806 2653 5863 p.
2685 5734 2827 5863 £31;
2860 5787 3107 5849 Tillemo
3158 5790 3233 5861 ιη
3257 5787 3380 5846 not.
3407 5786 3501 5846 93.

2150 5648 2168 5866 ἒ
