4146 6394
409 421 589 476 CLVIII

1803 409 2419 480 PROLEGOMENA.

408 553 536 606 est:
576 547 695 606 Vita
721 553 772 604 et
799 548 1133 607 conversatio
1163 545 1218 606 S.
1250 553 1313 606 P.
1346 557 1517 607 nostri
1573 548 1818 618 Antonii,
1849 552 2057 618 scripta
2086 552 2142 618 Α
2173 567 2306 605 mus
2341 552 2412 606 ad
2448 548 3033 626 Occidentales,quod
3062 555 3260 612 tamen
3291 519 3408 612 non
3439 551 3684 628 perinde
3703 567 3822 612 cer-

407 639 684 710 missaque
712 638 781 694 ad
812 639 1105 696 monachos
1134 641 1191 694 in
1219 644 1515 711 peregrina
1570 643 1792 712 regione
1834 658 2056 697 versan-

412 732 509 793 tes,
538 745 570 782 a
601 728 656 783 S.
690 729 752 782 P.
785 733 968 784 nostro
1028 728 1326 784 Athanasio
1381 733 1630 802 episcopo
1684 730 2053 787 Alexandriae.

412 816 510 872 His
543 818 718 888 probe
749 816 943 872 Graeca
972 819 1402 890 exprimuntur,
1435 824 1498 874 nt
1530 836 1700 875 nemo
1732 837 1846 875 non
1880 820 2052 875 videt.

406 906 479 960 At
509 905 825 960 Bollandus
849 906 1014 973 illud,
1048 906 1184 979 πρὸς
1212 906 1339 968 τοὺς
1366 906 1428 962 in
1459 911 1527 980 τῇ
1579 907 1697 980 ξένῃ
1754 906 2053 981 μοναχοὺς,

405 996 486 1051 ad
512 995 805 1050 monachos
836 999 895 1050 in
917 997 1058 1052 Xene
1088 996 1360 1068 degentes,
1393 998 1800 1070 explicandum
1845 1002 2050 1070 putat:

405 1087 566 1139 ratus
596 1083 809 1139 Xenem
842 1101 970 1140 esse
1029 1087 1449 1141 monasterium
1485 1087 1802 1158 quoddam,
1835 1091 1935 1141 aut
1965 1103 2052 1141 re-

403 1171 635 1245 gionem
667 1172 820 1228 circa
852 1173 1103 1229 Scethen
1136 1174 1396 1246 proxime
1454 1179 1782 1247 Egyptum.
1835 1175 2049 1230 Verum

401 1262 474 1316 ad
487 1262 881 1331 regionis,non
895 1279 1026 1318 vero
1041 1264 1380 1318 monasterii
1395 1265 1485 1336 cuj
1497 1264 2050 1331 usdam,monachos

407 1351 584 1406 Vitam
615 1352 839 1407 Antonii
870 1351 1112 1406 missam
1144 1352 1500 1408 Athanasius
1532 1353 1623 1409 his
1655 1353 2000 1408 testiﬁcatur
2033 1371 2044 1408 :

398 1438 487 1492 καὶ
527 1439 629 1514 γὰρ
691 1439 781 1493 καὶ
835 1439 958 1512 ὑμῖν
1011 1437 1202 1494 λοιπὸν
1268 1442 1622 1516 μοναστῆρια,
1684 1442 1773 1495 καὶ
1820 1441 1881 1494 τὸ
1939 1445 2044 1495 τῶν

404 1531 661 1602 μοναχῶν
695 1522 868 1600 ὄνομα
897 1525 1262 1582 πολιτεύεται·
1297 1531 1405 1586 hoc
1435 1537 1561 1587 est:
1622 1549 1753 1587 nam
1783 1531 1929 1603 apud
1961 1547 2049 1586 vos

398 1633 610 1689 quoque
639 1618 855 1674 demum
909 1622 1248 1675 monasteria
1303 1621 1594 1688 habentur,
1653 1631 1703 1677 et
1757 1622 2045 1677 monacho-

408 1724 534 1762 rum
562 1724 760 1765 nomen
788 1711 1210 1780 frequentatur:
1271 1710 1425 1781 quod
1480 1727 1620 1766 sane
1675 1727 1788 1765 non
1821 1711 1892 1766 de
1922 1726 2048 1766 mo-

408 1797 661 1853 nasterio
719 1798 996 1869 quodam,
1031 1799 1131 1854 sed
1180 1799 1250 1854 de
1282 1799 1515 1872 regione
1544 1800 1632 1855 vel
1665 1798 2048 1866 tractu,intel-

397 1883 579 1957 ligere
620 1886 706 1941 fas
730 1892 836 1942 est.
864 1885 1040 1955 Ξὲνην
1072 1905 1205 1944 vero
1227 1889 1522 1960 regionem
1547 1889 1764 1944 frustra
1794 1905 2042 1960 quaeras:

397 1979 573 2046 atque
589 1975 929 2047 hujusmodi
954 1994 1090 2032 voce
1109 1977 1481 2049 peregrinum
1511 1969 1766 2050 aliquem
1791 1981 2041 2033 tractum

395 2061 660 2131 indicari,
694 2081 826 2120 cum
861 2082 952 2121 res
982 2066 1129 2137 ipsa,
1197 2071 1323 2121 tum
1392 2065 1600 2122 titulus
1657 2067 1884 2139 Evagrii
1915 2065 2038 2137 qui,

395 2154 712 2225 superstite
744 2154 934 2209 adhuc
959 2154 1301 2226 Athanasio,
1337 2155 1603 2211 Latinam
1635 2157 1778 2210 Vita:
1806 2154 2040 2210 Antonii

394 2242 723 2299 versionem
756 2243 1144 2314 concinnavit,
1177 2245 1554 2317 comprobat:
1585 2245 1666 2300 sic
1697 2244 1792 2299 ille
1825 2243 2036 2299 habet:

393 2331 728 2388 Athanasius
756 2334 1059 2404 episcopus,
1090 2333 1164 2388 ad
1187 2335 1504 2405 peregrinos
1533 2336 1754 2404 fratres.
1790 2334 1868 2388 Ea
1899 2333 2037 2387 item

395 2419 662 2476 Bollandi
694 2421 982 2476 sententia
1010 2421 1139 2477 aliis
1173 2439 1307 2478 mox
1373 2422 1683 2478 afferendis
1739 2421 2040 2477 Athanasii

395 2509 749 2565 testimoniis
782 2511 1073 2566 obruitur.
1112 2513 1226 2566 Hac
1257 2510 1495 2583 quidem
1527 2511 1586 2565 in
1610 2527 1672 2566 re
1701 2510 1871 2565 nobis
1901 2509 2040 2565 asti-

395 2599 634 2670 pulatur
664 2597 1076 2655 Tillemontius
1100 2616 1113 2655 :
1138 2617 1338 2656 verum
1369 2601 1562 2656 nescio
1601 2617 1717 2672 quo
1741 2603 2041 2672 permotus

395 2687 690 2758 adjecerit,
722 2705 836 2742 non
867 2705 1040 2760 posse
1070 2705 1131 2745 se
1179 2706 1249 2745 ex
1311 2689 1610 2745 Athanasii
1679 2690 1851 2744 dictis
1883 2688 2038 2760 expi-

397 2775 572 2842 scari,
603 2775 882 2847 proculne
910 2795 984 2832 an
1016 2794 1047 2832 e
1065 2777 1254 2834 vicino
1277 2779 1390 2835 sita
1413 2779 1586 2834 fuerit
1609 2778 1767 2851 regio
1799 2777 1998 2834 isthan
2024 2795 2036 2832 :

395 2881 465 2921 ex
486 2864 712 2937 Prologi
733 2866 948 2938 quippe
970 2866 1142 2923 dictis
1163 2867 1343 2940 liquet
1359 2867 1542 2924 fuisse
1555 2867 2036 2923 transmarinam:

392 2951 483 3007 καὶ
517 2953 670 3025 ὑμεῖς
713 2950 771 3008 δὲ
824 2955 898 3026 μὴ
958 2953 1230 3026 παύσησθε
1281 2958 1387 3029 (sic
1448 2957 1566 3028 ille)
1643 2954 1770 3017 τοὺς
1836 2953 2041 3010 ἐνθένδε

395 3041 663 3105 πλέοντας
691 3041 891 3118 ἐρωτᾷν
925 3049 1008 3101 Ne
1061 3047 1325 3102 desinatis
1381 3047 1630 3102 homines
1690 3046 1819 3101 hinc
1848 3046 1918 3100 ad
1947 3061 2042 3101 vos

392 3135 714 3206 navigantes
738 3137 1062 3207 percontari
1073 3157 1093 3203 ,-
1127 3137 1184 3191 id
1217 3140 1325 3202 est,
1362 3139 1428 3191 ut
1457 3140 1620 3207 gesta
1649 3136 1885 3191 Antonii
1917 3134 2039 3190 edi-

393 3223 607 3292 scatis;
641 3228 696 3278 et
727 3223 972 3278 inferius
1003 3223 1084 3279 ait
1105 3240 1167 3279 se
1206 3224 1552 3280 festinanter
1586 3223 1772 3278 Vitam
1804 3223 2040 3278 Antonii

2164 642 2313 704 tum.
2345 639 2478 697 Haec
2507 640 2579 696 de
2610 641 2779 710 titulo
2811 642 2869 698 in
2903 642 3091 699 fronte
3121 644 3331 716 posito.

2234 727 2365 784 Jam
2393 731 2463 784 ad
2495 729 2688 786 locum
2733 732 2984 804 Prologi,
3022 733 3120 788 ubi
3153 739 3414 790 veterum
3465 733 3733 790 codicum
3763 738 3822 790 et

2164 817 2453 873 editorum
2489 820 2794 877 lectionem
2831 838 2864 877 a
2899 821 3068 877 nobis
3099 823 3434 879 restitutam
3459 824 3681 895 respuit
3707 823 3819 879 Til-

2162 905 2597 980 lemontius(b),
2630 916 2687 966 et
2719 910 3174 966 Hceschilianam
3241 913 3677 986 pugnacissime
3717 912 3816 968 de-

2163 994 2366 1050 fendit.
2404 996 2592 1069 thue
2613 1016 2734 1054 rem
2763 1000 2833 1054 ab
2861 999 3093 1055 exordio
3121 1001 3409 1056 ducamus
3432 1015 3447 1057 :
3473 1003 3533 1056 in
3556 1001 3815 1072 antiquis

2161 1085 2438 1142 omnibUs
2473 1087 2688 1142 Latinis
2711 1088 3024 1157 editis,sub
3051 1090 3228 1145 ﬁnem
3257 1091 3480 1162 Prologi
3506 1089 3812 1145 Athanasii

2160 1175 2229 1230 ad
2270 1177 2450 1231 Vitam
2473 1178 2698 1233 Antonii
2728 1195 2797 1233 ex
2837 1179 3100 1234 versione
3157 1182 3404 1253 Evagrii,
3454 1181 3574 1235 haec
3604 1179 3812 1251 legun-

2158 1267 2290 1319 tur:
2325 1265 2444 1320 Ideo
2473 1282 2555 1333 ea,
2588 1283 2706 1338 quae
2735 1272 2787 1323 et
2818 1269 2936 1338 ipse
2975 1283 3269 1323 noveram:
3318 1272 3632 1342 frequenter
3659 1269 3812 1324 enim

2155 1369 2280 1408 eum
2313 1356 2548 1424 visitavi,
2579 1361 2632 1411 et
2678 1371 2804 1427 quae
2852 1358 2919 1410 ab
2977 1373 3039 1412 eo
3093 1357 3284 1424 didici,
3337 1361 3435 1431 qui
3461 1358 3531 1414 ad
3557 1358 3808 1430 praeben-

2158 1442 2286 1496 dam
2316 1444 2368 1497 ei
2410 1461 2611 1514 aquam
2663 1462 2772 1501 non
2823 1447 3119 1517 paululum
3175 1450 3430 1518 temporis
3457 1464 3578 1503 cum
3597 1463 3657 1502 eo
3677 1447 3809 1518 feci,

2154 1530 2437 1588 dilectioni
2463 1543 2660 1591 vestrm
2686 1534 2938 1590 iudicare
2955 1539 3270 1607 properavi.
3308 1535 3438 1590 Haec
3468 1537 3610 1590 item
3636 1533 3808 1590 lectio

2153 1618 2214 1674 in
2241 1621 2516 1677 omnibus
2535 1622 2757 1678 Latinis
2780 1623 3213 1694 exemplaribus
3231 1623 3808 1696 manuscriptis,quas

2155 1707 2373 1780 ingenti
2409 1726 2652 1766 numero
2709 1711 2843 1778 vidi,
2906 1728 3281 1783 quorumque
3341 1729 3458 1768 non
3517 1727 3706 1784 pauca
3735 1711 3807 1767 ad

2155 1797 2313 1852 hunc
2335 1797 2530 1854 locum
2584 1799 2933 1854 nominatim
2957 1800 3228 1872 iudicavi,
3259 1801 3407 1872 ipsis
3424 1802 3616 1857 verbis
3639 1801 3811 1857 habe-

2153 1889 2284 1942 tur:
2322 1887 2383 1941 in
2414 1904 2532 1942 uno
2558 1892 2754 1943 tamen
2788 1887 2947 1943 illius
3013 1887 3160 1958 loco,
3225 1890 3352 1959 feci,
3404 1889 3642 1961 legitur,
3672 1891 3762 1960 fui
3788 1913 3802 1956 ;

2152 1975 2211 2028 in
2245 1974 2448 2047 altero,
2479 1979 2722 2047 fueram,
2754 1977 2958 2032 eadem
2994 1994 3234 2049 prorsus
3266 1979 3573 2034 sententia.
3607 1978 3804 2033 Vitam

2149 2064 2384 2120 Antonii
2415 2066 2608 2121 Graece
2635 2065 2794 2138 prior
2823 2065 3007 2121 edidit
3037 2066 3213 2121 David
3277 2066 3662 2132 Hmschelius,
3702 2083 3798 2121 an.

2152 2153 2311 2222 1611,
2345 2171 2413 2209 ex
2441 2155 2641 2210 vitiato
2707 2155 3025 2227 exemplari
3057 2172 3414 2227 expressam,
3489 2160 3550 2211 ut
3609 2155 3808 2213 videre

2148 2240 2283 2298 licet
2305 2244 2377 2298 ab
2405 2243 2735 2299 innumeris
2757 2244 3010 2311 mendis,
3043 2261 3191 2316 quas
3221 2245 3284 2300 in
3339 2244 3591 2300 editione
3621 2244 3806 2300 Atha-

2155 2332 2304 2387 nasii
2333 2341 2535 2388 noslra
2565 2334 2898 2389 notavimus
2929 2350 2940 2388 :
2977 2333 3077 2389 ubi
3129 2350 3555 2404 nonnunquam
3606 2333 3805 2390 hiatus

2150 2420 2348 2477 decem
2377 2423 2755 2478 duodecimve
2777 2421 3064 2478 linearum
3087 2423 3512 2494 deprehendas.
3551 2423 3630 2478 Ibi
3663 2439 3797 2480 vero

2150 2509 2233 2566 sic
2256 2509 2619 2583 legitur;Ata‘t
2666 2514 2827 2563 τοῦτο
2878 2508 3012 2585 ἃπερ
3061 2510 3220 2572 αὐτός
3266 2531 3326 2564 τε
3352 2511 3628 2586 γινώσκω,
3661 2509 3802 2565 πολ-

2151 2596 2308 2659 λάκις
2364 2598 2467 2672 γὰρ
2526 2597 2682 2652 αὐτὸν
2742 2597 2975 2672 ὲῶρακα,
3026 2598 3116 2652 καὶ
3177 2597 3210 2652 ἂ
3267 2599 3452 2672 μαθεῖν
3523 2595 3802 2669 ἠδυνήθην

2148 2687 2295 2762 παρὰ
2320 2691 2417 2740 τοῦ
2482 2685 2954 2756 ἀκολουθήσαντος
3015 2686 3163 2758 αὐτῷ
3227 2687 3428 2762 χρόνον
3500 2687 3600 2742 οὐκ
3677 2686 3802 2742 ὀλί-

2149 2795 2269 2849 γον,
2301 2775 2390 2829 καὶ
2422 2773 2743 2850 ἐπιχέαντος
2801 2773 2946 2850 ὕδωρ
3005 2777 3141 2830 κατά
3195 2780 3388 2852 χεῖρας
3420 2775 3608 2846 αὐτοῦ,
3669 2797 3802 2852 γρα-

2150 2866 2339 2937 ψαιτῇ
2389 2859 2644 2935 εὐλαϐείᾳ
2694 2864 2844 2936 ὑμῶν
2909 2861 3236 2919 ὑσπούδασα.
3297 2897 3366 2907 —-
3430 2867 3492 2923 Id
3524 2868 3804 2924 est:ldeo

2151 2971 2488 3027 quacunque
2514 2957 2814 3026 novi,sa:pe
2829 2957 3033 3010 etenim
3054 2953 3222 3010 illum
3244 2956 3463 3012 vidi:et
3489 2971 3617 3028 quae
3646 2959 3714 3012 ab
3744 2973 3805 3012 eo

2150 3043 2388 3100 ediscere
2404 3045 2577 3115 potui,
2602 3045 2698 3115 qui
2715 3060 2827 3100 non
2853 3044 3071 3100 modico
3101 3049 3341 3116 tempore
3379 3047 3566 3100 virum
3585 3050 3806 3100 secutus

2149 3141 2245 3199 est,
2274 3137 2437 3204 atque
2467 3134 2682 3188 lavanti
2718 3151 2916 3189 manus
2969 3150 3175 3205 aquam
3233 3133 3421 3206 effudi,
3455 3143 3644 3190 vestrm
3680 3136 3804 3206 pie-

2150 3225 2256 3278 tati
2276 3223 2572 3278 rescribere
2589 3223 2868 3294 festinavi.
2901 3223 3234 3278 Secundum
3277 3223 3431 3279 hanc
3462 3239 3639 3278 unam
3672 3223 3804 3278 Hce-

395 3311 744 3380 describere,
775 3312 913 3383 quia
941 3317 1198 3368 vertente
1212 3313 1336 3384 jam
1362 3313 1673 3385 navigandi
1697 3316 2044 3384 tempestate
2073 3300 2115 3366 C
2155 3311 2426 3367 schiliani
2457 3311 2594 3366 editi
2621 3312 2953 3381 lectionem,
2981 3311 3143 3367 nulla
3191 3311 3579 3382 manuscripti
3617 3311 3804 3366 Latini

397 3399 740 3457 tabellarius
763 3405 1052 3457 maturam
1078 3401 1494 3457 discessionem
1522 3407 1768 3474 pararet,
1794 3401 1821 3454 ὁ
1851 3400 2038 3475 καιρὸς

395 3493 502 3544 τῶν
533 3486 807 3562 πλωΐμων
840 3487 1131 3557 συνέκλειε,
1198 3491 1320 3555 Quo
1379 3508 1519 3546 sane
1583 3491 2037 3546 transmarinam

397 3579 580 3636 fuisse
602 3580 897 3652 regionem
916 3579 1300 3652 significatur.
1333 3585 1479 3636 Nam
1507 3581 1577 3636 ad
1611 3581 2038 3654 navigationem

397 3667 511 3724 Nili
534 3669 776 3724 adverso
798 3669 1039 3725 flumine
1071 3670 1462 3742 peragendam
1481 3670 1539 3724 id
1574 3670 1879 3735 referre,ut
1907 3675 2038 3724 ten-

396 3757 539 3814 tavit
569 3757 832 3828 quidam,
879 3754 1296 3833 ἀπρεσδιόυνσον
1330 3763 1453 3815 est:
1515 3759 1806 3830 siquidem
1837 3759 1908 3813 ad
1939 3774 2039 3813 su-

391 3847 636 3920 perioris
667 3848 894 3920 Egypti
963 3848 1302 3916 monachos,
1372 3848 1431 3902 in
1501 3849 1800 3903 montibus
1838 3846 2040 3920 procul

391 3937 690 4008 degentes;
722 3935 896 4008 longe
925 3937 1248 4008 expeditior
1312 3935 1608 3992 terrestris
1675 3936 1767 3990 via
1798 3940 1942 4002 erat,
1977 3939 2043 3990 ut

393 4041 565 4081 nemo
596 4025 820 4081 nescit:
855 4030 912 4082 et
941 4025 1200 4098 alioquin
1235 4026 1304 4081 ad
1331 4024 1652 4081 monachos
1701 4041 1896 4081 rerum
1930 4029 2038 4079 An-

391 4113 538 4170 tonii
561 4115 796 4186 ignaros
819 4115 937 4170 haec
967 4115 1098 4170 Vita
1127 4114 1400 4182 mitlilur,
1434 4115 1588 4186 quod
1645 4115 1714 4169 de
1761 4113 2044 4187 lEgyptiis

391 4202 482 4258 vel
513 4202 905 4258 ﬁnitimarum
930 4203 1235 4276 regionum
1270 4202 1594 4267 monachis,
1630 4201 1761 4274 quis
1794 4203 2044 4258 somnia-

390 4290 584 4347 verit?
614 4293 698 4346 An
731 4300 932 4348 auctor
961 4296 1049 4348 est
1078 4291 1438 4347 Athanasius
1471 4291 1794 4348 Palaestinis
1826 4297 1883 4347 et
1913 4291 2042 4346 fini-

397 4378 559 4434 timis
586 4379 949 4452 Egyptoque
979 4379 1187 4437 vicinis
1256 4380 1583 4447 monachis,
1615 4385 1680 4435 ut
1710 4385 1919 4436 nautas
1951 4396 2044 4436 ve-

394 4473 702 4541 ctoresque
732 4469 802 4524 ad
837 4486 970 4525 oras
1004 4487 1144 4526 suas
1200 4469 1559 4542 appellentes
1609 4474 2045 4543 percontentur,

395 4558 529 4631 quis
552 4557 814 4630 qualisve
844 4559 1018 4615 fuerit
1049 4559 1366 4627 Antonius,
1427 4559 1528 4632 qui
1564 4559 1621 4614 in
1654 4560 1849 4616 media
1877 4561 2045 4633 Egy-

2149 3401 2498 3456 auctoritate
2529 3401 2833 3468 suadente,
2866 3401 3216 3457 Rosweidus
3273 3401 3331 3454 in
3391 3400 3624 3472 Evagrii
3672 3417 3803 3456 ver-

2149 3490 2313 3546 sione
2341 3491 2491 3560 fecit,
2526 3507 2628 3561 pro
2657 3491 2789 3562 feci,
2822 3489 3102 3562 reposuit,
3148 3506 3266 3561 qua
3321 3489 3496 3544 unius
3527 3487 3804 3544 litterulze

2149 3578 2447 3635 additione
2470 3578 2871 3635 Hceschilianae
2897 3579 3158 3634 Latinam
3177 3577 3494 3634 lectionem
3518 3577 3808 3650 coaptavit

2149 3667 2260 3722 hoc
2284 3672 2483 3739 pacto:
2543 3669 2608 3723 Et
2659 3683 2788 3740 quae
2817 3668 2884 3723 ab
2912 3683 2972 3724 eo
3001 3668 3190 3735 didici,
3223 3669 3320 3739 qui
3349 3666 3419 3722 ad
3447 3667 3807 3739 praebendam

2148 3757 2202 3812 ei
2231 3773 2436 3828 aquam
2463 3772 2575 3812 non
2602 3758 2898 3829 paululum
2938 3758 3196 3827 temporis
3225 3772 3354 3811 cum
3382 3771 3445 3810 eo
3496 3758 3651 3827 fecit.
3685 3756 3804 3812 Sub

2149 3846 2273 3902 haec
2304 3847 2445 3901 dum
2473 3845 2779 3902 Athanasii
2812 3846 3088 3917 operibus
3146 3843 3388 3901 edendis
3430 3845 3802 3916 insudamus,

2151 3939 2209 3992 et
2246 3935 2473 3990 codices
2504 3934 2953 4006 diligentissime
2983 3933 3400 4006 perquirimus,
3460 3934 3519 3988 in
3553 3939 3806 4006 quatuor

2152 4023 2384 4096 optimae
2417 4028 2566 4078 nota
2599 4023 3042 4094 manuscriptis,
3074 4022 3380 4078 lectionem
3407 4038 3543 4077 cum
3605 4022 3805 4078 Latina

2154 4112 2332 4168 veteri
2366 4113 2752 4184 quadrantem
2779 4111 3291 4184 deprehendimus,
3317 4127 3445 4182 quae
3476 4111 3562 4168 sic
3594 4110 3802 4166 habet:

2152 4199 2252 4256 Διὰ
2302 4205 2463 4254 τοῦτο
2522 4199 2654 4272 ἃπερ
2715 4197 2876 4261 αὐτός
2933 4220 2992 4254 τε
3041 4199 3316 4274 γινώσκω,
3368 4198 3459 4252 καὶ
3519 4197 3552 4253 ἄ
3612 4201 3801 4272 μαθεῖν

2155 4286 2435 4360 ἠδυνήθην
2504 4290 2626 4362 παρ’
2695 4287 2858 4343 αὐτοῦ
2947 4285 3323 4359 ἀκολουθήσας
3392 4287 3538 4359 αὐτῷ
3604 4287 3804 4364 χρόνον

2156 4376 2255 4433 οὐκ
2287 4375 2503 4453 ὀλίγον,
2563 4377 2652 4432 καὶ
2707 4377 2943 4454 ἐπιχέων
2993 4375 3139 4451 ὕδωρ
3196 4377 3332 4432 κατὰ
3378 4381 3570 4452 χεῖρας
3619 4374 3808 4448 αᾶτύὖ,

2154 4467 2360 4543 γράψαι
2391 4470 2458 4540 τῇ
2485 4463 2740 4539 εύλκοείᾳ
2789 4468 2938 4540 ὑμων
2974 4463 3297 4522 ἐσπούδασα.
3359 4467 3477 4524 Hoc
3507 4471 3635 4524 est:
3685 4468 3811 4524 Ideo

2155 4574 2488 4631 quaecunque
2517 4559 2645 4614 novi
2672 4573 2820 4627 saepe
2839 4559 3044 4614 etenim
3063 4559 3228 4613 illum
3248 4557 3365 4613 vidi
3382 4573 3404 4619 ,ο
3426 4566 3478 4613 et
3499 4572 3625 4629 quae
3652 4557 3721 4613 ab
3749 4573 3810 4613 eo

393 4651 492 4720 pto
521 4648 593 4703 ad
627 4647 902 4720 quintum
933 4665 1115 4721 supra
1171 4649 1556 4705 centesimum
1613 4665 1836 4704 annum
1867 4649 2044 4704 vitam
2076 4668 2124 4733 Β
2155 4648 2347 4717 didici,
2377 4649 2476 4719 qui
2504 4663 2615 4704 non
2641 4648 2852 4703 modico
2883 4657 3118 4719 tempore
3173 4648 3359 4701 virum
3411 4655 3630 4702 secutus
3659 4663 3810 4715 sum,

394 4736 746 4810 producens,
796 4741 1020 4794 tantam
1061 4738 1485 4793 monachorum
1554 4737 2048 4810 populariumque

394 4827 784 4898 frequentiam
815 4843 884 4882 ex
913 4826 1102 4900 Syria,
1134 4826 1462 4896 Palaestina,
1518 4826 1765 4900 aliisque
1796 4828 2047 4884 Orientis

395 4915 752 4988 regionibus,
790 4916 860 4971 ad
899 4915 992 4971 sui
1024 4915 1422 4988 spectaculum
1455 4917 1733 4972 evocabat
1790 4921 1854 4971 ut
1881 4917 2046 4973 testi-

395 5005 648 5062 ﬁcantur
674 5004 1024 5061 Athanasius
1055 5009 1112 5060 et
1142 5005 1529 5077 Hieronymus
1563 5006 1638 5077 (α)
1663 5005 1690 5059 ?
1744 5012 1832 5060 An
1867 5006 2048 5062 Atha-

397 5094 601 5150 nasius
631 5111 704 5150 ne
734 5093 1044 5166 navigandi
1080 5097 1398 5166 tempestas
1427 5093 1715 5159 etfluerct,
1746 5099 1803 5150 et
1831 5112 2046 5167 oppor-

397 5182 620 5242 tunitas
650 5182 1000 5252 elaberetur,
1069 5181 1413 5238 festinanter
1463 5183 1806 5252 admodum;
1840 5187 1904 5239 ut
1970 5184 2050 5240 ait

397 5271 517 5338 ille,
548 5272 742 5328 Vitam
773 5273 1011 5327 Antonii
1044 5272 1343 5337 edidisset,
1376 5275 1424 5327 si
1457 5272 1528 5327 ad
1588 5273 1763 5345 Syros
1821 5273 1908 5328 vel
1941 5277 2047 5328 Pa-

397 5360 657 5416 laestinos
687 5360 951 5433 aliosque
979 5361 1200 5417 vicinos
1230 5361 1550 5418 monachos
1594 5362 2051 5418 transmittenda

401 5449 573 5505 erat?
604 5451 744 5505 Inde
774 5451 942 5506 nobis
974 5451 1339 5523 exploratum
1409 5451 1650 5507 omnino
1693 5451 1945 5520 videtur,
1977 5453 2049 5507 ad

400 5537 827 5594 transmarinos
848 5543 906 5594 et
928 5538 1128 5612 procul
1151 5544 1448 5596 versantes
1467 5540 1784 5596 monachos
1803 5540 2048 5596 missam

400 5625 638 5684 Antonii
664 5625 858 5682 Vitam
888 5627 960 5683 ab
989 5628 1308 5687 Athanasio
1335 5627 1538 5698 tuisse,
1570 5633 1628 5686 et
1656 5633 1722 5685 ut
1761 5629 2050 5702 conjecta-

475 5755 554 5824 (a)
583 5752 647 5809 In
684 5753 804 5812 Vita
829 5751 1168 5814 Hilarionis.

2157 4742 2320 4810 atque
2350 4737 2602 4792 abluenti
2634 4752 2828 4791 manus
2885 4753 3088 4810 aquam
3137 4735 3330 4808 effudi,
3386 4744 3580 4792 vestrae
3614 4737 3814 4807 pietati

2150 4829 2395 4884 scribere
2421 4820 2698 4898 festinati.
2733 4826 3010 4882 Eamdem
3065 4842 3199 4881 vero
3257 4827 3460 4896 postea
3498 4824 3808 4881 lectionem

2157 4917 2218 4974 in
2243 4915 2560 4989 exemplari
2581 4915 2860 4971 Vaticano
2904 4914 3274 4986 perantiquo,
3308 4931 3472 4970 num.
3503 4914 3634 4983 567,
3663 4918 3721 4970 et
3749 4913 3810 4968 in

2157 5006 2356 5063 codice
2387 5006 2502 5061 RR.
2537 5005 2642 5059 PP.
2679 5004 2738 5059 S.
2800 5003 3004 5058 Basilii
3037 5004 3232 5059 Romae
3291 5002 3451 5074 paris
3502 5001 3811 5059 vetustatis

2157 5095 2368 5168 reperi.
2404 5096 2466 5150 In
2498 5096 2752 5166 quatuor
2777 5097 2975 5148 autem
3005 5091 3140 5150 aliis
3172 5090 3612 5164 exemplaribus
3631 5091 3814 5147 fertur

2158 5182 2553 5240 Hmschiliana
2583 5199 2764 5254 supra
2797 5186 3124 5239 memorata
3151 5181 3344 5250 lectio,
3403 5181 3619 5252 quibus
3671 5180 3810 5246 sub-

2150 5273 2526 5346 jungendum
2558 5271 2719 5326 aliud
2751 5270 2858 5326 viri
2880 5271 3036 5327 docti
3059 5271 3125 5327 D.
3161 5271 3239 5326 du
3269 5270 3491 5327 Poirier
3511 5271 3811 5326 Turonen-

2159 5361 2263 5428 sis,
2297 5361 2396 5417 sed
2430 5375 2631 5416 recens
2661 5365 2717 5416 et
2747 5360 3187 5432 bombycinum,
3220 5360 3375 5432 quod
3409 5357 3811 5415 Hmschilianae

2159 5451 2299 5507 item
2330 5449 2567 5505 lectioni
2597 5447 2830 5504 accinit.
2863 5449 3080 5505 Verum
3109 5465 3236 5521 quae
3267 5447 3420 5505 hanc
3452 5451 3812 5521 postremam

2158 5539 2614 5614 praferuntmon
2648 5542 2854 5594 mutuo
2885 5542 3251 5596 consonant:
3278 5554 3417 5595 nam
3441 5537 3658 5594 horum
3691 5552 3813 5594 om-

2161 5629 2329 5687 nium
2368 5626 2838 5686 vetustissimum
2870 5627 3118 5702 Regium
3175 5627 3260 5687 sic
3289 5627 3503 5686 habet:
3561 5623 3708 5700 παρά
3733 5626 3814 5698 τῷ

2233 5753 2312 5829 (θ)
2341 5753 2472 5814 Not.
2508 5753 2564 5810 4.
