4146 6402
1394 470 1498 536 DE
1540 466 1729 537 VITA
1770 468 1873 535 ET
1917 463 2268 533 SCRIPTIS
2315 468 2381 532 S.
2428 466 2880 535 ATHANASII.

3704 482 3843 533 CLIX

425 601 853 679 ἃκολουθήσαντι
911 602 1077 681 αὐτῷ,
1112 609 1167 664 et
1214 603 1443 679 reliqua
1484 608 1751 678 perplexe
1780 608 1970 661 refert.
2009 608 2069 661 In

2198 620 2361 659 sensu
2395 604 2759 661 intemeratis
2786 605 2994 661 vitium
3027 603 3243 662 sarcire
3266 601 3563 662 additione
3584 607 3702 672 τοῦ,
3727 605 3837 662 hoc

423 717 540 774 qua
561 696 1099 769 manuscriptorum
1121 695 1398 752 varietate
1424 697 1563 766 quid
1585 697 1877 768 agendum
1908 695 2077 751 nobis

429 794 574 857 erat,
602 805 780 860 quam
816 792 879 842 ut
910 792 995 842 tot
1042 785 1275 851 Graecis,
1310 784 1646 852 Latinisque
1677 785 1953 840 omnibus
1985 802 2075 840 as-

424 881 643 934 sertam
713 874 1021 931 lectionem
1073 873 1593 944 amplecteremur:
1645 891 1711 928 ac
1761 874 1820 928 in
1877 873 2078 928 Latino

424 963 742 1037 exemplari
785 978 984 1018 vocem
1033 967 1503 1032 restltueremus,
1550 966 1614 1017 ut
1644 967 1768 1017 erat
1799 968 1931 1018 ante
1963 964 2078 1018 Ro-

428 1054 726 1112 sweidum
762 1070 775 1121 ;
809 1068 944 1107 eum
977 1051 1230 1106 maxime
1251 1050 1431 1105 altera
1458 1050 1627 1106 lectio
1648 1052 1805 1105 varie
1838 1052 2077 1116 feratur,

431 1148 487 1200 et
506 1144 565 1198 in
588 1142 851 1197 novanda
873 1140 1161 1197 sententia
1183 1140 1254 1194 ab
1278 1140 1740 1195 amanuensibus
1761 1142 2079 1195 titubatum

430 1248 557 1289 esse
590 1230 782 1304 palam
811 1230 888 1285 sit
916 1230 943 1284 ‘P
994 1230 1140 1285 Nam
1172 1244 1307 1283 cum
1339 1245 1543 1283 omnes
1574 1229 1813 1285 omnino
1846 1231 2077 1285 codices

431 1321 643 1388 Latini,
675 1336 740 1375 ac
792 1318 930 1373 editi
962 1335 1195 1390 quoque
1224 1322 1356 1372 ante
1386 1318 1785 1386 Rosweidum,
1814 1320 2080 1374 eamdem

426 1410 617 1483 ipsam
676 1408 984 1464 lectionem
1034 1408 1382 1478 praeferant;
1419 1406 1554 1461 hinc
1590 1407 1856 1479 sequitur
1886 1408 1962 1462 ita
2000 1408 2080 1461 le-

428 1499 593 1572 gisse
640 1495 978 1568 Evagrium,
1011 1497 1110 1566 qui
1167 1495 1486 1550 Athanasio
1534 1496 1725 1550 adhuc
1767 1496 2084 1568 superstite

428 1584 672 1641 Antonii
704 1586 897 1640 Vitam
918 1583 1119 1639 Latine
1148 1584 1339 1653 vertit,
1363 1587 1539 1655 atque
1571 1585 1712 1639 adeo
1740 1602 2080 1657 germanam

428 1676 593 1732 illam
626 1691 723 1730 ese
752 1674 1061 1749 Athanasii
1082 1672 1597 1745 lectionem,quam
1628 1674 1769 1729 item
1791 1678 1876 1729 tot
1904 1675 2082 1730 Grani

427 1765 657 1822 codices
690 1765 1016 1836 praeferant.
1068 1763 1136 1817 Et
1166 1762 1285 1817 haec
1343 1780 1460 1818 una
1490 1764 1658 1819 nobis
1690 1765 1837 1819 ratio
1866 1768 1990 1820 erat
2014 1765 2080 1819 ad

429 1871 555 1910 eam
589 1853 1018 1908 restituendam
1051 1852 1215 1907 satis.

499 1942 614 1997 Nec
646 1943 890 2040 deerant
921 1940 1036 2039 alia
1083 1957 1208 2012 quae
1266 1957 1359 1995 me
1417 1942 1485 1995 ad
1519 1941 1964 2040 Haesehilianam
1995 1959 2083 1998 re-
2118 1978 2165 2040 Β

432 2032 794 2103 pudiandam
829 2029 1139 2086 lectionem
1161 2031 1731 2101 permoverent:haec
1753 2032 1968 2103 quippe
1997 2032 2082 2087 lo-

430 2119 644 2190 quendi
673 2120 844 2186 ratio,
892 2116 983 2170 καὶ
1032 2113 1065 2171 ἅ
1101 2118 1284 2190 μαθεὶν
1338 2115 1613 2188 ήὸυνήθην
1660 2120 1805 2194 παρὰ
1834 2124 1927 2173 ννῦ
1959 2121 2083 2174 ἀκο-

432 2204 800 2277 λουθήσαοτος
850 2204 996 2277 αὺτῷ
1052 2207 1251 2282 χρόνον
1302 2206 1401 2260 οὺχ
1439 2205 1653 2282 ὀλίγον·
1696 2218 1745 2265 et
1776 2225 1901 2280 qum
1931 2211 1996 2265 ab
2026 2227 2086 2266 eo

434 2296 671 2351 ediscere
689 2296 867 2367 potui,
900 2297 998 2367 qui
1042 2312 1152 2350 non
1192 2296 1404 2351 modico
1451 2301 1687 2369 tempore
1716 2300 1891 2352 virum
1934 2314 2085 2353 secu-

436 2392 524 2439 tus
551 2390 654 2449 est,
686 2389 821 2450 etc.,
849 2383 1109 2439 insolens
1164 2401 1413 2456 prorsua
1444 2402 1579 2440 cum
1609 2386 1926 2442 Athanasio
1956 2392 2084 2442 tum

439 2472 569 2528 aliis
599 2473 981 2545 scriptoribus
1011 2478 1099 2529 est
1127 2491 1140 2541 ;
1175 2478 1232 2529 et
1260 2490 1392 2529 vero
1451 2475 1645 2545 potius
1703 2476 1918 2531 diceret
1943 2476 2088 2549 παρά

438 2581 585 2621 τινος
618 2558 852 2638 ἀδελφοῦ
906 2562 995 2618 vel
1042 2563 1187 2636 παρά
1231 2582 1379 2623 τινος
1438 2568 1702 2639 ιλοναχοῦ,
1745 2582 1850 2621 nec
1880 2566 2086 2621 indeﬁ-

434 2649 554 2707 nite
583 2651 729 2725 παρά
768 2654 865 2703 τοῦ
896 2647 1389 2721 ἀκολουθήσαντος,
1412 2658 1620 2725 praeter
1641 2660 1940 2711 assuetum
1962 2672 2087 2711 m0-

436 2757 561 2796 rem
620 2740 1008 2797 enuntiasset.
1039 2742 1125 2795 Ad
1158 2741 1277 2796 haec
1308 2758 1441 2797 vero
1473 2759 1602 2813 quae
1632 2742 2086 2815 sequuntumut

430 2828 757 2903 ὶπιχὲοιντος
790 2824 936 2882 ὕδῶὸ
989 2829 1123 2882 κατὰ
1153 2834 1345 2905 χεῖρας
1397 2828 1583 2887 αὺτοῦ.
1617 2840 1667 2887 et
1694 2835 1791 2903 qui
1840 2836 2089 2891 abluenti

434 2935 631 2975 manus
660 2936 860 2991 aquam
907 2920 1196 2991 eﬂudit,ab
1220 2937 1279 2975 re
1312 2938 1554 2991 prorsus
1571 2923 1923 2979 afferantur:
1952 2942 2085 2981 nam

436 3008 575 3079 quid
608 3008 745 3063 inde
778 3009 850 3063 ad
910 3008 1339 3063 conciliandam
1399 3014 1639 3065 narrant
1701 3012 1897 3078 ﬁdem,
1931 3016 2087 3084 quod

436 3113 651 3169 aquam
683 3096 944 3153 abluenti
977 3114 1189 3153 manus
1212 3098 1634 3154 ministraverit
1663 3104 1685 3155 Ρ
1714 3101 1794 3155 De
1824 3100 1951 3173 ipso
1982 3119 2084 3157 au-

430 3190 550 3241 tem
572 3186 894 3241 Athanasio
914 3186 1137 3241 dictum
1158 3186 2085 3260 apprimequadratdxolouOﬁeaq

442 3272 587 3345 αὺτῷ
643 3272 842 3349 χρόνον
876 3272 974 3327 οὺκ
1005 3271 1218 3348 ὀλίγον,
1250 3273 1339 3327 καί
1370 3275 1606 3351 ἐπιχέὦν
1641 3272 1786 3352 ὔδῶρ
1808 3279 1943 3331 κατὰ
1968 3284 2088 3353 χεῖ-

437 3382 535 3438 ρας
566 3348 894 3427 αὺτούριιω
926 3370 1224 3435 postrema
1252 3367 1446 3433 verba,
1469 3348 1581 3420 ilex
1612 3348 1766 3422 libro.
1795 3368 1867 3423 IV
1922 3348 2084 3442 Reg,
2118 3348 2160 3414 ε

438 3470 520 3521 IlI,
555 3454 928 3525 tl,expressa
956 3454 1429 3519 videntur,ubidc
1450 3454 1651 3510 Elisaeo
1677 3452 1973 3524 dicitur,b’;
1995 3457 2089 3512 ἒπ-

439 3541 591 3616 ἑχεεν
648 3537 793 3613 ὕδωρ
850 3540 941 3594 ὲπί
999 3545 1194 3616 χεῖρας
1225 3539 1434 3610 ’ῌλιοῢ·
1498 3546 1594 3614 qui
1650 3546 1785 3600 Elite
1829 3549 2088 3603 manibus

445 3647 659 3702 aqu-am
687 3630 1043 3702 effundebat;
1089 3632 1369 3695 nimirum
1419 3632 1475 3687 id
1536 3633 1742 3689 honori
1788 3635 1899 3690 sibi
1930 3637 2090 3693 ducit

445 3720 823 3785 Athanasius,
856 3721 1010 3792 quod
1043 3721 1283 3792 perinde
1313 3726 1488 3793 atque
1536 3721 1781 3779 Elisaeus
1807 3725 2089 3797 Elim,ipse

434 3809 688 3867 Antonio
711 3826 925 3881 aquam
950 3809 1164 3865 lavanti
1197 3826 1409 3865 manus
1440 3811 2083 3887 ministraveritAliud,

434 3899 589 3972 quod
622 3897 783 3954 litem
819 3899 1079 3965 dirimat,
1113 3899 1310 3968 affero,
1337 3900 1437 3954 sed
1472 3900 1543 3956 iis
1576 3901 1714 3957 solis
1748 3903 1848 3975 qui
1871 3904 2090 3960 Graeco-

431 4004 565 4043 rum
589 3986 1014 4059 exemplarium
1037 3987 1157 4042 sint
1173 3988 1306 4043 usui
1330 3989 1905 4047 assuefactizmecum
1927 3993 2086 4049 enim

430 4076 774 4133 fatebuntur
803 4076 863 4131 in
897 4076 1180 4131 utramvis
1214 4077 1520 4133 lectionem
1563 4080 1733 4134 cadat
1762 4080 1994 4147 vitium,
2028 4082 2087 4138 id

432 4181 501 4221 ex
534 4166 856 4221 mutatione
910 4165 1039 4239 παρ’
1096 4168 1259 4218 αἶ’)τοῦ
1315 4167 1373 4221 in
1430 4166 1577 4241 παρᾶ
1637 4170 1754 4235 τοῦ,
1791 4174 1893 4225 aut
1920 4171 2086 4245 παρὰ,

427 4259 527 4308 τοῦ
557 4256 616 4311 in
648 4254 774 4329 παρ’
806 4252 967 4308 αὺτοῦ
999 4255 1297 4311 invectum
1330 4273 1494 4323 esse;
1544 4274 1679 4312 nam
1711 4273 1779 4313 ea
1813 4259 2087 4331 frequen-

426 4343 657 4400 tissime
688 4344 933 4399 mutatio
990 4345 1050 4399 in
1111 4344 1531 4417 manuscriptis
1562 4345 1778 4402 Graecis
1809 4350 2083 4405 occurrit.

428 4433 489 4489 Si
523 4433 676 4489 facta
706 4433 953 4489 mutatio
986 4434 1165 4490 fuerit
1193 4451 1261 4489 ex
1288 4433 1418 4508 παρ’
1463 4431 1629 4487 αὺτοῦ
1681 4435 1740 4491 in
1792 4437 1939 4511 παρὰ
1968 4441 2085 4510 τοῦ,

430 4524 585 4595 quod
615 4540 722 4578 nos
750 4522 1025 4579 volumus
1056 4524 1135 4595 (a)
1178 4541 1190 4591 ;
1254 4540 1389 4577 cum
1433 4524 1561 4594 jam
1608 4541 1723 4579 non
1775 4528 2090 4597 quadraret

431 4611 745 4679 sententia,
771 4612 1053 4667 nimirum
1086 4611 1233 4688 παρὰ
1251 4616 1348 4665 τοῦ
1380 4609 1756 4682 ἀκολουθήσας
1786 4612 1933 4685 αὺτῴ
1960 4615 2092 4691 χρό-

431 4718 522 4753 νον
556 4698 655 4753 οὺκ
684 4696 899 4773 ὀλίγον,
958 4699 1047 4753 καὶ
1092 4700 1354 4775 ἐπιχέων,
1416 4702 1658 4769 librarii,
1712 4708 1777 4757 ut
1805 4720 2089 4761 consona-
2123 4725 2168 4789 D

429 4793 559 4844 rent
589 4790 807 4857 omnia,
840 4786 1217 4860 ἀκολουθήσεις
1250 4793 1307 4845 in
1357 4787 1854 4861 ἀκολουθήσαντος,
1888 4798 1947 4848 et
1965 4793 2089 4846 ἑπι-

435 4878 580 4954 χὲων
615 4880 674 4934 in
706 4878 1593 4953 ‘emxéwcoqmommutarunt,et
1618 4881 1702 4936 sic
1734 4885 1917 4937 totam
1949 4883 2091 4939 dicti

433 4967 785 5024 sententiam
817 4967 1115 5040 vitiarunt,
1156 4974 1219 5024 ut
1269 4987 1375 5025 nos
1409 4970 1858 5039 contendimus;
1892 4971 1983 5026 sin
2016 4989 2086 5027 ex

432 5057 578 5129 παρὰ
606 5060 702 5110 τοῦ
732 5056 871 5113 vitio
896 5056 1268 5113 librariorum
1298 5058 1426 5132 παρ’
1460 5056 1623 5132 αύτρῦ
1656 5058 1942 5131 scriptum
1965 5061 2091 5117 fue-

437 5146 531 5215 rit,
566 5163 681 5202 non
706 5163 943 5203 necesse
974 5152 1119 5216 erat,
1153 5164 1257 5203 nec
1288 5148 1348 5201 in
1382 5152 1639 5203 mentem
1665 5147 1781 5202 illis
1814 5149 2088 5221 venisset,

438 5240 667 5292 mutare
696 5236 1019 5309 genitivum
1069 5237 1125 5291 in
1162 5236 1612 5306 nominativum,
1648 5240 1704 5292 et
1736 5254 1976 5293 sensum
2007 5240 2092 5294 in-

433 5329 656 5381 vertere
712 5325 822 5380 hoc
884 5326 1076 5394 modo,
1136 5324 1225 5378 καὶ
1284 5322 1315 5378 ἅ
1386 5325 1569 5397 μαθεῖν
1628 5322 1907 5396 ήδυνήθην
1966 5328 2092 5402 παρ’

436 5411 600 5467 αἰ)τοῦ
634 5410 1011 5482 ἀκολουθήσας
1066 5412 1212 5485 αὑτῷ
1241 5412 1442 5487 χρόνον
1477 5412 1574 5467 οὺκ
1605 5412 1817 5489 ὀλιγον,
1849 5415 1937 5469 καὶ
1969 5418 2091 5470 ἑπι-

436 5503 580 5578 χέων
615 5498 762 5578 ὕδωρ
811 5501 902 5556 ὲπὶ
949 5503 1142 5579 χεῖρας
1202 5502 1385 5560 αὺτοῦ.
1450 5504 1597 5568 Quin
1654 5506 1806 5561 facta
1873 5505 1974 5561 illa
2030 5506 2089 5562 in

436 5591 560 5664 παρ’
608 5589 777 5645 αύτοό
821 5592 1164 5662 mutatione,
1196 5592 1533 5665 expeditum
1566 5598 1690 5650 erat
1720 5594 2005 5667 regimine
2036 5599 2093 5651 et

510 5807 587 5879 (a)
616 5806 763 5865 Vide
792 5805 923 5866 Ath.
958 5809 1098 5867 edit.
1134 5810 1207 5868 ad
1232 5814 1352 5868 not.
1382 5827 1437 5882 p.
1469 5809 1577 5867 532
1610 5811 1667 5866 et
1698 5810 1827 5869 616.

2187 695 2360 748 modo
2392 693 2562 748 καί-ἂ
2622 694 2803 766 μαθεῖν
2863 691 3138 764 ἠδυνήθην
3200 695 3334 769 παρ’
3391 692 3555 748 αὑτοῦ
3610 690 3838 750 ἀκολου-

2186 783 2585 851 θήσαντοςβία.
2624 784 2766 839 Hinc
2799 802 2938 840 sane
2960 784 3245 839 videbunt
3289 786 3618 841 Graecorum
3643 801 3836 841 exem-

2188 872 2439 944 plarium
2472 874 2773 945 peritiores
2824 874 3206 929 mutationem
3255 874 3315 928 in
3346 874 3532 929 solam
3573 873 3840 929 Hoeschi-

2187 961 2406 1017 lianam
2424 962 2731 1017 lectionem
2750 963 2953 1017 cadere
2969 964 3729 1035 potuisseQuanquamhaec
3745 981 3845 1019 su-

2190 1067 2546 1124 pervacanea
2558 1052 2701 1106 forte
2713 1052 2983 1107 videantu
2994 1070 3019 1106 r
3033 1053 3263 1124 quando
3279 1051 3516 1107 alteram
3530 1051 3841 1108 lectionem

2190 1158 2323 1195 vere
2349 1140 2651 1195 Athanasii
2674 1157 2800 1195 esse
2832 1147 2921 1196 sat
2953 1142 3396 1211 comprobatum
3430 1143 3703 1212 superius
3735 1145 3844 1197 est.

2264 1230 2375 1285 Res
2407 1230 2599 1301 itaque
2663 1234 2862 1284 nostra
2898 1230 3241 1285 auctoritate
3298 1230 3742 1301 exemplarium,
3778 1247 3843 1287 ac

2191 1336 2337 1373 vera:
2399 1318 2567 1373 seriei
2601 1318 2825 1373 ratione
2857 1317 3158 1373 asseritur.
3190 1321 3544 1389 Argumenta
3563 1335 3697 1373 vero
3718 1336 3847 1391 quae

2198 1407 2607 1463 Tillemontius
2627 1409 2696 1462 ad
2722 1406 3123 1463 llmschilianae
3147 1405 3411 1463 lectionis
3434 1410 3629 1479 partes
3652 1412 3849 1463 tutan-

2193 1496 2298 1550 das
2328 1497 2512 1561 affert,
2563 1495 2861 1551 levissima
2893 1511 3053 1559 sane,
3107 1496 3225 1550 imo
3258 1495 3454 1566 potius
3494 1495 3654 1551 nulla
3685 1500 3843 1553 sunt.

2192 1585 2286 1640 Ait
2312 1585 2492 1657 igitur
2544 1585 2663 1654 ille,
2715 1583 2914 1659 χρόνον
2948 1582 3047 1637 οὐκ
3077 1580 3265 1657 ὀλίγον
3300 1584 3524 1656 aliquot
3556 1602 3842 1641 annorum

2195 1674 2450 1746 spatium
2484 1674 2857 1729 subindicare
2889 1691 2907 1727 :
2941 1689 3129 1744 neque
3168 1673 3429 1745 potuisse
3460 1672 3847 1729 Athanasium

2195 1763 2255 1816 in
2280 1763 2581 1830 juventute
2604 1762 2827 1834 aliquot
2850 1779 3035 1817 annos
3058 1762 3115 1815 in
3145 1761 3460 1816 solitudine
3478 1763 3848 1833 commorari,

2195 1851 2293 1922 qui
2328 1868 2361 1905 a
2391 1850 2921 1923 puero,Alexandri
2953 1850 3327 1905 Alexandrini
3362 1850 3850 1922 prmsulisjussu,

2196 1937 2647 2009 paedagogorum
2682 1937 3003 2010 disciplinae
3036 1938 3285 1993 traditus
3318 1939 3413 2005 sit,
3439 1942 3584 1993 teete
3616 1938 3846 2009 Ruﬁno,

2197 2044 2262 2081 ac
2295 2027 2503 2083 deinde
2536 2027 2646 2099 ipsi
2669 2045 2901 2099 semper
2930 2027 3181 2083 haeserit.
3196 2028 3421 2083 Diceres
3452 2028 3546 2084 bis
3577 2028 3851 2099 perlectis

2197 2132 2304 2170 nos
2334 2115 2638 2171 Athanasii
2671 2116 2731 2171 in
2754 2117 3061 2187 juventute
3092 2121 3255 2189 gesta
3287 2117 3599 2172 annuatim
3633 2118 3850 2189 scripto

2196 2206 2537 2277 consignata
2568 2210 2801 2275 tenere;
2838 2210 2901 2261 ut
2930 2223 3043 2261 non
3077 2206 3263 2278 possit
3298 2207 3431 2273 quis
3460 2205 3547 2262 vel
3606 2205 3850 2277 paulum

2196 2293 2477 2365 temporis
2507 2294 2787 2363 indicare,
2821 2312 2935 2367 quo
2982 2295 3082 2349 ubi
3132 2295 3218 2351 vel
3252 2312 3430 2367 penes
3463 2312 3637 2367 quem
3670 2295 3855 2367 egerit

2195 2382 2515 2455 ignoretur.
2552 2385 2617 2439 At
2646 2384 2731 2439 vel
2785 2385 3145 2455 paucissima
3193 2384 3282 2439 vel
3328 2384 3446 2440 fere
3477 2383 3640 2439 nulla
3668 2384 3851 2441 habe-

2198 2477 2418 2539 mus,et
2448 2472 2497 2527 si
2530 2490 2647 2544 qua
2679 2473 3083 2528 minutissima
3111 2474 3525 2541 traduntur,ea
3555 2490 3695 2529 sane
3727 2474 3851 2546 ple-

2198 2579 2449 2633 rumque
2490 2562 2764 2617 vacillant
2813 2563 3149 2634 incertaque
3204 2566 3343 2617 sunt
3385 2584 3398 2628 ς
3433 2563 3686 2618 maxime
3716 2579 3849 2619 vero

2198 2651 2393 2706 Ruﬁni
2445 2652 2608 2707 locus
2658 2650 2756 2707 ilie
2803 2652 2899 2723 (b),
2935 2670 3049 2724 quo
3081 2651 3287 2707 nititur
3317 2651 3767 2720 Tillemontius;
3800 2652 3852 2708 is

2196 2741 2352 2796 enim
2376 2746 2509 2812 post
2539 2745 2879 2795 enarratum
2902 2741 3369 2797 commentitium
3392 2741 3560 2796 illum
3594 2741 3848 2797 Athana-

2198 2830 2269 2884 sii
2302 2846 2513 2902 pueros
2546 2830 2897 2901 baptizantis
2954 2831 3184 2898 ludum,
3217 2831 3297 2886 ita
3330 2830 3518 2903 pergit
3552 2834 3577 2884 εΔ
3599 2830 3850 2886 Athana-

2196 2920 2345 2973 sium
2374 2936 2502 2975 vero
2529 2928 2687 2993 atque
2725 2937 2837 2986 eos,
2873 2936 3002 2991 quos
3058 2920 3221 2975 ludus
3253 2921 3351 2975 ille
3382 2920 3467 2975 vel
3508 2920 3853 2991 presbyteros

2197 3009 2395 3065 habere
2422 3012 2570 3064 visus
2596 3013 2809 3080 fuerat,
2847 3011 2927 3065 vel
2957 3011 3258 3079 ministros,
3304 3010 3610 3065 convocatis
3637 3025 3855 3080 paren-

2199 3098 2363 3166 tibus,
2396 3100 2494 3153 sub
2521 3101 2620 3153 Dei
2659 3099 3020 3155 obtestatione
3051 3098 3287 3153 tradidit
3320 3098 3572 3154 Ecclesiae
3600 3112 3718 3155 suae
3749 3114 3852 3152 nu-

2201 3189 2467 3243 triendos.
2502 3191 2679 3244 Parvo
2708 3198 2887 3244 autem
2921 3194 3177 3260 tempore,
3235 3204 3356 3243 cum
3400 3206 3432 3243 a
3464 3190 3681 3244 notario
3712 3189 3854 3244 inte-

2197 3292 2293 3348 gre
2320 3281 2376 3331 et
2417 3295 2449 3331 (ι
2504 3280 2863 3346 grammatico
2893 3279 3232 3349 sufficienter
3273 3278 3608 3331 Athanasius
3661 3279 3854 3348 fuisset

2200 3367 2518 3433 instructus,
2549 3368 2803 3421 continuo
2832 3372 3097 3437 tanquam
3145 3365 3304 3435 ﬁdele
3334 3366 3552 3420 Domini
3579 3380 3850 3420 commen-

2199 3454 2409 3519 datum,
2461 3474 2493 3510 a
2534 3457 2855 3526 parentibus
2904 3455 3218 3510 restituitur
3262 3453 3548 3521 sacerdoti,
3598 3470 3666 3509 ac
3706 3454 3853 3510 velut

2201 3544 2423 3599 Samuel
2471 3545 2696 3615 quidam
2746 3546 2804 3599 in
2844 3544 3043 3614 templo
3096 3545 3326 3599 Domini
3372 3543 3573 3610 utitur,
3612 3546 3664 3598 et
3694 3543 3761 3598 ab
3791 3558 3851 3599 eo

2196 3642 2456 3705 pergente
2510 3634 2580 3688 ad
2604 3641 2794 3705 patres
2826 3636 2885 3689 in
2914 3637 3187 3689 senectute
3217 3633 3375 3703 bona,
3406 3634 3489 3687 ad
3515 3632 3852 3703 portandum

2198 3729 2315 3792 post
2345 3739 2403 3777 se
2432 3722 2603 3793 ephod
2632 3722 2967 3778 sacerdotale
2997 3721 3278 3789 diligitur.
3312 3720 3740 3790 Tillemontius,
3760 3720 3849 3776 in-

2200 3812 2504 3883 quam,qui
2540 3811 2751 3867 Ruﬁno
2782 3810 3064 3882 puerilem
3099 3809 3443 3881 hujusmodi
3477 3808 3683 3865 ludum
3715 3826 3849 3865 nar-

2200 3900 2351 3956 ranti
2384 3902 2555 3955 ﬁdem
2589 3901 2849 3973 derogat,
2884 3900 2956 3955 ab
3016 3899 3401 3971 appendicula
3433 3897 3533 3954 illa
3562 3916 3633 3954 ne
3661 3898 3849 3954 latum

2199 4006 2455 4062 unguem
2479 3991 2783 4045 deﬂectere
2803 3989 3163 4044 vult.Mirum
3187 4006 3301 4045 non
3324 3988 3644 4044 advertisse
3667 3988 3852 4059 homi-

2199 4097 2333 4135 nem
2369 4080 2535 4152 plane
2567 4079 3146 4146 consideratum,non
3170 4079 3367 4133 minus
3400 4076 3848 4148 appendiculam

2200 4168 2569 4241 illam,quam
2604 4170 2793 4241 ipsam
2826 4167 3067 4239 puerilis
3091 4166 3213 4222 ludi
3246 4166 3719 4232 historiam,cum
3744 4182 3853 4222 sua

2201 4257 2579 4329 computandi
2610 4258 2833 4312 ratione
2860 4273 3124 4329 pugnare
3160 4273 3171 4310 :
3206 4256 3334 4311 ideo
3360 4271 3614 4326 namque
3644 4254 3853 4310 ludum

2200 4347 2485 4419 puerilem
2521 4347 2811 4417 repudiat,
2865 4345 3002 4417 quia
3051 4345 3174 4400 haec
3205 4349 3270 4399 ut
3317 4344 3492 4399 citius
3544 4360 3694 4399 anno
3726 4345 3851 4415 313,

2202 4435 2322 4492 sive
2352 4435 2660 4490 Alexandri
2694 4435 3067 4506 episcopatus
3100 4432 3410 4505 primo,agi
3456 4437 3718 4503 potuere,
3739 4449 3854 4503 quo

2201 4541 2271 4581 ex
2300 4524 2622 4580 Hermantii
2655 4522 2873 4578 calculo
2904 4522 3249 4578 vicesimum
3284 4521 3736 4589 tertium,aatalis
3758 4538 3855 4576 an-

2201 4630 2344 4670 num
2375 4614 2583 4685 agebat
2612 4612 2965 4667 Athanasius
2992 4630 3004 4678 ;
3038 4628 3106 4665 ex
3136 4615 3335 4666 nostro
3389 4614 3609 4677 autem,
3678 4626 3852 4681 quem

2202 4720 2314 4757 non
2350 4702 2646 4774 improbat
2697 4700 3131 4768 Tillemontius,
3165 4699 3369 4755 saltem
3402 4699 3696 4754 decimum
3747 4714 3852 4754 no-

2203 4808 2346 4847 num
2381 4807 2393 4844 :
2428 4808 2500 4846 an
2533 4792 2730 4846 minus
2764 4793 3069 4860 repugnat,
3098 4794 3163 4844 ut
3191 4794 3331 4844 tunc
3362 4789 3619 4861 primum
3651 4804 3847 4859 gram-

2204 4879 2417 4936 matico
2452 4879 2697 4935 traditus
2732 4878 2924 4948 fuerit,
2959 4896 3137 4950 quam
3170 4883 3235 4933 ut
3262 4876 3569 4950 pueriliter
3597 4876 3805 4933 luserit
3835 4894 3848 4944 ;

2203 4987 2338 5027 cum
2369 4969 2621 5024 maxime
2644 4968 2770 5039 jam
2791 4972 2925 5023 ante
2947 4967 3171 5039 aliquot
3201 4984 3386 5023 annos
3401 4966 3759 5022 Athanasius
3780 4967 3852 5022 ab

2200 5059 2275 5114 iis
2306 5057 2407 5130 qui
2440 5060 2639 5129 postea
2666 5061 2954 5129 martyres
2981 5055 3478 5122 fuere,altioribus
3508 5054 3854 5110 Christiana:

2200 5146 2505 5219 theologiaa
2543 5145 2873 5217 disciplinis
2918 5145 3230 5200 institutus
3262 5144 3454 5209 fuerit,
3486 5147 3552 5198 ut
3582 5144 3854 5215 superius

2203 5237 2651 5308 comprobatum
2671 5234 2796 5289 est?
2817 5238 2901 5289 An
2921 5233 3471 5299 Ruﬁnus,sublestaa
3495 5232 3628 5288 tidei
3652 5232 3850 5300 homo,

2202 5342 2551 5398 semperque
2581 5323 2804 5379 rumori
2836 5324 3115 5392 serviens,
3149 5322 3263 5377 {ide
3292 5321 3523 5393 dignior
3552 5320 3613 5376 in
3636 5336 3853 5394 appen-

2202 5415 2607 5486 dicula,quam
2641 5415 2699 5468 in
2732 5412 2978 5467 historia
2998 5412 3025 5465 ?
3053 5411 3213 5466 Adde
3243 5410 3475 5466 etiamsi
3500 5410 3695 5466 Rufini
3717 5427 3856 5467 nar-

2202 5505 2411 5560 rationi
2473 5504 2618 5559 ﬁdes
2662 5502 2994 5569 haberetur,
3030 5516 3161 5555 cum
3191 5515 3314 5555 rem
3354 5498 3452 5555 ille
3509 5499 3853 5572 compendio

2202 5598 2259 5651 et
2310 5591 2684 5667 paucissimis
2725 5590 2945 5656 efferat,
2980 5605 3094 5644 non
3127 5587 3232 5644 abs
3265 5603 3326 5643 re
3382 5604 3556 5661 posse
3594 5588 3851 5661 aliquam

2273 5810 2348 5883 (b)
2381 5808 2508 5866 Lib.
2544 5823 2585 5873 1,
2626 5820 2752 5877 cap,
2788 5804 2876 5861 14.
