4146 6420
280 445 396 498 CLX

1678 434 2268 504 PBOLEGOMENA
2281 481 2298 502 .

281 568 674 643 excepiionem
703 567 945 645 cogitari
975 573 1030 629 et
1057 570 1309 644 admitti,
1341 589 1519 648 quam
1549 578 1716 632 tanta
1743 571 1928 630 brevi-
1955 573 2010 638 Α
2041 575 2138 628 tus
2166 573 2330 632 tesiis
2362 571 2573 648 fui,qui
2597 572 2929 650 frequenter
2949 571 3251 634 hominem
3281 573 3496 648 invisi;
3527 573 3700 635 item-

280 663 372 715 tas
403 677 518 715 non
550 662 884 732 exprimat:
922 663 1074 734 quod
1128 680 1298 719 nemo
1345 681 1487 720 sane
1541 665 1768 720 inﬁcias
1815 665 1926 718 eat.

281 749 427 806 Cum
460 750 996 823 igiturignoremus
1028 769 1200 823 quem
1235 753 1293 807 in
1319 754 1628 824 juventute
1643 754 1772 810 vitae
1804 768 1928 806 cur-

283 855 417 894 sum
450 839 704 894 tenuerit
725 840 1256 908 Athanasius,nihil
1288 843 1928 921 reppgnat,quominus

283 927 569 999 pauculos
602 929 939 986 adolescens
970 948 1153 986 annos
1175 949 1308 986 cum
1333 932 1582 987 Antonio
1605 931 1928 998 cgerit.Nec

279 1019 593 1073 concedam
626 1023 817 1074 tamen
882 1020 1047 1088 illud,
1079 1019 1276 1096 χρόνον
1312 1019 1410 1074 οὐκ
1446 1019 1662 1094 ὀλίγον,
1695 1039 1805 1078 non
1831 1038 1927 1092 pa-

277 1123 403 1161 rum
460 1111 734 1178 temporis,
796 1109 889 1164 hic
947 1111 1274 1166 necessario
1324 1129 1506 1167 annos
1541 1111 1843 1166 indicare:
1879 1110 1926 1165 si

278 1211 393 1267 qua
421 1196 575 1251 enim
626 1199 961 1268 conjectura
991 1199 1062 1253 de
1107 1200 1391 1271 temporis
1423 1200 1610 1272 spatio
1641 1201 1735 1255 hic
1793 1201 1924 1255 duci

274 1283 555 1351 valeat,ea
585 1302 652 1340 ex
683 1287 832 1341 serie
881 1287 1233 1343 narrationis
1273 1292 1498 1359 petatur
1547 1293 1790 1360 oportet.
1833 1289 1927 1344 Ait

274 1379 469 1430 autem
498 1373 596 1429 ille
621 1392 632 1429 :
661 1375 786 1431 Ideo
818 1391 1154 1448 quau-ungue
1171 1378 1331 1432 novi:
1377 1393 1522 1447 saepe
1539 1379 1743 1434 etenim
1763 1379 1925 1432 illum

271 1461 426 1518 vidi:
458 1466 509 1518 et
539 1480 656 1534 qua:
689 1464 756 1517 ab
804 1479 863 1518 eo
906 1464 1146 1519 ediscere
1191 1467 1366 1536 potui,
1417 1467 1515 1537 qui
1563 1481 1675 1520 non
1711 1467 1924 1522 modico

271 1557 512 1622 tempore
541 1553 728 1606 virum
770 1556 987 1607 secutus
1043 1570 1185 1619 sum,
1235 1558 1396 1625 atque
1452 1555 1704 1610 abluenti
1733 1571 1924 1610 manus

270 1655 469 1710 aquam
525 1640 724 1712 effudi,
781 1648 978 1698 vestra?
1036 1644 1235 1713 pietati
1281 1644 1579 1699 rescribere
1633 1645 1917 1714 festinaui.

268 1727 522 1784 Tantum
545 1744 679 1800 ergo
712 1729 995 1802 temporis
1027 1729 1121 1786 hic
1144 1731 1469 1804 intelligere
1493 1750 1598 1804 par
1626 1737 1922 1804 est,quan-

267 1821 393 1874 tum
427 1834 662 1874 necesse
678 1819 881 1884 fuit,ut
901 1820 960 1874 in
989 1819 1375 1877 familiaribus
1399 1821 1705 1894 colloquiis
1736 1821 1922 1878 multa

269 1905 341 1962 ad
392 1906 626 1962 Antonii
658 1907 838 1962 vitam
897 1908 1244 1979 spectantia,
1312 1908 1499 1981 ipsius
1539 1909 1773 1965 Antonii
1823 1926 1921 1965 ore

267 1995 569 2051 edisceret.
604 1997 752 2061 Quot
784 1999 840 2051 et
867 2001 1088 2068 quanta
1116 2014 1248 2052 vero
1281 1997 1340 2052 in
1372 1998 1730 2070 quotidianis
1781 2017 1920 2054 con-

263 2083 725 2140 fabulationibus
758 2085 933 2140 unius
964 2086 1247 2155 anni,imo
1273 2086 1448 2142 etiam
1474 2105 1573 2143 sex
1603 2087 1919 2154 mensium,

266 2174 454 2245 spatio
478 2173 680 2229 audire
702 2174 928 2245 potuit?
950 2175 1032 2230 Ne
1055 2174 1388 2242 multa,sive
1411 2194 1594 2232 annos
1611 2177 1730 2232 sive
1753 2192 1918 2232 men-

264 2279 359 2319 ses
393 2262 574 2328 dicas,
619 2279 781 2334 aeque
823 2263 992 2319 nobis
1043 2263 1309 2336 expedita
1358 2270 1554 2321 manet
1592 2267 1662 2320 ad
1696 2266 1923 2337 objecta

265 2351 546 2408 diluenda
575 2352 742 2407 ratio.
778 2351 880 2408 Hic
908 2370 1078 2424 porro
1110 2359 1274 2409 notes
1304 2353 1476 2410 velim
1507 2355 1916 2423 Athanasium,

265 2458 399 2498 cum
441 2440 542 2507 ait,
575 2442 639 2496 Et
681 2458 799 2512 quas
828 2442 895 2496 ab
924 2458 986 2497 eo
1017 2442 1251 2497 ediscere
1275 2453 1451 2514 potui,
1492 2439 1791 2513 ἠδυνήθην.
1826 2447 1921 2516 qui

270 2547 382 2586 non
409 2547 610 2601 parum
631 2539 890 2600 temporis
937 2533 1121 2586 virum
1147 2541 1358 2588 secutus
1386 2550 1509 2588 sum
1547 2533 1919 2589 subindicare

259 2619 688 2690 Antonium,ut
717 2618 908 2675 solent
937 2620 1015 2692 pii
1049 2637 1114 2676 ac
1150 2623 1399 2677 modesti
1442 2623 1731 2693 homines,
1767 2639 1917 2695 aegre

262 2712 428 2781 gesta
475 2724 970 2764 commemorasse
1012 2727 1120 2765 sua
1165 2727 1177 2764 :
1213 2711 1365 2782 quod
1390 2712 1564 2766 etiam
1608 2711 1913 2767 lectionem

263 2797 574 2854 conﬁrmat
602 2801 887 2868 nostram,
915 2797 965 2852 si
1001 2802 1218 2855 tamem
1280 2800 1722 2856 conﬁrmatione
1767 2817 1915 2872 opus

263 2887 336 2943 ad
367 2903 492 2942 rem
518 2890 602 2942 tot
623 2887 888 2942 codicum
912 2891 968 2943 et
990 2888 1280 2944 editorum
1311 2890 1658 2946 auctoritate
1680 2890 1910 2946 fultam.

331 2975 503 3030 Aliud
537 2975 778 3048 opponit
804 2974 1150 3047 ille,scilicet
1179 2979 1228 3034 si
1269 2978 1628 3035 Athanasius
1658 2997 1773 3035 non
1807 2997 1913 3051 pa-

262 3081 394 3120 rum
417 3065 696 3137 temporis
728 3082 861 3120 cum
891 3067 1140 3122 Antonio
1201 3067 1436 3140 egisset,
1469 3085 1621 3123 anno
1653 3069 1913 3140 idipsum

262 3151 323 3209 in
344 3153 592 3209 decursu
615 3153 743 3208 vitae
766 3155 893 3225 ejus
915 3160 1259 3211 narraturus
1282 3157 1442 3212 erat?
1459 3157 1674 3212 Verum
1699 3157 1770 3213 ad
1794 3175 1913 3212 ma-

261 3258 427 3298 mum
458 3246 548 3298 est
578 3243 731 3314 quod
765 3243 902 3297 huic
924 3249 1258 3316 regeretur:
1285 3245 1346 3300 Si
1375 3245 1728 3302 Athanasius
1758 3263 1911 3319 saepe

263 3331 582 3386 Antonium
634 3331 916 3399 inviserit,
949 3337 1013 3387 ut
1069 3350 1272 3389 omnes
1303 3333 1530 3390 codices
1561 3334 1818 3407 editique
1849 3336 1908 3390 in
1940 3305 1982 3372 α

261 3419 508 3493 Prologo
539 3420 755 3488 ferunt,
790 3438 985 3477 annon
1042 3421 1130 3477 vel
1182 3421 1361 3478 semel
1391 3423 1451 3477 in
1505 3424 1752 3480 decursu
1785 3423 1912 3482 vitae

263 3508 452 3581 ipsius
485 3525 546 3565 se
575 3509 892 3564 Antonium
934 3510 1148 3567 adiisse
1201 3513 1778 3569 commemorasset?
1843 3515 1916 3568 At

264 3602 539 3654 neutrum
555 3598 992 3670 praestitit,quia
1013 3599 1124 3671 ipsi
1150 3599 1257 3654 fuit
1273 3603 1590 3671 utrumque
1609 3601 1666 3655 in
1680 3601 1913 3658 exordio

266 3687 525 3743 indicare
557 3687 720 3743 satis.
755 3688 864 3743 Par
895 3688 1046 3744 ultro
1077 3688 1338 3760 citroque
1383 3689 1528 3745 ratio
1559 3697 1667 3761 est,
1701 3696 1758 3747 et
1788 3709 1914 3764 quae

262 3775 378 3849 ipsi
402 3793 579 3832 causa
601 3777 931 3848 frequentes
952 3777 1149 3833 aditus
1165 3776 1375 3833 silendi
1399 3779 1737 3843 fuit,eadem
1756 3796 1914 3837 com-

263 3866 742 3922 memorationem
766 3883 902 3922 cum
925 3865 1174 3922 Antonio
1196 3869 1386 3922 tacere
1408 3867 1913 3926 suasit.Nimirum

265 3959 507 4028 urgente
537 3954 839 4010 tadellario
871 3957 1166 4026 quaerebat
1185 3957 1697 4028 compendium,ut
1727 3959 1784 4013 in
1817 3976 1914 4015 ex-

262 4044 425 4100 ordio
454 4044 579 4116 ipse
611 4045 934 4115 proﬁtetur.
971 4044 1038 4098 Et
1084 4043 1348 4115 alioquin
1399 4061 1466 4100 ea
1501 4049 1590 4100 est
1629 4048 1915 4104 modestia

261 4132 641 4201 Athanasius,
671 4136 734 4186 ut
763 4148 994 4203 semper
1020 4149 1054 4187 a
1103 4135 1194 4187 sui
1227 4134 1780 4192 commemoratione
1811 4138 1912 4193 de-

263 4222 461 4293 clinet,
486 4225 772 4292 quantum
803 4237 1012 4294 nempe
1057 4221 1285 4277 licitum
1341 4228 1448 4278 est.

334 4310 528 4382 Pergit
555 4307 962 4365 Tillemontius
1014 4327 1027 4364 :
1079 4311 1138 4366 Si
1170 4311 1526 4367 Athanasius
1556 4329 1670 4369 non
1705 4331 1912 4380 parum

261 4397 545 4470 temporis
575 4414 707 4452 cum
738 4399 984 4455 Antonio
1034 4399 1368 4466 mansisset,
1399 4418 1472 4456 an
1506 4402 1719 4459 diceret
1761 4403 1914 4461 ulte-

263 4487 386 4544 rius
419 4487 489 4542 ad
522 4487 805 4557 majorem
855 4487 966 4544 sibi
996 4487 1424 4544 conciliandam
1475 4491 1671 4563 ﬁdem,
1716 4510 1780 4549 se
1810 4493 1915 4550 fre-

264 4579 512 4649 quenter
539 4575 856 4631 Antonium
877 4576 1093 4634 vidisse
1140 4577 1168 4632 ‘f
1199 4577 1302 4632 Hic
1331 4579 1514 4634 fateor
1546 4597 1638 4636 me
1671 4598 1788 4637 non
1818 4599 1912 4639 ca-

2041 676 2154 732 que
2185 660 2307 731 illa,
2342 681 2470 736 quis
2501 665 2560 720 in
2611 664 3000 721 familiaribus
3042 664 3352 738 colloquiis
3379 683 3484 740 per
3513 667 3700 723 otium

2039 748 2376 809 solitudinis
2408 755 2480 810 ab
2526 771 2592 810 eo
2623 755 2855 824 edidici,
2889 753 2982 809 hic
3017 761 3366 811 narraturus
3393 773 3550 812 sum.
3591 759 3698 812 Ar-

2037 845 2318 910 gumenta
2350 843 2528 914 igitur
2558 843 2757 898 isthaac
2788 859 2858 898 ne
2891 842 3132 898 minime
3160 844 3403 915 quidem
3437 843 3700 900 ofﬁciunt

2037 943 2182 982 verae
2217 936 2571 1003 assertzsque
2598 949 2631 986 a
2665 932 2834 987 nobis
2866 931 3124 986 lectioni.

2118 1019 2200 1071 Ad
2236 1019 2356 1074 haec
2389 1019 2768 1076 Athanasium
2792 1025 3049 1076 ascetam
3079 1021 3694 1094 fuisse,zEgyptiorum

2038 1115 2272 1167 centum
2295 1110 2610 1181 praesulum
2642 1109 2977 1164 testimonio
3009 1110 3314 1178 asseritur,
3345 1111 3445 1182 qui
3480 1111 3536 1165 in
3558 1128 3694 1180 syn-

2036 1201 2146 1256 odo
2196 1198 2590 1255 Alexandrina
2641 1215 2793 1253 anno
2841 1199 2967 1267 340,
3021 1199 3409 1256 Athanasium
3451 1196 3542 1253 ἕνα
3587 1202 3695 1252 τῶν

2034 1289 2282 1356 ἀσκητῶν
2321 1289 2500 1343 fuisse
2533 1292 2751 1352 narrat,
2785 1291 2843 1342 et
2871 1287 2930 1342 in
2964 1286 3242 1344 electione
3305 1290 3433 1360 ejus
3485 1288 3569 1344 sic
3599 1305 3699 1344 ac-

2033 1378 2352 1433 clamatum
2384 1393 2514 1432 esse
2561 1378 2632 1432 ab
2684 1375 3077 1431 Alexandrina
3131 1375 3299 1447 plebe
3347 1377 3552 1432 dicunt
3604 1377 3690 1448 (α)

2033 1472 2077 1520 Π
2101 1467 2109 1483 ρ
2249 1463 2290 1484 λκ
2374 1465 2387 1482 ς
2469 1464 2488 1496 λ
2533 1485 2561 1497 Ρ
2890 1460 2913 1478 ’ἱ
2953 1463 2974 1480 τ’
3121 1462 3147 1496 .M
3270 1471 3297 1481 -ι
3616 1463 3629 1481 \

2085 1487 2214 1520 αντα
2245 1485 2302 1518 οε
2329 1486 2397 1518 τα
2433 1462 2706 1538 βελιισττῑ,
2743 1481 3056 1534 σπουοαιον,
3093 1459 3322 1534 εσλαϐη,
3357 1483 3695 1539 χριστιανον,

2029 1551 2123 1609 ἕνα
2175 1559 2284 1608 τῶν
2338 1555 2609 1621 ἀσκητῶν,
2661 1549 2883 1620 ἁλῆθῶς
2940 1549 3236 1619 ὲπίσκοπον
3308 1553 3686 1626 ὁνεμάζοντεςο

2028 1645 2136 1701 Sed
2191 1646 2397 1715 optima
2441 1658 2668 1716 quaeque
2721 1642 3106 1713 praedicantes,
3175 1643 3432 1715 probum,
3499 1645 3682 1714 pium,

2031 1734 2430 1800 Christianum,
2493 1749 2564 1788 ea:
2591 1733 2783 1788 ascetis
2811 1748 3008 1799 unum,
3038 1748 3103 1786 ac
3153 1748 3342 1788 verum
3372 1733 3684 1804 episcopum

2027 1823 2435 1894 nuncupabant.
2472 1823 2673 1892 Itaque
2703 1819 3095 1875 Athanasium
3146 1819 3489 1892 aliquandiu
3531 1837 3693 1877 asce-

2027 1911 2202 1966 ticam
2260 1910 2440 1965 vitam
2498 1909 2687 1981 egisse
2732 1909 3115 1980 conspicuum
3149 1913 3255 1979 est,
3291 1910 3488 1980 idque,
3523 1913 3589 1964 ut
3617 1925 3688 1966 ex

2031 2001 2304 2056 restituto
2335 1999 2460 2054 loco
2493 1997 2685 2070 palam
2746 2002 2854 2064 est,
2887 1998 2996 2054 sub
3037 1997 3275 2052 Antonii
3305 1996 3617 2068 disciplina
3671 2015 3685 2052 :

2032 2105 2169 2144 nam
2211 2087 2359 2143 alter
2387 2087 2551 2143 locus
2583 2087 2832 2142 alterum
2865 2086 3174 2142 conﬁrmat
3204 2089 3261 2140 et
3301 2085 3580 2140 defendit.
3613 2088 3690 2140 At

2031 2177 2315 2232 obnititur
2345 2175 2778 2242 Tillemontius,
2837 2179 2896 2229 et
2944 2190 3122 2246 penes
3154 2189 3215 2228 se
3246 2172 3405 2228 domi
3430 2172 3690 2229 Athana-

2031 2265 2187 2321 sium
2235 2264 2547 2321 asceticam
2597 2264 2788 2337 egisse
2817 2263 2997 2318 vitam
3031 2266 3274 2335 pugnat.
3308 2266 3527 2318 Verum
3560 2262 3690 2318 ubi-

2029 2371 2165 2410 nam
2185 2355 2213 2409 ?
2244 2371 2316 2410 an
2345 2355 2497 2426 apud
2522 2352 3020 2427 grammaticum?
3052 2368 3124 2407 an
3147 2351 3304 2424 apud
3360 2351 3687 2407 notarium?

2028 2461 2100 2500 an
2135 2461 2269 2501 cum
2301 2443 2627 2498 Alexandro
2669 2441 2942 2513 episcopo
2976 2442 3240 2514 regenda
3272 2441 3677 2498 Alexandrinae

2028 2534 2295 2589 Ecclesiae
2319 2533 2589 2588 minister
2611 2532 2888 2586 adesset?
2919 2530 3169 2597 nam,uti
3193 2548 3375 2604 supra
3403 2531 3684 2600 diximus,

2026 2622 2108 2678 ita
2133 2623 2457 2694 juventutis
2488 2623 2616 2692 ejus
2647 2619 2838 2691 spatia
2867 2618 2959 2675 his
2989 2619 3415 2690 circumscribi,
3451 2620 3686 2676 nemine

2024 2717 2285 2778 auctore,
2316 2710 2616 2766 contendit
2653 2708 2771 2778 ille,
2811 2712 2876 2763 ut
2905 2707 3017 2764 alio
3049 2709 3410 2764 concessisse
3443 2725 3558 2763 non
3590 2725 3691 2780 pa-

2023 2801 2222 2856 tiatur.
2258 2800 2367 2854 Sed
2401 2816 2470 2855 ex
2501 2797 2818 2854 Athanasio
2877 2797 3018 2869 quid
3085 2803 3286 2854 ascetaa
3327 2802 3385 2854 et
3429 2797 3689 2853 ascetice

2024 2887 2148 2944 vita:
2181 2885 2417 2942 nomine
2475 2884 2837 2957 intelligatur
2866 2884 3300 2941 excutiendum.
3335 2887 3686 2958 Antequam.

2021 2975 2312 3031 Antonius
2369 2975 2428 3030 in
2488 2975 2826 3030 interiorem
2877 2990 3142 3030 eremum
3197 2974 3491 3041 conderet,
3525 2990 3688 3031 asce-

2021 3069 2090 3120 tae
2121 3069 2178 3120 et
2208 3063 2502 3134 monachi,
2534 3062 2584 3119 si
2615 3063 2716 3134 qui
2747 3063 2806 3118 in
2837 3067 3084 3136 [Egypto
3131 3068 3316 3134 erant,
3351 3062 3506 3118 haud
3540 3079 3680 3135 pro-

2023 3153 2118 3209 cul
2155 3154 2279 3209 vico
2310 3170 2416 3208 suo
2450 3153 2508 3208 in
2542 3169 2779 3208 secessu
2837 3152 3121 3225 degebani
3155 3157 3212 3207 et
3243 3151 3556 3207 asceticam
3589 3151 3680 3206 vi-

2017 3249 2140 3299 tam
2199 3244 2468 3315 agebant:
2530 3235 2752 3301 ἕκαστος
2824 3237 2882 3294 δὲ
2927 3244 3035 3294 τῶν
3093 3237 3444 3314 βουλομὶνων
3499 3239 3677 3310 ἑαυτῷ

2021 3331 2334 3408 προσέχειν,
2387 3329 2448 3384 οὐ
2502 3329 2707 3405 μακρὰν
2757 3335 2856 3398 τῆς
2910 3326 3051 3391 ὶδίας
3111 3329 3307 3402 κώμης
3359 3327 3672 3401 καταμόνας

2022 3423 2263 3492 ἠσκεῖτο.
2304 3421 2514 3493 Sicque
2543 3419 2833 3475 Antonius
2872 3419 2997 3491 ipse
3039 3436 3074 3474 a
3095 3419 3482 3492 principio,ad
3515 3434 3678 3475 asce-

2022 3511 2147 3568 ticze
2178 3512 2306 3567 vitae
2365 3509 2781 3582 perfectionem
2837 3509 3264 3575 contendebat;
3296 3508 3474 3580 idque
3522 3523 3676 3564 anno

2022 3599 2237 3658 Christi
2266 3599 2496 3654 circiter
2523 3598 2649 3666 271,
2682 3615 2817 3653 cum
2875 3597 2926 3652 is
2957 3597 3304 3652 vicesimum
3347 3601 3543 3668 ageret
3572 3613 3676 3652 an-

2025 3707 2189 3758 num,
2223 3692 2396 3744 natus
2421 3704 2572 3742 anno
2604 3685 2940 3742 251.Multis
2971 3690 3175 3757 postea
3205 3685 3506 3741 laboribus
3528 3700 3682 3741 exer-

2023 3779 2237 3836 citatus
2259 3794 2412 3834 anno
2443 3775 2657 3832 Christi
2689 3775 2814 3842 305,
2854 3775 3039 3830 atatis
3069 3773 3524 3842 55,monasteria
3551 3773 3684 3847 plu-

2023 3870 2173 3924 rima
2205 3868 2262 3923 in
2288 3866 2590 3922 montibus
2615 3869 2670 3919 et
2692 3864 2750 3919 in
2785 3863 3024 3920 remotis
3066 3863 3487 3920 solitudinibus
3526 3864 3682 3919 exci-

2025 3959 2184 4024 tavit,
2219 3955 2558 4026 multosque
2585 3955 2654 4009 ad
2689 3953 2951 4010 asceticas
2999 3953 3127 4008 vita:
3158 3969 3420 4009 amorem
3453 3953 3684 4008 inﬂam-

2024 4046 2206 4104 mavit
2225 4043 2544 4117 (b),quibus
2567 4042 2844 4098 omnibus
2869 4043 3037 4114 quasi
3072 4047 3237 4115 pater
3258 4043 3383 4115 ipse
3413 4046 3680 4114 praeerat,

2021 4134 2112 4190 καὶ
2166 4135 2381 4188 πάντων
2441 4130 2618 4185 αὺτῶν
2680 4130 2755 4192 ὡς
2808 4132 2989 4206 πατήρ
3021 4131 3339 4204 καθηγεῖτο.
3390 4132 3539 4187 Hinc
3573 4132 3683 4187 fre-

2024 4229 2270 4298 quenter
2300 4222 2396 4277 ille
2430 4226 2656 4278 ascetas
2684 4224 2742 4276 et
2771 4221 3111 4288 monachos,
3136 4238 3272 4277 nam
3305 4225 3556 4292 utroque
3576 4237 3685 4276 no-

2024 4314 2182 4370 mine
2205 4311 2539 4368 alternatim
2571 4309 2977 4382 compellat,ad
3008 4309 3251 4366 solitarii
3277 4310 3530 4366 instituti
3552 4326 3682 4382 per-

2024 4402 2325 4460 fectienem
2358 4404 2652 4472 provocat,
2711 4399 3144 4471 asceticamque
3174 4400 3355 4454 vitam
3388 4415 3518 4454 eam
3551 4413 3681 4471 quis

2022 4493 2083 4548 in
2115 4491 2434 4548 solitudine
2459 4494 2515 4545 et
2544 4489 2604 4544 in
2644 4489 3015 4544 monasteriis
3037 4489 3231 4561 agitur
3253 4493 3685 4560 nuncupat,nec

2024 4580 2199 4637 aliam
2261 4582 2622 4652 agnoscit,ut
2653 4578 3061 4649 frequentibus
3090 4579 3150 4632 in
3182 4577 3324 4634 locis
3355 4577 3574 4633 videas.
3618 4577 3683 4633 In

264 4681 400 4739 pere
431 4665 761 4737 argumenti
789 4665 907 4721 vim
963 4670 1019 4722 et
1076 4667 1398 4722 efﬁcaciam
1432 4686 1445 4723 :
1481 4668 1805 4741 quotidiani
1852 4689 1919 4728 ac
1948 4676 1996 4741 D
2029 4670 2333 4726 montibus
2363 4667 2561 4740 itaque
2590 4671 2644 4723 et
2693 4666 3114 4722 solitudinibus
3149 4667 3294 4723 nihil
3327 4665 3487 4722 aliud
3518 4666 3684 4723 vide-

263 4753 474 4827 plebeii
495 4771 638 4809 usus
660 4758 750 4810 est
775 4754 965 4811 dicere
991 4758 1206 4812 :Probe
1228 4757 1361 4812 novi
1386 4757 1563 4813 talem
1592 4758 1914 4831 hominem,

264 4847 467 4915 utpote
498 4859 672 4915 quem
707 4843 979 4916 frequens
1012 4845 1334 4912 inviserim,
1395 4853 1450 4901 et
1507 4847 1746 4918 quicum
1801 4866 1917 4905 non

264 4949 472 5005 parum
498 4933 779 5004 temporis
801 4931 1116 5005 aliquando
1141 4937 1404 4990 moratus
1423 4934 1918 5007 sim.Hujusmodi

262 5037 398 5078 vero
421 5021 856 5091 objecta,unam
875 5039 992 5094 prae
1023 5039 1084 5078 se
1110 5023 1304 5079 fernnt
1330 5024 1768 5095 prmjudicatam
1791 5028 1917 5099 opi-

263 5109 537 5179 nionem;
571 5109 860 5182 siquidem
897 5111 1200 5167 Athanasii
1233 5111 1423 5175 lectio,
1450 5130 1628 5184 quam
1652 5119 1912 5188 tuemur,

265 5199 504 5254 omnino
535 5199 785 5270 quadrat
817 5215 829 5253 z
865 5200 985 5256 Ideo
1033 5216 1376 5272 quaecunque
1404 5203 1534 5256 novi
1592 5217 1604 5257 :
1667 5219 1815 5274 saepe
1843 5211 1918 5262 et-

263 5289 410 5342 enim
434 5289 596 5343 itlum
624 5288 782 5355 vidi;
817 5293 868 5344 et
889 5304 1014 5360 qua
1040 5290 1107 5345 ab
1137 5306 1200 5345 eo
1228 5290 1468 5346 ediscere
1493 5294 1776 5363 potui,qui
1805 5310 1917 5350 non

264 5376 480 5432 modico
520 5384 761 5448 tempore
810 5380 1000 5434 virum
1039 5384 1253 5435 secutus
1297 5396 1439 5451 sum,
1474 5388 1634 5451 atque
1674 5382 1920 5440 abtuenti

263 5481 462 5521 manus
493 5481 698 5536 aquam
713 5468 1032 5524 ministran
1049 5489 1068 5524 :
1099 5469 1159 5524 id
1190 5472 1280 5524 est
1307 5469 1420 5524 :Ea
1436 5484 1689 5541 quorum
1721 5472 1915 5529 ocula-

339 5678 418 5824 itl
448 5677 510 5809 Ξῖ
540 5677 670 5806 iii:

2029 4759 2408 4831 batur,quam
2436 4755 2752 4812 multitudo
2773 4760 3127 4823 ascetarum,
3161 4752 3308 4814 ἀλλὰ
3336 4751 3551 4824 πλῆθος
3585 4754 3680 4828 μὶν

2027 4848 2300 4918 ἀσκητῶν.
2365 4846 2486 4901 Sub
2554 4845 2677 4900 haec
2754 4849 2973 4915 autem,
3061 4845 3313 4902 Maximo
3373 4849 3682 4918 grassante

2027 4954 2163 4994 cum
2196 4935 2489 4991 Antonius
2526 4933 2792 5007 martyrii
2824 4935 3076 5007 cupidus
3107 4935 3338 5007 (c),sese
3359 4933 3549 5005 judici
3579 4933 3683 4990 ob-

2025 5025 2281 5092 tulisset,
2313 5023 2650 5096 providente
2683 5024 2925 5079 Domino
2947 5028 3213 5080 servatus
3253 5028 3362 5081 est.
3396 5022 3505 5078 ’lvu
3533 5021 3589 5077 ὲν
3609 5024 3679 5096 τῇ

2029 5115 2273 5183 ἀσκήσει,
2333 5111 2399 5185 ᾕν
2452 5109 2512 5164 ἐκ
2555 5114 2663 5164 τῶν
2711 5111 2945 5189 ΓρΠφῶν
3007 5110 3166 5174 αὺτὸς
3203 5111 3503 5184 μεμάθηκε,
3534 5107 3681 5165 πολ-

2027 5201 2150 5264 λοῖς
2182 5197 2506 5262 διδάσκαλος
2560 5199 2722 5262 αὺτὸς
2770 5201 2995 5275 γένηται
3048 5199 3138 5256 καὶ
3204 5201 3310 5277 γὰρ
3363 5200 3454 5255 καὶ
3515 5198 3678 5274 μόνον

2031 5289 2326 5367 βλέποντες
2382 5287 2547 5343 αἱ)τοῦ
2603 5289 2703 5358 τὴν
2765 5289 3015 5365 ἁγῶγὴν,
3073 5285 3282 5344 πολλοὶ
3333 5295 3436 5358 τῆς
3517 5286 3682 5344 πολι-

2024 5380 2172 5442 τείάς
2205 5379 2369 5434 αὐτοῦ’
2411 5374 2782 5447 σπουδαζοντο
2843 5377 3091 5450 ζηλωταὶ
3148 5378 3416 5454 γενέσθαι.
3473 5380 3538 5438 Ut
3591 5395 3680 5436 as-

2024 5473 2208 5528 σθιίοω
2220 5468 2950 5542 vita,quamexScrupturis
2961 5469 3683 5544 ipsedidicerat,pennultis

2097 5687 2169 5762 (ε)
2199 5684 2265 5744 Ρ.
2294 5685 2424 5742 662.
