4146 6374
1344 379 1448 441 DE
1490 378 1678 441 VITA
1723 376 1824 440 ET
1868 372 2224 441 SCRIPTIS
2268 380 2332 442 S.
2381 378 2834 444 ATHANASII.

3666 399 3801 448 CLXI

382 514 641 585 magister
658 512 1113 585 foret.Enimvero
1126 512 1586 585 multi,perspecto
1604 514 1724 585 ejus
1749 513 2049 569 vitaeinsti-
2074 515 2131 582 Α
2162 512 2494 570 haereticos:
2531 516 2687 586 quod
2720 516 2770 571 si
2801 514 3018 571 Ariana
3071 515 3329 587 haeresis,
3359 516 3503 588 ipsis
3541 516 3800 574 infestis-

381 607 514 672 tuto,
551 604 767 658 imitari
803 603 967 658 illum
1022 603 1307 657 studuere.
1364 603 1428 657 In
1491 619 1741 673 quorum
1793 615 2035 656 numero

382 692 539 749 haud
571 692 749 747 dubie
778 692 1136 747 Athanasius
1166 692 1519 757 censendus,
1552 691 1654 763 qui
1687 695 1818 763 post
1856 690 2036 746 Maxi-

381 782 527 836 mini
558 780 963 836 carniticinam
1004 780 1319 836 asceticurn
1373 780 1734 846 institutum,
1787 780 2037 835 Antonio

383 870 684 942 magistro,
718 870 778 924 in
810 869 1123 925 solitudine
1154 869 1306 939 iniit,
1341 874 1398 924 et
1454 870 1694 940 quidem
1740 886 1872 924 cum
1907 868 2038 923 aliis

383 958 628 1015 multis:
663 975 801 1013 nam
834 959 893 1013 id
926 959 1237 1013 manifeste
1268 959 1532 1013 indicant
1564 958 1685 1013 haec
1716 959 1911 1024 verba,
1944 953 2039 1009 ἓνα

381 1051 491 1102 τῶν
524 1048 795 1118 ἀσκητῶν,
828 1064 1003 1102 unum
1056 1051 1383 1118 ascetarum,
1445 1064 1645 1103 eorum
1684 1047 1907 1103 scilicet
1937 1046 2037 1117 qui

386 1155 518 1195 cum
549 1137 797 1193 Antonio
829 1139 1005 1192 simul
1039 1138 1289 1209 agebant
1318 1137 1377 1192 in
1410 1136 1857 1193 solitudine.Hic
1880 1153 2039 1207 quas-

388 1227 550 1285 rendi
584 1230 811 1292 asc-etas,
866 1243 981 1283 non
1041 1231 1236 1281 autem
1296 1228 1355 1281 in
1414 1228 1587 1281 domo
1645 1226 1878 1294 notarii,
1939 1228 2037 1281 aut

386 1316 773 1391 grammaticii
804 1320 905 1371 aut
930 1315 1302 1371 Alexandrini
1330 1314 1646 1383 antistitis;
1672 1315 1771 1371 sed
1803 1314 1862 1369 in
1887 1313 2040 1369 mul-

381 1405 635 1462 titudine
662 1422 864 1460 eorum
907 1422 1060 1475 quos
1116 1406 1290 1460 modo
1352 1404 1612 1474 ἀπητάς,
1644 1405 1817 1460 modo
1848 1423 2038 1456 συνασ-

380 1494 546 1567 κῃτὰς
580 1497 885 1565 nuncupat
914 1494 1271 1549 Athanasius
1304 1493 1404 1566 (a),
1438 1492 1577 1565 quia
1620 1493 1798 1549 simul
1848 1509 2039 1549 versa-

381 1585 617 1640 bantur.
652 1582 762 1638 Ubi
794 1586 962 1638 notes
993 1582 1168 1637 velim
1200 1599 1268 1637 ex
1282 1582 1494 1638 ascetis
1525 1581 1811 1654 alios,qui
1844 1598 2042 1637 mona-

385 1671 535 1729 chali
561 1671 835 1727 instituto
850 1688 913 1727 se
938 1672 1174 1743 penitus
1187 1671 1877 1739 dediderant,monachos
1900 1670 2038 1726 item

385 1762 565 1817 fuisse
586 1766 823 1817 vocatos
846 1782 865 1821 :
895 1760 1041 1816 alios
1073 1766 1269 1816 autem
1296 1761 1396 1833 qui
1437 1761 1869 1817 exercitationis
1909 1777 2041 1815 cau-

2148 605 2321 671 sima,
2355 604 2524 676 signa
2552 606 2863 660 adversum
2897 620 3105 661 canere
3135 604 3428 677 ccepisset,
3456 609 3706 677 putasne
3736 607 3796 662 S.

2148 693 2444 747 doctorem
2477 708 2597 747 rem
2630 692 2861 748 silentio
2894 694 3077 749 fuisse
3125 694 3655 766 praetermissurum
3676 694 3704 750 ‘t
3737 696 3799 751 Id

2149 786 2303 836 certe
2332 780 2427 835 vix
2458 781 2513 835 in
2548 782 2811 836 animum
2844 784 3127 849 inducas;
3154 783 3203 837 si
3233 784 3611 855 perpenderis
3642 800 3799 853 eum,

2151 870 2422 942 quamvis
2454 871 2703 926 minima
2731 873 2867 926 data
2899 872 3220 939 occasione,
3269 873 3447 927 etiam
3483 890 3617 928 cum
3644 873 3801 929 aliud

2148 959 2361 1031 agitur,
2397 958 2686 1029 lucifugae
2720 959 2849 1014 illos
2883 961 3154 1015 insectari
3186 978 3250 1016 ac
3282 966 3593 1032 proterere.

2219 1046 2436 1101 Verum
2470 1047 2562 1101 his
2602 1065 2713 1102 non
2755 1049 3119 1120 obtemperat
3148 1049 3553 1106 Tillemontius
3585 1052 3678 1124 (ο),
3701 1053 3801 1125 qui

2149 1152 2317 1191 suam
2352 1139 2548 1190 tamen
2581 1137 2663 1191 sic
2690 1138 2855 1192 oti'ert
2871 1139 3315 1205 sententiam,ut
3339 1140 3570 1212 ignores
3594 1141 3804 1213 plusne

2149 1224 2261 1279 sibi
2295 1241 2471 1296 quam
2504 1226 2672 1281 nobis
2705 1227 3062 1281 adversetur.
3097 1230 3204 1283 Hoc
3232 1244 3382 1299 opus,
3417 1228 3500 1284 ait
3530 1230 3649 1298 ille,
3683 1232 3799 1287 edi—

2148 1313 2231 1367 dit
2257 1313 2612 1379 Athanasius,
2660 1320 2898 1384 rogante
2957 1316 3191 1385 quodam
3248 1319 3489 1373 Macario
3540 1318 3804 1376 Christia-

2148 1418 2242 1468 no,
2273 1404 2371 1458 cui
2400 1404 2607 1458 librum
2639 1407 2941 1475 nuncupat.
2967 1405 3154 1459 Libros
3183 1413 3361 1461 autem
3392 1406 3622 1463 Patrum
3678 1424 3805 1464 cum

2144 1507 2310 1562 penes
2339 1508 2396 1547 se
2424 1508 2535 1547 non
2565 1494 2767 1549 habere
2831 1494 3169 1563 testiﬁcatur,
3213 1494 3527 1550 subindicat
3577 1498 3807 1567 fortasse

2147 1596 2223 1650 se,
2257 1580 2390 1635 dum
2415 1583 2609 1652 pulsus
2633 1591 2684 1637 et
2744 1585 2970 1637 vexatus
3030 1583 3242 1649 lateret,
3301 1600 3435 1654 opus
3493 1584 3807 1657 hujusmodi

2150 1671 2207 1723 in
2242 1671 2417 1725 lucem
2449 1670 2674 1725 dedisse.
2736 1671 3092 1726 Arbitrantur
3143 1673 3495 1728 Benedictini
3548 1683 3673 1730 ante
3702 1692 3805 1730 an-

2148 1776 2282 1813 num
2317 1760 2422 1813 319
2454 1760 2565 1814 haec
2610 1759 2907 1831 publicata
2934 1763 3144 1830 fuisse;
3176 1763 3307 1832 quia
3334 1762 3483 1817 nihil
3511 1764 3595 1819 ibi
3616 1768 3810 1820 contra

389 1868 453 1907 sa
471 1852 540 1907 ad
573 1855 800 1906 certum
831 1849 1114 1922 temporis
1145 1850 1401 1922 spatium
1433 1850 1492 1904 in
1524 1850 1839 1905 solitudine
1869 1850 2039 1922 dege-
2072 1888 2119 1952 B
2150 1849 2380 1903 Arianos
2402 1867 2419 1903 :
2454 1865 2582 1918 quos
2612 1852 2796 1904 tamen
2852 1851 3181 1919 con/utendi
3242 1850 3425 1906 eadem
3464 1854 3612 1907 ratio
3642 1858 3693 1908 et
3724 1870 3808 1909 oc-

390 1942 551 2010 bant,
580 1944 807 1995 ascetas
834 1938 1025 1995 solum
1058 1939 1244 1995 dictos
1275 1956 1403 1995 esse
1429 1957 1442 1994 :
1477 1955 1506 1994 e
1538 1956 1791 2011 quorum
1832 1956 2043 1994 nume-

386 2046 451 2085 ro
478 2028 878 2096 Athanasius;
912 2033 977 2083 ut
1006 2028 1202 2083 innuit
1229 2028 1387 2084 idem
1422 2029 1479 2083 in
1513 2029 1651 2083 Vita
1690 2028 1928 2084 Antonii
1973 2030 2044 2084 de

386 2122 618 2174 Amune
642 2117 931 2173 monacho
948 2116 1194 2189 loquens
1217 2118 1320 2189 (b):
1348 2118 1445 2170 Ἦν
1471 2113 1528 2170 δὲ
1541 2114 1695 2178 οὗτος
1718 2115 2044 2191 ἓωςγηρους

390 2207 633 2275 ἀσκητὴς
666 2203 972 2278 διαμείνας.
1006 2208 1057 2262 Is
1084 2211 1269 2263 autem
1298 2208 1369 2262 ad
1424 2212 1758 2264 senectutem
1787 2224 1956 2279 usque
1985 2208 2047 2262 in

392 2302 587 2353 ascetae
615 2299 765 2352 statu
792 2299 1192 2368 perseveravit;
1218 2297 1374 2368 quod
1400 2296 1775 2353 subindicare
1816 2296 2049 2352 videtur

395 2384 542 2441 alios
570 2385 771 2455 fuisse,
804 2385 903 2457 qui
935 2385 1006 2441 ad
1050 2389 1283 2458 tempus
1316 2386 1507 2442 solum
1532 2391 1859 2442 ascetarum
1883 2386 2048 2441 insti-

392 2478 589 2531 tutum
608 2474 1050 2546 colebant,quod
1072 2476 1463 2532 Athanasium
1480 2476 1682 2532 fecisse
1696 2476 2044 2548 putandum.

855 2581 1407 2639 ANIMADVERSIO
1460 2584 1555 2639 III.

386 2673 546 2728 Libri
572 2675 784 2727 Contra
814 2676 1018 2745 gentes
1048 2675 1097 2727 et
1128 2672 1211 2757 De
1240 2672 1637 2798 itncarnatione
1668 2688 1773 2743 quo
1811 2682 2051 2745 tempore

1101 2760 1246 2798 scrin
1276 2761 1317 2798 ι.
1998 2772 2007 2780 -

1101 2760 1317 2815 scripti.
1998 2772 2007 2780 -

459 2832 699 2889 Librum
732 2832 932 2888 Contra
958 2841 1141 2903 gentes
1172 2837 1229 2888 et
1258 2833 1715 2905 subsequentem
1764 2834 1839 2888 De
1868 2834 2051 2888 lucar-

386 2923 610 2978 natione
640 2923 698 2977 in
727 2923 919 2977 fronte
948 2939 1191 2994 operum
1228 2921 1530 2978 Athanasii
1566 2923 1808 2994 positos,
1844 2923 2049 2978 eodem

390 3015 650 3083 tempore
677 3011 1256 3083 scriptos,unumque
1280 3028 1407 3067 esse
1440 3013 1499 3067 in
1530 3017 1724 3084 partes
1747 3013 1894 3067 duas
1926 3011 2049 3067 dis-

385 3101 679 3156 tributum
712 3118 881 3173 opus,
909 3101 1034 3172 ipse
1067 3118 1261 3156 rerum
1295 3101 1457 3171 ordo,
1492 3102 1808 3173 ipsumque
1856 3105 2049 3173 poste-

387 3190 560 3245 rioris
586 3190 722 3245 libri
754 3190 1059 3245 exordium
1092 3194 1289 3261 aperte
1321 3189 1651 3262 signiﬁcat:
1696 3207 1884 3262 neque
1924 3190 2044 3246 ulla

389 3283 659 3335 movetur
689 3279 799 3334 hac
830 3280 901 3334 de
930 3296 989 3334 re
1019 3260 1663 3349 discieptatioiDudum,
1689 3284 1764 3346 et,
1788 3260 1864 3334 iut
1891 3280 2040 3335 vide-
2073 3260 2115 3326 C

386 3369 502 3433 tur,
537 3366 608 3421 ab
638 3367 768 3438 ipso
802 3366 1108 3422 Athanasii
1137 3383 1255 3421 aevo
1286 3366 1560 3436 obtinuit,
1595 3370 1658 3421 ut
1681 3366 1832 3422 inter
1866 3368 2044 3423 Atha-

387 3455 541 3511 nasii
564 3472 739 3527 opera
771 3455 829 3510 hi
863 3454 977 3510 duo
1009 3455 1143 3511 libri
1176 3455 1397 3528 primas
1453 3459 1736 3523 tenerent,
1769 3456 2046 3529 Hierony-

389 3561 525 3600 mus
556 3545 772 3617 quippe
804 3545 863 3599 in
897 3545 1233 3601 recensione
1266 3562 1373 3600 sua
1426 3544 1610 3600 libros
1665 3546 1812 3601 duos
1845 3544 2049 3601 Contra

385 3637 567 3706 gentes
602 3634 823 3705 primos
882 3639 1207 3701 enumerat,
1271 3633 1544 3689 similiter
1601 3639 1658 3689 et
1714 3634 1956 3690 Photius
1987 3635 2045 3689 in

387 3724 762 3779 Bibliotheca:
793 3722 852 3777 in
884 3722 1277 3794 omnibusque
1303 3740 1545 3794 prorsus
1572 3722 1832 3795 antiquis
1854 3739 2047 3779 exem-

386 3811 651 3884 plaribus
682 3811 860 3867 iidem
892 3811 1024 3867 libri
1073 3828 1283 3883 agmen
1341 3816 1559 3884 agunt:
1619 3829 1764 3884 quos
1824 3813 1953 3868 ideo
1987 3813 2046 3868 in

388 3900 575 3956 fronte
602 3900 827 3956 locatos
860 3900 1383 3972 arbitramur,quia
1401 3901 1575 3972 primi
1603 3902 1867 3957 omnium
1903 3903 2045 3958 scri-

386 3989 470 4062 pti
502 3990 753 4046 fuerant.
789 3990 905 4045 Nec
939 3989 1153 4044 desunt
1196 3988 1331 4054 alia,
1362 3995 1419 4044 et
1452 3990 1689 4062 quidem
1722 3992 1941 4063 gravia,
1975 3993 2045 4048 ad

385 4095 517 4134 eam
551 4080 834 4134 tuendam
868 4079 1220 4134 sententiam
1255 4084 1621 4151 opportuna:
1684 4098 1821 4135 nam
1866 4081 1924 4135 in
1958 4099 2047 4137 se-

385 4168 578 4223 cundo
606 4168 777 4234 libro,
803 4168 894 4223 cui
927 4168 1001 4224 De
1058 4169 1452 4224 incarnatione
1507 4167 1737 4239 titulus,
1773 4170 1872 4224 ubi
1905 4187 2044 4226 con-

384 4260 480 4312 tra
508 4261 731 4330 gentes,
764 4257 999 4313 Judaeos
1031 4261 1087 4311 et
1117 4257 1427 4329 plerosque
1477 4258 1906 4329 haereticorum,
1942 4259 2044 4331 qui

386 4345 598 4420 Christi
635 4346 911 4401 deitatem
974 4350 1275 4417 negarent,
1334 4362 1440 4416 pro
1494 4345 1719 4404 viribus
1750 4347 2048 4419 depugnat

383 4433 516 4504 ille;
547 4452 620 4491 ne
649 4434 893 4489 verbum
926 4434 1165 4506 quidem
1197 4438 1516 4505 comparet,
1550 4435 1703 4506 quod
1763 4435 1851 4491 vel
1883 4436 2043 4492 Aria-

383 4539 521 4579 nam
538 4523 941 4595 hmresimjam
956 4523 1261 4578 subortam
1287 4523 1341 4577 in
1352 4522 1614 4593 dicet,vel
1644 4540 1870 4596 pugnas
1892 4525 2047 4582 oleat

2153 1938 2297 1993 casio
2349 1937 2564 2007 atterat,
2620 1954 2740 2009 qum
2795 1938 2866 1992 ad
2921 1940 3069 1993 alias
3123 1940 3349 1995 haereses
3401 1943 3810 2013 propulsandus

2153 2027 2515 2081 Athanasium
2567 2028 2828 2098 perpulit.
2888 2027 2951 2082 At
3008 2030 3280 2083 maturius
3355 2030 3589 2099 fortasse
3644 2048 3811 2103 quam

2154 2125 2290 2172 aetas
2318 2118 2507 2187 ferret,
2537 2132 2670 2187 opus
2730 2116 3046 2186 hujusmodi
3099 2120 3306 2188 factum
3362 2121 3624 2189 putabat:
3660 2124 3813 2190 igno-

2154 2221 2321 2275 roque
2353 2205 2483 2275 quid
2512 2220 2698 2261 causa:
2752 2213 2907 2275 esset,
2969 2222 3068 2260 cur
3121 2223 3177 2261 se
3235 2207 3399 2263 libris
3454 2212 3583 2264 tunc
3623 2226 3814 2267 carere

2156 2295 2379 2349 dixerit.
2417 2297 2666 2350 Attamen
2697 2311 2821 2349 cum
2876 2296 2995 2351 haec
3049 2296 3243 2365 ﬂorido
3296 2298 3439 2368 stylo
3474 2307 3808 2369 narrauerit,

2156 2385 2218 2438 in
2270 2384 2481 2455 primos
2538 2386 2717 2439 atatis
2774 2400 2947 2438 annos
3003 2388 3368 2456 Opportunius
3422 2389 3809 2459 conjiciantur.

2155 2476 2304 2529 Sane
2324 2489 2450 2529 vero
2480 2473 2697 2528 videtur
2728 2473 3003 2528 modicam
3050 2482 3167 2529 tum
3224 2476 3593 2533 Romanorum
3621 2494 3814 2535 rerum

2158 2565 2427 2619 notitiam
2481 2564 2737 2619 habuisse
2765 2571 2927 2634 atque
2967 2581 3295 2635 priusquam
3344 2568 3569 2623 Romam
3629 2569 3814 2624 adiis-

2158 2657 2256 2720 set,
2289 2654 2403 2707 haec
2431 2654 2735 2724 scripsisse.
2771 2654 2880 2708 Sed
2912 2657 3225 2724 postquam
3256 2654 3338 2709 ita
3369 2654 3602 2725 clausit,
3637 2662 3703 2713 ut
3750 2658 3814 2714 in

2158 2746 2385 2814 partem
2418 2747 2679 2797 nostram
2711 2742 3069 2813 propendere
3099 2742 3677 2815 videatur,dictorum
3704 2747 3815 2803 for-

2159 2830 2339 2885 tassis
2370 2831 2703 2897 immemor,
2736 2829 2795 2885 in
2828 2830 2992 2886 Notis
3051 2833 3197 2899 suis,
3257 2849 3409 2889 anno
3454 2835 3560 2889 346
3587 2836 3809 2891 editum

2161 2936 2309 2991 opus
2342 2920 2522 2974 fuisse
2556 2918 2932 2991 probabiliter
2961 2920 3275 2976 existimat.
3296 2922 3419 2977 Non
3452 2923 3632 2995 igitur
3652 2925 3815 2996 prius

2160 3026 2339 3081 quam
2373 3009 2619 3063 Romam
2647 3008 2890 3063 vidisset
2920 3008 3076 3064 hunc
3130 3009 3346 3065 librum
3406 3013 3624 3068 edidit:
3678 3031 3814 3070 nam

2161 3102 2398 3153 auctore
2428 3096 2798 3152 Tillemontiu
2830 3097 2913 3168 (d)
2972 3098 3215 3153 Romam
3253 3101 3442 3171 primo
3488 3102 3633 3157 adiit
3662 3119 3816 3160 anno

2161 3187 2401 3254 339,etsi
2432 3186 2665 3242 biennio
2701 3186 2980 3241 materius
3007 3203 3134 3241 eam
3168 3188 3577 3259 migrationem
3615 3197 3814 3263 ponat,

2155 3279 2220 3330 ut
2250 3275 2402 3329 infra
2432 3275 2866 3345 comprobatur.
2925 3275 3029 3337 Qui
3093 3292 3228 3347 ergo
3289 3277 3558 3332 dubitare
3603 3280 3813 3351 potuit,

2156 3380 2299 3419 num
2333 3381 2461 3419 mos
2493 3364 2739 3418 Romani
2772 3368 3032 3430 senatus,
3067 3381 3181 3435 quo
3212 3364 3518 3421 defunctos
3560 3366 3814 3440 impera-

2154 3457 2311 3508 tores
2342 3453 2402 3507 in
2434 3454 2675 3508 deorum
2710 3469 2952 3508 numero
3020 3452 3423 3525 consignabat,
3461 3460 3587 3510 tum
3628 3458 3813 3513 exole-

2156 3543 2357 3607 visset,
2393 3542 2492 3613 qui
2517 3544 2640 3612 jam
2699 3541 2926 3613 aliquot
2971 3558 3157 3598 annos
3191 3542 3385 3598 Rome:
3418 3546 3814 3604 consederat?

2154 3633 2241 3686 Ad
2274 3632 2395 3686 haec
2427 3648 2558 3686 vero
2591 3648 2743 3709 anno
2776 3630 2906 3700 346,
2967 3632 3165 3686 Ariani
3216 3636 3403 3687 totum
3462 3651 3565 3706 per
3611 3636 3813 3693 orbem

2156 3736 2381 3777 errores
2406 3718 2523 3775 late
2554 3724 2910 3792 sparserant,
2946 3719 3285 3793 ingentique
3313 3723 3573 3778 tumultu
3601 3724 3812 3779 Catho-

2154 3808 2300 3865 licos
2333 3809 2753 3881 oppugnabant
2776 3825 2797 3871 ,·
2859 3808 2955 3864 hic
3016 3809 3267 3866 maxime
3325 3828 3488 3866 error
3536 3812 3813 3870 deitatem

2156 3898 2331 3953 Verbi
2365 3903 2491 3953 tum
2525 3898 2842 3966 impetebat
2865 3915 2877 3953 :
2904 3898 3038 3970 quis
3067 3915 3202 3955 vero
3234 3904 3401 3971 putat
3418 3901 3808 3959 Athanasium

2157 3986 2393 4043 deitatis
2423 3986 2635 4042 Christi
2667 3987 2864 4043 hostes
2922 4004 3251 4061 agressum,
3303 3989 3410 4045 hos
3467 3991 3813 4047 deterrimos

2156 4077 2421 4133 omnium
2457 4079 2706 4133 intactos
2733 4079 3080 4149 praeteriisse
3104 4082 3127 4134 Ρ

2226 4168 2302 4221 At
2323 4166 2527 4236 junior
2553 4167 2784 4221 videtur
2818 4166 3017 4233 fuisse,
3054 4168 3243 4239 pergit
3272 4167 3387 4239 ille,
3420 4174 3486 4224 ut
3543 4174 3677 4226 ante
3708 4188 3810 4227 an-

2157 4273 2300 4311 num
2333 4256 2438 4311 319
2469 4256 2579 4310 hoc
2609 4272 2755 4331 opus
2789 4256 3099 4310 emitteret.
3117 4257 3329 4312 Verum
3363 4274 3496 4312 cum
3528 4277 3679 4327 anno
3706 4260 3812 4315 318

2156 4344 2502 4402 vicesimum
2527 4348 2804 4416 quartum
2838 4344 3045 4399 saltem
3080 4361 3147 4399 ex
3180 4351 3455 4417 computo
3487 4347 3811 4414 nostro,vi-

2156 4434 2439 4489 cesimum
2465 4449 2599 4488 vero
2621 4450 2863 4499 nonum,
2898 4449 2966 4487 ex
2990 4434 3314 4487 Hermantii
3337 4434 3809 4502 calculo,annum

2157 4527 2373 4595 ageret,
2408 4539 2598 4578 annon
2629 4521 3014 4593 suscipiendae
3068 4521 3150 4576 rei
3206 4539 3313 4593 par
3340 4527 3397 4578 et
3426 4528 3695 4580 maturus
3725 4524 3809 4580 vi-

380 4629 520 4669 cum
548 4611 783 4669 Arianis
815 4612 1022 4680 initas;
1061 4610 1195 4667 licet
1221 4611 1561 4683 posterioris
1582 4610 1716 4667 libri
1738 4629 2049 4685 argumen-
2080 4626 2129 4691 Ι)
2160 4613 2387 4680 deatur,
2421 4629 2552 4667 cum
2588 4610 2839 4666 maxime
2870 4610 3042 4665 annis
3065 4609 3203 4665 hinc
3234 4614 3456 4682 septem
3490 4611 3706 4685 elapsis
3734 4616 3807 4671 ad

381 4706 510 4758 tum
532 4707 588 4758 et
616 4701 892 4757 materies
915 4718 980 4757 eo
1002 4701 1348 4773 scriptorem
1370 4700 1527 4756 velut
1548 4717 1578 4757 e
1604 4718 1664 4757 re
1695 4706 1833 4757 nata
1861 4704 2043 4758 dedu-

378 4797 555 4848 ceret.
587 4793 659 4847 At
688 4790 846 4847 enim
877 4790 927 4846 si
951 4791 1078 4862 jam
1110 4791 1391 4847 Arianicze
1422 4795 1634 4847 exorta;
1666 4791 1849 4847 turba:
1898 4792 2042 4851 tuis-

380 4884 532 4949 sent,
567 4880 799 4937 etiamsi
831 4880 901 4936 de
958 4880 1251 4937 industria
1308 4880 1427 4936 Arii
1460 4897 1672 4936 nomen
1729 4885 1920 4937 tacere
1949 4900 2043 4939 vo-

378 4967 589 5025 luisset
618 4968 996 5033 Athanasius,
1039 4970 1195 5041 quod
1251 4970 1407 5025 haud
1458 4969 1797 5040 verisimile,
1842 4970 2043 5043 aliqua

382 5060 576 5113 tamen
611 5058 669 5114 in
700 5058 1045 5131 longissimo
1104 5075 1295 5130 opere,
1355 5062 1649 5115 temerata;
1701 5052 2040 5118 ab‘Arianis

380 5148 538 5203 verbi
576 5149 670 5204 Dei
706 5148 983 5203 doctrinae
1024 5147 1192 5219 signa
1223 5152 1616 5219 superessent.
1643 5148 1852 5219 Agitur
1880 5151 2037 5206 enim

380 5236 569 5293 deitas
598 5236 1022 5308 Christi,quam
1043 5236 1399 5291 Athanasius
1421 5239 1622 5291 contra
1643 5253 1846 5292 omnes
1870 5244 2036 5309 quot-

380 5330 524 5399 quot
554 5333 914 5382 emerserant
942 5324 1461 5392 hostes,acerrime
1490 5331 1843 5397 propugnat,
1879 5326 2036 5382 Grae-

380 5431 500 5487 cos,
533 5416 788 5483 Judmos,
843 5413 1307 5483 Valentinianos,
1368 5412 1716 5470 Manicheos
1774 5413 2038 5488 aliosque

446 5647 524 5797 Et}
554 5647 619 5779 ti:
651 5649 779 5781 ἓξὲξ

2160 4718 2503 4774 supremum
2536 4717 2733 4756 rerum
2766 4700 2988 4772 apicem
3024 4703 3256 4755 evectus
3277 4699 3447 4770 sit,in
3475 4702 3812 4758 Alexandri-

2153 4807 2299 4846 num
2359 4789 2866 4861 archiepiscopum
2942 4788 3287 4861 cooptatus?
3346 4790 3496 4855 Quot
3551 4790 3808 4848 vidimus

2153 4880 2313 4951 paris
2343 4884 2443 4935 aut
2474 4879 2720 4934 minoris
2778 4878 2965 4933 aetatis
3022 4878 3236 4934 eximia
3293 4879 3651 4951 protulisse?
3681 4879 3806 4937 Huc

2152 4969 2375 5024 accedit
2406 4968 2560 5040 quod
2623 4967 2682 5023 in
2742 4967 2903 5022 hisce
2962 4966 3130 5023 libris
3189 4980 3305 5022 non
3350 4984 3518 5023 suam
3551 4967 3668 5039 ille,
3703 4969 3805 5025 sed

2151 5057 2579 5132 magistrorum
2642 5057 2966 5112 doctrinam
2998 5057 3199 5112 etl'erre
3231 5074 3292 5112 se
3322 5058 3695 5128 profiteatur;
3726 5057 3808 5114 ita

2150 5152 2215 5203 ut
2244 5148 2501 5220 inopiam
2561 5146 2868 5217 librorum,
2920 5146 3135 5201 recenti
3191 5146 3635 5218 disciplinarum
3688 5164 3806 5204 me-

2149 5236 2336 5291 moria
2367 5237 2642 5291 sarciret:
2707 5240 2762 5291 et
2826 5235 3108 5307 alioquin,
3169 5235 3297 5306 ipso
3355 5237 3570 5291 fatente
3628 5235 3804 5293 Tille-

2149 5327 2389 5394 montio,
2423 5326 2544 5380 haec
2603 5324 2915 5395 tloridiore,
2968 5341 3144 5396 quam
3203 5324 3564 5380 Athanasius
3595 5324 3804 5395 soleat,

2147 5415 2297 5488 stylo
2331 5414 2679 5487 conscripta,
2714 5414 2774 5469 in
2806 5413 3026 5485 primos
3056 5414 3240 5470 aetatis
3296 5430 3482 5471 annos
3521 5418 3797 5489 opportu-

2324 5644 2594 5777 ζέειἀῇ
2623 5643 2923 5716 Athanase,
2942 5647 3066 5703 ‘art.
3097 5644 3219 5705 118.
