4146 6374
315 357 478 407 CLXII

1722 347 2334 413 PROLEGOMENA.

313 477 449 534 nius
479 477 874 533 conferantur.
909 476 1071 543 Quod
1111 477 1193 534 ait
1246 493 1402 546 vero,
1432 482 1575 535 tunc
1619 479 1965 536 verosimili-
1996 483 2052 550 Α
2080 483 2241 551 bant,
2283 499 2409 555 quae
2441 485 2758 556 postrema,
2780 483 2918 554 jure
2947 498 3095 540 nova
3124 480 3234 540 Isis
3263 484 3322 539 et
3366 480 3615 540 Neotera
3637 480 3727 539 di-

312 569 402 622 ter
429 565 845 637 Athanasium,
881 565 1180 638 pulsatum
1212 583 1421 639 nempe
1463 572 1870 642 vexatumque,
1907 569 1965 624 in

312 654 556 712 latebris
585 655 796 728 egisse,
833 659 1030 727 utpote
1061 655 1158 727 qui
1219 656 1640 729 magistrorum
1679 657 1861 714 libros
1893 659 1966 714 ad

313 759 560 800 manum
587 761 703 801 non
734 744 994 814 haberet,
1022 743 1083 799 id
1139 761 1281 800 sane
1336 744 1504 800 nihili
1545 750 1651 802 est.
1684 749 1758 801 At
1806 747 1965 802 enim

314 832 388 889 de
446 833 618 889 annis
677 831 1078 888 adolescentia:
1163 833 1470 890 Athanasii
1539 835 1791 890 traditur
1849 837 1968 892 fere

312 921 480 979 nihil.
514 922 663 987 Quid
696 921 877 994 igitur
903 922 974 977 de
1004 925 1185 989 statu,
1218 923 1288 979 de
1343 923 1698 991 conditione,
1725 924 1796 979 de
1841 924 1965 981 loco

311 1009 518 1085 attingi
545 1009 779 1066 valeat?
810 1010 950 1074 Quis
1007 1010 1154 1067 sciat
1203 1010 1264 1067 in
1321 1029 1557 1085 agrone,
1591 1013 1650 1067 in
1713 1013 1964 1084 deserto,

310 1098 370 1155 in
401 1100 545 1156 urbe
587 1099 709 1155 haec
765 1098 1110 1171 scripserit?
1165 1099 1251 1156 vel
1310 1118 1385 1157 an
1442 1101 1805 1158 Alexandriae
1865 1102 1966 1157 de-

307 1203 472 1261 gens,
505 1205 642 1245 cum
673 1189 827 1245 facta
856 1188 1280 1261 perquisitione
1311 1188 1494 1246 libros
1542 1190 1801 1247 nancisci
1831 1207 1965 1263 pos-

307 1280 417 1345 set,
449 1277 606 1350 quod
632 1293 700 1333 ea
758 1293 890 1350 quas
951 1277 1263 1349 scripturis
1321 1282 1449 1334 erat
1501 1280 1680 1351 probe
1720 1283 1966 1347 teneret,

306 1382 602 1423 accersere
635 1366 783 1422 nihil
814 1366 1146 1422 curaverit?
1174 1367 1341 1423 Certe
1371 1367 1481 1424 hac
1546 1384 1616 1424 ex
1672 1385 1733 1425 re
1764 1373 1962 1425 notam

307 1456 589 1529 temporis
619 1471 844 1524 eruere,
876 1454 1135 1527 idipsum
1168 1461 1279 1523 est,
1303 1457 1459 1528 quod
1484 1457 1704 1513 nodum
1734 1457 1794 1513 in
1816 1457 1965 1514 scir-

305 1560 379 1618 po
411 1561 689 1616 quaerere.
1290 1582 1301 1607 ι

374 1631 587 1693 Nannii
619 1632 946 1690 versionem
975 1637 1216 1689 secutus
1272 1632 1685 1691 Tillemontius
1742 1634 1823 1690 ait
1864 1635 1961 1708 (a),

305 1721 488 1779 libros
521 1721 721 1779 Contra
751 1725 934 1793 gentes
992 1721 1244 1777 Macario
1302 1722 1536 1778 cuidam
1594 1728 1965 1796 nuncupatos

305 1825 453 1866 esse.
482 1809 699 1866 Verum
760 1810 1154 1866 hallucinatur
1208 1810 1474 1867 Nannius
1534 1813 1675 1867 dum
1725 1809 1962 1883 illud,di

303 1897 479 1971 κάριε,
512 1899 796 1970 oMacari,
856 1899 1060 1954 vertit:
1122 1917 1260 1955 nam
1318 1900 1486 1956 initio
1541 1901 1785 1957 secundi
1826 1901 1961 1957 libri

304 1987 415 2044 hoc
445 1986 837 2061 compellandi
866 1988 1038 2043 modo
1072 1990 1255 2044 utitur
1285 1989 1667 2061 Athanasius,
1698 1986 1743 2043 ὦ
1788 1989 1959 2062 μακά-

308 2096 413 2153 ριε,
441 2075 532 2130 καὶ
565 2073 913 2154 φιλόχριστε,
946 2081 1003 2134 et
1029 2079 1265 2134 subinte
1285 2079 1439 2134 inter
1468 2080 1959 2150 orandum,modo

309 2164 556 2242 μακάριε,
614 2167 789 2223 modo
848 2164 1173 2243 φιλόχριστε
1231 2167 1406 2224 dicit:
1477 2185 1657 2241 quare
1714 2168 1959 2242 planum

303 2255 537 2313 videtur
590 2272 708 2312 non
797 2256 987 2328 magis
1049 2254 1302 2329 μακάριε,
1362 2273 1541 2329 quam
1609 2254 1956 2335 φιλόχρῖστε,

303 2360 516 2401 nomen
547 2345 852 2417 proprium
884 2361 1033 2401 esse.
1095 2345 1457 2402 Athanasius
1513 2363 1650 2420 ergo
1709 2347 1797 2403 vel
1830 2349 1959 2422 ejus

306 2433 379 2489 ad
412 2450 588 2505 quem
619 2433 842 2505 scribit,
874 2450 1091 2490 nomen
1123 2434 1390 2491 consulto
1424 2439 1644 2502 tacens,
1678 2436 1764 2493 sic
1820 2453 1955 2493 eum

304 2522 366 2577 in
397 2538 608 2595 genere
636 2522 986 2594 compellat;
1043 2523 1153 2592 vel,
1188 2528 1252 2579 ut
1304 2525 1722 2595 verosimilius,
1773 2526 1959 2583 cuivis

305 2610 519 2667 Christi
576 2611 819 2680 amanti,
854 2629 921 2668 ac
951 2612 1196 2685 proinde
1222 2614 1409 2685 beato,
1444 2630 1776 2671 sermonem
1810 2633 1960 2671 nun-

307 2704 502 2773 cupat.

795 2825 1335 2884 ANIMADVERSIO
1370 2829 1464 2884 IV.

486 2932 621 3001 Qum
645 2933 718 2988 sit
744 2931 835 2987 θεὰ
865 2932 1138 3059 Νεωτὲραι
1157 2934 1225 2989 ab
1254 2934 1551 2992 Athanasio
1582 2950 1780 2991 memo-

1049 3022 1116 3059 ra
1140 3022 1195 3059 ιι.

1049 3022 1176 3061 rata
1184 3050 1195 3061 .

377 3129 442 3185 In
476 3128 623 3185 libro
657 3128 860 3185 Contra
878 3134 1063 3202 gentes
1084 3130 1158 3202 (b)
1191 3129 1352 3186 varia
1378 3129 1709 3187 Graecorum
1750 3131 1958 3204 {Egyp-

2080 573 2341 628 cebatur.

2573 678 2668 733 AN
2681 677 3119 735 IMADVERSIO
3147 682 3216 733 V.

2135 769 2211 823 De
2255 771 2416 823 rebus
2471 767 2780 823 Arianismi
2799 770 3051 823 exortum
3081 775 3133 824 et
3161 767 3673 825 condemnationem

2707 839 3091 910 spectantibus.

2145 944 2215 999 Vi
2247 944 2456 1012 morbi,
2491 949 2556 1000 ut
2584 945 2856 1016 arbitror,
2889 944 3247 1018 interceptus
3290 944 3725 1016 Tillemontius,

2074 1037 2221 1089 Acta
2247 1033 2633 1105 depositionis
2662 1033 2777 1089 Arii
2808 1038 2866 1090 et
2894 1034 3211 1102 sociorum,
3233 1039 3298 1090 ut
3325 1051 3433 1091 nos
3463 1034 3723 1107 primum

2075 1122 2394 1193 edidimus,
2428 1138 2597 1179 secus
2628 1121 2986 1179 intellexisse
3013 1122 3276 1179 videtur:
3336 1140 3545 1197 resque
3574 1141 3727 1180 non-

2077 1210 2270 1266 nullas
2302 1209 2508 1283 planas
2530 1215 2587 1267 et
2617 1216 2867 1284 apertas,
2903 1215 2967 1267 ut
2996 1227 3127 1267 mea
3157 1211 3394 1283 quidem
3449 1213 3560 1269 fert
3599 1212 3724 1286 opi-

2075 1299 2196 1370 nio,
2253 1299 2489 1355 miscuit
2546 1299 2671 1372 ipse
2727 1299 2816 1356 vel
2882 1304 3230 1373 praepostere
3259 1300 3533 1357 narravit.
3578 1301 3725 1366 Quia

2074 1405 2209 1445 vero
2239 1388 2298 1444 in
2329 1388 2521 1463 prima
2552 1388 2672 1443 Arii
2704 1388 3188 1445 condemnatiene
3217 1405 3413 1445 rerum
3453 1389 3722 1446 notitiam

2075 1477 2458 1550 ordinemque
2487 1477 2723 1534 haurire
2754 1476 2909 1545 licet,
2936 1495 3127 1550 neque
3157 1477 3279 1535 ulla
3333 1481 3563 1535 exstant
3591 1495 3724 1535 mo-

2076 1570 2361 1622 numenta
2392 1565 2484 1621 his
2515 1566 2782 1635 certiora,
2816 1571 3021 1639 utpote
3044 1567 3118 1623 ab
3141 1565 3722 1624 AlexandroAlexan-

2075 1654 2255 1711 drinaa
2287 1654 2495 1728 synodi
2525 1655 2772 1727 praeside
2800 1656 3099 1712 confecta:
3131 1672 3200 1712 ea
3228 1655 3324 1712 hic
3372 1656 3723 1729 praetermit-

2077 1747 2196 1799 tere
2225 1744 2440 1810 visum,
2475 1748 2538 1799 ut
2564 1743 2751 1800 valeat
2775 1742 2959 1800 lector
2988 1745 3060 1802 de
3089 1761 3286 1801 rerum
3306 1744 3639 1801 conditione
3668 1748 3727 1802 et

2075 1835 2336 1905 tempore
2366 1832 2422 1888 in
2456 1838 2648 1888 utram
2680 1833 2873 1890 visum
2899 1832 3075 1888 fuerit
3104 1837 3325 1904 partem
3384 1833 3532 1890 ferre
3561 1833 3727 1905 judi-

2074 1921 2254 1977 cium.
2316 1921 2380 1977 In
2435 1920 2750 1993 exemplari
2809 1920 2990 1994 igitur
3039 1920 3218 1993 Regio
3248 1922 3414 1991 228i,
3444 1922 3640 1978 saeculi
3686 1939 3725 1977 ι

2071 2010 2320 2082 circiter,
2355 2011 2507 2067 inter
2559 2010 2866 2066 Athanasii
2924 2026 3098 2083 opera
3145 2014 3337 2066 exstat
3383 2009 3494 2067 hoc
3522 2010 3726 2067 ordine

2069 2099 2480 2156 condemnatio
2510 2103 2568 2155 et
2605 2098 2894 2173 depositio
2952 2098 3070 2154 Arii
3108 2106 3166 2155 et
3195 2099 3509 2167 sociorum,
3543 2116 3725 2172 quam

2070 2205 2176 2244 nos
2206 2194 2349 2244 tom.
2383 2189 2423 2256 Ι,
2458 2206 2514 2261 p.
2557 2188 2809 2256 396(313
2839 2186 3721 2260 ed.Venet.)edidimus‘Grece,

2067 2280 2126 2333 et
2158 2278 2353 2334 Latine
2382 2278 2467 2334 sic
2495 2278 2779 2335 vertimus
2807 2295 2821 2334 :

2067 2418 2357 2460 DEPOSITIO
2395 2420 2516 2459 ARII
2548 2420 2612 2459 ΕΤ
2651 2420 2945 2459 SOCIORUM
2975 2421 3048 2459 ΑΒ
3086 2420 3424 2461 ΑΕΕΧΑΝΠΒΟ
3466 2419 3721 2460 ALEXAN-

2567 2491 2717 2530 DRLE
2753 2492 3017 2531 ARCHIEPI
3024 2492 3217 2532 SCOPO.

2138 2579 2465 2649 Alexander,
2495 2581 2829 2653 presbyteris
2875 2581 3226 2653 diaconisque
3279 2581 3628 2637 Alexandria
3668 2589 3723 2637 et

2066 2668 2335 2735 Mareotze,
2361 2685 2606 2741 prazsens
2660 2670 3049 2736 praesentibus,
3105 2667 3329 2724 dilectis
3384 2671 3447 2724 in
3493 2670 3724 2725 Domino

2065 2759 2364 2829 fratribus,
2396 2758 2648 2813 salutem.
2695 2759 2846 2813 Licet
2893 2758 3015 2829 jam
3054 2757 3487 2828 subscripseritis
3525 2758 3725 2814 litteris

2066 2848 2202 2904 meis
2247 2847 2320 2903 ad
2372 2848 2568 2902 Arium
2649 2861 2883 2917 suosque
2935 2847 3138 2911 missis,
3198 2847 3396 2916 quibus
3464 2846 3726 2902 hortabar

2068 2937 2216 3003 illos,
2247 2939 2312 2990 ut
2357 2937 2635 3007 abnegata
2690 2936 2985 3005 impietate,
3038 2948 3194 2991 sanae
3248 2941 3299 2990 et
3346 2934 3631 2991 catholica:
3657 2936 3726 3006 [i-

2068 3025 2167 3080 dei
2194 3026 2679 3094 obtemperarent;
2706 3038 2878 3094 eaque
2934 3024 2994 3077 in
3048 3038 3108 3077 re
3152 3026 3360 3078 rectum
3384 3024 3727 3095 propositum

2067 3121 2326 3183 vestrum,
2358 3128 2567 3167 necnon
2625 3112 2877 3167 Ecclesia:
2933 3111 3218 3168 catholica
3272 3127 3420 3167 circa
3465 3112 3727 3183 dogmata

305 3218 642 3291 tiorumque
672 3218 919 3275 numina
978 3224 1240 3275 recenset
1294 3219 1674 3288 Athanasius,
1711 3202 1959 3275 feminas

2081 3203 2505 3269 consonantiam,
2537 3202 2727 3271 palam
2781 3202 3060 3271 feceritis:
3119 3210 3356 3256 attamen
3392 3203 3521 3273 quia
3550 3202 3726 3257 omni-

2081 3292 2169 3313 1.---
2210 3294 2361 3313 -._'._--_
2398 3290 2595 3313 --L.’--.-
2626 3294 2901 3313 ι-......---.μ-
2943 3292 3328 3313 --mm:-__“l._.'-
3389 3306 3500 3313 --.μ
3547 3290 3720 3313 Δριμη.

304 3309 364 3364 in
402 3309 649 3383 Egypto
699 3309 839 3364 deas
893 3307 1119 3363 deridet
1173 3312 1229 3363 et
1286 3308 1560 3379 traducit,
1622 3308 1679 3363 in
1740 3306 1956 3380 quibus

304 3403 506 3455 erant:
540 3397 692 3469 Ἶσις,
736 3395 904 3469 Κόρη,
964 3394 1056 3449 καὶ
1119 3394 1389 3470 Νεωτέρα,
1424 3399 1546 3463 Isis,
1604 3398 1958 3469 Proserpina,

303 3491 356 3544 et
377 3488 627 3558 Neotera,
660 3487 779 3543 sive
817 3487 926 3541 dea
964 3485 1188 3556 junior.
1250 3489 1411 3542 Hanc
1470 3503 1640 3557 porro
1694 3484 1956 3558 νεωτέραν

306 3592 603 3648 nusquam
636 3579 1021 3631 memoratam
1077 3591 1169 3630 me
1222 3575 1509 3647 reperisse
1539 3575 1817 3631 memini:
1853 3592 1959 3631 nec

305 3664 420 3722 nisi
450 3664 512 3719 in
538 3663 1000 3720 numismatibus
1056 3664 1370 3737 Cleopatra
1422 3681 1490 3721 ea
1545 3681 1653 3720 vox
1708 3663 1960 3720 occurrit

306 3752 540 3825 uspiam
574 3752 740 3807 mihi.
801 3752 1092 3808 Nummus
1149 3752 1365 3825 quippe
1396 3753 1474 3808 M.
1511 3753 1740 3809 Antonii
1774 3758 1961 3810 exstat

306 3840 368 3896 in
398 3839 793 3896 cimeliarchio
816 3840 995 3913 regio.
1028 3841 1090 3896 in
1121 3842 1293 3912 cujus
1316 3842 1510 3897 antica
1528 3846 1701 3914 caput
1723 3843 1959 3899 Antonii

306 3918 443 3986 cum
493 3928 605 3985 hac
660 3929 882 3984 circum
941 3929 1362 4001 inscriptione:
1422 3927 1804 4007 Αὐτοκράτωρ.
1858 3931 1962 3986 Θεά

307 4016 566 4092 νεωτέρα,
634 4018 693 4073 id
748 4022 867 4074 est:
922 4020 1241 4090 Imperator.
1301 4019 1413 4075 Dea
1460 4036 1621 4086 nova,
1681 4019 1799 4076 sive
1854 4021 1964 4077 dea

302 4107 524 4181 junior.
560 4106 706 4162 [llud
746 4111 965 4172 autem,
1005 4109 1117 4163 Dea
1161 4124 1322 4174 nova,
1375 4107 1741 4181 Cleopatram
1798 4127 1961 4182 spec-

314 4200 455 4264 ctat,
487 4197 657 4268 cujus
708 4201 883 4268 caput
931 4195 991 4251 in
1050 4195 1234 4252 altera
1291 4198 1520 4254 nummi
1579 4198 1724 4256 facie
1754 4215 1963 4255 cusum

314 4288 404 4341 est
433 4284 523 4356 (ο).
557 4282 907 4340 Plutarchus
963 4283 1023 4339 in
1081 4285 1313 4342 Antonio
1371 4286 1472 4359 ait,
1533 4287 1728 4359 ipsum
1779 4289 1962 4344 Anto-

311 4372 501 4442 nium,
537 4390 752 4430 novum
782 4373 1075 4430 Bacchum
1108 4374 1168 4430 in
1200 4379 1444 4449 Egypto
1472 4377 1697 4433 dictum
1737 4377 1919 4434 fuisse
1946 4395 1959 4447 ;

310 4463 383 4520 de
438 4462 748 4536 CleOpatra
822 4479 958 4519 vero
1045 4462 1188 4520 talia
1248 4465 1439 4521 fatur:
1500 4461 1715 4534 Στολὴν
1776 4465 1959 4538 ἑτέραν

311 4550 457 4625 ἱερὰν
515 4547 710 4612 Ἴσιδος
762 4545 1054 4625 ἐλάμϐανε,
1104 4551 1194 4607 καὶ
1259 4553 1352 4608 νέα
1413 4560 1541 4616 Ἶσις
1599 4554 1959 4629 ὲχρημάτιζε.

309 4642 521 4698 Stolam
576 4642 809 4697 alteram
886 4657 1103 4699 sucram
1164 4642 1325 4699 Isidis
1388 4646 1655 4711 sumebat,
1711 4649 1767 4701 et
1822 4662 1964 4701 nova

311 4731 415 4787 Isis
469 4730 785 4799 vocabatur,
848 4730 948 4786 ubi
1004 4730 1293 4804 interpres
1351 4732 1523 4799 male,
1558 4733 1764 4789 stolam
1803 4734 1963 4789 Isidis

309 4835 524 4875 sacram
548 4819 816 4888 sumebat,
850 4824 1013 4892 atque
1070 4836 1220 4876 novae
1259 4821 1421 4878 Isidis
1449 4823 1672 4878 nomine
1700 4839 1964 4895 responsa

309 4908 489 4965 dabat.
522 4907 757 4964 Cultum
787 4924 957 4980 porro
1012 4925 1173 4963 nova:
1212 4910 1351 4981 deae,
1385 4913 1442 4965 et
1470 4911 1736 4981 ejusdem
1764 4912 1965 4968 farinae

309 4999 573 5068 deorum,
608 4997 680 5053 ad
712 5013 898 5052 aevum
931 5014 1118 5069 usque
1176 5015 1348 5054 suum
1385 5016 1809 5072 perseverasse,
1848 5006 1965 5058 tes-

310 5086 387 5144 tis
415 5091 505 5143 est
539 5085 755 5142 ibidem
811 5086 1169 5143 Athanasius
1222 5087 1320 5159 (ὁ).
1383 5088 1513 5143 Haec
1573 5095 1775 5146 autem
1821 5107 1969 5146 nova

311 5176 445 5234 Isis.
478 5174 597 5233 sive
624 5174 860 5248 νεωτέρα
916 5176 1232 5231 vocabatur
1288 5176 1360 5231 ad
1392 5176 1712 5234 discrimen
1756 5180 1971 5236 veteris

312 5264 506 5323 lsidis.
536 5264 696 5320 Duas
726 5262 942 5336 quippe
1004 5264 1188 5320 Isides
1237 5266 1633 5337 agnoscebant
1672 5267 1965 5340 lEgyptii:

312 5357 564 5411 veterem
596 5352 865 5421 alteram,
900 5369 1079 5425 quam
1101 5370 1206 5426 pro
1226 5353 1368 5410 luna
1398 5353 1702 5412 colebant:
1727 5356 1972 5413 alteram

315 5457 551 5510 novam,
580 5441 849 5498 eamdem
880 5440 1104 5499 scilicet
1170 5459 1348 5516 quam
1382 5442 1437 5501 lo
1468 5444 1644 5500 Graeci
1676 5462 1977 5520 nuncupa-

394 5621 473 5782 ἱῗῖ
500 5619 684 5757 gieede
711 5618 767 5682 S.
798 5620 1092 5696 Athanase,
1121 5626 1232 5683 art.
1261 5623 1388 5685 118.

2075 3292 2170 3347 bus
2198 3294 2366 3348 etiam
2395 3290 2595 3363 ubique
2624 3294 2904 3347 terrarum
2932 3292 3350 3359 comministris,
3381 3306 3501 3362 quae
3529 3290 3724 3345 Arium

2064 3383 2341 3452 sociosque
2368 3381 2487 3452 ejus
2543 3382 2785 3452 spectant
2840 3379 3042 3435 litteris
3095 3380 3450 3451 signiﬁcavi,-
3508 3394 3727 3435 necesse

2065 3469 2223 3537 dmi,
2253 3485 2344 3524 vos
2375 3470 2527 3524 urbis
2556 3469 2782 3524 clericos
2833 3483 3149 3533 convocare,
3187 3484 3283 3523 vos
3328 3469 3465 3523 item
3498 3473 3716 3525 Mareo-

2066 3560 2199 3615 ticos
2225 3574 2527 3614 arcessere:
2559 3559 2882 3630 praesertim
2938 3573 3065 3613 cum
3119 3573 3190 3613 ea:
3244 3557 3393 3613 vobis
3446 3557 3647 3613 Chares
3673 3564 3726 3614 et

2066 3649 2254 3703 Pistus
2276 3647 2621 3720 presbyteri;
2655 3647 2944 3718 Sarapion,
2976 3647 3333 3717 Parummon,
3365 3647 3623 3702 Zonimus
3674 3649 3727 3702 et

2067 3738 2306 3793 Irenaeus
2330 3737 2572 3803 diaconi,
2615 3737 2687 3791 ad
2743 3736 2865 3791 Arii
2919 3739 3104 3807 partes
3156 3736 3504 3801 transierint,
3564 3744 3728 3809 atque

2068 3827 2339 3882 voluerint
2367 3826 2564 3898 deponi
2618 3841 2742 3881 cum
2804 3825 2920 3880 illis
2944 3867 2958 3892 ,
3008 3832 3072 3879 ut
3126 3827 3256 3879 nota
3283 3825 3394 3879 sint
3419 3826 3572 3881 vobis
3602 3839 3728 3897 quas

2068 3932 2220 3971 nunc
2245 3918 2451 3987 scripta
2477 3919 2607 3970 sunt
2632 3932 2644 3971 :
2672 3923 2838 3986 utque
2866 3921 3099 3969 uestram
3119 3914 3181 3967 in
3201 3912 3350 3968 hisce
3377 3913 3729 3970 concordiam

2070 4004 2378 4069 declaretis,
2411 4020 2475 4059 ac
2501 4003 2830 4074 depositioni
2852 4002 2972 4057 Arii
2999 4010 3052 4058 et
3079 4003 3371 4068 sociorum,
3410 4002 3557 4059 Pisti
3598 4004 3729 4058 item

2070 4101 2122 4149 et
2149 4093 2422 4148 sociorum
2451 4092 2781 4163 suffragium
2810 4090 3022 4147 addatis
3052 4100 3315 4147 vestrum.
3361 4095 3475 4146 Par
3530 4092 3729 4164 quippe

2072 4185 2153 4242 est
2182 4185 2452 4255 comperta
2481 4181 2631 4237 vobis
2682 4197 2793 4238 esse
2844 4197 2962 4253 qum
3019 4197 3053 4236 a
3109 4196 3195 4237 me
3231 4182 3548 4252 conscripta
3573 4184 3726 4247 sunt,

2071 4287 2243 4345 eaque
2298 4270 2563 4341 singulos,
2616 4272 2775 4343 quasi
2831 4270 3058 4342 quisque
3105 4275 3351 4326 vestrum
3404 4271 3725 4343 scripsisset,

2070 4361 2232 4418 corde
2262 4361 2562 4432 complecti.

2144 4450 2249 4506 His
2279 4450 2478 4505 statim
2512 4449 2828 4521 subjicitur
2879 4448 3284 4505 condemnatio
3325 4452 3382 4505 et
3427 4448 3721 4522 depositio

2073 4539 2192 4607 illa,
2226 4539 2347 4596 sive
2376 4536 2621 4611 epistola
2652 4537 2951 4611 synodica,
2983 4537 3093 4594 hoc
3122 4537 3241 4593 ritu
3268 4554 3282 4594 :

2068 4679 2436 4719 CHARISSIMIS
2487 4677 3085 4724 HONORATISSIMISQUE
3133 4677 3349 4725 UBIQUE
3410 4678 3731 4719 TERRARUM

2142 4751 2422 4790 ECCLESIE
2495 4750 2820 4790 ΟΔἸἪΟῙΛΟΛΕ
2880 4749 3317 4806 COMMINISTRIS,
3373 4751 3729 4803 ALEXANDEB,

2144 4823 2207 4862 IN
2245 4822 2471 4862 DOMINO
2510 4821 2789 4861 SALUTEM.

2149 4916 2288 4971 Cum
2342 4929 2522 4968 unum
2571 4914 2643 4967 sit
2700 4913 2949 4967 Ecclesiae
2997 4911 3279 4969 catholicae
3342 4929 3559 4986 corpus,
3619 4917 3730 4970 etc.

2075 5003 2225 5058 Hinc
2255 5001 2569 5057 Eusebium
2594 5001 3095 5058 Nicomediensem
3126 5001 3380 5075 exagitat
3409 5003 3565 5074 quod
3595 5001 3736 5059 reli-

2078 5096 2169 5148 cto
2202 5090 2499 5164 Berytensi
2529 5090 3030 5146 Nicomediensem
3063 5090 3464 5163 episcopatum
3506 5090 3733 5148 invase-

2080 5181 2175 5250 rit,
2209 5181 2485 5253 quodque
2514 5183 2788 5252 suscepto
2818 5179 3167 5236 Arianorum
3198 5180 3542 5253 patrocinio,
3574 5196 3734 5237 com-

2082 5270 2457 5326 mendatitias
2514 5269 2573 5325 in
2660 5286 2860 5325 eorum
2926 5269 3174 5341 gratiam
3230 5268 3459 5326 litteras
3515 5270 3735 5342 ubique

2080 5363 2370 5416 terrarum
2403 5358 2787 5414 transmittat.
2822 5356 3040 5413 Deinde
3088 5358 3427 5415 subsumit:
3476 5358 3738 5416 Ecclesiae

2083 5454 2271 5505 autem
2298 5447 2589 5504 desertores
2619 5446 2680 5503 hi
2718 5451 2868 5516 sunt,
2924 5446 3108 5516 Arius,
3168 5446 3427 5516 Achilles,
3483 5448 3733 5517 Aitalles,

2158 5627 2237 5784 Et?)
2256 5625 2662 5765 gaigzqt§.m
2681 5625 3115 5688 numismatibus
3145 5626 3471 5705 Cleopatra,
3518 5641 3579 5706 p.
3611 5627 3736 5693 189.
