4146 6378
1274 396 1378 456 DE
1425 396 1614 459 VITA
1662 395 1759 458 ET
1804 391 2157 458 SCRIPTIS
2204 394 2265 455 S.
2317 392 2764 457 ATHANASII.

3530 411 3716 460 CLXIII

294 527 587 599 Carpones,
631 526 798 583 Arius
851 529 1008 597 alter,
1071 529 1367 596 Sarmates,
1427 530 1559 585 olim
1610 530 1937 602 presbyteri,
1971 530 2026 594 Α
2056 527 2212 582 enim
2245 527 2588 599 presbyteri,
2624 531 2681 583 et
2701 530 2955 599 quatuor
2984 526 3214 583 diaconi
3236 528 3469 585 Arianis
3500 547 3714 587 nomen

292 616 551 685 Eunoius,
583 618 805 685 Lucius,
863 619 1074 686 Julius,
1133 620 1337 687 Menas,
1396 619 1712 689 Helladius,
1758 623 1812 674 et
1844 618 1943 672 Ca-

286 706 392 773 ius,
426 708 560 761 olim
583 707 828 775 diaconi,
889 724 954 763 ac
1006 725 1131 763 cum
1196 708 1331 777 ipsis
1388 708 1667 763 Secundus
1706 717 1757 763 et
1786 709 1946 763 Theo-

286 811 407 865 nas,
440 795 576 850 olim
603 798 839 867 episcopi
892 799 1215 868 nuncupati.
1283 798 1450 852 Verba
1504 801 1691 852 autem
1734 798 1799 852 ab
1832 798 1948 852 illis

285 883 609 955 adinventa,
642 902 704 940 ac
717 889 928 957 prwter
972 888 1388 957 Scripturarum
1440 896 1677 941 mentem
1714 888 1944 959 prolata,

285 972 405 1029 hxc
463 981 628 1029 sunt:
688 974 807 1029 Non
862 991 1077 1046 semper
1134 977 1271 1030 Deus
1344 976 1513 1030 Pater
1561 978 1689 1047 fuit.
1719 1018 1727 1028 .
1758 1019 1769 1030 .
1800 1020 1811 1030 .
1841 1018 1894 1031 ..
1933 1017 1945 1029 .

290 1060 614 1118 Sciscitante
637 1063 890 1134 quodam,
935 1080 1072 1119 num
1125 1064 1354 1133 perinde
1411 1067 1621 1120 mutari
1642 1070 1815 1137 posset
1850 1068 1952 1121 Dei

296 1151 531 1207 Verbum
562 1161 724 1223 atque
751 1153 1007 1209 diabolus
1053 1157 1297 1209 mutatus
1353 1157 1463 1215 est;
1495 1169 1605 1210 non
1632 1156 1797 1209 veriti
1823 1158 1952 1209 sunt

293 1240 387 1296 illi
414 1240 769 1312 respondere:
805 1242 948 1298 Sane
987 1247 1195 1314 potest:
1250 1244 1407 1313 Nam,
1460 1248 1639 1314 utpote
1665 1246 1871 1315 factum
1901 1246 1951 1300 et

292 1332 561 1396 creatum,
590 1330 881 1386 mutabilis
910 1339 989 1387 est
1015 1336 1255 1389 naturae.
1316 1334 1437 1388 Hzec
1459 1334 1697 1388 Arianos
1728 1334 1948 1404 loquen-

293 1427 389 1486 tes,
422 1419 543 1476 haec
570 1418 1040 1492 impudentissime
1066 1422 1432 1491 afﬁrmantes,
1474 1438 1573 1478 nos
1596 1440 1721 1478 cum
1748 1425 1950 1494 episco-

287 1510 378 1580 pis
403 1508 636 1581 Algypti
686 1513 738 1564 et
792 1510 1095 1580 Libyarum
1140 1527 1310 1582 prope
1361 1515 1597 1583 centum,
1657 1514 1719 1567 in
1774 1528 1951 1566 unum

292 1599 483 1665 coacti,
516 1614 637 1653 cum
667 1598 812 1669 illos,
843 1602 963 1653 tum
1009 1614 1096 1655 eos
1124 1601 1222 1671 qui
1268 1601 1411 1672 ipsos
1438 1602 1609 1656 secuti
1635 1609 1785 1668 sunt,
1818 1618 1951 1657 ana-

289 1687 524 1741 themate
551 1688 943 1758 percussimus.
976 1690 1042 1744 At
1067 1690 1330 1746 Eusebius
1359 1695 1408 1747 et
1436 1694 1574 1747 socii
1601 1694 1951 1749 admiserunt

291 1775 436 1832 illos.
490 1774 710 1831 Deinde
742 1794 897 1849 vero,
943 1778 1256 1834 confutatis
1306 1780 1423 1835 Arii
1482 1785 1539 1836 et
1596 1787 1947 1838 sectatorum

2056 617 2284 672 dedere.
2318 616 2641 672 Alexander
2667 634 2820 689 vero,
2854 618 2953 689 qui
2982 617 3276 674 damnatis
3309 636 3341 673 a
3372 621 3592 691 synodo
3622 638 3714 677 se-

2056 712 2157 761 clm
2192 706 2581 778 principibus,
2613 707 2857 761 fractam
2908 707 3176 763 haeresim
3226 712 3285 764 et
3315 726 3713 781 compressam

2058 795 2177 850 fore
2210 796 2503 866 sperabat,
2529 800 2868 850 ceterarum
2894 796 3195 868 regionum
3221 798 3510 871 episcopis
3537 798 3718 855 latere

2058 884 2332 955 cupiebat
2360 900 2452 939 res
2481 884 2539 937 in
2566 888 2801 955 Aigypto
2832 889 3049 956 gestas,
3074 889 3137 940 ut
3160 902 3229 941 ne
3252 885 3525 960 vulgatus
3555 905 3717 945 error

2058 972 2235 1028 latius
2267 978 2539 1044 serperet.
2578 973 2647 1028 Ut
2668 979 2863 1028 autem
2895 974 3466 1046 videtingravercere
3499 977 3554 1031 in
3588 978 3715 1035 dies

2060 1060 2401 1115 intestinum
2439 1060 2683 1123 malum,
2743 1078 2846 1115 nec
2904 1062 3156 1117 externis
3213 1062 3483 1118 hostibus
3514 1064 3715 1122 minus

2059 1166 2234 1220 quam
2256 1149 2591 1205 domesticis
2616 1149 3068 1206 Alexandrinam
3086 1151 3402 1208 Ecclesiam
3425 1152 3715 1227 laborare,

2057 1238 2281 1293 liiteras
2312 1238 2589 1294 omnibus
2622 1255 2723 1311 per
2752 1240 2951 1294 orbem
2983 1240 3272 1313 episcopis
3302 1242 3479 1310 dedit,
3514 1243 3718 1314 quales

2061 1326 2331 1399 superius
2361 1325 2691 1395 attulimus,
2727 1344 2793 1382 ac
2836 1326 2971 1383 cleri
3032 1327 3403 1385 Alexandrini
3457 1332 3717 1389 munitas

2061 1415 2378 1487 suffragiis,
2415 1433 2527 1488 quo
2558 1416 2909 1471 Arianorum
2946 1417 3383 1474 damnationem
3416 1420 3719 1494 pervulga-

2062 1511 2167 1572 ret,
2202 1505 2596 1577 undequaque
2621 1505 2802 1562 misit.
2836 1510 2997 1561 Hanc
3018 1511 3316 1578 gestorum
3351 1509 3561 1564 seriem
3596 1528 3725 1582 per-

2061 1595 2261 1666 Spicue
2293 1594 2351 1648 in
2385 1594 2577 1650 allatis
2607 1594 2817 1650 litteris
2847 1595 3037 1650 efferri
3094 1612 3263 1651 nemo
3300 1614 3412 1653 non
3449 1599 3716 1655 fateatur.

2058 1684 2277 1739 Verum
2308 1683 2715 1739 Tillemontius
2746 1701 2815 1739 ex
2845 1686 3213 1753 earumdem,
3246 1691 3312 1741 ut
3343 1690 3527 1758 putat,
3561 1688 3715 1746 litte-

2060 1791 2255 1829 rarum
2290 1773 2654 1839 auctoritate,
2688 1773 2858 1845 longe
2910 1773 3086 1829 aliam
3120 1776 3396 1831 narrandi
3431 1776 3583 1834 viam
3619 1794 3721 1850 ago

292 1863 610 1933 erroribus,
646 1864 731 1919 sic
780 1865 991 1921 clausit
1047 1867 1353 1938 epistolam
1412 1869 1773 1926 Alexander:
1808 1875 1948 1930 Cum

2070 1864 2345 1935 greditur.
2367 1864 2559 1918 Primo
2577 1862 2964 1929 enim,contra
2984 1864 3159 1920 ﬁdem
3179 1866 3720 1938 manuscriptorum

294 1954 483 2024 itaque
513 1953 776 2009 Dominus
800 1958 851 2010 et
880 1956 1142 2011 Salvator
1186 1962 1374 2014 noster
1427 1959 1555 2014 Jesu
1581 1959 1831 2017 Christus
1860 1978 1958 2034 per

293 2058 350 2097 se
380 2044 495 2114 ipse
546 2044 627 2098 ita
679 2046 1030 2115 praeceperit,
1091 2050 1143 2101 et
1167 2063 1268 2118 per
1323 2047 1635 2119 Apostolum
1690 2066 1774 2106 res
1803 2052 1959 2106 nobis

295 2131 620 2203 hujusmodi
664 2133 1104 2205 signiﬁcaverit;
1157 2137 1292 2207 jure
1340 2152 1439 2193 nos
1496 2139 1593 2209 qui
1618 2140 1960 2211 impietatem

300 2220 529 2277 illorum
556 2223 665 2293 ipsi
720 2238 906 2278 coram
963 2224 1296 2292 audivimus,
1352 2226 1614 2299 homines,
1673 2232 1766 2285 uti
1790 2246 1962 2302 supra

306 2309 516 2367 dictum
543 2314 642 2381 est,
674 2312 1021 2368 anathemate
1066 2314 1473 2383 damnavimus,
1526 2319 1777 2391 ipsosque
1805 2336 1839 2375 a
1867 2336 1960 2375 ca-

306 2397 514 2455 tholica
542 2400 782 2456 Ecclesia
828 2410 880 2457 et
910 2403 1020 2472 ﬁde
1076 2404 1287 2460 alienos
1343 2406 1747 2463 declaravi-mus
1767 2426 1785 2462 :
1814 2418 1959 2464 rem-

306 2503 431 2559 que,
465 2487 775 2544 charissimi
800 2498 851 2545 et
878 2492 1294 2549 honoratissimi
1344 2496 1733 2566 comministri,
1767 2505 1962 2555 vestrae

303 2578 571 2648 religioni
616 2578 1012 2649 indicavimus;
1076 2587 1139 2637 ut
1180 2599 1250 2639 ne
1310 2588 1594 2656 quospiam
1649 2603 1718 2641 ex
1748 2587 1882 2655 illis,
1914 2587 1964 2643 si

299 2667 617 2738 petulanter
671 2684 760 2724 vos
806 2669 963 2725 adire
1011 2674 1138 2728 ausi
1184 2676 1419 2744 luerim,
1482 2677 1808 2748 recipiatis:
1831 2692 1964 2733 neve

302 2756 552 2812 Eusebio.
582 2757 667 2813 vel
695 2758 801 2813 alii
824 2762 1073 2832 cuipiam
1126 2762 1194 2817 de
1221 2764 1337 2819 illis
1395 2764 1465 2819 ad
1493 2782 1583 2821 vos
1607 2767 1871 2822 scribenti
1894 2767 1962 2838 ﬁ-

303 2845 428 2901 dem
472 2846 738 2903 habeatis.
789 2849 897 2904 Nos
950 2854 1120 2920 enim,
1153 2857 1340 2924 utpote
1397 2854 1756 2925 Christianos,
1810 2857 1964 2914 decet

304 2950 488 2989 omnes
517 2937 616 3007 qui
644 2942 841 2992 contra
887 2937 1164 2995 Christum
1220 2943 1520 3013 loquuntur
1574 2948 1667 3000 aut
1694 2948 1959 3020 sentiunt,

302 3025 452 3079 velut
481 3027 584 3080 Dei
613 3025 792 3081 hostes
820 3029 1243 3103 animarumque
1278 3041 1623 3105 corruptores
1651 3035 1961 3107 adversari,

304 3129 377 3170 ac
404 3129 474 3169 ne
504 3116 727 3186 quidem
755 3116 861 3172 Ave
905 3119 1021 3173 illis
1051 3121 1237 3177 dicere
1253 3138 1272 3175 :
1330 3138 1401 3178 ne
1446 3124 1662 3195 quando
1690 3126 1964 3181 scelerum

303 3203 549 3273 ipsorum
595 3206 892 3276 participes
943 3208 1131 3277 simus,
1183 3218 1245 3266 ut
1296 3215 1559 3283 praecipit
1612 3216 1674 3269 Β.
1706 3217 1965 3286 Joannes,

2067 1957 2123 2008 et
2175 1952 2466 2007 editorum
2529 1952 2817 2018 omnium,
2877 1954 3340 2025 subscriptiones
3398 1954 3527 2012 illas
3587 1956 3728 2013 cleri

2067 2040 2441 2096 Alexandrini
2471 2046 2527 2096 et
2548 2041 2861 2112 Mareotici,
2888 2058 3014 2113 quae
3038 2041 3247 2099 litteris
3267 2044 3575 2100 Alexandri
3598 2054 3730 2119 s'yn-

2070 2130 2358 2196 odalibus,
2392 2130 2829 2186 damnationem
2885 2131 3002 2186 Arii
3051 2135 3108 2187 et
3166 2134 3458 2189 sociorum
3490 2135 3724 2191 ferenti—

2073 2221 2203 2286 bus,
2237 2220 2669 2291 subjiciuntur;
2705 2238 2819 2276 non
2853 2221 2921 2275 ad
2956 2238 3055 2276 eas
3080 2221 3325 2294 litteras,
3357 2224 3455 2279 sed
3489 2224 3559 2279 ad
3594 2224 3725 2279 hor-

2070 2309 2313 2364 tatorias
2347 2308 2512 2364 initio
2557 2314 2912 2365 memoratas
2970 2311 3259 2382 pertinere
3307 2313 3625 2369 contendit.
3655 2314 3730 2369 At

2072 2398 2173 2471 qui
2206 2398 2478 2453 hortandi
2514 2398 2724 2454 modus
2776 2399 2948 2454 isthic
2970 2404 3146 2471 esset,
3178 2401 3227 2457 si
3253 2400 3316 2470 ii,
3340 2402 3439 2474 qui
3472 2402 3728 2459 hortata-

2072 2487 2173 2542 riis
2200 2488 2600 2558 subscribunt,
2625 2489 2974 2544 sententiam
2998 2489 3381 2562 depositionis
3405 2494 3461 2546 et
3485 2493 3727 2548 damna-

2071 2577 2247 2632 tionis
2280 2579 2467 2632 ferant
2494 2577 2550 2633 in
2584 2594 2859 2649 eos,quos
2891 2578 2961 2633 ad
2989 2596 3190 2650 pacem
3215 2584 3270 2635 et
3302 2581 3720 2636 reconciliatio-

2071 2683 2205 2722 nem
2258 2667 2547 2722 evocant?
2604 2668 2832 2723 Siccine
2890 2667 3264 2724 hortarentur
3320 2671 3640 2744 presbyteri
3673 2676 3734 2728 et

2071 2756 2296 2812 diaconi
2322 2773 2336 2811 :
2374 2756 2652 2811 Colluthus
2675 2758 2963 2829 presbyter
2990 2759 3139 2814 hisce
3167 2761 3385 2831 scriptis
3416 2761 3721 2833 suﬂ'ragor,

2070 2862 2276 2903 necnon
2307 2847 2630 2918 depositioni
2659 2848 2800 2915 Arii,
2831 2864 3130 2919 eorumque
3150 2850 3395 2921 qui’ejus
3425 2852 3731 2922 impietatis

2070 2940 2360 2991 sectatores
2385 2940 2555 2992 sunt?
2608 2937 2786 2992 Miror
2837 2936 3010 3009 plane
3058 2938 3498 2995 Tillemontium
3550 2941 3726 2997 ﬁdem

2073 3026 2348 3082 omnibus
2376 3026 2809 3098 exemplaribus
2865 3034 2922 3083 et
2976 3028 3396 3101 manuscriptis
3427 3030 3727 3102 derogare,

2073 3119 2137 3170 ut
2167 3131 2290 3170 rem
2324 3132 2564 3186 prorsus
2595 3114 2995 3172 incredibilem
3058 3121 3281 3173 statuat
3340 3122 3397 3174 et
3427 3118 3725 3174 defendat.

2074 3209 2147 3258 At
2176 3205 2333 3259 enim
2366 3210 2433 3259 ut
2463 3203 2818 3276 exemplaria
2845 3204 3101 3278 editique
3122 3205 3256 3262 libri
3288 3207 3503 3274 ferunt,
3536 3224 3603 3263 ac
3633 3224 3733 3263 na-

306 3264 554 3349 .éalutate
579 3264 909 3366 f‘ratres'qui
958 3264 1243 3354 vobiscum
1296 3264 1445 3367 Eunt,
1473 3264 1569 3358 eos
1629 3304 1724 3374 qui
1750 3264 1965 3360 φηεοιιῃί
1994 3264 2037 3331 C'
2074 3296 2227 3350 tivus
2258 3311 2453 3349 rerum
2504 3294 2645 3349 ordo
2691 3293 2969 3365 postulat,
3031 3295 3377 3351 hortabatur
3404 3295 3732 3353 Alexander
3780 3310 3781 3313 ‘

304 3389 433 3437 sunt
506 3384 753 3439 salutant
834 3384 1195 3445 Alexandriae
1274 3391 1602 3461 presbyteri,
1686 3392 1968 3448 Colluthus

301 3472 592 3549 presbyter
645 3472 793 3529 hisce
845 3477 1064 3547 scriptis
1135 3478 1428 3550 sum-agor,
1488 3496 1696 3536 necnon
1752 3481 1965 3553 deposi-

306 3556 448 3615 tioni
477 3561 617 3627 Arii,
649 3578 944 3634 eorumque
1000 3566 1096 3637 qui
1137 3568 1255 3639 ejus
1313 3568 1621 3640 impietatis
1676 3574 1967 3629 sectatores

304 3657 451 3705 sunt.
486 3650 553 3706 Et
584 3650 665 3705 ita
698 3650 972 3725 deinceps
1018 3655 1292 3711 f'uruntur
1340 3657 1802 3730 subscriptiones
1835 3677 1967 3732 pre-

306 3738 676 3809 sbyterorum
708 3744 765 3795 et
794 3742 1173 3799 diaconorum
1202 3745 1565 3802 Alexandriae
1596 3752 1963 3805 etmareotae.

308 3825 441 3882 Haec
473 3843 710 3884 necesse
741 3829 853 3884 fuit
884 3831 939 3886 in
974 3834 1234 3889 medium
1281 3836 1557 3908 proferre,
1590 3837 1729 3909 quia
1758 3839 1817 3893 in
1849 3856 1969 3894 om-

308 3915 484 3971 nibus
517 3933 683 3988 pene,
716 3936 845 3990 quae
867 3921 938 3975 de
969 3921 1279 3979 Arianismi
1304 3929 1505 3981 exortu
1532 3931 1588 3981 et
1618 3928 1969 3984 condemna-

307 4004 466 4061 tione
497 4005 591 4062 hic
615 4012 778 4079 gesta
800 4009 1088 4083 feruntur,
1112 4029 1145 4067 a
1166 4011 1536 4071 Tillemontio
1558 4016 1964 4074 dissentimus.

380 4128 461 4183 Ex
490 4129 582 4184 his
613 4148 744 4188 vero
776 4132 1083 4190 Alexandri
1138 4136 1351 4195 litteris
1381 4156 1509 4196 eam
1542 4158 1739 4197 rerum
1777 4150 1966 4215 gesto-

308 4234 562 4290 rumque
593 4221 804 4277 seriem
837 4223 1019 4281 fuisse
1068 4229 1374 4300 asseritur,
1408 4246 1585 4299 quam
1618 4249 1725 4288 nos
1757 4233 1817 4289 in
1853 4235 1971 4290 Vita

305 4307 602 4365 Athanasii
657 4312 975 4383 texuimus,
1048 4316 1355 4386 nimirum,
1439 4324 1505 4374 ut
1559 4321 1972 4380 animadvertit

306 4396 652 4471 Alexander,
678 4402 900 4460 malum
925 4421 1162 4462 manare
1182 4407 1239 4462 in
1264 4407 1599 4481 dieslatius,
1628 4427 1700 4466 ne
1723 4413 1970 4470 ulterius

306 4492 694 4559 grassaretur,
730 4489 1084 4551 hortatorias
1130 4493 1355 4552 litteras
1386 4498 1547 4553 dedit
1575 4500 1646 4554 ad
1678 4501 1882 4557 Arium
1915 4507 1972 4559 et

305 4576 518 4648 socios,
552 4594 669 4649 quo
701 4578 832 4637 illos
863 4582 935 4637 ad
969 4600 1176 4640 sanam
1210 4589 1468 4641 mentem
1502 4589 1840 4647 reduceret:
1876 4595 1967 4647 ut-

307 4680 425 4736 que
454 4665 630 4723 dictis
661 4668 899 4726 adderet
955 4672 1151 4743 ﬁdem,
1184 4674 1558 4731 Alexandrini
1590 4682 1645 4733 et
1673 4678 1969 4737 Mareotici

304 4752 444 4808 cleri
475 4756 774 4829 suffragiis
805 4760 1069 4817 munitas
1102 4764 1174 4818 ad
1198 4763 1399 4820 Arium
1432 4766 1806 4840 asseclasque
1838 4770 1971 4824 mit-

302 4842 397 4897 tit.
430 4844 575 4899 Cum
607 4850 805 4902 autem
850 4848 1026 4906 Arius
1056 4855 1114 4907 et
1155 4853 1412 4925 asseclaa,
1446 4855 1664 4913 feroces
1694 4859 1968 4930 cupidine

303 4932 473 5003 coepti
509 4933 855 5004 perﬁciundi
915 4954 1015 4994 eas
1066 4940 1235 4996 nihili
1297 4943 1572 5012 facerent,
1632 4962 1735 5002 nec
1768 4948 1966 5004 minus

303 5021 686 5092 persisterent
718 5023 776 5079 in
810 5026 1065 5098 pristina
1092 5029 1391 5102 impietate
1418 5050 1431 5099 ;
1457 5032 1795 5106 Alexander,
1829 5053 1963 5092 cum

304 5107 468 5165 nulla
497 5127 631 5183 spes
663 5120 997 5185 superesset
1047 5119 1486 5176 reconciliandae
1532 5124 1714 5193 pacis,
1748 5126 1964 5182 coactis

301 5212 372 5252 ex
399 5197 668 5272 Egypto,
728 5201 906 5276 Libya
963 5211 1020 5262 et
1076 5209 1378 5281 Pentapoli
1436 5210 1728 5284 episcopis
1788 5231 1965 5287 prope

301 5295 557 5360 centum,
591 5290 711 5344 Arii
740 5297 796 5347 et
825 5295 1118 5351 sociorum
1178 5314 1413 5354 causam
1478 5300 1720 5372 agitavit
1750 5318 1762 5357 :
1795 5305 1964 5374 queis

302 5376 663 5448 pertinacius
685 5386 874 5453 coepta
894 5386 1222 5458 tuentibus,
1248 5387 1506 5460 synodus
1528 5390 1806 5447 adversus
1830 5391 1963 5450 illos

302 5465 653 5523 sententiam
685 5469 851 5527 dixit.
882 5474 1055 5529 Arius
1103 5475 1242 5531 hinc
1272 5476 1457 5533 multo
1505 5479 1803 5537 ardentior
1830 5499 1961 5554 pro-

304 5556 588 5628 pagandae
619 5556 858 5617 haeresis
891 5563 1106 5635 studio,
1156 5564 1409 5623 asseclas
1454 5567 1820 5639 conﬁrmare,
1854 5588 1960 5627 no-

297 5658 400 5699 vos
430 5643 543 5701 sibi
564 5644 623 5701 in
648 5647 773 5706 dies
795 5667 903 5707 sua
924 5670 1285 5728 suorumque
1307 5673 1482 5729 opera
1504 5657 1828 5716 adsciscere
1849 5674 1963 5717 sat-

298 5733 531 5811 agebat.
560 5734 711 5796 Tum
742 5737 952 5817 ingens
982 5743 1093 5805 fuit
1120 5744 1182 5805 in
1237 5749 1491 5808 Mareote
1521 5745 1808 5811 defectio:
1839 5752 1962 5812 tres

2075 3385 2299 3451 Arium,
2333 3388 2396 3438 ut
2428 3382 2831 3454 resipisccntia
2860 3400 2970 3439 sua
3016 3384 3449 3441 damnationem
3482 3402 3731 3458 praever-
3770 3380 3775 3387 ’

2072 3478 2220 3529 teret
2236 3473 2626 3528 etdeclinaret
2650 3490 2662 3528 :
2684 3489 2750 3528 ac
2768 3477 3077 3545 postquam
3097 3473 3232 3529 huic
3252 3474 3558 3531 sarciendo
3578 3476 3730 3533 malo

2075 3561 2218 3617 nihil
2253 3562 2503 3617 hortatio
2536 3561 2850 3634 profuerat,
2905 3551 3143 3618 demuni
3178 3563 3248 3619 ad
3281 3569 3540 3621 extrema
3570 3571 3627 3621 et
3657 3566 3729 3622 ad

2074 3651 2511 3708 damnationem
2538 3654 2776 3706 ventum
2803 3656 2910 3708 est.

2146 3782 2268 3845 Quo
2300 3794 2409 3833 sua
2437 3776 2550 3832 sibi
2600 3780 2829 3832 constet
2886 3777 3032 3833 ratio
3093 3776 3527 3847 Tillemontius,
3561 3780 3735 3837 binas

2077 3868 2440 3924 Alexandriae
2472 3866 2639 3922 datas
2700 3866 2772 3922 ab
2830 3865 3149 3923 Alexandro
3202 3867 3472 3940 episcopo
3528 3869 3650 3923 Arii
3681 3875 3738 3925 et

2076 3958 2369 4015 sociorum
2388 3955 2793 4012 damnationes
2813 3955 3567 4029 comminiscitur,primam
3587 3960 3738 4015 vide-

2073 4048 2211 4104 licet
2230 4047 2598 4117 illam,quam
2622 4045 2746 4117 ipse
2768 4044 3143 4111 sibi,nemine
3163 4048 3729 4121 auctore,conﬁnxit,

2076 4153 2287 4211 nempe
2318 4135 2699 4192 hortatoriam
2731 4133 3191 4202 damnationem,
3242 4136 3314 4190 ad
3345 4152 3521 4207 quam
3556 4136 3736 4209 perti-

2076 4232 2235 4293 nent,
2262 4231 2326 4281 ut
2347 4225 2448 4292 ait,
2473 4222 2955 4295 subscriptiones,
2976 4240 3106 4295 quae
3124 4226 3394 4280 secundae
3414 4225 3738 4296 subjiciun-

2073 4323 2210 4384 tur;
2244 4314 2561 4370 secundam
2595 4329 2728 4367 vero
2788 4311 2908 4367 vult
2934 4311 3093 4367 illam
3154 4330 3305 4381 esse,
3361 4330 3492 4385 qua:
3521 4314 3735 4371 etiam-

2078 4423 2221 4462 num
2252 4408 2541 4476 superest,
2566 4402 2673 4457 hoc
2697 4400 3004 4473 principio.
3032 4401 3165 4457 Cum
3186 4418 3361 4457 unum
3382 4405 3454 4458 sit
3476 4404 3737 4462 Ecclesiae

2075 4510 2286 4565 corpus,
2320 4498 2455 4560 etc.,
2488 4492 2579 4546 cui
2616 4507 2917 4562 perperam
2941 4490 3251 4560 adjunctus
3272 4491 3734 4564 subscriptiones

2076 4582 2561 4640 arbitratur.Eam
2583 4596 2717 4635 vero
2741 4577 2918 4634 nullis
2941 4582 3217 4635 testatum
3246 4580 3586 4636 auctoribus
3607 4581 3733 4656 opi-

2078 4675 2312 4729 nionem
2330 4671 2424 4727 his
2445 4669 2809 4741 argumentis
2831 4667 2928 4723 ille
2954 4669 3241 4723 tuetur.ln
3264 4669 3735 4743 epistola,inquit

2076 4763 2194 4833 ille,
2228 4779 2406 4834 quam
2424 4775 2671 4832 praesens
2688 4758 3071 4831 pra’sentibus,
3097 4762 3161 4813 ut
3190 4775 3391 4831 supra,
3417 4759 3579 4814 dedit
3608 4759 3734 4816 Ale-

2074 4854 2335 4920 xander;
2369 4849 2515 4905 alios
2547 4852 2853 4912 memorat,
2876 4846 2974 4920 qui
3006 4849 3332 4904 secundum
3356 4847 3579 4920 priores
3600 4847 3733 4905 illos

2073 4943 2340 5010 Arianos,
2387 4923 2455 4995 ad
2515 4939 2720 4993 Arium
2784 4938 3135 5005 defecerant,
3195 4953 3404 5009 nempe
3458 4931 3729 5007 Ch'arem;

2077 5034 2319 5098 Pistum,
2355 5033 2490 5092 etc.,
2522 5028 2908 5098 hortaturque
2965 5030 3168 5098 postea
3222 5028 3480 5095 eosdem,
3513 5030 3581 5082 ut
3612 5044 3731 5083 non

2076 5121 2248 5178 modo
2279 5119 2397 5175 Arii
2428 5122 2485 5173 et
2508 5116 2824 5187 sociorum,
2849 5116 2949 5171 sed
2974 5114 3150 5170 etiam
3183 5115 3326 5170 Pisti
3347 5120 3405 5171 et
3435 5116 3729 5172 sociorum

2074 5208 2424 5282 depositioni
2457 5205 2867 5262 subscribam:
2901 5220 3101 5261 verum
3145 5221 3332 5276 neque
3357 5204 3500 5260 Pisti
3538 5220 3731 5277 neque

2073 5299 2362 5357 sociorum
2410 5295 2531 5351 ulla
2578 5294 2795 5349 mentio
2852 5294 2911 5349 in
2970 5293 3222 5366 epistola
3279 5293 3573 5366 encyclios
3601 5311 3728 5368 quae

2074 5391 2361 5462 superest,
2386 5385 2540 5441 unde
2559 5384 2777 5439 inferas
2799 5383 3261 5455 subscriptiones
3280 5384 3590 5453 adjunctus
3612 5402 3728 5442 non

2073 5482 2144 5536 ad
2177 5494 2305 5535 eam
2337 5473 2645 5548 epistolam
2676 5472 2983 5544 pertinere,
3012 5473 3111 5528 sed
3144 5473 3214 5527 ad
3241 5471 3439 5544 aliam,
3473 5490 3601 5546 quae
3633 5473 3728 5530 in-

2070 5568 2311 5638 terierit,
2342 5580 2587 5637 quaeque
2622 5562 2910 5618 hortando
2941 5562 3085 5619 diris
3116 5563 3428 5618 devovebat
3456 5564 3724 5621 Arianos.

2070 5654 2454 5731 [Egritudinis
2476 5652 2700 5709 scilicet
2722 5650 2997 5723 angustia
3016 5668 3279 5725 pressus,
3307 5651 3428 5707 haec
3452 5652 3510 5707 in
3540 5658 3727 5709 trans-

2070 5763 2247 5811 cursu
2261 5745 2480 5823 legerat
2493 5743 2582 5803 vir
2595 5741 2883 5817 eruditus,
2902 5756 3091 5820 neque
3106 5741 3597 5803 animadverterat
3606 5755 3727 5812 non
