4146 6376
326 342 329 345 ’
411 358 591 411 cum

1812 347 2424 416 PBOLEGOMENA.

400 480 577 536 modo
605 478 814 537 Arium
844 483 901 537 et
930 495 1213 554 sequaces
1260 478 1392 536 illos
1450 479 1713 551 priores;
1747 482 1846 536 sed
1880 482 2057 540 etiam
2089 493 2139 554 Α
2173 488 2375 543 latium
2403 489 2800 558 aedificaverat.
2852 492 3011 546 Hanc
3050 490 3227 560 igitur
3270 488 3337 545 ob
3385 503 3617 548 causam
3657 490 3826 548 multi

395 583 498 625 eos
527 569 631 642 qui
660 572 792 642 post
819 569 1170 638 defecerant,
1196 568 1349 625 clare
1378 567 1451 624 ah
1475 565 1804 625 Alexandro
1836 586 2057 627 memo-

396 658 537 715 rari.
566 658 716 714 Nam
743 658 844 713 ubi
875 657 1092 715 diserte
1136 657 1460 714 nominavit
1488 657 1715 724 Arium,
1746 657 2056 726 Achillem,

393 744 714 813 Aithalem,
746 751 804 803 et
838 746 1094 819 reliquos
1122 746 1225 819 qui
1267 745 1491 819 priores
1528 745 1774 802 haeresin
1808 748 2054 819 professi

395 832 650 903 fuerant,
682 838 858 908 atque
888 836 946 890 in
970 836 1100 908 ipsa
1124 839 1359 891 centum
1391 835 1799 907 episcoporum
1832 837 2053 909 synodo

393 921 725 995 impietates
754 923 1128 996 impudenter
1172 923 1519 993 extulerant,
1555 924 1676 979 haec
1705 925 2050 998 subjungit:

390 1012 566 1064 Ταῦτα
620 1007 880 1085 λέγοντας
929 1010 1057 1073 τοὺς
1106 1011 1230 1085 περὶ
1278 1012 1518 1087 Ἀρειον,
1569 1011 1658 1065 καὶ
1692 1010 1780 1066 ἐπὶ
1829 1011 2046 1075 τούτοις

394 1097 903 1175 ἁναισχυντοῦντας,
951 1098 1148 1162 αὐτούς
1195 1121 1254 1155 τε
1311 1100 1400 1155 καὶ
1458 1099 1587 1162 τοὺς
1644 1098 2048 1173 συνακολουθή-

389 1206 582 1250 σαντας
630 1187 1027 1259 αὖτοῖς,ἠμεῖς
1082 1189 1175 1262 μὶν
1233 1189 1368 1263 μετᾶ
1421 1194 1527 1244 τῶν
1603 1191 1720 1244 κατ’
1772 1187 2045 1265 Αἴγυπτον

384 1275 475 1329 καὶ
529 1277 627 1339 τὰς
683 1272 891 1340 Λιϐύας
949 1276 1282 1350 ἐπισκόπων,
1357 1277 1521 1353 ἐγγὺς
1608 1278 1797 1333 ἱκατὸτ
1849 1274 2043 1350 ὄντων,

384 1362 731 1429 συνελθόντες
785 1366 1261 1441 ἀνεθεματίσαμεν.
1327 1370 1389 1425 Id
1450 1373 1575 1425 est:
1639 1370 1765 1426 Hmc
1808 1369 2047 1427 dicentes

384 1454 585 1511 Arium
612 1465 663 1512 et
692 1459 885 1524 socios,
916 1458 1029 1513 hac
1055 1459 1534 1530 impudentissime
1553 1457 1916 1531 afﬁrmantes,
1946 1476 2045 1517 nos

385 1560 514 1600 cum
568 1546 833 1617 episcOpis
887 1548 1077 1620 Αἶρε]ιί
1130 1553 1185 1602 et
1239 1547 1539 1619 Libyarum
1589 1563 1760 1620 prope
1805 1559 2041 1620 centum,

382 1648 511 1689 cum
541 1633 686 1700 illos,
717 1643 832 1690 tum
859 1651 946 1691 eos
972 1637 1071 1706 qui
1125 1637 1266 1707 ipsos
1314 1638 1486 1692 secuti
1538 1641 1666 1692 sunt
1696 1639 2045 1694 anathemate

376 1725 752 1794 percussimus
772 1744 793 1779 :
825 1724 922 1780 ubi
954 1724 1116 1780 vides
1147 1725 1299 1781 clare
1339 1725 1621 1799 distingui
1654 1726 1877 1799 priores
1909 1726 2042 1784 illos

379 1810 625 1868 Arianos
652 1811 1011 1885 impietatem
1036 1814 1093 1869 in
1116 1813 1245 1887 ipsa
1272 1815 1493 1885 synodo
1516 1816 1830 1888 professos,
1864 1816 1935 1872 ab
1967 1815 2040 1873 iis

380 1900 483 1973 qui
509 1905 711 1974 postea
739 1919 866 1959 sese
920 1903 1065 1975 ipsis
1122 1904 1531 1975 adjunxerant,
1592 1902 1787 1966 αὐτούς
1843 1925 1900 1959 τε
1946 1903 2035 1958 καὶ

375 1986 505 2051 τοὺς
562 1988 1138 2061 συνακολουθήσαντας
1194 1992 1404 2054 αὐτοῖς.
1482 1993 1541 2049 In
1602 1994 1851 2067 epistola
1902 2011 2036 2052 vero

373 2077 689 2135 Alexandri
719 2081 992 2153 superius
1022 2080 1220 2149 allata,
1280 2099 1408 2153 quae
1441 2082 1526 2138 sic
1569 2081 1767 2147 habet,
1790 2100 2037 2155 praesens

370 2169 758 2239 praesentibus,
783 2169 1091 2242 utriusque
1116 2170 1458 2227 defectionis
1483 2170 1875 2243 primipilares
1898 2189 2033 2228 cum

376 2257 753 2330 sequacibus,
786 2258 1124 2315 indicantur
1151 2258 1244 2315 his
1275 2259 1583 2326 verbis,x2i
1611 2263 1681 2333 τῇ
1730 2260 2033 2334 καθαιρέσει

368 2347 477 2399 τῶν
508 2344 634 2422 περὶ
662 2344 756 2400 τὸν
786 2346 1123 2421 *Δρειονριαὶ
1174 2351 1283 2402 τῶν
1334 2347 1459 2422 περὶ
1514 2347 1605 2402 τὸν
1667 2349 1863 2403 Πιστὸν
1924 2348 2036 2424 σύμ

370 2434 545 2512 ψηφοι
574 2434 804 2509 γένησθε
859 2453 925 2492 ac
974 2436 1302 2509 depositione
1356 2439 1482 2494 Arii
1534 2440 1932 2512 sociorumque,
1979 2450 2036 2497 et

367 2524 514 2580 Pisti
541 2526 942 2598 sociorumque,
985 2527 1320 2599 suffragium
1375 2528 1591 2585 addatis
1624 2533 1865 2584 vestrum
1894 2531 2033 2595 Qui-

372 2612 485 2669 bus
513 2614 870 2685 respondent
898 2614 1000 2671 illa
1028 2615 1338 2672 Alexandri
1361 2616 1553 2673 diota:
1588 2633 1713 2674 cum
1746 2621 1889 2687 illos,
1922 2619 2033 2676 sci-

371 2698 508 2758 licet
531 2702 733 2758 Arium
765 2708 822 2758 et
852 2703 1078 2772 socios;
1114 2708 1232 2760 tum
1261 2722 1347 2763 eos
1387 2709 1485 2778 qui
1515 2708 1657 2779 ipsos
1684 2710 1854 2764 secuti
1880 2711 2027 2779 sunt,

368 2789 640 2846 videlicet
668 2792 894 2847 Pistum
925 2797 982 2849 et
1036 2793 1248 2849 socios.
1308 2794 1457 2850 Nam
1514 2800 1580 2850 ut
1620 2795 1794 2852 Arius
1825 2797 2029 2869 primae

368 2878 713 2935 defectionis
734 2878 977 2953 signifer
992 2887 1133 2951 erat,
1160 2883 1241 2939 sic
1267 2882 1463 2940 Pistus
1506 2886 1776 2940 secundae
1804 2901 1816 2940 :
1842 2902 2030 2958 neque

370 2968 768 3025 necessarium
801 2969 910 3025 fuit
938 2975 1003 3025 ut
1033 2972 1273 3028 nomina
1293 2989 1493 3028 eorum
1519 2972 1618 3044 qui
1653 2974 1913 3029 secundo
1936 2975 2031 3030 de-

367 3057 626 3114 fecerant
638 3059 694 3115 in
711 3059 959 3133 epistola
971 3060 1263 3133 encyclios
1276 3062 1448 3135 subju
1459 3065 1590 3117 nota
1606 3067 2025 3134 repeterentur.

439 3182 571 3239 Haec
624 3183 695 3241 de
751 3183 943 3256 prima
1004 3201 1191 3257 eaque
1246 3184 1568 3261 hortatoria
1623 3186 2023 3255 damnatione,

369 3288 548 3346 quam
574 3272 980 3331 Tillemontius
1001 3278 1273 3331 manente
1298 3275 1490 3331 adhuc
1510 3274 1868 3332 Alexandriae
1887 3277 2023 3334 Ario

2166 579 2403 652 episeOpi
2450 579 2681 634 Eusebio
2727 578 3194 651 obsequebantur:
3250 582 3310 633 at
3362 580 3461 636 ille
3512 581 3825 653 frequentes

2166 666 2377 722 litteras
2403 668 2673 736 mittebat,
2733 684 2881 724 nunc
2927 668 2999 723 ad
3052 668 3449 737 Alexandrum,
3503 684 3733 726 monens
3761 672 3826 725 ut

2162 770 2454 826 suppressa
2483 759 2805 829 quaestione,
2838 759 3123 828 quaeinter
3152 758 3293 829 ipsos
3319 767 3588 815 commota
3611 760 3822 830 fuerat,

2161 845 2375 904 Arium
2405 849 2466 902 in
2492 849 2934 903 communionem
2965 849 3268 919 reciperet;
3299 863 3446 902 nunc
3474 848 3546 903 ad
3573 848 3822 921 singula-

2160 958 2288 997 rum
2316 939 2539 995 urbium
2568 938 2860 1008 episcOpos,
2889 936 3124 992 suadens
3152 952 3221 992 ne
3249 936 3563 993 Alexandro
3591 952 3821 993 consen-

2158 1047 2284 1086 sum
2310 1027 2796 1084 accommodarent.
2821 1025 3028 1092 Viden,
3058 1025 3377 1081 Eusebium
3411 1030 3724 1098 postquam
3746 1026 3819 1082 ab

2158 1119 2480 1175 Alexandro
2510 1116 2568 1171 in
2600 1114 2847 1187 epistola
2905 1113 3172 1187 synodali
3229 1114 3576 1187 perstrictus
3606 1114 3815 1185 fuerat,

2157 1207 2270 1280 ipsi
2301 1214 2499 1263 tamen
2532 1205 2753 1262 litteras
2802 1221 2904 1276 pro
2957 1203 3188 1260 Arianis
3246 1203 3604 1275 scripsisse?
3658 1204 3816 1276 quod

2156 1296 2354 1368 ipsum
2385 1293 2561 1368 paulo
2592 1294 2745 1348 infra
2774 1293 3000 1363 repetit.
3031 1292 3246 1349 Eodem
3268 1293 3472 1348 ordine
3493 1298 3549 1348 et
3579 1296 3814 1349 senten-

2154 1385 2238 1441 tia
2267 1386 2624 1441 Sozomenus
2658 1380 2920 1453 loquitur
2950 1382 2991 1436 l.
3027 1397 3065 1451 ι,
3117 1396 3171 1437 o.
3213 1381 3301 1437 15.
3331 1381 3516 1444 Quam
3547 1381 3706 1437 enim
3737 1381 3813 1439 ob

2162 1489 2401 1530 causam
2433 1471 2742 1537 Eusebius,
2766 1470 2875 1526 etsi
2907 1469 2979 1525 ab
3004 1468 3330 1525 Alexandro
3360 1468 3419 1524 in
3441 1468 3688 1542 epistola
3715 1486 3814 1527 en-

2153 1561 2370 1635 oyolica
2399 1560 2728 1626 lacessitus,
2761 1559 2963 1615 eidem,
2986 1574 3101 1613 non
3153 1558 3515 1627 rescriberet,
3548 1559 3811 1630 quando-

2153 1651 2392 1723 quidem
2424 1650 2599 1705 Arius
2629 1653 2685 1704 et
2715 1650 2980 1720 gregales
3033 1647 3317 1718 damnati,
3350 1664 3484 1703 cum
3514 1648 3812 1706 exonerati

2153 1743 2312 1795 metu
2345 1738 2692 1795 Nicomedia:
2724 1739 3019 1809 degerent,
3070 1734 3293 1792 litteras
3341 1736 3670 1793 Alexandro
3700 1738 3810 1794 ob-

2153 1829 2457 1885 servantia:
2489 1825 2859 1899 plenissimas
2882 1824 3188 1895 miserunt,
3222 1829 3279 1881 et
3298 1825 3562 1898 quidem,
3595 1830 3661 1882 ut
3687 1825 3808 1883 exi-

2149 1917 2447 1983 stimatur,
2482 1916 2598 1971 imo
2628 1932 2761 1971 vero
2796 1915 3035 1987 planum
3068 1913 3317 1981 videtur,
3360 1916 3721 1987 approbante
3749 1919 3810 1973 et

2147 2007 2431 2063 suadente
2461 2004 2711 2061 Eusebio
2742 2003 3191 2070 Nicomediensi,
3245 2020 3424 2076 penes
3468 2021 3643 2077 quem
3673 2008 3803 2061 tum

2145 2096 2446 2169 agebant?
2474 2098 2683 2150 Annon
2713 2092 2851 2149 item
2901 2091 3242 2163 Athanasio,
3293 2109 3467 2165 quem
3503 2092 3805 2150 infensum

2145 2185 2285 2240 sibit
2305 2188 2473 2240 norat
2490 2181 2795 2253 Eusebius,
2818 2198 2920 2256 pro
2935 2181 3071 2237 Ario
3095 2185 3296 2254 postea
3310 2180 3656 2253 rescripsit?
3677 2180 3801 2246 Quo

2144 2274 2393 2330 deducta
2423 2290 2514 2329 res
2546 2272 2940 2330 ecclesiastica
2983 2271 3112 2342 erit,
3164 2271 3212 2326 si
3244 2289 3313 2327 ex
3341 2270 3653 2329 levissimis
3683 2270 3798 2329 hu-

2134 2362 2402 2434 jusmodi
2424 2362 2780 2433 conjecturis
2805 2361 3062 2417 historia:
3091 2365 3149 2417 et
3167 2367 3407 2418 actuum
3429 2359 3797 2434 synodalium

2142 2451 2409 2509 ordinem
2439 2451 2724 2508 invertere
2754 2449 2969 2506 liceat?

2211 2667 2494 2723 Caeterum
2530 2666 2683 2737 quod
2717 2665 2890 2720 habet
2918 2662 3353 2732 Tillemontius,
3386 2679 3521 2718 cum
3552 2663 3802 2737 epistola

2139 2754 2434 2826 encyclios
2460 2753 2773 2809 Alexandri
2803 2753 3132 2824 conscripta
3180 2752 3307 2819 fuit,
3347 2752 3475 2823 jam
3505 2752 3709 2808 Arium
3741 2756 3803 2809 et

2139 2844 2327 2900 socios
2355 2842 2755 2898 Nicomediam
2813 2841 3211 2913 demigrasse;
3264 2839 3322 2894 id
3378 2840 3641 2912 inquam,
3689 2858 3797 2898 suo

2140 2936 2328 2988 marte
2356 2929 2621 3003 protulit,
2655 2946 2761 2985 nec
2792 2930 3024 2985 videtur
3069 2945 3203 2984 cum
3255 2928 3385 3001 ipsa
3412 2928 3662 3000 epistola
3689 2944 3799 2985 en-

2138 3019 2353 3093 cyclica
2382 3019 2733 3075 consentire.
2768 3018 2915 3073 Nam
2962 3019 3075 3073 sub
3132 3016 3366 3072 initium
3421 3017 3680 3088 epistolae
3711 3016 3797 3073 sic

2138 3108 2388 3164 habetur
2411 3125 2423 3163 :
2447 3108 2713 3180 Equidem
2729 3107 2974 3163 volebam
2999 3124 3123 3179 pem
3152 3107 3378 3163 silentio
3408 3115 3604 3177 tegere,
3635 3115 3699 3162 ut
3734 3108 3796 3162 in

2134 3198 2268 3253 solis
2299 3200 2525 3255 hteresis
2578 3196 2863 3271 praefectis
2916 3198 3127 3251 malum
3179 3196 3571 3264 absumeretur,
3630 3212 3705 3251 ne
3733 3196 3793 3251 in

2135 3292 2332 3343 caetera
2389 3289 2507 3344 loca
2561 3286 2907 3359 praevadens,
2961 3286 3367 3357 simplicion
3431 3284 3795 3358 quorumdam

367 3362 566 3418 datam
596 3367 884 3419 autumat.
918 3363 1252 3421 Secundam
1286 3380 1419 3421 vero
1451 3364 1562 3420 Arii
1596 3366 2022 3438 depositionem
2132 3392 2294 3433 aures
2322 3378 2740 3433 containinaret.
2782 3380 2856 3430 Αἰ
2883 3392 3008 3431 cum
3067 3374 3327 3430 Eusebius
3367 3374 3495 3444 jam
3545 3374 3791 3430 Nicome-

364 3456 425 3509 et
451 3452 887 3509 damnationem
919 3458 1053 3525 post
1099 3469 1394 3509 secessum
1448 3454 1567 3509 Arii
1601 3456 1670 3510 ad
1707 3456 2022 3512 Eusebium
2129 3468 2244 3525 dim
2262 3469 2564 3539 episcopus,
2596 3473 2749 3521 ratus
2776 3479 2941 3533 penes
2998 3479 3057 3519 se
3089 3465 3201 3520 sita
3253 3478 3370 3519 esse
3420 3463 3792 3519 εεσιεείαδίίσσ

363 3539 955 3609 Nicomediensem,et
975 3545 1109 3612 post
1132 3542 1299 3597 datas
1321 3543 1395 3598 ab
1420 3543 1670 3599 Eusebio
1694 3544 1753 3599 in
1774 3545 2023 3617 gratiam
2133 3557 2412 3621 omnim",
2471 3554 2841 3627 αροδιοιοηιτη
2898 3555 3129 3609 istorum
3184 3553 3561 3623 patrocinium
3615 3567 3791 3607 mw-

364 3628 492 3717 Arii
520 3633 578 3684 et
607 3628 936 3702 gregalium
967 3628 1214 3694 litteras,
1242 3629 1531 3702 prolatam
1561 3632 1835 3704 Opinatur
1857 3651 1871 3688 :
1894 3651 2025 3691 eam
2131 3646 2297 3717 perit,
2322 3644 2642 3715 [imp-asque
2667 3659 2770 3715 pro
2800 3644 2871 3696 iis
2894 3640 3367 3697 commendatitias
3420 3640 3625 3710 ubique
3650 3641 3795 3695 scri-

364 3715 590 3773 soilicet
619 3734 746 3789 qua:
772 3723 1061 3790 superest,
1121 3719 1409 3791 cujusque
1466 3725 1692 3791 partem
1726 3738 1906 3794 supra
1936 3738 2024 3777 re-

364 3804 636 3861 tulimus.
660 3805 827 3873 Nam,
850 3806 930 3861 ait
950 3806 1066 3874 ille,
1090 3823 1225 3863 cum
1250 3808 1474 3864 ratione
1491 3825 1755 3881 pugnare
1777 3810 2026 3879 videtur,

364 3893 708 3963 Eusebium,
741 3894 842 3966 qui
875 3898 995 3950 tam
1020 3912 1224 3967 aspere
1254 3895 1313 3951 in
1336 3896 1586 3969 cpistola
1614 3897 1908 3970 encyclica
1937 3915 2030 3954 ex-

368 3983 583 4057 agitur,
615 3984 942 4039 secundum
997 4000 1127 4040 eam
1184 3985 1381 4040 datam
1439 3985 1748 4059 epistolam
1799 3988 1869 4042 ad
1902 3987 2028 4043 Ale-

365 4071 658 4128 xandrum
681 4088 785 4144 pro
808 4071 1034 4127 Arianis
1055 4071 1395 4145 scripsisse:
1420 4090 1601 4145 quare
1624 4077 1757 4146 post
1775 4076 2030 4147 priorem

369 4160 918 4217 condemnationem
952 4159 1010 4215 in
1033 4160 1374 4232 hortatoria,
1398 4178 1527 4235 quae
1561 4162 1752 4235 periit,
1785 4163 2029 4236 epistola

370 4265 728 4324 expressam,
765 4248 864 4304 ubi
897 4248 1060 4306 nulla
1089 4250 1323 4306 Eusebii
1360 4251 1577 4307 mentio
1607 4256 1751 4319 erat,
1782 4251 2032 4325 epistola

371 4339 485 4413 ipsi
508 4355 611 4410 pro
635 4337 859 4394 Arianis
882 4337 1185 4411 scripserit
1214 4355 1453 4395 necesse
1474 4344 1585 4396 est.
1617 4340 1749 4397 Haec
1770 4340 1889 4409 ille,
1915 4358 2030 4397 non

371 4427 843 4485 animadverteris
873 4443 955 4497 se,
988 4445 1105 4484 non
1134 4430 1307 4485 modo
1337 4444 1470 4484 cum
1502 4429 1750 4502 epistola
1788 4430 2031 4487 Alexan-

370 4517 460 4591 dri
491 4519 563 4574 ad
585 4517 831 4585 clerum,
855 4523 911 4573 et
930 4534 1064 4573 cum
1090 4518 1338 4591 epistola
1367 4518 1697 4591 enoyolioa;
1727 4521 1830 4577 sed
1855 4521 2028 4576 etiam

2137 3733 2261 3789 bere
2287 3748 2576 3801 aggressus
2603 3733 2693 3796 sit,
2727 3738 2789 3785 ut
2832 3730 3091 3802 quosdam
3145 3730 3231 3783 rei
3286 3730 3513 3798 ignaros
3564 3730 3625 3783 in
3653 3729 3801 3785 hanc

2137 3822 2517 3891 turpissimam
2542 3819 2855 3889 Christique
2872 3818 3333 3889 oppugnatricem
3376 3817 3662 3888 pertrahat
3689 3820 3799 3874 hae-

2137 3910 2308 3964 resim
2327 3927 2348 3965 :
2379 3924 2593 3963 necesse
2614 3908 2754 3962 mihi
2771 3908 2903 3978 fuit,
2936 3905 3085 3961 haud
3114 3907 3399 3976 ignoranti
3425 3906 3556 3977 quid
3586 3908 3647 3961 in
3678 3908 3798 3978 lege

2137 4000 2407 4069 scriptum
2433 3999 2506 4052 sit
2533 4013 2646 4052 non
2701 4000 2832 4050 utra
2886 4011 3008 4050 rem
3063 3995 3288 4050 silentio
3331 4012 3609 4068 premere.
3665 3995 3797 4053 Haec

2140 4104 2283 4143 sane
2312 4085 2545 4157 cuique,
2580 4100 2773 4157 spero,
2806 4084 3027 4156 scripta
3081 4082 3438 4140 videbuntur
3479 4089 3798 4158 antequam

2140 4173 2556 4231 AriusAchilla
2576 4173 2790 4230 comite
2804 4173 3228 4246 demigraretin
3248 4174 3615 4230 Palaestinam
3631 4190 3644 4229 :
3660 4190 3797 4230 nam

2140 4263 2493 4321 Alexandria
2523 4262 2905 4331 decedens,eo
2929 4262 3093 4336 prius
3133 4264 3427 4336 profectus
3474 4267 3587 4331 est,
3619 4280 3799 4337 quam

2138 4352 2538 4410 Nicomediam
2592 4350 2798 4409 adiret.
2860 4352 3089 4408 Etenim
3122 4352 3264 4425 quid
3296 4369 3483 4409 causa:
3504 4353 3715 4410 fuisset
3735 4356 3801 4410 ut

2141 4460 2265 4501 rem
2289 4440 2522 4500 silentio
2544 4443 2814 4514 obtegere
2843 4440 3035 4513 vellet,
3053 4457 3125 4498 ne
3148 4458 3266 4513 qua
3284 4447 3544 4514 serperet
3573 4443 3794 4499 malum

2142 4534 2213 4588 ad
2246 4532 2412 4597 alios,
2447 4530 2495 4587 si
2519 4531 2645 4603 jam
2676 4530 2849 4587 Arius
2867 4529 3233 4586 Palaestinam
3258 4530 3539 4603 peliisset,
3572 4534 3638 4587 ut
3665 4547 3799 4588 con-

370 4606 776 4689 eo'fiesiasticaa
806 4606 1063 4663 historiae
1095 4607 1480 4681 scriptoribus
1509 4625 1792 4682 pugnare.
1825 4610 2027 4665 Socra-
2057 4605 2106 4670 D
2136 4626 2229 4677 tra
2257 4620 2651 4677 Alexandrum
2696 4618 3013 4676 classicum
3043 4621 3323 4676 caneret?
3379 4619 3533 4676 Sane
3585 4620 3640 4677 si
3673 4621 3797 4692 jam

369 4700 462 4753 tes
492 4694 648 4752 enim
673 4695 715 4751 Ι.
743 4712 784 4763 1,
818 4712 867 4751 o.
900 4697 955 4763 6,
986 4695 1106 4752 haec
1137 4700 1270 4769 post
1300 4695 1538 4752 allatam
1561 4697 1874 4755 Alexandri
1905 4699 2034 4772 epi-

372 4783 584 4840 stolam
615 4788 885 4839 enarrat:
921 4785 1255 4856 Hujusmodi
1283 4786 1489 4842 litteris
1518 4786 1585 4842 od
1613 4803 1799 4843 omnes
1828 4790 2031 4861 episco-

363 4898 467 4955 pos
491 4897 592 4955 per
618 4882 869 4954 singulas
924 4883 1089 4939 urbes
1143 4883 1213 4938 ab
1267 4883 1585 4940 Alexandro
1616 4886 1791 4955 datis,
1818 4885 2035 4941 malum

370 4973 428 5027 in
455 4971 704 5027 deterius
731 4972 986 5043 profecit,
1017 4988 1144 5027 cum
1176 4974 1242 5040 ii,
1302 4972 1399 5044 qui
1450 4974 1663 5028 litteras
1691 4979 2033 5048 acceperant,

370 5059 442 5117 ad
468 5061 872 5117 contentionem
899 5062 1301 5117 excitarentur.
1346 5062 1410 5117 Et
1435 5062 1542 5118 alii
1568 5063 1799 5134 quidem
1830 5065 2039 5120 litteris

371 5153 795 5218 consentientes,
820 5150 1016 5206 iisdem
1043 5153 1216 5207 etiam
1266 5150 1748 5223 subscripserunt:
1779 5153 1885 5214 alii
1911 5169 2038 5210 vero

371 5240 713 5296 contrarium
754 5241 946 5311 fecere.
1005 5240 1119 5297 Sed
1174 5242 1416 5296 maxime
1470 5242 1720 5296 omnium
1774 5241 2040 5300 Eusebius

372 5328 809 5385 Nioomediensis
847 5330 1129 5402 episcopus
1174 5330 1244 5386 ad
1300 5329 1743 5385 dissentiendum
1769 5331 2039 5403 impulsus

374 5420 477 5488 est,
509 5432 568 5473 eo
626 5417 767 5489 quod
810 5418 1126 5476 Alea-under
1175 5420 1236 5476 in
1283 5421 1397 5476 suis
1453 5419 1658 5475 litteris
1707 5422 2039 5477 nominatim

374 5508 557 5579 ipsum
583 5508 1008 5579 perstrinxisset.
1067 5511 1239 5566 Porro
1299 5513 1431 5567 tunc
1461 5511 1722 5582 temporis
1778 5510 2037 5568 Eusebius

374 5595 684 5671 plurimum
705 5600 942 5669 poterat,
972 5606 1262 5672 propterea
1293 5599 1437 5673 quod
1459 5599 1762 5669 imperator
1786 5598 2038 5656 Nicome-

375 5685 483 5753 diae
501 5682 726 5764 degebat
743 5702 765 5745 :
792 5686 915 5747 illic
964 5690 1117 5750 enim
1160 5689 1326 5767 paulo
1382 5691 1511 5751 ante
1538 5687 1911 5751 Diocletianus
1931 5705 2037 5768 pa-

2141 4709 2437 4783 profeotus
2464 4707 2673 4763 fuisset
2703 4707 2878 4763 Arius
2908 4723 3041 4763 cum
3072 4708 3392 4776 sociis,non
3425 4712 3642 4764 taceret
3662 4708 3797 4764 Ale-

2139 4799 2362 4855 xander
2391 4796 2787 4869 lucifugarum
2820 4797 3410 4869 deoessum,quorum
3442 4799 3513 4853 ad
3547 4795 3695 4854 alias
3717 4813 3801 4853 re-

2143 4885 2344 4959 giones
2376 4886 2570 4941 aditus
2600 4885 2679 4939 rei
2718 4884 3016 4940 catholica:
3050 4902 3425 4959 summopere
3468 4890 3593 4942 erat
3623 4886 3798 4959 perti-

2146 4976 2516 5031 mescendus.
2586 4979 2653 5029 Et
2701 4990 2835 5030 vero
2902 4973 2958 5029 id
2994 4975 3309 5031 formidare
3361 4992 3424 5031 se
3450 4975 3801 5033 testiﬁcatur

2143 5064 2492 5135 Alexander,
2526 5063 2667 5119 dum
2700 5064 2810 5119 sub
2842 5063 3019 5118 finem
3050 5063 3308 5135 epistolae
3357 5063 3684 5133 enclyolicae
3714 5064 3799 5121 sic

2145 5154 2449 5227 episcopos
2480 5153 2727 5207 affatur:
2754 5152 3008 5224 Remque,
3029 5154 3351 5209 charissimi
3373 5155 3535 5224 atque
3563 5152 3798 5210 honora-

2143 5244 2349 5299 tissimi
2377 5242 2775 5309 comministri,
2810 5244 2979 5298 vestri
3008 5243 3266 5314 religioni
3294 5243 3663 5299 indicavimus
3689 5260 3710 5305 ;
3740 5250 3801 5299 ut

2144 5349 2215 5389 ne
2235 5334 2519 5405 quospiam
2537 5348 2608 5386 ea:
2622 5331 2757 5402 illis,
2791 5332 2842 5387 si
2867 5331 3181 5403 petulanter
3208 5348 3299 5388 vos
3321 5332 3481 5387 adire
3521 5332 3650 5387 ausi
3677 5333 3797 5402 fue-

2146 5423 2285 5491 rint,
2316 5422 2633 5493 recipiatis:
2668 5421 2834 5492 queis
2866 5420 3006 5477 item
3038 5420 3375 5477 subindioat
3402 5437 3502 5478 eos
3532 5421 3798 5479 nondum

2145 5529 2215 5569 ex
2243 5514 2480 5585 Egypto
2504 5509 2885 5582 demigrasse.
2918 5510 3118 5583 Neque
3146 5526 3280 5567 vero
3312 5509 3527 5583 aliquis
3548 5508 3796 5583 scripto-

2145 5618 2280 5658 rum
2307 5605 2569 5657 veterum
2599 5602 2733 5656 ante
2767 5597 3126 5671 publicatam
3181 5600 3299 5657 Arii
3357 5599 3796 5657 damnationem

2145 5692 2277 5770 ejus
2304 5707 2376 5753 ex
2403 5689 2645 5768 Egypto
2674 5688 3000 5767 profectum
3067 5689 3409 5753 constituit:
3476 5688 3578 5752 sed
3635 5688 3798 5767 prior
