4146 6396
1239 412 1340 473 DE
1382 410 1569 474 VITA
1613 410 1715 473 ET
1751 402 2120 474 'SGRIPTIS
2165 414 2232 475 S.
2279 413 2728 476 ATHANASII.

3571 426 3725 475 CLXV

309 539 720 598 Tillemontius
775 557 844 597 ex
887 544 1267 616 praejudicata
1322 545 1614 617 opinione,
1676 544 1760 600 sic
1789 561 1880 602 res
1909 547 1967 601 et
1993 546 2050 612 Α
2080 563 2209 601 rum
2236 547 2408 602 ﬁdem
2426 546 2863 604 edidimus:etsi
2881 546 3052 603 titulo
3073 547 3245 604 ﬁdem
3259 546 3723 603 adderenecesse

308 634 572 702 tempora
593 630 904 686 ordinavit.

372 719 468 774 Ait
490 720 702 775 deinde
720 719 1133 777 Tillemontius
1148 723 1459 778 crediforte
1479 723 1882 794 posse,Arium
1902 723 1960 777 in

304 807 406 864 illa
418 808 830 880 episcoporum
858 827 1035 882 prope
1049 815 1282 867 centum
1298 814 1539 884 synodo,
1573 812 1816 884 impiam
1834 829 1962 884 pro-

299 897 509 954 tulisse
532 899 1297 972 sententiamzcumrogatus
1337 918 1370 956 a
1399 901 1676 972 quodam.
1696 918 1836 956 num
1861 918 1959 973 pe-

302 987 472 1042 rinde
496 987 712 1042 mutari
752 990 1061 1058 possetDei
1078 989 1820 1061 Verbum,atquediabolus
1836 1007 1962 1045 mu-

299 1079 462 1131 tatus
475 1080 596 1132 est:
622 1077 773 1132 Sane
787 1082 994 1148 potest,
1028 1079 1458 1149 responditille.
1484 1079 1591 1134 Ubi
1631 1077 1956 1134 Tillemon-

302 1164 423 1220 tius
454 1181 578 1220 rem
611 1164 845 1236 planam
877 1171 935 1221 et
966 1171 1225 1237 apertam
1259 1167 1316 1222 in
1341 1167 1578 1238 ancipiti
1609 1167 1734 1222 vult
1781 1167 1955 1223 relin-

304 1253 432 1325 qui:
463 1253 519 1309 in
533 1253 780 1325 epistola
801 1254 1018 1326 quippe
1041 1255 1320 1327 synodica
1332 1255 1838 1312 Alexanderistius
1862 1273 1956 1328 sy-

301 1342 440 1398 nodi
490 1342 756 1414 princeps
807 1342 1065 1413 idipsum
1112 1344 1306 1411 refert,
1340 1349 1405 1399 ut
1433 1345 1647 1416 cuique
1681 1347 1954 1417 superius

298 1429 490 1503 legere
520 1431 579 1485 in
612 1436 887 1503 promptu
925 1436 1034 1487 est.

369 1525 451 1576 De
483 1519 752 1576 Collutho
798 1519 1188 1576 Alexandrino
1232 1522 1588 1594 presbytero,
1641 1522 1737 1593 qui
1797 1522 1956 1593 prior

299 1609 437 1665 huic
455 1608 715 1681 epistolae
745 1609 1035 1681 synodicae
1069 1610 1439 1683 subscripsit,
1465 1612 1734 1683 quaedam
1767 1611 1952 1666 exori-

301 1703 396 1754 tur
423 1697 742 1754 difﬁcultas
771 1703 828 1754 et
857 1699 1123 1769 quaestio,
1171 1716 1349 1771 quam
1380 1717 1488 1756 nos
1517 1700 1577 1755 in
1609 1701 1954 1756 Praefatione

303 1788 374 1843 ad
409 1788 583 1843 Vitam
638 1787 931 1842 Athanasii
985 1805 1088 1860 pro
1136 1788 1287 1844 virili
1345 1790 1776 1861 expendimus:
1836 1807 1951 1860 quo

300 1875 574 1933 lectorem
606 1877 919 1948 mittimus,
954 1894 1092 1933 nam
1143 1877 1548 1935 Tillemontius
1607 1897 1678 1934 ne
1709 1879 1949 1950 quidem

299 1966 515 2038 legisse
539 1966 790 2022 videtur.

816 2055 1308 2111 ANIMAVERSIO
1347 2055 1440 2110 VI.

299 2144 442 2212 Quid
468 2145 544 2200 sit
571 2142 764 2215 τόμος,
795 2147 908 2200 sive
931 2148 1108 2200 tomus
1138 2145 1234 2200 ille
1262 2161 1423 2215 quem
1440 2146 1704 2216 episcopis
1733 2161 1833 2216 per
1862 2160 1950 2200 or-

371 2216 489 2296 bem
503 2216 958 2272 subscribendum
987 2216 1300 2272 Alexander
1328 2215 1746 2272 Alexandrinus
1776 2218 1949 2272 misit.

359 2303 610 2378 JJamdiu
632 2322 838 2394 agitari
859 2326 1117 2394 ereptum
1140 2322 1400 2394 est,quid
1432 2323 1508 2378 sit
1536 2322 1633 2378 ille
1654 2327 1852 2379 tomus
1881 2323 1952 2379 de

303 2427 420 2482 quo
451 2410 512 2465 in
542 2410 790 2482 epistola
818 2412 890 2467 ad
921 2411 1284 2467 Alexandum
1317 2411 1682 2484 Byzantium,
1705 2411 1948 2467 Alexan-

302 2500 407 2555 der
424 2500 851 2557 AIexandrinus
878 2499 1020 2556 talia
1051 2501 1206 2556 fatur
1235 2500 1313 2572 (a)
1347 2517 1359 2555 :
1395 2497 1629 2562 Τούτους
1676 2500 1946 2574 ἀποστρα-

301 2588 505 2666 φέντες,
559 2587 829 2662 ἀγαπητοὶ
882 2589 971 2642 καὶ
1025 2587 1305 2664 ὁμόψυχοι
1354 2585 1602 2665 ἀδελφοὶ,
1662 2587 1950 2666 σύμψηφοι

299 2675 509 2751 γίνεσθε
539 2678 674 2732 κατὰ
698 2685 798 2746 τῆς
835 2675 1142 2750 μανιώδους
1172 2677 1348 2732 αὐτῶν
1379 2675 1739 2751 τόλμης,καο’
1762 2679 1949 2752 ὁμοιὸ-

295 2786 436 2837 τητα
489 2771 596 2822 τῶν
654 2767 1138 2842 ἀγανακτησάντων
1217 2764 1655 2842 συλλειτουργῶν
1734 2769 1892 2841 ἡμῶν
1931 2813 1945 2840 ,

297 2856 388 2910 καὶ
421 2854 837 2911 ἐπιστειλάντων
876 2877 968 2929 μοι
1015 2857 1130 2910 κατ’
1179 2855 1352 2910 αὐτῶν
1402 2855 1600 2928 καὶτῷ
1630 2855 1788 2930 τόμῳ
1824 2878 1944 2912 συν-

301 2947 750 3021 υπογραψάντωΨ
785 2945 820 3000 ἃ
847 2945 936 3000 καὶ
987 2943 1372 3019 διεπεμψάμην
1422 2946 1546 3018 ὑμῖν
1581 2943 1669 3001 διὰ
1701 2950 1797 3008 τςῦ
1828 2947 1947 3001 υἱοῦ

305 3056 408 3109 μου
442 3037 712 3098 Ἀπίωνος
753 3039 851 3090 τοῦ
901 3033 1173 3108 διακόνου,
1221 3039 1382 3090 τοῦτο
1419 3035 1513 3108 μὲν
1562 3037 1742 3105 πάσης
1775 3034 1945 3110 Αἰγύ-

298 3145 435 3180 πτου
465 3126 563 3180 παὶ
590 3121 1051 3196 Θηϐα’ίδος·τοῢτο
1086 3123 1144 3180 δὲ
1174 3121 1382 3194 Λιϐύης
1412 3125 1501 3178 καὶ
1533 3123 1944 3197 Πενταπόλεως,

299 3215 387 3270 καὶ
421 3214 645 3286 Συρίας,
697 3215 786 3270 καὶ
837 3211 912 3269 ἔτι
961 3213 1164 3276 Λυκίας
1216 3214 1307 3269 καὶ
1355 3212 1706 3292 Παμφυλίας,
1742 3213 1945 3284 Ἀσίας,

1982 1922 2030 1988 Β

2069 635 2266 702 fuerit,
2327 637 2386 690 in
2448 637 2562 692 ﬁne
2619 637 2833 692 dicitur
2866 655 2878 693 :
2912 635 3013 690 Καὶ
3067 636 3200 708 μετὰ
3248 635 3311 689 τὸ
3343 631 3718 702 ἀποσταλῆναι

2071 723 2175 777 ἀπὸ
2213 721 2620 800 Ἀλεξανδρείας
2649 725 2738 779 τὸν
2774 724 2943 797 τόμον
2963 728 3175 779 τοῦτον·
3208 725 3266 781 id
3291 729 3400 792 est,
3431 728 3724 795 Postquam

2071 817 2251 868 autem
2267 815 2354 868 hic
2373 820 2550 869 tom-us
2566 815 2922 872 Alexandria
2939 817 3141 870 missus
3152 815 3322 870 εει.Ιὰ
3346 830 3516 886 porro
3534 829 3724 886 genus

2067 901 2449 972 epistolarum
2486 903 2921 973 synodicarum,
2954 903 3082 960 ideo
3105 907 3303 959 tomus
3324 902 3556 970 dicitur,
3581 903 3724 974 quia

2068 991 2271 1062 paucis
2303 991 2394 1046 edi
2417 992 2661 1057 solebat,
2714 992 2998 1064 συντόμως
3031 990 3503 1067 ὑπηγορεύσαμεν,
3529 993 3726 1064 paucis

2065 1080 2414 1148 dictavimus,
2451 1085 2516 1135 ut
2571 1081 2819 1137 habetur
2851 1082 3106 1138 ibidem:
3143 1082 3358 1154 quibus
3384 1080 3599 1137 accinit
3621 1080 3720 1135 Ni-

2066 1168 2232 1240 ceph.
2269 1169 2622 1240 patriarcha,
2681 1169 2782 1225 lib.
2848 1188 2887 1226 ιι
2946 1171 3213 1227 Adversus
3268 1170 3494 1242 Niceph.
3531 1169 3722 1241 Grego-

2063 1274 2229 1312 ram:
2286 1258 2426 1329 quia
2482 1257 2704 1314 scilicet
2761 1259 2841 1313 ibi
2883 1277 2974 1315 res
3033 1259 3510 1332 συντετμημὲνως,
3540 1258 3600 1314 id
3632 1262 3722 1315 est

2065 1347 2288 1416 paucis,
2323 1347 2405 1402 sic
2436 1345 2553 1417 ille,
2610 1353 2978 1404 enarrantur.
3023 1349 3236 1405 Eodem
3269 1362 3380 1405 usu
3410 1363 3520 1404 vox
3545 1345 3718 1418 τόμος

2066 1435 2320 1490 occurrit
2377 1437 2528 1506 apud
2591 1437 2984 1509 Epiphanium
3018 1437 3138 1492 haer
3190 1437 3716 1493 Photinianorum:

2066 1522 2199 1578 hinc
2230 1525 2407 1579 etiam
2427 1523 2488 1579 in
2518 1524 2864 1582 Collectione
2885 1525 3487 1591 conciliorum,tomus
3510 1525 3720 1581 Leonis

2061 1614 2132 1668 ad
2166 1613 2528 1669 Flavianum.
2589 1614 2753 1670 Unde
2782 1620 3041 1688 Ducang.
3094 1616 3154 1670 in
3182 1615 3453 1671 Glossario
3488 1612 3577 1669 Gr.
3620 1611 3719 1666 τό-

2068 1721 2188 1773 μος,
2242 1703 2500 1768 Libellus,
2533 1713 2661 1759 acta
2703 1713 2753 1759 et
2782 1704 2998 1760 decreta
3027 1706 3226 1776 synodi
3254 1708 3306 1759 et
3351 1708 3525 1759 totum
3555 1703 3718 1771 illud,

2071 1791 2210 1862 quod
2267 1791 2399 1862 ﬁdei
2447 1795 2837 1864 professionem
2896 1798 2948 1849 et
3002 1795 3403 1864 expositionem
3458 1794 3719 1864 continet,

2061 1881 2545 1952 complcctens,ubi
2575 1882 2764 1938 multa
2784 1883 2910 1939 loca
2940 1881 3316 1955 explicationi
3338 1881 3475 1938 huic
3501 1899 3719 1955 oppor-

2062 1973 2210 2024 tuna
2230 1968 2929 2041 colligit.Gretzerusitem
2953 1971 3027 2026 ad
3049 1971 3540 2038 Cantacuzenum,
3582 1969 3622 2024 l.
3653 1986 3716 2040 II,

2063 2075 2116 2126 ο,
2147 2060 2235 2126 40,
2268 2056 2461 2129 τόμον,
2494 2060 2552 2114 in
2613 2060 2853 2131 synodis
2915 2061 2996 2116 ait
3031 2077 3160 2116 esse
3188 2059 3474 2128 libellum,
3509 2062 3639 2115 acta
3663 2062 3722 2114 et

2063 2147 2296 2202 decreta
2310 2148 2461 2216 ejus,
2486 2152 2543 2203 et
2562 2154 2751 2204 totum
2781 2148 2927 2204 illud
2951 2149 3103 2221 quod
3133 2149 3267 2204 ﬁdei
3290 2147 3717 2221 professionem

2061 2236 2601 2309 expositionemque
2633 2239 2908 2304 continet,
2957 2237 3458 2311 complectentem.
3512 2238 3717 2309 Itaque

2061 2330 2258 2382 tomus
2289 2331 2498 2398 quarto
2531 2328 2855 2398 praesertim
2911 2327 3127 2383 saeculo
3157 2344 3262 2399 pro
3294 2326 3544 2399 epistola
3573 2343 3711 2399 syn-

2061 2414 2229 2470 odica
2253 2415 2598 2483 habebatur,
2625 2432 2751 2488 qum
2769 2416 3019 2472 breviter
3042 2433 3134 2473 res
3159 2416 3220 2472 in
3247 2416 3467 2489 synodo
3493 2419 3714 2488 gestas,

2060 2507 2117 2558 et
2148 2505 2423 2575 dogmata
2453 2504 2821 2577 promulgata
2850 2506 3263 2575 enarraret,uti
3295 2523 3363 2562 ex
3390 2504 3534 2560 locis
3565 2503 3714 2560 Gree—

2059 2592 2209 2664 gorii
2262 2593 2420 2659 Naz.,
2480 2593 2790 2664 Nicephori
2847 2594 3214 2665 patriarchae,
3273 2611 3340 2651 ac
3387 2592 3713 2666 praesertim

2061 2682 2324 2753 exemplo
2355 2681 2496 2737 torni
2527 2680 2905 2737 Alexandrini
2928 2683 3002 2739 ab
3032 2682 3350 2739 Athanasio
3376 2680 3708 2754 conscripti,

2059 2774 2763 2828 commonstratur..Cum
2812 2771 2993 2842 igitur
3029 2771 3340 2844 epistolam
3369 2770 3714 2842 hujusmodi

2061 2860 2401 2932 synodicam
2431 2860 2635 2932 paucis
2669 2860 3060 2932 conscriptam
3083 2861 3155 2916 ab
3184 2860 3507 2917 Alexandro
3529 2859 3715 2916 nomi-

2059 2963 2130 3003 ne
2161 2949 2366 3021 synodi
2397 2953 2634 3005 centum
2679 2949 2908 3005 circiter
2937 2949 3344 3022 episcoporum
3376 2951 3576 3006 datam
3606 2949 3713 3006 ha-

2057 3037 2325 3109 beamus,
2385 3038 2446 3092 in
2499 3055 2617 3110 qua
2666 3055 2800 3093 cum
2845 3039 2966 3093 Arii
3013 3039 3312 3095 damnatio
3345 3043 3473 3094 tum
3503 3037 3712 3110 synodi

2059 3127 2347 3182 sententia
2367 3127 2893 3199 eﬂ‘eruntur,quam
2923 3127 3097 3183 aliam
3130 3127 3450 3183 dixerimus
3483 3131 3709 3184 tomum

2059 3215 2530 3287 nuncupari,nisi
2544 3232 2674 3271 eam
2693 3233 2870 3287 quam
2893 3217 2965 3272 ad
2989 3233 3193 3272 omnes
3210 3217 3497 3272 universae
3517 3213 3710 3270 Eccle-

301 3303 724 3376 Καππαδοκίας,
767 3305 857 3358 καὶ
907 3308 1016 3360 τῶν
1062 3303 1247 3359 ἄλλων
1297 3304 1627 3380 περιχώρων
1662 3323 1675 3335 ·
1710 3305 1780 3359 ὧν
1830 3305 1945 3358 καθ’

2061 3304 2158 3360 sise
2190 3303 2484 3360 catholicae
2505 3304 2807 3376 episcopos
2832 3304 3316 3376 misit,quamque
3347 3304 3620 3376 superius
3641 3319 3710 3359 ex

300 3395 601 3468 ὁμοιότητα
628 3394 719 3448 καὶ
769 3395 895 3468 παρ’
946 3395 1096 3467 ὑμῶν
1149 3392 1389 3463 δέξασθαι
1429 3393 1683 3448 πέποιθα.
1715 3396 1780 3450 1d
1813 3398 1942 3451 est:

298 3491 416 3542 Hos
444 3494 773 3556 aversantes,
806 3485 1119 3540 charissim:
1175 3489 1338 3555 atque
1390 3486 1678 3540 unanimes
1724 3486 1945 3556 fratres,

296 3577 629 3648 sai/fragium
655 3575 838 3631 addite
872 3583 1109 3630 vestrum
1129 3575 1387 3630 adversus
1415 3575 1692 3645 furiosam
1721 3575 1948 3629 illorum

296 3666 610 3732 audaciam,
640 3665 873 3735 perinde
901 3681 966 3719 ac
1019 3664 1384 3720 comministri
1430 3664 1625 3732 nostri,
1670 3664 1767 3733 qui
1796 3661 1944 3717 indi-

295 3757 453 3827 gnati
479 3757 678 3810 suntet
719 3753 862 3809 mihi
891 3755 1146 3825 epistolas
1167 3755 1501 3824 scripserunt
1517 3752 1775 3807 adversus
1802 3752 1944 3821 illos,

296 3847 347 3900 et
373 3860 528 3899 τοΜο
585 3843 1064 3915 subscripserunt;
1114 3857 1239 3914 quae
1283 3843 1448 3898 etiam
1475 3841 1545 3896 ad
1572 3857 1663 3897 vos
1695 3842 1823 3896 misi
1847 3856 1950 3912 per

300 3933 482 4003 ﬁlium
508 3949 687 3988 meum
742 3933 1006 4003 Apionem
1052 3931 1364 4000 diaconum,
1417 3939 1533 3986 tum
1582 3947 1652 3986 ea:
1693 3931 1870 4002 Libya
1899 3933 1949 3986 et

299 4022 624 4093 Pentapoli;
669 4029 789 4077 tum
841 4037 912 4076 erc
956 4020 1140 4092 Syria,
1176 4022 1362 4093 Lycia,
1413 4020 1764 4092 Pamphylia,
1796 4019 1946 4088 Asia,

301 4111 646 4182 Cappadocia
702 4111 937 4181 aliisque
991 4111 1309 4181 provinciis.
1370 4109 1610 4176 Quorum
1639 4109 1884 4180 exemplo
1915 4127 1950 4164 a

289 4201 442 4257 vobis
463 4216 672 4272 quoque
717 4201 996 4271 acceptum
1043 4200 1118 4254 iri
1136 4197 1363 4269 conﬁdo.
1395 4197 1531 4253 Voci
1564 4195 1735 4270 τόμος
1765 4197 1946 4270 expli-

290 4289 490 4345 candae
521 4293 890 4361 opportunus
911 4293 1000 4344 est
1021 4287 1114 4343 hic
1137 4287 1398 4360 Gregorii
1426 4287 1772 4344 Nazianzeni
1795 4304 1886 4359 ep.
1919 4289 1944 4342 1

288 4379 362 4435 ad
394 4377 735 4435 Cledonium
768 4376 952 4449 locus,
1004 4374 1244 4443 Δείξουσι
1296 4373 1354 4429 δὲ
1400 4376 1615 4436 πάντως
1661 4375 1696 4443 ἢ
1747 4372 1836 4429 διὰ
1863 4374 1951 4428 τὸ-

291 4488 399 4540 μου
448 4463 756 4522 συνοδικοῦ.
788 4465 824 4534 ἢ
869 4462 937 4519 δι’
990 4461 1293 4519 ἐπιστολῶν
1342 4467 1674 4519 κοινωνικῶν
1728 4481 1740 4493 ⁸
1793 4463 1952 4525 οὗτος

286 4557 390 4632 γὰρ
437 4560 546 4610 τῶν
601 4552 840 4610 συνόδων
901 4555 929 4608 ὁ
988 4553 1180 4627 νόμος.
1229 4555 1294 4610 Id
1339 4558 1446 4622 est,
1503 4556 1740 4611 Omnino
1769 4558 1953 4610 autem

286 4647 574 4704 ostendent
611 4649 698 4717 (se
747 4644 970 4702 scilicet
1019 4646 1091 4701 ad
1142 4645 1618 4701 communionem
1658 4644 1950 4700 admissos
1978 4667 2026 4733 D

289 4737 440 4808 esse)
498 4737 585 4792 vel
639 4753 740 4808 pcr
796 4741 1004 4791 tomum
1059 4734 1400 4806 synodalem,
1448 4735 1534 4790 vel
1562 4741 1662 4804 per
1691 4733 1948 4805 epistolas

288 4827 836 4884 communicatorias.
895 4826 1036 4880 Nam
1086 4824 1174 4880 hic
1203 4824 1538 4896 synodorum
1566 4840 1680 4879 mos
1711 4827 1808 4879 est.
1846 4822 1949 4878 Hic

289 4915 474 4988 igitur
503 4931 632 4971 mos
663 4913 1021 4987 synodorum
1044 4918 1168 4969 erat
1198 4917 1264 4968 ut
1294 4930 1396 4984 per
1420 4917 1610 4968 tomos
1641 4911 1949 4985 synodicos

293 5021 421 5077 quae
452 5003 680 5060 sancita
708 5007 877 5059 erant
907 5000 1266 5058 emitterent.
1325 5001 1506 5072 Cujus
1538 5000 1618 5056 rei
1651 4999 1948 5072 apertissi-

294 5110 460 5150 mum
519 5092 929 5150 testimonium
986 5091 1166 5147 habes
1218 5091 1277 5145 in
1316 5089 1563 5163 epistola
1593 5089 1798 5162 synodi
1825 5089 1953 5145 Ale-

293 5184 593 5239 xandrinze
655 5181 794 5238 anni
825 5181 950 5252 362,
981 5181 1070 5236 ad
1101 5179 1496 5235 Antiochenos
1530 5179 1602 5234 ab
1633 5179 1951 5235 Athanasio

293 5272 424 5345 ipso
456 5271 807 5344 conscripta,
831 5276 900 5326 ut
928 5269 1124 5326 videre
1146 5273 1235 5326 est
1265 5269 1374 5324 sub
1401 5269 1600 5336 ﬁnem,
1632 5284 1689 5339 p.
1714 5267 1840 5322 6‘20.
1874 5268 1954 5324 Ea

296 5378 508 5435 nempe
564 5359 735 5432 τόμος
793 5357 1111 5416 Ἀθανασίου
1191 5355 1626 5432 ἀρχιεπισκόπου
1702 5353 1952 5425 Ἀλεξαν-

297 5446 500 5524 apem,
525 5459 695 5508 tomus
726 5450 1023 5507 Athanasii
1053 5447 1450 5519 archiepiscopi
1472 5447 1837 5502 Alexandrini
1865 5447 1952 5503 in-

295 5540 574 5598 scribitur
597 5559 612 5610 ;
635 5544 700 5597 ut
720 5557 828 5598 nos
857 5540 933 5596 ad
963 5537 1228 5595 omnium
1251 5536 1489 5593 omnino
1522 5536 1953 5610 manuscripto-

362 5756 442 5842 (α)
460 5755 818 5829 Tillem.,Vie
845 5755 911 5816 de
928 5753 1300 5815 S.Alexandre
1318 5767 1341 5824 θ
1357 5752 1704 5817 Theodorei.
1723 5753 1768 5818 1.
1795 5756 1958 5834 1,0.4,

619 5887 889 5952 Paeon.
936 5886 1046 5953 Gn.
1083 5883 1271 5953 XXV.

2054 3396 2217 3462 parte
2237 3393 2587 3448 retulimus?
2609 3394 2750 3448 Eam
2775 3393 3066 3464 siquidem
3089 3394 3216 3464 jam
3247 3411 3282 3450 a
3311 3391 3582 3466 plurimis
3604 3409 3708 3466 per

2055 3482 2256 3536 orbem
2287 3481 2576 3554 episcopis
2636 3482 3032 3554 subscriptam
3064 3486 3351 3538 memorat
3382 3482 3538 3538 idem
3569 3480 3703 3538 Ale-

2053 3571 2274 3626 xander
2301 3569 2361 3624 in
2393 3569 2639 3642 epistola
2671 3587 2778 3626 sua
2805 3572 2878 3626 ad
2909 3570 3302 3626 Alexandrum
3335 3570 3700 3643 Byzantium.

2054 3659 2200 3714 Huic
2229 3664 2425 3714 tamen
2485 3659 2786 3715 sententiae
2844 3659 3256 3716 Tillemontius
3304 3659 3557 3728 obsistit,
3588 3660 3698 3716 hoc

2057 3753 2401 3820 argumento
2434 3766 2575 3804 sane
2603 3748 2816 3821 frigido
2870 3753 2926 3804 et
2954 3748 3116 3805 nullo
3141 3767 3153 3805 :
3209 3749 3337 3806 Non
3362 3747 3698 3819 verisimile,

2056 3837 2267 3909 inquit,
2320 3842 2408 3893 est
2465 3837 2769 3910 episcopos
2817 3838 3000 3910 gestis
3057 3837 3514 3911 quamplurimis
3543 3838 3605 3894 in
3634 3853 3705 3894 ea

2057 3925 2936 4000 epistolamemoratis,quorum
2955 3931 3136 3983 testes
3157 3944 3284 3984 esse
3304 3945 3420 3984 non
3443 3932 3704 4000 possent,

2058 4015 2404 4088 suffragium
2434 4016 2687 4072 dedisse.
2707 4017 3046 4073 Sufﬁciebat
3073 4017 3232 4073 enim
3263 4021 3329 4073 ut
3356 4016 3711 4074 confessioni

2063 4105 2199 4161 ﬁdei
2250 4105 2708 4174 subscriberent,
2744 4108 2801 4160 et
2853 4123 2914 4161 se
2954 4105 3201 4162 Arianos
3233 4123 3348 4161 non
3380 4111 3719 4178 recepturos

2062 4196 2134 4250 ad
2168 4195 2642 4251 communionem
2663 4211 2793 4250 esse
2814 4195 3228 4267 proﬁterentur
3256 4196 3722 4267 :nequevidetur

2059 4286 2256 4339 tomus
2289 4283 2448 4338 aliud
2482 4284 2788 4355 quidpiam
2847 4283 3187 4356 complexus
3217 4300 3366 4340 esse.
3417 4283 3548 4340 Haec
3577 4283 3714 4339 ille:

2060 4377 2120 4428 at
2150 4390 2264 4428 non
2298 4371 2570 4428 meminit
2599 4372 2786 4427 multa
2815 4372 2923 4428 hoc
2955 4372 3168 4428 saeculo
3205 4371 3470 4444 exempla
3499 4369 3714 4441 offerri,

2060 4461 2159 4516 ubi
2179 4461 2452 4517 absentes
2474 4461 2731 4533 episcopi
2753 4461 2929 4517 tomis
2951 4465 3008 4517 et
3027 4460 3289 4533 epistolis
3311 4459 3710 4533 synodalibus,

2061 4550 2226 4622 queis
2239 4555 2404 4623 gesta
2422 4551 2568 4606 bene
2591 4549 2778 4605 multa
2797 4553 3164 4621 enarrantur,
3188 4549 3536 4622 suffragium
3567 4549 3713 4604 dant

2059 4644 2116 4695 et
2147 4639 2544 4695 subscribunt.
2600 4639 2662 4694 In
2714 4644 2873 4694 tomo
2931 4638 3147 4711 quippe
3194 4637 3497 4695 Athanasii
3530 4654 3712 4709 supra

2057 4732 2401 4800 memorato,
2425 4728 2485 4783 in
2518 4745 2633 4800 quo
2663 4732 2828 4801 gesta
2859 4728 3066 4800 synodi
3097 4731 3366 4784 accurate
3393 4743 3710 4784 recensen-

2056 4820 2173 4889 tur,
2206 4816 2552 4873 Antiocheni
2584 4818 2684 4889 qui
2714 4816 2893 4890 gestis
2942 4834 3057 4873 non
3089 4807 3477 4872 interfuerant
3522 4814 3712 4872 calcu-

2057 4906 2181 4962 lum
2213 4907 2439 4962 addunt
2468 4907 2563 4962 Sic
2594 4906 2748 4962 enim
2781 4906 2884 4975 ibi,
2933 4923 2990 4979 p.
3023 4907 3148 4963 620.
3182 4903 3280 4958 Καὶ
3317 4908 3451 4977 μετᾶ
3480 4902 3541 4958 τὸ
3573 4902 3710 4956 ἀπο-
3741 4920 3743 4922 ·

2059 4993 2321 5064 σταλῆναι
2355 4995 2458 5048 ἀπὸ
2489 4991 2896 5069 Ἀλεξανδρείας
2939 4994 3031 5048 τὸν
3080 4993 3248 5067 τόμον
3303 4997 3518 5059 τοῦτον,
3566 4990 3711 5046 οὕτω

2060 5085 2206 5157 παρὰ
2231 5083 2642 5158 προειρημένων
2694 5082 3205 5159 ὑπογεγραμμένον,
3254 5083 3392 5136 κατὰ
3425 5084 3592 5136 ταῦτα
3619 5079 3710 5135 καὶ

2064 5173 2215 5229 αὐτοὶ
2279 5173 2588 5248 ὑπέγραψαν
2626 5195 2637 5207 ο
2672 5174 2732 5229 id
2782 5179 2899 5240 est,
2947 5176 3242 5246 Postquam
3299 5176 3482 5229 autem
3536 5175 3714 5228 tomus

2064 5266 2156 5321 hic
2183 5263 2524 5321 Alexandria
2578 5266 2780 5320 missus
2808 5267 2945 5330 est,a
2981 5280 3152 5335 supra
3180 5263 3340 5319 dictis
3369 5264 3448 5317 ita
3475 5261 3715 5318 subscri-

2058 5360 2206 5427 ptus,
2225 5359 2411 5426 postea
2439 5357 2489 5410 et
2515 5355 2624 5426 ipsi
2648 5369 2855 5425 quoque
2884 5353 3291 5424 (Anthiochem)
3313 5351 3711 5424 subscripsere:

2065 5449 2122 5500 et
2152 5449 2352 5518 postea
2382 5443 2622 5498 all'ertur
2646 5441 2874 5497 Paulini
2904 5441 3280 5513 subscriptio,
3315 5440 3414 5513 qui
3445 5455 3588 5496 sane
3615 5455 3715 5512 ge-

2070 5534 2180 5593 stis
2209 5533 2270 5590 in
2301 5537 2460 5591 tomo
2491 5530 2830 5590 memoratis
2860 5547 2976 5592 non
3005 5531 3481 5599 intertuerat,nec
3509 5543 3716 5590 eorum
