4146 6428
387 419 564 469 CLXVI

1781 411 2366 476 PROLEGOMENA
2379 459 2395 476 .

383 538 551 595 testis
607 557 736 598 esse
787 547 1030 616 poterat.
1092 545 1161 601 Et
1205 545 1460 618 epistolae
1491 545 1791 618 encyclicm
1823 545 2028 617 synodi
2057 547 2113 612 Α
2141 544 2432 602 lamitates
2463 547 2657 604 nullas
2689 554 3061 616 memoraret,
3091 552 3245 605 esset
3284 548 3460 620 hujus
3488 544 3792 618 scriptoris

383 625 766 698 Sardicensis,
821 632 919 687 ubi
977 633 1220 691 historia
1270 653 1464 691 rerum
1496 635 1561 702 in.
1587 636 1809 708 synodo
1839 640 2030 705 gesta-

383 729 515 770 rum
547 724 900 788 recensetur,
941 722 1194 795 episcopi
1225 723 1359 796 plus
1389 723 1646 790 ducenti,
1679 723 1779 794 qui
1812 723 2031 795 synodo

383 819 501 861 non
532 804 933 880 interfuerant,
985 813 1406 885 subscripsere,
1459 814 1560 885 qui
1604 812 1776 884 longo
1809 811 2032 867 itineris

383 891 689 952 intervallo
709 898 1231 973 dissiti,gestorum
1250 907 1427 958 testes
1457 919 1584 958 esse
1605 918 1722 957 non
1745 905 2030 972 poterant.

383 981 602 1039 Verum
625 1001 741 1042 non
773 988 943 1059 quasi
976 1006 1171 1046 rerum
1200 990 1254 1045 in
1290 991 1512 1063 synodo
1533 995 1831 1061 gestarum
1857 994 2035 1044 testes

384 1071 834 1132 subscribebant
859 1098 872 1146 ;
907 1079 1006 1134 sed
1026 1079 1320 1152 dogmata,
1339 1077 2036 1144 anathemata,hzeretico-

385 1176 518 1216 rum
540 1167 596 1217 et
616 1162 997 1222 factiosorum
1020 1167 1328 1223 hominum
1346 1167 1738 1240 depositiones
1755 1167 2034 1238 suﬁ‘ragio

384 1266 492 1306 suo
515 1253 879 1310 muniebant.
903 1255 1449 1328 Tillemontiiigitur
1461 1256 1605 1312 ratio
1626 1255 1820 1311 nulla:
1848 1272 2035 1326 neque

388 1339 617 1396 felicius
637 1341 906 1399 Valesius
922 1344 997 1415 (a)
1012 1345 1111 1416 qui
1127 1350 1290 1416 putat
1305 1349 1531 1401 tomum
1546 1345 1885 1416 hujusmodi
1905 1360 2034 1400 esse

387 1429 693 1500 epistolam
724 1433 798 1488 ad
829 1432 1218 1489 Alexandrum
1242 1434 1584 1506 Byzantium
1613 1434 2032 1490 missam.Nam

386 1533 455 1574 ex
482 1517 554 1573 iis
585 1535 712 1590 qua:
745 1521 1016 1592 superius
1041 1523 1588 1579 attulimusvidetur
1616 1528 1842 1579 tomum
1867 1522 2033 1577 illum

386 1605 546 1661 aliud
575 1608 877 1682 quidpiam
930 1611 1000 1667 ab
1060 1611 1307 1683 epistola
1336 1629 1482 1669 esse.
1514 1614 1732 1668 Tomus
1765 1613 1904 1668 item
1937 1610 2035 1666 illc

387 1695 460 1751 ad
491 1711 696 1752 omnes
748 1699 966 1770 ubique
1013 1700 1319 1773 episcopos
1372 1701 1590 1758 missus
1634 1701 1842 1766 fuerat,
1876 1705 1939 1756 ut
1968 1717 2036 1757 ex

386 1787 725 1843 memoratis
757 1787 975 1844 ibidem
998 1790 1754 1863 subscriptionibusliquet;
1771 1790 1892 1845 haec
1904 1806 2035 1846 vero

385 1873 633 1946 epistola
682 1877 754 1931 ad
786 1894 971 1934 unum
1019 1878 1414 1936 Alexandrum
1466 1881 1648 1936 missa
1677 1887 1782 1935 est.
1814 1882 1885 1934 At
1916 1879 2036 1933 hanc

384 1966 581 2020 autem
614 1965 858 2037 epistola
887 1970 959 2024 ad
990 1967 1384 2025 Alexandrum
1410 1969 1685 2041 prolixior
1714 1973 1821 2035 est,
1853 1984 2032 2039 quam

387 2071 514 2128 quae
535 2056 723 2128 possit
739 2054 911 2129 τόμος
941 2059 1134 2114 vocari
1160 2075 1173 2114 :
1207 2063 1440 2129 nam,ut
1468 2075 1646 2130 supra
1678 2058 2033 2124 notavimus,

385 2150 585 2202 tomus
612 2145 828 2202 dicitur
858 2146 918 2202 in
967 2163 1079 2218 quo
1137 2146 1592 2218 συντετμημένως
1633 2163 1698 2202 ac
1730 2144 2033 2216 συντόμως,

386 2237 508 2294 sive
519 2236 873 2308 perbreviter
893 2237 1389 2308 reszenarrantur;
1416 2236 1510 2291 hic
1539 2251 1674 2291 vero
1688 2237 1813 2291 fuse
1836 2236 2034 2290 admo-

386 2326 530 2381 dum
562 2324 1229 2396 recensentur,nam;vix
1248 2324 1527 2380 tredecim
1569 2324 2036 2397 quatuordecim-

386 2430 456 2471 ve
483 2414 715 2488 paginis
747 2413 995 2486 epistola
1022 2413 1124 2470 illa
1143 2413 1510 2486 persolvitur.

865 2519 1406 2581 ANIMADVERSIO
1434 2521 1552 2576 Vll.

460 2617 570 2686 Quo
601 2619 839 2687 tempore
866 2614 1195 2687 Athanasius
1235 2615 1297 2667 in
1339 2610 1661 2687 Thebaidem
1696 2612 1968 2681 profectus

911 2685 1276 2741 Pachomz‘um
1298 2684 1511 2738 viserit.

456 2779 673 2833 Auctor
719 2775 854 2832 Vitae
909 2773 964 2830 S.
1022 2773 1300 2829 Pachonz'i
1329 2772 1424 2843 (ὁ),
1459 2770 1561 2842 qui
1588 2774 1795 2842 quarto
1827 2769 2036 2826 saeculo

388 2865 864 2938 scripsit,narrat
909 2862 1297 2918 Athanasium
1329 2860 1494 2916 initio
1550 2860 1920 2932 episcopatus
1947 2858 2037 2915 sui

388 2954 708 3012 Thebaidis
739 2951 1024 3009 Ecclesiae
1055 2951 1498 3007 Meletianorum
1523 2949 1770 3005 dissidio
1801 2948 2038 3004 Ariano-

388 3059 640 3116 rumque
698 3042 955 3098 motibus
1007 3040 1394 3112 deﬂagrantes
1447 3037 1854 3110 perlustrasse,
1921 3053 2036 3108 quo

385 3133 725 3191 vacillantes
751 3130 1092 3202 debilesque
1117 3129 1345 3184 animos
1377 3132 1662 3184 recrearet
1692 3132 1750 3182 et
1779 3127 2039 3183 ﬁrmaret

387 3224 448 3280 in
503 3239 639 3280 vera
695 3221 828 3277 ﬁde.
887 3222 942 3271 Ὀ
999 3214 1056 3271 δὲ
1109 3217 1410 3290 ἀγιώτατος
1459 3215 1886 3291 ἀρχιεπίσκοπος
1933 3222 2033 3284 τῆς

2142 636 2546 692 testimonium
2566 637 2636 692 ad
2655 655 2776 694 rem
2795 637 3053 710 alioquin
3077 636 3607 709 probabilissimam
3635 653 3794 691 asse-

2143 724 2381 779 rendam
2406 726 2584 780 satis:
2632 731 2938 798 conspecto
2972 741 3224 797 namque
3254 723 3591 780 turbulento
3623 724 3790 779 Aria-

2145 828 2353 867 norum
2374 813 2930 886 Meletianorumque
2948 815 3164 881 animo,
3187 813 3273 869 vel
3297 813 3628 868 tacentibus
3659 811 3796 868 scri-

2143 901 2629 972 ptoribus,multa
2661 902 2818 974 ipsos
2849 903 2908 958 in
2939 903 3245 959 Athanasii
3279 901 3594 974 perniciem
3631 901 3796 956 moli-

2144 995 2236 1044 tos
2287 991 2603 1047 verisimile
2657 995 2828 1047 esset.
2863 993 2933 1048 At
2981 991 3150 1064 longe
3182 1008 3350 1046 secus
3382 1006 3474 1046 res
3505 1006 3566 1044 se
3595 989 3790 1045 habet.

2147 1077 2289 1132 Nam
2322 1079 2678 1135 Athanasius
2738 1081 2861 1152 ipse
2921 1081 3020 1148 ait,
3072 1080 3446 1145 Arianorum,
3478 1083 3790 1150 postquam

2144 1166 2333 1237 primo
2350 1167 2611 1222 damnati
2645 1171 2894 1237 fuerant,
2916 1167 3138 1223 scilicet
3167 1185 3319 1222 anno
3350 1168 3474 1237 321,
3504 1167 3791 1238 impetum

2145 1255 2201 1308 in
2236 1272 2296 1310 se
2329 1256 2957 1328 prorupisse,hincque
2987 1258 3221 1312 eosdem
3254 1261 3563 1328 conspecta
3593 1273 3702 1312 sua
3732 1256 3791 1311 in

2142 1342 2374 1399 Niczena
2403 1347 2618 1416 synodo
2651 1362 2751 1416 pro
2785 1346 2897 1400 ﬁde
2927 1346 3145 1401 tuenda
3195 1345 3469 1399 ﬁrmitate
3500 1345 3559 1399 in
3592 1345 3786 1415 majus

2144 1431 2234 1486 sui
2266 1433 2466 1487 odium
2497 1434 2782 1489 exarsisse
2813 1450 2824 1487 :
2887 1434 2944 1487 in
2976 1433 3223 1504 epistola
3263 1438 3456 1488 autem
3496 1433 3793 1489 Ammonii

2142 1520 2460 1577 Athanasio
2480 1522 2930 1593 mqualis,fertur
2950 1522 3359 1589 Athanasium,
3383 1522 3581 1577 statim
3619 1527 3794 1594 atque

2145 1609 2450 1665 ordinatus
2475 1615 2722 1678 fuerat,a
2751 1609 3047 1666 sceleratis
3074 1611 3430 1681 quibusdam
3453 1609 3793 1667 lacessitum

2145 1698 2327 1753 fuisse
2349 1699 2690 1767 calumniis;
2717 1699 2881 1769 quasi
2906 1698 3127 1754 scilicet
3142 1699 3347 1770 junior
3367 1716 3468 1770 pro
3486 1704 3647 1756 tanto
3671 1717 3796 1756 mu-

2146 1803 2281 1842 nere
2313 1793 2617 1859 cooptatus
2650 1788 2875 1858 fuisset,
2895 1788 3251 1859 eosdemque
3273 1787 3572 1859 improbos
3603 1789 3796 1844 Eccle-

2145 1876 2295 1930 siam
2327 1876 2427 1931 Dei
2452 1877 2718 1932 scindere
2752 1878 2910 1932 nisos
2941 1893 3068 1932 esse
3100 1882 3371 1932 narratur
3398 1880 3469 1945 (e)
3490 1894 3502 1932 :
3525 1873 3721 1951 Ἔλεγε
3739 1875 3796 1932 δὲ

2144 1963 2278 2035 ᾐμῖν
2312 1969 2442 2017 πᾶσι
2477 1965 2797 2038 [laxo-531:0:
2831 1966 2934 2037 (sic
2965 1965 3358 2036 Ammonius),
3407 1962 3518 2036 ἅμα
3545 1964 3606 2018 τό
3631 1986 3794 2020 κατα-

2145 2053 2398 2120 σταθῆναι
2461 2054 2775 2109 ἈΟανάσιον
2836 2052 3149 2123 ἐπίσκοπον,
3201 2052 3299 2106 οὐκ
3357 2053 3546 2127 ἀγαθοὶ
3607 2051 3795 2127 ἄνδρες

2146 2141 2423 2195 αἰτιῶνται
2485 2143 2546 2196 τὸ
2614 2143 2786 2217 κρίμα
2857 2147 2953 2196 τοῦ
3010 2147 3144 2196 Θεοῦ
3219 2141 3300 2195 ἐπ’
3358 2142 3504 2214 αὖτῷ
3561 2143 3796 2218 γενόμε-

2142 2251 2232 2284 νον
2270 2277 2283 2300 ,
2344 2225 2814 2306 προϐαλλόμενον
2848 2238 2948 2300 τῆς
3005 2229 3229 2300 ἡλικίας
3289 2230 3451 2285 αὐτοῦ
3500 2232 3562 2286 τὸ
3621 2233 3738 2287 νέον
3777 2276 3791 2302 ,

2143 2320 2232 2374 καὶ
2291 2319 2475 2395 σχίσαι
2532 2321 2629 2388 τὴν
2689 2318 3013 2390 Ἐκκλησίαν
3090 2325 3185 2375 τοῦ
3257 2325 3390 2375 Θεοῦ
3461 2319 3793 2391 σπουδάζον-

2143 2429 2252 2470 τες.
2284 2410 2388 2466 Cui
2421 2410 2776 2481 suffragatur
2805 2410 3167 2483 Epiphanius
3189 2412 3427 2482 (f),dum
3459 2412 3796 2468 ordinatum

2146 2503 2277 2570 post
2306 2497 2617 2553 Alexandri
2675 2498 3051 2554 Alexandrini
3112 2505 3359 2554 mortem
3415 2500 3797 2557 aMeletianis

2145 2587 2440 2643 Theonam
2474 2587 2789 2660 quemdam
2821 2588 3190 2656 testificatur,
3217 2589 3314 2659 qui
3345 2588 3797 2646 Alexandrinam

2147 2677 2365 2744 sedem,
2399 2676 2769 2748 conspirante
2795 2675 3188 2748 lucifugarum
3223 2676 3610 2741 turba,tribus
3635 2693 3798 2733 men-

2147 2764 2311 2820 sibus
2368 2765 2641 2820 tenuerit.
2702 2767 2904 2836 Itaque
2964 2764 3095 2818 licet
3138 2764 3483 2836 parcissime
3513 2783 3604 2821 res
3636 2765 3798 2823 illius

2143 2853 2426 2925 temporis
2457 2858 2702 2926 tangant
2719 2853 3308 2924 scriptores,magnas
3332 2856 3527 2908 tamen
3545 2853 3800 2910 Athana-

2146 2941 2234 2997 sio
2266 2946 2393 2997 tum
2427 2943 2686 3013 objectas
2730 2940 3081 2996 tentationes
3139 2940 3508 3012 significant:
3543 2947 3797 2998 certum-

2146 3049 2259 3104 que
2290 3031 2531 3102 insuper
2585 3035 2674 3086 est
2704 3029 2890 3084 multo
2917 3029 3087 3100 plura
3116 3029 3583 3100 praetermisisse,
3618 3047 3796 3102 quam

2147 3120 2529 3176 narraverint.
2586 3121 2667 3174 Ex
2705 3117 2903 3173 leviori
2961 3135 3096 3190 ergo
3155 3119 3490 3188 conjectura
3545 3137 3667 3174 rem
3701 3119 3798 3176 ille

2149 3207 2385 3281 planam
2413 3212 2470 3262 et
2495 3206 2748 3262 dilucide
2779 3211 3076 3262 narratam
3107 3207 3401 3262 evertit.Et
3433 3225 3567 3264 vero
3597 3209 3798 3282 perin-

389 3307 799 3384 ’Δλεξανδρείας
828 3307 896 3376 ἦν
926 3307 1062 3361 κατά
1088 3305 1176 3360 τὸν
1209 3305 1393 3381 καιρὸν
1427 3304 1734 3380 ἀρχόμενος
1782 3311 1883 3373 τῆς
1919 3303 2033 3358 ἐπι-

2151 3298 2220 3352 de
2252 3297 2395 3351 mihi
2427 3297 2715 3351 absonum
2746 3296 2975 3351 videtur
3026 3296 3162 3364 dici,
3197 3295 3508 3370 ἀρχόμενος
3537 3303 3638 3366 τῆς
3671 3297 3795 3351 ἐπι-

391 3407 602 3470 σκοπῆς
645 3399 705 3456 id
757 3403 847 3455 est
900 3397 1284 3453 Sanctissimus
1323 3395 1754 3468 archiepiscopus
1803 3397 2040 3451 Alexan-

387 3491 586 3548 drinus
617 3497 747 3544 tunc
774 3488 1030 3560 temporis
1055 3487 1425 3557 episc0patum
1450 3485 1796 3540 inibatllinc
1828 3502 1934 3540 nos
1981 3484 2040 3539 in

398 3597 621 3641 annum
633 3577 862 3636 circiter
882 3577 989 3633 3'27
1006 3575 1160 3631 hunc
1173 3575 1492 3647 profectum
1507 3574 2046 3646 consignamus.Ni-

399 3673 618 3730 mirum
652 3665 1006 3726 Athanasius
1045 3668 1324 3732 vertente,
1357 3667 1423 3717 ut
1444 3663 1885 3733 diximus,anno
1915 3665 2042 3734 326,

395 3763 458 3818 in
489 3760 829 3834 episcopum
863 3753 1320 3811 Alexandrinum
1358 3751 1600 3808 allectus
1641 3753 1729 3822 (ε),
1763 3759 2043 3824 sequente

397 3852 509 3908 hoc
532 3850 641 3906 iter
662 3844 994 3904 instituerit.
1031 3844 1090 3898 Id
1115 3847 1312 3898 tamen
1364 3841 1633 3913 scriptori
1691 3845 1890 3896 nostro
1925 3859 2040 3897 non

397 3940 608 4014 placet,
637 3937 817 4010 quiin
849 3950 1069 3990 annum
1115 3932 1220 3987 333
1277 3930 1657 3999 Thebaicum,
1690 3929 1802 3985 iter
1855 3932 2044 3986 confe-

396 4029 644 4086 rendum
671 4025 1015 4081 (estimatEt
1034 4021 1174 4093 quia
1193 4037 1326 4076 cum
1352 4019 1574 4076 ratione
1597 4036 1858 4090 pugnare
1881 4021 2039 4076 vidc-

386 4124 483 4175 tur
519 4117 671 4184 utis,
703 4113 803 4186 qui
833 4128 984 4170 anno
1000 4113 1105 4167 326
1135 4109 1446 4182 episcopus
1477 4125 1605 4164 esse
1625 4109 2040 4179 cocperit,anno

386 4207 492 4263 333
520 4203 921 4279 episcopatum
967 4199 1116 4255 inire
1145 4198 1393 4267 dicatur,
1423 4213 1528 4251 nec
1556 4196 1668 4251 nisi
1724 4195 2037 4272 ἀμηχανίας

387 4312 524 4368 ergo
543 4297 733 4368 potest
751 4291 888 4348 talis
919 4290 1254 4360 conjectura
1284 4285 1549 4358 proferri,
1582 4283 2040 4358 validissima,ut

387 4388 558 4458 putat
602 4382 719 4451 ille,
781 4382 1132 4454 argumenta
1187 4377 1498 4431 adversum
1557 4378 1711 4430 stare
1792 4383 2034 4448 pugnat.

387 4473 557 4539 Nam,
587 4469 798 4542 inquit,
830 4469 1032 4524 eadem
1070 4466 1131 4520 in
1170 4465 1304 4519 Vita
1335 4466 1608 4518 narratur
1646 4463 2035 4520 Athanasium

381 4564 508 4635 jam
539 4577 644 4633 pro
670 4559 783 4615 ﬁde
803 4556 1014 4612 Christi
1045 4554 1207 4611 varia
1235 4569 1579 4625 perpessum
1606 4569 1734 4608 esse
1757 4554 1840 4625 (d)
1879 4551 2037 4625 μάλι-

2152 3385 2489 3457 σκοπῆς,ᾳυὶ
2536 3385 2853 3456 septimum
2880 3384 2965 3440 vel
2993 3390 3260 3440 octavum
3293 3385 3665 3458 episcopatus
3695 3405 3797 3444 an-

2151 3491 2293 3531 num
2323 3475 2535 3546 agit,ac
2567 3474 2616 3530 si
2647 3475 2781 3547 quis
2812 3474 2956 3530 illud
3006 3475 3190 3543 Lucae,
3223 3477 3286 3542 ἦν
3332 3473 3638 3549 ἀρχόμενος
3669 3476 3798 3530 ὡσεὶ

2153 3564 2284 3618 ἐτῶν
2312 3564 2619 3638 τριάκοντα,
2670 3565 2754 3620 sic
2811 3564 3142 3636 explicaret,
3195 3571 3261 3620 ut
3304 3566 3500 3620 Jesum
3536 3571 3662 3621 tum
3696 3568 3797 3622 tri-

2153 3655 2436 3710 cesimum
2470 3655 2784 3726 septimum
2835 3653 2918 3708 vel
2979 3654 3344 3709 tricesimum
3370 3660 3639 3710 octavum
3669 3657 3798 3712 vitae

2152 3760 2373 3800 annum
2400 3743 2590 3816 egisse
2612 3747 2912 3797 statueret.
2937 3742 3021 3796 Ad
3044 3742 3186 3805 hazc,
3221 3749 3678 3800 consentaneum
3711 3749 3803 3801 est

2149 3833 2538 3889 Athanasium
2559 3832 2686 3903 ipso
2708 3830 3080 3902 episcopatus
3112 3832 3276 3887 initio
3307 3831 3434 3888 loca
3463 3835 3798 3901 remotiora,

2151 3922 2593 3978 Meletianorum
2617 3920 3084 3989 Arianorumque
3107 3920 3414 3976 fraudibus
3434 3922 3801 3994 tentala,adi-

2149 4013 2285 4080 isse,
2313 4029 2416 4067 nec
2438 4012 2495 4065 in
2517 4010 2714 4082 plures
2745 4025 2930 4064 annos
2961 4010 3256 4065 remisisse
3289 4027 3524 4068 munus.
3559 4013 3628 4067 Et
3657 4011 3796 4068 alio-

2150 4100 2290 4172 quin
2323 4116 2476 4155 anno
2522 4099 2646 4165 333,
2696 4112 2894 4152 mense
2938 4097 3165 4153 circiter
3213 4099 3419 4154 Martio
3449 4117 3564 4172 quo
3596 4117 3798 4157 susce-

2149 4194 2316 4261 ptum
2367 4189 2440 4244 ab
2473 4187 2795 4242 Athanasio
2843 4187 2952 4240 iter
3007 4185 3132 4242 vult
3187 4187 3618 4256 Tillemontius,
3652 4191 3796 4246 dum

2147 4277 2298 4334 bello
2352 4279 2638 4333 ferverent
2684 4276 2965 4341 omnia,et
2985 4277 3111 4346 jam
3144 4277 3415 4333 ardentes
3447 4277 3662 4334 scelere
3691 4279 3792 4334 ad-

2144 4367 2382 4423 versarii
2414 4371 2672 4423 extrema
2726 4364 2838 4436 ipsi
2872 4366 3303 4436 portenderent,
3339 4384 3452 4424 non
3486 4373 3577 4423 sat
3609 4368 3710 4423 otii
3741 4372 3798 4424 et

2146 4456 2322 4527 spatii
2354 4455 2633 4511 habuisse
2663 4453 2986 4523 videtur,ut
3011 4454 3405 4511 remotissima
3427 4455 3672 4514 illaloca
3703 4474 3797 4530 pe-

2144 4544 2420 4600 teret.lllo
2452 4544 2671 4615 quique
2701 4559 2878 4611 anno,
2913 4542 3255 4598 Eusebianis
3300 4543 3698 4614 molientibus,
3734 4546 3794 4601 in

389 4669 486 4704 στα
517 4645 727 4702 ἀκούων
757 4644 889 4706 tbi):
918 4640 1206 4703 ποικίλους
1249 4639 1584 4712 πειρασμοὺς
1633 4639 1724 4702 οὖς
1785 4641 2035 4714 ὑπέμεινε

2147 4633 2461 4706 perniciem
2513 4631 2815 4687 Athanasii
2847 4632 3114 4687 Caesareae
3147 4631 3205 4688 in
3239 4632 3546 4690 Palaestina
3576 4635 3796 4691 indicta

386 4737 611 4794 κατὰτὸ
660 4731 996 4809 Εὐαγγέλιον
1047 4730 1137 4784 καὶ
1185 4729 1320 4784 κύτὰ
1363 4730 1463 4798 τὴν
1514 4727 1680 4802 ὀρθὴν
1731 4729 1931 4801 πίστιν,
1965 4733 2035 4800 ἧς

386 4824 562 4883 ἕνεκεν
591 4825 682 4880 καὶ
719 4823 852 4897 μετὰ
878 4825 1045 4876 ταῦτα
1075 4816 1330 4894 ἔπασχεν.
1365 4820 1510 4875 Hinc
1559 4836 1691 4875 vero
1732 4823 2035 4894 consequi-

386 4922 503 4987 tur,
556 4915 746 4989 pergit
801 4911 920 4983 ille,
953 4915 1087 4984 post
1139 4914 1357 4981 emptas
1405 4909 1475 4966 de
1519 4909 1698 4965 calice
1733 4910 1930 4979 fracto,
1963 4913 2034 4968 de

387 5023 592 5064 mensa
620 5005 920 5067 subversa,
953 5005 1009 5056 et
1037 5000 1109 5055 de
1147 4998 1372 5055 Arsenii
1405 5014 1542 5054 nece
1571 4999 2032 5068 criminationes,

385 5100 560 5170 atque
589 5094 732 5149 adeo
761 5089 990 5146 circiter
1019 5104 1237 5144 annum
1270 5087 1394 5153 333,
1428 5087 1535 5142 hoc
1567 5088 1677 5143 iter
1705 5089 2034 5160 suscepisse

383 5183 796 5247 Athanasium,
828 5195 967 5236 nam
1022 5194 1174 5234 anno
1227 5177 1330 5231 327
1377 5176 1638 5232 nondum
1672 5177 1945 5248 periculis
1975 5184 2034 5234 et

385 5273 665 5330 aerumnis
695 5271 1038 5343 perfunctus
1068 5270 1210 5323 erat.
1240 5266 1456 5322 Verum
1484 5266 1592 5321 etsi
1622 5267 1823 5337 jejuna
1852 5267 2029 5324 nimis

383 5363 663 5420 horumce
692 5364 1022 5432 temporum
1049 5355 1292 5413 historia
1331 5355 1554 5411 oblatas
1583 5355 1901 5412 Athanasio
1933 5373 2027 5413 ca-

476 5541 531 5608 a)
565 5541 628 5595 In
651 5539 805 5595 notis
836 5538 906 5593 ad
938 5538 978 5592 l.
1012 5553 1051 5608 ι,
1085 5553 1136 5592 c.
1171 5537 1223 5606 4,
1257 5535 1622 5592 Theodoreti.

478 5558 510 5597 α
565 5541 628 5595 In
651 5541 805 5595 notis
836 5541 906 5593 ad
938 5541 978 5592 l.
1012 5553 1051 5608 ι,
1085 5553 1136 5592 c.
1171 5541 1223 5606 4,
1257 5541 1622 5592 Theodoreti.

478 5541 531 5684 οἶ
551 5612 684 5684 Acte
713 5610 840 5678 SS.,
871 5608 1012 5684 Maii
1034 5613 1178 5684 tom.
1211 5608 1307 5684 Ill,
1337 5624 1501 5684 num.
1528 5608 1642 5676 20.,

476 5679 525 5755 ο)
553 5681 887 5754 Tillemont,
953 5681 1045 5741 Vis
1098 5679 1165 5738 de
1215 5679 1297 5739 S.’
1331 5680 1622 5751 Athanase,
1677 5682 1785 5740 art.
1849 5681 1914 5741 14
1969 5684 2027 5741 et

381 5755 502 5822 not.
533 5755 622 5820 16.

2145 4723 2404 4796 synodus
2423 4726 2546 4792 est;
2572 4726 2638 4776 ut
2657 4719 2964 4776 calumniae
2988 4722 3058 4775 de
3081 4722 3254 4777 calice
3279 4722 3557 4793 fracto,de
3590 4741 3794 4780 mensa

2144 4814 2444 4883 subversa,
2479 4817 2536 4866 et
2559 4812 2629 4866 de
2650 4809 2878 4865 Arsenii
2912 4827 3047 4864 nece
3070 4812 3140 4865 ab
3175 4812 3318 4882 ipsis
3341 4813 3792 4884 conspirationis

2144 4901 2480 4958 auctoribus
2513 4899 2998 4971 disquirerentur.
3034 4901 3196 4964 Quod
3223 4900 3444 4956 malum
3468 4906 3532 4956 ut
3548 4919 3790 4974 praever-

2141 4995 2288 5047 teret
2308 4988 2688 5055 Athanasius,
2719 4987 2953 5044 defectae
2986 4988 3379 5060 sycophantiae
3408 4995 3792 5048 monumenta

2142 5079 2478 5153 imperatori
2507 5077 2753 5146 remisit,
2790 5094 2904 5150 quo
2952 5077 3172 5133 factum
3206 5084 3269 5133 ut
3299 5078 3397 5135 ille
3428 5080 3790 5138 Eusebianos

2140 5172 2198 5226 in
2233 5169 2601 5225 Palaestinam
2658 5171 3036 5240 properantes
3091 5173 3464 5240 revocaret,et
3519 5188 3554 5226 a
3585 5161 3788 5244 emptis

2141 5259 2519 5332 perficiundis
2546 5256 3029 5327 arceret.Aliquot
3059 5264 3253 5313 autem
3277 5259 3449 5315 annis
3470 5264 3786 5333 autequam

2138 5351 2398 5423 synodus
2417 5347 2788 5405 Caesariensis
2818 5346 3491 5418 indiceretur,Meletiani
3516 5349 3786 5407 Eusebia-

2209 5535 2282 5606 (δ)
2313 5531 2447 5606 1m-

2208 5601 2277 5676 (e)
2305 5601 2466 5676 Iln'd.,
2497 5617 2554 5672 p.
2587 5601 2674 5657 65.

2206 5675 2270 5750 (ί)
2302 5675 2448 5733 Har.
2474 5688 2668 5732 vam.
