4146 6370
1506 348 1609 410 DE
1654 347 1843 411 VITA
1886 348 1987 411 ET
2032 348 2383 412 SCRIPTIS
2431 352 2495 413 S.
2541 351 2993 417 ATHANASII.

3683 370 3879 424 CLXVII

474 494 684 535 norum
717 496 899 537 suasu
928 482 1179 541 crimina
1225 485 1282 541 in
1334 485 1720 541 Athanasium
1782 486 2118 553 commenti,
2151 490 2207 555 Î‘
2238 486 2375 557 quia
2404 486 2625 543 scilicet
2656 489 3041 563 Hieronymus
3088 491 3199 548 sub
3245 493 3422 550 finem
3479 493 3709 567 imperii
3740 496 3883 551 Con-

471 569 675 624 turbas
706 587 809 641 per
844 573 1163 647 Egyptum
1224 578 1545 641 moverant,
1581 575 1651 629 ad
1709 574 2119 645 imperatorem

471 658 748 713 confictas
780 662 1182 718 accusationes
1222 662 1566 731 detulerant,
1617 662 2004 717 Athanasium
2055 679 2120 717 eo

468 746 851 815 deduxerant,
886 753 952 803 ut
981 751 1071 804 sui
1097 751 1383 823 purgandi
1416 768 1594 806 causa
1624 749 2021 806 Nicomediam
2047 751 2119 805 ad

468 834 883 906 imperatorem
916 854 977 892 se
1008 840 1332 895 conferret:
1384 839 1583 894 omnia
1622 838 1883 894 tumultu
1935 839 2119 911 reple-

466 930 684 980 verant.
746 930 861 981 Nec
918 927 1149 982 videtur
1180 929 1239 982 in
1297 928 1441 982 illud
1502 932 1735 999 tempus
1793 932 2120 1000 opportune

467 1030 638 1083 posse
670 1014 971 1071 Athanasii
1022 1016 1081 1071 in
1130 1017 1485 1073 Thebaidem
1534 1016 1951 1088 profectionem
1982 1033 2119 1071 con-

470 1102 625 1158 ferri.

930 1192 1471 1249 ANIMADVERSIO
1504 1194 1650 1248 VIII.

611 1282 723 1349 Quo
753 1286 993 1353 tempore
1022 1283 1287 1338 Antonius
1320 1282 1715 1338 Alexandriam
1744 1284 1970 1338 venerit.

538 1370 757 1437 Ariani,
778 1371 1119 1427 rumoribus
1142 1373 1199 1426 in
1224 1376 1398 1427 sectae
1419 1390 1536 1427 suae
1564 1370 1812 1443 gratiam
1836 1387 2117 1443 spargen-

467 1459 555 1513 dis
587 1458 915 1531 pervigiles,
950 1460 1264 1515 Antonium
1306 1460 1729 1516 monachorum
1759 1464 1983 1531 patrem
2014 1461 2116 1515 do-

465 1549 661 1603 ctrinae
696 1549 885 1604 favere
916 1568 1033 1605 suae
1067 1566 1198 1604 cum
1240 1550 1552 1618 etfutirent,
1604 1550 1891 1605 Antonius
1922 1548 2117 1621 suspi-

464 1636 618 1691 cioni
650 1636 927 1709 levandae,
963 1640 1305 1710 rogantibus
1338 1638 1650 1710 episcopis,
1704 1638 2115 1693 Alexandriam

461 1731 755 1798 properat.
781 1726 889 1782 Ubi
914 1726 1104 1799 palam
1130 1745 1192 1782 se
1212 1728 1456 1783 Arianos
1490 1726 1764 1783 detestari
1790 1728 2112 1798 professus,

461 1815 729 1871 haeresim
758 1815 918 1871 illam
940 1816 1283 1872 Antichristi
1309 1818 1689 1888 prodromum
1714 1832 1840 1871 esse
1863 1815 2117 1870 declara-

459 1904 560 1959 vit.
586 1904 751 1961 Hunc
782 1906 1013 1961 Antonii
1046 1906 1367 1978 protectum
1404 1923 1509 1961 nos
1541 1906 1599 1959 in
1632 1921 1851 1960 annum
1885 1904 2115 1961 circiter

460 1994 563 2047 334
596 1994 689 2049 his
720 1996 791 2050 dc
850 1995 1044 2050 causis
1102 1995 1487 2065 conjecimus,
1544 1996 1699 2066 quod
1756 1993 2115 2049 Athanasius

462 2083 562 2155 qui
598 2083 657 2138 in
695 2086 810 2139 Vita
838 2086 1068 2139 Antonii
1097 2084 1381 2157 temporis
1420 2084 1684 2139 ordinem
1724 2083 1988 2155 apprime
2020 2099 2109 2137 se-

462 2177 670 2241 ctatur,
705 2178 839 2229 ante
888 2174 1102 2229 missas
1134 2192 1167 2228 a
1219 2173 1597 2229 Constantino
1658 2172 2008 2244 imperatore
2038 2172 2110 2227 ad

460 2262 782 2318 Antonium
815 2262 1061 2330 litteras,
1096 2263 1247 2318 hanc
1280 2280 1403 2319 rem
1437 2262 1652 2334 scripto
1684 2262 2012 2333 consignet.
2046 2261 2113 2316 Et

464 2367 603 2407 sane
635 2367 702 2407 ea
731 2352 1103 2408 accuratione
1134 2352 1231 2408 ille
1273 2352 1506 2408 Antonii
1538 2356 1703 2423 gesta
1734 2354 2011 2417 recenset,
2046 2353 2112 2405 ut

464 2458 536 2496 ne
564 2440 651 2497 vel
686 2459 863 2497 unam
896 2458 1019 2498 rem
1053 2448 1279 2513 gestam
1325 2445 1675 2514 praepostere
1724 2455 1960 2495 narrare
2008 2440 2106 2495 de-

461 2528 806 2598 prehendas.
842 2530 925 2587 Ne
955 2534 1149 2585 autem
1182 2534 1315 2601 post
1364 2546 1584 2585 annum
1629 2530 1734 2584 335
1791 2529 1848 2583 id
1908 2527 2109 2600 reponi

458 2635 629 2692 posse
663 2624 937 2690 putemus
977 2624 1133 2675 vetat
1189 2619 1562 2689 Athanasius,
1596 2619 1697 2690 qui
1752 2618 1831 2673 ait
1864 2634 1925 2672 se
1973 2632 2107 2672 cum

454 2710 744 2764 Antonius
777 2708 1044 2774 accessit,
1076 2708 1433 2763 Alexandriae
1475 2708 1677 2763 fuisse.
1726 2709 1798 2762 At
1849 2708 1921 2762 ab
1953 2722 2106 2761 anno

456 2798 582 2863 335,
616 2798 759 2852 dum
791 2798 1007 2853 viveret
1038 2797 1482 2864 Constantinus,
1526 2796 1937 2852 Alexandriam
1991 2811 2105 2850 non

457 2886 600 2941 vidit
628 2885 745 2953 ille,
793 2885 893 2958 qui
921 2891 1039 2941 toto
1098 2886 1371 2959 deinceps
1428 2885 1790 2941 Constantini
1848 2889 2108 2956 tempore

456 2974 706 3031 Treviris
737 2976 1060 3032 exsulabat.
1095 2977 1165 3031 Et
1193 2980 1389 3031 tamen
1451 2992 1518 3031 ex
1574 2974 1878 3030 Athanasii
1932 2973 2107 3041 serie,

456 3064 838 3120 Constantino
871 3064 1195 3136 imperante
1223 3064 1541 3119 Antonium
1574 3063 1987 3119 Alexandriam
2017 3079 2108 3117 ve-

455 3153 613 3209 nisse
647 3170 883 3209 necesse
913 3159 1020 3209 est.
1074 3154 1197 3208 Huc
1229 3153 1452 3209 accedit
1508 3153 1822 3207 Antonium
1873 3151 1931 3205 in
1971 3166 2101 3222 gra-

2232 575 2429 630 stantii
2464 594 2523 631 se
2556 577 2838 634 infantem
2868 579 3050 636 fuisse
3080 581 3256 638 dicit:
3285 600 3410 655 quae
3434 582 3709 654 loquendi
3734 584 3881 640 ratio

2231 665 2383 733 apud
2419 665 2835 737 Hieronymum
2862 668 3154 739 frequens,
3189 671 3260 725 de
3280 671 3588 726 tricenario
3610 688 3884 744 expressa

2232 768 2652 824 nonnunquam
2688 756 2843 826 apud
2874 758 3144 813 eumdem
3180 759 3523 831 scriptorem
3556 760 3878 832 deprehen-

2230 840 2423 908 ditur;
2451 848 2516 896 ut
2538 842 2805 913 pluribus
2836 862 2957 899 rem
2982 848 3386 918 comprobabit
3414 853 3477 903 D.
3508 848 3880 905 Martianaeus

2230 934 2427 985 noster
2458 931 2516 986 in
2552 935 2685 987 Vita
2708 935 3051 1005 Hieronymi.
3086 936 3230 991 Cum
3264 936 3462 1008 itaque
3491 938 3878 1010 Hieronymus

2228 1034 2381 1073 anno
2408 1020 2512 1072 420
2542 1020 2717 1075 linem
2746 1021 2975 1077 vivendi
3025 1024 3242 1090 fecerit,
3303 1027 3699 1097 nonagenario
3744 1042 3877 1098 pro-

2226 1106 2441 1178 ximus,
2477 1108 2597 1165 sive
2654 1114 2720 1165 ut
2772 1116 2938 1166 vetus
2995 1112 3137 1167 Vitae
3190 1115 3319 1185 ejus
3377 1114 3625 1187 scriptor
3678 1118 3880 1172 narrat

2228 1212 2473 1252 LXXXVIII
2504 1214 2791 1253 annorum
2815 1214 3030 1271 sexque
3052 1202 3367 1271 mensium,
3402 1219 3532 1275 quae
3580 1203 3718 1259 item
3742 1204 3879 1260 Era-

2229 1284 2340 1339 smi
2374 1286 2664 1341 sententia
2686 1288 2812 1353 fuit,
2839 1306 2990 1344 anno
3020 1307 3152 1345 xxx1
3174 1290 3262 1346 vel
3283 1309 3438 1347 xxxn
3469 1296 3663 1347 ortum
3696 1293 3876 1348 duxe-

2229 1373 2322 1427 rit.
2356 1374 2527 1429 Aliud
2559 1376 2629 1430 de
2662 1376 2907 1448 Didymo
2939 1378 3259 1434 admodum
3282 1379 3403 1435 leve
3433 1385 3557 1437 est:
3593 1398 3732 1437 nam
3756 1380 3877 1436 sive

2230 1478 2516 1518 annorum
2547 1482 2677 1520 xxVI
2709 1482 2843 1520 cum
2877 1467 3166 1523 Antonius
3216 1468 3623 1525 Alexandriam
3655 1470 3875 1542 migra-

2228 1556 2333 1617 ret,
2368 1552 2487 1607 sive
2518 1554 2694 1609 etiam
2727 1554 3095 1626 aliquantum
3117 1557 3321 1628 junior
3358 1557 3587 1625 fuisset,
3623 1576 3739 1613 non
3759 1557 3875 1612 im-

2229 1643 2458 1696 mature
2488 1642 2717 1697 dicatur
2738 1644 2865 1715 jam
2898 1644 2996 1700 illa
3026 1650 3190 1701 zetate
3242 1663 3377 1701 eum
3428 1646 3756 1718 disciplinis
3786 1647 3873 1702 in-

2227 1733 2516 1785 structum
2545 1735 2826 1803 tantaque
2858 1733 3292 1805 Scripturarum
3324 1735 3713 1807 intelligentia
3738 1752 3877 1807 prae-

2226 1817 2417 1873 ditum
2457 1819 2659 1886 fuisse,
2688 1825 2753 1874 ut
2784 1813 2960 1877 mirer
2994 1823 3171 1879 talem
3222 1824 3532 1879 adversum
3589 1823 3875 1879 rationem

2225 1906 2435 1962 adduci
2470 1908 2527 1962 in
2551 1909 2831 1965 medium.
2860 1912 3051 1974 Quare
3074 1911 3221 1967 nihil
3246 1913 3317 1968 ad
3337 1913 3549 1969 seriem
3568 1912 3875 1968 Athanasii

2225 1995 2728 2052 interturbandam
2764 2000 3043 2054 momenti
3090 2000 3342 2056 afferunt
3399 2004 3744 2073 argumenta
3774 1999 3875 2057 illa.

2223 2100 2292 2139 ex
2325 2085 2551 2156 Didymi
2585 2090 2639 2140 et
2676 2086 3006 2160 Hieronymi
3056 2092 3222 2144 aetate
3281 2090 3477 2161 petita.
3513 2090 3678 2144 Addo
3710 2088 3873 2145 nullo

2222 2174 2396 2229 modo
2427 2179 2577 2230 stare
2602 2192 2773 2246 posse
2802 2176 3157 2232 Tillemontii
3192 2177 3563 2247 sententiam,
3597 2195 3715 2250 qua
3744 2179 3873 2248 ejus

2221 2262 2632 2318 Alexandriam
2665 2264 2774 2319 iter
2820 2264 2880 2319 in
2914 2282 3134 2321 annum
3165 2266 3389 2322 confert
3418 2267 3543 2335 352,
3575 2266 3633 2321 id
3693 2270 3782 2322 est
3810 2266 3873 2322 in

2221 2350 2396 2405 ï¬nem
2428 2352 2559 2407 vita;
2589 2351 2769 2408 illius.
2805 2354 2895 2408 Me
2929 2354 3143 2426 quippe
3175 2355 3322 2427 fugit
3352 2372 3479 2426 quae
3520 2371 3701 2411 causa
3728 2359 3871 2411 tunc

2221 2444 2345 2494 erat
2376 2444 2441 2495 ut
2468 2441 2755 2497 Antonius
2786 2442 3132 2499 imminente
3162 2445 3288 2515 jam
3342 2445 3502 2499 obitu
3535 2461 3597 2499 se
3638 2442 3871 2501 Arianis

2220 2546 2334 2583 non
2369 2530 2555 2586 favere
2610 2531 3043 2602 testificaretur,
3076 2533 3176 2604 qui
3233 2550 3301 2588 ex
3360 2550 3473 2605 quo
3530 2532 3873 2605 pervulgata

2218 2618 2400 2688 pestis
2434 2618 2533 2674 illa
2565 2619 2692 2691 fuit,
2726 2620 3036 2677 classicum
3068 2621 3128 2677 in
3152 2622 3449 2677 Thebaide
3470 2623 3717 2678 canebat
3738 2638 3872 2677 con-

2216 2710 2307 2761 tra
2337 2707 2660 2779 haereticos,
2693 2710 2793 2781 qui
2843 2711 2914 2765 ad
2956 2710 3366 2782 imperatorem
3416 2711 3868 2767 Constantinum

2216 2795 2519 2851 Athanasii
2551 2799 2766 2853 exsulis
2798 2800 3103 2855 revocandi
3130 2800 3320 2871 gratia
3350 2800 3573 2855 litteras
3603 2801 3865 2867 miserat,

2218 2884 2314 2954 qui
2352 2885 2599 2955 Balacio,
2634 2887 2769 2942 duci
2802 2887 3035 2944 Arianis
3080 2889 3287 2959 amico,
3332 2888 3647 2945 Catholicis
3676 2888 3866 2944 infen-

2217 2973 2477 3039 sissimo,
2506 2980 2754 3030 mortem
2786 2992 2937 3032 anno
2975 2976 3073 3031 341
3110 2978 3237 3047 ejus
3270 2976 3350 3032 rei
3382 2993 3561 3033 causa
3607 2976 3867 3033 intermi-

2216 3065 2411 3130 natur,
2445 3080 2569 3135 quae
2598 3080 2703 3119 nec
2733 3064 2831 3119 diu
2864 3069 3065 3136 postea
3085 3066 3400 3121 subsecuta
3433 3070 3539 3133 est,
3575 3066 3674 3137 qui
3699 3066 3863 3121 Aria-

2217 3168 2325 3206 nos
2356 3168 2606 3224 semper,
2639 3157 2702 3207 ut
2734 3153 3085 3209 Athanasius
3117 3152 3312 3221 habet,
3346 3170 3447 3209 ceu
3480 3171 3653 3209 canes
3684 3153 3862 3225 pelle-

452 3244 597 3298 tiam
617 3243 920 3299 Athanasii
945 3242 1162 3298 exsulis
1186 3244 1256 3297 ad
1288 3242 1737 3298 Constantinum
1770 3240 2102 3311 scripsisse,
2133 3248 2175 3314 á½·]
2216 3240 2354 3295 bat:
2392 3258 2463 3296 an
2496 3241 2839 3311 hujusmodi
2862 3242 2968 3296 viri
3001 3242 3180 3297 dubia
3210 3243 3283 3297 ad
3318 3244 3492 3297 ï¬nem
3526 3258 3713 3314 usque
3733 3242 3862 3299 vitas

453 3333 778 3388 secundum
813 3350 959 3404 quas
982 3334 1151 3388 datas
1180 3332 1423 3398 litteras,
1458 3332 1556 3402 qui
1589 3330 1884 3405 potuerint
1902 3321 2121 3383 Ariani

366 3454 369 3457 Î½
454 3422 703 3490 effutire,
738 3439 803 3477 ac
837 3421 1068 3494 populis
1119 3422 1365 3477 suadere
1421 3420 1737 3475 Antonium
1798 3436 1865 3474 ex
1925 3417 2105 3490 parti-

454 3511 565 3567 bus
595 3515 750 3567 stare
790 3510 973 3578 suis;
1010 3511 1091 3566 ita
1144 3515 1210 3565 ut
1259 3510 1440 3581 hujus
1502 3508 1753 3564 levandae
1812 3505 2107 3579 opinionis

453 3616 590 3672 ergo
623 3616 861 3655 necesse
892 3598 1065 3655 fuerit
1092 3600 1413 3655 Antonium
1450 3597 1857 3653 Alexandriam
1912 3612 2103 3650 arces-

454 3705 601 3744 sere.

529 3778 736 3833 Verum
771 3776 940 3832 annis
999 3793 1176 3849 prope
1230 3775 1435 3848 viginti
1493 3775 1718 3832 tardius
1786 3773 2103 3829 Tillemon-

454 3867 574 3923 tius
603 3867 680 3939 (Î±)
704 3867 861 3922 hunc
892 3866 1216 3939 profectum
1249 3865 1487 3921 Antonii
1521 3865 1726 3922 statuit
1756 3864 1848 3919 his
1869 3863 1939 3918 de
1962 3879 2105 3918 cau-

456 3957 539 4011 sis
560 3974 572 4012 :
596 3956 784 4028 primo
808 3955 946 4027 quia
965 3955 1353 4028 Hieronymus
1375 3954 1722 4011 testificatur
1744 3971 1804 4009 se
1823 3953 2105 4007 infantem

456 4046 641 4101 fuisse
668 4062 805 4101 cum
835 4045 1124 4101 Antonius
1161 4045 1568 4100 Alexandriam
1602 4044 1796 4099 venit:
1832 4059 1965 4097 cum
2000 4059 2101 4097 au-

455 4139 574 4191 tem
611 4135 997 4207 Hieronymus
1029 4152 1180 4190 anno
1211 4136 1318 4189 342
1344 4132 1430 4189 vel
1464 4134 1568 4188 343
1600 4137 1773 4188 natus
1818 4132 1971 4202 apud
2008 4136 2107 4185 Ba-

458 4225 691 4280 ronium
725 4224 964 4290 feratur,
1024 4240 1139 4278 non
1174 4227 1365 4295 potest
1420 4227 1679 4293 tempore
1735 4219 2105 4276 Constantini

454 4314 686 4369 venisse
728 4312 1159 4380 Alexandriam,
1184 4329 1320 4367 nam
1344 4312 1662 4383 imperator
1692 4311 1789 4366 ille
1820 4326 1970 4366 anno
2002 4309 2105 4363 337

456 4402 620 4471 obiit,
648 4402 873 4474 aliquot
902 4401 1124 4457 scilicet
1155 4403 1323 4456 annis
1356 4405 1488 4456 ante
1519 4400 1852 4473 Hieronymi
1886 4403 2102 4455 ortum.

454 4492 543 4545 Ad
584 4491 706 4546 haec
754 4491 1059 4563 Didymus,
1107 4495 1256 4545 teste
1309 4490 1677 4562 Hieronymo,
1722 4489 1806 4544 ita
1863 4488 2107 4542 florebat

455 4597 591 4635 cum
624 4580 910 4635 Antonius
938 4579 1347 4634 Alexandriam
1373 4578 1545 4644 venit,
1570 4582 1634 4633 ut
1664 4579 1819 4633 fama
1838 4576 1943 4631 viri
1974 4592 2104 4648 per-

457 4674 653 4725 motus
675 4668 773 4724 ille
806 4670 1001 4740 ipsum
1035 4668 1275 4724 adierit:
1310 4671 1370 4723 at
1396 4668 1448 4723 is
1478 4685 1612 4723 cum
1646 4683 1798 4722 anno
1830 4666 1953 4731 392,
1989 4680 2104 4737 quo

376 4822 385 4827 _
454 4760 847 4832 Hieronymus
904 4757 1121 4813 librum
1187 4762 1266 4813 De
1319 4758 1671 4828 scriptoribus
1729 4755 2107 4812 ecclesiasticis

456 4848 783 4919 adornavit,
818 4864 1033 4903 LXXXIII
1065 4864 1353 4902 annorum
1389 4847 1563 4902 fuerit
1594 4850 1657 4901 ut
1708 4845 1858 4899 idem
1910 4842 2106 4898 Hiero-

459 4954 672 5009 nymus
731 4936 1096 5001 testiï¬catur,
1149 4952 1298 4991 anno
1328 4936 1433 4990 334
1484 4934 1572 4991 vel
1604 4936 1710 4989 335
1762 4950 1893 4989 xxVI
1925 4948 2107 4987 anno-

459 5042 591 5080 rum
622 5025 832 5081 fuerit:
870 5042 987 5096 qua
1011 5028 1178 5079 aetate
1209 5042 1325 5079 non
1366 5028 1536 5079 tanta:
1590 5022 1763 5079 fuerit
1810 5022 2107 5077 existima-

459 5115 659 5181 tionis,
690 5118 755 5170 ut
786 5114 1055 5169 homines
1099 5115 1171 5168 ad
1233 5114 1325 5168 sui
1384 5112 1781 5185 spectaculum
1832 5110 2104 5167 evocarit.

460 5208 592 5259 Haec
623 5204 741 5260 ille.
797 5198 868 5259 Et
897 5219 1038 5259 sane
1080 5203 1131 5258 si
1177 5219 1309 5258 vere
1336 5219 1489 5257 anno
1546 5202 1653 5255 342
1679 5200 1768 5255 vel
1802 5201 1906 5254 343
1936 5204 2112 5255 natus

460 5293 849 5366 Hieronymus
880 5298 1054 5359 esset,
1088 5296 1152 5347 ut
1182 5291 1359 5347 habet
1405 5290 1713 5360 Baronius,
1764 5289 1963 5361 magni
2007 5288 2110 5343 ha-

461 5383 652 5438 benda
682 5383 828 5439 ratio
852 5385 1007 5439 esset
1034 5399 1046 5437 :
1080 5398 1283 5437 verum
1317 5381 1440 5436 haec
1480 5379 1675 5452 opinio
1707 5395 1834 5451 quae
1866 5377 2113 5433 Mariani

460 5472 600 5528 item
629 5472 911 5529 Victorini
943 5475 1053 5539 est,
1087 5487 1155 5527 ex
1184 5470 1567 5543 prasjudicata
1599 5467 1873 5542 opinione
1904 5468 2109 5539 oritur,

533 5705 609 5788 (a)
633 5705 728 5768 Via
756 5703 821 5766 de
848 5704 907 5767 s.
940 5702 1238 5781 Athanase,
1270 5704 1380 5765 art.
1405 5700 1478 5791 eo
1508 5704 1568 5762 et
1599 5705 1721 5765 not.
1750 5696 1842 5762 69.

2219 3328 2289 3383 de
2317 3329 2548 3385 Arianis
2570 3330 2857 3386 sententia
2878 3330 2904 3384 â€˜2
2936 3333 3019 3401 At,
3050 3331 3192 3385 dicit
3220 3330 3647 3402 Tillemontius,
3672 3331 3865 3403 impu-

2217 3417 2547 3473 dentissimi
2582 3419 2849 3475 homines
2880 3423 3046 3474 erant
3078 3418 3290 3486 Ariani,
3324 3418 3425 3490 qui
3470 3418 3561 3474 vel
3604 3419 3663 3474 in
3694 3437 3862 3492 aper-

2215 3506 2465 3562 tissimis
2496 3509 2691 3576 rebus,
2726 3507 2775 3563 si
2805 3524 2835 3563 e
2865 3524 2926 3563 re
2969 3508 3088 3562 fore
3134 3524 3242 3563 sua
3297 3511 3619 3579 sperarent,
3648 3508 3861 3564 menti-

2216 3599 2437 3651 rentur.
2474 3596 2689 3652 Verum
2718 3596 2799 3650 illi
2833 3597 3117 3668 patefacto
3164 3595 3449 3651 sexcentis
3499 3598 3861 3669 argumentis

2215 3685 2450 3739 Antonii
2480 3702 2617 3757 erga
2648 3702 2710 3741 se
2738 3685 2889 3750 odio,
2924 3702 3058 3741 eum
3103 3684 3272 3740 nihili
3304 3686 3591 3741 faciebant
3646 3702 3712 3742 ac
3740 3686 3865 3742 vili-

2214 3774 2567 3844 pendebant,
2601 3775 2819 3829 nedum
2852 3778 2915 3829 ut
2964 3792 3083 3830 Î¸Ï…á¿–Îµ
3143 3778 3311 3830 sectas
3371 3774 3666 3831 hominem
3720 3792 3865 3847 pras-

2215 3862 2497 3918 dicarent.
2532 3863 2626 3918 Sic
2657 3862 2971 3935 Gregorius
3019 3864 3271 3919 Arianus
3324 3865 3451 3935 ejus
3482 3863 3705 3921 litteras
3732 3881 3865 3920 cum

2215 3952 2539 4024 ignominia
2562 3956 2620 4007 et
2651 3953 2772 4007 risu
2796 3952 3039 4023 excepit,
3065 3956 3381 4024 auctorque
3410 3952 3637 4009 Balacio
3670 3953 3779 4008 fuit
3798 3957 3867 4009 ut

2212 4040 2273 4095 in
2307 4059 2403 4097 eas
2435 4041 2598 4096 humi
2632 4043 2923 4114 projectas
2947 4042 3314 4099 contumeliae
3348 4059 3522 4097 causa
3571 4058 3867 4114 conspue-

2214 4136 2322 4197 ret,
2342 4131 2654 4202 idquejam
2674 4132 2745 4185 ab
2769 4149 2920 4187 anno
2944 4132 3042 4185 341
3073 4150 3085 4187 :
3114 4128 3313 4185 Eiâ€™no-ce
3344 4128 3451 4202 Îµá½—Î½,
3504 4132 3587 4187 sic
3618 4131 3868 4187 Athana-

2215 4220 2339 4275 sius
2375 4221 2469 4291 (b),
2503 4220 2531 4272 á½
2581 4220 2767 4293 Î Î±Ï„á½µÏ
2816 4220 3124 4289 á¼ˆÎ½Ï„á½½Î½Î¹Î½Ï‚,
3178 4218 3235 4273 á¼Îº
3264 4224 3360 4273 Ï„Î¿á¿¦
3409 4214 3569 4295 á½…ÏÎ¿Ï…Ï‚
3611 4214 3861 4297 á¼”Î³ÏÎ±Ï†ÎµÎ½,

2216 4306 2394 4381 á½¥ÏƒÏ€ÎµÏ
2450 4305 2731 4382 Î²Î´á½³Î»Ï…Î³Î¼Î±
2782 4305 3095 4380 á¼€Î¼Î±ÏÏ„Ï‰Î»á¿·
3143 4303 3435 4378 Î¸ÎµÎ¿Ïƒá½³ÏÎµÎ¹Î±,
3487 4307 3661 4370 Î¿á½•Ï„Ï‰Ï‚
3712 4303 3863 4361 á¼ÏÎ´Îµ-

2216 4394 2440 4451 Î»á½»ÏƒÏƒÎµÏ„Î¿
2471 4398 2536 4450 Ï„á½°
2559 4401 2655 4450 Ï„Î¿á¿¦
2717 4396 2873 4470 á¼Î³á½·Î¿Ï…
2932 4398 3229 4471 Î³Ïá½±Î¼Î¼Î±Ï„Î±
3262 4442 3274 4455 .
3307 4399 3369 4453 Si
3422 4398 3635 4469 quando
3693 4400 3866 4468 igitur

2214 4489 2378 4543 Pater
2401 4488 2666 4542 Antonius
2696 4488 2787 4541 illi
2816 4504 2885 4541 ea:
2928 4491 3111 4542 monte
3157 4488 3437 4554 scriberet,
3491 4488 3633 4542 sicut
3687 4488 3864 4558 pietas

2216 4592 2344 4647 erga
2372 4578 2540 4631 Deum
2566 4576 2839 4647 peccatori
2885 4575 3220 4630 abominatio
3276 4577 3378 4640 est,
3428 4576 3509 4629 sic
3564 4575 3662 4629 ille
3688 4577 3867 4630 sancti

2216 4668 2327 4721 viri
2355 4667 2565 4721 litteras
2610 4664 3034 4721 exsecrabatur:
3085 4668 3141 4718 et
3170 4663 3345 4735 paulo
3397 4668 3547 4735 post,
3598 4664 3865 4719 Antonius

2214 4772 2339 4811 vero
2370 4772 2493 4810 cum
2522 4754 2818 4824 aliquando
2849 4752 3170 4823 scripsisset,
3218 4755 3407 4808 auctor
3444 4753 3557 4823 fuit
3588 4752 3689 4808 ille
3719 4752 3866 4825 (Gre-

2215 4844 2424 4916 gorius)
2456 4848 2515 4899 ut
2546 4844 2801 4898 Balacius
2826 4843 2944 4897 duce
2974 4844 3031 4897 in
3080 4843 3363 4913 epistolam
3414 4846 3652 4914 spueret,
3684 4842 3867 4897 illam-

2215 4940 2323 5005 â€˜que
2349 4934 2640 5005 projiceret
2661 4950 2679 4987 :
2709 4931 2800 4987 sed
2830 4948 2948 4987 rem
2977 4930 3123 4986 haud
3148 4931 3383 4986 inultam
3423 4932 3646 5002 reliquit
3674 4931 3865 4988 divina

2217 5024 2503 5084 vindicta;
2556 5022 2827 5094 siquidem
2876 5036 2987 5075 non
3011 5020 3110 5075 diu
3160 5024 3347 5092 postea
3374 5036 3508 5092 equo
3537 5020 3865 5075 insidentem

2220 5113 2430 5179 ducem,
2465 5115 2517 5166 et
2546 5110 2615 5165 ad
2633 5111 2950 5181 proximam
2977 5110 3318 5165 mansionem
3340 5111 3445 5165 iter
3464 5111 3861 5176 instituentem,

2220 5217 2509 5257 conuersus
2556 5215 2723 5271 equus
2782 5200 2841 5253 in
2870 5201 3074 5269 femore
3124 5200 3203 5253 ita
3250 5198 3559 5265 momordit,
3618 5202 3680 5253 ut
3710 5197 3866 5253 humi

2220 5290 2497 5361 dejiceret,
2530 5291 2783 5359 intraque
2814 5287 3061 5342 triduum
3090 5287 3186 5342 ille
3216 5287 3404 5342 obiret.
3442 5288 3567 5342 Haec
3616 5287 3865 5342 Athana-

2223 5381 2369 5448 sius,
2429 5382 2743 5451 postquam
2792 5380 2929 5432 ante
2987 5376 3229 5445 dixerat,
3262 5376 3322 5430 in
3354 5375 3456 5431 illa
3511 5376 3866 5434 Arianorum

2223 5468 2546 5542 irruptione
2573 5464 2892 5523 monachos
2921 5465 3043 5523 dire
3069 5469 3301 5523 vexatos
3321 5469 3377 5523 et
3396 5464 3586 5541 plagis
3616 5464 3868 5526 laniatos

2300 5700 2373 5783 (b)
2406 5699 2471 5765 Î¡.
2497 5697 2628 5761 278.
