4146 6392
250 372 481 431 mam

1635 365 2216 429 PROLEGOMENA
2228 412 2243 427 .

247 491 453 553 fuisse.
484 492 616 551 Hac
645 510 799 553 anno
821 495 923 553 341
955 499 1012 554 et
1042 497 1166 553 342.
1188 499 1276 554 An
1304 499 1510 555 exinde
1538 515 1689 573 opus
1720 499 1895 556 fuerit
1922 501 1978 567 Α
2008 500 2400 572 sycophantiae
2420 504 2689 558 auctores
2718 502 2924 559 falsiin
2946 505 3169 578 synodo
3187 507 3546 577 arguuntur:
3580 519 3655 558 an

253 582 320 635 ut
360 580 646 639 Antonius
701 582 1108 641 Alexandriam
1170 586 1408 656 veniret,
1468 604 1585 661 quo
1643 606 1706 645 se
1763 606 1895 644 cum

249 668 482 727 Arianis
513 687 628 728 non
660 673 989 730 consentire
1030 674 1371 742 declararet,
1420 677 1521 748 qui
1571 679 1699 749 jam
1747 695 1899 734 anno

250 756 359 823 335
386 758 765 817 Constantino
793 760 850 818 in
876 765 1128 836 gratiam
1157 766 1467 822 Athanasii
1502 767 1897 839 rescripserat,

253 845 356 918 qui
386 863 539 907 anno
568 848 694 919 339,
718 850 891 923 paulo
911 857 1044 924 post
1074 854 1328 910 reditum
1356 854 1660 912 Athanasii
1698 857 1770 912 ab
1801 874 1900 912 ex-

254 933 410 1017 silio,
433 937 714 999 divinitus
735 939 1050 999 revelatam
1074 942 1186 998 sibi
1208 945 1535 1016 proximam
1556 945 1901 1000 Arianorum

254 1022 664 1099 irruptionem,
698 1045 829 1085 cum
863 1030 1249 1089 detestatione
1292 1033 1633 1088 eorumdem
1682 1034 1902 1105 ubique

255 1114 661 1188 pervulgarat:
698 1134 891 1176 annon
932 1119 1023 1176 vel
1050 1123 1194 1176 tunc
1221 1121 1457 1177 Antonii
1490 1138 1630 1195 erga
1657 1123 1902 1179 Arianos

257 1203 494 1265 animus
514 1206 790 1267 omnibus
806 1212 1151 1280 perspectus
1172 1212 1229 1265 et
1245 1214 1421 1285 notus
1439 1210 1598 1266 erat?
1617 1211 1770 1267 Num
1790 1211 1902 1266 sibi

258 1291 513 1357 amicum
542 1294 721 1353 talem
743 1295 943 1355 Ariani
970 1295 1061 1353 vel
1090 1299 1231 1353 tunc
1251 1298 1554 1369 temporis,
1588 1298 1675 1354 vel
1705 1299 1905 1355 subse-

257 1382 574 1452 quentibus
595 1384 768 1441 annis
781 1383 1173 1457 jactitassent,
1190 1388 1275 1441 tot
1295 1386 1448 1443 datis
1472 1386 1621 1443 ultro
1643 1389 1905 1461 citroque

256 1469 457 1535 infesti
480 1471 660 1533 animi
684 1472 873 1545 signis
892 1473 921 1527 ‘t
942 1473 1095 1530 Sane
1139 1490 1209 1529 ex
1247 1474 1343 1544 iis,
1375 1493 1501 1548 quae
1531 1494 1709 1548 supra
1755 1478 1901 1533 dixi-

259 1577 414 1629 mus,
434 1559 618 1631 liquet
636 1560 1306 1633 AntoniiAlexandriam
1329 1564 1747 1636 profectionem
1769 1570 1905 1623 ante

255 1647 516 1720 primum
542 1647 842 1707 Athanasii
892 1648 1163 1706 exsilium
1212 1652 1333 1708 sive
1384 1658 1520 1710 ante
1547 1672 1769 1711 annum
1799 1656 1907 1711 335

265 1735 602 1808 contigisse.
637 1735 950 1809 UnumZest
976 1741 1131 1810 quod
1161 1741 1462 1814 negotium
1493 1744 1779 1801 facessere
1807 1762 1902 1800 va-

256 1823 409 1887 leat:
463 1824 866 1885 Theodoretus
921 1826 1023 1884 lib.
1057 1846 1134 1899 IV,
1193 1847 1244 1886 c.
1287 1831 1378 1901 27,
1425 1832 1526 1905 ait,
1584 1834 1903 1889 Antonium

257 1912 583 1973 Constantii
604 1915 972 1988 temporibus
990 1917 1398 1976 Alexandriam
1428 1922 1677 1990 venisse,
1703 1919 1754 1975 ἐν
1784 1927 1901 1983 τοῖς

260 2000 634 2061 Κωνσταντίου
691 2008 925 2079 καιροῖς,
988 2007 1086 2077 qui
1143 2007 1522 2066 Constantius
1589 2011 1902 2084 imperium

261 2092 394 2153 iniit
421 2109 575 2150 anno
604 2084 730 2150 337.
789 2095 915 2151 Non
973 2100 1167 2168 potest
1220 2098 1403 2170 igitur
1429 2099 1490 2155 in
1547 2118 1769 2157 annum
1800 2102 1905 2157 334

257 2182 497 2241 Antonii
514 2182 926 2245 Alexandriam
957 2186 1253 2258 profectus
1283 2188 1631 2261 consignari.
1686 2190 1903 2247 Verum

257 2271 604 2331 Theodoreti
629 2274 888 2331 narratio
919 2291 1026 2332 nos
1057 2293 1091 2331 a
1119 2277 1409 2333 sententia
1440 2279 1684 2335 minime
1715 2281 1905 2336 dimo-

258 2366 421 2420 veat:
475 2378 613 2419 nam
664 2362 747 2419 ibi
797 2363 1197 2423 Theodoretus
1227 2363 1286 2419 ἐκ
1316 2367 1590 2441 παρέργου
1623 2368 1905 2441 loquitur,

259 2453 363 2511 ubi
400 2469 495 2510 res
551 2451 859 2524 Ephesius:
915 2454 1121 2524 synodi
1174 2460 1475 2513 recenset:
1530 2461 1593 2513 et
1642 2458 1905 2530 alioquin

258 2540 563 2600 Athanasii
590 2540 760 2597 nobis
799 2541 1138 2611 auctoritas,
1169 2547 1228 2600 et
1269 2549 1471 2601 cetera
1528 2563 1659 2618 quae
1706 2546 1904 2602 attuli-

266 2647 422 2699 mus,
453 2630 803 2687 Theodoreti
834 2632 1174 2688 testimonio
1227 2634 1454 2706 potiora
1508 2642 1725 2692 essent.
1759 2637 1906 2693 Nam

258 2720 657 2779 Thsodoretus
684 2719 1029 2794 plerumque
1057 2721 1117 2777 in
1140 2727 1473 2796 temporum
1505 2724 1728 2781 calculo
1760 2725 1905 2781 labi-

258 2814 394 2879 tur;
426 2815 493 2865 ut
519 2826 661 2865 cum
685 2810 813 2882 ipse
842 2809 1270 2882 Tillemontius,
1302 2817 1429 2869 tum
1453 2813 1571 2881 alii,
1606 2815 1706 2886 qui
1731 2814 1908 2871 histo-

259 2900 357 2956 riae
390 2898 797 2957 ecclesiasticae
828 2904 1045 2957 navant
1064 2918 1326 2974 operam,
1357 2902 1684 2975 saepissime
1706 2904 1908 2976 depre-

259 2990 544 3047 hsndunt.

364 3088 371 3096 ‘
748 3079 843 3135 AN
849 3079 1283 3137 IMADVERSIO
1325 3080 1415 3137 IX.

260 3172 344 3228 An
379 3186 512 3231 vera
555 3168 790 3241 historia
833 3168 1201 3241 mulierculae,
1256 3185 1379 3241 qum
1431 3171 1790 3228 Athanasium
1845 3175 1905 3229 in

402 3240 608 3314 synodo
638 3242 802 3312 Tyria
829 3240 980 3297 illati
1006 3240 1113 3296 sibi
1129 3240 1305 3312 stupri
1328 3243 1759 3299 insimulaveril.

336 3349 562 3408 Veteris
575 3348 866 3421 opinionis
879 3346 1373 3405 retinentissimus
1389 3348 1799 3407 Tillemontius
1809 3351 1908 3423 (a),

267 3457 419 3515 aegre
445 3438 584 3496 tulit
611 3456 647 3494 a
677 3436 846 3501 nobis
875 3442 942 3493 ut
970 3442 1304 3509 suspectam
1337 3438 1691 3495 mulierculae
1713 3440 1905 3496 violati

260 3529 502 3604 pudoris
546 3529 608 3584 in
657 3528 878 3600 synodo
917 3526 1088 3598 Tyria
1135 3527 1526 3584 Athanasium
1575 3532 1909 3587 accusantis

260 3617 569 3675 historiam
599 3615 813 3672 afferri.
843 3613 1060 3670 Verum
1110 3630 1179 3670 ea
1208 3615 1265 3670 in
1316 3633 1379 3671 re
1415 3615 1715 3689 vulgarem
1746 3620 1906 3674 aesti-

260 3705 464 3764 mandi
494 3720 718 3760 morem
748 3708 1065 3760 sectamur.
1123 3703 1513 3760 Subornatam
1559 3706 1631 3760 ab
1674 3706 1906 3763 Arianis

260 3794 590 3863 mulierem,
614 3810 745 3866 quae
765 3792 1086 3849 Athanasio
1112 3793 1332 3850 crimen
1357 3794 1606 3862 offerret,
1634 3795 1718 3851 ait
1750 3796 1907 3851 Ruti-

258 3901 392 3953 nus,
407 3883 667 3956 idipsum
690 3899 725 3939 a
744 3882 954 3939 Ruﬁno
973 3883 1224 3941 mutuati
1247 3889 1488 3939 narrant
1509 3885 1903 3942 Theodorelus

259 3979 320 4031 et
344 3974 703 4030 Sozomenus
728 3971 841 4044 (b);
875 3972 977 4028 sed
1026 3971 1123 4029 hic
1151 3977 1501 4044 postremus,
1535 3973 1733 4029 addita
1762 3991 1902 4030 cau-

254 4063 433 4135 tione,
464 4078 589 4118 rem
620 4060 683 4117 in
741 4061 885 4117 aclis
924 4078 1038 4117 non
1097 4061 1336 4134 reperiri
1394 4061 1553 4117 dicit.
1613 4062 1899 4134 Socrates,

253 4150 450 4209 Ruﬁni
481 4150 891 4224 pedissequus,
911 4154 1242 4223 suspectam
1265 4167 1388 4207 rem
1406 4150 1632 4223 habuit,
1654 4152 1901 4225 ideoque

253 4240 648 4314 pratormisit.
679 4240 811 4297 Jam
842 4239 981 4295 hinc
1029 4238 1300 4297 vacillare
1356 4240 1586 4295 videtur
1641 4241 1899 4297 historiae

252 4330 437 4386 ﬁdes:
472 4346 673 4386 verum
712 4329 946 4385 nutabit
982 4329 1243 4401 omnino,
1275 4334 1332 4385 et
1361 4329 1607 4386 fortasse
1650 4340 1895 4401 corruet,

259 4418 311 4476 si
340 4419 769 4476 animadvertas
798 4418 1211 4490 Athanasium,
1236 4419 1334 4491 qui
1356 4423 1422 4475 ut
1451 4435 1579 4476 sese
1601 4423 1895 4492 purgaret,

254 4511 313 4565 et
340 4510 406 4564 ut
433 4507 782 4565 Arianorum
816 4508 1135 4580 nequitiam
1167 4508 1725 4581 sycophantiamque
1764 4526 1896 4582 pro-

254 4598 437 4666 deret,
467 4614 562 4655 res
586 4598 792 4671 Tyrias
828 4596 918 4653 bis
951 4601 1107 4653 terve
1137 4597 1266 4654 fuse
1296 4598 1609 4665 recensuit,
1639 4614 1708 4654 ea
1737 4599 1807 4654 de
1838 4615 1897 4654 re
1925 4619 1973 4684 Β

252 4686 524 4743 siluisse:
558 4686 931 4759 synodosque
959 4685 1434 4758 Alexandrinam,
1484 4687 1807 4743 Romanam
1839 4693 1897 4744 et

249 4775 676 4848 Sardicensem,
734 4775 795 4830 in
871 4791 1122 4847 quarum
1195 4775 1457 4848 epistolis
1515 4776 1894 4849 synodalibus

246 4864 604 4922 Athanasius
633 4863 979 4937 singulatim
1011 4864 1083 4920 ab
1114 4863 1356 4936 objectis
1388 4865 1522 4937 Tyri
1549 4865 1895 4928 criminibus

244 4958 552 5027 purgatur,
578 4953 702 5026 pari
729 4951 959 5008 silentio
990 4953 1097 5010 uti.
1133 4959 1340 5009 Annon
1366 4953 1893 5024 hujusmodisilen-

245 5042 397 5099 tium
414 5043 645 5099 nutanti
662 5043 789 5114 jam
814 5041 1070 5098 historia:
1095 5042 1271 5097 ﬁdem
1293 5042 1563 5116 deroget?
1583 5048 1669 5099 An
1692 5044 1895 5115 hujus-

244 5132 403 5188 modi
432 5132 654 5188 crimen
686 5137 796 5199 est,
829 5132 987 5203 quod
1038 5130 1211 5187 taceri
1262 5133 1448 5203 possit
1494 5149 1529 5187 a
1565 5133 1891 5204 judicibus,

242 5221 346 5292 qui
369 5221 677 5278 recensitis
705 5221 1017 5277 calumniis
1048 5221 1397 5276 sententiam
1429 5222 1625 5276 ferunt
1645 5222 1703 5277 in
1726 5240 1890 5296 syco-

242 5308 518 5381 phantas,
551 5315 620 5365 ut
656 5309 977 5383 praestitere
1024 5309 1402 5366 Sard-icenses
1433 5310 1629 5366 Patres
1651 5310 1679 5365 ?
1735 5313 1891 5370 Reus

243 5398 439 5471 agitur
451 5398 777 5472 episcopus,
801 5399 956 5471 quod
980 5397 1388 5455 mulierculam
1406 5398 1737 5457 violaverit:
1762 5403 1893 5473 ejus

335 5560 389 5632 a)
416 5562 524 5632 Fie
543 5560 608 5618 de
632 5560 689 5632 δ.
719 5561 1013 5632 Athanase,
1053 5564 1161 5617 art.
1192 5561 1283 5618 20.

335 5577 370 5616 a
425 5562 524 5618 Vie
543 5560 608 5618 de
632 5560 689 5617 S.
719 5561 1013 5632 Athanase,
1053 5564 1161 5617 art.
1192 5561 1283 5618 20.

237 5699 282 5768 1.
307 5560 609 5778 01.111313?
639 5630 681 5691 l.
712 5648 851 5708 11,0.
877 5635 981 5709 17;
1010 5633 1235 5692 Sozom.
1271 5632 1313 5691 l.
1347 5649 1410 5707 ιι,
1444 5649 1492 5692 c.
1523 5635 1597 5693 25
1623 5659 1638 5710 ς
1668 5634 1888 5702 Theod.

2009 593 2199 660 potest
2222 594 2343 644 tam
2373 599 2537 645 atrox
2566 591 2856 663 ﬂagitium
2906 593 2980 648 ab
3035 592 3377 660 Athanasio,
3430 592 3529 664 qui
3564 591 3656 648 bis

2008 693 2101 732 res
2132 678 2335 750 Tyrias
2356 678 2484 735 fuse
2514 682 2905 752 prosequitur,
2928 699 2963 737 a
2994 682 3440 738 Sardicensihus
3472 680 3657 736 Patri-

2009 765 2143 834 bus,
2179 768 2279 838 qui
2313 769 2617 825 recensitis
2648 769 2961 825 calumniis
3001 771 3351 827 sententiam
3385 770 3445 826 in
3477 770 3661 826 male-

2010 854 2171 911 dicos
2215 857 2515 925 proferunt
2572 859 2823 925 reticeri,
2882 859 2931 914 si
2962 876 3093 915 vere
3150 864 3382 932 gestum
3442 858 3662 915 fuerit?

2010 943 2158 1007 Quid
2190 960 2259 999 ex
2288 944 2629 1015 hujusmodi
2663 946 2892 1003 silentio
2923 953 3223 1020 arguatur,
3256 948 3369 1003 nisi
3402 964 3523 1003 rem
3555 963 3662 1003 nec

2011 1037 2207 1087 notam
2231 1050 2335 1089 nec
2358 1039 2582 1106 gestam
2616 1052 2875 1107 unquam
2913 1036 3140 1091 fuisse?
3172 1037 3316 1092 Nam
3348 1036 3545 1091 Ruﬁni
3575 1041 3660 1093 te-
3770 1075 3774 1079 ‹

2011 1119 2356 1177 stimonium
2380 1122 2480 1195 huj
2492 1124 2721 1178 usmodi
2742 1122 2976 1179 silentio
2999 1124 3287 1179 obruitur.
3310 1125 3379 1179 Et
3399 1124 3661 1196 alioquin

2011 1208 2132 1263 haec
2162 1210 2410 1266 historia
2440 1211 2719 1283 ﬁngentis
2750 1212 2945 1284 potius
2967 1210 3303 1283 artiﬁcium,
3334 1229 3511 1285 quam
3535 1228 3660 1269 rem

2009 1315 2141 1355 vere
2172 1303 2398 1371 gestam
2429 1299 2696 1355 subolet:
2758 1300 2891 1372 quis
2944 1301 3142 1356 credat
3205 1302 3361 1357 enim
3410 1301 3685 1375 Arianos,

2011 1392 2131 1444 tam
2162 1388 2407 1459 supinos
2456 1393 2572 1445 tam
2635 1389 2881 1445 stolidos
2941 1390 3142 1459 fuisse,
3205 1394 3269 1446 ut
3326 1391 3659 1447 subornatis

2012 1475 2391 1546 mulierculae,
2426 1494 2552 1548 qua:
2575 1478 2962 1534 Athanasium
2992 1479 3062 1534 de
3096 1478 3240 1534 facie
3264 1496 3378 1534 non
3402 1482 3660 1547 noverat,

2012 1583 2128 1621 non
2154 1565 2481 1622 indicarent
2510 1567 2644 1639 quis
2672 1566 3026 1633 Athanasius
3065 1572 3238 1636 esset,
3274 1585 3450 1641 quem
3484 1569 3544 1624 in
3565 1570 3662 1640 ju-

2014 1654 2165 1711 dicio
2195 1656 2590 1711 accusandum
2622 1660 2913 1728 oporteret
2933 1655 2961 1709 ‘?

2508 1744 3051 1801 ANIMADVERSIO
3096 1746 3161 1801 Χ.

2405 1834 2478 1889 De
2503 1834 2822 1902 signiﬁcatu
2850 1837 2994 1889 vocis
3022 1832 3267 1909 ἐργασία.

2085 1920 2445 1977 Putabamus
2467 1922 2606 1977 olim
2634 1922 2793 1978 hunc
2814 1923 3116 1978 Athanasii
3141 1924 3335 1980 locum
3358 1926 3517 1997 Apol.
3539 1942 3664 1983 con-

2012 2014 2105 2065 tra
2158 2009 2389 2065 Arianos
2424 2052 2437 2075 ,
2472 2028 2528 2082 p.
2578 2010 2698 2079 107,
2761 2007 3006 2084 ἐργασίαι
3060 2031 3119 2065 τε
3173 2013 3289 2065 κατ’
3340 2011 3514 2067 αὐτῶν
3570 2012 3664 2068 ἐπ-

2015 2096 2270 2169 εσείοντο,
2302 2098 2392 2153 καὶ
2424 2097 2621 2153 ἐθνικοὶ
2653 2095 2824 2172 δῆμοι
2854 2099 2991 2175 πρὸς
3019 2100 3082 2153 τὸ
3110 2104 3373 2175 γυμνοῦν,
3420 2101 3662 2173 τύπτειν,

2014 2188 2098 2243 sic
2127 2191 2536 2261 exponendum
2576 2206 2739 2245 esse:
2791 2193 2938 2245 lIinc
2991 2193 3207 2262 ﬂagitia
3247 2192 3508 2249 adversus
3536 2194 3664 2250 illas

2014 2277 2311 2350 (virgines)
2341 2280 2629 2335 admissa:
2652 2281 2846 2351 pepuli
2872 2296 3065 2352 nempe
3111 2281 3320 2337 ethnici
3370 2284 3517 2354 ipsas
3556 2300 3664 2339 nu-

2014 2366 2235 2435 dabant,
2268 2368 2650 2436 verberabant,
2683 2374 2791 2424 etc.
2825 2370 2946 2424 Sub
2968 2369 3087 2425 haec
3110 2375 3303 2426 autem
3336 2371 3395 2426 in
3428 2372 3665 2429 Onoma-

2012 2458 2145 2512 stico
2177 2458 2516 2513 monuimus
2564 2458 2680 2529 hic,
2731 2455 2983 2531 ἐργασίας
3034 2460 3403 2516 ofﬁcinarum
3458 2478 3666 2534 operas

2016 2545 2383 2602 commodius
2413 2547 2755 2619 exprimere.
2802 2547 2907 2602 Cui
2938 2549 3403 2620 interpretationi
3460 2551 3669 2607 suifra-

2016 2639 2188 2708 gatur
2219 2635 2520 2707 inscriptio
2553 2652 2586 2690 a
2613 2637 2829 2707 Sponio
2860 2642 3029 2693 eruta
3068 2637 3136 2709 (c)
3168 2642 3337 2691 Τοῦτο
3379 2638 3442 2692 τὸ
3481 2640 3664 2713 ἡρῷον

2017 2727 2270 2799 στεφανοῖ
2297 2724 2331 2790 ἡ
2367 2720 2591 2797 ἐργασία
2636 2727 2742 2776 τῶν
2799 2723 3012 2800 βαφέων
3047 2741 3060 2754 ⁸
3108 2726 3216 2782 hoc
3269 2732 3376 2793 est,
3411 2732 3527 2783 Hoc
3573 2728 3665 2785 he-

2015 2828 2174 2867 roum
2212 2813 2520 2884 sepulcrum
2563 2828 2767 2870 corona
2811 2822 3087 2870 exornant
3131 2830 3315 2886 operae
3344 2818 3661 2875 tinctorum.

2016 2901 2123 2956 Hic
2152 2901 2332 2973 igitur
2347 2902 2652 2957 Athanasii
2674 2902 2838 2958 locus
2860 2904 2943 2958 sic
2965 2902 3379 2975 explicandus:
3409 2905 3669 2976 Ofﬁeina-

2016 3006 2144 3045 rum
2172 3005 2368 3062 operae,
2397 2989 2700 3062 populique
2731 2992 2937 3048 ethnici
2967 2992 3225 3048 adversus
3270 2994 3399 3049 illas
3427 2996 3667 3050 concita-

2019 3080 2239 3148 bantur,
2271 3088 2336 3135 ut
2361 3096 2456 3136 eas
2483 3080 2776 3148 nudarent,
2808 3080 3178 3149 verberarent,
3213 3086 3322 3137 etc.

2501 3169 3049 3227 ANIMADVERSIO
3082 3170 3171 3226 ΧΙ.

2230 3259 2310 3313 Ad
2339 3274 2498 3331 quem
2526 3261 2697 3314 missa
2716 3260 2897 3314 Flavii
2923 3261 3170 3315 Hemerii
3199 3261 3450 3331 epistola.

2092 3347 2329 3421 Ichyree,
2362 3350 2533 3420 cujus
2564 3348 2889 3404 ministerio
2922 3349 3010 3404 usi
3064 3342 3375 3405 Eusebiani
3424 3348 3668 3406 insidias

2019 3437 2078 3492 in
2109 3437 2494 3493 Athanasium
2527 3441 2879 3507 struxerant,
2901 3438 3211 3494 ecclesiam
3232 3439 3665 3511 episcopatum-

2017 3543 2130 3599 quc
2165 3527 2413 3583 excitare
2461 3532 2755 3594 curantes,
2789 3543 2903 3598 quo
2960 3527 3355 3600 sycophantiae
3410 3528 3662 3600 gratiam

2015 3620 2347 3688 pensarent,
2381 3616 2717 3688 imperatori
2748 3620 3017 3672 auctores
3050 3617 3306 3685 fuerunt,
3358 3622 3423 3673 ut
3450 3616 3662 3675 litteris

2015 3705 2087 3760 ad
2119 3704 2492 3773 catholicum,
2526 3705 2645 3760 sive
2673 3704 3106 3760 thesaurarium
3153 3705 3373 3774 missis,
3426 3707 3664 3778 juberet

2014 3793 2320 3849 ecclesiam
2343 3794 2587 3865 lschyrae
2613 3793 2886 3848 aediﬁcari
2910 3793 2969 3849 in
2999 3793 3123 3849 loco
3143 3794 3255 3849 Pax
3288 3794 3662 3852 Secontaruri

2012 3882 2170 3937 dicto
2196 3899 2207 3938 :
2251 3899 2356 3938 nec
2385 3886 2579 3937 tamen
2604 3882 2701 3937 illo
2724 3882 3029 3953 quaesitam
3054 3883 3271 3939 scelere
3289 3884 3662 3956 episcopatus

2012 3972 2285 4027 umbram
2319 3971 2577 4026 nancisci
2625 3973 2833 4043 potuit.
2898 3973 2959 4026 In
2992 3973 3254 4042 Apologia
3311 3989 3441 4029 vere
3470 3978 3664 4029 contra

2009 4063 2244 4116 Aria-nos
2273 4064 2460 4116 exstat
2490 4060 2566 4132 (ά)
2597 4059 2843 4131 epistola
2872 4061 3051 4116 Flavii
3084 4061 3338 4117 Hemerii
3368 4061 3661 4133 catholici,

2011 4151 2180 4220 cujus
2210 4148 2420 4205 titulus
2462 4149 2522 4204 in
2572 4150 2733 4220 prius
2786 4149 2959 4205 editis
2997 4149 3139 4205 vitio
3187 4150 3531 4220 laborabat;
3583 4152 3666 4209 ita

2009 4239 2226 4311 quippe
2269 4237 2590 4310 legebatur,
2644 4234 2906 4307 ἐπιστολή
2954 4242 3034 4309 τῷ
3063 4235 3365 4312 Κολλούθῳ
3399 4259 3412 4272 ·
3446 4241 3658 4298 deinde

2005 4345 2163 4393 vero,
2198 4323 2440 4387 Φλαύιος
2487 4327 2719 4401 ἡμέρως
2771 4324 3000 4403 ἔξαρχος
3048 4329 3366 4402 Μαρεώτου.
3413 4329 3524 4385 Ubi
3554 4347 3662 4387 nos

2007 4433 2077 4473 ex
2108 4416 2289 4473 Rehio
2318 4416 2633 4489 exemplari
2668 4418 2877 4473 decimi
2930 4417 3394 4473 circitersaeculi
3426 4419 3659 4491 optimae

2006 4510 2154 4562 notae
2186 4507 2270 4563 sic
2304 4505 2688 4574 restituimus,
2742 4502 3006 4574 ἐπιστολή
3056 4509 3154 4561 τοῦ
3202 4503 3511 4561 Καθολικσῦ
3546 4525 3558 4537 ·
3592 4524 3659 4565 ac

2006 4600 2210 4669 postea
2238 4592 2481 4656 Φλαύιος
2512 4595 2765 4668 Ἠμὲριος
2819 4593 3067 4665 ἐξάκτορι
3098 4595 3398 4668 Μαρεώτου
3434 4617 3446 4629 ’
3479 4612 3657 4669 quam

2004 4684 2311 4741 lectionem
2341 4686 2560 4757 Optime
2591 4685 2805 4740 habere
2836 4702 2904 4739 ex
2953 4684 3416 4757 praecedentibus
3446 4684 3651 4757 liquet,

2003 4790 2139 4829 nam
2179 4772 2355 4845 paulo
2388 4773 2660 4845 superius
2691 4773 2775 4828 ita
2806 4773 3023 4845 legitur
3056 4790 3068 4827 :
3102 4771 3192 4826 καὶ
3224 4771 3379 4845 ὅμως
3417 4774 3655 4843 πεποιή-

2000 4862 2243 4916 κασικαὶ
2281 4862 2507 4936 βασιλέα
2567 4862 2772 4937 γράψαι
2828 4865 2907 4932 τῷ
2953 4858 3250 4934 καθολικῷ,
3309 4863 3486 4916 πάντα
3546 4863 3653 4939 γὰρ

2002 4949 2186 5013 αὐτοῖς
2216 4946 2436 5020 ἔξεστιν,
2480 4948 2772 5018 ἐκκλησίαν
2807 4950 2952 5023 αὖτῷ
2999 4951 3263 5025 γενέσθαι,
3309 4948 3401 5005 ’ἕνα
3451 4951 3652 5021 ταύτην

2002 5035 2169 5114 ἔχων,
2226 5039 2534 5109 ἀξιόπιστος
2593 5040 2846 5118 φαίνηται
2904 5041 3027 5114 περὶ
3076 5038 3346 5116 ποτηρίου
3394 5040 3483 5094 καὶ
3530 5060 3657 5117 τρα-

1999 5130 2171 5198 πέζης
2194 5126 2395 5205 λέγων.
2430 5130 2536 5187 Ubi
2567 5132 2732 5203 prius
2763 5132 2901 5187 editi
2934 5139 3136 5187 contra
3167 5132 3338 5186 ﬁdem
3383 5131 3654 5188 codicum

1985 5220 2287 5290 .omnium,
2320 5220 2405 5275 sic
2433 5221 2672 5287 habent,
2704 5220 2792 5274 καὶ
2850 5218 3077 5293 βασιλέα
3122 5220 3325 5294 γράψαι
3372 5222 3452 5290 τῷ
3506 5218 3650 5273 Κολ-

2000 5306 2474 5381 λούΘῳΕᾱὶῐοιτοε
2494 5312 2712 5383 quippe
2733 5328 2801 5367 ex
2822 5311 3208 5383 subsequenti
3231 5309 3430 5365 vitiato
3452 5308 3645 5381 titulo,

2001 5397 2262 5466 ἐπιστολὴ
2288 5402 2367 5469 τῷ
2398 5396 2718 5471 Κολλούθῳ,
2762 5401 2857 5456 hic
2906 5402 3083 5457 etiam
3132 5395 3433 5472 Κολλούθῳ
3481 5414 3652 5473 repo-

2070 5562 2140 5635 (c)
2177 5562 2409 5635 Voyage,
2440 5565 2482 5618 t.
2516 5562 2615 5635 III,
2646 5579 2704 5635 p.
2735 5564 2856 5619 150.

2070 5562 2121 5634 (c
2177 5562 2245 5618 Vo
2286 5576 2409 5633 age,
2440 5565 2482 5618 t.
2517 5562 2615 5632 III,
2646 5579 2704 5635 p.
2735 5564 2848 5619 150.

2069 5562 2149 5715 (t2)
2177 5578 2377 5695 Atiam
2411 5650 2470 5713 p.
2503 5634 2606 5697 158
2636 5638 2694 5695 et
2726 5636 2848 5696 159'
