4146 6376
1373 521 1477 586 nn
1519 521 1708 587 VITA
1751 519 1854 586 E'l‘
1895 486 2248 586 SCRIPTIS
2294 523 2359 588 s.
2405 515 2854 589 ATHANASII.

3645 511 3824 586 cmi

419 653 683 715 nendum
731 661 1109 730 censuerunt,
1142 656 1278 715 licet
1306 674 1512 714 omnes
1543 674 1653 713 ms.
1677 661 1754 728 τῷ
1785 654 2060 728 καθολικῷ
2089 659 2144 725 Α
2172 657 2455 714 litteraria
2480 660 2623 715 bene
2655 659 2899 716 meritus
2932 658 3030 732 (α),
3064 673 3172 716 nos
3192 655 3340 717 libro
3371 661 3450 718 De
3479 655 3714 716 Nzcwnis
3738 655 3828 713 de-

413 747 776 820 przel‘errent.
836 747 1050 803 Locum
1108 749 1191 804 ita
1247 746 1566 802 vertimus:
1629 748 1817 803 Nihilo
1875 752 2061 802 tamen

401 838 587 892 minus
619 837 944 908 imperatori
981 843 1230 892 auctores
1287 839 1515 906 fuerunt
1572 837 1936 907 (Euscbiani)
2009 847 2072 892 ut

402 927 603 981 litteris
634 926 702 980 ad
730 927 1062 981 catholicum
1084 925 1226 997 (sive
1249 925 1684 981 thesaurarium
1719 930 1773 980 et
1795 943 2070 996 procura-

411 1018 599 1069 torem
633 1013 780 1084 ﬁsci)
813 1015 1032 1069 missis:
1073 1017 1187 1068 illis
1220 1018 1414 1086 quippe
1445 1017 1632 1070 omnia
1663 1017 1865 1070 licent:
1907 1016 2066 1087 jube-

405 1107 492 1158 ret
520 1104 808 1158 ecclesiam
833 1104 1074 1175 Ischyrzc
1109 1104 1415 1174 aediﬁcari;
1473 1109 1532 1158 ut
1591 1121 1654 1159 ea
1693 1106 1911 1175 potitus,
1965 1105 2070 1174 ﬁde

405 1192 606 1263 dignus
640 1192 934 1248 haberetur
962 1211 1084 1248 cum
1113 1195 1181 1248 de
1208 1196 1382 1248 calice
1423 1203 1473 1249 et
1528 1193 1592 1248 de
1653 1209 1838 1249 mensa
1896 1195 2068 1264 ferret

409 1284 806 1338 testimonium.
842 1285 1163 1354 Imperator
1225 1283 1421 1354 itaque
1478 1282 1763 1338 catholico
1817 1282 2065 1339 Alexan-

401 1371 601 1435 drino,
634 1371 960 1427 catholicus
997 1371 1246 1427 exactori
1280 1372 1545 1426 Mareotin
1599 1389 1702 1443 pro
1760 1372 2067 1428 excitanda

410 1459 657 1516 ecclesia
687 1461 910 1522 scribit,
948 1460 1056 1516 hoc
1090 1465 1292 1532 pacto:

930 1565 1200 1604 EPISTOLA
1239 1566 1552 1604 CATIIOLICI.

481 1640 700 1694 Flavius
750 1639 1029 1693 Hemerius
1104 1641 1347 1694 exactori
1432 1643 1720 1704 Mareota’,
1807 1640 2061 1693 salutem.

407 1727 635 1801 Ischyra
672 1728 985 1799 presbytero
1039 1730 1299 1799 pietatem
1350 1727 1697 1784 dominorum
1755 1732 2064 1784 nostrorum

409 1821 800 1886 Augustorum
830 1833 900 1871 ac
932 1816 1215 1873 Caesarum
1246 1826 1487 1887 rogante,
1520 1820 1628 1872 sibi
1657 1820 1717 1871 in
1773 1819 1889 1872 loco
1945 1818 2066 1871 Pax

412 1906 772 1964 Secontaturi
799 1905 942 1960 dicta
980 1907 1226 1961 construi
1281 1908 1607 1962 ecclesiam:
1665 1909 1822 1974 jussit
1874 1922 2066 1961 eorum

407 1997 692 2062 divinitas,
727 1993 966 2062 Θειὸτης,
1004 1997 1062 2051 id
1118 2012 1282 2066 quam
1331 1997 1586 2066 primum
1641 1997 1806 2066 efﬁci.
1867 1996 2066 2050 Curato
2099 2033 2146 2097 Β

407 2087 607 2156 igitur,
642 2087 700 2139 ut
729 2086 1013 2154 exemplar
1060 2092 1251 2140 nactus
1308 2085 1488 2139 divini
1544 2085 1877 2155 diplomatis,
1928 2084 2071 2155 quod

407 2191 532 2230 cum
561 2173 746 2229 debita
778 2174 1084 2228 reverentia
1114 2176 1298 2242 priore
1343 2173 1491 2230 loco,
1507 2175 1743 2244 positum
1789 2176 1885 2243 est,
1944 2189 2070 2228 nec-

410 2279 519 2319 non
547 2270 903 2318 monumenta
931 2278 1114 2317 coram
1142 2279 1264 2316 mea
1295 2263 1584 2318 sanctitate
1626 2263 1797 2326 edita,
1857 2279 1922 2317 ea
1965 2263 2071 2318 cito

409 2352 742 2424 perlustrata
777 2353 837 2404 in
866 2352 1260 2405 commentario
1292 2367 1540 2422 reponas,
1577 2359 1634 2405 ut
1685 2367 1804 2421 quae
1861 2350 2069 2406 divini-

352 2511 361 2519 .
413 2444 501 2496 tus
525 2443 684 2512 jussa
708 2443 855 2506 sunt,
890 2439 965 2494 ad
994 2441 1207 2495 exitum
1227 2439 1427 2494 deduci
1455 2445 1673 2510 queant.

487 2529 570 2584 Ex
599 2525 691 2584 his
721 2529 917 2601 igitur,
952 2533 1016 2582 ut
1045 2529 1222 2582 etiam
1257 2545 1324 2583 ex
1358 2528 1520 2600 Regii
1555 2528 1769 2584 codicis
1800 2528 2067 2597 lectione,

418 2618 614 2692 palam
647 2623 734 2674 est
763 2616 1076 2689 epistolam
1112 2618 1258 2671 hanc
1287 2616 1466 2672 Flavii
1501 2617 1750 2672 llemerii
1796 2616 2071 2672 catholici

409 2723 538 2763 esse
559 2711 616 2762 et
645 2706 716 2761 ad
750 2711 1078 2763 exactorem
1111 2706 1377 2760 Mareotae
1419 2705 1572 2759 mitti
1600 2723 1612 2760 :
1649 2722 1784 2760 nam
1817 2707 1972 2777 quod
2009 2707 2066 2760 in

407 2797 572 2869 prius
603 2795 776 2851 editis
807 2795 1019 2867 legitur
1051 2791 1304 2854 Φλαύιος
1363 2794 1619 2868 ’ῌμέριος
1676 2791 1908 2865 ’ἐξαρῖος
1962 2800 2070 2847 Μα-

416 2884 642 2957 ρεώτου,
667 2885 740 2940 ab
774 2883 1095 2939 editoribus
1127 2883 1256 2938 ideo
1291 2884 1548 2955 positum
1581 2889 1688 2950 est,
1749 2885 1903 2956 quod
1957 2885 2068 2939 Ba-

408 2973 663 3029 siliensis
695 2974 873 3028 codex
902 2973 984 3028 sic
1017 2973 1274 3043 haberet,
1309 2969 1554 3033 Φλαύιος
1608 2973 1864 3047 Ἠμέριος
1923 2972 2070 3048 ἑξάρ-

404 3081 551 3138 κτωρ
587 3062 773 3118 male:
811 3061 894 3116 illi
927 3079 1059 3116 vero
1090 3061 1329 3134 ὲξάκτωρ
1356 3061 1416 3116 in
1475 3057 1708 3136 ἔξαρχος
1764 3080 2064 3134 perperam

413 3157 738 3220 verterunt,
771 3167 960 3222 neque
991 3152 1125 3206 enin
1160 3153 1217 3205 in
1250 3152 1523 3216 Mareote,
1545 3151 1920 3206 Alexandrini
1947 3153 2068 3224 agri

407 3246 592 3314 parte,
630 3241 930 3296 exarchus
962 3257 1087 3296 esse
1112 3245 1356 3312 poterat.
1393 3243 1520 3294 l-lzuc
1552 3239 1819 3312 pluribus
1869 3242 2070 3296 efferre

411 3330 1198 3402 visum,quiaTillemontius
1213 3347 1339 3384 eam
1356 3329 1788 3384 restitutionem
1809 3335 2067 3385 nostram

2179 751 2338 804 cretis
2367 748 2674 820 epistolam
2717 749 2949 805 Eusebii
3007 749 3423 822 subjunxisse:
3485 753 3649 805 ratus
3701 762 3828 803 rem

2181 853 2308 892 esse
2344 855 2580 908 prorsus
2610 837 2996 910 peregrinam,
3026 843 3082 894 et
3113 844 3276 895 extra
3301 839 3497 895 sedem
3531 836 3831 910 propriam

2179 926 2274 981 hic
2304 927 2483 982 locari
2514 943 2525 982 :
2562 943 2625 981 ac
2658 927 2726 982 de
2758 927 2857 982 tali
2892 945 3062 999 ausu,
3097 945 3284 1000 usque
3315 929 3458 984 adeo
3491 928 3836 999 indignatur

2180 1021 2246 1071 ut
2279 1016 2336 1070 in
2371 1017 2608 1072 Elencho
2638 1033 2826 1072 rerum
2859 1034 2965 1073 nos
2996 1017 3123 1073 ideo
3158 1017 3326 1073 mala
3360 1018 3492 1074 ﬁdei
3529 1034 3835 1073 accusave-

2179 1106 2272 1161 rit.
2310 1106 2438 1161 Haec
2470 1107 2597 1177 ejus
2629 1107 2803 1161 verba
2827 1110 2984 1171 sunt,
3017 1124 3074 1179 p.
3107 1108 3217 1163 90:
3251 1107 3557 1179 Antequam
3599 1106 3742 1162 hanc
3769 1105 3833 1162 de

2177 1197 2403 1266 epistola
2429 1197 2738 1251 Euscbiana
2767 1195 3199 1266 disputationem
3239 1196 3517 1263 claudam,
3577 1212 3689 1252 non
3737 1195 3835 1250 abs

2178 1301 2236 1338 re
2264 1285 2369 1338 erit
2401 1285 2634 1339 breviter
2664 1285 2973 1354 inquirere,
3014 1283 3160 1339 unde
3187 1286 3396 1355 factum
3426 1287 3519 1353 sit,
3579 1291 3639 1340 ut
3688 1284 3837 1339 inter

2176 1372 2471 1428 Athanasii
2500 1390 2665 1443 opera
2691 1373 2867 1428 locum
2899 1373 3115 1428 habeat.
3145 1375 3520 1445 Reposuerunt
3558 1374 3716 1429 illam
3770 1374 3833 1428 in

2173 1464 2304 1516 tom.
2338 1465 2364 1517 Ι
2388 1464 2702 1518 novissimis
2774 1462 3028 1518 editionis
3082 1467 3375 1530 curatores,
3432 1464 3658 1518 Petrum
3712 1461 3832 1518 Fel-

2175 1550 2509 1606 ckmannum
2538 1550 2646 1606 hac
2676 1553 2735 1605 in
2757 1555 2914 1623 parte
2940 1553 3132 1623 secuti,
3172 1553 3269 1623 qui
3322 1552 3622 1607 editionem
3683 1551 3831 1608 Com-

2175 1640 2542 1695 melinianam
2571 1655 2718 1695 anno
2752 1641 2894 1695 I60!
2947 1641 3257 1709 adornavit,
3308 1642 3634 1713 primusque
3688 1641 3830 1696 hanc

2173 1729 2455 1800 epistolam
2483 1729 2641 1784 editis
2696 1730 2988 1785 Athanasii
3029 1730 3286 1802 aperibus
3309 1731 3545 1786 inseruit
3563 1747 3585 1792 ;
3627 1738 3836 1802 praeter

2176 1820 2404 1873 unicum
2436 1819 2822 1884 Basiliensem,
2855 1819 3078 1873 nullum
3107 1818 3344 1874 codicem
3394 1810 3856 1890 manuscriptum

2176 1908 2414 1977 reperire
2441 1909 2637 1977 potuit,
2666 1923 2772 1977 quo
2806 1908 2948 1962 inter
2976 1923 3142 1979 opera
3182 1907 3566 1963 Athanasiana
3620 1914 3836 1978 reperta

2175 1997 2390 2065 fuerit:
2418 1995 2658 2050 alterum
2687 1995 2950 2051 addidere
2977 1995 3341 2062 Benedictini,
3392 1998 3451 2050 in
3513 1995 3838 2052 bibliotheca

2180 2085 2348 2153 Regia
2378 2087 2686 2140 Parisiensi
2704 2103 2722 2139 :
2751 2087 2908 2157 cujus
2933 2101 3058 2141 vero
3099 2086 3296 2153 atatis,
3357 2085 3618 2156 quantive
3668 2084 3841 2156 pretii

2181 2173 2242 2229 hi
2268 2173 2478 2228 codices
2507 2173 2638 2244 sint,
2694 2189 2793 2230 nos
2848 2190 2960 2230 non
3015 2173 3222 2230 docent.
3288 2173 3435 2230 Unde
3480 2173 3838 2229 Parisienses

2178 2263 2410 2318 editores
2440 2279 2586 2318 anno
2629 2264 2654 2316 Ι
2665 2262 2793 2330 627,
2845 2264 3095 2335 quamvis
3155 2266 3215 2318 in
3269 2264 3488 2320 caeteris
3544 2261 3840 2318 editionem

2182 2353 2681 2408 Commelinianam
2708 2368 2890 2423 presso
2918 2352 3053 2424 pede
3106 2354 3492 2424 sequebantur,
3552 2352 3695 2406 hanc
3753 2357 3835 2406 ta-

2179 2458 2304 2496 men
2335 2443 2617 2512 epistolam
2638 2443 3012 2497 excluserunt.
3048 2441 3201 2497 Certe
3223 2443 3366 2497 mihi
3381 2441 3598 2497 videtur
3617 2440 3684 2495 ab
3705 2439 3839 2496 aliis

2179 2530 2408 2601 adjecta,
2441 2535 2490 2585 et
2522 2547 2592 2586 ea:
2622 2529 2934 2586 Theodoreti
2961 2530 3193 2585 historia
3209 2532 3458 2602 primum
3495 2529 3837 2601 deprompta.

2181 2636 2342 2674 erum
2373 2621 2561 2691 ipsius
2590 2621 2880 2674 Athanasii
2934 2621 3246 2674 testimonio
3299 2619 3628 2673 sententiam
3682 2634 3844 2673 suam

2177 2708 2518 2778 conﬁrmare
2534 2713 2801 2781 satagunt
2832 2709 2928 2780 (b),
2953 2710 3116 2764 unica
3143 2707 3500 2764 Felckmanni
3528 2708 3840 2779 conjectura

2178 2799 2323 2852 nitri.
2385 2803 2615 2853 Frustra
2673 2798 2911 2869 quidem.
2971 2799 3096 2869 Ipsa
3144 2796 3442 2853 Athanasii
3496 2796 3659 2852 verba
3717 2796 3832 2852 haec

2177 2891 2303 2942 sunt
2336 2888 2404 2955 (ε)
2440 2895 2762 2958 ;postquam
2811 2887 3042 2943 dixisset
3096 2889 3393 2943 Eusebium
3449 2886 3682 2957 epistola
3725 2901 3835 2941 sua

2178 2977 2408 3032 Arianos
2439 2992 2720 3032 accusasse
2774 2980 3041 3049 sequitur,
3074 2974 3174 3028 Καὶ
3198 2978 3359 3029 τοῦτο
3393 2971 3506 3028 οἶδε
3534 2971 3624 3028 καὶ
3675 2973 3834 3026 ’Δκά-

2177 3086 2296 3126 κιος
2332 3085 2342 3097 ·
2379 3064 2437 3118 ἂν
2477 3065 2550 3136 μὴ
2583 3064 2673 3118 καὶ
2702 3064 2860 3125 αὐτὸς
2911 3059 3190 3142 φοϐηθεὶς,
3235 3067 3326 3117 νῦν
3379 3061 3467 3117 διὰ
3513 3063 3604 3117 τὸν
3646 3061 3834 3137 καιρὸν

2181 3152 2539 3229 ὑποκρίνηται
2594 3153 2684 3206 καὶ
2737 3153 3038 3228 ἀρνήσηται
3088 3152 3188 3220 τὴν
3249 3149 3531 3221 ἀλήθειαν.
3594 3147 3844 3220 Ὑπέταξε

2177 3247 2306 3317 γοῦν
2362 3241 2412 3296 ἐν
2464 3247 2542 3312 τῷ
2598 3239 2743 3294 τέλει
2793 3242 2892 3309 τήν
2945 3238 3240 3309 ἐπιστολὴν
3295 3233 3561 3293 Εὐσεϐίου
3596 3236 3730 3292 ’ἵνα
3784 3237 3844 3293 ἐκ

2179 3329 2384 3400 ταύτης
2415 3335 2560 3404 γνῷς
2607 3333 2714 3382 τῶν
2747 3348 2806 3382 τε
2835 3328 3258 3404 χριστομάχων,
3289 3327 3380 3381 καὶ
3420 3326 3556 3382 κατᾶ
3585 3325 3842 3403 περιττὸν

412 3420 500 3476 vel
533 3437 649 3476 non
682 3419 1115 3484 animadvertit,
1147 3418 1236 3473 vel
1261 3417 1492 3489 penitus
1516 3417 1783 3489 neglexit.
1818 3420 1887 3473 Et
1941 3419 2068 3489 qui-

2192 3421 2280 3488 ε-ὴν
2313 3403 2567 3474 Ἀκσικίου
2616 3419 2753 3494 πρὸς
2802 3403 2930 3479 τοὺς
2988 3403 3193 3472 ἑαυτῶν
3253 3413 3616 3478 διδασκάλους
3674 3416 3840 3491 ἀγνο-

419 3509 555 3564 dem
587 3506 685 3562 ille
716 3508 997 3562 mendum
1031 3507 1445 3576 subodoratus,
1482 3507 1816 3578 conjectura
1845 3506 2076 3578 lapsum

422 3598 640 3654 sarcire
667 3601 912 3652 conatus
937 3599 1063 3662 est;
1097 3596 1200 3650 sed
1231 3612 1347 3650 non
1394 3596 1476 3650 ita
1527 3595 1788 3651 feliciter.
1848 3597 2077 3651 Etenim

428 3687 588 3743 illius
637 3686 783 3753 loco,
834 3680 1096 3752 ἐπιστυλὴ
1146 3687 1225 3753 τῷ
1266 3681 1586 3754 Κολλούθῳ,
1617 3685 1700 3738 sic
1767 3684 2078 3756 legendum

430 3780 616 3850 putat,
649 3771 912 3842 ἐπιστολὴ
945 3777 1024 3843 τῷ
1053 3769 1330 3843 καθολικῷ
1366 3794 1376 3805 ·
1403 3778 1462 3828 at
1494 3791 1820 3846 perperam,
1855 3781 2084 3840 nam,ut

428 3883 610 3939 supra
636 3865 856 3930 videas,
878 3863 1126 3936 epistola
1148 3863 1433 3918 catholico
1458 3863 2082 3934 missa,Augustorum

429 3960 488 4013 et
517 3957 811 4012 Caesarum
845 3958 987 4018 erat,
1023 3968 1206 4023 eaque
1239 3969 1536 4023 nusquam
1580 3953 1902 4024 reperitur:
1957 3969 2084 4024 quae

430 4047 964 4117 sequunturautem
987 4041 1070 4096 sic
1085 4042 1474 4096 restaurancla
1486 4047 1652 4112 putat
1673 4041 2086 4097 Tillemontius

430 4138 563 4207 post
591 4132 907 4189 Henricum
941 4130 1264 4200 Valesium,
1299 4127 1543 4190 Φλαύιος
1578 4129 1838 4204 Ἡμέριος
1874 4129 2090 4205 ἐξάρχῳ

430 4222 748 4298 Μαρεώτου,
781 4238 907 4292 qure
939 4236 1079 4275 sane
1111 4215 1508 4292 avocata-na
1540 4225 1679 4274 sunt
1711 4237 1723 4273 :
1762 4237 1900 4274 nam
1935 4221 2090 4276 idem

431 4317 631 4369 essent
645 4311 968 4368 catholicus
985 4314 1041 4364 et
1053 4309 1561 4374 exarchus,oflicia
1573 4326 1714 4364 sane
1730 4309 2096 4382 longedispa-

435 4407 564 4458 rata
588 4420 600 4469 ;
622 4405 682 4456 at
703 4401 762 4456 in
781 4401 1032 4454 Mareote
1055 4397 1433 4453 Alexandrini
1449 4399 1568 4470 agri
1591 4402 1751 4469 parte
1774 4415 1878 4453 nec
1899 4398 2097 4454 catho-

434 4492 585 4547 licus
608 4507 712 4546 nec
733 4489 1027 4545 exarchus
1052 4487 1447 4543 erat.Exarchi
1466 4486 1620 4542 enim
1637 4488 1853 4542 summi
1870 4487 2100 4559 imperii

434 4595 703 4653 proceres
732 4579 1178 4650 fuere,quorum
1202 4593 1270 4632 ea
1285 4581 1410 4631 erat
1432 4577 1749 4632 auctoritas
1767 4581 1824 4631 et
1843 4577 2102 4649 dignitas

437 4675 505 4726 ut
521 4668 918 4725 ministerium
938 4665 1262 4738 imperialis
1279 4665 1496 4739 fastigii
1516 4669 1810 4739 peregisse
1823 4666 2100 4721 dicantur

442 4758 674 4814 inlibro
702 4757 923 4812 Diurno
957 4755 1205 4812 Romani
1240 4755 1473 4827 pontiﬁ,
1505 4773 1554 4810 c.
1587 4757 1640 4826 2,
1669 4756 1759 4810 tit.
1805 4757 1854 4819 4,
1891 4773 1948 4826 p.
2013 4755 2099 4810 19.
2136 4775 2182 4842 D

440 4852 571 4903 Haec
599 4864 733 4903 vero
765 4846 957 4918 posita
983 4845 1252 4908 lectione,
1288 4845 1563 4916 quisnam
1587 4845 1698 4900 erit
1727 4843 1824 4900 ille
1871 4845 2105 4900 Flavius

443 4937 751 4992 Hemerius
783 4935 884 5006 qui
919 4939 1082 4990 tanta
1115 4935 1478 4990 auctoritate
1509 4934 1792 4990 catholico
1831 4939 1888 4990 et
1950 4950 2116 4989 exar-

444 5025 575 5092 cho,
600 5029 666 5080 ut
685 5024 965 5080 dominus
988 5023 1207 5078 famulo
1228 5022 1309 5078 im
1324 5028 1494 5095 perat
1517 5040 1529 5078 :
1547 5026 1834 5095 cujusque
1856 5023 2115 5079 ofﬁcium

446 5113 676 5170 nullum
709 5117 1072 5169 memoratur
1091 5113 1425 5168 secundum
1454 5112 1966 5168 Tillemontianam
1995 5129 2116 5168 res~

440 5203 792 5260 titutionem
818 5202 846 5256 ‘l
884 5202 988 5257 Hic
1021 5218 1190 5274 spero
1225 5202 1543 5269 neminem,
1574 5218 1633 5256 re
1690 5218 1993 5274 perpensa,
2036 5219 2118 5258 re-

448 5292 740 5350 stitutioni
773 5295 986 5346 nostris
1017 5293 1484 5362 repugnaturum
1516 5305 1664 5346 esse.

924 5397 1464 5452 ANIMADVERSIO
1505 5396 1623 5451 XII.

455 5490 534 5544 An
563 5489 798 5560 epistola
828 5486 1064 5560 Eusebii
1108 5485 1464 5560 Ca’sariensts
1519 5485 1678 5539 libro.
1742 5485 1819 5540 De
1870 5485 2116 5540 Niemnis

851 5557 1102 5614 decretis
1133 5560 1278 5613 recte
1305 5557 1702 5627 subjungatur.

452 5649 619 5722 Egre
676 5647 815 5703 tulit
873 5646 966 5702 vir
1025 5645 1269 5717 quidam
1328 5645 1594 5700 eruditus
1625 5649 1681 5701 et
1715 5647 1786 5702 de
1819 5645 2119 5719 republica

527 5791 609 5862 (a)
643 5788 1000 5862 Guillelmus
1021 5792 1186 5845 Cave.

529 5792 587 5862 (a
643 5791 1000 5847 Guillelmus
1021 5792 1186 5845 Cave.

529 5791 609 5936 (bi
633 5862 934 5935 Admonit.,
970 5861 1108 5934 §10,
1140 5877 1197 5933 p.
1230 5860 1358 5932 208,
1391 5863 1434 5916 t.
1462 5861 1598 5917 Ied.
1625 5877 1810 5918 novat.
1858 5861 2113 5919 Felckm.

2193 3507 2454 3582 μοσύνην.
2488 3510 2558 3564 Et
2587 3509 2696 3564 hoc
2729 3509 2923 3581 ipsum
2947 3507 3057 3564 scit
3077 3506 3346 3576 Aeacius,
3370 3505 3484 3562 nisi
3506 3510 3562 3562 et
3582 3503 3678 3562 ille
3698 3521 3842 3576 quo-
3903 3565 3910 3568 _

2189 3615 2301 3670 que
2323 3615 2478 3653 nunc
2505 3602 2659 3653 metu
2684 3601 3015 3668 temporum
3043 3597 3100 3652 id
3125 3594 3626 3652 dissimulandum
3652 3597 3838 3667 putet,

2189 3675 2605 3758 veritatemque
2637 3686 2882 3741 inﬁciari
2913 3685 3070 3741 velit.
3105 3686 3266 3741 Certe
3294 3689 3351 3741 et
3381 3685 3430 3740 is
3465 3685 3524 3740 in
3560 3685 3676 3740 ﬁne
3698 3683 3836 3740 sub-

2183 3777 2383 3847 junxit
2411 3775 2720 3848 epistolam
2756 3775 3006 3842 Eusebii,
3038 3775 3194 3830 unde
3223 3790 3323 3830 eos
3353 3778 3412 3830 et
3439 3772 3658 3830 Christi
3706 3790 3844 3845 per-

2195 3865 2420 3921 duelles
2451 3865 2672 3930 videas,
2697 3868 2753 3920 et
2781 3864 2839 3919 in
2873 3865 3082 3935 primis
3107 3864 3298 3918 Acacii
3331 3863 3610 3919 adversus
3632 3878 3846 3936 praece-

2196 3961 2392 4027 ptores
2423 3970 2561 4010 suos
2589 3953 2969 4009 stoliditatem
3000 3953 3422 4025 deprehendas.
3455 3953 3580 4010 Haec
3607 3959 3668 4008 ut
3721 3967 3847 4007 sen-

2198 4045 2390 4100 tentiae
2418 4059 2530 4098 suae
2560 4042 3049 4113 accommodarent,
3081 4042 3256 4097 textui
3310 4041 3686 4098 Athanasiano
3741 4042 3856 4096 vim

2201 4136 2410 4204 inferre
2438 4149 2658 4187 necesse
2690 4132 2906 4198 habent,
2940 4147 3007 4186 ac
3032 4131 3272 4203 proinde
3293 4147 3394 4202 pro
3425 4128 3672 4200 ὔπέταξε,
3729 4127 3858 4186 sub-

2199 4225 2497 4277 stituerunt
2527 4219 2780 4290 ὑπέταξα,
2821 4222 2995 4293 plane
3051 4229 3254 4276 contra
3309 4221 3561 4275 omnium
3616 4218 3866 4276 codicum

2211 4311 2386 4376 fidem,
2417 4327 2530 4366 non
2560 4310 2830 4381 difﬁtente
2887 4312 3117 4381 ipsemet
3175 4307 3567 4376 Felckmanno,
3625 4306 3724 4380 qui
3774 4317 3874 4364 nec

2209 4402 2319 4472 ipse
2350 4403 2564 4455 textum
2594 4407 2804 4455 mutare
2862 4415 3032 4454 ausus
3089 4401 3184 4453 est.
3249 4399 3395 4466 Quin
3453 4401 3504 4452 et
3553 4404 3700 4453 totus
3757 4396 3877 4466 ipse

2207 4493 2515 4557 contextus,
2549 4487 2822 4560 quidquid
2851 4487 3016 4542 aliter
3044 4488 3245 4542 sentiat
3302 4485 3725 4552 Felckmannus,
3786 4499 3875 4539 re-

2209 4581 2421 4646 pugnat
2446 4596 2465 4642 ;
2494 4578 2740 4647 disputat
2768 4578 2918 4631 enim
2941 4575 3027 4630 his
3055 4575 3235 4630 verbis
3260 4573 3592 4630 Athanasius
3611 4572 3872 4628 adversus

2213 4668 2491 4734 Acacium,
2525 4668 2698 4738 ipsius
2731 4665 2951 4721 Eusebii
2986 4664 3323 4735 discipulum
3380 4670 3430 4718 et
3481 4677 3870 4732 successorem,

2216 4757 2578 4812 inconstantis
2601 4756 2814 4825 ingenii
2841 4755 3045 4824 virum,
3069 4754 3167 4825 qui
3195 4768 3344 4808 nunc
3399 4767 3524 4806 cum
3571 4749 3878 4818 catholicis,

2226 4863 2376 4901 nunc
2405 4862 2530 4899 cum
2561 4846 2787 4899 Ariani:
2816 4845 2966 4915 fecit,
3000 4844 3201 4915 quique
3230 4841 3300 4897 ad
3320 4841 3511 4912 scripti
3533 4839 3774 4912 alicujus
3792 4838 3884 4894 sui

2226 4935 2433 4989 calcem
2465 4934 2666 5005 (multa
2695 4935 2863 5001 enim,
2897 4947 3086 5004 eaque,
3127 4939 3187 4987 ut
3239 4931 3476 4996 videtur,
3528 4929 3591 4983 in
3645 4927 3881 4983 Ariano-

2225 5041 2349 5078 rum
2382 5024 2622 5093 gratiam
2668 5022 2916 5094 scripsit)
2947 5021 3090 5076 hanc
3142 5020 3402 5090 magistri
3457 5017 3549 5072 sui
3599 5015 3885 5088 epistolam

2223 5114 2613 5179 subnexuerat,
2645 5128 2810 5184 eoque
2835 5119 2990 5183 pacto
3018 5109 3386 5165 stoliditatem
3414 5106 3674 5163 adversus
3730 5120 3884 5176 prae-

2223 5211 2461 5274 ceptores
2491 5217 2612 5256 suos
2670 5201 2986 5267 ostenderit,
3042 5199 3282 5271 subjecta
3336 5197 3610 5252 nimirum
3666 5194 3890 5250 Eusebii

2224 5292 2476 5363 epistola,
2511 5307 2623 5363 qua
2662 5291 2900 5345 Aricinos
2930 5288 3133 5343 diserte
3155 5287 3531 5342 damnaverat.
3592 5285 3774 5341 Verbis
3829 5284 3893 5340 in

2225 5382 2369 5434 hunc
2395 5396 2614 5436 sensum
2646 5379 2959 5450 explicatis,
2992 5376 3269 5431 commode
3298 5384 3348 5431 et
3377 5375 3664 5447 perspicue
3707 5375 3891 5444 ﬂuunt

2225 5471 2430 5525 omnia.
2466 5471 2550 5523 An
2581 5484 2703 5524 vero
2737 5483 2853 5522 rem
2882 5482 2985 5521 aeu
3017 5467 3312 5536 tetigerim,
3337 5463 3684 5520 eruditorum
3731 5461 3887 5535 judi-

2225 5561 2373 5614 cium
2393 5566 2524 5613 esto.
2560 5558 2687 5612 Heec
2714 5555 2846 5610 ille:
2877 5559 2936 5610 at
2967 5555 3024 5608 in
3058 5571 3125 5610 ea
3156 5553 3311 5610 docti
3369 5553 3477 5608 viri
3533 5547 3884 5618 narratione,

2227 5647 2372 5702 nihil
2401 5662 2636 5716 sanum,
2669 5659 2874 5701 verum
2907 5641 3054 5698 nihil
3083 5641 3508 5715 deprehendas.
3537 5641 3686 5697 Nam
3727 5637 3882 5712 quod

2230 5794 2373 5846 tom.
2409 5790 2482 5856 II,

2303 5806 2373 5845 ω.
2409 5790 2482 5856 ΙΙ,
2561 5831 2573 5843 .
2607 5789 2694 5843 47.
2726 5787 2862 5844 Var.
2891 5786 3047 5854 lect.,
3079 5803 3139 5860 p,
3167 5786 3258 5840 55.

2303 5862 2372 5934 (c)
2402 5862 2476 5920 De
2496 5806 2673 5920 (geret
2701 5876 2824 5933 syn.
2855 5860 2999 5932 Nic.,
3032 5867 3086 5931 p.
3121 5857 3245 5916 403.

2325 5877 2372 5920 0)
2402 5877 2476 5920 ue
2496 5877 2590 5920 aee

2593 5864 2673 5919 ret
2701 5876 2824 5933 syn.
2855 5860 2999 5932 Nic.,
3032 5857 3098 5931 p.‘
3121 5857 3245 5916 403.
