4146 6400
283 494 437 552 CLXX

1659 488 2276 557 PROLEGOMENA.

282 621 366 680 ait
393 623 585 697 primo
615 622 1078 684 Felckmannum
1101 627 1267 686 fateri
1293 628 1368 703 (α)
1388 626 1449 685 in
1481 627 1756 686 omnibus
1777 629 1929 685 codi-
1958 629 2012 695 Α
2043 643 2172 684 esse
2205 627 2391 697 putat,
2420 622 2685 698 efﬁngit;
2718 620 2889 697 quale
2919 626 3008 681 est
3035 620 3203 681 illud.
3236 621 3383 683 Unde
3404 622 3690 682 Parisien-

281 713 472 786 cibus,
505 732 624 772 uno
656 721 893 789 excepto
924 717 1254 785 Basiliensi,
1278 720 1483 776 adesse
1511 719 1819 775 lectionem
1837 716 1932 772 ὐπ-

282 801 452 876 ἑταξε,
487 806 888 879 majoremque
918 807 1186 864 codicum
1209 825 1522 865 numerum
1553 808 1706 864 hanc
1732 808 1929 864 lectio-

280 909 417 949 nem
448 894 736 966 praeferre,
771 912 887 952 non
921 901 1189 953 accurate
1220 897 1775 969 dictum,siquidem
1805 897 1931 952 Fel-

279 984 610 1039 ckmannus
640 984 789 1040 duos
818 983 1013 1041 solum
1044 985 1115 1041 de
1146 987 1397 1043 decretis
1426 986 1678 1043 Nicaanis
1728 987 1933 1042 adesse

278 1071 393 1127 sibi
431 1072 657 1129 codices
677 1073 1063 1143 testiﬁcatur;
1110 1075 1392 1131 nimirum
1437 1076 1820 1132 Basiliensem
1876 1079 1934 1131 et

275 1175 412 1216 eum
443 1176 616 1233 quem
648 1179 727 1219 νη
758 1167 940 1219 notat.
973 1164 1210 1220 Primus
1268 1169 1488 1232 autem,
1551 1164 1772 1221 scilicet
1824 1165 1931 1220 Ba-

276 1247 554 1316 siliensis,
585 1251 852 1307 omnium
883 1253 1340 1324 antiquissimus
1382 1258 1438 1309 et
1495 1254 1777 1327 Optimus,
1836 1252 1932 1307 ὐπ-

276 1336 433 1408 ἑταξα
462 1338 661 1406 habet,
692 1340 787 1395 cui
819 1341 1001 1397 addas
1027 1342 1269 1414 Regium
1294 1343 1505 1398 decimi
1527 1343 1723 1399 saeculi
1746 1360 1932 1400 exem-

273 1427 404 1500 plar
432 1428 679 1502 egregiae
708 1434 882 1486 notae.
910 1432 1054 1487 Cum
1086 1448 1223 1503 ergo
1256 1432 1370 1487 duo
1402 1433 1787 1505 manuscripti
1831 1450 1929 1488 co-

277 1517 458 1586 dices,
496 1517 653 1589 iique
678 1520 1114 1591 prmstantiores
1145 1524 1204 1576 et
1232 1521 1613 1593 antiquiores,
1665 1526 1929 1577 nostram

277 1605 592 1663 lectionem
625 1608 956 1680 praeferant,
989 1626 1261 1681 unusque
1290 1614 1520 1666 tantum
1579 1614 1636 1666 et
1692 1612 1929 1683 quidem

277 1695 573 1752 inferioris
604 1701 754 1752 notae
786 1701 843 1753 et
872 1698 943 1753 ad
978 1697 1315 1754 Basiliensis
1340 1700 1516 1755 ﬁdem
1576 1700 1927 1772 descriptus,

212 1852 218 1860 δ
276 1790 345 1841 ut
368 1785 451 1841 ait
482 1784 911 1842 Felckmannus
943 1786 1001 1841 in
1032 1787 1189 1843 notis
1230 1806 1286 1860 p.
1334 1789 1425 1857 55,
1481 1805 1652 1845 secus
1695 1788 1927 1857 habeat,

278 1889 385 1929 cur
413 1873 583 1930 nobis
613 1873 1037 1947 exemplarium
1071 1876 1379 1948 penuriam
1400 1881 1677 1948 perpetuo
1717 1878 1929 1934 decan-

277 1962 410 2019 tat?
440 1962 589 2021 Nam
611 1963 763 2034 quod
784 1963 863 2018 ait
888 1962 1120 2031 ille,nec
1139 1964 1602 2021 Felckmannum
1629 1966 1931 2022 monuisse

278 2053 451 2124 cujus
477 2051 782 2109 vetustatis
811 2056 967 2109 esset
996 2052 1337 2110 Basiliensis
1368 2055 1567 2126 codex,
1599 2071 1705 2111 nec
1736 2072 1842 2111 nos
1861 2056 1931 2111 de

279 2140 630 2213 antiquitate
660 2140 878 2197 codicis
905 2141 1069 2215 Regii
1091 2142 1311 2199 dixisse
1342 2143 1668 2216 quidpiam,
1692 2144 1932 2216 perinde

278 2228 519 2300 falsum,
541 2233 597 2286 et
618 2247 691 2286 ne
712 2229 1099 2297 dicam,malaa
1120 2231 1533 2300 fidei,summae
1554 2231 1764 2288 saltem
1787 2232 1933 2288 osci-

277 2320 478 2376 tantiae
508 2322 633 2376 est:
662 2336 802 2375 nam
832 2319 892 2375 in
919 2321 1262 2376 Pr‘aelalione
1295 2321 1366 2377 ad
1398 2320 1711 2378 editionem
1760 2322 1931 2377 Com-

281 2408 786 2477 melinianam,cui
820 2414 989 2464 notas
1020 2425 1159 2465 suas
1183 2411 1488 2482 subjunxit
1503 2411 1934 2467 Felckmannus

280 2497 404 2554 haec
434 2497 767 2556 habentur:
828 2499 1053 2553 Primus
1108 2500 1277 2554 codex
1330 2501 1482 2571 isque
1536 2502 1934 2556 vetustissimus

284 2586 535 2659 (ideoque
564 2586 705 2642 lectu
721 2586 1099 2659 perdifﬁcilis)
1129 2589 1385 2659 optimus,
1418 2591 1469 2643 et
1497 2590 1598 2659 qui
1615 2590 1783 2660 plura
1834 2606 1934 2646 re-

285 2676 454 2749 liquis
474 2676 726 2731 omnibus
755 2675 935 2743 habet,
959 2684 1037 2732 est
1090 2676 1393 2735 academica?
1431 2678 1827 2735 Basiliensis...
1878 2683 1937 2735 et

283 2769 509 2838 postea,
533 2766 597 2821 in
625 2765 928 2837 exemplari
953 2766 1273 2833 Basiliensi,
1290 2766 1429 2838 quod
1447 2769 1662 2824 caeteris
1685 2768 1937 2823 omnibus

286 2854 415 2923 iure
436 2855 809 2925 pra/erimus,
844 2856 952 2910 etc.
988 2853 1069 2909 De
1100 2854 1277 2927 Regio
1309 2858 1505 2911 autem
1536 2856 1732 2913 codice
1789 2856 1936 2913 dixi-

291 2958 428 2999 mus
450 2959 558 2998 nos
575 2943 632 2998 in
655 2941 1000 2999 Praefatione
1025 2959 1039 2998 :
1072 2944 1372 3000 Basiliensi
1398 2946 1577 3001 codici
1596 2945 1743 3002 haud
1790 2948 1939 3003 mul-

291 3035 410 3087 tum
438 3031 727 3088 concedere
751 3039 984 3104 putatur
1030 3034 1249 3103 Regius,
1305 3050 1462 3089 num.
1510 3036 1672 3105 2280,
1731 3038 1938 3107 septin-

292 3124 583 3192 gentorum
611 3123 832 3178 circiter
854 3138 1148 3194 annorum,
1180 3125 1421 3192 egregia
1477 3132 1643 3192 notae,
1705 3130 1812 3181 etc.
1874 3130 1943 3182 Et

294 3213 500 3283 postea
529 3211 588 3266 in
611 3209 834 3283 syllabo
865 3210 1133 3267 codicum
1168 3211 1424 3268 diximus
1455 3230 1562 3268 nos
1593 3215 1797 3270 eodem
1847 3232 1942 3271 co-

2039 733 2121 773 ses
2144 716 2376 772 editores
2404 731 2551 770 anno
2584 714 2745 782 1627,
2778 715 3025 787 quamvis
3056 716 3117 768 in
3138 716 3352 772 caeteris
3396 714 3693 772 editionem

2042 805 2535 863 Commelinianam
2561 819 2746 876 presso
2762 803 2901 876 pede
2925 805 3317 877 sequebantur,
3344 805 3487 860 hanc
3510 807 3694 859 tamen

2039 896 2325 967 epistolam
2351 895 2726 949 excluserunt.
2782 896 2854 947 At
2912 909 3111 949 secum
3171 897 3440 965 reputare
3490 894 3694 950 debuit

2040 984 2361 1040 editionem
2383 982 2544 1037 illam
2568 981 2960 1038 Parisiensem
2983 981 3371 1038 omniumteri
3394 982 3692 1052 manibus,

2040 1090 2146 1129 nec
2180 1088 2352 1146 posse
2382 1071 2497 1128 tale
2524 1074 2925 1127 commentum
2956 1071 3200 1142 impune
3229 1071 3493 1144 proferri.
3553 1072 3694 1127 Edi-

2041 1167 2195 1218 tores
2226 1161 2443 1234 quippe
2467 1160 2698 1216 infinita
2718 1161 3141 1234 propemodum
3167 1160 3696 1232 immutarunt,ali-

2041 1252 2277 1325 quando
2309 1252 2476 1321 bene,
2509 1250 2845 1322 frequenter
2875 1266 3065 1317 secus,
3098 1249 3365 1306 ordinem
3387 1267 3503 1307 non
3561 1267 3694 1306 raro

2039 1341 2442 1397 inverterunt:
2476 1356 2594 1394 non
2626 1339 2798 1394 modo
2822 1338 3132 1411 epistolam
3165 1339 3417 1406 Eusebii,
3477 1340 3579 1396 sed
3638 1344 3695 1396 et

2041 1430 2157 1487 alia
2185 1428 2375 1485 multa
2395 1432 2870 1494 resecuerunl,ut
2900 1427 3363 1499 epist.minorem
3386 1428 3695 1486 Athanasii

2042 1519 2114 1574 ad
2146 1516 2487 1583 monachos,
2512 1516 2705 1571 varias
2736 1516 3016 1571 lectiones
3046 1533 3273 1585 omnes,
3306 1522 3442 1587 etc.,
3476 1521 3544 1573 ut
3570 1517 3692 1591 ple-

2040 1607 2208 1679 rique
2237 1604 2541 1676 conquesti
2568 1608 2744 1673 sunt;
2780 1604 2970 1660 multa
2998 1604 3201 1677 spuria
3227 1611 3513 1679 tanquam
3565 1623 3694 1679 ger-

2042 1711 2221 1751 mana
2241 1694 2616 1764 adjecerunt:
2644 1710 2789 1749 num
2823 1693 3015 1749 dicere
3045 1698 3248 1765 postea
3276 1695 3460 1763 ausis,
3510 1696 3696 1751 edito-

2042 1800 2135 1841 res
2169 1782 2528 1840 Parisienses
2558 1782 2693 1838 edit.
2730 1781 3254 1839 Commelinianam
3301 1800 3501 1857 presso
3551 1786 3697 1858 pede

2042 1877 2275 1929 secutos
2297 1871 2469 1928 esse?
2500 1871 2701 1942 Itaque
2721 1871 2811 1925 vir
2840 1871 3106 1928 eruditus
3138 1872 3341 1929 isthaac
3365 1874 3552 1929 obiter
3572 1890 3698 1946 per-

2040 1960 2329 2029 tractavit,
2363 1960 2463 2032 qui
2495 1976 2600 2015 nec
2632 1976 2758 2032 quas
2817 1959 3066 2032 legenda
3110 1965 3277 2017 erant
3320 1961 3547 2035 legerit,
3591 1979 3697 2018 nec

2040 2051 2113 2107 iis
2135 2067 2263 2123 quas
2292 2049 2435 2123 legit
2455 2048 2599 2105 satis
2629 2048 2980 2117 attenderit;
3028 2048 3087 2105 id
3118 2054 3314 2107 autem
3371 2055 3570 2125 aperte
3627 2052 3697 2109 1i-

2041 2143 2201 2212 quet,
2233 2139 2294 2195 in
2324 2155 2393 2194 ea
2413 2154 2593 2211 quam
2624 2155 2694 2194 ex
2723 2137 2952 2194 Nannio
3011 2137 3211 2195 attulit
3256 2138 3393 2213 loci,
3450 2158 3566 2214 quo
3624 2144 3697 2199 de

2042 2229 2260 2301 agitur,
2303 2226 2821 2301 interpretatione:
2878 2226 3000 2283 haec
3051 2231 3247 2284 Graeca
3304 2230 3479 2287 verba
3535 2236 3693 2303 sunt,

2044 2322 2145 2371 Καῖ
2163 2321 2323 2371 τοῦτο
2359 2313 2473 2371 οἶδε
2500 2317 2591 2371 καὶ
2624 2316 2897 2384 Ἀκάκιος,
2952 2314 3010 2371 ἃν
3062 2317 3137 2391 μὴ
3188 2318 3278 2371 καὶ
3324 2316 3485 2381 αὐτὸς
3526 2314 3699 2398 φοϐη-

2042 2406 2152 2468 θεὶς
2199 2411 2289 2461 νῦν
2343 2403 2432 2460 διὰ
2482 2406 2571 2460 τὸν
2620 2405 2830 2480 καιρὸν,
2882 2404 3240 2482 ὑποκρίνηται
3270 2408 3361 2461 καὶ
3394 2409 3696 2483 ἀρνήσηται

2041 2496 2141 2564 τὴν
2176 2491 2455 2564 ἀλήθειαν.
2489 2494 2709 2565 Ὑπὲταξ
2777 2499 2907 2569 γοῦν
2938 2496 3109 2568 (alius
3140 2498 3316 2554 codex
3344 2498 3587 2573 ὑπέταξε)
3644 2497 3695 2554 ἐν
3769 2487 3779 2496 ’

2043 2588 2123 2656 τῷ
2151 2582 2297 2639 τέλει
2326 2585 2427 2653 τήν
2459 2581 2753 2652 ἐπιστολὴν
2782 2579 3065 2655 Εὐσεϐίου,
3093 2582 3186 2638 ἵνα
3218 2584 3278 2640 ἐκ
3303 2585 3507 2656 ταύτης
3552 2592 3696 2663 γνῷς

2043 2678 2151 2730 τῶν
2201 2694 2259 2727 τε
2304 2673 2727 2750 χόιστομάχων,
2775 2673 2864 2727 καὶ
2903 2674 3040 2728 κατὰ
3087 2675 3334 2751 περιττὸν
3392 2678 3492 2746 τὴν
3538 2678 3699 2734 Ἀκα-

2045 2763 2188 2833 κίου,
2239 2763 2376 2837 πρὸς
2422 2760 2549 2824 τοὺς
2602 2762 2801 2816 ἑαυτῶν
2862 2758 3222 2826 διδασκάλους
3276 2765 3697 2840 ἀγνωμοσύνην,

2049 2869 2300 2926 quorum
2332 2868 2542 2907 sensus
2568 2851 2725 2907 haud
2758 2850 2933 2906 dubie
2958 2851 3056 2907 hic
3085 2856 3210 2908 est:
3248 2854 3399 2922 Quod
3425 2872 3558 2912 sane
3590 2874 3703 2913 non

2049 2945 2269 3015 ignorat
2296 2942 2524 2997 Aeacius
2552 2938 2632 3010 (id
2666 2942 2775 3005 est,
2805 2939 3124 2995 Eusebium
3168 2940 3229 2995 in
3286 2942 3535 3014 epistola
3593 2962 3701 3001 sua

2051 3032 2123 3087 ad
2155 3029 2541 3088 Caesarienses
2570 3026 2632 3081 τὸ
2658 3025 2955 3099 ὁμοούσιον
2991 3028 3345 3103 admisisse),
3376 3033 3491 3087 nisi
3510 3037 3561 3088 et
3588 3034 3705 3105 ipse

2050 3136 2202 3177 nunc
2220 3120 2513 3191 praesentis
2559 3119 2816 3189 temporis
2872 3117 3063 3189 causa)
3120 3120 3330 3188 factum
3374 3136 3498 3193 pm
3553 3130 3705 3178 metu
3778 3142 3783 3147 ·

2051 3209 2378 3274 dissimulet,
2408 3210 2801 3279 veritatemque
2828 3210 3003 3277 neget.
3063 3210 3250 3279 Itaque
3307 3209 3367 3264 in
3410 3210 3520 3281 ﬁne
3573 3212 3702 3266 sub-

297 3298 424 3355 dice
452 3299 629 3374 Regio
649 3301 812 3369 2284,
848 3300 920 3356 ad
949 3298 1259 3373 epistolam
1280 3301 1352 3356 de
1389 3301 1637 3358 Nicaenis
1694 3304 1944 3361 decretis
2000 3373 2003 3374 ν
2047 3301 2161 3373 jeci
2187 3299 2413 3355 Eusebii
2440 3296 2749 3370 epistolam,
2782 3299 2845 3351 ut
2874 3295 3086 3353 Christi
3121 3298 3373 3367 hostium,
3433 3316 3498 3355 ac
3548 3314 3705 3371 prae-

296 3404 439 3444 usos
462 3404 611 3457 esse,
646 3388 776 3444 init.
801 3393 845 3444 t.
873 3388 917 3443 Ι.
952 3392 1159 3460 Itaque
1185 3405 1253 3444 ex
1273 3389 1645 3447 Felckmanni
1679 3397 1736 3448 et
1755 3409 1824 3449 ex
1845 3410 1946 3450 no-
1980 3373 2023 3442 (ἶ
2056 3391 2216 3462 cipue
2242 3388 2432 3445 Acacii
2461 3388 2521 3443 in
2550 3402 2671 3442 suos
2700 3387 2990 3457 magistros
3015 3387 3309 3459 perﬁdiam
3341 3389 3478 3457 (sive
3506 3391 3704 3463 ingra-

298 3481 425 3533 stra
442 3482 605 3550 parte
657 3480 816 3533 stant
852 3477 970 3532 duo
990 3477 1373 3534 vetustissimi
1393 3480 1659 3536 omnium
1677 3483 1907 3540 codices
1932 3501 1946 3552 ;

301 3581 372 3621 ex
403 3565 585 3622 altera
614 3566 730 3622 duo
762 3565 924 3634 item,
951 3566 1052 3621 sed
1075 3565 1245 3640 longe
1267 3569 1619 3626 recentiores
1641 3574 1697 3626 et
1720 3572 1950 3628 inferio-

302 3654 387 3711 ris
415 3660 585 3711 notaa.
620 3655 689 3710 Et
718 3654 954 3710 aliunde
984 3653 1154 3711 lectio
1198 3654 1431 3727 ὐπέταξα
1486 3658 1568 3715 ita
1623 3658 1751 3716 loco
1810 3678 1948 3718 con-

300 3757 521 3815 gruens
552 3746 662 3811 est,
689 3746 755 3798 ut
783 3741 833 3798 si
863 3740 1087 3813 ὐπὲταξε
1116 3744 1295 3818 legas,
1345 3751 1540 3819 aptam
1599 3750 1948 3807 sententiam

297 3830 520 3887 frustra
551 3847 799 3903 quaaras,
832 3835 898 3886 ut
925 3831 1172 3889 inferius
1200 3834 1357 3891 clare
1378 3836 1946 3909 comprobatur.Non

295 3919 491 3976 verius
512 3918 773 3992 loquitur
803 3936 937 3976 cum
969 3922 1069 3988 ait,
1091 3921 1554 3980 Felckmannum
1591 3942 1791 3983 vocem
1848 3925 1947 3981 ὐπ-

296 4006 448 4079 ἐταξε
477 4008 538 4064 in
568 4006 800 4078 ὑπέταξα
822 4014 1184 4067 commutare
1206 4030 1321 4069 non
1364 4030 1576 4070 ausum
1608 4032 1737 4072 esse
1758 4034 1776 4071 :
1809 4034 1947 4073 nam

291 4097 424 4155 ideo
442 4114 561 4153 non
575 4099 1073 4172 emendavit,quia
1096 4099 1332 4173 lapsum
1353 4118 1475 4159 sero
1491 4104 1665 4159 nimis
1684 4106 1947 4162 animad-

289 4184 500 4243 vertit:
542 4191 600 4243 et
627 4187 1011 4260 incogitantia
1065 4189 1205 4244 item
1264 4192 1527 4248 evenisse
1573 4193 1943 4265 testiﬁcatur,

289 4276 446 4347 quod
476 4274 724 4348 epistola
753 4277 990 4333 Eusebii
1021 4278 1079 4332 in
1112 4281 1369 4336 secundo
1400 4284 1559 4337 torno
1600 4299 1765 4352 cusa,
1821 4285 1945 4355 epi-

289 4364 451 4420 stolae
483 4365 555 4421 de
584 4365 834 4422 decretis
863 4365 1112 4423 Nicaenis
1138 4369 1454 4440 subjuncta
1481 4388 1597 4427 non
1629 4372 1944 4429 fuerit.Do-

285 4453 445 4510 lebat
470 4455 690 4527 quippe
717 4471 914 4511 veram
946 4455 1255 4513 lectionem
1284 4475 1399 4514 non
1430 4459 1785 4530 restitutam,
1837 4478 1944 4518 nec

288 4542 595 4615 epistolam
620 4543 679 4598 in
695 4545 831 4601 sede
843 4545 1140 4618 propriam
1160 4545 1410 4603 locatam
1436 4548 1711 4616 fuisse,ut
1726 4566 1795 4606 ex
1816 4552 1944 4622 ejus

285 4632 479 4689 verbis
511 4632 797 4705 arguitur.
830 4634 1059 4691 Etenim
1102 4637 1355 4692 secundo
1415 4641 1573 4694 tomo
1626 4639 1942 4696 Commeli-

2058 3488 2174 3537 tum
2194 3478 2467 3550 animum)
2483 3494 2553 3533 ex
2575 3491 2643 3531 ea
2663 3475 2873 3548 liquido
2895 3491 3197 3546 cognoscas.
3220 3476 3511 3533 Nimirum
3532 3478 3710 3534 Atha-

2058 3569 2263 3626 nasius
2276 3567 2371 3623 hic
2383 3566 2659 3623 Acacium
2675 3564 2991 3622 etArianos
3004 3564 3260 3637 perﬁdiae
3273 3566 3555 3641 etingrati
3579 3568 3705 3623 a—ni-

2069 3658 2154 3714 mi
2184 3655 2584 3727 accusat,quia
2612 3652 2674 3707 τὸ
2707 3651 3022 3725 όμοούσιον,
3057 3655 3213 3725 quod
3239 3654 3300 3709 in
3330 3655 3578 3727 epistola
3605 3672 3716 3712 sua

2058 3746 2346 3803 Eusebius
2366 3743 2739 3800 Casariensis
2765 3742 3031 3815 ipsorum
3068 3742 3350 3815 magister
3402 3745 3709 3801 confessus

2058 3839 2202 3903 erat,
2232 3834 2343 3906 ipsi
2374 3836 2656 3905 negarent
2686 3836 2745 3887 et
2765 3830 3221 3903 impugnarent;
3254 3835 3436 3904 utque
3485 3850 3579 3890 res
3634 3835 3709 3890 ad

2058 3926 2207 3995 ejus,
2241 3924 2335 3979 cui
2363 3922 2592 3978 litteras
2619 3920 2816 3988 mittit,
2843 3919 3015 3975 amici
3034 3920 3302 3977 notitiam
3322 3922 3708 3992 veniat,illam

2059 4032 2122 4073 se
2150 4013 2390 4071 Eusebii
2421 4013 2729 4086 epistolam
2761 4013 2822 4068 in
2854 4013 2969 4068 ﬁne
3001 4013 3403 4069 subnexurum
3428 4013 3525 4068 ait.
3559 4015 3707 4071 Con-

2058 4108 2154 4161 tra
2180 4121 2317 4161 vero
2350 4103 2400 4159 si
2433 4100 2653 4171 ὑπέταξε
2682 4101 2911 4174 legeris,
2956 4106 3017 4157 et
3072 4103 3143 4159 ab
3200 4103 3406 4159 Acacio
3459 4103 3707 4175 subjun-

2057 4198 2209 4250 ctam
2236 4192 2545 4266 epistolam
2562 4191 2799 4262 dixeris,
2815 4196 3012 4264 aptam
3032 4192 3385 4248 sententiam
3400 4208 3705 4265 nunquam

2054 4282 2275 4339 efﬁcias
2304 4300 2317 4337 :
2353 4298 2489 4336 nam
2520 4281 2614 4336 cui
2645 4281 2804 4353 operi
2827 4280 2978 4336 hanc
3018 4282 3389 4352 subjunxerit
3433 4282 3703 4352 Aeacius,

2056 4371 2334 4444 nuspiam
2366 4369 2638 4425 meminit
2665 4370 3061 4437 Athanasius;
3093 4370 3214 4426 imo
3246 4387 3350 4427 nec
3378 4371 3707 4443 Acacii,neo

2054 4461 2248 4533 operis
2271 4458 2600 4532 cujuspiam
2628 4460 2703 4515 ab
2734 4476 2800 4515 eo
2830 4459 2995 4529 editi,
3017 4476 3281 4532 unquam
3310 4464 3481 4517 antea
3504 4458 3564 4514 in
3596 4460 3706 4515 hac

2053 4548 2301 4622 epistola
2323 4549 2499 4604 verba
2529 4549 2682 4604 fecit.
2715 4550 2784 4604 Et
2834 4565 3074 4620 prorsus
3132 4545 3554 4623 ἀπροσδιόνυσον
3614 4553 3706 4606 est

2053 4640 2246 4695 dicere
2275 4638 2552 4694 Acacium
2575 4637 2703 4693 ideo
2744 4637 2907 4693 illam
2950 4637 3259 4710 epistolam
3301 4638 3703 4711 subjunxisse,

286 4720 474 4777 nianaa
506 4721 779 4812 editionis
808 4722 931 4779 haec
962 4728 1127 4780 notat
1156 4724 1588 4783 Felckmannus
1633 4732 1767 4785 ante
1814 4730 1935 4802 epi-
1969 4748 2017 4812 D
2049 4734 2117 4783 ut
2147 4727 2245 4783 ille
2267 4727 2493 4784 amicus
2524 4726 2852 4798 Athanasii,
2877 4726 2971 4783 cui
2989 4727 3298 4799 epistolam
3348 4729 3547 4794 mittit,
3608 4745 3703 4785 co-

285 4809 496 4866 stolam
526 4810 762 4867 Eusebii
792 4811 866 4867 ad
897 4813 1306 4881 Caesarienses,
1365 4832 1421 4887 p.
1485 4817 1591 4870 47:
1655 4817 1939 4889 Sequentis

282 4899 532 4971 epistolae
559 4915 683 4955 cum
706 4915 851 4972 saepe
896 4901 1234 4957 Athanasius
1288 4905 1639 4960 mentionem
1665 4905 1934 4977 faciat....

280 4992 351 5045 Et
379 5004 504 5044 vero
533 4989 704 5044 etiam
738 4989 837 5043 lib.
870 4994 950 5045 De
981 4991 1231 5047 decretis
1254 4991 1507 5049 Nicaenis
1532 4993 1679 5050 dicat
1700 5012 1759 5050 se
1814 5012 1938 5051 eam

280 5076 374 5134 illi
399 5078 551 5149 operi
574 5077 997 5149 subjuncturum
1028 5078 1131 5150 (ita
1152 5080 1299 5135 enim
1329 5084 1510 5137 textus
1540 5084 1623 5138 ibi
1679 5084 1938 5156 legendus

278 5166 403 5238 est),
436 5165 896 5239 quemadmodum
925 5169 1092 5223 etiam
1122 5169 1325 5225 in'cod.
1359 5187 1461 5225 ms.
1507 5170 1689 5229 Graeco
1743 5174 1937 5229 Acade-

229 5307 231 5309 ,
278 5256 414 5312 mia:
442 5256 768 5312 Basiliensis
791 5261 912 5329 post
940 5257 998 5312 id
1025 5259 1203 5329 posita
1233 5262 1352 5314 est:
1410 5260 1611 5316 idcirco
1662 5277 1785 5317 eam
1840 5262 1937 5319 hoc

285 5343 402 5400 loco
426 5348 545 5416 post
574 5346 863 5401 Athanasii
889 5348 1142 5417 epistolas
1172 5350 1439 5420 subjicere
1468 5351 1740 5405 voluimus
1798 5352 1937 5408 bona

283 5431 393 5503 ﬁde
419 5448 489 5488 ea:
516 5433 656 5489 dicto
685 5451 789 5490 ms.
822 5436 973 5491 Basil
1001 5438 1352 5509 descriptam,
1385 5456 1509 5495 cum
1543 5456 1606 5495 ea
1664 5457 1782 5497 sero
1838 5445 1933 5497 ni-

282 5522 391 5576 mis
421 5521 807 5579 animadversa
836 5539 933 5580 suo
964 5525 1078 5581 loco
1108 5529 1305 5598 reponi
1310 5528 1435 5599 jam
1458 5543 1565 5583 non
1593 5531 1789 5600 posset.
1841 5528 1934 5585 Sic

282 5626 491 5667 censor
517 5609 614 5667 ille
643 5627 738 5667 res
767 5628 883 5668 non
916 5614 1001 5669 uti
1033 5631 1096 5670 se
1117 5614 1359 5687 habent,
1392 5617 1494 5673 sed
1517 5618 1603 5673 uti
1636 5634 1745 5675 sua
1763 5618 1937 5676 inter-

351 5823 430 5899 (α)
458 5822 526 5881 ν.
557 5823 697 5883 edit.
735 5823 992 5884 Felckm.
1024 5830 1172 5886 tom.
1202 5828 1274 5885 II.

2047 4821 2356 4890 gnosceret
2377 4817 2723 4872 Arianorum
2750 4820 2805 4871 et
2826 4816 3015 4888 ipsius
3032 4817 3226 4872 Acacii
3274 4817 3605 4889 perﬁdiam.
3637 4819 3709 4875 Et

2046 4911 2245 4962 tamen
2266 4905 2387 4960 haec
2407 4908 2495 4959 est
2514 4903 2627 4959 loci
2654 4905 2963 4973 sententia,
2986 4903 3038 4960 si
3060 4909 3175 4961 stet
3211 4904 3381 4961 lectio
3438 4909 3701 4963 veterum

2045 4994 2362 5062 editorum,
2430 4991 2808 5066 Ὑτπὲαξεγοῦν
2861 4990 2912 5046 ἐν
2962 4996 3040 5063 τῷ
3086 4989 3233 5047 τέλει
3269 4993 3370 5062 τήν
3404 4990 3699 5063 ἐπιστολὴν

2046 5077 2329 5151 Euctemon,
2357 5078 2449 5135 ’ἱνα
2478 5080 2537 5135 ἐκ
2579 5080 2783 5151 ταύτης
2832 5085 2975 5156 γνῷς
3020 5085 3128 5136 τῶν
3181 5103 3240 5137 τε
3293 5083 3692 5158 χριστομάχων

2044 5171 2133 5226 καὶ
2190 5172 2327 5226 κατὰ
2370 5171 2620 5248 περιττὸν
2672 5172 2772 5240 τὴν
2817 5169 3070 5227 Ἀκακίου
3128 5172 3265 5248 πρὸς
3312 5170 3443 5234 τοὺς
3491 5172 3693 5227 ἑαυτῶν

2045 5258 2407 5323 διδασκάλους
2438 5258 2853 5336 ἀγνωμοσύνην.
2888 5262 3274 5329 Quamobrem
3310 5262 3578 5321 Nannius
3625 5281 3693 5319 ex

2042 5351 2252 5408 vitiata
2281 5350 2528 5407 lectione
2568 5349 2645 5409 εἰς
2705 5348 3019 5426 ἀμηχανίαν
3080 5356 3267 5419 actus,
3328 5368 3461 5408 eam
3520 5370 3699 5426 quam

2045 5458 2229 5514 supra
2258 5440 2566 5496 attulimus
2596 5439 2782 5496 edidit
2808 5440 3136 5497 versionem
3164 5458 3175 5497 :
3212 5442 3370 5498 Certe
3414 5444 3463 5498 is
3494 5445 3551 5499 in
3583 5446 3702 5515 fine

2040 5531 2332 5603 subjunxit
2366 5530 2658 5599 epistolam
2716 5529 2961 5587 Eusebii.
3020 5530 3155 5594 Quae
3215 5536 3356 5588 sunt
3408 5529 3698 5600 ἀσύστατα,

2045 5635 2183 5676 nam
2216 5636 2407 5693 neque
2435 5617 2800 5676 Athanasius
2816 5619 3092 5676 Acacium
3107 5623 3411 5691 antea,nec
3435 5636 3700 5695 unquam
