4146 6374
1311 430 1415 496 DE
1459 430 1649 499 VITA
1691 430 1790 493 ΕΤ
1836 426 2188 493 SCRIPTIS
2233 429 2299 494 S.
2342 426 2786 495 ATHANASII.

3566 434 3745 507 CLXXI

334 574 479 639 Opus
509 564 810 638 quoddam
842 564 1001 623 illius
1030 564 1325 639 indicavit,
1376 568 1470 625 cui
1518 565 1830 640 epistolam
1859 566 1980 620 Eu-
2008 566 2063 631 Α
2095 568 2279 620 tatem.
2316 564 2590 637 Subjunasi
2610 567 2786 635 igitur
2814 566 2874 620 in
2926 561 3032 623 ﬁne
3074 561 3359 637 epistolam
3404 562 3649 633 Eusebii,
3680 563 3744 620 ut
3818 578 3821 581 ·

330 655 472 711 sebii
506 656 890 729 subjungeret
913 675 925 725 ;
951 657 1237 729 particula
1265 662 1461 713 autem
1493 661 1621 731 γοῦν
1655 658 1749 713 hic
1781 661 1977 729 aperte

325 744 729 801 concludentis
760 750 867 813 est,
902 751 958 801 et
988 749 1166 818 itaque
1212 748 1507 817 vertenda,
1562 752 1628 802 ut
1676 765 1744 803 ex
1773 747 1977 802 ordine

318 833 611 889 sermonis
640 834 861 889 videas.
897 836 1029 899 Quas
1061 838 1391 906 sequuntur
1423 840 1616 890 autem
1670 835 1729 889 in
1762 834 1973 890 Nannii

315 922 583 978 versione
614 922 752 978 vitio
782 923 1100 978 laborant:
1150 924 1297 981 Unde
1349 940 1436 979 eos
1483 928 1537 979 et
1587 925 1793 979 Christi
1836 942 1975 995 per-

319 1010 527 1067 duelles
558 1012 760 1084 videas,
793 1016 842 1067 et
868 1014 927 1067 in
954 1014 1158 1084 primis
1216 1015 1404 1069 Acacii
1450 1014 1710 1069 adversus
1763 1029 1976 1085 praece-

321 1104 502 1173 ptores
548 1117 671 1157 suos
718 1102 1077 1157 stoliditatem
1127 1103 1511 1174 deprehendas.
1572 1104 1717 1158 Nam
1768 1109 1834 1159 ut
1888 1104 1977 1159 vel

325 1190 694 1246 mediocriter
723 1192 907 1263 perito
940 1191 1233 1263 liquidum
1264 1197 1374 1263 est,
1426 1193 1509 1247 sic
1554 1192 1863 1265 legendum
1924 1196 1979 1248 et

322 1280 673 1341 vertendum,
700 1284 788 1335 est
822 1297 833 1333 :
864 1281 1055 1352 Itaque
1086 1283 1145 1335 in
1176 1280 1286 1350 ﬁne
1335 1282 1541 1353 subject
1591 1282 1809 1336 Eusebii
1862 1283 1977 1353 epi-

326 1369 542 1435 stolam,
601 1373 662 1423 ut
719 1369 922 1424 Christi
971 1371 1210 1425 hostium
1265 1386 1331 1425 ac
1389 1372 1661 1442 praecipue
1705 1371 1888 1424 Acacii
1917 1372 1978 1425 in

322 1473 446 1513 suos
479 1460 764 1529 magistros
784 1458 1073 1529 perﬁdiam
1097 1460 1213 1531 (seu
1289 1462 1569 1530 ingratum
1593 1460 1862 1529 animum)
1911 1458 1979 1514 ea:

323 1563 387 1603 ea
421 1546 632 1619 liquido
663 1548 1044 1616 coynoscasEt
1073 1565 1215 1603 sane
1241 1565 1374 1603 cum
1410 1550 1526 1603 duo
1576 1548 1975 1619 antiquissimi

324 1639 587 1692 omnium
624 1637 852 1692 codices
884 1638 942 1691 in
989 1638 1103 1692 ﬁne
1152 1637 1285 1692 libri
1342 1639 1417 1693 De
1461 1639 1708 1694 decretis
1738 1638 1978 1694 Nicaenis

321 1725 633 1800 epistolam
666 1724 897 1781 Eusebii
929 1727 1311 1797 subjunctam
1344 1727 1619 1793 habeant,
1649 1727 1787 1782 hinc
1818 1743 1976 1781 com-

322 1819 687 1872 monstratur
708 1816 780 1870 ab
803 1816 929 1886 ipso
952 1815 1273 1871 Athanasio
1289 1832 1419 1870 vere
1434 1816 1757 1871 subnexam
1772 1815 1972 1871 fuisse:

2085 671 2155 711 ea:
2180 670 2183 671 '
2207 661 2308 711 hac
2365 656 2579 711 abunde
2636 671 2944 726 cognoscas,
3005 659 3058 711 et
3111 655 3340 712 istorum
3396 656 3495 727 qui
3531 655 3742 712 Christo

2084 745 2370 812 rebellant,
2404 761 2469 799 ac
2517 745 2705 801 Acacii
2732 744 2991 800 adversus
3046 760 3173 800 suos
3224 745 3486 812 doctores,
3543 746 3741 818 ingra-

2085 832 2398 889 titudinem.
2435 833 2542 888 Ubi
2574 833 2735 889 vides
2768 834 3077 888 Erasmum
3130 831 3362 901 ὑπέταξα
3410 832 3644 905 legisse,
3678 835 3746 888 ut

2087 939 2293 978 omnes
2347 922 2571 993 antiqui
2621 922 2849 978 codices
2893 922 3130 989 habent,
3180 939 3247 978 ac
3298 922 3611 978 lectionem
3643 921 3743 975 ὑπ-

2087 1010 2235 1081 έταξε
2267 1029 2394 1084 quae
2428 1012 2482 1065 in
2515 1011 2637 1067 solo
2660 1010 3005 1067 Gobleriano
3036 1011 3234 1067 codice
3257 1012 3329 1066 ad
3371 1011 3548 1067 ﬁdem
3578 1010 3745 1067 Basi-

2087 1102 2290 1157 liensis
2314 1101 2626 1173 exscripto,
2660 1101 3233 1166 adest,amanuensis
3255 1102 3537 1157 mendum
3569 1116 3699 1158 esse
3724 1118 3737 1156 :

2087 1208 2224 1247 nam
2256 1190 2598 1246 Basiliensis
2629 1194 2686 1245 et
2718 1189 2954 1261 Regius,
2979 1194 3041 1244 ut
3067 1190 3343 1259 diximus,
3384 1188 3614 1259 ὑπέταξα
3642 1190 3746 1247 ha-

2085 1281 2242 1337 bent.
2295 1280 2424 1335 Haec
2473 1296 2643 1351 porro
2698 1278 2927 1334 Erasmi
2974 1279 3167 1335 versio
3217 1295 3361 1335 cusa
3408 1284 3497 1335 est
3526 1282 3585 1335 in
3618 1279 3739 1335 edi-

2087 1370 2245 1425 tione
2275 1370 2477 1424 Latina
2506 1368 2815 1424 Athanasii
2845 1368 3221 1441 Lugdunensi
3253 1385 3348 1425 an.
3403 1369 3580 1438 i552;
3612 1368 3744 1425 vide

2089 1459 2187 1515 fol.
2221 1459 2348 1513 253.

2542 1547 3096 1605 ANIMADVERSIO
3133 1547 3285 1603 XIII.

2090 1640 2202 1707 Quo
2253 1654 2400 1694 anno
2465 1638 2705 1709 synodus
2768 1637 3155 1693 Alexandrina
3217 1637 3491 1693 celebrata
3548 1639 3743 1709 fuerit,

2693 1725 2767 1764 an
2792 1709 2899 1764 339
2930 1726 3004 1764 an
3030 1709 3137 1764 340

2159 1818 2305 1882 Quia
2336 1834 2450 1873 non
2480 1817 2563 1873 ita
2594 1816 2839 1873 feliciter
2863 1815 3158 1872 calculum
3186 1815 3383 1889 posuit
3421 1815 3740 1872 Tillemon-

322 1921 631 1977 nunquam
654 1903 812 1959 enim
845 1903 1157 1975 cogitasset
1188 1904 1569 1959 amanuensis
1618 1906 1808 1976 ipsam
1840 1905 1976 1960 huic
2010 1940 2058 2005 B
2088 1907 2207 1962 tius
2239 1907 2337 1979 (a),
2372 1908 2513 1961 dum
2574 1904 2881 1978 epistolam
2930 1905 3071 1961 Julii
3119 1921 3281 1978 papae
3315 1904 3652 1977 synodicam
3685 1906 3747 1961 in

326 1994 485 2067 operi
518 1993 979 2049 subnectendam
1011 1992 1335 2064 exquirere,
1395 1994 1444 2049 si
1498 2010 1613 2050 non
1668 1993 1973 2050 adfuisset.

324 2084 472 2139 Nam
515 2082 670 2154 quod
712 2080 862 2136 alius
916 2082 1256 2154 posterioris
1311 2083 1412 2137 aevi
1462 2086 1518 2137 et
1563 2082 1780 2137 inﬁmae
1830 2086 1977 2137 notae

327 2172 506 2228 codex
538 2172 727 2243 ipsam
768 2187 884 2226 non
918 2171 1310 2238 circumferat,
1362 2170 1509 2226 nihil
1542 2172 1759 2226 mirum
1796 2190 1807 2226 :
1843 2171 1981 2243 quia

326 2267 389 2317 ut
416 2277 671 2332 persaepe
694 2260 755 2314 in
784 2259 1088 2315 Athanasii
1117 2260 1270 2315 edito
1294 2260 1981 2329 monuimus,amanuen-

327 2366 584 2417 ses,cum
615 2348 842 2404 levandi
875 2348 1245 2413 laboris,tum
1277 2354 1537 2420 quaestus
1561 2366 1756 2418 causa,
1792 2350 1981 2404 multa

328 2438 505 2494 etiam
563 2439 890 2495 necessaria
943 2439 1487 2509 praetermittebant,
1547 2442 1612 2493 ut
1669 2440 1862 2510 majus
1912 2455 1978 2493 ex

330 2544 507 2601 opera
536 2527 585 2583 ei
618 2527 811 2582 labore
844 2544 951 2582 suo
985 2527 1215 2581 lucrum
1266 2528 1583 2583 accederet.
1641 2528 1772 2583 Haec
1832 2528 1979 2583 satis

330 2633 623 2689 superque
649 2620 842 2671 sunto.
868 2616 1171 2687 Siquidem
1194 2616 1425 2671 etiarnsi
1459 2617 1764 2689 epistolam
1798 2618 1979 2672 Euse-

329 2707 408 2763 bii
441 2724 556 2762 non
589 2706 995 2777 subjunxisset
1043 2705 1421 2773 Athanasius,
1479 2706 1633 2777 quod
1664 2711 1860 2761 tamen
1894 2706 1979 2761 fe-

331 2796 479 2851 cisse
511 2794 679 2850 illum
714 2794 1111 2850 certissimum
1143 2795 1400 2866 est,quid
1454 2796 1593 2850 mali
1639 2794 1976 2850 admisisse-

331 2900 485 2949 mus,
518 2900 646 2939 eam
696 2884 1115 2950 subnectendo,
1166 2885 1233 2939 de
1293 2900 1407 2955 qua
1458 2882 1678 2939 scilicet
1707 2884 1977 2956 pluribus

331 2971 451 3045 agit
477 2971 574 3027 ille
602 2971 663 3027 in
694 2971 842 3028 libro
878 2977 957 3026 De
986 2973 1221 3027 Nicen-nis
1247 2972 1471 3027 decretis
1494 2976 1515 3027 Ρ

328 3108 610 3162 Caeterum
643 3106 799 3177 quod
832 3105 930 3160 ille
962 3104 1212 3176 scriptor
1241 3105 1507 3160 eruditus
1557 3105 1872 3160 Eusebium
1905 3104 1976 3159 ab

328 3194 663 3250 Arianismo
695 3210 943 3266 purgare
975 3194 1217 3260 nitatur,
1251 3194 1360 3249 etsi
1395 3194 1517 3265 pari
1566 3201 1742 3265 atque
1772 3200 1979 3249 caetera

332 3277 579 3359 ἀκριϐείᾳ
600 3283 657 3338 id
688 3283 1032 3350 tentaverit;
1089 3282 1233 3337 nihil
1288 3300 1448 3338 curo.
1482 3282 1629 3348 Quid
1690 3300 1757 3338 ea
1816 3283 1884 3337 de
1918 3299 1976 3337 re
2007 3312 2049 3378 ρ
2087 3277 2762 3383 λῖὲἒέδέίῖιζιᾟίῖῐξξξξὶ

2446 3374 2459 3399 9

329 3374 579 3429 sentiam
638 3389 707 3427 ex
762 3372 908 3443 ipsis
960 3372 1191 3427 Eusebii
1240 3372 1493 3443 scriptis,
1549 3371 1839 3427 submotis
1871 3388 1974 3442 pro

328 3478 488 3517 more
520 3460 1017 3526 altercationibus,
1053 3460 1339 3516 declaravi
1372 3461 1429 3515 in
1476 3459 1976 3515 Praeliminaribus

325 3552 397 3607 ad
432 3551 837 3607 Commentario
865 3549 1099 3606 Eusebii
1129 3552 1189 3604 in
1245 3550 1511 3605 Psalmos.
1563 3549 1723 3613 Quod
1781 3553 1977 3603 autem

326 3640 529 3711 adjicit
558 3640 715 3695 idem
750 3658 761 3695 :
798 3644 863 3694 Et
891 3640 1113 3711 quidem
1137 3655 1339 3710 parum
1360 3639 1462 3693 hac
1482 3640 1544 3693 in
1558 3642 1718 3709 parte
1746 3636 1975 3693 audien-

328 3729 387 3784 di
414 3734 543 3784 sunt
585 3731 871 3799 scriptores
922 3729 1197 3799 pontiﬁcii
1243 3728 1313 3799 (si
1371 3726 1702 3782 Catholicos
1772 3742 1977 3782 vocare

326 3816 542 3889 libuit),
558 3819 745 3890 jurati
774 3822 955 3888 utpote
985 3816 1203 3872 Eusebii
1232 3818 1422 3881 hostes,
1454 3832 1677 3870 causam
1706 3831 1817 3871 non
1860 3815 1977 3869 dis-

325 3909 625 3963 simulante
648 3909 917 3963 Baronio:
954 3906 1011 3961 id
1071 3922 1185 3960 non
1233 3921 1363 3960 vere
1394 3904 1653 3959 dicitur:
1709 3922 1824 3959 non
1879 3905 1975 3959 de-

327 4001 467 4051 sunt
523 3996 680 4051 enim
732 3996 885 4066 apud
943 3993 1291 4056 Catholicos,
1356 3994 1457 4064 qui
1490 3992 1725 4048 Eusebii
1781 3999 1978 4064 partes

326 4088 642 4141 tueantur:
677 4088 735 4139 et
764 4084 1000 4155 quidem
1033 4082 1377 4154 prohibente
1430 4081 1682 4136 nemine.
1733 4083 1894 4147 Quod
1929 4081 1979 4136 si

329 4174 513 4230 multo
548 4173 747 4246 plures
772 4173 830 4227 in
854 4171 1172 4227 Eusebium
1195 4171 1544 4226 sententiam
1586 4170 1802 4241 dicant,
1838 4170 1977 4241 quid

327 4264 463 4319 inde
506 4279 746 4335 arguas,
796 4262 909 4317 nisi
965 4260 1281 4315 Eusebium
1336 4260 1481 4315 adeo
1538 4260 1871 4330 frequentes
1924 4264 1982 4315 et

326 4353 671 4426 perspicuas
700 4349 1018 4407 Arianismi
1050 4354 1217 4405 notas
1248 4354 1374 4404 tum
1404 4348 1584 4420 gestis
1600 4352 1726 4404 tum
1746 4348 1981 4420 scriptis

328 4442 455 4498 suis
487 4441 740 4513 dedisse,
774 4444 839 4496 ut
867 4437 1210 4511 paucissimi
1242 4455 1347 4509 pro
1405 4437 1528 4509 illo,
1560 4439 1813 4493 inumeri
1843 4454 1983 4494 con-

326 4535 420 4588 tra
448 4548 683 4603 semper
712 4529 1025 4586 steterint?

2093 2013 2313 2051 annum
2346 1996 2444 2049 341
2481 1994 2881 2066 contulit,qua
2911 1998 3108 2049 tamen
3158 1993 3394 2050 nonnisi
3426 1995 3534 2051 sub
3566 1995 3745 2050 finem

2091 2085 2227 2140 anni
2260 2085 2400 2138 3442
2431 2085 2566 2140 data
2597 2083 2781 2139 fuisse
2810 2087 3001 2155 potest
3026 2101 3038 2150 ;
3071 2082 3209 2138 hinc
3238 2098 3330 2138 res
3370 2086 3502 2138 ante
3532 2083 3744 2139 Roma-

2090 2190 2225 2229 nam
2260 2173 2551 2245 synodum
2610 2176 2803 2246 gestas
2848 2172 3094 2228 miriﬁce
3141 2176 3365 2228 arctare
3396 2170 3744 2243 compulsus

2089 2262 2351 2318 est.Nam
2383 2261 3040 2334 Constantinopolitanae
3072 2261 3230 2317 sedis
3275 2261 3634 2317 invasionem
3666 2261 3739 2317 ab

2087 2352 2337 2407 Eusebio
2372 2352 2605 2417 iactam,
2666 2352 2727 2406 in
2787 2351 2965 2406 ﬁnem
3023 2350 3160 2406 anni
3192 2351 3321 2417 338,
3370 2354 3473 2405 aut
3502 2350 3739 2405 initium

2088 2440 2504 2513 subsequentis
2534 2440 3092 2512 conjicit;synodum
3122 2455 3256 2495 vero
3283 2438 3738 2495 Alexandrinam

2086 2529 2147 2584 in
2180 2530 2371 2584 medio
2404 2529 2538 2584 anni
2570 2530 2676 2584 339
2729 2528 3082 2584 celebratam
3125 2532 3292 2599 putat
3325 2544 3337 2581 :
3397 2543 3533 2583 cum
3580 2526 3739 2582 enim

2088 2618 2449 2673 invasionem
2472 2617 2705 2673 Eusebii
2737 2633 2804 2673 ea
2823 2617 3085 2689 synodus
3106 2619 3552 2688 memoret,post
3575 2613 3740 2671 illam

2088 2712 2291 2763 coacta
2320 2708 2396 2762 sit
2427 2711 2673 2779 Oportet.
2708 2707 2781 2762 Ut
2828 2710 3022 2761 autem
3072 2705 3274 2761 liberis
3304 2704 3512 2777 spatiis
3542 2721 3740 2761 veram

2087 2797 2417 2866 temporum
2451 2796 2661 2851 seriem
2721 2799 3049 2864 teneamus,
3111 2811 3145 2850 a
3202 2794 3395 2851 reditu
3436 2793 3743 2850 Athanasii

2087 2884 2226 2951 orsi,
2264 2884 2346 2940 sic
2404 2885 2603 2940 omnia
2659 2886 2730 2940 ad
2786 2901 2988 2940 verum
3046 2884 3314 2940 ordinem
3354 2883 3538 2957 redigi
3570 2899 3744 2956 posse

2087 2989 2415 3029 censemus.
2440 2974 2804 3030 Athanasius
2825 2973 3077 3030 Treviris
3100 2972 3327 3039 exsul,a
3356 2972 3742 3029 Constantino

2078 3062 2316 3132 juniore
2347 3062 2703 3135 remigrandi
2765 3063 2995 3118 veniam
3046 3062 3287 3133 accepit,
3321 3061 3474 3117 datis
3505 3061 3579 3117 ad
3610 3077 3740 3117 eam

2087 3167 2211 3207 rem
2240 3167 2358 3207 xxn
2389 3151 2551 3207 Junii
2583 3150 2789 3205 litteris
2816 3152 2893 3221 (b)
2917 3151 3115 3223 :idque
3145 3153 3401 3217 anno,ut
3431 3149 3740 3206 nobiscum

2088 3244 2284 3294 censet
2308 3239 2741 3305 Tillemontius,
2768 3240 2895 3294 338.
2913 3240 3030 3294 Sub
3048 3240 3226 3295 ﬁnem
3255 3238 3414 3293 Junii
3444 3238 3739 3310 profectus

2766 3328 2805 3382 ii
2837 3329 2909 3383 ad
2946 3328 3274 3383 Danubium
3329 3326 3737 3382 Constantium

2087 3416 2267 3484 adiit;
2300 3417 2433 3471 inde
2454 3416 3020 3487 Constantinopolim
3080 3416 3248 3489 petiit
3276 3431 3289 3470 :
3336 3418 3510 3487 atque
3540 3414 3736 3470 crimi-

2088 3504 2304 3561 nationi
2339 3522 2512 3575 quam
2542 3506 2914 3561 Macedonius
2935 3504 3208 3577 episcopo
3230 3521 3336 3560 suo
3370 3502 3544 3560 Paulo
3566 3504 3735 3559 obtu-

2086 3592 2155 3648 lit
2200 3610 2455 3666 prazsens
2500 3594 2646 3650 fuit:
2708 3596 2809 3650 sed
2853 3600 3054 3665 postea
3117 3593 3492 3649 reconciliata
3547 3592 3737 3665 gratia

2086 3684 2457 3739 Macedonius
2482 3683 2660 3739 Paulo
2674 3682 3117 3755 junctus,solito
3142 3681 3464 3755 presbyteri
3495 3697 3739 3738 munere

2088 3773 2459 3845 fungebatur.
2490 3773 2611 3828 Sub
2660 3772 2781 3827 haec
2829 3776 3025 3828 autem
3073 3771 3469 3838 Constantius,
3503 3772 3646 3826 dum
3676 3769 3739 3825 in

2088 3861 2382 3918 Orientem
2414 3867 2615 3918 contra
2672 3861 2877 3917 Persas
2931 3862 3292 3929 concederet,
3351 3859 3740 3916 Athanasium

2088 3952 2291 4006 eodem
2350 3951 2559 4007 itinere
2609 3951 2858 4023 patriam
2930 3954 3283 4023 repetentem
3343 3950 3614 4005 Caesareae
3677 3948 3739 4003 in

2088 4040 2454 4111 Cappadocia
2484 4040 2699 4095 iterum
2730 4040 2875 4095 vidit
2930 4043 2987 4094 et
3040 4038 3329 4094 allocutus
3378 4042 3486 4105 est,
3537 4054 3741 4093 mense

2090 4129 2454 4201 Septembri:
2492 4146 2627 4185 nam
2659 4129 3038 4185 Constantius
3070 4130 3193 4201 jam
3242 4127 3616 4184 Antiochiam
3644 4143 3740 4182 ve-

2088 4222 2256 4273 nerat
2285 4234 2487 4273 mense
2517 4218 2748 4273 Octobri
2777 4236 2789 4273 :
2817 4217 3033 4290 quippe
3081 4216 3183 4289 qui
3225 4234 3261 4271 v
3306 4217 3444 4273 Idus
3475 4214 3741 4271 Octobris

2089 4306 2278 4379 legem
2309 4307 2631 4362 Antiochiae
2690 4307 2914 4362 dederit
2970 4308 3045 4362 De
3090 4305 3501 4376 decurionibus,
3559 4308 3627 4359 ut
3654 4303 3741 4359 vi-

2090 4397 2230 4453 deas
2259 4396 2318 4451 in
2350 4395 2545 4451 codice
2590 4394 3017 4451 Theodosiano.
3068 4395 3281 4450 Contra
3326 4395 3533 4449 Persas
3562 4392 3743 4464 igitur

2090 4502 2413 4558 properans
2444 4484 2817 4539 Antiochiam
2847 4483 3024 4539 venit.
3070 4483 3214 4538 Inde
3261 4481 3496 4537 Octobri
3539 4496 3743 4538 mense

2092 4579 2380 4641 Emesam,
2411 4574 2511 4628 ubi
2542 4573 2679 4628 data
2708 4571 2801 4627 lex
2839 4576 2930 4627 est
2975 4573 3052 4627 De
3114 4571 3516 4639 decurionibus,
3547 4587 3583 4624 v
3614 4567 3737 4625 Kal.

398 4665 580 4735 Adde,
614 4664 947 4733 Erasmum,
983 4660 1084 4734 qui
1116 4661 1277 4734 prior
1304 4660 1468 4716 illam
1528 4660 1836 4716 Athanasii
1868 4660 1982 4732 epi-
2015 4684 2061 4747 D
2092 4663 2401 4719 Novembr.
2434 4660 2616 4715 Paulo
2649 4665 2780 4732 post
2808 4660 2880 4715 ad
2915 4660 3225 4715 Persarum
3258 4659 3513 4747 conﬁnia
3540 4661 3744 4714 vectus

328 4754 541 4811 stolam
577 4753 782 4809 Latine
810 4752 1000 4822 vertit,
1033 4767 1160 4807 eam
1194 4752 1408 4823 ipsam,
1441 4767 1619 4821 quam
1653 4749 1983 4819 nos,lectio-

328 4860 462 4901 nem
495 4847 755 4898 Graecam
816 4844 1082 4895 secutum
1133 4854 1280 4895 esse.
1338 4845 1520 4895 Locus
1570 4839 1866 4895 Athanasii
1901 4840 1984 4895 sic

327 4933 521 4988 habet.
556 4930 658 4983 Καὶ
688 4932 853 4982 τοῦτο
887 4924 1002 4981 οἶδε
1030 4928 1119 4981 καὶ
1168 4928 1438 4999 Ἀκάκιος,
1486 4926 1544 4980 ἂν
1583 4928 1656 5000 μὴ
1702 4928 1791 4981 καὶ
1824 4926 1983 4989 αὐτὸς

331 5014 592 5098 φοϐηθεὶς
643 5022 732 5073 νῦν
786 5014 875 5071 διὰ
917 5016 1006 5070 τὸν
1053 5016 1237 5091 καιρὸν
1275 5016 1629 5089 ὑποκρίνηναι
1678 5017 1766 5070 καὶ
1823 5018 1985 5092 ἀρνή-

332 5130 493 5178 σηται
524 5110 622 5178 υὴν
660 5105 940 5177 ἀλήθειαν.
991 5105 1247 5175 Ὑπὲταξα
1294 5109 1422 5180 γοῦν
1476 5103 1527 5158 ἐν
1575 5109 1653 5176 τῷ
1701 5103 1845 5159 τὲλει
1884 5107 1982 5174 τὴν

338 5196 633 5266 ἐπιστολὴν
666 5192 952 5268 Εὐσεϐίου,
982 5192 1075 5248 ἵνα
1106 5193 1164 5249 ἐκ
1192 5193 1401 5267 ταύτης
1452 5197 1595 5267 γνῷς
1637 5198 1745 5248 τῶν
1776 5215 1835 5248 τε
1863 5214 1985 5269 ’χρι-

332 5290 652 5364 στομάχων,
686 5286 775 5340 καὶ
806 5286 943 5340 κατὰ
988 5283 1235 5359 περιττὸν
1267 5285 1365 5351 τὴν
1406 5283 1661 5337 ’Δκακίου
1692 5283 1827 5357 πρὸς
1858 5284 1985 5346 τοὺς

334 5377 539 5431 ἑαυτῶν
575 5372 937 5435 διδασκάλους
966 5370 1380 5448 ἀγνωμοσύνην
1426 5391 1551 5444 qua
1601 5373 1684 5428 sic
1718 5374 1986 5429 Erasmus

2097 4754 2157 4807 in
2186 4749 2693 4823 Mesopotomiam,
2743 4749 2973 4804 Edessa:
3005 4748 3289 4815 consedit,
3340 4752 3406 4805 ut
3449 4746 3532 4803 ait
3577 4747 3744 4803 Liba-

2096 4842 2230 4896 nius
2261 4840 2522 4895 oratione
2578 4839 2649 4894 ad
2712 4837 3131 4904 Theodosium,
3186 4837 3286 4893 ubi
3329 4841 3526 4894 tamen
3572 4836 3743 4909 lapsu

2095 4928 2658 5003 graphicoEmesam
2688 4926 2930 4999 legitur;
2964 4927 3064 4983 sed
3094 4926 3250 4982 haud
3265 4926 3442 4981 dubie
3460 4926 3743 4982 Edessam

2093 5018 2429 5090 legendum,
2463 5021 2529 5072 ut
2559 5020 2616 5071 et
2642 5016 2816 5071 alibi:
2858 5033 2987 5087 qua;
3018 5020 3316 5088 postrema
3366 5014 3510 5070 urbs
3536 5014 3597 5069 in
3626 5014 3744 5069 Me-

2098 5106 2427 5179 sopotamia
2453 5109 2596 5161 erat.
2632 5105 2769 5160 Inde
2817 5122 3085 5161 reversus
3132 5103 3523 5170 Antiochiam,
3556 5101 3744 5175 legem

2096 5197 2257 5251 dedit
2299 5197 2371 5250 ad
2420 5194 2745 5267 Acyndium
2796 5195 3131 5265 praefectum
3181 5193 3449 5265 praetorio
3507 5193 3581 5248 De
3611 5199 3746 5248 tem-

2094 5301 2294 5357 porum
2339 5300 2524 5351 cursu,
2574 5287 2834 5338 vertente
2881 5299 3035 5337 anno
3083 5283 3209 5352 338,
3262 5280 3485 5337 scilicet
3530 5297 3589 5336 v1
3619 5278 3742 5336 Kal.

2096 5372 2381 5430 Januarii.
2415 5373 2659 5427 Ineunte
2690 5388 2843 5427 anno
2886 5371 3013 5438 339,
3037 5387 3172 5426 cum
3216 5370 3274 5425 in
3324 5369 3485 5443 Syria
3515 5370 3751 5442 degeret

330 5466 673 5523 transtulit:
706 5465 869 5521 Novit
898 5464 995 5520 hoc
1051 5473 1104 5519 et
1156 5464 1399 5530 Aeacius,
1453 5464 1568 5517 nisi
1621 5480 1769 5518 nunc
1798 5467 1848 5519 et
1876 5465 1990 5535 ipse
2099 5461 2495 5531 Constantius,
2556 5461 2801 5517 Laodice
2859 5459 2997 5514 data
3060 5458 3151 5514 lex
3199 5462 3289 5514 est
3342 5460 3416 5515 De
3460 5459 3751 5516 verborum

331 5564 480 5613 metu
506 5556 795 5629 perculsus
823 5570 924 5625 pro
972 5561 1212 5626 tempore
1269 5553 1516 5619 simulat,
1547 5556 1817 5624 negatque
1846 5554 1987 5609 veri-

400 5718 484 5861 ἔα)
513 5717 660 5774 Note
690 5716 781 5772 38.

427 5789 477 5861 b)
508 5788 666 5861 Apol.
704 5803 781 5846 cor

2104 5553 2363 5624 formulis
2394 5550 2475 5621 (in
2544 5550 2741 5605 codice
2804 5548 3052 5619 Justin.)
3118 5548 3360 5605 Kalend.
3426 5546 3747 5605 Februarii.

427 5781 477 5863 ὁ)
508 5788 666 5862 Apol.
704 5794 894 5846 contra
922 5787 1179 5857 Arianos,
1213 5804 1270 5860 p.
1308 5785 1447 5855 152;
1481 5785 1639 5858 Apol.
1675 5785 1742 5843 de
1773 5785 2077 5854 Constant,
2110 5803 2168 5860 p.
2202 5785 2336 5855 236;
2361 5783 2494 5841 Hist.
2516 5783 2708 5840 Arian.
2734 5781 2806 5839 ad
2823 5782 3138 5853 monachos,
3166 5797 3223 5855 p.
3254 5781 3379 5837 275.
