4146 6384
380 430 581 494 CLXXI!

1784 431 2396 501 PROLEGOMENA.

384 563 563 622 Paulo
595 568 729 637 post
758 564 916 624 idem
955 565 1273 639 imperator
1319 567 1604 642 Heliopoli
1652 569 1713 626 in
1761 571 2028 627 Phoenice
2058 572 2106 637 Α
2145 573 2501 629 invasionem
2535 573 2612 630 ab
2637 573 2887 632 Eusebio
2914 576 2972 632 et
3002 573 3176 631 sociis
3209 573 3782 647 perpetrata.Vernm

380 651 542 726 leges
573 655 752 721 dedit,
788 657 973 726 pridie
1001 658 1135 711 ldus
1175 658 1429 728 Martias,
1465 659 1689 714 scilicet
1739 666 2035 731 quartam,

380 745 458 800 De
483 748 756 806 maternis
780 747 951 811 bonis,
985 751 1040 801 et
1095 751 1380 814 octavam,
1435 751 1541 817 Qui
1589 750 1807 805 admitti
1847 750 1918 804 ad
1949 752 2037 805 bo-

379 849 580 889 norum
613 837 1035 903 possesEodem
1058 853 1257 891 mense
1284 838 1486 892 Martio
1509 855 1777 894 reversus
1809 844 1898 894 est
1927 843 2036 894 An-

380 921 663 978 tiochiam
691 941 703 978 :
730 923 1064 996 ibidemque
1093 925 1229 980 data
1260 930 1347 980 est
1378 925 1466 980 lex
1497 928 1790 998 prima,Ds
1819 931 2040 983 incestis

380 1012 810 1084 nuptiis,pridie
841 1013 1363 1084 Kal.Aprilis,Hinc
1413 1017 1707 1087 profectus
1764 1021 2042 1072 Constan-

375 1100 461 1155 tin
485 1100 700 1172 opolim
736 1102 1132 1171 Constantius,
1164 1103 1363 1158 Idibus
1384 1106 1630 1174 Augusti
1667 1105 1851 1177 legem
1883 1124 1920 1161 II
1951 1108 2044 1162 de-

387 1189 509 1243 dit:
543 1191 620 1246 Ne
638 1191 1021 1247 Christianum
1049 1194 1425 1248 mendacium.
1469 1193 1584 1249 Hoc
1620 1195 1828 1266 posito,
1860 1213 2042 1266 eoque

391 1279 719 1336 certissimo
751 1297 946 1336 rerum
997 1282 1221 1350 ordine,
1274 1283 1576 1354 pr0palam
1626 1290 1712 1339 est
1757 1287 2040 1340 Constan-

381 1367 552 1436 tium,
588 1370 776 1424 medio
808 1370 1040 1425 circiter
1071 1387 1224 1426 anno
1269 1373 1371 1424 338
1422 1379 1622 1427 contra
1665 1374 1870 1429 Persas
1917 1391 2043 1446 pro-

383 1455 624 1527 fectum,
650 1476 766 1515 non
799 1463 932 1514 ante
976 1461 1237 1514 medium
1289 1461 1427 1515 anni
1475 1463 1578 1515 339
1625 1463 2040 1518 Constantino-

384 1548 567 1619 polim
625 1548 954 1604 revertisse.
1020 1549 1101 1604 Ibi
1159 1566 1313 1619 vero,
1373 1550 1696 1623 instigante
1764 1553 2040 1620 Eusebio,

385 1639 678 1711 synodum
729 1638 936 1710 coegit,
985 1638 1043 1692 in
1095 1655 1211 1709 qua
1262 1641 1718 1708 accusationem,
1790 1643 2040 1697 redinte-

387 1731 593 1800 grante
623 1727 983 1794 Macedonio,
1029 1727 1244 1783 Paulus
1275 1728 1598 1800 depositus,
1632 1730 2038 1804 Eusebiusque

384 1817 514 1888 ejus
546 1817 604 1871 in
636 1815 831 1871 locum
864 1816 1216 1888 subrogatus
1248 1822 1354 1873 est.
1391 1817 1535 1872 Hinc
1568 1836 1698 1873 vero
1732 1821 2041 1876 manifeste

387 1905 507 1962 ruit
534 1905 634 1961 illa
675 1905 883 1976 nuperi
933 1905 1234 1977 scriptoris
1283 1907 1664 1978 computatio,
1711 1926 1827 1980 qua
1858 1927 2035 1981 syno-
2068 1945 2116 2010 B

387 1995 529 2050 dum
563 1994 1008 2051 Alexandrinam
1045 2001 1279 2052 centum
1311 1998 1719 2070 episcoporum
1756 1999 1813 2053 in
1846 2001 2037 2055 medio

388 2101 540 2140 anno
571 2086 676 2139 3‘26
707 2083 1057 2140 celebratam
1091 2090 1295 2158 putat:
1332 2103 1468 2142 nam
1519 2104 1651 2142 cum
1683 2104 1751 2143 ea
1781 2089 2039 2160 synodus

385 2172 622 2229 Eusebii
648 2173 1377 2248 intrusionem,multaque
1401 2176 1912 2248 aliadeindegesta
1935 2178 2040 2232 Eu-

388 2262 765 2320 sebianorum
786 2269 1360 2336 commemoret,post
1383 2265 1542 2320 illam
1560 2269 1757 2320 coacta
1779 2265 1855 2319 sit
1875 2283 2040 2336 opor-

385 2351 661 2408 tet.Pau1i
681 2353 932 2417 vero,cui
953 2353 1304 2425 subrogatus
1319 2355 1603 2410 Eusebius
1617 2354 2036 2426 est,depositio,

389 2445 700 2497 accusante
729 2443 1064 2498 Macedonio
1097 2448 1332 2514 peracta
1357 2457 1444 2498 est
1476 2462 1488 2498 :
1525 2444 1819 2515 siquidem
1854 2445 2038 2499 Mace-

389 2531 621 2597 donius,
655 2530 778 2602 qui,
813 2531 899 2585 ιιῐὶ
925 2548 1105 2603 supra
1135 2531 1552 2600 diximus,cum
1587 2532 1836 2603 patriam
1877 2551 2039 2604 repe-

389 2624 520 2676 tens
543 2619 897 2675 Athanasius
947 2620 1510 2691 Constantinopolim
1555 2621 1906 2692 advenisset,
1940 2623 2039 2678 illo

390 2714 695 2782 praesente,
735 2709 975 2766 Paulum
1000 2726 1164 2765 reum
1191 2715 1407 2782 egerat,
1431 2711 1642 2765 deinde
1672 2711 2042 2768 reconciliata

389 2800 604 2872 gratia,
635 2817 668 2854 a
702 2803 887 2872 empto
919 2799 1166 2854 desistit.
1201 2802 1273 2854 At
1291 2800 1525 2855 vixdum
1559 2799 1757 2872 elapso
1788 2818 1820 2855 a
1851 2801 2042 2872 prima

396 2889 769 2943 accusatione
800 2905 972 2954 anno,
992 2887 1312 2960 instigante
1361 2888 1628 2956 Eusebio,
1655 2889 1902 2944 antistiti
1934 2907 2040 2946 suo

387 2976 603 3032 iternm
637 2976 855 3032 crimen
887 2976 1120 3045 obtulit,
1159 2977 1310 3032 unde
1343 2977 1502 3033 Pauli
1537 2978 1824 3034 abdicatio
1848 2983 1904 3035 et
1935 2981 2042 3034 Eu-

390 3065 471 3122 bii
501 3065 726 3121 invasio
758 3070 1079 3122 consecutae
1111 3071 1266 3121 sunt.

460 3155 563 3210 Hic
593 3171 726 3210 vero
757 3154 1168 3210 Tillemontius
1198 3155 1272 3210 iis
1302 3155 1398 3227 (α),
1436 3172 1584 3227 quos
1637 3156 1763 3228 ipse
1793 3156 1902 3211 sibi
1935 3173 2040 3212 ne-

390 3245 549 3301 mine
581 3249 814 3300 auctore
843 3244 1294 3316 praescripserat,
1329 3248 1586 3300 arctatus
1625 3245 1934 3312 limitibus,
1967 3263 2040 3302 ne

391 3334 714 3390 Macedonii
747 3333 1178 3390 accusationem
1223 3333 1383 3388 illam
1437 3335 1690 3405 priorem
1741 3335 1851 3389 sub
1899 3339 2039 3389 Con-
2070 3307 2113 3374 C

394 3423 611 3480 stantio
657 3425 817 3494 (nam
841 3423 950 3478 sub
981 3421 1361 3478 Constantino
1394 3423 1595 3488 semel,
1629 3423 1736 3477 sub
1766 3423 2042 3479 Constan-

392 3514 475 3569 tio
505 3513 596 3568 bis
627 3512 686 3567 in
720 3511 939 3566 crimen
970 3515 1207 3567 vocatus
1237 3511 1367 3582 est),
1421 3529 1547 3583 quzs
1584 3528 1784 3568 mense
1815 3513 2042 3569 circiter

392 3600 642 3672 Augusti
673 3599 810 3654 anni
843 3601 946 3653 338
977 3600 1128 3654 facta
1175 3599 1251 3654 sit
1297 3605 1543 3671 oportet,
1605 3601 2037 3658 reconciliatam

393 3689 666 3762 gratiam,
700 3687 1184 3743 induciasillaset
1214 3705 1414 3760 pacem
1449 3688 1748 3761 aliquanto
1778 3694 2038 3763 tempore

390 3781 700 3846 servatam,
733 3776 1433 3849 Constantinopolitanam
1484 3780 1793 3851 synodum,
1829 3780 2037 3852 repeti-

390 3871 512 3922 tam
543 3865 976 3921 accusationem
1007 3871 1064 3921 et
1085 3866 1510 3922 abdicationem
1545 3867 1707 3923 Pauli
1734 3887 1746 3935 ;
1773 3868 1914 3937 haec,
1945 3869 2037 3924 in-

389 3973 592 4028 quam,
625 3955 824 4011 omnia
855 3960 1108 4027 quatuor
1157 3955 1449 4011 mensium
1500 3958 1690 4028 spatio
1738 3958 2038 4014 includere

388 4048 669 4118 cogatur;
701 4044 952 4116 priorem
985 4043 1146 4100 illam
1179 4046 1288 4100 sub
1316 4045 1654 4102 Constantio
1687 4047 1757 4101 ab
1788 4047 2040 4102 Athana-

385 4134 472 4189 sio
505 4138 890 4188 memoratam
923 4134 1356 4189 accusationem
1381 4135 1439 4189 in
1471 4151 1693 4189 annum
1726 4137 1830 4189 336
1857 4136 2037 4207 conji-

383 4223 604 4293 cit,non
638 4223 1110 4279 animadvertens
1161 4239 1224 4278 se
1254 4223 1592 4290 Athanasio,
1629 4241 1803 4296 quem
1835 4229 2035 4280 tamen

383 4316 681 4367 auctorem
715 4312 899 4378 affert,
935 4313 1244 4367 manifeste
1274 4329 1626 4385 repugnare:
1676 4314 2035 4369 accusationi

383 4416 642 4472 namque
671 4401 851 4471 priori
882 4401 992 4456 sub
1044 4401 1402 4466 Constantio,
1451 4402 1520 4456 de
1551 4418 1668 4472 qua
1695 4403 1870 4458 verba
1901 4402 2038 4458 facit

381 4490 754 4561 Athanasius,
791 4491 916 4562 ipse
958 4507 1213 4561 praesens
1258 4490 1543 4560 interfuit,
1595 4488 1901 4565 παρόντων,
1952 4491 2036 4545 in-

380 4580 528 4651 quit,
563 4579 714 4651 ὑμῶν
743 4579 881 4632 κατὰ
906 4579 1006 4646 τήν
1038 4577 1391 4653 κατηγορίαν.
1441 4579 1640 4650 Neque
1690 4579 1880 4650 potuit
1934 4579 2032 4635 ille

2147 679 2214 716 ex
2247 664 2489 735 repetito
2520 682 2714 720 rerum
2746 673 3044 736 gestorum
3078 666 3281 721 ordine
3311 666 3367 720 id
3401 665 3788 737 exploratum,

2150 756 2213 806 ut
2243 770 2430 823 spero,
2465 754 2676 825 cuique
2711 756 2839 810 erit.
2872 755 3227 809 Athanasius
3261 758 3528 810 Caesarea:
3553 755 3611 809 in
3643 756 3792 827 Cap-

2150 841 2388 913 padocia
2413 843 2817 898 Constantium
2840 843 3290 913 allocutus,inde
3315 844 3566 914 pedestri
3590 843 3797 899 itinere

2151 947 2252 1001 per
2280 932 2504 1002 Syriam
2537 938 2591 986 et
2625 933 2989 988 Palaestinam
3033 932 3438 987 Alexandriam
3492 933 3656 1004 petiit
3687 933 3798 987 sub

2152 1020 2324 1074 finem
2355 1022 2490 1075 anni
2514 1023 2638 1076 338.
2666 1021 2979 1092 Aliquanto
3012 1028 3142 1092 post
3174 1027 3432 1092 tempore
3464 1021 3798 1088 Eusebiani,

2151 1125 2400 1180 quorum
2427 1110 2484 1163 in
2507 1110 2894 1165 Athanasium
2927 1109 3059 1165 odia
3089 1112 3348 1164 nondum
3365 1111 3797 1178 detumuerant,

2153 1198 2210 1252 in
2237 1215 2420 1253 unum
2446 1199 2881 1254 coacliArianos
2897 1200 3490 1270 receperunt,Pistum
3514 1199 3797 1255 Arianum

2150 1287 2507 1342 Alexandrina
2539 1289 2879 1360 episcopum
2929 1288 3379 1355 constituerunt,
3424 1288 3647 1359 legatos
3680 1290 3796 1344 Ma-

2152 1376 2396 1446 carium,
2432 1378 2772 1450 Martyrium
2805 1383 2862 1432 et
2900 1377 3252 1449 Hesychium
3305 1378 3374 1431 ad
3423 1377 3646 1432 Julium
3694 1395 3796 1449 pa-

2152 1483 2286 1538 pam
2314 1485 2326 1533 ;
2354 1468 2424 1521 ad
2450 1472 2565 1522 tres
2596 1468 2734 1522 item
2757 1468 3155 1538 imperatores,
3181 1472 3318 1522 tunc
3339 1467 3517 1521 variis
3547 1467 3608 1522 in
3639 1468 3800 1524 orbis

2153 1556 2418 1627 partibus
2447 1555 2994 1623 versantes,litteras
3027 1556 3507 1627 miseruntzqueis
3538 1557 3800 1612 Athana-

2152 1645 2332 1712 sium,
2364 1650 2429 1700 ut
2460 1645 2702 1700 caedium
2737 1650 2796 1700 et
2825 1645 3186 1711 exsiliorum,
3221 1649 3531 1717 postquam
3557 1646 3803 1702 Alexan-

2153 1735 2339 1789 driam
2375 1735 2809 1806 remigraverat,
2864 1752 3026 1790 reum
3075 1735 3364 1807 agebant:
3421 1736 3666 1807 ejusque
3696 1753 3800 1791 no-

2153 1841 2286 1879 men
2320 1824 2475 1895 apud
2506 1824 2911 1878 Constantium
2943 1824 3300 1889 deferebant,
3354 1825 3506 1895 quod
3543 1825 3802 1880 frumen-

2153 1917 2280 1967 tum
2314 1930 2348 1967 a
2376 1912 2756 1967 Constantino
2790 1917 2951 1984 patre
2980 1913 3172 1966 viduis
3204 1911 3429 1968 alendis
3460 1913 3803 1984 deputatum

2150 2001 2485 2056 divenderet
2517 2017 2582 2056 ac
2615 2001 2910 2073 prOpriam
2944 2001 3002 2056 in
3037 2018 3158 2056 rem
3191 2007 3570 2059 converteret.
3634 2003 3804 2059 Obla-

2147 2095 2340 2145 torum
2366 2090 2518 2162 apud
2537 2091 2922 2161 imperatores
2944 2089 3258 2145 criminum
3274 2091 3548 2146 nuntium
3564 2091 3804 2148 Alexan-

2149 2179 2337 2234 driam
2371 2179 2635 2234 devenit:
2671 2179 2887 2250 quibus
2917 2179 3246 2252 conspectis
3290 2179 3603 2251 allatisque
3623 2181 3801 2237 Atha-

2150 2268 2353 2324 nasius
2408 2273 2642 2324 centum
2691 2269 3099 2341 episcoporum
3150 2269 3438 2341 synodum
3473 2270 3677 2342 coegit.
3713 2277 3800 2326 An

2151 2358 2424 2414 ferendus
2453 2359 2650 2430 itaque
2681 2358 3091 2424 Tilemontius,
3127 2358 3223 2430 qui
3259 2359 3318 2412 in
3368 2360 3627 2414 medium
3661 2362 3800 2416 anni

2149 2450 2254 2500 339
2283 2447 2433 2502 hanc
2468 2449 2755 2519 synodum
2787 2447 3140 2503 celebratam
3173 2449 3355 2504 velit?
3402 2449 3547 2504 Nam
3595 2454 3801 2520 preter

2151 2537 2421 2608 superius
2443 2536 2862 2607 allata,quibus
2896 2536 3100 2591 obsisti
3133 2536 3576 2608 nequit,utcum
3608 2536 3799 2593 colore

2151 2623 2345 2696 aliquo
2378 2629 2616 2696 possent
2660 2624 2970 2679 Eusebiani
3021 2629 3344 2679 memorata
3373 2625 3622 2681 crimina
3651 2627 3798 2698 obji-

2150 2730 2276 2769 cere
2300 2734 2314 2782 ς
2337 2729 2545 2784 nempe
2572 2712 3042 2768 czedesetexsilia
3058 2717 3189 2784 post
3211 2713 3463 2768 reditum
3489 2715 3795 2786 irrrogata,

2150 2803 2514 2858 frumentum
2536 2801 3009 2857 distribuendum
3040 2801 3098 2854 in
3131 2801 3424 2873 propriam
3451 2819 3571 2857 rem
3587 2805 3798 2860 distra-

2151 2895 2589 2956 ctum,necesse
2624 2890 2734 2944 fuit
2763 2889 3156 2944 Athanasium
3192 2889 3630 2960 aliquantojam
3655 2897 3798 2946 tem-

2150 2995 2289 3051 pore
2319 2978 2679 3033 Alexandriae
2711 2983 3162 3044 commoratum,
3214 2979 3607 3049 nuntiumque
3637 2996 3802 3034 com-

2150 3067 2557 3122 mentitiorum
2590 3067 2906 3121 criminum
2932 3066 3408 3138 Eusebianis,qui
3439 3071 3563 3120 tum
3599 3066 3799 3138 procul

2150 3157 2418 3229 agebant,
2454 3157 2703 3212 missum
2737 3155 2956 3211 fuisse:
2990 3155 3047 3210 in
3082 3157 3304 3228 synodo
3337 3153 3799 3211 Eusebianorum

2153 3263 2279 3318 quae
2327 3245 2698 3300 narravimus
2751 3244 2873 3316 geri
2923 3244 3199 3315 oportuit,
3242 3242 3394 3298 mitti
3445 3243 3684 3298 nuntios
3725 3243 3796 3297 ad

2151 3335 2568 3407 imperatores;
2619 3332 2812 3389 oblata
2864 3333 3018 3404 apud
3063 3338 3182 3388 tres
3214 3335 3511 3403 Augustos
3551 3331 3800 3386 crimina

2149 3423 2509 3479 Alexandriae
2528 3421 3004 3494 renuntiari,cogi
3022 3423 3310 3494 synodum
3343 3419 3798 3475 Alexandrinam

2149 3517 2383 3568 centum
2416 3513 2846 3585 episc0porum.
2905 3515 3040 3576 Quae
3099 3527 3238 3565 sane
3296 3509 3570 3564 cordatus
3603 3525 3796 3579 nemo,

2150 3603 2262 3656 nisi
2295 3601 2634 3657 volucribus
2665 3600 2889 3656 nuntiis
2925 3600 3012 3655 usi
3046 3599 3358 3654 Eusebiani
3408 3597 3644 3664 fuerint,
3676 3603 3797 3652 tam

2148 3691 2533 3762 pauculorum
2555 3690 2845 3746 mensium
2870 3688 3056 3760 spatio
3080 3689 3229 3742 facta
3245 3686 3597 3742 concesserit
3619 3704 3632 3751 ;
3657 3686 3801 3741 Con-

2148 3781 2446 3835 stantinus
2476 3779 2694 3850 quippe
2723 3777 2780 3832 in
2811 3777 3034 3846 Galliis,
3066 3777 3352 3832 Constans
3382 3775 3441 3830 in
3487 3775 3651 3830 Italia
3696 3775 3797 3830 de-

2147 3869 2338 3941 gebat.
2369 3872 2536 3922 Anno
2565 3867 2746 3939 igitur
2802 3867 2907 3919 3’10
2953 3865 3302 3919 celebratam
3344 3864 3798 3920 Alexandrinam

2147 3958 2434 4029 synodum
2470 3961 2785 4028 putamus:
2821 3955 2975 4026 quod
3008 3954 3194 4025 ipsius
3221 3953 3522 4008 Athanasii
3545 3953 3803 4008 testimo-

2147 4047 2243 4102 nio
2274 4045 2676 4101 conﬁrmatur.
2713 4045 2767 4099 Is
2797 4044 2954 4102 enim
2980 4060 3134 4098 anno
3164 4044 3261 4098 341
3290 4043 3399 4097 sub
3424 4043 3600 4097 ﬁnem
3630 4041 3802 4113 Apri-

2146 4135 2220 4191 lis
2251 4135 2570 4201 ait,fratres
2593 4133 2858 4204 ejusdem
2888 4131 3092 4205 synodi
3114 4132 3516 4188 Alexandrinae
3552 4131 3800 4202 legatos,

2146 4223 2230 4279 uti
2287 4227 2510 4279 certum
2569 4228 2678 4290 est,
2736 4223 2929 4278 Romae
2989 4223 3280 4294 synodum
3315 4238 3469 4276 anno
3512 4220 3800 4292 praeterito

2146 4312 2337 4388 πέρυσι
2369 4311 2719 4385 postulasse,
2751 4311 2961 4384 legatis
2993 4310 3228 4366 Eusebii
3263 4327 3396 4366 cum
3447 4309 3800 4365 Athanasia-

2146 4402 2236 4458 nis
2251 4402 2510 4474 idipsum
2530 4401 2862 4472 petentibus
2888 4419 2900 4455 :
2919 4400 3221 4455 commode
3248 4416 3503 4470 namque
3523 4399 3797 4454 eumdem

2143 4490 2202 4545 in
2235 4508 2455 4545 annum
2488 4490 2750 4562 synodus
2781 4491 3030 4561 ejusque
3061 4488 3268 4558 legatio
3295 4490 3670 4544 conferantur
3700 4488 3794 4558 (b):

2145 4581 2298 4651 quod
2333 4581 2471 4634 item
2503 4595 2570 4633 ex
2587 4579 3047 4650 praecedentibus
3067 4577 3366 4649 propalam
3386 4593 3513 4632 esse
3543 4577 3794 4642 videtur,

379 4667 569 4735 alteri,
606 4667 783 4724 Paulo
838 4669 1109 4740 episcopo
1167 4667 1394 4732 oblatae,
1437 4667 1830 4723 criminationi
1879 4685 2029 4724 anno
2062 4678 2108 4741 D
2141 4669 2233 4722 vix
2264 4669 2444 4736 enim,
2480 4685 2544 4723 ac
2579 4685 2652 4723 ne
2681 4667 2776 4721 vix
2806 4666 3042 4738 quidem
3076 4667 3464 4737 quznareditu
3487 4666 3796 4722 Athanasii

378 4756 484 4810 336
540 4756 844 4821 interesse,
893 4756 1275 4812 Constantino
1317 4755 1588 4810 videlicet
1662 4755 2023 4826 imperante;

377 4845 594 4917 quippe
625 4844 726 4916 qui
758 4861 911 4900 anno
955 4845 1080 4912 335,
1133 4843 1455 4898 Alexandro
1508 4843 1672 4899 Pauli
1723 4845 2028 4901 decessore

377 4934 711 5006 superstite,
747 4933 806 4987 in
836 4932 1052 4988 Gallias
1081 4932 1373 5003 relegatus
1404 4931 1499 5001 sit,
1532 4937 1590 4987 et
1611 4950 1762 4988 anno
1796 4939 2026 4990 tantum
2052 4929 2057 4934 ’

373 5022 498 5090 338,
533 5022 642 5078 sub
675 5023 852 5076 tinem
882 5021 1042 5076 Junii
1071 5020 1324 5076 Treviris
1356 5021 1648 5092 profectus
1679 5022 1750 5076 ab
1792 5022 2024 5078 exsilio-

375 5127 486 5183 que
519 5111 702 5166 redux
727 5108 1294 5180 Constantinopolim
1327 5109 1568 5164 venerit.

444 5202 524 5256 Ex
555 5199 910 5272 supradiétis
943 5198 1183 5270 planum
1209 5203 1432 5253 estnon
1459 5215 1625 5269 posse
1644 5204 1797 5255 stare
1851 5200 2020 5256 Tille-

373 5290 580 5344 montii
612 5289 928 5358 calculum,
963 5289 1065 5358 qui
1101 5287 1292 5342 medio
1325 5304 1477 5342 anno
1509 5287 1614 5341 339
1664 5287 2019 5346 celebratam

373 5382 542 5450 putat
571 5377 1018 5434 Alexandrinam
1044 5377 1495 5449 synodum,oum
1516 5377 1768 5432 maxime
1793 5377 1890 5432 illa
1906 5397 2018 5434 non

370 5467 758 5522 intrusionem
791 5467 1023 5523 Eusebii
1060 5467 1252 5531 modo,
1285 5467 1383 5521 sed
1437 5467 1613 5520 etiam
1655 5467 1799 5521 bene
1832 5469 2020 5524 multa

371 5555 485 5610 alia
514 5560 931 5612 commemoret
978 5560 1110 5626 post
1157 5555 1312 5612 sedis
1363 5554 2017 5628 Constantinopolitanae

441 5771 520 5843 (a)
553 5769 699 5827 Vide
724 5768 879 5838 Till.,
909 5786 1004 5827 sur
1027 5771 1085 5827 S.
1113 5771 1255 5828 Paul
1284 5771 1351 5828 de
1384 5770 1488 5827 ΟΡ.

2139 4762 2304 4830 gesta
2335 4759 2603 4812 feruntur
2634 4773 2786 4810 anno
2811 4756 3036 4827 integro
3059 4756 3318 4811 accidere
3337 4761 3671 4827 potuerunt.
3727 4757 3796 4810 Et

2136 4847 2287 4915 ideo,
2321 4851 2388 4900 ut
2419 4845 2698 4908 diximus,
2731 4843 3140 4899 Tillemontius
3162 4849 3394 4899 tantum
3418 4844 3540 4899 haec
3570 4848 3794 4899 arctare

2135 4935 2479 5007 compulsus
2505 4938 2614 5003 est,
2649 4933 2785 5004 quia
2815 4933 3020 5004 synodi
3052 4934 3324 4989 Romanis
3363 4939 3598 5004 tempus
3629 4949 3784 4988 anno

2135 5041 2250 5079 uno
2278 5021 2634 5095 praeverterit
2658 5039 2669 5075 :
2698 5023 2850 5093 quod
2872 5038 3185 5094 moxspero
3201 5022 3787 5077 commonstrabitur.

2131 5115 2217 5169 Ad
2252 5114 2372 5169 haec
2403 5130 2534 5168 vero
2569 5129 2700 5166 cum
2734 5113 3220 5183 pseudosynodus
3245 5111 3345 5166 illa
3366 5112 3785 5167 Constantino-

2131 5203 2409 5274 politana,
2445 5218 2560 5272 qua
2589 5200 2855 5256 intrusus
2886 5202 2944 5255 in
2967 5201 3676 5272 Constantinopolitanam
3700 5215 3786 5255 se-

2131 5293 2263 5349 dem
2297 5290 2579 5346 Eusebius
2615 5290 2742 5359 fuit,
2777 5297 2908 5362 post
2937 5291 3251 5346 adventum
3283 5290 3606 5344 Constantii
3637 5295 3785 5343 Con-

2131 5379 2594 5452 stantinopolim,
2629 5380 2729 5451 qui
2763 5381 2872 5435 sub
2904 5380 3079 5435 ﬁnem
3111 5379 3248 5434 Julii
3281 5378 3418 5434 anni
3445 5379 3552 5433 339
3581 5379 3784 5434 certis-

2130 5472 2276 5525 sime
2311 5469 2544 5536 accidit,
2577 5474 2927 5540 congregata
2950 5469 3142 5533 fuerit,
3179 5473 3308 5539 post
3351 5467 3488 5523 anni
3519 5469 3782 5522 medium

2129 5559 2421 5614 celebrata
2451 5557 2550 5613 illa
2579 5558 2858 5614 fuit.Cum
2891 5562 3088 5614 autem
3113 5559 3372 5629 synodus
3391 5556 3785 5612 Alexandrina

2199 5775 2272 5846 (ὸ)
2302 5773 2540 5842 Athan.,
2574 5790 2630 5846 p.
2666 5773 2738 5830 93
2768 5775 2825 5829 et
2855 5772 2976 5828 112.
