4146 6374
1315 427 1419 493 DE
1462 424 1653 495 'VITA
1694 425 1796 490 ET
1841 420 2194 491 SCRIPTIS
2245 423 2312 486 Β.
2360 418 2814 486 ATHANASII.

3542 419 3771 485 omni

369 575 603 634 centum
633 568 1064 645 episcoporum,
1088 581 1204 622 non
1222 564 1610 620 intrusionem
1635 561 1869 617 Eusebii
1893 577 2011 615 mo-
2042 563 2095 628 Α
2125 557 2194 612 ad
2247 557 2457 613 Julium
2517 558 2819 612 Romanum
2864 555 3196 628 episcopum.
3254 559 3426 612 Porro
3469 557 3776 613 Eusebiani

351 665 450 731 do,
485 665 587 720 sed
631 663 809 718 etiam
843 660 1032 716 multa
1061 657 1176 713 alia
1213 655 1373 709 illam
1407 656 1717 708 consecuta
1748 666 2002 706 comme-

344 759 552 820 moret,
576 767 952 824 nequaquam
983 751 1173 821 potest
1199 744 1305 799 illa
1335 748 1466 798 ante
1498 760 1719 797 annum
1750 741 1854 793 340
1876 757 2005 795 coa-

345 849 440 901 cta
474 843 678 898 fuisse.

416 934 543 988 Non
575 932 768 1003 placet
801 925 1244 983 Tillemontium
1291 922 1375 994 (a)
1419 921 1572 992 quod
1604 919 1883 982 diximus,
1915 917 2007 971 Pi-

346 1028 507 1078 stum
526 1022 599 1076 ab
623 1016 964 1075 Eusebianis
990 1017 1048 1069 in
1071 1014 1416 1086 episcOpum
1435 1014 1773 1081 cooptatum
1796 1007 1852 1062 in
1879 1025 2009 1079 syn-

353 1111 463 1168 odo
494 1109 697 1164 fuisse.
733 1109 850 1178 Ego
895 1122 1028 1160 vero
1089 1103 1296 1167 fateor,
1329 1099 1497 1153 illum
1544 1097 2008 1153 Eusebianorum

355 1203 728 1266 conventum,
754 1197 824 1251 ab
849 1192 1183 1257 Athanasio,
1208 1191 1308 1262 qui
1333 1189 1493 1245 solus
1515 1189 1586 1243 de
1607 1187 1749 1242 Pisti
1773 1187 2006 1241 ordina-

358 1289 518 1344 tione
547 1286 829 1357 loquitur,
864 1283 1157 1354 synodum
1189 1295 1483 1350 nusquam
1535 1275 1743 1332 vocari.
1792 1276 2008 1330 Verum

361 1394 434 1434 an
466 1379 650 1432 ccetus
680 1372 779 1429 ille
813 1371 1296 1433 Eusebianorum,
1328 1368 1387 1421 in
1411 1383 1524 1438 quo
1546 1365 1743 1420 Ariani
1766 1363 1836 1418 ad
1861 1377 2006 1416 com-

361 1465 708 1522 munionem
767 1460 1036 1526 admissi,
1096 1459 1292 1513 Pistus
1341 1456 1607 1518 allectus,
1659 1449 2014 1506 Athanasius

359 1553 726 1627 repudiatus,
757 1556 876 1605 tres
917 1548 1088 1621 legati
1121 1547 1192 1602 ad
1231 1545 1453 1602 Julium
1488 1543 1655 1598 missi
1686 1545 1843 1611 sunt,
1876 1556 2016 1611 syn-

360 1644 510 1700 odus
566 1639 896 1711 nuncupari
957 1638 1185 1705 debeat,
1251 1636 1308 1688 id
1370 1634 1733 1688 eruditorum
1761 1627 2015 1684 examini

360 1731 723 1805 permittam.
759 1729 890 1784 Scio
921 1731 1117 1782 tamen
1150 1725 1208 1778 in
1237 1740 1397 1778 more
1427 1738 1579 1788 esse,
1622 1725 1686 1776 ut
1717 1719 1850 1775 talis
1880 1734 2017 1772 con-

363 1837 566 1878 sessus
609 1818 872 1891 synodus
905 1813 1247 1887 appelletur.
1273 1813 1388 1868 Nec
1410 1811 1535 1867 sine
1558 1827 1735 1865 causa
1757 1807 2022 1880 queritur

2124 663 2334 717 quoque
2366 646 2434 700 (ιιι
2492 646 2697 702 Julium
2750 647 3058 716 scripsere:
3104 663 3169 701 ac
3222 654 3503 717 sperantes
3532 663 3586 701 se
3618 647 3776 702 nobis

2114 745 2375 792 terrorem
2408 737 2742 804 incussuros,
2800 737 3077 806 rogabant
3117 738 3175 790 ut
3213 736 3479 807 synodus'
3509 751 3776 791 convoca-

2116 833 2286 891 retur,
2319 832 2368 880 et
2396 826 2510 894 ipse
2552 826 2736 880 Julius
2765 826 2813 878 si
2843 825 3020 890 vellet,
3043 826 3046 829 ’
3063 825 3237 896 judex
3283 834 3436 880 esset.
3483 826 3618 880 Cum
3660 827 3775 894 igi-

2114 919 2208 968 tur
2261 915 2488 968 Romam
2545 914 2968 980 atlvenissemus,
3010 915 3210 980 Julius,
3244 922 3305 969 ut
3349 924 3778 970 consentaneum

2117 1006 2257 1073 erat,
2309 1004 2521 1058 litteras
2559 1005 2778 1075 scripsit
2828 1003 2897 1057 ad
2943 1005 3297 1072 Eusebianos,
3340 1006 3597 1076 misitque
3645 1005 3779 1061 duos

2117 1110 2146 1149 e
2173 1093 2511 1165 presbyteris
2541 1096 2653 1147 suis
2695 1093 2974 1164 Elpitlium
3005 1098 3056 1148 et
3087 1093 3469 1149 Philoxenum.
3525 1095 3620 1150 Illi
3647 1111 3773 1151 vero

2120 1191 2183 1238 ut
2236 1183 2300 1237 de
2356 1183 2591 1238 (alventu
2637 1191 2816 1238 nostro
2860 1183 3177 1248 audierunt,
3233 1188 3586 1252 consternati,
3640 1185 3783 1256 quod

2121 1274 2439 1328 nullatenus
2487 1280 2861 1344 exspectarent
2903 1288 2998 1328 nos
3030 1274 3165 1327 illuc
3204 1278 3480 1342 venturos,
3533 1275 3784 1332 accedere

2123 1365 2445 1429 renuerunt,
2481 1361 2749 1416 absurdus
2791 1378 2991 1416 causas
3029 1365 3345 1417 commenti.
3377 1362 3480 1417 Hic
3502 1363 3666 1419 vides
3696 1363 3776 1420 le-

2124 1455 2289 1524 gatos
2322 1451 2616 1524 Elpidium
2634 1455 2689 1505 et
2722 1450 3101 1505 Philoxenum
3122 1455 3253 1521 post
3266 1451 3580 1506 adventum
3600 1453 3780 1508 Atha-

2125 1540 2275 1596 nasii
2301 1542 2546 1596 Romam
2580 1558 2612 1595 a
2640 1539 2800 1595 Julio
2833 1556 2982 1611 papa
3012 1539 3246 1595 missos.
3267 1539 3339 1595 Ut
3363 1544 3558 1597 autem
3587 1540 3784 1614 palam

2127 1631 2367 1687 sitcum
2402 1631 2723 1685 adventum
2780 1629 2949 1684 illum
2998 1628 3300 1684 Athanasii
3351 1629 3621 1700 Romam,
3654 1635 3782 1687 tum

2127 1719 2502 1791 legationem,
2548 1723 2680 1790 post
2711 1717 2970 1789 Gregorii
3025 1717 3405 1786 invasionem,
3459 1735 3582 1790 qua:
3635 1737 3788 1777 anno

2128 1810 2227 1864 341
2266 1808 2324 1862 in
2357 1808 2641 1862 Paschate
2673 1808 2824 1862 facta
2857 1811 2964 1874 est,
2998 1807 3336 1880 contigisse,
3381 1807 3579 1864 locum
3608 1811 3785 1866 Atha-

363 1909 724 1967 Athanasius
778 1908 1034 1979 synodos
1090 1902 1408 1974 quotannis
1467 1902 1537 1956 ab
1596 1897 1825 1954 Arianis
1873 1895 2014 1952 cele-
2051 1939 2100 2002 B
2131 1897 2280 1952 nasii
2312 1914 2380 1952 ex
2411 1896 2660 1952 historia
2691 1896 2762 1951 ad
2807 1895 3128 1950 monachos
3182 1895 3625 1968 longiusculum
3657 1897 3794 1956 licet

366 2002 545 2056 bram.
833 2080 1379 2138 ANIMADVERSIO
1417 2078 1560 2134 XIV.

370 2178 644 2233 Probatur
689 2174 983 2245 epistolam
1034 2171 1354 2243 synodalem
1411 2171 1728 2245 Romanam,
1786 2183 1818 2221 a
1873 2165 2026 2222 Julia

615 2241 763 2318 papa
783 2245 993 2310 datam,
1024 2241 1287 2314 scriptam
1317 2258 1428 2296 esse
1459 2255 1604 2295 anno
1635 2241 1757 2293 342.

446 2354 568 2410 Etsi
598 2352 979 2425 perspicuum
1007 2356 1285 2421 putemus
1316 2347 1667 2403 celebratam
1698 2344 1858 2398 illam
1891 2359 2028 2415 syn-

377 2444 581 2510 odum,
604 2445 661 2497 et
679 2442 874 2496 datam
894 2438 1039 2495 Julii
1061 2437 1370 2510 epistolam
1385 2436 1568 2492 fuisse
1586 2452 1738 2491 anno
1755 2436 1880 2500 3/13,
1896 2431 2032 2501 quia

379 2537 577 2589 tamen
610 2548 644 2586 a
693 2530 833 2584 viris
885 2528 1242 2600 insignibus,
1294 2526 1563 2595 Baronio,
1609 2522 1946 2580 Hermantio
1976 2525 2032 2576 et

394 2619 792 2686 Tillemontio,
825 2635 928 2690 pro
951 2619 1195 2672 adversa
1239 2615 1512 2688 Opinione
1555 2614 1776 2669 naviter
1815 2627 2034 2683 pugna-

375 2719 506 2770 tum
539 2715 665 2778 est;
730 2724 852 2763 rem
894 2707 1086 2778 qualis
1137 2707 1196 2760 in
1229 2703 1532 2760 Athanasii
1581 2703 1816 2774 scriptis
1875 2704 1932 2756 et
1972 2699 2031 2753 in

378 2800 519 2860 Julii
554 2816 716 2871 papas
761 2795 1008 2869 epistola
1056 2796 1400 2850 enuntiatur
1434 2793 1579 2864 ipsis
1611 2791 1801 2846 verbis
1833 2791 2034 2845 all‘ere-

380 2907 537 2950 mus:
568 2905 707 2944 nam
729 2888 939 2942 horum
965 2884 1302 2948 auctoritas,
1327 2887 1620 2939 annuente
1641 2879 2033 2945 Tillemontio,

384 2979 639 3038 Socratis
671 2981 728 3032 et
774 2974 1102 3043 Sozomeni,
1135 2973 1236 3044 qui
1284 2973 1628 3045 plerumque
1660 2988 1751 3031 res
1781 2971 2035 3026 miscue-

384 3074 544 3136 runt,
580 3065 920 3124 testimonio
950 3064 1123 3136 longe
1163 3063 1590 3135 anteponenda.
1625 3061 1894 3134 Synodus
1926 3064 2040 3113 An-

371 3159 675 3224 tiochena,
709 3154 1051 3212 Constantio
1089 3155 1352 3224 Augusto
1399 3155 1701 3223 praesente,
1760 3166 1912 3204 anno
1935 3148 2035 3202 341

391 3247 682 3304 celebrata
707 3246 832 3300 est:
867 3242 965 3297 ubi
1009 3241 1473 3296 Eusebianorum
1522 3256 1697 3311 opera
1729 3237 2040 3309 Gregorius

392 3335 704 3408 Cappadox
737 3330 1147 3387 Alexandriam
1180 3329 1494 3402 episcopus
1540 3328 1759 3383 missus
1789 3331 1896 3390 est,
1941 3325 2050 3397 qui
2075 3311 2117 3377 C

393 3422 784 3482 Athanasium
799 3420 1153 3477 deturbaret.
1183 3419 1490 3473 Praemisso
1509 3422 1706 3473 autem
1729 3414 2042 3487 Philagrio,

394 3517 460 3568 ut
488 3512 764 3569 allectum
815 3509 1162 3581 Gregorium
1209 3508 1526 3571 nuntiaret,
1578 3507 1702 3577 ipse
1733 3503 2046 3575 Gregorius

395 3601 598 3674 paucis
621 3604 756 3672 post
795 3599 1073 3672 Philagrii
1106 3599 1420 3653 adventum
1469 3596 1678 3651 diebus
1707 3592 2046 3649 Alexandri-

395 3707 532 3746 nam
563 3688 780 3746 invasit
811 3689 1031 3744 sedem.
1078 3686 1439 3742 Athanasius
1470 3702 1602 3740 vero
1652 3688 1782 3755 post
1822 3684 2045 3754 ingres-

395 3794 527 3834 sum
561 3776 843 3850 Gregorii,
873 3792 1010 3832 eum
1044 3776 1376 3848 proximum
1410 3773 1735 3845 periculum
1767 3776 1942 3839 esset,
1984 3774 2049 3824 ut

393 3867 788 3923 scrutantium
820 3865 1082 3921 eluderet
1113 3881 1323 3920 manus
1345 3862 1730 3919 Pasc‘halibus
1754 3861 1897 3933 ipsis
1923 3861 2045 3915 die-

392 3957 503 4012 bus
536 3972 598 4011 so
650 3954 950 4021 subduxit,
1002 3957 1058 4009 et
1090 3954 1335 4009 Romam
1389 3951 1699 4023 navigavit.
1732 3951 2043 4012 Hactenus,

389 4045 716 4116 refragante
772 4044 1023 4104 nemine,
1078 4042 1160 4098 sic
1213 4059 1274 4097 se
1335 4058 1426 4096 res
1484 4041 1834 4096 habuerunt.
1897 4039 2044 4105 Quid

387 4149 522 4189 vero
555 4135 626 4190 de
658 4149 856 4189 rerum
889 4137 1020 4204 post
1066 4135 1368 4203 gestarum
1415 4131 1562 4185 serie
1595 4129 1952 4184 Athanasius
1993 4132 2049 4182 et

389 4222 584 4279 Julius
605 4226 865 4290 narrent,
892 4222 1018 4292 jam
1039 4221 1366 4292 expendere
1390 4219 1550 4274 libet.
1575 4219 1711 4274 Post
1733 4219 2045 4274 adventum

394 4312 697 4369 Athanasii
731 4313 977 4367 Romam
1023 4309 1220 4366 Julius
1270 4326 1420 4380 papa
1450 4307 1670 4380 legatos
1702 4307 1863 4363 misit
1893 4307 2045 4376 Elpi-

393 4401 556 4457 dium
583 4406 643 4457 et
666 4399 1049 4457 Philoxenum
1081 4398 1454 4454 Antiochiam
1477 4398 1548 4452 ad
1579 4397 1960 4462 Eusebianos,
1985 4400 2052 4450 ut

391 4489 751 4547 Athanasius
783 4492 915 4560 post
946 4488 1187 4542 allatam
1239 4486 1643 4541 Alexandrinae
1689 4485 1896 4557 synodi
1928 4485 2048 4556 epi-

392 4575 606 4634 stolam
640 4581 876 4633 enarrat
907 4577 998 4633 his
1031 4575 1222 4632 verbis
1255 4576 1330 4646 (b)
1365 4592 1377 4628 :
1411 4577 1587 4627 Ταῦτα
1612 4573 1702 4646 μὲν
1738 4573 1790 4626 οἰ
1820 4572 1924 4626 ἀπὸ
1947 4579 2050 4641 τῆς

2134 1987 2452 2044 aﬂ'erimus.
2508 1986 2703 2063 Γράφει
2748 1984 2928 2039 τοίνυν
2979 1984 3103 2039 τότε
3149 1987 3548 2056 Κωνστάντιος,
3587 1990 3793 2052 πάντας

2136 2073 2193 2130 δέ
2225 2073 2432 2138 διώκει,
2463 2075 2553 2128 καὶ
2584 2075 2787 2146 πέμπει
2822 2072 3127 2148 Φιλάγριον
3181 2070 3449 2151 ἔπαρχον,
3481 2077 3571 2131 καὶ
3602 2080 3795 2154 Ἀρσά-

2135 2164 2249 2220 κιόν
2306 2184 2425 2218 τινα
2470 2163 2728 2238 εὐνοῦχον
2766 2181 2778 2194 ’
2815 2165 3016 2237 πέμπει
3068 2161 3124 2218 δὲ
3171 2165 3258 2218 καὶ
3310 2165 3613 2242 Γρηγόριον
3661 2171 3796 2240 μετὰ

2139 2260 2532 2328 στρατιωτικῆς
2582 2252 2846 2323 ἐξουσίας,
2893 2253 2982 2307 καὶ
3029 2257 3250 2308 τοιαῦτα
3299 2255 3520 2328 γέγονεν
3570 2257 3658 2310 οἷα
3705 2259 3795 2313 καὶ

2139 2343 2420 2418 πρότερον.
2471 2342 2885 2417 Ξυναγαγὸντες
2939 2343 3043 2418 γὰρ
3089 2340 3305 2411 πλῆθος
3364 2342 3644 2417 βουκόλων
3703 2347 3795 2401 καὶ

2139 2433 2413 2506 ποιμένων
2459 2432 2547 2486 καὶ
2582 2429 2766 2486 ἄλλων
2821 2453 2879 2486 τε
2929 2430 3200 2507 ἀγοραίων
3251 2433 3342 2486 καὶ
3383 2431 3629 2509 ἀσελγῶν
3662 2457 3795 2490 νεω-

2139 2523 2308 2595 τέρων
2347 2522 2480 2595 μετά
2510 2522 2680 2596 ξιφῶν
2733 2522 2824 2575 καὶ
2877 2519 3156 2598 ῥοπάλων,
3189 2520 3427 2590 ἐπῆλθον
3485 2523 3692 2595 ἀθρόως
3726 2528 3795 2599 τῇ

2503 2615 2527 2624 ν

2144 2609 2409 2681 ἐκκλησίᾳ
2463 2615 2532 2684 τῇ
2607 2608 2921 2685 καλουμένῃ
2992 2611 3221 2686 Κυρίνου
3281 2629 3293 2641 ⁸
3350 2613 3441 2666 καὶ
3513 2612 3641 2675 τοὺς
3704 2615 3797 2686 μέν

2145 2701 2478 2769 ἀπέκτειναν,
2510 2699 2638 2762 τοὺς
2669 2698 2726 2754 δέ
2773 2701 3170 2771 κατεπάτησαν,
3217 2698 3422 2763 ἄλλους
3468 2723 3526 2756 τε
3555 2700 3802 2778 πληγαῖς

2143 2790 2542 2863 κατακόψαντες
2603 2790 2679 2851 εἷς
2739 2787 3114 2866 δεσμωτήριον
3187 2785 3464 2859 ἐνέϐαλον,
3523 2791 3612 2846 καὶ
3670 2791 3801 2862 ἐξώ-

2149 2885 2316 2955 ριζον.
2363 2877 2585 2941 Πολλάς
2633 2900 2692 2932 τε
2748 2884 3007 2953 γυναῖκας
3053 2878 3464 2955 κατασύροντες,
3511 2878 3690 2935 εἷλκον
3726 2881 3804 2944 εἷς

2145 2970 2207 3023 τὸ
2267 2967 2612 3042 δικαστήριον
2670 2966 2931 3040 δημοσίᾳ,
2981 2970 3224 3022 καὶτῶν
3287 2974 3494 3045 τριχῶν
3553 2966 3806 3038 ἕλκοντες

2148 3053 2367 3133 ὕϐριζον
2403 3080 2414 3092 ·
2452 3055 2656 3119 ἄλλους
2691 3055 2979 3130 ἐδήμευον,
3016 3055 3201 3112 ἄλλων
3236 3056 3431 3132 ἄρτους
3476 3059 3801 3137 ἀφῃροῦντο,

2151 3145 2220 3202 δι’
2251 3145 2402 3201 οὐδέν
2433 3143 2614 3222 ἕτερον
2647 3147 2681 3215 ἢ
2703 3145 2796 3200 *ἶνα
2825 3152 2943 3209 τοῖς
2975 3149 3280 3224 ’Λρειανοῖς
3317 3149 3681 3222 προσθῶνται,
3713 3149 3803 3202 καὶ

2152 3237 2454 3313 Γρηγόριον
2507 3234 2760 3306 δέξωνται
2809 3237 2898 3290 τὸν
2951 3237 3054 3290 ἀπὸ
3090 3234 3359 3309 βασιλέως
3408 3235 3800 3294 ἀποσταλέντα.

2159 3327 2469 3386 Ἀθανάσιος
2531 3326 2623 3397 μὲν
2683 3323 2772 3378 οὖν
2804 3325 2928 3397 πρὶν
2988 3326 3238 3399 γενέσθπι
3285 3329 3470 3394 ταῦτα,
3513 3327 3602 3380 καὶ
3639 3327 3802 3399 μόνον

2160 3415 2411 3478 ἀκούσας,
2449 3410 2702 3468 ἔπλευσεν
2737 3415 2810 3476 εἷς
2857 3415 2955 3483 τήν
3004 3415 3244 3486 Ῥώμην,
3299 3411 3456 3476 εἰδώς
3506 3435 3564 3469 τε
3591 3415 3680 3470 τὸν
3713 3417 3804 3470 θυ-

2163 3505 2260 3576 μὸν
2293 3508 2399 3557 τῶν
2458 3505 2764 3579 αἱρετικῶν,
2819 3503 2907 3557 καί
2950 3501 3064 3574 τίκα,
3117 3505 3193 3565 ὡς
3243 3501 3454 3578 ἤρεσεν,
3506 3507 3540 3574 ἡ
3583 3502 3808 3568 σύνοδος

2158 3594 2379 3668 γένηται
2417 3615 2428 3626 ·
2465 3594 2492 3646 ὁ
2537 3591 2592 3647 δέ
2640 3591 2870 3655 Ἰούλιος
2920 3594 3135 3670 γράφει,
3184 3594 3278 3646 καῖ
3318 3594 3521 3666 πέμπει
3571 3590 3805 3669 πρεσϐυ-

2155 3683 2343 3756 τέρους
2378 3680 2657 3737 Ἐλπίδιον
2704 3684 2794 3736 καὶ
2844 3681 3159 3752 Φιλόξενον,
3215 3681 3393 3755 ὁρίσας
3447 3685 3537 3737 καὶ
3580 3685 3806 3757 προθεσ-

2163 3771 2308 3846 μίαν,
2355 3769 2447 3826 τίνα
2506 3769 2733 3826 ἔλθωσιν
2770 3793 2782 3806 ·
2819 3775 2873 3829 id
2935 3779 3069 3829 est:
3104 3775 3338 3830 Litteras
3384 3778 3571 3846 itaque
3617 3777 3812 3832 scribit

2161 3865 2526 3929 Constantius,
2566 3880 2629 3917 ac
2659 3865 2719 3917 in
2753 3879 2938 3918 omnes
2977 3867 3148 3919 movet
3195 3865 3642 3936 persecutionem,
3682 3865 3813 3920 Phi-

2163 3952 2510 4024 lagrium/[ue
2537 3953 2711 4007 mittit
2741 3956 2792 4006 et
2839 3953 3124 4008 Arsacium
3153 3953 3446 4024 quemdam
3475 3954 3807 4009 eunuchum.

2159 4043 2321 4098 Mittit
2358 4043 2489 4096 item
2535 4041 2860 4110 Gregorium
2906 4058 3029 4096 cum
3077 4043 3322 4097 militari
3365 4059 3570 4098 manu:
3623 4058 3814 4114 resque

2157 4132 2534 4203 superioribus
2581 4131 2788 4185 similes
2835 4139 2993 4200 gestae
3029 4139 3175 4186 sunt.
3232 4131 3437 4187 Coacta
3473 4135 3672 4204 quippe
3719 4133 3815 4188 illi

2161 4220 2540 4289 bubulcorum,
2584 4222 2914 4290 Opilionum,
2963 4220 3203 4276 aliorum
3249 4223 3554 4290 forensium
3605 4239 3675 4278 ac
3714 4238 3808 4294 pe-

2159 4309 2462 4365 tulantiam
2481 4309 2753 4378 juvenum
2782 4309 3158 4376 multitudine,
3189 4325 3312 4364 cum
3331 4310 3535 4379 gladiis
3555 4318 3605 4366 et
3631 4311 3814 4367 clavis

2160 4401 2218 4454 in
2252 4399 2548 4453 ecclesiam
2609 4397 2802 4469 Cyrini
2859 4401 3073 4453 dictam
3120 4399 3402 4468 irrupere:
3463 4399 3648 4472 ibique
3676 4400 3814 4456 alios

2161 4487 2491 4556 occiderunt,
2527 4489 2666 4542 alios
2703 4488 3109 4556 conculcarunt,
3159 4487 3300 4542 alios
3349 4488 3533 4558 plagis
3579 4488 3815 4544 lam'atos

2160 4579 2222 4632 in
2250 4593 2527 4634 carcerem
2569 4584 2868 4642 truserunt,
2929 4577 2989 4629 in
3038 4577 3407 4648 exsiliumque
3447 4576 3812 4648 pepulerunt;

394 4663 676 4739 Αἰγύπτου
719 4665 855 4741 πρὸς
907 4662 1138 4718 Ἰούλιον
1190 4664 1280 4718 τὸν
1335 4661 1626 4717 ἐπίσκοπον
1678 4669 1777 4730 τῆς
1808 4661 2025 4734 Ῥώμης

2159 4667 2416 4721 mulieres
2445 4666 2720 4736 plurimas
2769 4664 3033 4720 abductas
3081 4665 3151 4719 ad
3181 4665 3428 4720 tribunal
3476 4666 3671 4736 palam
3696 4683 3818 4737 per-

395 4753 492 4807 Καὶ
523 4754 576 4806 οἳ
623 4754 748 4826 περὶ
784 4749 1044 4807 Εύσέϐιον
1077 4749 1134 4806 δὲ
1182 4752 1320 4828 πρὸς
1367 4749 1598 4806 Ἰούλιον
1652 4746 1910 4825 ἔγραψαν,
1960 4749 2048 4803 καὶ

390 4841 711 4914 νομίζοντες
754 4844 903 4916 ἡμᾶς
954 4836 1201 4918 ἐκφοϐεῖν
1247 4841 1483 4911 ἠξίωσαν
1537 4839 1758 4894 σύνοδον
1804 4838 2049 4908 καλέσαι,

391 4933 481 4984 καὶ
531 4931 691 4986 αὐτὸν
747 4930 1001 5004 Ἰούλιον,
1059 4930 1105 4984 εἰ
1168 4929 1447 5006 βούλοιτο,
1507 4931 1697 5003 κριτὴν
1757 4930 2049 5005 γενέσθαι.

392 5021 578 5093 Ἡμῶν
620 5018 802 5075 τοίνυν
862 5017 1196 5074 ἀνελθόντων
1250 5019 1325 5081 εἷς
1377 5021 1476 5088 τήν
1526 5019 1767 5091 Ῥώμην,
1821 5013 2050 5092 ἔγραψεν

395 5107 620 5171 εἰκότως
683 5108 912 5171 Ἰούλιος
963 5109 1052 5164 καὶ
1107 5108 1197 5164 ἐπὶ
1254 5107 1381 5170 τοὺς
1440 5109 1564 5182 περὶ
1597 5102 1880 5173 Εὐσέϐιον,
1926 5108 2054 5161 ἀπο-

399 5196 617 5260 στείλας
646 5198 739 5252 καί
781 5195 878 5253 δύο
924 5192 1322 5274 πρεσϐυτέρους
1382 5197 1572 5251 ἑαυτοῦ
1625 5183 1902 5250 ’ῘΞλπίδιον
1961 5197 2052 5250 καὶ

400 5285 714 5358 Φιλόξενον.
751 5289 979 5343 Ἐκεῖνοι
1011 5285 1069 5342 δὲ
1099 5286 1420 5348 ἀκούσαντες
1461 5286 1584 5360 περὶ
1625 5287 1810 5358 ἡμῶν,
1860 5285 2050 5362 ἐταρά-

398 5378 630 5453 χθησαν,
674 5377 734 5432 οὐ
794 5375 1266 5451 προςδοκήσαντες
1325 5379 1474 5448 ἡμᾶς
1533 5375 1851 5450 ἀνέρχεσθαι
1888 5395 1900 5407 ’

399 5468 826 5542 παρῃτήσαντο,
886 5468 1182 5545 προφάσεις
1257 5466 1549 5526 ἀπιθάνους
1617 5466 1973 5538 πορισάμενοι
2036 5483 2048 5497 ·

1961 5376 2052 5429 καὶ

399 5557 458 5614 id
489 5562 617 5614 est:
648 5559 774 5615 Haec
827 5557 1052 5630 quidem
1095 5559 1321 5630 Egypti
1368 5556 1440 5613 ad
1484 5572 1669 5613 omnes
1698 5558 1974 5628 episcopos
2005 5564 2058 5613 et

470 5769 548 5842 (a)
568 5769 715 5830 Note
744 5736 852 5828 33.'

2163 4758 2476 4820 traxerunt,
2508 4754 2862 4825 crinibusque
2878 4757 3136 4825 raptatas
3167 4756 3516 4810 contumeliis
3535 4757 3771 4827 offecere
3795 4773 3816 4818 ,·

2162 4845 2302 4900 alios
2341 4845 2724 4916 proscripsere,
2783 4844 3020 4898 aliorum
3065 4860 3237 4914 panes
3284 4844 3597 4899 abstulere:
3651 4844 3818 4915 idque

2162 4935 2317 4988 nulla
2348 4935 2467 4988 alia
2509 4933 2574 4988 de
2604 4948 2790 4997 causa,
2818 4949 2983 5004 quam
3028 4941 3088 4988 ut
3126 4949 3214 4989 eos
3244 4933 3471 4988 Arianis
3503 4933 3814 5003 adhaerere,

2165 5022 2590 5093 Gregoriumque
2620 5023 2687 5076 ab
2744 5022 3075 5093 imperatore
3104 5025 3335 5078 missum
3373 5025 3612 5092 recipere
3657 5038 3813 5091 coge-

2163 5121 2305 5169 rent.
2341 5112 2667 5166 Atbanasius
2724 5127 2847 5166 vero
2904 5120 3200 5183 antequam
3243 5117 3358 5167 haec
3419 5113 3571 5184 facta
3615 5119 3813 5178 essent,

2162 5202 2232 5257 ad
2256 5203 2505 5273 primum
2535 5202 2618 5255 rei
2646 5201 2901 5256 auditum
2934 5203 3157 5256 Romam
3185 5202 3493 5268 navigavit,
3528 5200 3672 5270 quod
3701 5200 3818 5256 haz-

2162 5293 2455 5346 reticorum
2506 5293 2751 5359 furorem
2805 5294 3143 5360 perspectum
3209 5291 3470 5354 haberet;
3515 5293 3575 5343 ut
3627 5291 3816 5359 etiam,

2161 5385 2322 5451 prout
2339 5381 2610 5451 placitum
2638 5381 2777 5443 erat,
2803 5378 3040 5448 synodus
3068 5379 3148 5433 ibi
3179 5379 3547 5434 celebraretur
3574 5397 3593 5434 :
3639 5379 3820 5435 Julius

2161 5473 2346 5525 autem
2387 5469 2729 5540 presbyteros
2774 5465 3061 5538 Elpidium
3109 5477 3162 5523 et
3205 5468 3574 5523 Philoxenum
3621 5469 3817 5535 mittit,

2162 5562 2475 5630 tempusque
2528 5557 2649 5611 illis
2695 5555 3064 5628 (Eusebianis)
3093 5559 3419 5630 praestituit,
3441 5562 3501 5615 ut
3554 5558 3708 5614 intra
3745 5559 3815 5613 il-

2237 5772 2402 5847 (b)P.
2436 5771 2560 5830 110.
