4146 6388
358 420 580 474 CLXXIV

1751 409 2362 481 PROLEGOMENA.

359 545 456 604 lud
502 547 726 603 Romam
780 561 837 602 se
865 546 1188 619 conferrent.
1250 547 1330 604 Ex
1387 546 1479 605 his
1537 548 1814 605 omnibus
1851 547 1998 605 'luce
2027 551 2076 616 Α
2113 553 2189 608 sit
2217 553 2407 609 virum
2437 551 2581 610 alias
2613 556 2951 611 accuratum
2982 557 3040 612 et
3059 553 3299 612 doctum
3330 554 3452 612 hac
3481 552 3570 613 vel
3601 551 3761 629 cogi-

357 634 574 692 clarius
618 640 727 704 est,
782 637 1083 692 Athanasii
1136 641 1380 692 Romam
1444 637 1879 710 profectionem,
1941 655 2005 694 ac

354 725 567 798 Elpidii
597 731 655 781 et
703 725 1001 782 Philoxeni
1042 726 1412 798 legationem,
1465 732 1596 800 post
1639 728 2003 783 invasionem

354 814 631 887 Gregorii,
665 832 790 887 quae
823 816 1140 871 fatentibus
1171 817 1447 872 omnibus
1478 818 1535 871 in
1555 817 1836 872 Paschate
1865 817 2000 872 anni

350 904 450 960 341
486 904 744 976 contigit,
782 905 991 959 factam
1042 905 1241 960 fuisse.
1287 905 1398 959 Nec
1450 905 1769 977 quispiam,
1804 922 1997 977 spero,

353 993 607 1065 negabit,
653 993 764 1048 nisi
798 998 1003 1065 sponte
1045 995 1312 1050 caacutire
1343 994 1496 1049 velit.
1530 995 1660 1049 Jam
1692 995 1763 1048 ad
1797 1000 2002 1050 caetera

350 1098 679 1154 pergamus.
715 1083 1024 1138 Eusebiani
1079 1082 1375 1155 Elpidium
1413 1087 1468 1138 et
1501 1083 1884 1138 Philoxenum
1918 1082 1997 1138 le-

345 1174 511 1243 gatos
544 1188 729 1243 usque
759 1173 831 1226 ad
881 1171 1229 1227 Januarium
1264 1188 1548 1235 mensem,
1601 1189 1810 1236 nempe
1861 1172 1995 1227 anni

344 1260 452 1315 342
480 1260 759 1325 detinent,
796 1264 852 1316 et
883 1265 947 1315 ut
990 1260 1166 1316 habet
1209 1261 1588 1329 Athanasius,
1625 1260 1778 1315 ultra
1807 1261 1999 1315 condi-

344 1352 504 1404 ctum
533 1366 567 1404 a
595 1349 752 1405 Julio
786 1350 857 1403 ad
890 1349 1294 1404 celebrandam
1320 1351 1609 1421 synodum
1632 1355 1886 1420 tempus,
1922 1348 1995 1408 ὡς

340 1434 466 1497 τοὺς
503 1437 595 1509 μὲν
628 1431 1026 1510 πρεσϐυτέρους
1074 1442 1363 1511 κατασχεῖν
1418 1438 1506 1490 καὶ
1547 1437 1680 1508 μετᾶ
1727 1438 1824 1505 τὴν
1858 1457 1994 1512 προ-

341 1524 582 1598 θεσμίαν.
615 1527 814 1582 Julius
844 1531 1037 1582 autem
1070 1526 1190 1581 haec
1216 1527 1393 1581 habet
1427 1544 1438 1581 :
1465 1526 1527 1578 Οἱ
1561 1523 1732 1579 ἐλθεῖν
1762 1527 1835 1597 μὴ
1867 1527 1992 1600 βου-

342 1610 568 1686 λόμενοι
602 1617 968 1689 κατεσχήκασι
999 1615 1088 1668 καὶ
1135 1614 1262 1676 τοὺς
1311 1609 1707 1690 πρεσϐυτέρους
1762 1611 1864 1675 ἕως
1899 1613 1992 1667 αὗ-

339 1708 436 1759 τοῦ
465 1709 562 1757 τοῦ
611 1704 939 1777 Ἰανουαρίου
976 1704 1168 1775 μηνός,
1202 1705 1259 1759 id
1290 1710 1378 1760 est
1410 1721 1422 1758 :
1459 1705 1552 1759 Illi
1599 1706 1798 1776 quibus
1841 1720 1994 1759 acce-

341 1794 470 1850 dere
508 1811 616 1850 non
665 1795 899 1866 placuit,
926 1795 1265 1866 presbyteros
1294 1810 1505 1864 quoque
1547 1794 1805 1864 usquead
1837 1810 1993 1848 men-

339 1899 453 1939 sem
497 1886 827 1940 Ianuarium
857 1884 1236 1939 detinueruat.
1266 1886 1342 1937 Ex
1365 1881 1456 1937 his
1487 1899 1658 1954 porro
1688 1881 1988 1937 Athanasii

339 1972 564 2029 et‘Julii
599 1973 769 2028 dictis
819 1972 985 2027 facile
1035 1971 1326 2026 calculum
1372 1988 1575 2043 ponas.
1633 1971 1987 2026 Athanasius

336 2061 684 2117 Alexandria
718 2062 962 2116 Romam
1013 2060 1405 2133 proficiscitur
1433 2059 1691 2132 paschali
1727 2064 1988 2132 tempore

338 2151 476 2206 anni
509 2152 635 2217 341,
668 2155 732 2205 ut
782 2150 1248 2206 adversariorum
1300 2150 1552 2204 furorem
1587 2148 1858 2220 prudenti
1892 2149 1987 2204 ab-

339 2239 526 2295 sentia
556 2239 798 2294 falleret.
834 2239 971 2294 Post
1001 2240 1129 2308 ejus
1149 2238 1393 2294 Romam
1427 2239 1742 2293 adventum
1764 2238 1984 2310 legatos

335 2327 526 2384 Julius
555 2327 923 2384 Antiochiam
958 2328 1138 2382 mittit
1157 2326 1450 2399 Elpidium
1485 2331 1540 2382 et
1563 2326 1979 2382 Philoxenum:

335 2418 392 2473 id
428 2435 545 2474 una
575 2418 724 2474 serie
772 2417 863 2473 bis
894 2417 1241 2472 testificatur
1271 2416 1625 2472 Athanasius
1657 2434 1668 2471 :
1703 2416 1772 2470 ad
1798 2432 1985 2486 usque

331 2507 678 2564 Januarium
729 2506 1058 2578 proximum
1100 2506 1279 2578 (haud
1337 2506 1513 2561 dubie
1544 2505 1680 2560 anni
1741 2505 1868 2575 3’12)
1901 2503 1980 2559 le-

331 2597 448 2668 gati
480 2596 793 2652 Antiochiae
847 2597 1201 2651 detinentur.
1237 2595 1298 2649 ld
1347 2595 1539 2649 Julius
1589 2598 1806 2648 narrat.
1866 2594 1980 2649 Re—

328 2683 479 2741 versi
513 2685 755 2741 Romam
799 2683 995 2757 legati,
1042 2683 1505 2740 Eusebianorum
1552 2683 1776 2739 litteras
1823 2682 1978 2738 Julio

329 2774 598 2842 oll‘erunt,
632 2790 780 2845 quas
817 2773 1032 2844 Julius,
1065 2776 1130 2827 ut
1167 2772 1674 2844 testificaturipse,
1708 2771 1976 2844 aliquan-

326 2867 454 2918 tum
490 2862 771 2936 temporis
803 2878 981 2934 penes
1031 2878 1092 2917 se
1124 2861 1390 2925 servavit,
1443 2878 1547 2916 nec
1581 2862 1802 2932 synodo
1843 2877 1974 2932 pro-

324 2951 479 3022 tulit,
512 2969 754 3023 sperans
803 2951 1028 3023 aliquot
1074 2967 1276 3006 eorum
1327 2954 1553 3006 mutata
1582 2950 1872 3006 sententia
1903 2953 1974 3006 ad

325 3041 661 3097 'condictum
692 3044 987 3096 venturos.
1020 3041 1129 3112 Spe
1159 3039 1259 3095 tali
1285 3039 1588 3111 depulsus,
1621 3039 1842 3095 litteras
1873 3039 1974 3095 de-

326 3146 490 3185 mum
522 3129 763 3191 recitat;
782 3129 1155 3199 Athanasius,
1181 3128 1490 3184 Marcellus
1507 3133 1562 3184 et
1582 3128 1857 3200 Asclepas
1891 3129 1970 3184 rei

324 3219 456 3287 acti,
491 3219 774 3274 discussis
805 3225 861 3274 et
891 3218 1206 3274 confutatis
1225 3218 1589 3288 criminibus,
1615 3218 1684 3272 ad
1710 3233 1970 3272 commu-

2114 642 2684 699 tassse.Junuarium
2720 661 2980 700 mensem
3012 650 3216 700 contra
3240 646 3416 701 ﬁdem
3438 643 3763 701 manuscri-

2114 737 2346 804 ptorum
2369 738 2427 788 et
2457 733 2744 788 editorum
2779 733 3045 788 omnium
3081 734 3204 789 vult
3244 735 3302 789 in
3334 734 3579 790 Junium
3601 749 3758 789 com-

2113 821 2367 877 mutari:
2401 839 2518 893 qua
2561 823 2712 876 facta
2740 823 3081 888 mutatione,
3117 824 3172 877 id
3207 823 3532 878 absurdum
3567 823 3761 895 sequi-

2113 913 2230 975 tur,
2266 912 2418 982 quod
2449 909 2642 966 Julius
2673 914 2950 982 queratur
2983 909 3207 983 legatos
3259 929 3399 968 suos
3448 928 3669 982 mense,
3703 915 3766 965 ut

2112 997 2306 1064 citius,
2343 999 2493 1053 Maio
2520 999 2704 1054 Roma
2735 1000 3025 1071 profectos
3056 1001 3451 1067 Antiochiam,
3475 999 3555 1056 ibi
3580 1015 3764 1072 usque

2111 1087 2182 1141 ad
2215 1087 2462 1142 Junium
2485 1089 2753 1158 ejusdem
2786 1088 2922 1144 anni
2955 1089 3143 1144 reditu
3175 1089 3530 1145 interclusos
3548 1089 3760 1144 fuisse:

2110 1176 2210 1247 qui
2242 1180 2437 1232 tamen
2468 1177 2561 1232 vix
2594 1194 2792 1233 mense
2811 1177 2989 1232 Junio
3007 1179 3211 1233 eodem
3235 1178 3534 1250 pervenire
3566 1182 3764 1249 potue—

2110 1263 2244 1319 rint.
2301 1265 2629 1321 Octodecim
2681 1283 2850 1338 porro
2911 1282 3144 1322 menses
3175 1283 3322 1338 quos
3367 1266 3758 1321 Athanasium

2107 1353 2467 1410 Eusebianos
2497 1360 2928 1427 exspectantem
2977 1356 3236 1427 exegisse
3286 1357 3481 1411 Roma;
3512 1360 3760 1412 testatur

2105 1442 2300 1500 Julius
2332 1462 2501 1517 papa,
2536 1446 2616 1500 ita
2646 1445 2769 1500 vult
2797 1445 2893 1500 ille
2924 1445 3273 1517 computari,
3307 1449 3371 1500 ut
3398 1445 3578 1517 hujus
3615 1449 3760 1500 tem-

2107 1533 2264 1605 poris
2296 1551 2430 1606 pars
2463 1535 2534 1590 ab
2559 1551 2710 1590 anno
2742 1536 2874 1601 340,
2907 1551 3020 1606 quo
3049 1534 3282 1589 venisse
3312 1534 3558 1589 Romam
3580 1533 3756 1588 Atha-

2107 1622 2339 1677 nasium
2372 1623 2862 1689 comminiscitur,
2897 1622 3131 1678 ineatur
3155 1641 3166 1690 ;
3188 1623 3324 1677 hinc
3345 1621 3756 1677 Alexandriam

2106 1711 2350 1767 rediisse
2381 1716 2565 1783 putet,
2600 1717 2656 1767 et
2685 1712 2909 1783 aliquot
2937 1710 3018 1766 ibi
3052 1727 3282 1766 menses
3321 1715 3636 1778 moratum,
3671 1728 3759 1766 re-

2106 1799 2391 1870 migrasse
2437 1800 2703 1868 Romam,
2755 1805 2812 1855 et
2854 1799 3078 1872 aliquot
3123 1799 3336 1854 iterum
3389 1816 3622 1856 menses
3675 1799 3763 1855 ibi

2103 1888 2442 1943 substitisse
2467 1905 2478 1941 :
2503 1893 2675 1960 atque
2706 1889 2786 1943 ita
2805 1887 3097 1943 calculum
3133 1889 3316 1960 ponit,
3343 1892 3406 1942 ut
3429 1889 3760 1944 octodecim

2101 1993 2332 2033 menses
2366 1979 2582 2049 partim
2630 1983 2761 2033 ante
2811 1978 3135 2049 profectum
3166 1978 3296 2048 ejus
3325 1976 3760 2047 Alexandriam,

2097 2069 2154 2121 et
2187 2083 2382 2122 moras
2447 2066 2703 2134 ibidem;
2759 2067 2971 2138 partim
3029 2071 3161 2138 post
3214 2066 3470 2122 reditum
3511 2067 3756 2122 Romam

2097 2153 2437 2210 constituat.
2491 2155 2575 2210 En
2619 2154 2755 2210 Julii
2805 2155 2978 2209 verba
3013 2172 3024 2209 :
3054 2154 3152 2207 Καὶ
3211 2154 3315 2227 γὰρ
3369 2153 3504 2226 πρὸς
3536 2152 3752 2215 τούτοις

2093 2248 2221 2296 πᾶσι
2257 2288 2270 2311 ,
2327 2244 2648 2318 παρέμεινεν
2700 2243 2921 2298 ἐνταῦθα
2970 2241 3208 2297 ἐνιαυτὸν
3264 2242 3352 2296 καὶ
3403 2239 3456 2312 ἕξ
3520 2249 3694 2316 μῆνας
3733 2289 3747 2313 ,

2096 2329 2458 2407 ἐκδεχόμενος
2488 2334 2586 2402 τὴν
2620 2331 2913 2403 παρουσίαν
2950 2332 3123 2404 ὑμῶν,
3158 2332 3193 2400 ἢ
3225 2335 3330 2384 τῶν
3387 2329 3742 2406 βουλομένων

2091 2418 2286 2474 ἐλθεῖν·
2321 2422 2386 2496 τῂ
2422 2420 2478 2476 δὲ
2507 2422 2774 2496 παρουσία
2824 2418 3085 2476 ἐδυσώπει
3135 2422 3356 2482 πάντας·
3414 2419 3498 2474 ὅτι
3549 2419 3648 2474 οὐκ
3679 2420 3739 2475 ἂν

2089 2517 2290 2584 παρῆν,
2343 2511 2386 2564 εἰ
2439 2512 2512 2583 μή
2543 2510 2752 2587 seipse
2786 2552 2797 2564 .
2832 2512 2888 2566 id
2939 2517 3027 2566 est
3060 2527 3073 2567 :
3109 2514 3324 2567 Etenim
3365 2519 3577 2583 praeter
3623 2511 3741 2569 haec

2089 2602 2293 2665 omnia,
2344 2618 2554 2655 annum
2601 2618 2770 2655 unum
2828 2605 2880 2656 et
2926 2615 3022 2655 sex
3050 2615 3261 2654 menses
3318 2600 3406 2654 hic
3451 2602 3738 2672 remansit,

2086 2693 2147 2744 ut
2190 2689 2483 2745 adventum
2528 2698 2785 2753 vestrum,
2825 2697 2921 2744 aut
2969 2704 3159 2743 eorum
3205 2689 3302 2759 qui
3355 2687 3463 2743 huc
3505 2705 3562 2744 se
3609 2705 3736 2745 con-

2084 2781 2232 2849 ferre
2295 2780 2476 2847 vellet,
2522 2781 2869 2850 expectaret;
2931 2793 3136 2848 suaque
3194 2780 3500 2848 praesentia
3554 2793 3738 2833 omnes

2080 2867 2290 2939 pudore
2336 2867 2646 2936 afﬁciebat;
2689 2881 2798 2921 non
2828 2866 3135 2936 adfuturus
3171 2867 3385 2936 quippe,
3418 2867 3530 2919 nisi
3557 2882 3738 2921 causae

2082 2970 2202 3012 sua?
2229 2955 2553 3026 conﬁdisset.
2581 2955 2740 3009 Sane
2770 2952 2883 3008 nisi
2921 2951 3062 3008 Julii
3097 2952 3253 3006 dicto
3299 2951 3494 3023 palam
3523 2952 3612 3007 vis
3653 2953 3737 3006 in-

2084 3045 2324 3108 feratur,
2367 3043 2462 3098 hic
2511 3042 2831 3098 octodecim
2901 3041 3232 3107 continuos,
3286 3056 3391 3095 nec
3450 3039 3628 3112 longa
3677 3043 3734 3094 et

2083 3133 2364 3189 diuturna
2396 3130 2859 3204 peregrinatione
2887 3129 3239 3201 interceptos
3271 3144 3504 3184 menses
3526 3127 3732 3183 intelli-

2081 3238 2186 3294 gas
2235 3225 2478 3293 oportet.
2533 3219 2676 3274 Nam
2711 3219 2760 3274 si
2819 3235 2923 3292 per
2971 3219 3299 3273 Romanum
3349 3217 3533 3273 otium
3592 3234 3734 3272 xvm

323 3308 556 3364 nionem
607 3308 1033 3364 admittuntur:
1095 3308 1348 3379 denique
1406 3311 1698 3362 annuente
1749 3307 1969 3378 synodo
2001 3293 2043 3359 C
2082 3293 2375 3366 mensium
2406 3307 2761 3365 Athanasius
2819 3308 3096 3363 Tiburem
3156 3311 3257 3362 aut
3301 3305 3619 3362 Tusculum
3669 3321 3733 3360 se

322 3396 630 3469 epistolam
677 3396 870 3454 Julius
921 3397 1122 3468 mittit,
1163 3414 1280 3469 qua
1326 3396 1468 3450 dicit
1515 3395 1903 3451 Athanasium
1935 3412 1970 3450 a

321 3487 625 3542 mensibus
657 3485 976 3541 octodecim
1011 3485 1368 3541 Eusebianos
1389 3485 1584 3539 Romae
1607 3487 1962 3556 exspectare.

317 3578 449 3630 Haec
506 3579 712 3648 sponte
760 3575 973 3643 ﬂuunt,
1031 3578 1090 3630 et
1143 3577 1476 3645 temporum
1526 3577 1672 3627 notae
1702 3571 1966 3644 apprime

317 3665 608 3737 quadrant
639 3682 652 3718 :
687 3680 823 3719 nam
855 3663 902 3719 si
933 3663 1154 3735 legatos
1185 3667 1316 3734 post
1336 3663 1534 3734 fugam
1561 3661 1885 3728 Athanasii,
1910 3664 1968 3716 et

316 3755 445 3826 ejus
477 3754 722 3810 Romam
746 3753 1082 3819 adventum,
1106 3751 1395 3823 profectos
1418 3753 1644 3807 statuas
1671 3769 1682 3818 ;
1705 3751 1754 3807 si
1777 3766 1964 3822 usque

315 3843 384 3900 ad
413 3842 764 3900 Januarium
796 3858 1059 3896 mensem
1101 3840 1422 3895 Antiochiae
1462 3841 1752 3910 detentos,
1787 3845 1963 3912 atque

316 3932 562 3988 subhaec
587 3931 939 4003 remigrasse
961 3930 1120 3984 dicas
1144 3946 1156 3996 ;
1192 3929 1242 3983 si
1263 3929 1426 3996 Julii,
1451 3929 1704 4001 acceptis
1726 3928 1960 3995 litteris,

315 4021 768 4082 cunctationem,
802 4017 1055 4090 indeque
1086 4018 1289 4090 synodi
1314 4017 1787 4086 celebrationem,
1821 4035 1959 4088 pur-

315 4110 612 4183 gationem
627 4107 953 4172 Athanasii,
978 4106 1254 4172 Marcelli,
1270 4110 1325 4163 et
1337 4106 1616 4178 Asclapre,
1638 4122 1962 4178 congruen-

313 4199 474 4254 tibus
530 4197 737 4268 spatiis
792 4195 1052 4263 metiare,
1085 4196 1400 4252 octodecim
1463 4213 1695 4252 menses
1750 4195 1808 4250 in
1841 4196 1962 4268 epi-

315 4286 466 4343 stola
489 4285 629 4342 Julii
664 4290 1042 4353 memoratos,
1106 4302 1254 4356 quos
1284 4285 1610 4354 Athanasii,
1646 4285 1841 4340 Romae
1874 4302 1962 4340 ex-

313 4376 503 4448 egisse
538 4373 770 4441 dicitur,
805 4374 967 4429 nullo
998 4375 1228 4447 negotio
1278 4390 1619 4442 enumeres;
1682 4374 1963 4430 nimirum

316 4477 445 4529 octo
499 4477 825 4545 postremos
875 4473 1010 4528 anni
1042 4465 1167 4542 341,
1219 4489 1283 4528 ac
1314 4473 1514 4528 decem
1563 4472 1785 4544 priores
1827 4471 1963 4527 anni

313 4563 439 4630 342,
480 4563 562 4617 ita
594 4565 658 4617 ut
686 4579 887 4634 mense
935 4562 1166 4618 Octobri
1215 4561 1304 4618 vel
1361 4561 1668 4618 Novembri
1719 4561 1966 4634 epistola

311 4650 454 4706 Julii
484 4651 622 4706 data
652 4633 846 4706 fuerit.

383 4739 517 4795 Jam
544 4756 677 4796 vero
709 4743 889 4795 restat
936 4742 1001 4794 ut
1030 4739 1334 4796 videamus
1378 4756 1495 4811 qua
1532 4742 1672 4810 arte,
1716 4739 1960 4811 quibus-

315 4845 425 4899 que
455 4828 744 4884 machinis
777 4828 1186 4884 Tillemontius
1215 4827 1439 4884 Julium
1489 4833 1545 4883 et
1575 4828 1961 4883 Athanasium

315 4917 385 4972 ad
437 4916 789 4973 sententiam
843 4933 1014 4971 suam
1060 4915 1415 4987 detorqueat.
1449 4915 1565 4988 (a):
1600 4932 1758 4984 nam,
1807 4916 1959 4986 quod

312 5006 484 5079 plane
516 5007 755 5076 mirum,
793 5009 857 5060 ut
889 5005 1176 5078 synodum
1211 5004 1535 5061 Romanam
1567 5009 1624 5060 et
1667 5004 1807 5058 Julii
1841 5003 1960 5076 epi-

314 5095 525 5152 stolam
542 5096 599 5150 in
616 5111 836 5150 annum
857 5095 954 5148 341
975 5097 1235 5148 conferat
1259 5110 1270 5148 :
1302 5094 1649 5149 auctoritate
1663 5092 1960 5149 Athanasii

312 5190 370 5241 et
388 5184 550 5255 Julii,
578 5188 641 5239 ut
665 5187 856 5255 putat,
879 5184 1031 5238 hanc
1058 5200 1251 5237 rerum
1276 5186 1728 5255 temporumque
1750 5183 1960 5238 seriem

309 5273 554 5328 inducit.
584 5277 824 5345 Legatos
856 5271 1149 5343 Elpidium
1179 5276 1236 5326 et
1266 5271 1651 5327 Philoxenum
1696 5272 1793 5327 diu
1829 5275 1964 5327 ante

310 5361 571 5433 Gregorii
591 5361 974 5427 invasionem,
1009 5377 1162 5416 anno
1194 5361 1416 5416 scilicet
1443 5361 1568 5427 340,
1594 5360 1961 5416 Antiochiam

316 5451 606 5522 profectos
629 5449 728 5514 ait,
762 5451 917 5520 quod
951 5451 1032 5505 ita
1064 5450 1372 5505 manifeste
1402 5449 1459 5504 in
1489 5449 1633 5504 locis
1658 5447 1962 5505 Athanasii

313 5538 586 5610 superius
617 5537 809 5594 allatis
857 5538 1204 5610 exploditur,
1250 5542 1316 5594 ut
1363 5539 1705 5611 perquidem
1746 5538 1963 5594 mirum

384 5751 465 5826 (a)
497 5750 832 5822 Tillemont,
885 5755 1019 5810 note
1049 5753 1138 5824 40,
1172 5756 1229 5810 et
1287 5754 1375 5812 Vie
1412 5753 1488 5810 du
1527 5768 1668 5826 pape
1712 5753 1851 5826 Iule,
1885 5768 1946 5811 n.
1984 5754 2040 5810 4.

2077 3399 2409 3467 contulerit,
2444 3399 2696 3454 fatemur
2727 3397 2785 3452 id
2818 3397 2964 3452 nihil
2997 3397 3246 3463 ofﬁcere,
3289 3394 3606 3467 quominus
3636 3411 3729 3450 oc-

2075 3490 2327 3545 todecim
2382 3488 2685 3544 mensibus
2742 3487 2935 3542 Romae
3023 3489 3456 3558 exspectantem
3527 3500 3730 3539 conse-

2075 3579 2232 3635 disse
2263 3579 2528 3634 dicatur:
2578 3593 2780 3632 verum
2809 3576 2858 3632 si
2887 3593 3040 3631 anno
3070 3576 3176 3629 340
3208 3575 3455 3629 Romam
3486 3573 3730 3628 commi-

2073 3668 2347 3741 graverit,
2397 3668 2594 3738 ibique
2625 3682 2831 3721 novem
2882 3680 3115 3720 menses
3168 3663 3458 3736 exegerit;
3517 3663 3728 3718 deinde

2071 3757 2479 3814 Alexandriam
2511 3772 2797 3822 reversus,
2830 3754 3056 3826 aliquot
3084 3753 3164 3807 ibi
3187 3768 3421 3808 menses
3451 3753 3728 3807 consede-

2074 3846 2166 3915 rit,
2199 3850 2326 3901 tum
2358 3849 2601 3900 Romam
2633 3842 2949 3914 repetierit,
2983 3845 3042 3897 et
3084 3857 3290 3896 novem
3321 3839 3532 3896 iterum
3563 3855 3727 3896 men-

2075 3951 2168 3992 ses
2188 3935 2266 3990 ibi
2288 3933 2606 4001 manserit;
2637 3932 3040 4003 nequidquam
3064 3931 3293 3985 dicatur
3313 3930 3384 3984 ab
3405 3929 3726 3985 octodecim

2075 4025 2379 4079 mensibus
2411 4039 2546 4078 eum
2606 4019 2964 4076 Eusebianos
2995 4019 3054 4073 in
3103 4018 3336 4074 Oriente
3385 4019 3606 4090 positos
3637 4034 3730 4074 ex-

2073 4118 2390 4186 spectasse.
2423 4113 2506 4166 Ad
2541 4111 2662 4165 haec
2691 4125 2846 4175 vero,
2895 4124 2966 4164 ne
3007 4107 3421 4164 Tillemontius
3463 4107 3724 4180 quidem,

2074 4219 2272 4258 rerum
2306 4205 2362 4257 et
2390 4205 2687 4273 gestorum
2728 4198 2877 4253 serie
2907 4198 2979 4254 ad
3014 4196 3323 4252 arbitrium
3365 4213 3538 4251 suum
3571 4195 3729 4251 ordi-

2075 4296 2234 4357 nata,
2267 4294 2454 4362 potest
2513 4289 2830 4344 octodecim
2872 4286 3004 4342 illos
3035 4303 3288 4357 menses,
3339 4301 3488 4357 quos
3530 4285 3726 4340 Romae

2073 4379 2465 4436 Athanasium
2507 4377 2696 4449 egisse
2729 4380 2926 4432 narrat
2952 4375 3170 4442 Julius,
3215 4374 3488 4447 reperire.
3531 4373 3727 4446 Siqui-

2074 4471 2206 4526 dem
2238 4469 2454 4524 fatetur
2485 4467 2611 4538 ipse
2653 4466 2876 4538 legatos
2914 4464 3219 4520 Athanasii
3252 4468 3308 4519 et
3353 4463 3559 4536 synodi
3603 4463 3728 4518 Ale-

2072 4558 2372 4614 xandrina:
2404 4575 2556 4612 anno
2587 4558 2691 4611 340
2722 4573 2854 4610 cum
2887 4554 3094 4626 legatis
3115 4553 3579 4609 Eusebianorum
3613 4553 3729 4608 dis-

1996 4665 2040 4729 ι)
2071 4652 2338 4720 captasse
2368 4663 2562 4702 coram
2593 4645 2749 4701 Julio
2781 4661 2955 4717 papa,
2987 4660 3121 4698 cum
3153 4643 3346 4698 adhuc
3367 4643 3726 4699 Athanasius

2071 4736 2433 4792 Alexandriae
2491 4735 2742 4806 degeret,
2804 4731 2966 4800 ἡνίκα
3019 4731 3109 4785 καὶ
3169 4731 3484 4792 Ἀθανάσιος
3537 4731 3564 4784 ὁ
3605 4729 3722 4784 ἐπί-

2074 4845 2275 4885 σκοπος
2325 4823 2376 4876 ἐν
2411 4818 2789 4898 Ἀλεξανδρείᾳ
2827 4821 2916 4891 ἦν,
2965 4822 3047 4877 ait
3093 4820 3309 4877 Julius.
3371 4821 3725 4876 Athanasius

2071 4932 2204 4971 vero
2231 4931 2347 4970 non
2378 4919 2512 4968 ante
2561 4914 2803 4968 Romam
2841 4912 3134 4984 profectus
3168 4915 3279 4977 est,
3332 4927 3511 4982 quam
3543 4910 3718 4982 legati

2073 5003 2345 5060 redirent.
2379 5006 2508 5057 Jam
2547 5019 2680 5057 vero
2729 5001 3005 5056 extremis
3054 5001 3252 5056 omnia
3279 4999 3450 5055 lineis
3504 4999 3562 5055 in
3596 5015 3727 5072 gra-

2069 5095 2213 5150 tiam
2245 5091 2704 5148 Tillemontianae
2738 5091 3031 5164 opinionis
3075 5106 3384 5162 ponamus,
3418 5088 3724 5146 dicamus-

2073 5200 2204 5256 que,
2237 5182 2564 5254 legatorum
2580 5181 3038 5254 disputationem
3058 5196 3259 5236 mense
3278 5178 3558 5235 Januario
3581 5195 3720 5234 con-

2068 5272 2293 5344 tigisse,
2326 5272 2604 5344 ipsosque
2634 5287 2767 5326 mox
2812 5270 3101 5343 profectos
3151 5285 3352 5325 mense
3408 5268 3724 5324 Februario

2069 5360 2478 5416 Alexandriam
2511 5360 2836 5427 advenisse,
2860 5358 3249 5415 Athanasium
3271 5357 3470 5414 statim
3503 5375 3538 5413 a
3566 5357 3724 5430 lega-

2071 5453 2265 5506 torum
2299 5449 2486 5505 reditu
2519 5466 2838 5505 conscensa
2859 5449 2988 5504 navi
3021 5449 3268 5504 Romam
3296 5463 3498 5503 mense
3520 5445 3722 5503 Martio

2073 5539 2442 5610 adventasse,
2473 5537 2671 5610 ibique
2709 5538 3001 5595 mansisse
3031 5537 3102 5594 ad
3152 5537 3330 5594 ﬁnem
3363 5551 3557 5609 usque
3587 5534 3726 5594 anni
