4146 6378
1218 456 1319 519 DE
1361 454 1545 519 VITA
1595 452 1695 516 ET
1741 446 2092 516 SGRIPTIS
2137 448 2201 513 S.
2248 450 2702 515 ATHANASII.

3478 464 3668 512 CLXXV

253 592 539 669 ejusdem.
572 589 719 648 Hinc
750 606 1043 649 remeasse
1074 589 1505 655 Alexandriam,
1534 590 1653 656 ubi,
1690 589 1903 643 fatente
1932 585 1989 651 Α
2018 588 2204 644 driam
2228 589 2382 645 Pisto
2404 587 2642 661 quidam
2667 588 3124 662 pseudepiscopo
3160 584 3383 646 litteras
3416 589 3674 645 mitteret

253 682 647 747 Tillemontio,
692 682 915 753 aliquot
974 698 1207 737 menses
1264 680 1563 747 substitit;
1601 679 1910 735 invadente

254 773 550 846 Gregorio,
585 772 777 826 denuo
822 771 1123 843 aufugisse
1154 771 1419 835 Romam,
1470 770 1912 841 profectumque

253 863 367 919 sub
400 860 619 933 Aprilis
652 862 850 926 finem,
888 877 1087 915 mense
1121 860 1271 914 Maio
1304 859 1642 913 advenisse:
1673 858 1910 912 demum

252 949 704 1024 epistolamJulii
722 948 1581 1021 papaz,quadicitAthanasium
1597 948 1667 1002 ab
1682 948 1911 1002 octode—

255 1040 371 1097 cim
396 1039 703 1095 mensibus
726 1039 918 1093 Romae
939 1042 1261 1109 expectare,
1293 1039 1487 1093 datam
1514 1037 1695 1092 fuisse
1715 1054 1915 1092 mense

256 1131 524 1200 Augusto
546 1127 634 1183 vel
656 1128 981 1199 Septembri
1007 1128 1142 1181 anni
1170 1128 1293 1194 311,
1337 1131 1401 1181 ut
1439 1127 1564 1181 vult
1600 1126 1913 1181 Tillemon-

257 1219 382 1274 tius
414 1218 529 1290 (a):
592 1216 675 1271 sic
737 1216 913 1270 rebus
973 1215 1032 1269 in
1091 1216 1340 1286 gratiam
1402 1216 1699 1270 sententiae
1734 1215 1913 1285 illius,

260 1306 439 1363 etiam
473 1310 678 1377 praeter
743 1304 1320 1359 verisimilitudinem
1377 1304 1743 1375 compositis,
1776 1322 1917 1359 xvm

260 1394 557 1451 mensium
588 1410 900 1448 numerum
936 1410 1049 1448 non
1082 1394 1376 1464 conﬁcias,
1428 1411 1563 1448 nam
1618 1394 1663 1448 si
1712 1410 1916 1448 novem

263 1484 400 1541 anni
432 1484 537 1538 340
570 1499 824 1552 menses,
854 1488 1105 1554 quatuor
1134 1482 1263 1537 aliis
1305 1484 1358 1553 (α
1406 1484 1556 1538 Maio
1604 1500 1812 1554 nempe
1845 1484 1916 1537 ad

262 1590 451 1645 usque
480 1576 817 1645 Augustum
855 1571 941 1626 vel
992 1573 1412 1643 Septembrem)
1463 1573 1770 1643 adjungas,
1805 1577 1918 1627 tre-

264 1662 451 1719 decim
479 1666 580 1717 aut
602 1662 673 1716 ad
698 1678 999 1717 summum
1034 1661 1476 1731 quatuordecim
1518 1662 1799 1733 reperias.
1839 1662 1923 1717 Ita

264 1752 516 1809 omniex
537 1754 701 1822 parte
723 1750 941 1804 labitur
975 1749 1175 1805 isthzec
1224 1751 1438 1822 opinio.
1488 1751 1704 1806 Omnes
1726 1752 1922 1822 itaque

266 1840 551 1913 temporis
575 1844 745 1894 notas
771 1839 1180 1895 Tillemontius
1203 1839 1379 1894 elusit
1404 1857 1417 1894 :
1444 1845 1500 1895 et
1520 1846 1674 1895 certe
1722 1842 1925 1911 hujus-

2017 678 2232 746 Julius,
2268 696 2382 750 quo
2413 684 2673 751 tempore
2708 680 3061 736 Athanasius
3102 680 3461 736 Alexandriae
3494 680 3670 751 dege—

2019 770 2139 839 bat,
2176 766 2336 835 ἡνίκα
2386 767 2475 821 καὶ
2534 768 2843 836 ,Αθανάσιος
2896 770 2922 822 ὁ
2973 768 3271 831 ἐπίσκοπος
3317 768 3367 823 ἐν
3428 766 3677 839 Ἀλεξαν-

2023 854 2173 930 δρείᾳ
2202 860 2289 924 ἦν.
2324 859 2467 913 Cum
2498 859 2868 913 advenissent
2910 864 3107 914 autem
3155 860 3455 916 Athanasii
3487 864 3677 915 orato-

2024 966 2135 1015 res,
2164 964 2267 1003 nec
2288 946 2549 1003 valerent
2584 946 3044 1003 Eusebianorum
3068 949 3240 1021 legati
3278 966 3478 1006 eorum
3502 967 3675 1022 argu-

2024 1038 2240 1093 mentis
2272 1036 2578 1103 obsistere,
2612 1038 2900 1109 synodum
2933 1038 2991 1092 in
3051 1055 3169 1110 qua
3226 1056 3316 1094 res
3347 1040 3677 1095 accuratius

2024 1128 2406 1199 indagaretur
2459 1124 2880 1196 postularunt:
2942 1142 3059 1197 qua
3132 1127 3465 1199 impetrata,
3539 1133 3681 1184 tunc

2027 1216 2217 1288 primo
2250 1214 2595 1269 Eusebianis
2645 1217 2931 1286 synodum
2994 1217 3365 1271 indixerunt:
3430 1217 3515 1271 illi
3542 1235 3677 1274 vero

2029 1304 2384 1361 conscientia
2416 1304 2700 1358 scelerum
2734 1305 3043 1375 perterriti,
3074 1306 3134 1360 in
3156 1306 3516 1362 Antiochena
3545 1324 3682 1379 syn-

2031 1397 2141 1451 odo
2174 1412 2326 1449 anno
2358 1395 2456 1447 341
2506 1393 2746 1449 ineunte
2803 1393 3113 1463 celebrata,
3174 1395 3445 1450 Romanae
3478 1396 3682 1467 synodi

2032 1486 2264 1540 decreta
2309 1487 2744 1554 praeverterunt,
2799 1483 3009 1538 deinde
3068 1483 3411 1553 Gregorium
3441 1483 3685 1539 Alexan-

2034 1574 2219 1629 driam
2254 1573 2595 1644 episcopum
2625 1572 2915 1627 miserunt
2946 1573 3046 1644 qui
3078 1573 3463 1628 Athanasium
3491 1574 3686 1628 detur-

2033 1665 2218 1719 baret.
2251 1663 2569 1717 Athanasio
2601 1668 2793 1716 autem
2823 1679 2973 1717 anno
3006 1663 3105 1716 341
3161 1678 3288 1717 sese
3335 1661 3690 1734 proripiente

2035 1758 2093 1808 et
2124 1753 2369 1808 Romam
2404 1750 2675 1822 profecto,
2704 1755 2843 1805 tunc
2883 1752 3122 1805 demum
3172 1750 3371 1807 Julius
3401 1768 3504 1823 per
3531 1751 3689 1823 lega-

2034 1846 2125 1897 tos
2156 1840 2451 1912 Elpidium
2485 1844 2541 1896 et
2568 1840 2954 1895 Philoxenum
3014 1842 3336 1896 Romanam
3398 1842 3689 1913 synodum

267 1929 425 1986 modi
457 1933 597 1984 sunt
627 1927 759 1993 illis,
796 1932 859 1982 ut
916 1928 965 1981 si
1022 1928 1109 1982 vel
1168 1946 1285 1983 una
1333 1934 1585 1996 maneat,
1646 1935 1767 1985 tota
1797 1931 1925 2000 ejus
1956 1961 2005 2025 B
2037 1931 2295 1988 secundo
2319 1930 2545 1983 indixit.
2572 1931 2638 1984 Et
2659 1929 2850 1985 allatis
2873 1930 3089 2002 quippe
3124 1931 3356 1986 duobus
3389 1929 3532 1985 locis
3559 1947 3691 2001 pro-

270 2018 611 2090 supputatio
635 2018 918 2071 subruat:
946 2033 1080 2071 nam
1114 2018 1162 2072 si
1198 2016 1371 2089 legati
1419 2018 1562 2073 Julii
1616 2024 1747 2090 post
1772 2020 1927 2075 inva-

270 2108 494 2165 sionem
527 2106 790 2178 Gregorii
822 2110 878 2159 et
910 2106 1106 2178 fugam
1138 2106 1441 2161 Athanasii
1490 2108 1731 2178 profecti
1786 2110 1924 2178 sint,

270 2198 343 2253 ad
376 2200 636 2251 nostram
665 2195 902 2250 accedat
925 2195 1275 2250 sententiam
1328 2213 1564 2251 necesse
1592 2202 1698 2262 est,
1736 2199 1927 2269 perin-

274 2286 463 2356 deque
512 2286 560 2339 si
602 2288 712 2339 stet
736 2282 905 2338 lectio
954 2284 1495 2353 manuscriptorum
1527 2289 1583 2340 et
1615 2286 1928 2354 editorum,

276 2392 405 2447 quae
429 2373 647 2445 legatos
669 2374 739 2428 ad
761 2373 1110 2429 Januarium
1135 2390 1321 2445 usque
1347 2391 1608 2429 mensem
1631 2374 1818 2430 reditu
1844 2376 1929 2430 in-

275 2462 566 2519 terclusos
598 2461 711 2529 ait;
743 2462 830 2517 vel
863 2462 909 2517 si
957 2462 1275 2518 octodecim
1331 2464 1640 2519 continuos
1698 2481 1932 2521 menses

279 2552 476 2607 Romae
538 2550 827 2605 mansisse
884 2550 1271 2605 Athanasium
1335 2552 1581 2620 dicatur,
1647 2570 1799 2609 anno
1830 2557 1935 2608 342

278 2639 525 2713 epistola
550 2638 691 2695 Julii
712 2639 848 2694 data
882 2639 959 2693 sit
998 2644 1259 2711 oportet:
1286 2642 1440 2711 quod
1466 2641 1588 2713 ipse
1618 2642 1934 2698 Tillemon-

278 2732 398 2786 tius
430 2730 662 2784 fatetur.
697 2732 839 2782 Uum
892 2735 1095 2783 contra
1152 2729 1201 2783 si
1242 2746 1377 2785 vera
1410 2734 1465 2785 et
1513 2736 1737 2787 asserta
1767 2732 1935 2787 lectio

284 2822 543 2875 servetur
572 2862 584 2886 ,
618 2818 668 2873 si
700 2818 855 2873 dicta
884 2817 1026 2872 Julii
1057 2823 1112 2872 et
1139 2817 1439 2874 Athanasii
1489 2837 1638 2891 pura
1682 2838 1785 2876 nec
1817 2823 1936 2877 dis-

280 2910 437 2963 torta
493 2910 787 2977 maneant,
846 2923 936 2962 res
995 2906 1187 2961 nativo
1266 2908 1468 2963 ordine
1525 2926 1628 2981 per
1684 2927 1744 2965 se
1802 2928 1937 2967 con-

281 2997 475 3053 sistat.

354 3090 573 3141 Verum
633 3085 919 3140 obnititur
976 3084 1424 3143 Tillemontius:
1486 3089 1941 3145 EusebianiRo-

286 3192 472 3231 manes
505 3174 709 3247 synodi
748 3174 1040 3246 judicium
1090 3175 1150 3229 in
1198 3176 1561 3232 Antiochena
1607 3179 1828 3247 synodo
1859 3179 1944 3234 in-

287 3269 463 3320 eunte
494 3280 645 3319 anno
675 3265 775 3317 341
840 3264 1128 3319 celebrata
1186 3270 1601 3336 prznverterunt
1628 3285 1639 3321 :
1696 3285 1810 3323 non
1842 3285 1942 3339 po-

2038 2020 2232 2093 palam
2267 2023 2356 2074 est
2386 2023 2512 2073 tum
2548 2019 2736 2090 primo
2787 2018 3144 2089 postulatam
3201 2018 3694 2091 impetratamque

2041 2109 2331 2182 synodum
2354 2106 2708 2172 fuisse,cum
2759 2107 3116 2162 Athanasius
3159 2108 3519 2163 Alexandria:
3552 2125 3696 2180 age-

2040 2203 2145 2269 ret,
2182 2201 2237 2251 et
2264 2200 2579 2267 antequam
2612 2197 2855 2251 Romam
2883 2196 3125 2251 veniret.
3158 2197 3303 2251 Cum
3336 2201 3531 2252 autem
3565 2214 3698 2273 per-

2039 2288 2177 2342 inde
2208 2285 2432 2357 liquido
2475 2289 2721 2351 constet,
2788 2284 3009 2357 legatos
3064 2284 3357 2357 Elpidium
3418 2290 3474 2341 et
3505 2286 3695 2343 Philo-

2041 2375 2619 2436 xenum.Athanasio
2651 2375 2846 2429 Romae
2894 2378 3198 2445 praesente,
3251 2374 3463 2431 missos
3494 2375 3694 2442 fuisse,

2045 2466 2143 2536 qui
2179 2463 2536 2519 Eusebianos
2568 2464 2637 2517 ad
2674 2462 2961 2533 synodum
2995 2467 3389 2534 provocarent,
3425 2462 3700 2533 diemque

2044 2554 2189 2626 ipsis
2223 2553 2687 2624 praestituerent:
2751 2550 2992 2622 planum
3051 2554 3206 2605 certe
3264 2553 3353 2605 est
3409 2552 3698 2623 synodum

2045 2642 2206 2698 illam
2242 2643 2564 2697 Romanam
2593 2639 2684 2696 bis
2716 2639 2995 2695 indictam
3029 2639 3209 2695 fuisse
3238 2656 3249 2695 :
3281 2644 3458 2711 atque
3479 2640 3562 2695 ita
3583 2640 3703 2696 ruit

2046 2736 2168 2787 tota
2189 2731 2493 2803 scriptoris
2516 2730 2725 2801 nuperi
2775 2730 3128 2800 conjectura.
3174 2731 3289 2785 Cur
3311 2734 3503 2785 autem
3534 2732 3702 2800 post-

2050 2838 2227 2893 quam
2261 2837 2413 2875 anno
2444 2818 2548 2873 340
2578 2818 2797 2874 indicta
2841 2819 3049 2884 fuerat,
3101 2821 3331 2873 tantum
3385 2818 3557 2890 spatii
3590 2816 3703 2874 ela-

2049 2928 2221 2983 psum
2247 2910 2343 2975 sit,
2368 2914 2433 2963 ut
2455 2908 2712 2963 secundo
2734 2908 2990 2963 indicere
3007 2924 3311 2962 necessum
3332 2908 3523 2979 fuerit,
3544 2908 3697 2963 haud

2052 2999 2289 3055 difficile
2320 3003 2407 3053 est
2428 2997 2704 3070 augurari
2732 3014 2743 3051 :
2770 3014 2900 3052 cum
2928 2996 3149 3051 videret
3169 2997 3323 3052 enim
3347 2997 3703 3053 Athanasius

2053 3090 2163 3145 sub
2195 3089 2370 3143 ﬁnem
2404 3087 2539 3142 anni
2568 3088 2672 3140 340
2731 3086 2857 3157 cogi
2916 3085 3337 3141 Antiochenam
3386 3088 3701 3158 synodum,

2053 3196 2181 3250 quae
2211 3177 2378 3233 initio
2409 3176 2545 3231 anni
2579 3177 2677 3230 341
2712 3175 2990 3229 celebrari
3042 3178 3229 3246 coepta
3275 3179 3402 3241 est;
3454 3192 3571 3231 non
3604 3192 3704 3230 ne-

2056 3268 2216 3323 scius
2244 3266 2299 3321 id
2335 3266 2394 3320 in
2426 3283 2595 3322 suam
2627 3264 2943 3336 perniciem
2975 3267 3033 3319 et
3079 3262 3480 3334 expulsionem
3512 3263 3709 3319 moliri

286 3357 530 3410 tuerunt
558 3358 757 3408 autem
790 3358 1149 3425 praevertere,
1181 3354 1293 3409 nisi
1353 3354 1572 3410 indicta
1629 3355 1744 3411 illis
1777 3362 1947 3413 antea
1976 3330 2019 3397 C
2058 3356 2438 3421 Eusebianos,
2471 3372 2544 3409 ne
2598 3354 2841 3408 absente
2880 3370 2942 3409 se
3002 3352 3168 3424 quasi
3226 3368 3471 3407 vacuam
3506 3353 3706 3407 sedem

291 3442 517 3513 fuisset,
544 3442 766 3497 indicta
787 3458 919 3496 vero
942 3442 1051 3496 fuit
1072 3442 1335 3497 Romana
1370 3444 1626 3514 synodus
1660 3462 1763 3517 per
1792 3446 1946 3518 lega-

290 3536 384 3588 tos
410 3530 706 3602 Elpidium
739 3535 795 3586 et
826 3530 1207 3586 Philoxenum
1239 3550 1250 3586 :
1284 3533 1440 3587 unde
1480 3539 1760 3604 sequatur
1790 3535 1947 3607 Elpi-

293 3621 462 3676 dium
494 3625 551 3676 et
579 3620 961 3675 Philoxeuum
995 3625 1128 3676 ante
1176 3638 1397 3677 annum
1424 3623 1519 3677 341
1568 3624 1797 3679 venisse
1829 3631 1946 3679 An-

284 3709 586 3776 tiochiam,
623 3714 687 3765 ut
708 3710 1033 3765 Romanam
1064 3712 1351 3782 synodum
1379 3702 1719 3767 indicerent.
1744 3716 1867 3777 Qua
1886 3714 1943 3769 in

286 3815 351 3855 re
382 3816 521 3855 sane
552 3799 640 3854 vir
689 3799 957 3854 eruditus
1015 3816 1077 3854 se
1131 3800 1435 3855 Athanasii
1495 3807 1551 3856 et
1601 3801 1742 3857 Julii
1776 3804 1949 3860 verba

285 3905 402 3943 non
436 3892 527 3943 sat
556 3888 913 3956 ponderasse
958 3887 1328 3943 testificatur.
1390 3894 1533 3943 Nam
1592 3890 1949 3947 Athanasius

288 3978 552 4049 quidem,
592 3982 905 4049 postquam
937 3977 1195 4049 Gregorii
1249 3978 1601 4034 carniﬁcinae
1633 3997 1694 4035 se
1725 3982 1948 4037 subdu-

287 4071 454 4122 xerat
483 4083 636 4123 anno
669 4068 792 4137 341,
827 4066 1210 4122 Paschalibus
1257 4068 1486 4134 diebus,
1536 4070 1655 4123 haec
1704 4072 1942 4126 scribit:

291 4155 393 4209 Καὶ
419 4155 638 4229 πέρυσιν
674 4155 726 4209 oi
756 4156 890 4209 κατᾶ
939 4156 1157 4227 Ῥώμην
1212 4152 1459 4233 ἀδελφοὶ,
1518 4158 1686 4229 μήπω
1739 4158 1944 4213 τούτων

287 4245 619 4318 γενομένων,
656 4241 781 4297 ἀλλ’
812 4240 965 4297 ἕνεκα
993 4247 1101 4297 τῶν
1136 4244 1391 4319 πρώτων,
1427 4243 1649 4299 σύνοδον
1708 4245 1944 4321 ἔγραψαν

282 4333 550 4407 γενέσθαι,
587 4328 674 4386 ἵνα
724 4333 944 4387 κάκεῖνα
997 4329 1256 4405 ἐκδικηθῇ
1294 4354 1305 4365 ·
1339 4332 1509 4408 ἤνπερ
1553 4330 1946 4409 εὐλαϐούμενοι

286 4422 342 4476 οἱ
373 4423 496 4495 περὶ
528 4416 807 4491 Ενόσὲϐιον,
859 4416 1177 4497 προῦλαϐον
1233 4418 1541 4495 διαταράξαι
1582 4425 1680 4491 τήν
1717 4424 1947 4495 Ἐκκλη-

285 4511 405 4566 σίαν
438 4513 549 4568 hoc
582 4516 672 4567 est
702 4530 714 4567 :
743 4512 925 4567 Etiam
980 4528 1127 4567 anno
1180 4515 1467 4580 praeterito
1515 4515 1719 4585 fratres
1748 4518 1945 4587 nostri,

288 4602 386 4674 qui
417 4603 601 4657 Romae
619 4604 766 4671 sunt,
800 4601 886 4656 his
932 4601 1175 4657 nondum
1230 4603 1388 4668 actis,
1446 4604 1546 4658 sed
1569 4608 1800 4674 propter
1828 4606 1950 4661 alia

2058 3462 2204 3501 novo
2237 3462 2269 3499 a
2300 3461 2360 3499 se
2392 3448 2583 3498 creato
2612 3443 2884 3513 episcopo
2915 3441 3232 3507 traderent,
3291 3440 3360 3495 ad
3394 3440 3708 3496 adventum

2058 3551 2243 3603 usque
2273 3531 2533 3603 Gregorii
2569 3530 2930 3585 Alexandriae
2962 3529 3192 3585 resedit.

2128 3624 2289 3687 Quod
2315 3626 2510 3677 autem
2532 3620 2895 3675 Athanasius
2920 3624 3049 3691 post
3068 3618 3424 3674 invasionem
3446 3618 3707 3690 Gregorii

2058 3714 2303 3768 Romam
2337 3709 2526 3782 primo
2556 3709 2780 3765 venerit
2810 3725 2963 3764 anno
3007 3707 3131 3775 341,
3178 3723 3366 3778 neque
3413 3706 3526 3763 alia
3556 3724 3708 3763 anno

2057 3803 2163 3855 340
2196 3802 2438 3855 Romam
2468 3798 2745 3869 profectio
2805 3797 3119 3853 statuenda
3176 3796 3272 3861 sit,
3330 3796 3709 3869 perspicuum

2058 3906 2198 3946 sane
2229 3893 2336 3951 est,
2372 3905 2505 3943 cum
2537 3904 2606 3943 ex
2635 3885 2705 3941 iis
2752 3904 2879 3958 quae
2936 3886 3219 3941 hactenus
3276 3885 3552 3952 diximus,
3582 3888 3711 3940 tum

2058 3979 2312 4033 maxime
2343 3994 2411 4031 ex
2441 3978 2650 4048 primo,
2685 3992 2856 4046 quem
2892 3992 3070 4046 supra
3092 3973 3417 4053 attulimus,
3441 3973 3587 4039 loco,
3607 3973 3709 4029 ubi

2058 4068 2304 4123 dicitur:
2340 4071 2511 4121 Porro
2570 4065 2872 4121 Eusebiani
2931 4080 3137 4135 quoque
3185 4063 3255 4119 ad
3307 4064 3517 4119 Iulium
3572 4064 3711 4118 scri-

2051 4160 2285 4227 pserunt
2312 4173 2329 4208 :
2363 4171 2429 4209 ac
2458 4162 2734 4226 sperantes
2784 4170 2840 4209 se
2890 4154 3045 4209 nobis
3086 4162 3349 4208 terrorem
3377 4152 3710 4218 incussuros,

2057 4247 2328 4316 rogabant
2376 4252 2434 4299 ut
2482 4243 2718 4315 synodus
2764 4250 3171 4310 conuocaretur,
3218 4249 3273 4296 et
3316 4242 3430 4314 ipse
3456 4242 3638 4297 Julius
3663 4241 3716 4296 si

2057 4333 2405 4405 velletjudex
2432 4336 2585 4388 esset.
2623 4332 2755 4386 Cum
2794 4334 2965 4401 igitur
3022 4334 3245 4387 Romam
3290 4329 3711 4397 advenissemus,

2058 4423 2265 4489 Julius,
2328 4425 2388 4477 ut
2437 4424 2865 4476 consentaneum
2921 4428 3055 4489 erat,
3118 4420 3328 4474 litteras
3379 4419 3600 4489 scripsit
3644 4418 3717 4473 ad

2059 4513 2406 4577 Eusebianos,
2439 4513 2701 4580 misitque
2730 4510 2862 4564 duos
2917 4525 2985 4564 ea:
3033 4507 3366 4579 presbyteris
3415 4510 3534 4561 suis
3562 4506 3714 4577 Elpi-

2060 4602 2215 4657 dium
2243 4606 2294 4657 ct
2316 4602 2703 4655 Philoxenum.
2736 4598 2837 4653 Illi
2865 4614 3011 4667 vero,
3043 4601 3105 4652 ut
3150 4597 3214 4652 de
3269 4596 3506 4651 adventu
3534 4603 3717 4651 nostro

287 4707 407 4763 quae
434 4692 595 4762 prius
626 4691 995 4760 contigerant,
1026 4690 1299 4762 synodum
1349 4692 1641 4761 cogendam
1679 4709 1791 4749 esse
1818 4696 1953 4749 scri-
1986 4713 2031 4777 Ι)
2064 4692 2385 4755 audierunt,
2415 4690 2765 4753 consternati,
2795 4687 2934 4759 quod
2963 4687 3286 4742 nullatenus
3337 4688 3719 4755 exspectarent

282 4786 539 4853 pserunt,
570 4782 631 4833 ut
664 4778 729 4835 de
760 4780 879 4834 illis
908 4780 1047 4834 ultio
1098 4785 1406 4835 sumeretur
1428 4800 1445 4835 :
1505 4798 1669 4853 quam
1698 4785 1953 4855 reformi-

287 4869 477 4925 dantes
508 4868 775 4923 Eusebius
805 4873 856 4924 et
886 4870 1042 4939 socii,
1093 4870 1391 4925 Ecclesium
1437 4872 1762 4927 conturbare
1807 4889 1954 4944 pree-

291 4962 597 5014 verterunt.
632 4958 735 5013 His
768 4956 897 5013 luce
945 4957 1161 5014 clarius
1219 4964 1326 5027 est,
1388 4960 1515 5030 jam
1569 4977 1720 5015 anno
1750 4962 1856 5015 340
1885 4963 1955 5017 de

295 5047 518 5119 synodo
534 5048 759 5120 agenda
774 5048 968 5103 Romae
984 5052 1271 5102 statutum
1287 5048 1487 5114 fuisse,
1503 5054 1559 5104 et
1572 5050 1804 5120 quidem
1821 5068 1953 5106 cum

296 5136 561 5192 nondum
592 5136 952 5191 Athanasius
984 5136 1229 5191 Romam
1252 5137 1508 5192 venisset
1538 5154 1549 5191 :
1581 5155 1645 5192 ac
1670 5144 1807 5193 tunc
1828 5158 1958 5211 syn-

297 5226 478 5283 odum
506 5242 608 5297 per
640 5224 785 5282 alios
816 5242 994 5297 quam
1026 5225 1320 5296 Elpidium
1369 5230 1425 5281 et
1456 5226 1835 5283 Philoxenum
1868 5229 1955 5283 in-

299 5316 519 5372 dictam
552 5332 702 5385 esse,
762 5319 826 5369 ut
885 5332 953 5370 ex
1003 5314 1147 5370 Julii
1206 5315 1379 5370 dictis
1435 5316 1654 5371 videas.
1682 5317 1775 5372 Ait
1800 5319 1955 5373 enim

294 5403 414 5472 ille,
443 5404 763 5459 Macarium
826 5404 1254 5477 presbyterum,
1306 5404 1659 5476 Martyrium
1693 5411 1748 5461 et
1780 5412 1957 5479 Hesy-

302 5492 502 5549 chium
533 5492 834 5559 diaconos,
867 5492 1333 5549 Eusebianorum
1392 5492 1613 5565 legatos
1644 5500 1959 5568 antequam

303 5581 613 5639 Athanasii
644 5587 903 5639 oratores
936 5584 1298 5655 accederent,
1346 5599 1580 5655 rogasse
1612 5588 1677 5640 ut
1713 5585 1959 5643 Alexan-

380 5798 458 5872 (a)
494 5797 587 5858 Vie
616 5797 685 5856 de
715 5797 772 5857 S.
810 5798 950 5872 Iule,
982 5801 1091 5859 art.
1123 5798 1178 5856 8.

2064 4797 2165 4836 nos
2221 4781 2357 4835 illuc
2411 4782 2681 4845 venturos,
2741 4775 3009 4831 accedere.
3060 4779 3384 4843 rcnuerunt,
3451 4773 3717 4829 absurdos

2066 4886 2269 4927 causas
2316 4868 2622 4925 commenti.
2682 4867 2837 4931 Quod
2902 4865 2951 4920 si
3010 4881 3161 4920 anno
3219 4865 3343 4931 340,
3403 4867 3717 4934 postquam

2066 4960 2255 5032 primo
2291 4957 2509 5012 indicta
2540 4955 2800 5028 synodus
2831 4954 3094 5009 Romana
3123 4953 3329 5007 fuerat.
3362 4950 3718 5007 Athanasius

2067 5050 2312 5105 Romam
2346 5047 2639 5118 profectus
2669 5048 2843 5107 esset.
2894 5061 2965 5099 an
3013 5043 3069 5096 id
3110 5041 3421 5097 Eusebiani
3456 5041 3718 5112 ignoras-

2067 5140 2230 5203 sent;
2255 5135 2564 5205 solumque
2584 5149 2783 5187 mense
2799 5132 2974 5186 Junio
2996 5130 3219 5186 Juliove
3238 5129 3376 5184 anni
3392 5127 3716 5199 sequentis,

2067 5225 2448 5281 narrantibus
2476 5222 2613 5279 Julii
2645 5239 2807 5293 papae
2842 5220 3070 5291 legatis,
3104 5218 3503 5283 edidicissent,
3537 5216 3638 5288 qui
3660 5216 3719 5271 in

2068 5314 2432 5371 deturbando
2462 5311 2781 5367 Athanasio
2806 5309 2911 5365 toti
2943 5308 3154 5364 erant?
3182 5308 3239 5362 Id
3274 5311 3429 5362 certe
3460 5323 3531 5362 ne
3563 5322 3719 5362 som-

2070 5403 2218 5459 niari
2250 5402 2489 5474 quidem
2522 5403 2729 5472 potest.
2764 5404 2853 5452 An
2884 5414 3015 5452 vero
3047 5396 3203 5453 sileri
3236 5400 3463 5468 poterat
3492 5394 3587 5450 ille
3610 5395 3722 5450 Ro-

2070 5510 2228 5548 mam
2262 5491 2554 5563 profectus
2585 5490 2655 5543 ab
2679 5486 3017 5551 Athanasio,
3077 5487 3218 5540 dum
3276 5502 3429 5541 anno
3486 5484 3585 5539 341
3622 5502 3722 5556 pa-

2071 5580 2368 5640 schalibus
2400 5579 2627 5650 diebus,
2675 5580 2990 5648 antequam
3048 5580 3292 5631 Romam
3350 5573 3722 5647 demigrarat,
