4146 6420
433 460 662 517 CLXXVI
1835 449 2452 520 PROLEGOMENA.

435 584 558 643 haec
605 584 917 644 scriberet:
963 586 1147 645 Etiam
1188 603 1334 645 anno
1378 587 1684 661 praeterito,
1732 591 1933 661 fratres
1979 606 2078 646 ηο-
2108 591 2163 657 Α
2193 607 2455 648 mensem
2488 589 2767 649 indiciam
2797 590 3087 666 synodum
3137 590 3360 650 fuisse:
3411 588 3515 650 sed
3561 591 3855 652 duntaxat

431 679 559 743 stri,
589 679 687 750 qui
716 680 901 735 Romae
926 686 1074 747 sunt,
1108 678 1191 735 his
1238 678 1480 735 nondum
1530 682 1686 747 actis,
1741 680 1832 735 sed
1862 686 2085 752 prapter
2191 678 2415 753 legatos
2447 681 2603 738 ultra
2634 682 2985 754 praefinitum
3018 687 3253 757 tempus
3282 683 3353 740 ad
3373 683 3722 739 Januarium
3747 699 3849 740 us-

433 768 558 823 alia
577 784 696 839 qua
719 771 878 840 prius
905 771 1262 839 contigerant,
1296 770 1566 842 synodum
1621 771 1939 843 cogendam
1967 786 2083 826 esse
2190 786 2303 841 que
2328 772 2517 826 reditu
2557 771 2905 828 interclusos
2928 778 3186 845 narrant,
3238 791 3341 828 nec
3371 774 3633 829 indicant
3662 773 3853 846 quod-

428 859 784 929 scripseruni,
818 862 877 913 ut
931 858 997 912 de
1052 859 1169 914 illis
1228 860 1365 914 ultio
1420 868 1765 915 sumeretur:
1798 877 1962 931 quam
1992 877 2079 915 re-
2190 875 2324 913 nam
2359 860 2667 915 deﬁnitum
2703 860 2847 915 illud
2880 867 3114 933 tempus
3162 860 3391 917 fuerit?
3442 862 3524 917 Ex
3553 860 3647 916 his
3678 876 3855 932 porro

423 947 786 1017 formidantes
817 948 1074 1004 Eusebius
1096 953 1151 1003 et
1183 951 1339 1016 socii,
1399 948 1699 1004 Ecclesium
1754 950 2082 1006 conturbare
2186 947 2386 1003 videas
2419 966 2707 1020 nuperum
2740 950 3087 1022 scriptorem
3135 950 3453 1007 levissimis
3498 950 3859 1021 coniecturis

422 1042 821 1108 praevenerunt
841 1037 868 1091 ?
898 1038 955 1092 Si
984 1037 1107 1109 ipse
1139 1037 1210 1092 ad
1255 1039 1544 1109 synodum
1578 1038 1983 1094 celebrandam
2011 1056 2078 1095 eo
2187 1035 2393 1108 planas
2414 1044 2469 1093 et
2495 1038 2675 1095 nullis
2696 1039 3135 1095 circuitionibus
3158 1040 3495 1096 enuntiatae
3518 1044 3857 1111 temporum

421 1142 484 1181 se
514 1125 875 1195 contulisset,
910 1130 975 1181 ut
1031 1142 1165 1182 cum
1227 1127 1571 1183 Eusebianis
1630 1145 1824 1183 coram
1858 1129 2076 1201 synodo
2188 1130 2355 1181 notas
2389 1126 2690 1199 impetere.

422 1219 822 1282 concertaret;
886 1216 1228 1272 Eusebianis
1283 1217 1555 1273 accedere
1614 1234 1728 1273 non
1788 1218 1969 1284 ausis,
2016 1234 2077 1274 re
2663 1244 3196 1300 ΑΝῙΜΑονΕΗεῙΟ
3228 1244 3353 1299 xv,

419 1300 1470 1406 iniecta,“remeasset-flexandriam,
1504 1323 1576 1361 an
1609 1306 1666 1361 id
1715 1306 2076 1406 praetermitti
2182 1330 2267 1385 Αη
2294 1330 2493 1384 mm“
2543 1335 2649 1385 τῶν
2708 1331 2865 1386 θείων
2920 1336 3165 1406 maga”,
3221 1351 3339 1405 qua,
3400 1333 3684 1406 commun-
3731 1336 3848 1390 Αυ-

418 1393 834 1462 poterat?Hoc
857 1394 1073 1449 silentii
1124 1410 1330 1467 genus,
1366 1396 1421 1449 in
1469 1413 1709 1467 prorsus
1749 1397 2075 1451 necessario
2253 1410 2414 1478 gusto
2443 1404 2776 1460 Athanasius
2810 1390 2978 1472 misti,
3032 1390 3175 1460 idem
3228 1390 3343 1459 sint
3394 1405 3534 1477 quod
3590 1409 3849 1478 synopsi:

417 1479 685 1549 dicenda,
718 1482 765 1538 si
800 1482 1038 1555 quidem
1062 1488 1227 1556 gesta
1258 1484 1483 1555 fuisset,
1519 1485 1823 1541 adversam
1849 1490 2054 1541 scnten

2253 1475 2563 1559 Scriptura?
2589 1491 2764 1533 sacrm
2792 1494 2806 1544 ;
2840 1480 2890 1532 et
2918 1495 2993 1532 an
3019 1478 3274 1549 sympsis
3304 1475 3415 1532 illa
3435 1479 3507 1532 sit
3526 1475 3650 1533 vere
3668 1475 3847 1536 Atha-

419 1568 562 1625 tiam
593 1571 840 1627 obruere
871 1589 1042 1629 nemo
1068 1578 1164 1629 eat
1194 1573 1443 1630 inﬁcias.
2253 1562 2423 1601 ηαδη·
2900 1629 2904 1632 .

489 1658 564 1715 Ut
593 1664 788 1716 autem
849 1662 1047 1718 videas
1102 1667 1390 1734 quantum
1446 1664 1826 1734 prtejudicata
1871 1665 2070 1736 opinio
2249 1661 2607 1717 Athanasius
2641 1662 2701 1718 in
2746 1663 3008 1734 Apologia
3063 1664 3138 1721 ad
3195 1664 3578 1719 Constantium
3609 1664 3686 1737 (α)
3716 1663 3844 1722 haec

413 1746 628 1819 valeat,
653 1751 733 1806 ait
752 1748 1276 1807 Tillemontius:Si
1316 1751 1634 1808 Januarius
1679 1753 1919 1820 mensis,
1952 1770 2050 1825 qut

2193 1751 2356 1806 labet
2389 1769 2401 1806 :
2433 1754 2520 1821 Τῷ
2551 1747 2772 1827 ἀδελφῷ
2803 1771 2897 1804 σου
2951 1750 3051 1805 οὐκ
3098 1746 3325 1827 ἔγραψα,
3358 1752 3395 1820 ἢ
3450 1750 3612 1825 μόνον
3655 1750 3746 1807 ὅτε
3776 1752 3830 1808 οἶ

416 1836 725 1894 Eusebiani
756 1838 978 1912 legatos
996 1840 1136 1896 Julii
1169 1840 1458 1913 Elpidium
1482 1846 1539 1897 et
1572 1841 1954 1897 Philoxenum
1978 1842 2053 1897 di-

2203 1838 2299 1912 περὶ
2348 1833 2606 1893 Εὗσὲϐιον
2655 1835 2897 1914 ἓγραψαν
2951 1839 3101 1912 αὐτῷ
3147 1841 3263 1894 κατ’
3309 1839 3465 1913 ἐμοῦ,
3516 1841 3606 1895 καὶ
3669 1842 3840 1917 ἀνάγ-

416 1926 725 1996 miserunt,
758 1929 1001 1985 steterit.
1036 1934 1095 1986 et
1124 1930 1174 1986 si
1205 1931 1343 1986 anni
1374 1932 1479 1986 342
1537 1931 1729 2001 fuerit,
1763 1931 1899 1987 hinc
1928 1949 2053 1988 con-

2203 1949 2273 1997 ,ην
2308 1925 2492 2002 ἔσχον,
2545 1923 2622 1982 ἔτι
2675 1926 2748 1981 ὣν
2796 1927 2846 1982 ἐν
2897 1933 2967 2002 τῇ
3021 1925 3419 2001 Ἀλεξανδρείᾳ,
3481 1928 3840 2005 ἀπολογήσα-

412 2022 692 2088 sequetur
723 2018 1009 2091 synodum
1041 2018 1463 2076 Antiochenam
1507 2024 1743 2076 centum
1792 2021 1911 2077 fere
1942 2022 2049 2092 epi-

2198 2018 2294 2071 rtlau
2329 2035 2341 2047 '
2374 2017 2464 2071 καὶ
2495 2015 2584 2071 ὅτε
2637 2018 2837 2071 πυκτία
2880 2023 2990 2072 τῶν
3042 2018 3201 2073 θείων
3257 2025 3483 2097 Γραφων
3543 2017 3835 2075 κελεύσαν-

413 2121 747 2178 scoporum,
780 2124 907 2180 quae
966 2107 1204 2165 ineunte
1261 2126 1414 2165 anno
1474 2110 1573 2164 341
1630 2110 1923 2165 celebrata
1952 2114 2050 2181 est,

2199 2128 2266 2169 ςος
2321 2106 2484 2161 αὐτοῦ
2547 2127 2640 2179 μοι
2691 2108 3129 2179 κατασκευάσαι,
3191 2112 3359 2162 ταῦτα
3428 2110 3665 2179 ποιήσας
3733 2110 3836 2164 ἀπ-

411 2211 600 2267 usque
626 2199 696 2251 ad
728 2213 948 2253 annum
979 2198 1086 2253 342
1130 2197 1415 2270 prolatam
1474 2214 1626 2264 esse,
1686 2200 1840 2271 quod
1899 2199 2059 2255 haud
2178 2194 2390 2251 ἔστειλα
2421 2198 2529 2253 hoc
2558 2201 2684 2253 est:
2718 2200 2906 2253 Fratri
2939 2201 3122 2254 autem
3179 2201 3273 2254 tuo
3331 2215 3681 2271 nequaquam
3702 2203 3843 2257 scri-

415 2284 751 2340 verisimile.
785 2289 853 2340 Et
881 2285 1004 2341 haec
1034 2303 1213 2343 causa
1240 2292 1349 2358 est,
1384 2291 1450 2343 ut
1476 2292 1680 2343 contra
1722 2288 1898 2343 ﬁdem
1932 2304 2060 2343 ma-
2174 2290 2279 2360 psi,
2310 2289 2423 2342 nisi
2476 2295 2766 2359 postquam
2818 2288 3138 2355 Eusebiani,
3198 2290 3384 2344 missis
3433 2289 3720 2345 adversum
3749 2305 3844 2347 me

408 2374 846 2445 nuscriptorum
878 2379 934 2430 et
977 2375 1268 2432 editorum
1324 2376 1592 2432 omnium
1651 2393 1755 2449 pro
1784 2378 2061 2433 Januario
2176 2379 2396 2447 litteris,
2428 2379 2801 2433 necessitatem
2841 2379 2985 2433 mihi
3024 2379 3282 2449 intulere,
3337 2394 3461 2433 cum
3504 2378 3682 2435 adhuc
3703 2378 3838 2436 Ale-

405 2462 543 2518 velit
570 2463 815 2519 Junium
848 2465 1082 2537 apponi.
1116 2465 1210 2521 Sic
1239 2464 1356 2537 ille,
1418 2482 1535 2522 non
1588 2466 2061 2523 animadvertens
2171 2466 2428 2522 xandriae
2483 2466 2754 2535 degerem,
2816 2483 3007 2522 eorum
3059 2468 3375 2522 calumnias
3422 2468 3831 2540 propulsandi:

407 2541 714 2625 epistolam
746 2552 911 2621 Julii,
971 2554 1064 2610 cui
1116 2555 1420 2611 afferendas
1478 2556 1795 2629 deputatus
1827 2560 1917 2611 est
1946 2556 2057 2611 Ga-
2174 2559 2478 2627 iterumque
2505 2572 2631 2612 cum
2674 2556 2772 2611 illo
2813 2558 3170 2628 praecipiente
3226 2566 3286 2612 ut
3339 2557 3664 2613 divinarum
3691 2559 3838 2615 Scri-

406 2640 621 2698 bianus
652 2658 870 2710 comes,
905 2660 1018 2699 non
1051 2645 1122 2699 ad
1155 2645 1447 2717 synodum
1479 2644 1641 2701 illam
1666 2644 1837 2711 mitti,
1860 2646 1961 2700 sed
1987 2645 2059 2701 ad
2168 2653 2469 2718 pturarum
2526 2644 2701 2701 libros
2773 2645 3124 2717 adornarem,
3200 2650 3468 2718 confectos
3525 2646 3603 2702 ad
3653 2649 3836 2719 ipsum

409 2730 684 2798 Danium,
717 2730 1044 2803 Flacillum,
1076 2733 1439 2799 Narcissum,
1471 2734 1787 2790 Eusebium
1816 2739 1874 2789 et
1914 2732 2046 2789 alio:

2197 2736 2475 2790 ransmisi.
2510 2734 2639 2789 Haec
2684 2732 2884 2787 πυκτία
2912 2738 3021 2787 τῶν
3070 2733 3228 2787 θείων
3272 2737 3497 2812 Γραφῶν
3543 2735 3669 2791 vult
3716 2735 3834 2792 Til-

404 2820 709 2892 episcopos
734 2839 748 2889 ;
774 2837 962 2892 neque
985 2821 1168 2877 ullam
1192 2820 1251 2877 in
1275 2822 1520 2895 epistola
1538 2821 1681 2878 Julii
1703 2823 1909 2896 synodi
1931 2826 2058 2878 tum
2170 2823 2491 2880 lemontius
2524 2824 2600 2896 (b)
2630 2840 2761 2879 esse
2783 2824 3067 2897 synOpsin
3092 2823 3408 2896 Scriptura;
3431 2840 3629 2892 sacrae,
3656 2841 3841 2898 quam

403 2908 726 2965 Antiochiae
766 2908 1125 2966 considentis
1182 2911 1542 2967 mentionem
1603 2911 1842 2967 haberi:
1880 2911 2061 2968 miror
2170 2931 2277 2970 nos
2317 2914 2468 2968 inter
2494 2913 2676 2969 dubia
2705 2930 2882 2985 opera
2915 2913 3172 2969 secundo
3204 2917 3362 2968 torno
3394 2912 3683 2968 cusimus.
3721 2914 3837 2970 Sed

405 3003 927 3071 prorsusamente
970 2999 1178 3071 nuperi
1230 3000 1535 3072 scriptoris
1591 3000 1897 3067 excidisse,
1931 2999 2058 3071 epi-
2168 3004 2239 3058 ad
2273 3001 2614 3074 quaestionis
2664 3002 2955 3069 notitiam,
3010 3001 3390 3072 quaerendum
3443 3000 3644 3055 statim
3690 3002 3834 3071 quid

407 3086 620 3144 stolam
651 3086 793 3144 Julii
824 3088 1263 3160 responsionem
1293 3106 1441 3157 esse,
1494 3107 1629 3146 non
1661 3090 1731 3145 ad
1766 3090 2056 3162 synodum
2169 3092 2287 3147 sint
2315 3089 2534 3158 πυκτία,
2589 3090 2849 3162 quidque
2909 3105 3025 3144 aevo
3086 3087 3339 3143 maxime
3378 3088 3686 3143 Athanasii
3719 3089 3833 3146 hoc

402 3175 671 3244 missam,
704 3176 804 3232 sed
838 3177 909 3232 ad
940 3176 1074 3234 illos
1131 3178 1229 3249 qui
1290 3194 1353 3233 se
1411 3177 1618 3234 litteris
1675 3182 2058 3252 provocarent
2165 3179 2445 3238 vocabulo
2488 3178 2867 3234 indicaretur.
2920 3176 3085 3232 Unde
3133 3177 3316 3233 miror
3358 3175 3827 3247 Tillemontium,

407 3265 736 3339 episcopos,
764 3270 829 3322 ut
857 3266 983 3339 ipse
1015 3267 1235 3340 passim
1296 3267 1490 3323 innuit
1527 3267 1588 3323 in
1645 3268 1892 3341 epistola
1921 3285 2049 3325 sua.
2090 3334 2122 3341 ῌ
2165 3270 2265 3341 qui
2294 3274 2562 3324 nostrum
2595 3268 2653 3323 in
2686 3264 2966 3339 synopsin
2999 3264 3287 3322 monitum
3319 3267 3532 3339 legisse
3563 3282 3626 3321 se
3656 3268 3823 3323 testi-

404 3334 626 3427 Ecquid
644 3372 780 3429 ergo
811 3334 917 3412 abs
943 3334 1207 3412 tenebis
1226 3357 1534 3428 synodum,
1559 3361 1617 3413 et
1637 3334 1879 3414 nimiam
1912 3375 2046 3431 syn-
2080 3334 2124 3403 (ἶ
2163 3334 2392 3425 licetur,
2423 3357 2569 3413 nihil
2603 3334 2766 3429 pensi
2824 3334 3105 3412 habuisse
3163 3356 3304 3429 quid
3350 3334 3422 3411 de
3452 3355 3633 3428 hujus
3662 3355 3821 3412 vocis

399 3444 495 3500 odi
535 3444 905 3501 durationem
944 3444 1250 3501 obtrudit?
1279 3445 1381 3502 Hic
1411 3463 1483 3503 ne
1511 3444 1614 3520 γρύ
1643 3447 1882 3519 quidem
1914 3464 2048 3504 con-
2154 3448 2484 3521 signiﬁcata
2536 3444 2865 3520 perspicuis
2923 3444 3208 3518 exemplis
3264 3445 3609 3502 dixerimus.
3642 3445 3821 3502 Juvat

397 3538 489 3589 tra
521 3533 834 3589 mussitare
860 3534 1047 3590 liceat.
2152 3538 2234 3593 ita
2263 3537 2404 3609 quid
2435 3536 2555 3592 sint
2581 3535 2648 3589 τὰ
2675 3532 2875 3589 πυκτία
2932 3534 3201 3607 pluribus
3255 3535 3554 3606 indagare.
3590 3534 3816 3589 Suidas

469 3622 663 3695 Pergit
682 3622 800 3692 ille,
823 3622 1138 3679 verisimile
1160 3640 1274 3679 non
1302 3629 1390 3680 est
1415 3626 1702 3697 synodum
1720 3627 2043 3684 Romanam

2171 3625 2214 3679 τὸ
2244 3622 2468 3680 πυχτίον
2500 3625 2584 3681 sic
2611 3624 2879 3696 explicat,
2912 3623 2974 3677 τὸ
3011 3617 3233 3697 βιϐλίον
3268 3620 3372 3675 ἀπὸ
3399 3624 3496 3675 τοῦ
3545 3620 3808 3693 πυκτίζω,

398 3728 504 3784 pro
518 3711 1424 3781 menseDecembri,incommoda
1440 3715 1663 3771 scilicet
1675 3720 2035 3788 tempestate,

2173 3713 2354 3770 ἶέστιν
2388 3710 2771 3792 ἀσφαλίζεσθαι
2817 3713 2908 3765 καὶ
2960 3707 3357 3785 συγκλείεσθαι,
3419 3710 3479 3765 id
3539 3715 3649 3777 est,
3708 3730 3810 3767 πυ-

397 3799 681 3857 indictam
740 3801 953 3857 fuisse:
1011 3802 1164 3875 quod
1221 3806 1417 3859 tamen
1474 3804 1718 3861 innuere
1775 3806 2047 3864 videntur
2152 3803 2324 3875 κτίον,
2357 3822 2392 3859 a
2423 3806 2583 3861 verbo
2634 3800 2898 3869 πυκτίζω,
2953 3800 3103 3871 quod
3158 3801 3434 3871 signiﬁcat
3469 3803 3816 3873 compingere

394 3888 590 3945 Julius
620 3892 677 3945 et
704 3889 1083 3963 Athanasius,
1115 3891 1256 3947 dum
1289 3892 1473 3963 aiunt,
1505 3892 1725 3966 legatos
1747 3896 2043 3968 Elpidium
2152 3900 2204 3953 et
2232 3893 2570 3951 concludere.
2602 3893 2706 3948 Est
2731 3891 2930 3962 itaque
2981 3886 3207 3942 πυκτίον
3265 3888 3415 3945 liber
3470 3895 3815 3962 compactus

392 3977 852 4035 etPhiloxenum
901 3979 1055 4035 ultra
1102 3981 1453 4051 praefinitum
1494 3983 1565 4038 ad
1591 3985 1877 4057 synodum
1904 3984 2047 4042 cele—
2154 3985 2274 4041 sive
2303 3982 2618 4039 volumen:
2669 3995 2861 4051 neque
2920 3977 3030 4033 hac
3087 3992 3227 4033 voce
3285 3978 3638 4052 intelligitur
3668 3979 3817 4035 liber

392 4067 679 4125 brandam
709 4072 964 4142 tempus,
987 4070 1058 4125 ad
1088 4086 1275 4143 usque
1303 4071 1647 4128 Januarium
1684 4090 1947 4131 mensem
1972 4076 2044 4131 ab
2157 4073 2260 4146 qui
2290 4071 2508 4127 dicitur
2536 4072 2822 4125 tractatus
2873 4073 2977 4124 aut
3035 4067 3175 4139 quid
3217 4067 3448 4137 simile;
3482 4074 3547 4125 ut
3584 4074 3642 4125 et
3680 4085 3816 4125 mox

392 4156 738 4213 Eusebianis
760 4159 1040 4215 detendos
1072 4160 1252 4216 fuisse
1277 4177 1290 4227 ;
1319 4165 1444 4216 tum
1475 4162 1751 4219 credibile
1781 4180 1896 4221 non
1919 4181 2047 4221 esse
2157 4160 2467 4218 afferendis
2488 4158 2632 4215 locis
2654 4156 2956 4230 propalam
2978 4156 3105 4214 erit.
3134 4157 3279 4213 Nam
3314 4158 3629 4231 Gregorius
3654 4159 3814 4226 Naz.,

304 4291 309 4298 .
391 4243 614 4318 legatos
643 4261 847 4302 mense
873 4247 1178 4317 Januario,
1225 4250 1420 4305 media
1472 4268 1683 4324 nempe
1729 4251 1941 4319 hieme,

2175 4251 2421 4307 iratione
2466 4267 2566 4319 xx,
2611 4248 2695 4303 sic
2746 4247 2964 4303 habet:
2998 4248 3163 4300 Ἥσον
3214 4246 3291 4299 ἑνὶ
3339 4250 3446 4300 τῶν
3499 4243 3812 4301 ἀκολούθων

390 4332 601 4391 iisdem
633 4334 912 4392 dimissos
942 4336 1143 4393 fuisse.
1178 4337 1307 4393 Haec
1338 4340 1498 4395 omni
1529 4356 1599 4395 ex
1636 4347 1800 4413 parte
1842 4341 2023 4397 labun

2174 4339 2349 4409 εἰπεῖν,
2408 4336 2662 4412 ἀραμένῳ
2709 4334 2772 4389 τὸ
2816 4334 3039 4389 πυκτίον
3098 4333 3416 4389 ἀκολουθεῖν
3473 4355 3484 4369 ·
3543 4336 3600 4392 id
3657 4341 3748 4393 est
3799 4354 3811 4392 :

390 4428 528 4492 tur;
559 4441 694 4480 nam
726 4425 833 4481 etsi
884 4426 1122 4482 daretur
1176 4428 1465 4500 synodum
1521 4430 1593 4485 ad
1652 4447 1915 4487 mensem
1950 4435 2051 4485 De-
2162 4432 2339 4500 Quam
2374 4433 2476 4483 uni
2503 4444 2572 4484 ex
2599 4428 2840 4495 asseclis,
2871 4434 2922 4482 et
2949 4442 3007 4481 se
3041 4429 3259 4499 accepto
3291 4427 3435 4482 libro
3480 4434 3813 4499 sequeretur,

392 4527 456 4568 ce
473 4513 701 4569 mbrem
736 4513 1012 4572 indiciam
1045 4515 1250 4584 fuisse,
1279 4533 1394 4573 non
1427 4518 1629 4590 procul
1660 4519 1923 4591 exempla
1953 4536 2029 4591 per

2173 4521 2460 4591 imperaret
2492 4535 2504 4585 ;
2537 4521 2594 4573 et
2622 4521 2768 4573 orat.
2800 4518 2835 4571 6
2867 4533 2880 4571 :
2914 4516 3032 4568 Ὅτι
3071 4534 3161 4587 μοι
3192 4513 3418 4568 πυκτίον
3451 4512 3504 4569 ἐν
3536 4514 3692 4591 χερσὶ
3714 4517 3810 4569 τοῦ

395 4602 582 4673 tende
602 4607 817 4672 essent,
841 4604 913 4660 ad
939 4606 1440 4678 comprobandum
1461 4607 1519 4662 id
1550 4624 1665 4663 non
1689 4613 1896 4680 praeter
1916 4624 2051 4664 con-
2166 4603 2614 4678 Ἀπολλιναρίου,
2646 4606 2790 4661 mihi
2818 4607 2879 4660 in
2898 4604 3153 4660 manibus
3176 4620 3287 4660 esse
3308 4606 3510 4660 librum
3533 4605 3815 4677 Apollina-

394 4691 766 4747 suetudinem
791 4694 1019 4750 admitti
1044 4712 1056 4750 :
1081 4696 1317 4767 quando
1339 4713 1654 4753 numerosa
1677 4696 1775 4753 illa
1792 4698 2031 4771 synodu:

2173 4699 2233 4753 ’ἰί
2260 4715 2279 4752 .·
2310 4700 2367 4752 et
2394 4696 2567 4768 epist.
2616 4696 2684 4749 64
2719 4710 2731 4747 :
2774 4696 2889 4746 Τῶν
2942 4689 3000 4747 δὲ
3042 4692 3283 4747 πυκτίων
3335 4693 3410 4747 ὧν
3468 4691 3699 4768 ᾔτησας,
3747 4693 3810 4748 τὸ

390 4779 752 4836 Antiochena
780 4798 847 4837 ex
876 4783 1174 4852 omnibus,
1232 4784 1406 4840 etiam
1466 4785 1760 4852 extremis,
1793 4786 2027 4843 Orienti:

2170 4786 2252 4842 ,ιὲν
2303 4784 2479 4861 εὗρον,
2528 4782 2619 4837 καὶ
2666 4777 2883 4855 ἔπεμψά
2932 4802 3016 4837 σοι
3066 4780 3365 4856 προθύμῶς
3418 4802 3430 4816 ·
3481 4781 3544 4835 τὸ
3577 4778 3635 4836 δὲ
3682 4781 3807 4852 ἐζη-

391 4868 657 4940 patribus
678 4869 934 4938 collecta,
961 4874 1200 4929 ineunte
1220 4891 1375 4930 anno
1412 4876 1511 4929 341
1566 4876 1760 4931 media
1779 4876 2028 4933 videlicet

2175 4876 2392 4945 ιιώθην,
2445 4872 2545 4927 οὐκ
2601 4866 2747 4947 ἔχων
2805 4868 2923 4925 ο⁹ίου
2982 4871 3234 4947 χρῄζεις,
3286 4872 3387 4940 τὴν
3438 4868 3692 4927 Ἰλιάδα·
3727 4876 3812 4930 Ex

392 4958 601 5026 hieme,
638 4959 929 5016 celebrata
981 4966 1088 5032 est,
1133 4967 1199 5018 ut
1243 4963 1461 5019 fatetur
1478 4963 1565 5020 vel
1591 4964 1715 5035 ipse
1736 4965 2043 5022 Tillemon-
2153 4967 2316 5022 libris
2342 4980 2506 5037 porro
2536 4978 2669 5035 quos
2695 4963 2963 5033 postulas,
3033 4964 3287 5018 alterum
3331 4963 3541 5030 inueni,
3582 4978 3813 5034 eumque

388 5046 551 5104 tius:
586 5064 767 5119 quare
814 5047 959 5103 nihil
995 5048 1130 5105 hinc
1180 5050 1268 5106 vel
1299 5052 1370 5107 ad
1402 5053 1609 5125 synodi
1650 5057 1920 5110 Romanis
1950 5072 2042 5110 ce-
2152 5056 2232 5113 ad
2263 5064 2313 5112 te
2351 5056 2591 5110 libenter
2644 5053 2812 5119 misi;
2875 5053 3115 5108 alterum
3166 5067 3328 5125 quem
3380 5053 3559 5125 poscis
3608 5052 3812 5108 damno

386 5135 796 5204 lebrationem,
827 5137 914 5193 vel
940 5140 1012 5193 ad
1041 5139 1457 5210 profectionem
1505 5141 1831 5214 legatorum
1859 5145 2042 5201 obicis
2151 5162 2267 5202 meo
2295 5161 2407 5201 non
2436 5143 2901 5211 habeo,nimirum
2961 5142 3227 5211 Iliadem;
3290 5158 3381 5214 ep.
3436 5141 3543 5196 87:
3577 5138 3808 5195 Πυκτίον

388 5224 659 5281 adesset:
716 5242 853 5282 cum
914 5228 1236 5297 praesertim
1294 5229 1629 5297 Eusebiani,
1679 5248 1792 5289 non
1823 5233 1905 5289 ita
1931 5233 2025 5290 hu-

2173 5231 2562 5306 ἱπεστάλκαμὲν
2614 5251 2697 5285 σοι
2748 5237 2848 5300 τῆς
2901 5231 3214 5306 Ὠριγὲνους
3266 5227 3607 5293 Φιλοκαλίας
3662 5247 3674 5261 ·
3716 5232 3810 5287 Li-

388 5314 549 5369 mani
580 5319 638 5369 et
672 5316 985 5386 opportuni
1019 5322 1236 5388 essent,
1290 5323 1356 5374 ut
1410 5326 1684 5376 curarent
1724 5323 2042 5380 adversane
2152 5326 2310 5382 brum
2338 5324 2411 5379 ad
2466 5327 2521 5379 te
2567 5323 2822 5378 misimus
2881 5322 3142 5392 Origenis
3196 5320 3530 5378 Philocalia:
3579 5339 3593 5391 ;
3634 5321 3806 5394 epist.

390 5417 462 5455 an
495 5403 805 5459 commoda
832 5408 1178 5476 tempestate
1208 5404 1433 5479 legatos
1461 5408 1626 5477 Julii,
1656 5412 1747 5465 cui
1778 5416 1920 5468 tunc
1951 5413 2027 5469 in-

2169 5417 2297 5471 ;65.:
2328 5412 2399 5465 Τὸ
2429 5407 2653 5465 πυκτίον
2682 5408 2813 5485 ὅπερ
2845 5406 3077 5487 εἴληφας
3125 5410 3253 5483 παρ’
3282 5411 3468 5484 ἡμῶν,
3526 5410 3623 5473 τὰς
3657 5409 3806 5484 Ἀρι-

390 5488 522 5544 festi
552 5495 737 5557 erant,
769 5491 1153 5550 dimitterent.
1188 5495 1337 5561 Quid
1370 5497 1525 5567 quod
1559 5514 1667 5554 nec
1683 5499 2027 5559 Athanasius

2166 5499 2438 5562 ποτέλους
2472 5496 2783 5561 ἐπιστολάς·
2814 5501 3043 5556 Librum
3080 5517 3242 5572 quem
3286 5518 3322 5556 a
3346 5502 3500 5558 nobis
3528 5501 3803 5573 accepisti,

390 5593 497 5633 nec
524 5577 715 5635 Julius
742 5579 930 5653 aiunt,
960 5581 1049 5638 vel
1079 5583 1152 5639 ad
1182 5582 1560 5643 Decembrem
1617 5586 1705 5644 vel
1753 5590 1827 5646 ad
1856 5588 2038 5647 alium
2149 5592 2455 5650 Aristotelis
2476 5591 2745 5663 Epistolas
2772 5607 2794 5653 ;
2825 5593 2883 5646 et
2922 5594 3127 5663 postea
3154 5607 3166 5645 :
3203 5588 3384 5651 Αἷτεῖς
3432 5589 3633 5645 nuntia
3679 5589 3807 5664 παρ’

457 5776 538 5850 (α)
567 5775 629 5833 Po
658 5775 787 5835 236.
976 5764 983 5771 ’
1794 5842 1799 5847 .
2219 5788 2297 5863 (b)
2330 5789 2423 5848 Vie
2446 5787 2516 5847 de
2545 5787 2850 5857 8.Αε1ιαη.,
2880 5791 2992 5847 art.
3021 5787 3115 5861 37,
3144 5790 3202 5847 et
3229 5790 3363 5848 note
3389 5788 3483 5847 45.
