4146 6382
1190 374 1307 450 DE_
1335 370 1522 435 VITA
1563 373 1664 434 ET
1709 371 2058 436 SCRIPTIS
2103 374 2167 435 S.
2216 372 2673 435 ATHANASII.

3398 389 3636 439 CLXXVII

220 505 386 576 ἡμῶν
419 501 495 564 εἷς
528 500 826 579 ῥητορικὴν
879 497 1197 572 ames:me
1234 521 1245 534 '
1282 506 1469 561 Libros
1516 524 1552 561 α
1591 507 1746 561 nobis
1774 524 1870 562 esc-

1991 506 2152 576 lium,
2186 524 2332 577 quas
2363 507 2753 581 Hieronymus
2784 511 2856 566 ab
2886 511 3202 566 Athanasio
3222 511 3389 566 datas
3417 527 3632 568 memo-

215 596 382 666 petis,
425 594 504 649 ad
521 593 851 649 rhetoricam
870 595 1219 666 repubescens
1242 611 1263 656 ;
1294 601 1349 650 et
1365 595 1534 667 epist.
1571 597 1671 649 199
1699 616 1716 650 ;
1737 592 1873 648 Ἰδού

224 681 404 735 σοιτά
432 680 650 752 πυκτία,
704 683 836 755 ἅπερ
885 687 1084 754 ζητεῖς,
1137 681 1233 736 ὅσα
1261 682 1388 744 τοὺς
1435 689 1602 751 σῆτας
1634 680 1871 760 διέφυγε,

219 770 309 824 xui
357 770 447 824 τὸν
495 771 694 824 καπνὸν
754 771 884 842 ὑπὲρ
935 771 997 824 οὗ
1048 772 1322 825 κατέκειτο
1359 789 1369 800 ·
1407 775 1487 828 Εη
1519 774 1684 830 libros
1716 791 1800 829 eos
1842 792 1877 828 a

218 862 374 917 nobis
407 861 592 931 habes,
625 877 756 933 quos
780 862 1047 932 postulas,
1081 879 1187 927 eos,
1221 865 1471 934 inquam,
1521 879 1730 933 omnes,
1781 865 1877 935 qui

219 952 399 1005 tineas
454 951 785 1022 effugerunt,
812 953 1136 1021 fumumque
1163 968 1333 1021 supra
1364 969 1522 1021 quem
1568 954 1666 1006 siti
1694 960 1871 1007 erant.

221 1039 538 1110 Gregorius
569 1039 708 1094 item
740 1039 1039 1110 Nyssenus
1068 1039 1316 1111 epistola
1349 1041 1419 1095 ad
1480 1045 1714 1096 Petrum
1758 1041 1872 1095 fra-

220 1132 374 1184 trem
405 1145 417 1182 :
452 1125 626 1188 Μόλις
658 1121 931 1201 ἔπιτυχὼν
991 1127 1250 1203 βραχείας
1303 1125 1538 1201 σχολῆς,
1587 1132 1655 1202 τῇ
1694 1149 1751 1182 τε
1778 1132 1874 1181 τοῦ

224 1216 480 1287 σώματος
511 1214 764 1288 θεραπείᾳ
811 1221 1075 1291 προσχεῖν
1129 1213 1428 1286 ἠδυνήθην,
1499 1217 1629 1289 μετὰ
1685 1218 1784 1284 τὴν
1819 1215 1876 1270 ἐκ

220 1311 324 1373 τῆς
365 1303 646 1377 Ἀρμενίας
681 1302 962 1376 ἐπάνοδον,
1012 1306 1101 1359 καὶ
1149 1311 1467 1380 συναγαγεῖν
1499 1307 1567 1359 τὰ
1615 1302 1876 1380 σχεδάρια

221 1394 291 1447 τὰ
318 1394 459 1466 πρὸς
487 1393 756 1468 Εὐνόμιον
789 1396 924 1449 κατὰ
954 1389 1274 1468 συμϐουλὴν
1325 1402 1424 1464 τῆς
1482 1402 1579 1464 σῆς
1614 1396 1872 1456 συνέσεως

224 1483 685 1558 ὑπηγορευμὲναο
723 1483 859 1538 ὥστε
909 1505 1000 1556 μοι
1036 1481 1228 1538 λοιπὸν
1280 1485 1354 1546 εἷς
1407 1482 1579 1559 λόγου
1632 1483 1872 1553 σύνταξιν

222 1575 660 1645 συναρμοσθῆναι
714 1574 804 1627 τὸν
864 1572 1068 1642 πόνον,
1119 1573 1208 1627 καὶ
1269 1572 1492 1628 πυκτίον
1553 1571 1661 1642 ἤδη
1723 1594 1875 1648 γεγε-

221 1662 414 1730 νῆσθαι
469 1661 558 1715 τὸν
618 1659 806 1735 λόγον·
858 1665 956 1719 Via:
1012 1665 1298 1719 tantillum
1352 1665 1450 1719 otii
1504 1669 1718 1728 nactus,
1758 1673 1876 1735 post

220 1767 410 1807 meum
439 1768 509 1807 ea:
538 1753 803 1807 Armenia
835 1753 1104 1823 reditum,
1138 1753 1380 1808 curando
1414 1757 1634 1824 corpori
1655 1769 1874 1824 operam

219 1841 353 1896 dare
369 1843 547 1912 potui,
569 1844 623 1896 et
641 1841 925 1897 schedulas
963 1849 1152 1898 contra
1199 1843 1516 1897 Eunonium
1563 1841 1874 1912 prudentia

219 1933 334 1986 tuae
362 1930 594 1986 consilio
615 1930 849 1985 dictatas
874 1932 936 1984 in
957 1947 1132 1985 unum
1178 1931 1438 2001 colligere
1461 1950 1480 1997 ;
1529 1933 1608 1986 ita
1628 1933 1689 1985 ut
1719 1932 1877 1987 labor

223 2019 320 2073 ille
364 2036 517 2075 meus
572 2021 634 2074 in
683 2023 948 2075 tractatus
992 2022 1237 2090 formam
1292 2023 1659 2076 concinnatus
1688 2021 1779 2090 sit,
1827 2027 1877 2074 et

221 2110 338 2179 iam
390 2112 667 2166 tractatus
723 2111 821 2166 ille
878 2112 938 2165 in
995 2111 1129 2166 libri
1184 2112 1636 2181 magnitudinem
1691 2125 1875 2165 excre-

224 2199 326 2252 vit.
1091 2245 1094 2247 Α

298 2287 609 2342 Innumera
639 2288 895 2359 proferre
925 2287 1061 2344 licet
1110 2289 1203 2343 his
1263 2288 1479 2344 similia
1536 2289 1681 2359 loca,
1711 2289 1877 2360 queis

228 2375 426 2448 palam
475 2378 574 2431 ﬁat
619 2375 972 2430 πυκτία.τῶν
1032 2375 1187 2441 θείων
1249 2380 1474 2453 Γραφῶν
1525 2377 1669 2432 nihil
1720 2377 1877 2432 aliud

227 2481 378 2530 esse,
413 2481 587 2535 quam
619 2464 800 2522 libros
825 2469 1261 2538 Scripturarum
1294 2483 1593 2522 sacrarum
1630 2467 1796 2538 plura
1818 2466 1880 2520 in

224 2553 527 2610 volumina
550 2560 903 2626 compactos,
941 2573 1054 2612 non
1084 2573 1218 2612 vero
1247 2555 1525 2627 synopsin
1571 2555 1880 2627 Scriptura:

227 2660 441 2699 sacrae:
477 2645 978 2715 quemadmodum
1034 2642 1257 2698 πυκτίον
1317 2641 1749 2720 Ἀπολλιναρίου
1796 2649 1884 2700 est

225 2729 375 2787 liber
429 2732 795 2805 Apollinarii,
867 2739 922 2789 et
969 2733 1192 2788 πυκτίον
1247 2733 1576 2807 Ὠριγὲνους,
1641 2729 1883 2786 Φιλοπα-

228 2817 354 2881 λίας
386 2826 476 2876 est
504 2821 652 2876 liber
678 2824 998 2879 Philocaliw
1029 2824 1318 2896 Origenis,
1379 2828 1489 2879 etc.
1541 2824 1656 2879 Nec
1688 2824 1792 2878 abs
1825 2841 1884 2879 re

228 2911 340 2966 erit
372 2927 608 2967 monere
637 2913 794 2984 apud
827 2912 1056 2969 Graecos
1086 2915 1290 2969 eodem
1344 2930 1521 2969 sensu
1570 2912 1884 2968 usuvenire

228 3016 430 3056 vocem
463 2999 673 3070 πυκτίς,
715 2998 852 3070 ίδος,
884 3002 943 3056 in
976 3003 1174 3058 codice
1207 3003 1423 3075 quippe
1452 3003 1630 3075 Regio
1653 3003 1815 3073 2284,
1850 3019 1886 3057 x

232 3088 432 3145 saeculi
464 3089 722 3162 ingentis
751 3091 946 3157 molis,
967 3091 1063 3146 hic
1090 3091 1298 3148 titulus
1322 3089 1885 3163 praemittiturdjllvuﬁ

236 3171 464 3253 ἀκριϐὴς
494 3178 595 3246 τής
627 3177 910 3252 παρούσης
947 3177 1228 3250 πυκτίδος,
1262 3181 1372 3236 hoc
1414 3185 1520 3252 est,
1581 3181 1751 3236 Index
1792 3196 1883 3236 ac-

1985 599 2093 662 rat,
2129 595 2185 648 in
2245 612 2360 666 qua
2414 613 2481 651 ex
2523 601 2862 654 transcursu
2913 599 3222 670 Scriptura:
3281 616 3458 654 sacrae
3499 599 3629 654 libri

1986 689 2397 739 recensentur:
2453 686 2708 758 itemque
2762 687 3008 743 aliorum
3069 688 3167 743 SS.
3227 689 3333 743 PP.
3380 705 3633 744 canones

1984 773 2419 843 Scripturarum
2453 774 2792 829 afferuntur.
2833 778 2911 830 Ib1
2949 793 3078 830 vero
3112 793 3182 829 ne
3233 778 3473 831 verbum
3507 777 3635 848 qui-

1985 862 2118 916 dem
2151 862 2220 916 de
2253 863 2487 934 synopsi
2522 863 2848 931 Athanasii,
2890 883 3015 937 qua
3076 866 3298 920 caeteris
3351 866 3630 922 omnibus

1986 955 2220 1021 praestat
2242 955 2296 1004 et
2328 952 2670 1017 eruditione,
2703 959 2759 1008 et
2790 959 3060 1008 accurata
3091 954 3354 1008 omnium
3401 971 3528 1024 quae
3563 956 3635 1010 ad

1985 1039 2345 1110 Scripturam
2378 1045 2644 1110 spectant
2673 1042 2982 1096 mentione.
3016 1046 3134 1096 Hoc
3167 1060 3303 1097 sane
3335 1059 3481 1114 opus
3513 1060 3631 1098 non

1986 1133 2231 1198 poterat,
2266 1129 2313 1182 si
2346 1129 2582 1198 quidem
2617 1147 2718 1200 pro
2752 1130 3150 1185 Athanasiano
3184 1131 3450 1187 habitum
3483 1131 3628 1188 fuis-

1986 1221 2090 1283 set,
2127 1217 2372 1286 reticeri,
2404 1216 2501 1271 ubi
2532 1219 2602 1271 de
2625 1217 2915 1272 industria
2936 1219 3170 1273 Patrum
3203 1236 3455 1275 canones
3481 1221 3637 1276 circa

1986 1303 2347 1375 Scripturam
2381 1322 2607 1360 sacram
2637 1307 3338 1364 instituunturPraeterea
3358 1309 3480 1365 haec
3503 1327 3639 1382 syn-

1985 1393 2165 1463 opsis,
2202 1395 2356 1465 quod
2389 1395 2624 1467 gravius
2654 1400 2762 1463 est,
2800 1413 2930 1451 cum
2963 1396 3211 1468 epistola
3233 1397 3422 1453 festali
3453 1400 3636 1454 Atha-

1985 1483 2134 1537 nasii
2169 1500 2282 1538 non
2335 1490 2648 1540 consonat:
2688 1503 2822 1540 nam
2856 1485 3102 1557 epistola
3131 1487 3451 1558 praemissis
3481 1488 3640 1543 Scri-

1987 1578 2169 1643 pturae
2200 1571 2389 1638 libris,
2419 1573 2516 1645 qui
2551 1574 2609 1628 in
2670 1591 2892 1630 canone
2951 1575 3312 1647 locabantur,
3376 1577 3446 1630 de
3503 1577 3636 1633 aliis

1985 1660 2106 1714 haec
2164 1661 2401 1732 subjicit
2451 1663 2521 1734 (1))
2559 1681 2571 1717 ε
2615 1663 2763 1715 Ἔστι
2822 1664 2911 1716 xui
2969 1659 3125 1737 ἕτερα
3187 1659 3376 1738 βιϐλία
3429 1664 3635 1719 τούτων

1987 1746 2195 1820 ἔξωθεν,
2243 1749 2305 1802 οὐ
2343 1751 2734 1823 κανονιζὸμενα
2792 1752 2884 1823 μὲν
2921 1771 2932 1782 ·
2976 1753 3328 1826 τεττπωμὲνα
3381 1751 3438 1808 δὲ
3496 1755 3642 1830 παρὰ

1984 1841 2090 1890 τῶν
2150 1837 2394 1912 πατέρων
2457 1839 2914 1913 ἀναγινώσκεσθαι
2965 1847 3080 1902 τοῖς
3155 1839 3276 1917 ἄρτι
3333 1862 3639 1918 προσερχο-

1990 1925 2191 1999 μένοις,
2242 1927 2330 1980 καὶ
2387 1925 2751 2002 βουλομένοις
2797 1931 3153 2004 κατ·ηχεῖσθαι
3201 1931 3293 1985 τὸν
3340 1938 3440 2000 τῆς
3491 1932 3638 1987 εὐσε-

1987 2008 2136 2077 ϐείας
2166 2013 2332 2089 λόγον
2371 2038 2382 2048 ·
2437 2015 2597 2094 σοφία
2642 2015 3030 2091 Σολομῶντος,
3084 2018 3170 2072 οιαὶ
3220 2020 3383 2097 σοφία
3437 2022 3641 2096 Σιράχ-

1984 2105 2074 2158 καὶ
2108 2105 2327 2178 Ἐσθῆρ,
2358 2105 2446 2159 καὶ
2488 2103 2700 2177 Ἰουδῖθ,
2752 2107 2840 2160 καὶ
2883 2103 3099 2178 Τοϐίαςν
3148 2110 3238 2162 καὶ
3288 2107 3488 2185 διδαχὴ
3545 2132 3642 2165 λα’

1988 2192 2228 2266 λουμένη
2264 2198 2370 2248 τῶν
2418 2193 2761 2266 ἀποστόλων,
2813 2197 2902 2250 καὶ
2949 2199 2977 2251 ὁ
3028 2201 3267 2271 Ποιμήν.
3318 2200 3415 2252 Καὶ
3462 2199 3639 2272 ὅμως,

1989 2283 2264 2358 ἀγαπητοὶ
2315 2330 2329 2354 ,
2389 2284 2648 2338 κάκείνων
2727 2287 3160 2359 κανονιζομὲνων
3192 2333 3205 2359 ,
3265 2289 3356 2341 xui
3433 2287 3639 2343 τούτων

1989 2374 2510 2448 ἀναγινωσκομένων
2547 2420 2559 2444 ,
2618 2372 2860 2448 οὐδαμοῦ
2935 2380 3043 2430 τῶν
3114 2376 3439 2455 ἀποκρύφων
3503 2380 3642 2451 μνή-

1995 2483 2092 2534 μηο
2128 2464 2185 2518 id
2217 2469 2340 2519 est:
2375 2465 2675 2521 Praeterhos
2733 2467 2837 2521 alii
2899 2466 3037 2522 libri
3090 2472 3237 2533 sunt,
3287 2472 3385 2540 qui
3440 2471 3500 2524 in
3543 2486 3643 2524 ca-

1988 2568 2130 2608 none
2159 2553 2375 2624 quidem
2406 2571 2516 2608 non
2547 2554 2853 2616 habentur;
2876 2556 2967 2610 sed
2997 2573 3128 2628 quos
3157 2575 3190 2612 a
3247 2559 3509 2614 Patribus
3547 2559 3642 2615 de-

1991 2645 2192 2697 cretum
2224 2651 2299 2697 est
2323 2643 2572 2711 legendos
2619 2645 2685 2699 ab
2733 2646 2801 2700 iis
2834 2661 2966 2716 esse,
3018 2649 3114 2717 qui
3165 2664 3344 2718 nuper
3367 2647 3646 2704 ediscendi

1988 2733 2211 2802 pietatis
2243 2733 2396 2787 verbi
2422 2734 2609 2803 gratia
2657 2737 3016 2790 accesserint:
3077 2735 3363 2807 Sapientia
3395 2737 3644 2794 Salomo-

1990 2822 2100 2885 nis,
2159 2825 2214 2874 et
2271 2821 2553 2892 Sapientia
2609 2822 2821 2893 Sirach,
2882 2825 3094 2892 Esther,
3153 2825 3367 2897 Judzth,
3431 2827 3641 2900 Tobias,

1995 2912 2361 2978 Doctrina,ut
2388 2920 2600 2978 vocant,
2631 2913 3007 2984 apostolorum
3033 2923 3084 2970 et
3115 2920 3332 2970 Pastor.
3366 2917 3643 2984 Attamen,

1992 2999 2202 3068 dilecti,
2235 3017 2361 3056 cum
2389 3002 2480 3056 illi
2509 3002 2570 3056 in
2598 3017 2806 3057 canone
2854 3012 3210 3075 reponantur,
3262 3006 3323 3059 hi
3361 3007 3640 3076 legantur,

1992 3105 2270 3160 nusquam
2299 3098 2378 3145 est
2405 3091 2845 3163 apocryphorum
2877 3096 3100 3148 mentio.
3136 3093 3229 3148 Sic
3259 3093 3642 3150 Athanasius.

1994 3180 2066 3232 At
2095 3184 2297 3234 auctor
2327 3196 2644 3252 synopseos
2674 3183 2742 3251 (c)
2777 3180 2948 3253 longe
2977 3182 3274 3238 diversum
3309 3182 3520 3238 horum
3549 3200 3644 3239 ca-

233 3276 452 3323 curatus
473 3269 699 3338 huiusce
728 3270 881 3326 libri.
917 3270 1099 3342 Igitur
1127 3270 1442 3342 Scriptura:
1473 3287 1648 3326 sacrm
1680 3269 1882 3339 libros,
1916 3258 1958 3324 C
1994 3266 2257 3340 talogum
2289 3268 2466 3323 texit:
2532 3271 2602 3323 De
2656 3271 2837 3338 libris,
2871 3271 2969 3336 ait,
3037 3274 3236 3327 Veteris
3289 3275 3643 3341 Testamenti;

235 3357 424 3413 Graece
456 3357 614 3414 haud
645 3357 821 3413 dubie
846 3364 1134 3425 exaratos,
1161 3363 1446 3415 Constans
1478 3363 1783 3431 Augustus
1815 3359 1885 3415 ab

236 3445 549 3502 Athanasio
581 3447 838 3517 expetiit,
873 3454 927 3503 et
959 3449 1029 3504 ab
1062 3447 1161 3504 illo
1188 3447 1608 3504 catholicarum
1631 3447 1884 3519 partium

232 3534 293 3590 in
327 3535 558 3592 Oriente
590 3536 852 3608 principe
882 3537 1335 3609 descriptionem
1369 3537 1630 3594 accurari
1659 3536 1882 3592 voluit:

233 3629 450 3692 certus,
483 3625 593 3681 hoc
622 3624 919 3697 vigilante,
953 3627 1206 3693 doctore,
1259 3644 1456 3682 sacras
1505 3626 1731 3682 litteras
1773 3644 1885 3698 pu-

233 3730 355 3779 ras,
385 3731 492 3770 nec
509 3713 915 3770 hereticorum
941 3716 1188 3771 ausibus
1211 3716 1462 3784 vitiatas,
1488 3732 1550 3771 se
1573 3721 1884 3772 nacturum

234 3817 385 3858 8838.

303 3892 593 3965 Synopsin
650 3899 843 3950 autem
905 3895 1217 3966 Scriptura:
1297 3912 1476 3950 sacra
1535 3912 1879 3967 germanum

228 3981 538 4037 Athanasii
569 3982 749 4037 fetum
783 3999 910 4038 esse
940 3983 1199 4039 defendit
1225 3984 1635 4040 Tillemontius
1667 3986 1749 4057 (ιι)
1776 4003 1788 4040 :
1815 4003 1885 4042 ne

229 4071 660 4143 minimamque
692 4072 770 4127 ibi
797 4069 1008 4132 νοθείας
1041 4074 1436 4144 suspicionem
1471 4074 1882 4146 deprehendit.

226 4158 409 4213 Nobis
440 4175 609 4215 secus
638 4160 908 4216 videtur:
962 4179 1098 4216 nam
1146 4162 1333 4217 multa
1390 4167 1706 4218 occurrunt
1753 4180 1882 4235 quas

225 4246 552 4303 Athanasio
586 4255 784 4304 nostro
845 4250 1308 4321 abjudicandum
1364 4268 1512 4322 opus
1569 4269 1698 4307 esse
1747 4269 1883 4307 sua-

228 4337 441 4405 deant;
473 4342 672 4393 nostro
703 4339 844 4405 dixi,
879 4339 1026 4393 nihil
1087 4341 1302 4412 quippe
1361 4341 1529 4396 obest
1567 4341 1894 4412 quominus-

225 4424 396 4481 alteri
428 4427 766 4498 cognomini
799 4428 1149 4484 ascribatur.
1200 4429 1396 4483 Primo
1447 4429 1685 4500 quidem
1719 4447 1880 4485 scru-

225 4513 439 4586 pulum
471 4521 684 4583 movet,
720 4518 871 4589 quod
928 4505 1098 4572 nemo
1157 4522 1419 4572 veterum
1481 4524 1601 4573 tam
1653 4519 1884 4592 insigne

237 4620 388 4674 opus
420 4609 539 4660 tam
591 4605 903 4677 prolixum,
937 4611 1260 4664 memoret:
1318 4607 1686 4680 maximeque
1729 4609 1884 4679 quod
1918 4635 1963 4699 Β

223 4693 618 4767 Hieronymus
649 4695 707 4749 id
740 4699 946 4764 taceat,
981 4696 1082 4768 qui
1115 4697 1172 4751 in
1205 4697 1653 4752 Praefationibus
1687 4698 1757 4752 ad
1792 4715 1882 4754 sa-

223 4800 391 4840 cram
425 4784 789 4856 Scripturam
821 4785 968 4841 alios
1000 4787 1146 4842 bene
1179 4786 1398 4843 multos
1447 4787 1764 4858 scriptores
1795 4787 1877 4844 af-

220 4874 365 4943 fert,
398 4878 744 4944 argumento
779 4875 977 4930 minus
1009 4881 1392 4948 opportunos,
1430 4876 1879 4948 Apollinarium,

214 4963 628 5031 Ammonium,
658 4963 1010 5036 llesycbium
1047 4970 1104 5020 et
1135 4965 1300 5021 alios.
1346 4967 1429 5020 Ad
1483 4965 1622 5037 haec,
1686 4966 1745 5021 in
1777 4985 1879 5022 an-

212 5051 411 5122 tiquis
443 5052 746 5109 Athanasii
778 5053 1220 5110 collectionibus
1253 5055 1372 5110 hzec
1423 5052 1694 5127 synOpsis
1739 5073 1880 5112 nus-

217 5157 409 5213 quam
441 5140 725 5198 habetur:
761 5148 819 5198 et
847 5144 1004 5215 quod
1055 5144 1244 5216 magis
1294 5149 1524 5214 urgeat,
1581 5146 1640 5198 in
1673 5144 1880 5199 collec-

216 5229 486 5286 tionibus
509 5249 800 5288 canonum
833 5234 1109 5289 omnibus
1141 5234 1527 5306 perantiquis,
1590 5234 1687 5288 ubi
1718 5252 1879 5286 κανο-

217 5319 352 5373 νικά
391 5321 693 5378 Athanasii
753 5322 813 5378 in
873 5324 1236 5395 Scripturam
1298 5340 1528 5379 sacram
1589 5324 1877 5391 feruntur,

219 5425 346 5466 una
366 5416 664 5484 comparet
684 5411 932 5486 epistola
953 5413 1174 5470 festalis
1191 5413 1280 5482 39,
1304 5430 1372 5469 ex
1403 5429 1648 5470 numero
1680 5413 1870 5470 Festa-

298 5644 660 5720 (eLNoteﬁS.

298 5645 353 5720 (a
405 5645 550 5704 Note
570 5646 610 5702 ω

297 5645 449 5802 ςδςρ.
480 5717 610 5786 768.

1995 3358 2188 3428 quibus
2216 3359 2641 3423 contradicitur,
2661 3359 2784 3429 jam
2839 3364 3003 3416 antea
3058 3360 3308 3416 diximus
3326 3379 3350 3426 ;
3406 3363 3465 3415 ut
3495 3372 3643 3431 sunt,

1993 3448 2282 3518 Sapientia
2337 3447 2667 3514 Salomonis,
2729 3449 3015 3519 Sapientia
3070 3451 3200 3506 Jesu
3259 3451 3370 3520 ﬁlii
3426 3450 3643 3519 Sirach,

1992 3535 2203 3599 Esther,
2230 3535 2422 3591 Iudith
2450 3545 2500 3590 et
2537 3537 2743 3591 Tobias.
2776 3539 2897 3592 Istis
2944 3540 3112 3593 etiam
3169 3544 3649 3595 connumerantur

1993 3625 2328 3680 Machabaici
2393 3627 2530 3680 libri
2591 3630 2846 3697 quatuor,
2918 3629 3262 3696 Ptolemaici,
3320 3629 3532 3685 Psalmi
3597 3638 3650 3685 et

1998 3715 2280 3769 Canticum
2308 3715 2636 3782 Salomonis,
2703 3715 2976 3772 Susanna:
3040 3716 3296 3772 historia.
3350 3719 3418 3772 Hi
3448 3734 3517 3772 ex
3556 3719 3648 3774 Ve-

1996 3806 2105 3859 teri
2138 3805 2470 3858 Testamento
2503 3807 2652 3870 sunt,
2711 3805 2908 3875 quibus
2961 3805 3377 3861 contradicitur:
3428 3807 3649 3863 Deinde

1993 3910 2126 3948 vero
2160 3898 2470 3965 postquam
2502 3893 2865 3965 apocryphos
2897 3895 3210 3958 recensuit,
3241 3896 3312 3950 ad
3360 3893 3648 3969 ἀντιλεγό-

1999 4001 2130 4054 μενα
2163 3982 2304 4039 Novi
2353 3983 2712 4037 Testamenti
2759 3984 3003 4038 transit:
3066 3985 3291 4039 Periodi
3335 3986 3517 4055 Petri,
3565 3985 3653 4041 in-

1994 4072 2514 4144 quit,Euangelium
2541 4072 2835 4127 secundum
2870 4074 3146 4142 Thomam,
3210 4075 3474 4129 Doctrina
3520 4091 3650 4146 apo-

1991 4163 2276 4228 stolorum,
2312 4162 2675 4216 Clementina.
2750 4162 2852 4218 Ubi
2882 4162 3042 4218 vides
3111 4162 3325 4218 librum
3376 4166 3646 4233 Pastoris,

1993 4267 2108 4304 non
2139 4250 2198 4305 in
2233 4250 2480 4323 epistola
2509 4250 2701 4306 solum
2736 4250 2945 4322 testaIi,
2980 4252 3080 4308 sed
3117 4251 3254 4307 alibi
3289 4269 3544 4324 quoque,
3582 4258 3650 4309 ut

1993 4339 2300 4410 peritulem
2333 4341 2404 4395 ab
2433 4340 2748 4396 Athanasio
2780 4341 3105 4411 laudatum,
3143 4340 3373 4396 silentio
3405 4347 3647 4413 praeter—

1995 4429 2168 4499 mitti,
2203 4429 2465 4501 aliosque
2496 4429 2676 4484 libros
2708 4429 2908 4484 induci
2942 4429 3087 4484 bene
3119 4430 3340 4486 multos
3372 4430 3443 4484 ab
3473 4430 3650 4486 Atha-

1993 4517 2156 4573 nasio
2187 4535 2484 4590 nusquam
2519 4522 2896 4573 memoratos.
2923 4517 3068 4572 Huic
3090 4523 3436 4590 argumento
3472 4522 3536 4572 ut
3558 4535 3651 4574 oc-

1994 4612 2194 4662 currat
2221 4605 2654 4672 Tillemontius,
2689 4606 2811 4661 haec
2842 4610 3138 4678 postrema
3190 4606 3491 4678 adjectitia
3519 4624 3648 4664 esse

1995 4697 2092 4752 ait.
2154 4695 2370 4751 Verum
2431 4696 2565 4766 quis
2623 4697 2835 4751 audeat
2886 4712 3147 4751 asserere
3208 4696 3366 4751 istaec
3422 4696 3650 4754 invecta

1993 4785 2216 4841 fuisse?
2235 4803 2405 4841 nemo
2428 4785 2727 4858 negaverit
2744 4784 2864 4840 haec
2879 4785 2951 4840 ad
2969 4784 3270 4857 scriptoris
3294 4801 3535 4858 scopum
3561 4790 3647 4842 at-

1992 4875 2202 4941 tinere,
2233 4875 2332 4946 qui
2367 4874 2842 4943 accuratissime;
2865 4878 2930 4929 ut
2957 4875 3152 4929 videre
3183 4879 3290 4944 est,
3325 4875 3524 4930 omnia
3573 4877 3646 4931 ad

1992 4965 2353 5036 Scripturam
2389 4981 2617 5020 sacram
2668 4965 2990 5035 spectantia
3039 4965 3097 5020 in
3158 4964 3494 5020 recensione
3540 4981 3647 5022 sua

1992 5055 2276 5127 attingere
2324 5054 2525 5110 voluit.
2559 5059 2707 5110 Sane
2764 5070 2897 5109 cum
2931 5053 3053 5109 haec
3111 5053 3413 5126 aptissime
3459 5053 3645 5108 cohae-

1992 5150 2176 5216 reant,
2209 5161 2315 5200 nec
2347 5145 2579 5200 valeant
2609 5143 2922 5199 Athanasio
2955 5143 3187 5210 ascribi,
3248 5143 3387 5198 hinc
3444 5160 3646 5200 conse-

1991 5233 2279 5304 quiturin
2312 5237 2496 5289 totam
2549 5233 2828 5305 synopsin
2877 5249 3075 5304 parem
3125 5232 3519 5305 suspicionem
3551 5250 3646 5290 ca-

1989 5323 2145 5379 dere.

2060 5414 2175 5470 Nec
2199 5413 2783 5486 praetermittendum,
2816 5429 2884 5469 ea
2913 5428 3040 5485 quae
3073 5413 3143 5470 de
3171 5413 3464 5472 veteribus
3494 5413 3646 5472 Scri-

2061 5649 2132 5729 (ο)
2157 5649 2324 5708 Tom.
2355 5647 2405 5706 II
2438 5649 2616 5723 (nunc
2649 5645 2768 5731 IV).
