4146 6446
1842 38 1945 43 Ἰῄν
1990 40 2153 48 _~——_——_

474 415 747 465 CLXXVIII

473 624 849 697 Symmacho,
879 622 1293 691 Theodotione,
1325 628 1460 692 etc.,
1493 641 1562 679 ex
1617 624 1924 697 Epiphanii
1971 626 2119 682 libro

469 715 545 769 De
572 714 867 780 mensuris,
900 728 1174 783 expressa
1197 716 1252 768 et
1281 729 1316 767 a
1382 729 1701 785 synopseos
1757 720 1993 772 auctore
2060 718 2119 770 in

470 801 884 875 compendium
916 801 1147 855 redacta
1170 801 1370 869 fuisse,
1395 806 1461 856 ut
1481 802 1662 858 cuivis
1691 802 2121 876 legentipropa-

472 888 591 945 lam
616 889 745 945 erit.
778 888 909 944 Haec
926 904 1060 944 vero
1082 890 1389 946 Athanasii
1419 907 1534 945 non
1566 907 1694 947 esse
1750 892 1966 948 fatetur
1993 892 2119 964 ipse

470 976 916 1034 Tillemontius:
980 978 1081 1033 sed
1141 995 1246 1050 pro
1312 994 1473 1034 more
1531 997 1638 1035 suo
1687 979 1784 1036 ille
1823 981 2121 1052 adjectitia

468 1071 526 1123 et
553 1066 823 1123 secundas
853 1082 1064 1122 manus
1113 1082 1243 1123 esse
1294 1067 1541 1123 dictitat.
1596 1069 1658 1123 Id
1708 1074 1903 1125 autem
1934 1070 2118 1143 gratis

468 1155 705 1212 omnino
734 1155 988 1211 dicitur:
1024 1154 1172 1210 nihil
1203 1156 1421 1229 quippe
1449 1156 1571 1213 illic
1600 1162 1812 1229 printer
1860 1159 2115 1230 primum

466 1244 767 1317 scriptoris
801 1244 1140 1300 institutum
1171 1244 1356 1301 fertur
1384 1262 1396 1300 :
1432 1246 1553 1301 haec
1574 1263 1878 1303 recensere
1912 1248 2118 1304 debuit

464 1333 535 1405 is,
568 1332 662 1388 cui
692 1337 953 1389 exactam
986 1349 1183 1389 rerum
1217 1334 1290 1389 ad
1321 1351 1549 1390 sacram
1576 1336 1936 1407 Scripturam
1985 1353 2115 1409 spe-

462 1422 749 1478 ctantium
779 1422 1049 1478 notitiam
1079 1423 1306 1478 tradere
1328 1422 1387 1478 in
1409 1423 1607 1480 animo
1629 1424 1740 1480 fuit
1764 1450 1779 1492 ;
1804 1424 1961 1480 hunc
1981 1441 2115 1481 vero

462 1510 766 1582 scriptoris
788 1527 1031 1582 scopum
1064 1511 1263 1581 fuisse,
1295 1529 1465 1567 nemo
1492 1513 1593 1584 qui
1641 1512 1848 1586 legerit
1888 1514 2115 1570 inﬁcias

462 1605 570 1656 est.
607 1600 705 1655 llis
734 1615 839 1655 nos
873 1599 943 1654 de
974 1600 1168 1655 causis
1223 1600 1506 1672 synopsin
1566 1601 1879 1674 Scriptura:
1934 1619 2113 1659 sacra:

461 1689 704 1744 dubiam
737 1692 794 1743 et
822 1693 1158 1761 suspectam
1189 1688 1515 1747 habemus:
1551 1708 1669 1763 qua
1698 1691 1757 1746 in
1793 1708 1872 1761 re,
1918 1708 2108 1763 spero,

464 1778 657 1850 quivis
686 1781 969 1857 emunctae
1018 1777 1175 1833 naris
1226 1778 1401 1834 homo
1451 1780 1621 1835 nobis
1667 1779 2106 1853 astipulabitur.

921 1884 1466 1942 ANIMADVERSIO
1501 1886 1642 1943 XVI.

1863 403 2478 468 PROLEGOMENA.

471 538 655 605 pturze
676 533 1094 606 interpretibus
1115 532 1531 604 subjiciuntur,
1561 535 1632 591 de
1660 535 1871 607 Aquila
1899 536 2119 594 scilicet
2147 540 2206 606 Α

2674 536 3215 595 ANIMADVEHSIO
3255 536 3425 595 XVII.

2230 627 2559 684 Theodulum
2618 627 3169 699 Trajampolitanum
3224 630 3462 699 tempore
3537 624 3887 682 Sardicensis

2549 699 2745 771 synodi
2775 700 3096 770 defunctum
3132 715 3243 754 esse
3266 699 3559 771 probatur.

2302 807 2364 861 In
2395 806 2752 862 editionibus
2783 806 3080 861 Athanasii
3111 804 3581 862 Commeliniana
3635 807 3692 859 et
3723 803 3884 860 Pari-

2229 894 2405 950 siensi
2441 895 2578 950 anni
2604 896 2741 950 4627
2774 894 2937 950 locus
2972 898 3169 966 aperte
3217 893 3455 949 vitiatus
3487 895 3696 960 exstat,
3725 892 3885 948 unde

2228 988 2436 1038 exortae
2466 983 2538 1039 de
2566 983 2730 1038 obitu
2760 982 3041 1038 Theoduli
3102 980 3605 1053 Trajanopolitani
3649 985 3884 1036 contro-

2227 1071 2430 1127 versia:
2452 1076 2612 1127 sunt.
2643 1072 2828 1127 Locus
2860 1071 2943 1127 sic
2972 1071 3149 1127 habet
3178 1070 3389 1126 iisdem
3438 1070 3497 1124 in
3552 1068 3725 1125 editis
3757 1069 3834 1138 (b)
3862 1086 3878 1125 :

2226 1158 2283 1210 Ὁ
2314 1158 2407 1212 οὖν
2441 1156 2864 1233 συλλειτουργὸς
2915 1160 3076 1230 ἡμῶν
3121 1159 3150 1212 ὁ
3206 1177 3509 1231 μακαριτης
3549 1152 3877 1228 Θεόδουλος,

2226 1245 2437 1323 φεύγων
2472 1246 2645 1301 αὖτῶν
2677 1249 2776 1317 τήν
2812 1242 3097 1318 διαϐολήν·
3132 1244 3449 1303 κεκέλευστο
3497 1246 3601 1321 γὰρ
3647 1244 3709 1300 ἐκ
3760 1242 3878 1300 δια-

2225 1332 2406 1405 ϐολῆς
2437 1336 2612 1391 αὐτῶν
2642 1336 2947 1393 ἀποθανεῖν.
2982 1338 3144 1392 Hanc
3191 1335 3517 1393 clausulam
3569 1335 3881 1393 manifeste

2226 1425 2495 1482 mutilam
2529 1443 2596 1483 ex
2618 1426 2794 1499 Regio
2819 1425 3136 1498 exemplari
3174 1425 3589 1499 antiquissimo
3643 1425 3880 1481 sarcivi-

2224 1531 2359 1570 mus
2389 1514 2499 1570 hoc
2531 1515 2704 1571 modo
2735 1533 2748 1569 :
2783 1514 3067 1568 Ἀπὲθανεν
3103 1513 3195 1567 οὖν
3228 1515 3256 1568 ὁ
3294 1512 3595 1586 μακαρίτης
3642 1509 3877 1567 Θεόδου-

2224 1598 2342 1672 λος,
2375 1600 2586 1678 φεύγων
2620 1600 2795 1655 αὐτῶν
2825 1603 2924 1673 τήν
2961 1597 3247 1672 διαϐολήν·
3302 1598 3628 1656 κεκέλευστο
3678 1602 3783 1678 γὰρ
3814 1600 3878 1656 ἐκ

2222 1685 2488 1758 διαϐολῆς
2520 1689 2694 1745 αὐτῶν
2722 1692 3008 1747 ἀποθανεῖν
3043 1710 3055 1722 ’
3088 1693 3147 1748 id
3178 1696 3268 1749 est
3297 1711 3310 1748 ε
3342 1693 3489 1749 Obiit
3533 1697 3677 1748 certe
3721 1708 3871 1749 com-

2219 1782 2478 1836 minister
2503 1785 2687 1837 noster
2716 1782 2889 1839 beatae
2918 1784 3198 1839 memoriae
3256 1781 3575 1850 Theodulus,
3634 1782 3769 1838 dum
3798 1783 3876 1838 iis

2136 1911 2185 1977 B
2218 1870 2695 1926 calumniantibus
2711 1872 2851 1942 fuga
2868 1873 2979 1926 sibi
2998 1872 3304 1928 consuleret
3325 1891 3344 1927 :
3365 1872 3430 1928 ob
3450 1886 3641 1928 eorum
3675 1872 3879 1943 quippe

460 1976 545 2031 An
607 1975 733 2030 caesi
787 1975 850 2029 in
902 1974 1139 2029 Fabrica
1194 1975 1697 2047 Adrianopolitana
1753 1977 2107 2033 ecclesiastici
2136 1958 2185 1977 "
2214 1960 2680 2031 criminationem,
2713 1962 2910 2031 capitis
2929 1963 3115 2031 fuerat
3162 1960 3476 2016 damnatus-
3538 1960 3671 2024 Quae
3701 1958 3873 2015 lectio

1055 2046 1249 2101 laicive
1275 2046 1505 2117 fuerint.

529 2136 629 2191 Est
658 2133 821 2190 locus
852 2135 913 2189 in
942 2136 1187 2191 Historia
1208 2138 1546 2192 Arianorum
1574 2136 1645 2191 ad
1697 2137 2007 2208 monachos,
2041 2154 2099 2209 p.

453 2226 579 2295 280,
614 2223 714 2297 qui
745 2223 828 2280 sic
878 2224 1098 2280 habet:
1135 2223 1232 2278 Καὶ
1282 2226 1640 2295 πεποιήκασιν
1702 2225 1806 2279 ἀπὸ
1850 2232 1949 2294 τῆς
1993 2223 2102 2279 ἐκεῖ

455 2308 730 2388 Φάϐρικος
763 2308 889 2366 δέκα
922 2308 1126 2366 λαϊκῶν
1161 2312 1504 2385 ἀποτμθῆναι
1532 2314 1628 2375 τὰς
1660 2311 1900 2391 κεφαλὰς
1936 2336 1947 2347 ·
1999 2315 2099 2371 ubi

451 2404 523 2460 de
552 2402 842 2476 episcopis
875 2401 1105 2459 Arianis
1136 2403 1346 2476 agitur,
1374 2403 1475 2475 qui
1534 2404 1770 2460 Sardica
1807 2404 2099 2477 fugientes

452 2493 652 2549 omnia
679 2491 940 2548 tumultu
965 2499 1022 2547 et
1040 2492 1298 2549 caedibus
1324 2492 1627 2565 replebant
1652 2511 1663 2549 :
1686 2487 2101 2566 Eﬁeceruntque

450 2586 510 2637 ut
537 2597 607 2638 ex
632 2580 887 2649 Fabrica,
921 2583 999 2637 ita
1026 2582 1234 2638 scilicet
1261 2581 1428 2648 dicta,
1480 2568 1663 2637 decem
1692 2584 1964 2638 laicorum
2000 2600 2097 2638 ca-

448 2673 1006 2743 pitatruncarentur.
1045 2672 1107 2725 In
1135 2670 1390 2727 editione
1443 2688 1576 2727 vero
1633 2671 2098 2728 Commeliniana

448 2755 843 2833 legitur,8lx-qv
869 2756 1097 2830 λαϊκῶν,
1129 2759 1630 2832 typographorum
1670 2777 1810 2816 sane
1840 2762 2091 2817 mendo:

450 2866 578 2922 qum
609 2848 780 2905 lectio
802 2848 861 2904 in
882 2849 1136 2906 editione
1156 2848 1297 2905 item
1328 2849 1646 2909 Parisiensi
1677 2851 1814 2905 anni
1847 2851 1986 2905 1627
2020 2852 2093 2907 ad

448 2938 921 2995 Commelinianas
944 2938 1117 2994 fidem
1140 2938 1506 3010 exprimitur.
1536 2938 1748 2994 Veram
1772 2957 1876 2995 nos
1899 2940 2094 2996 lectio-

451 3043 607 3096 nem,
638 3032 704 3082 ut
732 3043 933 3100 supra,
957 3042 1026 3082 ex
1054 3025 1294 3099 optimis
1323 3026 1622 3083 codicibus
1654 3033 1711 3083 et
1740 3028 2093 3084 nominatim

450 3134 520 3174 ex
550 3116 728 3189 Regio
760 3116 1132 3189 perantiquo,
1163 3114 1567 3171 restituimus:
1604 3116 1677 3172 iis
1708 3118 1849 3173 item
1880 3119 2089 3174 suffra-

448 3211 622 3281 gatur
648 3205 934 3274 Nannius,
967 3205 1067 3277 qui
1097 3205 1180 3261 ita
1230 3205 1424 3272 vertit,
1455 3205 1634 3261 decem
1687 3207 1954 3263 laicorum
1993 3225 2087 3263 ca-

2215 2047 2384 2121 plane
2407 2049 2694 2105 asseritur
2719 2065 2788 2104 ex
2832 2048 3036 2105 Hilarii
3066 2049 3332 2106 versione
3361 2048 3619 2123 epistolae
3660 2047 3875 2122 synodi

2210 2137 2577 2193 Sardicensis
2610 2138 2833 2193 dictum
2863 2137 3008 2193 illud
3060 2138 3418 2210 praeferentis
3447 2154 3461 2194 :
3519 2154 3646 2209 quae
3675 2136 3872 2193 versio

2210 2226 2414 2281 eodem
2446 2230 2709 2299 tempore
2736 2226 3105 2294 concinnata,
3132 2226 3331 2299 magni
3350 2230 3440 2283 est
3460 2227 3528 2283 ad
3552 2225 3871 2287 lectionem

2211 2315 2675 2370 conﬁrmandam
2700 2310 3003 2371 momenti.
3026 2317 3262 2372 Decessit
3287 2316 3458 2387 enim,
3520 2316 3606 2372 sic
3638 2315 3741 2383 ibi,
3771 2330 3866 2372 co-

2207 2405 2486 2476 episcopus
2509 2408 2716 2472 noster,
2750 2405 3092 2460 beatissimus
3119 2405 3440 2462 Theodotus.
3474 2406 3543 2461 Et
3584 2421 3726 2461 sane
3749 2420 3866 2460 vox

2212 2490 2541 2565 μακαρίτης,
2576 2510 2707 2565 quae
2737 2510 2871 2549 cum
2902 2494 3056 2565 apud
3089 2493 3500 2564 Athanasium,
3530 2498 3659 2549 tum
3705 2493 3869 2566 apud

2207 2581 2657 2650 Theodoretum,
2693 2581 2796 2654 qui
2828 2583 3096 2639 eamdem
3128 2583 3337 2656 synodi
3358 2581 3724 2639 Sarcidensis
3747 2581 3872 2654 epi-

2209 2670 2419 2726 stolam
2441 2670 2658 2739 attulit,
2693 2671 3122 2743 circumfertur,
3151 2670 3228 2727 ‘de
3253 2673 3525 2727 defuncto
3558 2670 3751 2726 solum
3775 2670 3872 2725 di-

2206 2760 2375 2815 citur.
2397 2759 2559 2815 Unde
2584 2760 3218 2830 ejusdem-Theodoreti
3243 2758 3554 2815 lectionem
3575 2758 3868 2831 corrigas,

2205 2865 2330 2920 quae
2361 2848 2444 2904 sic
2474 2848 2671 2917 habet,
2707 2847 2934 2916 Ἀνέστη
2996 2852 3125 2923 γοῦν
3182 2848 3209 2900 ὁ
3267 2843 3713 2921 συλλειτουργός,
3752 2848 3861 2904 ubi

2204 2943 2401 2993 tamen
2436 2937 2816 2994 doctissimus
2838 2938 3105 2994 Valesius
3127 2937 3211 2993 sic
3236 2936 3671 3008 interpretatur,
3706 2934 3865 2992 Obiit

2204 3028 2381 3096 igitur
2425 3028 2801 3082 comminister
2823 3045 2842 3083 :
2873 3027 3143 3098 hancque
3173 3029 3339 3099 putat
3369 3041 3496 3081 esse
3527 3024 3670 3081 dicti
3718 3041 3859 3081 sen-

2200 3115 2464 3171 tentiam.
2498 3119 2574 3170 At
2601 3116 2757 3186 quod
2789 3113 3088 3170 Valesium
3107 3119 3163 3170 et
3191 3113 3632 3170 Tillemontium
3673 3113 3749 3184 (ε)
3776 3110 3859 3175 εἷς

2202 3201 2514 3277 ἀμηχανίαν
2545 3203 3048 3276 egit,Athanasius
3097 3204 3158 3258 in
3212 3204 3458 3259 Historia
3514 3202 3866 3258 Arianorum

442 3298 586 3369 pita.
619 3296 684 3351 In
715 3293 1181 3350 Commeliniana
1208 3291 1454 3349 lectione
1509 3299 1705 3367 aptam
1744 3298 2096 3353 sententiam
2128 3282 2171 3351 C
2209 3295 2277 3348 ad
2306 3294 2620 3363 monachos,
2654 3298 2784 3365 post
2813 3297 3083 3348 enarrata
3111 3292 3472 3348 Sardicensis
3520 3291 3727 3364 synodi
3755 3307 3861 3363 ge-

448 3387 666 3443 frustra
695 3400 957 3456 quieras:
993 3399 1130 3440 nam
1161 3383 1324 3455 quid,
1358 3400 1575 3456 quaeso,
1609 3385 1722 3440 sibi
1751 3384 1875 3440 vult
1906 3386 2051 3442 illud
2078 3404 2091 3444 :

446 3477 858 3548 Eﬁeceruntque
886 3476 948 3529 ut
976 3489 1046 3528 ea:
1073 3474 1305 3529 Fabrica
1361 3475 1539 3529 instar
1598 3473 1877 3531 iaicorum
1912 3479 2098 3549 capita

448 3565 927 3639 praciderentur?
982 3562 1141 3618 Hanc
1196 3568 1394 3619 tamen
1452 3564 1715 3619 vitiatam
1786 3564 2095 3623 lectionem

452 3653 887 3720 Tillemontius,
917 3650 1323 3708 Hermantium
1354 3656 1611 3723 secutus,
1669 3669 1817 3709 verae
1857 3663 2094 3728 antepo-

453 3744 593 3811 suit,
625 3746 799 3813 atque
830 3742 915 3796 ita
954 3742 1125 3797 vertit
1170 3757 1235 3797 ac
1279 3742 1330 3796 si
1377 3741 1690 3814 legeretur,
1728 3744 2093 3811 Πεποιήκασιν

452 3830 557 3886 ἀπὸ
585 3836 687 3899 τῆς
720 3828 829 3883 ἐκεῖ
859 3824 1135 3905 Φάϐρικος
1188 3825 1648 3899 ἐκκλησιαπικῶν
1701 3827 1854 3900 δίκην
1889 3828 2094 3887 λαϊκῶν

451 3919 837 3993 ἀπὸτμηθῆναι
862 3918 959 3981 τὰς
988 3904 1227 3994 κεφαλὰς
1261 3935 1273 3947 ο
1306 3920 1721 3991 E/Teceruntque
1766 3929 1829 3976 ut
1880 3938 1950 3978 ex
1976 3904 2095 3980 Ῥα-

453 4012 601 4067 brica
630 4010 1118 4087 ecclesiasticarum
1140 4010 1317 4063 instar
1371 4010 1643 4065 laicorum
1697 4012 1879 4082 capita
1907 4015 2098 4082 praeci-

446 4101 727 4158 derentur.
761 4098 856 4154 Sic
885 4097 982 4153 ille
1008 4113 1114 4153 suo
1145 4101 1350 4165 marte,
1384 4115 1518 4153 cum
1575 4102 1771 4154 tamen
1825 4101 2095 4157 ecclesia-

447 4189 732 4246 sticorum
756 4187 814 4242 in
837 4185 1354 4256 Adrianopolitana
1374 4186 1619 4242 Fabrica
1636 4203 1918 4244 caesorum
1933 4191 2098 4247 nulla

446 4279 682 4352 uspiam
714 4276 932 4333 mentio
961 4276 1268 4341 habeatur,
1300 4280 1358 4330 et
1386 4275 1500 4331 alia
1529 4292 1707 4348 quam
1731 4279 2096 4336 asseruimus

445 4367 617 4425 lectio
645 4367 863 4440 Optime
884 4366 1115 4421 habeat.
1147 4364 1523 4421 Fabricenses
1554 4369 1750 4421 autem
1808 4367 2094 4426 Adriano-

444 4456 562 4530 poli
584 4472 797 4529 magno
819 4470 1063 4510 numero
1086 4454 1268 4509 fuisse
1301 4453 1373 4509 ah
1402 4452 1708 4509 Ammiano
1757 4455 2094 4514 Marcellino

444 4549 824 4603 memoratur.
862 4544 1091 4599 Omnem
1114 4542 1551 4615 plebem,inquit
1579 4544 1930 4599 Ammianus
1949 4546 2097 4601 Mar-

2207 3388 2318 3450 sta,
2352 3383 2473 3439 haec
2505 3383 2576 3437 de
2606 3380 2832 3437 Arianis
2862 3381 3151 3454 episcopis
3178 3379 3415 3452 subjicit
3451 3398 3464 3436 :
3497 3379 3561 3432 Οἱ
3593 3376 3650 3433 δὲ
3678 3380 3864 3433 καθαι-

2208 3471 2464 3546 ρεΟὲντες,
2522 3467 2641 3525 ὃὲον
2697 3469 2787 3524 καὶ
2837 3469 3010 3531 οὕτως
3059 3470 3283 3543 ἠρεμεῖν
3322 3488 3333 3501 ·
3369 3469 3423 3523 οἱ
3477 3465 3535 3523 δὲ
3580 3468 3671 3523 καὶ
3724 3468 3861 3541 μετὰ

2204 3561 2304 3629 τήν
2337 3559 2511 3621 οὕτως
2542 3559 2771 3634 αἰσχρὰν
2804 3560 2980 3636 φυγὴν
3012 3556 3382 3631 κατελθόντες,
3431 3562 3655 3612 τοιαῦτα
3700 3553 3858 3633 ἕδρα-

2208 3671 2321 3720 σαν,
2364 3649 2440 3710 ὡς
2490 3646 2549 3702 ἐκ
2593 3646 2801 3701 τούτων
2833 3648 3028 3723 μικρὰς
3060 3647 3235 3702 αὐτῶν
3278 3647 3375 3709 τὰς
3421 3647 3687 3719 προτέρας
3742 3644 3856 3701 δει-

2206 3741 2406 3815 xtl-avni
2436 3736 2655 3811 πράξεις
2691 3754 2703 3766 ·
2736 3737 2795 3793 id
2826 3742 2914 3793 est
2946 3738 3074 3805 :Qui
3101 3741 3286 3792 autem
3341 3737 3575 3809 depositi
3609 3739 3860 3809 fuerant,

2206 3844 2337 3900 quos
2365 3828 2451 3883 cel
2481 3832 2612 3881 tunc
2640 3826 2913 3896 quiescere
2954 3841 3062 3895 par
3108 3832 3245 3891 erat,
3302 3832 3422 3895 post
3476 3823 3610 3881 adeo
3634 3832 3855 3897 turpem

2205 3921 2397 3989 fugam
2421 3917 2560 3971 talia
2603 3921 3010 3987 perpetrarunt,
3062 3916 3124 3968 ut
3180 3914 3323 3970 levia
3377 3915 3567 3985 priora
3595 3913 3857 3987 facinora

2206 4009 2277 4062 iis
2304 4006 2506 4061 collata
2534 4003 2868 4059 viderentur.
2890 4002 3019 4057 Haec
3065 4019 3236 4074 porro
3288 4002 3545 4059 facinora
3574 4003 3683 4059 sub
3731 4004 3857 4061 hac

2206 4098 2467 4151 recenset
2485 4091 2955 4162 Atbanasius(d),
2989 4092 3144 4163 quod
3176 4091 3400 4148 scilicet
3417 4092 3618 4149 decem
3655 4091 3856 4148 Fabri-

2205 4200 2425 4251 censes,
2460 4184 2531 4239 de
2562 4181 2780 4254 quibus
2828 4197 3026 4253 supra,
3085 4182 3425 4237 obtruncari
3485 4181 3854 4252 curaverint;

2205 4273 2530 4345 episcopos,
2562 4270 2900 4344 prebyteros
2956 4269 3351 4341 diaconosque
3405 4273 3665 4327 extorres
3706 4271 3855 4327 tece-

2200 4362 2359 4429 rint;
2393 4378 2458 4417 ac
2486 4359 2823 4434 Olympium
2855 4362 2912 4414 et
2941 4357 3310 4414 Theodulum
3342 4358 3403 4413 in
3448 4358 3700 4415 Thracia
3727 4358 3858 4431 epi-

2205 4468 2413 4524 scopos
2442 4450 2513 4506 ad
2539 4465 2740 4505 necem
2770 4447 3129 4520 quaesierint.
3148 4447 3311 4503 Unde
3332 4447 3528 4521 arguit
3545 4447 3861 4504 Tillemon-

2199 4540 2445 4613 tius,qui
2459 4536 2990 4612 potuitTheodolus
3008 4536 3551 4609 postSardicensem
3566 4538 3860 4611 synodum

442 4634 688 4692 cellinus
709 4635 806 4706 (a),
838 4649 963 4690 cum
991 4632 1427 4700 Fabricencibus,
1478 4648 1712 4703 quorum
1756 4634 1877 4689 illic
1905 4636 2091 4707 ampla
2120 4656 2167 4721 D
2199 4632 2270 4686 ad
2295 4646 2503 4721 necem
2538 4626 2942 4721 quaeri,qui.i_n
2967 4626 3096 4698 ipsa
3116 4624 3481 4721 S-ardicensis
3505 4626 3711 4721 synodi
3733 4626 3860 4721 epi-

440 4723 754 4779 multitudo.
779 4727 923 4777 Cum
954 4723 1151 4793 itaque
1181 4720 1379 4776 Ariani
1410 4721 1690 4793 episcopi,
1748 4723 2091 4780 stimulante

442 4813 731 4870 scelerum
761 4810 1140 4875 conscientia,
1174 4826 1289 4882 quo
1307 4810 1673 4866 Sardicensis
1695 4810 1902 4883 synodi
1929 4811 2091 4882 judi-

442 4903 600 4958 cium
631 4901 1123 4972 snbterfugerent,
1156 4899 1399 4954 Sardica
1428 4915 1490 4955 se
1520 4900 2091 4972 proripuissent,ubi

442 4995 869 5063 conspexerunt.
888 4986 1434 5060 AdrianOpolitanos
1456 5005 1517 5044 se
1536 4989 1794 5061 perfidiae
1817 4990 2093 5046 timidita-

440 5081 635 5154 tisque
665 5079 903 5135 nomine
935 5077 1210 5149 aversari,
1246 5082 1421 5149 atque
1451 5095 1487 5134 a
1530 5080 1945 5136 communione
1989 5080 2089 5135 ab-

441 5170 678 5226 horrere
708 5185 838 5236 sua,
871 5167 1141 5223 ministro
1173 5167 1263 5222 usi
1298 5166 1610 5240 Philagrio,
1669 5172 1937 5225 auctores
1964 5169 2089 5225 fue-

440 5263 580 5317 runt
603 5263 671 5315 ut
695 5275 764 5315 ex
791 5255 1263 5328 Fabricensibus,
1298 5256 1399 5328 qui
1430 5273 1566 5329 pars
1599 5273 1815 5329 magna
1839 5257 2088 5315 civitatis

441 5352 628 5418 erant,
655 5349 856 5405 decem
888 5346 1077 5419 capite
1105 5347 1531 5402 minuerentur.
1567 5346 1690 5411 Qua
1746 5347 1807 5403 in
1836 5364 1897 5404 re
1941 5347 2088 5403 nihil

440 5438 607 5494 dubii
637 5436 1073 5494 difﬁcultatisve
1104 5436 1430 5492 residuum.

512 5597 607 5672 (a),
638 5598 757 5654 Lib.
808 5615 979 5672 xxxx,
1008 5614 1059 5672 c.
1101 5599 1157 5672 _6.
1207 5598 1289 5654 De
1341 5597 1791 5656 Fabricensibus
1848 5597 1988 5657 item
2026 5598 2087 5656 in

440 5670 647 5743 Notitia
672 5672 905 5743 Imperii
931 5670 1169 5743 videsis.

512 5741 590 5828 (b)
620 5740 841 5804 Athan.
871 5758 931 5821 p.
961 5742 1067 5804 429
1096 5745 1155 5802 et
1181 5743 1309 5803 280.

2201 4719 2352 4776 stola
2380 4718 2599 4775 obiisse
2630 4718 2815 4773 fertur
2840 4714 2867 4769 ?
2898 4714 3113 4771 Verum
3147 4714 3208 4770 in
3240 4714 3314 4770 iis
3346 4732 3418 4771 ne
3449 4714 3700 4771 minima
3730 4714 3859 4787 qui-

2201 4811 2335 4864 dem
2363 4808 2527 4864 adest
2556 4803 2922 4861 dil’ﬁcultatis
2952 4804 3142 4860 ratio:
3204 4821 3365 4873 nam,
3420 4810 3487 4860 ut
3536 4821 3604 4861 ex
3662 4803 3858 4861 allatis

2201 4898 2475 4971 superius
2504 4894 2693 4953 verbis
2717 4893 3008 4966 liquidum
3040 4892 3513 4959 est,Athanasius
3541 4910 3656 4950 non
3680 4895 3856 4952 modo

2202 5005 2331 5060 quae
2361 4990 2493 5059 post
2523 4984 2852 5041 absolutam
2883 4983 3194 5056 synodum,
3226 4983 3328 5039 sed
3361 4983 3538 5039 etiam
3559 5000 3687 5056 quae
3720 4988 3859 5057 post

2201 5077 2401 5149 fugam
2431 5075 2786 5131 Arianorum
2836 5072 3177 5145 praesulum,
3231 5077 3548 5145 antequam
3592 5074 3855 5146 synodus

2198 5166 2579 5239 perﬁceretur
2606 5168 2665 5220 et
2721 5162 2968 5236 epistola
3025 5161 3325 5236 synodalis
3382 5163 3640 5234 daretur,
3684 5166 3856 5235 gesta

2199 5254 2694 5329 sunt,promiscue
2723 5256 3012 5309 recenset:
3036 5252 3215 5323 idque
3247 5268 3388 5307 sane
3415 5250 3505 5307 vel
3554 5251 3693 5307 hinc
3721 5268 3855 5325 per-

2201 5345 2659 5418 spicuum,quod
2681 5344 2886 5400 eadem
2919 5360 3045 5415 qua:
3077 5341 3173 5398 hic
3234 5341 3459 5398 scilicet
3513 5341 3574 5398 in
3616 5344 3861 5399 Historia

2198 5437 2531 5491 Arianorum
2560 5434 2630 5489 ad
2658 5432 2973 5501 monachos,
3004 5432 3077 5487 de
3133 5430 3439 5488 Theodulo
3488 5435 3622 5504 post
3651 5431 3856 5505 fugam

2270 5598 2338 5670 (ο)
2370 5596 2563 5653 Vales.
2596 5595 2825 5670 notsad
2856 5593 3232 5666 Theodoret.,
3262 5609 3321 5668 p.
3354 5593 3462 5665 19;
3514 5588 3858 5665 Tillemont,

2195 5687 2252 5732 es
2278 5668 2494 5742 A'riens,
2528 5672 2664 5727 note
2691 5668 2781 5742 22,

2270 5741 2347 5827 (ά)
2374 5740 2597 5803 Athan.
2624 5757 2684 5820 p.
2718 5740 2845 5802 280.
