4146 6374
1280 375 1383 436 DE
1426 373 1611 437 VITA
1655 373 1757 435 ET
1801 371 2149 434 SCRIPTIS
2196 373 2262 433 S.
2308 370 2758 433 ATHANASII.

3529 392 3750 439 CLXXIX

349 501 754 574 episcoporum
776 503 1056 560 Arianicaa
1080 504 1348 562 factionis
1378 510 1544 578 gesta
1571 510 1991 576 memorantur,
2022 507 2078 572 Α
2107 505 2362 560 Historia
2407 507 2737 560 Arianorum
2794 507 2874 562 ad
2909 506 3219 576 monachos,
3258 523 3468 580 nempe
3513 527 3568 581 p.
3601 511 3742 564 277:

349 591 405 646 in
437 591 683 665 epistola
711 592 931 664 pariter
958 593 1218 667 synodali
1277 594 1604 650 Sardicensi
1658 612 1998 650 recensean-

345 685 458 736 tur.
493 681 850 738 Athanasius
882 685 1096 756 quippe
1117 685 1174 738 in
1205 685 1446 740 Historia
1476 685 1546 740 ad
1574 685 1866 740 monachos
1897 686 1995 756 (α),

345 774 663 842 postquam
694 789 787 827 res
816 773 1021 844 synodi
1053 773 1413 829 Sardicensis
1446 779 1834 844 enarraverat,
1857 773 2000 829 talia

343 858 501 914 fatur
533 877 544 915 :
578 856 880 932 Ὀλύμπιον
910 857 966 914 δὲ
987 865 1092 914 τῶν
1123 858 1628 933 Αἷ’νων,Θεόδουλον
1653 863 1742 915 τὸν
1770 863 1873 916 ἀπὸ
1895 868 1998 930 τῆς

343 945 849 1020 Τραϊανουπόλεως,
893 949 1234 1026 ἀμφοτέρους
1296 950 1398 1004 ἀπὸ
1446 957 1545 1019 τῆς
1607 950 1822 1026 Θρᾴκης
1879 950 2000 1004 ἐπι-

346 1034 602 1108 σκόπους,
637 1036 890 1111 ἀγαθοὺς,
921 1038 1012 1092 καὶ
1048 1035 1369 1112 ὀρθοδόξους
1403 1036 1620 1115 ἄνδρας,
1657 1037 1843 1109 ἐπειδὴ
1896 1041 1998 1094 ἑω-

351 1127 539 1200 ράκασι
576 1132 864 1200 μισοῦντας
913 1129 1012 1196 τὴν
1067 1127 1290 1202 αἵρεσιν,
1347 1124 1624 1198 διέϐαλον,
1675 1130 1736 1183 τὸ
1781 1135 1999 1205 πρῶτον

355 1217 448 1289 μὲν
483 1217 533 1269 οἱ
562 1216 684 1292 περὶ
715 1211 993 1286 Εύσέϐιον,
1044 1218 1132 1271 καὶ
1180 1215 1380 1292 ἔγραψε
1435 1217 1686 1292 βασιλεὺς
1720 1221 2002 1272 Κωνστάν-

348 1323 486 1367 τιος’
517 1306 577 1360 τὸ
610 1303 856 1382 δεύτερον
891 1305 949 1360 δέ
980 1307 1292 1379 ὑπέμνησαν
1333 1308 1502 1361 οὗτοι·
1556 1309 1621 1376 ἦν
1672 1305 1728 1362 δὲ
1759 1310 1825 1361 τὰ
1876 1329 2005 1384 γρα-

350 1395 531 1473 φέντα,
569 1397 642 1468 μὴ
699 1395 860 1468 μόνον
909 1391 1266 1450 ἐκϐάλλεσθαι
1324 1401 1432 1450 τῶν
1485 1395 1703 1451 πόλεων
1755 1399 1844 1451 καὶ
1893 1402 2040 1451 τῶν·

349 1483 654 1555 ἐκκλησιῶν
689 1484 907 1556 αὐτοὺς,
941 1484 1086 1540 ἀλλά
1115 1486 1204 1540 καὶ
1235 1485 1534 1564 κεφαλικῆν
1572 1484 1779 1541 διδόναι
1823 1485 2002 1557 δίκην,

348 1574 398 1630 εἴ
425 1595 530 1628 που
572 1575 828 1649 εὑρεθεῖεν
863 1574 1013 1630 οὔτοί
1049 1598 1060 1610 ·
1094 1577 1151 1632 id
1184 1582 1308 1633 est:
1345 1578 1661 1650 Olympium
1692 1581 1873 1633 autem
1905 1580 2003 1633 ΛΕ-

348 1681 574 1735 norum,
662 1666 1102 1737 Theodulumque
1184 1666 1620 1738 TrajanOpoleos,
1704 1668 1888 1722 ambos
1946 1669 2006 1722 in

355 1755 606 1810 Thracia
636 1757 933 1827 episcopos,
962 1757 1262 1827 probosque
1308 1757 1438 1811 illos
1489 1759 1539 1811 et
1567 1756 1894 1812 orthodoxos
1924 1759 2006 1812 vi-

2105 591 2202 644 Καὶ
2237 593 2338 665 γὰρ
2357 592 2444 644 καὶ
2468 597 2658 667 χηρῶν
2681 592 2768 646 καὶ
2794 590 2979 647 ἄλλων
3004 593 3264 665 ἀνεξόδων
3289 591 3566 650 λαϐόντων
3592 595 3747 666 ἐλεη-

2111 680 2368 753 μοσύνην,
2405 679 2617 735 ἐκέλευε
2667 683 2734 735 τὰ
2786 679 3048 756 δεδομένα
3098 681 3501 759 διαρπάζεσθαι,
3547 687 3636 741 καὶ
3681 688 3749 740 τὰ

2108 769 2302 843 ἀγγεῖα
2333 771 2384 823 έν
2419 771 2498 831 οἷς
2532 766 2716 848 ἔφερον
2768 772 2829 825 τὸ
2864 769 3048 827 ἔλαιον
3087 775 3176 827 καὶ
3227 775 3317 828 τὸν
3371 775 3514 828 οἶνον
3565 776 3754 830 κατεά-

2106 860 2312 932 γεσθαι’
2359 877 2487 931 qua:
2520 878 2625 916 nos
2657 861 2740 916 sic
2775 862 3262 935 interpretamur:
3296 867 3571 923 Praeterea
3604 869 3756 923 enim

2106 966 2232 1004 cum
2260 949 2441 1006 viduae
2489 954 2780 1021 caeterique
2833 954 3074 1008 mendici
3110 955 3512 1028 eleemosynam
3541 961 3752 1030 accipe-

2109 1047 2247 1105 rent,
2291 1040 2461 1110 jussit
2505 1055 2567 1093 ea
2616 1039 2788 1112 diripi
2838 1055 2964 1111 qua?
3009 1045 3394 1112 erogabantur,
3427 1063 3664 1117 vasaque
3693 1049 3754 1102 in

2111 1129 2306 1199 quib-us
2328 1129 2508 1183 oleum
2531 1130 2830 1200 vinumque
2853 1132 3190 1201 deferebant,
3222 1136 3526 1206 confringi.
3553 1136 3621 1191 Et
3651 1135 3756 1190 ibi-

2112 1217 2245 1271 dem
2279 1233 2334 1286 p.
2370 1217 2474 1270 300
2501 1234 2513 1270 :
2547 1215 2798 1289 Ἑρμείαν
2825 1214 3057 1272 λούοντα
3084 1218 3210 1281 τοὺς
3235 1220 3538 1291 ἀνεξόδους,
3570 1224 3628 1279 id
3647 1229 3756 1294 est,

2115 1307 2390 1360 Hermiam
2444 1307 2540 1377 qui
2596 1307 2891 1374 mendicos,
2955 1309 3092 1375 sive,
3149 1313 3529 1367 mendicorum
3598 1315 3762 1384 pedes

2113 1395 2388 1449 abluebat.
2414 1399 2579 1449 Hunc
2610 1414 2742 1451 vero
2776 1402 3139 1468 postremum
3174 1399 3366 1456 locum
3397 1401 3762 1475 inauspicato

2113 1488 2364 1538 verterat
2414 1484 2810 1552 Hermantius,
2842 1488 3145 1556 Hermiam,
3177 1492 3278 1560 qui
3313 1493 3629 1562 angiportus
3653 1509 3765 1548 non

2112 1575 2324 1644 pervios
2353 1573 2589 1644 lavabat,
2624 1575 2841 1631 Gallico
2882 1576 3108 1648 vulgari
3143 1579 3418 1636 idiomate
3449 1582 3523 1636 les
3553 1583 3669 1636 culs
3696 1584 3764 1638 de

2114 1679 2206 1717 sac
2233 1662 2326 1718 des
2356 1679 2518 1718 rues:
2553 1681 2712 1731 nam,
2746 1671 2810 1720 ut
2860 1665 3150 1737 liquidum
3201 1673 3312 1736 est,
3343 1687 3451 1725 vox
3482 1668 3762 1740 ἀνεξόδους

2115 1751 2384 1807 homines
2405 1754 2714 1824 quospiam
2738 1754 3046 1827 signiﬁcat.
3076 1757 3488 1816 'l'illemontius
3516 1778 3648 1816 vero
3670 1763 3763 1819 his

349 1860 461 1911 νος,
495 1860 620 1899 cum
661 1844 860 1900 haeresi
904 1860 1023 1902 suae
1064 1845 1410 1901 ααυεντενθηι
1437 1862 1550 1901 esse
1580 1846 2005 1918 infensissimos,
2040 1882 2088 1946 Β
2115 1840 2240 1895 vult
2272 1841 2516 1913 intelligi
2552 1842 2812 1898 inclusos
2867 1844 2986 1900 sive
3036 1845 3426 1904 incarceratos
3455 1850 3762 1908 homines:

352 1933 699 1990 calumniati
724 1941 872 1990 sunt.
905 1936 971 1989 Et
1027 1934 1166 1989 illud
1189 1937 1370 2006 primo
1422 1939 1649 2004 egerant
1680 1935 2006 2006 Eusebiani,

353 2039 528 2095 eaque
573 2023 638 2078 de
685 2039 742 2079 re
787 2025 1079 2095 scripserat
1127 2027 1433 2095 imperator
1490 2026 1844 2079 Constantius
1872 2044 1891 2078 .-
1922 2039 2009 2079 se-

354 2113 534 2169 cundo
581 2119 774 2168 autem
829 2115 943 2184 ipsi
1003 2113 1313 2168 calumnias
1363 2114 1835 2185 redintegrarunt.
1867 2113 2013 2170 Illud

357 2211 544 2259 autem
571 2203 776 2258 litterae
819 2203 1075 2273 ferebant
1114 2220 1126 2269 ;
1180 2210 1238 2257 ut
1287 2218 1399 2257 non
1443 2202 1600 2258 modo
1648 2204 1758 2273 ipsi
1786 2203 2013 2258 urbibus

357 2292 710 2362 ecclesiisque
736 2292 850 2345 suis
873 2290 1235 2362 pellerentur,
1268 2291 1360 2346 sed
1387 2292 1555 2346 etiam
1575 2291 1804 2362 capitali
1827 2308 2010 2362 paena,

357 2381 533 2438 sicubi
561 2382 764 2452 reperti
802 2382 1057 2450 fuissent,
1115 2381 1501 2452 plecterentur.
1538 2382 1598 2436 In
1629 2381 1875 2452 epistola
1905 2399 2014 2436 au-

356 2476 478 2527 tem
511 2468 775 2543 synodali
828 2470 1158 2526 Sardicensi
1185 2471 1259 2542 (b)
1310 2469 1598 2542 legimus:
1631 2468 1726 2530 Εἰς
1757 2473 2012 2523 τοσοῦτον

358 2559 462 2635 γὰρ
496 2553 722 2635 ἔφθασαν
785 2557 1064 2629 ἀπονοίας,
1127 2557 1202 2619 ὡς
1261 2557 1351 2611 καὶ
1421 2557 1748 2620 ἐπισκόπους
1803 2559 2012 2633 ἐπιχει-

361 2654 473 2724 ρεῖν
506 2645 735 2717 ἀνελεῖν,
771 2647 860 2702 καὶ
894 2644 1107 2701 ἀνεῖλον
1142 2645 1224 2716 ἂν,
1278 2647 1322 2701 εἰ
1360 2648 1434 2720 μὴ
1483 2647 1735 2726 ἐξέφυγον
1767 2649 1862 2709 τὰς
1894 2652 2013 2723 χεῖ-

363 2757 459 2814 ρας
510 2737 705 2792 αὐτῶν.
761 2737 1046 2790 ’Δπέθανεν
1098 2733 1188 2789 οὖν
1240 2737 1267 2790 ὁ
1322 2734 1744 2813 συλλειτουργὸς
1795 2740 1953 2810 ἡμῶν
1989 2738 2017 2790 ὁ

371 2825 669 2898 μακαρίτης
702 2822 1028 2894 Θεόδουλος,
1080 2824 1292 2903 φεύγων
1347 2825 1520 2879 αὐτῶν
1571 2829 1672 2895 τὴν
1725 2822 2016 2895 διαϐολήν,

366 2912 680 2969 κεκέλευστο
726 2916 830 2990 γὰρ
883 2913 943 2969 ἐκ
991 2909 1258 2984 διαϐολῆς
1306 2914 1480 2970 αὐτῶν
1534 2916 1815 2970 ἀποθανεῖν
1853 2935 1866 2947 θ
1911 2918 2020 2972 hoc

367 3006 505 3061 hoc:
540 3010 614 3062 Eo
635 3009 782 3061 enim
805 3008 1047 3062 insania
1060 3005 1478 3073 devenerunt,ut
1492 3012 1824 3063 conarentur
1853 3009 2022 3063 etiam

364 3095 637 3165 episcopos
674 3095 986 3165 perimere:
1049 3098 1101 3150 et
1124 3111 1257 3149 sane
1277 3095 1612 3165 occidissent,
1637 3149 1640 3152 ,
1662 3097 1792 3151 nitli
1824 3097 1913 3151 illi
1928 3113 2022 3151 eo-

365 3199 490 3239 rum
547 3183 808 3238 manibus
864 3199 978 3239 sese
1030 3185 1168 3253 fuga
1223 3186 1648 3255 proripuissent.
1685 3185 1829 3240 Obiit
1882 3188 2024 3241 certe

364 3276 742 3331 comminister
769 3282 951 3330 noster
999 3275 1171 3331 beatae
1215 3276 1498 3332 memoria:
1545 3276 1859 3347 Thcodulus,
1892 3277 2023 3330 dum

365 3367 438 3420 iis
489 3364 963 3420 calumniantibus
1017 3369 1150 3436 fuga
1199 3365 1307 3421 sibi
1361 3366 1714 3420 consuleret:
1746 3366 1809 3420 ob
1837 3382 2024 3421 eorum

364 3456 564 3527 quippe
591 3455 1041 3510 criminationem
1096 3456 1294 3524 capitis
1342 3454 1633 3509 damnatus
1657 3456 1858 3525 fuerat.
1916 3454 2021 3510 Ubi

367 3543 583 3611 videas,
617 3543 840 3610 eadem,
877 3561 1003 3616 quae
1037 3543 1393 3599 Athanasius
1436 3550 1567 3615 post
1596 3544 1798 3616 synodi
1831 3544 2024 3599 Sardi-

367 3632 559 3689 censis
577 3631 880 3687 historiam
903 3632 1357 3698 enarravit,ante
1381 3632 1710 3688 absolutam
1734 3634 2024 3706 synodum

368 3722 816 3778 Sardicensibus
863 3721 1152 3794 episcopis
1201 3727 1358 3788 nota,
1393 3721 1638 3793 ideoque
1664 3727 1797 3777 ante
1829 3723 2025 3778 datam

373 3813 564 3884 episto
591 3828 685 3866 am
719 3811 1048 3867 necessario
1094 3816 1261 3883 gesta
1319 3811 1518 3866 fuisse.
1555 3811 1679 3875 Qua
1709 3812 1765 3866 in
1800 3829 1860 3867 re
1888 3828 2027 3867 sane

376 3903 540 3957 dubii
575 3901 723 3957 nihil
773 3901 1130 3957 suboriatur.
1165 3900 1310 3955 Nam
1358 3901 1555 3955 Ariani
1605 3901 1861 3974 episcopi
1894 3905 2028 3957 ante

375 3991 583 4047 initam
616 3991 904 4064 synodum
927 3991 1166 4046 Sardica
1188 3991 1543 4061 aufugerunt
1568 4009 1579 4058 ;
1614 3995 1671 4046 et
1698 3991 1895 4046 statim
1926 4007 2028 4064 pro

376 4096 537 4136 more
557 4081 727 4136 solito
758 4079 946 4135 multa
969 4079 1028 4135 in
1062 4079 1391 4135 Catholicos
1420 4080 1605 4135 moliti
1639 4086 1812 4136 sunt:
1839 4080 2030 4153 Olym-

373 4169 538 4241 pium
571 4173 626 4224 et
655 4167 1019 4224 Theodulum
1053 4167 1178 4222 suis
1222 4167 1444 4223 artibus
1475 4167 1705 4239 capitali
1740 4168 2030 4224 sententia

375 4258 782 4327 damnatos,ad
818 4258 1017 4330 fugam
1049 4256 1492 4327 compulerunt:
1537 4258 1636 4330 qui
1667 4257 2027 4328 Theodulus,

373 4349 518 4403 dum
551 4365 612 4403 se
645 4345 905 4419 periculo
937 4347 1310 4415 subduceret,
1353 4362 1382 4400 e
1413 4346 1558 4401 vivis
1590 4346 1857 4402 excessit.
1891 4347 2031 4417 Ejus

373 4453 547 4509 porro
566 4436 761 4492 obitus
787 4439 920 4491 ante
963 4434 1216 4491 solutam
1250 4435 1538 4507 synodum
1571 4439 1628 4490 et
1658 4436 1856 4491 datam
1889 4453 2030 4507 syn-

374 4525 605 4581 odalem
629 4524 938 4597 epistolam
967 4524 1313 4597 contigit.At
1335 4524 1489 4578 enim
1514 4525 1772 4596 synodus
1794 4529 1925 4596 post
1947 4525 2032 4579 fu-

2121 1946 2224 1985 nec
2251 1930 2474 1985 felicius
2525 1948 2663 1986 sane
2690 1949 2702 1999 ;
2738 1932 3029 2004 siquidem
3064 1939 3126 1990 ut
3156 1953 3224 1991 ex
3253 1938 3441 2008 primo
3472 1939 3598 1995 loco
3630 1958 3767 2014 pro-

2120 2019 2312 2091 palam
2343 2024 2451 2086 est,
2497 2024 2664 2075 erant
2710 2019 2950 2090 ἀνέξοδυι
2997 2023 3038 2078 ii
3069 2024 3170 2096 qui
3218 2026 3429 2098 stipem
3459 2031 3766 2102 cogebant,

2121 2108 2241 2164 sive
2261 2108 2465 2180 inopes
2489 2114 2546 2165 et
2567 2111 2947 2183 mendici,qui
2969 2131 3103 2169 cum
3127 2115 3316 2172 viduis
3341 2135 3549 2189 panem
3575 2137 3769 2176 emen-

2122 2197 2416 2253 dicabant.
2476 2200 2543 2253 Et
2572 2216 2712 2254 sane
2755 2201 3111 2259 Athanasius
3142 2221 3289 2276 quos
3322 2203 3600 2275 ἀνεξόδους
3635 2214 3768 2266 ante

2122 2291 2441 2358 vocaverat,
2494 2284 2784 2360 δεομένους
2835 2291 2955 2366 sive
3003 2308 3216 2364 egenos
3264 2294 3416 2350 infra
3446 2303 3767 2370 nuncupat,

2124 2394 2181 2449 p.
2215 2378 2315 2431 301
2353 2395 2364 2431 :
2401 2375 2538 2438 Τοὺς
2568 2377 2671 2452 γὰρ
2722 2375 3014 2451 δεομένους
3065 2381 3155 2435 καὶ
3203 2383 3526 2460 τάςῖχήρας
3557 2385 3766 2459 (ἐπειδὴ

2121 2466 2218 2526 τὰς
2259 2463 2552 2535 ἐκκλησίας
2606 2464 2982 2539 παραδέδωκεν
3037 2471 3065 2524 ὁ
3113 2468 3236 2543 δοὺξ
3275 2480 3392 2536 τοῖς
3445 2477 3766 2552 Ἀρειανοῖς,

2127 2553 2176 2608 ἐν
2205 2552 2391 2615 αὐταῖς
2447 2551 2737 2628 διατρίϐειν
2791 2557 2887 2611 οὐκ
2939 2555 3246 2636 ἠδύναντο),
3297 2551 3660 2639 καθεζομένας
3715 2567 3768 2622 ἐν

2127 2645 2208 2704 οἷς
2240 2643 2438 2719 ὥρισαν
2473 2644 2658 2706 αὐταῖς
2689 2645 2879 2708 τόποις
2912 2650 2963 2701 οἶ
2992 2653 3407 2726 πεπιστευμένοι
3453 2657 3548 2719 τὰς
3591 2660 3772 2733 χήρας

2126 2731 2407 2808 κληρικοὶ,
2434 2732 2618 2803 ἐπειδὴ
2646 2729 2873 2790 ἔϐλεπον
2898 2736 3024 2800 τούς
3049 2736 3314 2818 ἀδελφούς
3345 2729 3642 2819 προθύμως
3665 2729 3779 2803 ἐπι-

2130 2820 2375 2885 διδόντας
2409 2823 2593 2885 αὐταῖς
2629 2846 2640 2858 ·
2676 2827 2731 2881 id
2766 2833 2854 2882 est
2887 2845 2900 2884 :
2929 2831 3068 2885 Nam
3087 2848 3212 2887 cum
3233 2834 3481 2892 viderent
3505 2855 3698 2906 egenos
3725 2845 3778 2896 et

2128 2914 2320 2969 viduas
2379 2917 2500 2986 (qui
2553 2931 2676 2970 cum
2730 2917 2845 2972 dux
2883 2922 3404 2992 ecclesiaszrianis
3431 2928 3772 3003 tradidisset,

2131 3006 2188 3059 in
2221 3006 2292 3059 iis
2340 3007 2552 3060 versari
2602 3007 2921 3080 nequibant)
2968 3011 3215 3068 sedentes
3262 3017 3320 3070 in
3351 3020 3640 3089 assignatis
3667 3023 3778 3079 sibi

2131 3096 2260 3151 locis
2300 3112 2334 3149 a
2388 3095 2622 3161 clericis,
2684 3099 2881 3166 quibus
2926 3101 3225 3160 viduarum
3279 3125 3413 3164 cura
3468 3118 3776 3175 concredita

2132 3192 2284 3250 erat;
2317 3200 2440 3238 cum
2485 3195 2789 3251 cernerent,
2838 3189 3084 3262 inquam,
3133 3196 3333 3264 fratres
3351 3206 3604 3273 prompto
3641 3207 3776 3277 ipsis

2133 3275 2318 3328 animo
2346 3274 2746 3346 eleemosynam
2775 3292 3015 3351 erogare,
3047 3286 3161 3338 etc.

2205 3361 2352 3425 Quid
2385 3362 2536 3431 quod
2572 3362 2656 3417 vel
2689 3364 2817 3435 ipsa
2846 3367 3149 3426 Athanasii
3182 3371 3458 3446 loquendi
3481 3382 3628 3438 ratio
3659 3401 3780 3442 ma-

2135 3451 2343 3506 nifeste
2375 3451 2594 3506 indicat
2620 3450 2747 3514 τοὺς
2764 3452 3068 3529 ἀνεξόδους,
3094 3463 3333 3531 perinde
3353 3469 3528 3538 atque
3549 3472 3779 3545 viduas,

2134 3540 2282 3596 nihil
2313 3540 2468 3596 aliud
2503 3558 2632 3596 esse
2663 3559 2839 3614 quam
2875 3549 3173 3606 mendicos
3204 3569 3216 3607 :
3253 3571 3386 3611 nam
3420 3559 3518 3625 ait,
3543 3560 3641 3614 Καὶ
3672 3540 3776 3641 γὰρ

2133 3628 2222 3683 καὶ
2277 3633 2468 3703 χηρῶν
2527 3628 2616 3682 καὶ
2663 3627 2848 3685 ἄλλων
2898 3634 3157 3706 ἀνεξόδων
3212 3637 3490 3699 λαϐόντων
3541 3627 3779 3725 ἐλεημο-

2137 3717 2340 3788 σύνην,
2405 3715 2617 3772 ἐκέλευε
2671 3720 2738 3773 τα
2795 3718 3058 3794 δεδομένα
3114 3724 3516 3804 διαρπάζεσθαι,
3575 3715 3784 3797 καδτά

2138 3809 2330 3882 ἀγγεῖα
2362 3806 2412 3861 ἐν
2463 3809 2545 3868 οἷς
2596 3803 2782 3885 ἔφερον
2814 3811 2875 3864 τὸ
2930 3808 3111 3869 ἔλαιον
3163 3803 3252 3872 καὶ
3303 3822 3394 3876 τὸν
3449 3825 3592 3880 οἶνον
3652 3850 3780 3886 κατ-

2140 3897 2403 3971 εάγεσθαι.
2429 3903 2704 3954 Ρνκίθνείι
2718 3903 2868 3957 enim
2891 3920 3018 3959 cum
3036 3907 3220 3967 viduae
3234 3916 3522 3987 caeterique
3547 3922 3788 3980 mendici

2137 3989 2531 4058 elcemosynam
2562 3991 2888 4063 acciperent,
2911 3995 3080 4065 jussit
3125 4015 3190 4054 ea
3218 4001 3409 4075 diripi,
3443 4023 3561 4077 quae
3590 4027 3783 4080 eroga_

2141 4077 2358 4143 bantur,
2393 4095 2624 4149 rasaque
2671 4081 2730 4133 in
2779 4083 2976 4153 quibus
3023 4087 3204 4144 oleum
3249 4094 3545 4167 vinumque
3572 4077 3784 4171 defere-

2142 4167 2268 4222 bant
2296 4169 2593 4238 con/ringi.
2628 4169 2733 4224 Ubi
2767 4170 2933 4243 illud,
2957 4173 3045 4227 καὶ
3077 4173 3262 4232 ἄλλων
3299 4167 3783 4260 ἀνεξόδων,ρέιιεω

2140 4255 2544 4327 indicat,ipsas
2573 4259 2780 4314 viduas
2837 4260 2897 4316 in
2929 4261 3189 4333 ἀνεξόδων
3243 4251 3486 4330 numero
3517 4251 3787 4349 compre-

2140 4343 2338 4413 hcndi,
2363 4345 2465 4416 qui
2497 4345 2566 4400 ad
2601 4363 2773 4402 usum
2832 4354 3160 4409 necessaria
3191 4358 3423 4415 vicatim
3455 4343 3787 4422 emendica-

2141 4434 2299 4502 bant,
2361 4433 2719 4506 similiteque
2776 4435 3063 4505 ἀνεξόδους
3119 4448 3175 4498 et
3229 4444 3435 4503 viduas
3482 4457 3784 4524 erogatum

2139 4523 2332 4578 oleum
2357 4523 2412 4576 in
2447 4524 2601 4579 vasis
2626 4523 2904 4582 detulisse
2935 4529 3334 4604 dicitur,quod
3365 4537 3434 4592 de
3465 4523 3788 4599 incarcere-

373 4631 517 4704 gamﬁ
543 4613 1155 4682 Arianorumiuita,ad
1190 4612 1443 4704 multum
1469 4614 2028 4704 temporisextracta
2058 4625 2103 4689 D
2135 4612 2211 4704 tis
2240 4612 2580 4684 neutiquam
2614 4613 2858 4704 intelligi
2893 4623 3100 4688 potest.
3147 4623 3347 4694 Itaque
3377 4643 3482 4682 vox
3513 4627 3782 4704 ἀνέξοδος,

376 4703 550 4760 fuerit
580 4720 816 4760 necesse
846 4709 935 4760 est
971 4721 984 4759 :
1041 4721 1177 4758 nam
1211 4703 1442 4758 infinita
1481 4720 1659 4775 prope
1690 4703 1906 4758 ibidem
1938 4720 2028 4758 ex-

374 4810 551 4849 cussa
581 4798 639 4849 et
667 4793 997 4849 examinata
1029 4794 1210 4859 fuere,
1247 4797 1310 4847 ut
1339 4793 1396 4847 in
1429 4793 1726 4864 synodicis
1755 4795 1883 4864 ejus
1913 4793 2030 4864 epi-

374 4881 545 4938 stolis
575 4882 772 4938 videre
804 4886 1069 4938 est.Dum
1103 4882 1224 4937 haec
1247 4899 1416 4953 porro
1439 4888 1798 4954 gererentur,
1840 4881 2028 4936 Theo-

376 4972 553 5028 dulus
585 4971 868 5044 profugus
913 4970 1096 5026 obiit:
1133 4972 1377 5042 ejusque
1435 4971 1715 5026 decessus
1750 4971 2027 5025 nuntium

377 5061 450 5116 ad
503 5061 877 5117 Sardicenses
909 5064 1129 5132 Patres,
1184 5060 1427 5131 epistola
1458 5061 1737 5132 synodica
1765 5061 2028 5116 nondum

377 5151 730 5224 conscripta,
765 5149 1011 5207 allatum
1044 5154 1151 5205 est.

811 5301 1357 5360 ANIMADVERSIO
1385 5301 1583 5358 XVIII.

731 5413 810 5467 De
845 5409 1165 5482 signiﬁcatu
1215 5411 1359 5466 vocis
1399 5405 1668 5479 ἀνέξοδος.

447 5528 570 5585 Vox
601 5523 849 5598 ἀνέξοδος
906 5526 998 5585 bis
1054 5526 1308 5584 occurrit
1354 5526 1509 5600 apud
1539 5526 1933 5585 Athanasium
1963 5528 2024 5587 in

447 5727 528 5803 (τι)
557 5724 601 5788 P
649 5725 778 5786 280.
1635 5682 1711 5808 (b)
1736 5725 1798 5790 P.
1834 5726 1957 5792 129.

2138 4702 2232 4756 hic
2265 4719 2379 4756 non
2405 4720 2472 4756 ex
2508 4702 2793 4774 particula
2817 4707 3081 4778 negativa
3106 4729 3138 4762 α
3168 4712 3393 4783 adjecto
3422 4736 3446 4766 ν
3479 4702 3784 4791 euphoniae

2139 4808 2317 4880 causa
2347 4792 2673 4860 conficitur,
2707 4798 2773 4848 ut
2824 4795 2950 4851 vult
3009 4797 3441 4873 Tillemontius,
3485 4824 3670 4880 neque
3701 4809 3788 4863 ἀν-

2141 4876 2320 4968 έξοδος
2354 4881 2622 4952 signicat,
2661 4887 2725 4937 ut
2781 4885 2905 4939 vult
2962 4887 3392 4961 Tillemontius,
3453 4876 3644 4968 neque
3693 4898 3782 4952 ἀν-

2140 4965 2321 5038 ἐξοδος
2356 4974 2584 5025 constat
2604 4987 2672 5026 ex
2693 4971 2792 5025 ἀνά
2820 4979 2879 5029 et
2908 4970 3110 5044 ἔξοδος·
3135 4979 3214 5035 ita
3237 4985 3300 5036 ut
3329 4965 3567 5052 ἀνέξοδοῖ
3593 4987 3712 5045 sint
3741 4991 3782 5048 ii

2140 5059 2240 5131 qui
2269 5058 2366 5112 ἀνὰ
2394 5059 2492 5119 τὰς
2522 5056 2758 5129 ἐξόδους,
2791 5064 2851 5118 in
2907 5067 3142 5123 exitibus
3170 5072 3408 5140 viarum,
3449 5075 3662 5148 stipem
3690 5095 3784 5138 co-

2139 5153 2286 5222 gunt
2316 5153 2372 5204 et
2399 5151 2786 5209 emendicant.

2606 5259 3145 5323 ANIMADVERSIO
3175 5269 3319 5323 XIX:

2138 5347 2278 5436 Num
2308 5349 2370 5403 in
2420 5347 2674 5404 Historia
2729 5351 3078 5428 Arianorum
3137 5359 3210 5413 ad
3269 5364 3608 5436 monachos,
3656 5367 3785 5434 τοὺς

2213 5431 2429 5529 ἀρτους,
2465 5446 2621 5529 artus
2670 5441 2783 5497 sive
2836 5446 3103 5514 membra,
3136 5449 3221 5504 vel
3243 5467 3415 5522 panes
3443 5431 3782 5529 exprimant;

2213 5525 2390 5584 Paulo
2411 5531 2542 5601 post
2571 5527 2767 5586 locum
2797 5531 2868 5588 de
2886 5550 3000 5606 quo
3031 5553 3211 5610 supra
3238 5541 3453 5616 legitur
3471 5525 3560 5621 (ὁ),
3590 5550 3658 5607 Ἀ
3678 5550 3783 5637 γὰρ

2798 5731 2869 5813 (ο)
2900 5732 2962 5795 Ρ.
2993 5734 3122 5800 301.
