4146 6400
349 418 543 468 σιω

1770 391 2383 460 PROLEGOMENA.

343 536 435 592 καὶ
459 555 840 611 πρεσουτεροις
878 533 968 590 καὶ
1015 530 1284 594 διακόνοις
1331 533 1682 603 πεποιήκασι,
1733 529 1823 585 καὶ
1872 534 1989 589 πῶς

2104 543 2373 583 evocasse
2431 525 2698 591 Romam,
2769 526 3192 596 repugnantem
3242 539 3379 579 vero
3426 539 3461 579 a
3488 538 3753 578 commu-

344 625 560 696 αὐτοὺς,
624 624 711 680 ἐπὶ
767 629 865 680 τοῦ
923 622 1113 685 δουκὸς
1160 623 1390 677 καὶτῶν
1444 620 1731 689 δικαστῶν,
1794 620 1991 699 ἐφυγά-

345 713 557 787 δευσαν,
589 716 981 793 καταφέροντες
1014 712 1072 768 ἐκ
1101 718 1207 768 τῶν
1242 709 1404 766 οἷ’κων
1443 711 1571 773 τοὺς
1618 710 1852 773 οἰκείους
1901 710 1994 765 αὐ-

341 810 476 874 τῶν,
509 802 597 859 διὰ
625 810 733 859 τῶν
767 808 1109 879 στρατιωτῶν
1159 804 1247 858 καὶ
1296 808 1392 857 τοῦ
1448 808 1754 877 στρατηγοῦ
1790 809 1992 878 Γοργο-

343 893 462 949 νίου
493 894 583 949 καὶ
613 892 857 968 πληγαῖς
905 892 1360 963 κατακόπτοντος,
1394 894 1482 947 καὶ
1539 898 1655 954 πῶς
1702 892 1901 962 αὐτῶν,
1931 892 1993 947 τὸ

344 1005 409 1058 γε
451 984 665 1038 πάντων
716 983 1015 1056 ὠμότερον,
1072 984 1161 1037 καὶ
1217 989 1324 1038 τῶν
1365 982 1472 1054 ἤδη
1524 980 1991 1052 τετελευτηκότων

342 1073 470 1134 τοὺς
501 1070 844 1147 ἄρτους’μεθ’
876 1073 1009 1144 ὅσης
1063 1070 1272 1148 ὕϐρεως
1324 1071 1648 1147 διήρπασαν,
1700 1073 1799 1127 οὐκ
1852 1069 1991 1126 ἔστιν

344 1159 468 1217 οὐδὲ
498 1160 652 1237 λόγῳ
684 1164 901 1239 φράσαι,
944 1164 1183 1233 νικώσης
1211 1169 1314 1233 τῆς
1345 1162 1635 1236 ὠμότητος
1686 1163 1861 1220 αὐτῶν
1891 1165 1990 1234 τήν

341 1250 400 1307 ἐκ
426 1256 533 1305 τῶν
569 1249 750 1326 λόγων
786 1249 1041 1326 διήγησιν
1077 1270 1089 1283 ·
1126 1270 1301 1325 quem
1335 1253 1529 1310 locum
1571 1256 1655 1311 sic
1682 1274 1788 1313 nos
1820 1257 1992 1313 verti-

339 1359 509 1398 mus:
568 1343 863 1399 Enimvero
929 1360 1050 1414 quae
1099 1345 1159 1398 in
1228 1345 1576 1415 presbyteros
1634 1346 1995 1419 diaconosque

336 1439 757 1503 perpetrarunt:
820 1449 922 1503 quo
949 1436 1102 1505 pacto
1158 1433 1288 1489 illos
1325 1434 1479 1488 ducis
1499 1435 1859 1509 judicumque
1888 1454 1989 1494 au-

338 1523 593 1578 ctoritate
640 1523 706 1577 in
748 1523 947 1593 fugam
1005 1523 1280 1590 verterint,
1338 1525 1530 1595 afﬁnes
1571 1526 1992 1598 domesticosque

337 1611 565 1667 illorum
593 1611 839 1666 domibus
867 1611 1211 1667 deturbarint
1242 1630 1255 1679 ;
1290 1615 1533 1669 militum
1562 1617 1772 1671 scilicet
1803 1632 1986 1688 opera,

340 1699 708 1777 Gorgoniique
735 1700 908 1766 ducis,
970 1702 1066 1772 qui
1116 1702 1298 1772 plagis
1343 1719 1430 1759 eos
1490 1704 1849 1774 lancinabat;
1883 1723 1989 1777 quo

333 1794 514 1862 pacto,
548 1790 774 1846 illorum
804 1791 943 1859 (rem
969 1805 1103 1845 sane
1153 1791 1631 1865 crudelissimam),
1666 1810 1984 1866 eorumque,

341 1880 440 1951 qui
457 1880 581 1950 jam
607 1879 875 1948 obierant,
924 1895 1112 1951 panes,
1145 1883 1457 1953 quantaque
1485 1884 1818 1939 contumelia
1847 1883 1985 1939 diri-

338 1970 581 2039 puerint,
611 1971 994 2041 nequaquam}
1020 1970 1198 2024 verbis
1246 1973 1534 2027 enuntiari
1558 1977 1770 2044 potest:
1802 1989 1986 2029 eorum

340 2059 536 2129 quippe
592 2058 888 2114 crudelitas
943 2075 1157 2115 omnem
1213 2062 1520 2116 enarrandi
1543 2062 1870 2131 facultatem
1896 2080 1989 2117 su-

335 2145 615 2218 perat.lbi
647 2146 931 2217 Nannius,
962 2145 1090 2208 τοὺς
1125 2144 1340 2223 ἄρτους,
1373 2149 1573 2206 Latino
1607 2152 1799 2220 vertit,
1834 2155 1990 2207 artus

340 2237 460 2292 sive
515 2238 817 2294 membra:
877 2254 1057 2309 quam
1113 2238 1417 2311 amplexus
1448 2240 1988 2312 interpretationem

341 2329 429 2382 est
457 2325 856 2398 Hermantius,
889 2332 946 2383 et
975 2330 1106 2399 post
1132 2343 1267 2383 eum
1300 2326 1714 2384 Tillemontius
1745 2330 1844 2401 (a),
1878 2330 1987 2386 hoc

340 2415 462 2470 nixi
492 2420 877 2489 argumento:
911 2418 997 2471 An
1051 2422 1363 2488 postquam
1392 2418 1589 2473 Ariani
1621 2436 1735 2475 non
1769 2437 1987 2491 paucos

339 2510 676 2576 enecarunt,
729 2522 833 2578 pro
865 2522 925 2561 re
956 2505 1220 2561 omnium
1248 2505 1658 2563 crudelissima
1681 2508 1985 2574 habeatur,

341 2595 392 2650 si
422 2610 624 2651 eorum
654 2611 837 2666 panes
866 2593 1195 2666 diripiant?
1215 2612 1408 2650 nonne
1434 2597 1504 2650 ad
1533 2613 1653 2652 rem
1677 2598 1873 2668 aptius
1906 2598 1989 2653 di-

340 2688 525 2757 catur,
558 2682 884 2738 homicidas
913 2682 1047 2739 illos
1079 2699 1145 2740 eo
1177 2683 1537 2740 crudelitatis
1568 2686 1891 2753 devenisse,
1924 2693 1989 2742 ut

344 2778 506 2829 artus
537 2772 659 2829 sive
684 2773 949 2828 membra
973 2789 1258 2828 caesorum
1281 2774 1723 2845 discerperent?
1744 2776 1867 2831 Non
1892 2777 1990 2831 ad-

342 2866 657 2929 vertentes,
712 2878 826 2917 non
875 2866 1244 2918 mortuorum
1280 2864 1451 2919 modo
1476 2861 1603 2924 τοὺς
1633 2859 1851 2937 ἄρτους,
1885 2866 1985 2921 sed

342 2951 517 3008 etiam
547 2951 812 3007 vivorum
843 2955 902 3006 et
928 2952 1310 3024 profugorum
1334 2952 1592 3025 direptos
1623 2954 1987 3026 fuisse,quod

343 3041 415 3097 de
443 3041 690 3097 artubus
719 3044 778 3096 et
807 3040 1089 3097 membris
1119 3040 1230 3096 dici
1263 3047 1533 3114 nequeat.
1568 3043 1661 3098 Sic
1722 3045 1895 3099 etiam
1927 3044 1987 3098 in

340 3131 611 3203 Apologia
643 3129 708 3186 de
748 3130 888 3203 fuga
948 3130 1101 3185 inter
1169 3130 1524 3187 Arianorum
1573 3132 1829 3188 facinora
1879 3134 1988 3189 hoc

341 3219 700 3291 enuntiatur,
751 3211 1022 3293 Ὀρφανῶν
1073 3217 1164 3272 καὶ
1202 3222 1393 3292 χηρῶν
1454 3220 1763 3294 ἡρπάζοντο
1819 3221 1985 3276 οἰκίαι

339 3306 429 3362 καὶ
461 3306 643 3382 ἄρτος,
665 3308 725 3363 id
757 3312 846 3363 est
882 3325 893 3362 :
948 3307 1332 3379 Orphanorum
1372 3308 1769 3383 viduarumque
1796 3311 1987 3368 domus
2018 3298 2059 3366 C

339 3405 392 3454 et
428 3414 605 3470 panes
664 3396 1114 3468 diripiebantur;
1162 3414 1277 3452 non
1338 3403 1555 3465 autem,
1599 3402 1985 3474 disrerpeban-

340 3494 433 3542 tur
474 3490 633 3543 artus
684 3493 735 3541 et
781 3485 947 3540 domi.
997 3485 1119 3539 Etsi
1171 3486 1325 3541 enim
1374 3488 1755 3560 impetratum
1789 3508 1822 3545 a
1850 3508 1986 3547 con-

342 3575 655 3632 suetudine
683 3574 945 3640 fuerit,ut
974 3574 1185 3629 Latinis
1216 3577 1482 3647 quaedam
1513 3595 1679 3635 voces
1710 3598 1745 3636 a
1774 3581 1988 3638 Graecis

312 3688 315 3691 ·
342 3663 444 3721 illo
474 3680 593 3722 aevo
624 3667 1142 3735 usurparentur,ut
1168 3660 1545 3741 Soux1,va’zpioc,
1580 3666 1836 3743 ἐξάκτωρ,
1874 3694 1901 3721 ››
1933 3677 1991 3727 et

343 3752 468 3810 aliis
498 3752 556 3807 id
589 3768 811 3823 genus;
846 3756 905 3807 at
936 3771 1242 3826 nunquam
1274 3753 1455 3828 ἄρτος,
1481 3763 1581 3813 aut
1603 3759 1827 3816 similes
1867 3765 1988 3817 tam

342 3840 617 3914 vulgares
644 3847 702 3897 et
730 3841 1048 3900 familiares
1078 3846 1281 3900 eodem
1314 3863 1422 3901 usu
1456 3848 1651 3903 venire
1675 3850 1992 3921 deprehen-

345 3932 471 3996 das,
504 3947 638 3986 cum
689 3931 941 3988 maxime
989 3929 1172 4007 ἄρτος,
1207 3934 1255 3989 si
1289 3951 1392 4006 pro
1438 3938 1645 3992 Latina
1671 3955 1807 3994 voce
1837 3944 1990 3996 artus

344 4020 1184 4095 usurpetur,amphibologiam
1217 4026 1620 4095 patriat.Quod
1653 4028 1859 4093 dicunt
1887 4047 1990 4085 au-

343 4113 462 4166 tem
494 4126 612 4165 non
643 4127 891 4167 summa?
911 4111 1275 4169 crudelitatis
1294 4115 1553 4180 videri,si
1587 4134 1865 4176 caesorum
1899 4140 1995 4194 pa-

343 4212 448 4251 nes
504 4195 874 4268 diripiantur,
936 4198 993 4253 id
1050 4198 1219 4254 nihili
1268 4206 1395 4258 est:
1430 4220 1566 4259 nam
1602 4212 1988 4281 praeterquam

346 4285 499 4357 quod
532 4302 648 4341 non
671 4286 1080 4343 defunctorum
1102 4292 1331 4345 tantum
1356 4308 1537 4363 panes
1558 4294 1769 4367 direpti
1800 4300 1993 4353 terun-

343 4377 440 4428 tur
459 4374 699 4445 ibidem,
732 4376 833 4431 sed
874 4376 1050 4432 etiam
1076 4378 1339 4434 vivorum
1360 4386 1417 4435 et
1436 4383 1852 4458 profugorum;
1887 4405 1990 4443 cae—

345 4462 481 4519 dere
511 4463 748 4536 quidem
779 4470 835 4520 et
864 4464 1183 4537 lancinare,
1212 4473 1411 4541 utpote
1443 4472 1637 4544 specie
1666 4474 1873 4531 saltem
1894 4479 1992 4547 ju-

344 4551 525 4608 ridice
555 4552 864 4622 inﬂictum,
926 4555 1157 4613 defendi
1215 4563 1448 4629 potest:
1500 4578 1682 4633 panes
1710 4570 1907 4622 autem
1939 4571 1997 4623 et

2108 618 2281 671 nione
2306 618 2577 670 Romanae
2608 611 2876 669 Ecclesiae
2920 611 3175 667 alienum
3208 610 3555 667 declarasse.
3585 610 3757 666 Juvat

2107 720 2280 776 porro
2310 701 2639 774 epistolam,
2674 718 2800 774 qua:
2832 700 3125 773 perbrevis
3154 706 3263 767 est,
3296 699 3392 755 hic
3418 699 3710 756 ascribere
3738 742 3752 768 ,

2104 799 2167 848 ut
2200 791 2524 864 expeditior
2579 792 2657 847 sit
2708 792 2837 863 ejus
2883 791 2971 845 vel
3000 790 3230 845 tuendae
3260 788 3349 845 vel
3379 788 3755 861 repudiandae

2105 881 2373 938 facultas.

2103 1028 2504 1068 DILECTISSIMIS
2570 1028 2889 1067 FRATRIBUS
2958 1028 3025 1067 ΕΤ
3087 1026 3444 1067 COBPISCOPIS
3519 1027 3755 1067 NOSTRIS

2174 1101 2473 1139 UNIVERSIS
2514 1101 2623 1138 PER
2686 1100 2975 1138 ORIENTEM
3042 1099 3429 1153 CONSTITUTIS,
3488 1099 3753 1139 LIBERIUS

2173 1172 2348 1212 UBBIS
2387 1172 2563 1211 ΒΟΜᾸΞ
2601 1171 2903 1211 ΕΡῙΒΟΟΡΗΒ
2942 1170 3229 1210 .ETBRNAM
3268 1170 3551 1212 SALUTEM.

2174 1288 2403 1345 Studens
2438 1290 2567 1360 paci
2620 1296 2673 1343 et
2722 1286 3030 1344 concordiae
3090 1288 3487 1357 Ecclesiarum,
3530 1294 3753 1359 postea-

2100 1394 2266 1449 quam
2324 1379 2539 1433 lztteras
2569 1377 2867 1431 charitatis
2894 1384 3089 1432 vestrae
3119 1375 3183 1431 de
3209 1378 3433 1431 nomine
3461 1375 3755 1431 Athanasii

2099 1475 2150 1522 et
2201 1475 2527 1523 caeterorum
2555 1467 2727 1537 factas
2786 1465 2855 1519 ad
2884 1480 3081 1520 nomen
3110 1466 3253 1521 Julii
3296 1465 3444 1520 bona:
3475 1466 3752 1520 memoria

2099 1558 2337 1628 episcopi
2383 1557 2569 1627 accepi
2584 1572 2605 1617 ;
2652 1558 2866 1610 secutus
2898 1554 3253 1609 traditionem
3301 1555 3595 1626 majorum,
3624 1570 3753 1625 pre-

2097 1647 2340 1717 sbyteros
2374 1645 2525 1699 urbis
2574 1645 2758 1701 Roma:
2804 1645 3057 1715 Lucium,
3088 1644 3337 1700 Paulum
3383 1651 3435 1699 et
3460 1644 3754 1699 Helianum

2097 1752 2125 1789 e
2175 1735 2347 1790 latere
2373 1750 2488 1790 meo
2516 1734 2586 1789 ad
2635 1733 3025 1789 Alexandriam
3057 1732 3127 1787 ad
3155 1732 3528 1804 supradictum
3580 1732 3752 1789 Atha-

2096 1825 2318 1878 nasium
2348 1822 2558 1893 direxi,
2590 1830 2650 1877 ut
2706 1822 2775 1878 ad
2814 1822 3006 1877 urbem
3054 1823 3279 1877 Romam
3326 1823 3568 1878 veniret:
3602 1825 3661 1876 ut
3692 1824 3755 1878 in

2004 1930 2066 1994 -Β
2092 1912 2355 1983 praesenti
2401 1911 2478 1978 id,
2530 1910 2671 1984 quod
2728 1911 2993 1968 Ecclesiae
3046 1910 3344 1982 disciplina
3399 1906 3631 1980 exstitit,
3690 1913 3754 1967 in

2099 2017 2223 2056 eum
2254 2008 2602 2056 statueretur.
2643 2001 2880 2055 Litteras
2937 2001 3103 2055 etiam
3158 2003 3228 2055 ad
3255 2000 3503 2056 eumdem
3525 2017 3627 2072 per
3661 2016 3751 2056 su-

2092 2090 2373 2161 pradictos
2447 2089 2791 2161 presbyteros
2857 2088 3001 2158 dedi,
3062 2091 3264 2162 quibus
3341 2090 3750 2158 continebatur,

2097 2179 2238 2249 quod
2294 2181 2346 2234 si
2395 2196 2507 2235 non
2584 2180 2812 2249 veniret,
2884 2180 3047 2234 sciret
3099 2194 3157 2233 se
3213 2179 3459 2234 alienum
3514 2195 3629 2235 esse
3682 2179 3752 2235 ab

2097 2269 2348 2324 Ecclesia:
2377 2274 2644 2325 Romana?
2700 2270 3103 2325 communione.
3166 2270 3385 2324 Reversi
3427 2269 3600 2340 igitur
3620 2285 3749 2340 pre-

2094 2357 2307 2429 sbyteri
2361 2360 2763 2414 nuntiaverunt
2818 2374 2943 2414 eum
2999 2360 3187 2413 venire
3231 2359 3491 2415 noluisse.
3525 2358 3753 2414 Secutus

2095 2447 2336 2518 denique
2368 2449 2579 2503 litteras
2634 2449 2921 2503 charitatis
2974 2451 3184 2515 vestrae,
3243 2464 3375 2519 quas
3403 2447 3470 2503 de
3528 2449 3755 2504 nomine

2093 2537 2403 2609 supradicti
2431 2538 2725 2593 Athanasii
2753 2537 2823 2592 ad
2850 2552 2948 2592 nos
2976 2536 3228 2602 dedistis,
3267 2538 3459 2592 sciatis
3488 2538 3573 2592 his
3602 2538 3750 2594 litte-

2095 2624 2199 2692 ris,
2258 2640 2393 2693 quas
2449 2624 2518 2677 ad
2576 2625 3001 2678 unanimitatem
3038 2625 3285 2678 nostram
3335 2623 3479 2691 dedi,
3516 2639 3753 2679 mecum

2095 2713 2346 2767 omnibus
2375 2712 2544 2778 vobis,
2586 2720 2795 2767 etcum
2850 2713 3122 2765 universis
3178 2712 3442 2782 episcopis
3496 2712 3753 2769 Ecclesiae

2095 2801 2380 2857 catholica?
2405 2817 2597 2871 pacem
2628 2800 2871 2856 habere:
2922 2799 3298 2870 supradictum
3350 2803 3536 2855 autem
3582 2801 3749 2856 Atha-

2096 2891 2313 2944 nasium
2341 2890 2588 2944 alienum
2615 2904 2729 2944 esse
2756 2905 2789 2942 a
2818 2890 3201 2944 communione
3229 2906 3374 2957 mea,
3431 2891 3542 2945 sive
3570 2891 3751 2945 Eccle-

2095 2980 2199 3035 siae
2230 2979 2502 3048 Romanis,
2564 2986 2614 3033 et
2669 2980 2940 3033 consortio
2996 2977 3311 3035 litterarum
3357 2978 3751 3035 ecclesiastica-

2096 3084 2243 3122 rum.

2170 3155 2270 3211 His
2303 3155 2612 3228 subjungit
2642 3154 2939 3212 Hilarius:

2171 3246 2311 3314 Quid
2358 3247 2416 3301 in
2468 3246 2552 3300 his
2600 3246 2799 3301 litteris
2845 3262 2955 3301 non
2996 3247 3327 3315 sanctitatis,
3359 3247 3495 3317 quid
3541 3262 3655 3303 non
3682 3263 3753 3303 eo:

2097 3338 2269 3391 metui
2306 3335 2405 3390 Dei
2432 3336 2687 3390 eveniens
2729 3338 2851 3390 est?
2904 3334 3011 3389 Sed
3053 3336 3333 3391 Potamius
3361 3340 3414 3391 et
3456 3337 3748 3408 Epictetus,

2096 3423 2226 3479 dum
2302 3424 2567 3477 damnare
2641 3424 2796 3478 urbis
2854 3425 3033 3479 Roma
3109 3424 3421 3495 episcopum
3490 3422 3752 3493 gaudent,

2097 3515 2236 3569 sicut
2270 3516 2330 3567 in
2360 3514 2705 3568 Ariminensi
2760 3512 2965 3585 synodo
3023 3514 3358 3583 continetur,
3406 3512 3607 3568 audire
3636 3512 3755 3569 haec

2096 3604 2415 3657 noluerunt.
2478 3603 2791 3671 Quinetiam
2847 3603 3277 3657 Fortunatianus
3332 3602 3612 3673 episcopus
3641 3603 3753 3673 epi-

2097 3692 2296 3747 stolam
2339 3691 2584 3747 camdem
2631 3708 2858 3746 rursum
2905 3690 3132 3746 diversis
3194 3691 3461 3762 episcopis
3504 3692 3749 3760 mittens,

2097 3782 2242 3835 nihil
2298 3782 2549 3853 profecit.
2616 3782 2678 3837 Ut
2731 3788 2915 3835 autem
2970 3782 3029 3835 in
3058 3788 3257 3848 negata
3287 3780 3578 3836 Athanasio
3602 3795 3751 3835 com-

2100 3872 2364 3925 munione
2418 3869 2528 3925 sibi
2582 3872 2763 3941 potius
2819 3873 2996 3925 essent
3062 3870 3292 3940 onerosi,
3360 3885 3585 3941 remque
3635 3885 3753 3926 om-

2098 3975 2225 4014 nem
2279 3960 2389 4014 sibi
2446 3959 2681 4030 periculi
2735 3960 2999 4030 farerent,
3057 3958 3345 4014 dummodo
3385 3959 3530 4014 nihil
3561 3958 3750 4014 Sardi-

2099 4050 2249 4103 censi
2300 4048 2525 4119 synodo,
2576 4064 2687 4119 qua
2742 4048 3072 4103 Athanasius
3126 4048 3407 4103 absolutus
3462 4056 3517 4104 et
3554 4049 3753 4103 Ariani

2100 4138 2354 4192 damnati
2406 4141 2647 4209 fuerant,
2697 4137 3093 4209 decerperent;
3149 4139 3347 4193 litterae
3401 4155 3472 4193 ea:
3525 4140 3752 4210 Egypto

2101 4229 2255 4284 omni
2282 4236 2446 4299 atque
2474 4228 2540 4282 ab
2570 4228 2955 4282 Alexandrina
2982 4228 3168 4283 missa:
3194 4228 3561 4283 admonebant
3580 4245 3597 4281 :
3630 4243 3757 4299 quo-

2100 4317 2257 4371 niam
2286 4317 2473 4387 quales
2506 4316 2576 4371 ad
2600 4317 2806 4372 Iulium
2834 4315 3053 4387 pridem
3081 4316 3146 4371 de
3175 4316 3449 4373 reddenda
3480 4317 3759 4373 exsulanti

2101 4404 2400 4461 Athanasio
2426 4406 2807 4461 communione
2860 4409 3020 4460 erant
3048 4407 3291 4477 scriptae,
3333 4406 3471 4461 tales
3494 4422 3664 4473 nunc,
3696 4407 3760 4460 ut

2102 4494 2168 4551 de
2195 4494 2453 4565 subjectis
2482 4495 2843 4567 intelligetur,
2899 4494 2972 4550 ad
3029 4495 3311 4550 Liberium
3367 4494 3508 4551 data:
3537 4499 3668 4550 sunt
3694 4493 3762 4550 de

2106 4584 2329 4640 tuenda.

346 4641 551 4741 ἀοξΠοε
584 4659 866 4699 οωεονυῑη
889 4644 1159 4745 ἀ.ὶῙέίΡθῙέθν
1193 4664 1442 4706 summa?
1471 4652 1831 4710 CPUdelitatiS
1862 4660 1986 4713 est:
2021 4677 2068 4742 D
2170 4677 2329 4729 Hanc
2362 4673 2573 4729 Liberii
2606 4673 2915 4745 epistolam
2975 4690 3109 4729 cum
3179 4673 3362 4729 nostri
3417 4673 3475 4728 in
3508 4672 3763 4729 editione

348 4729 488 4803 quia
546 4747 616 4788 ex
663 4749 825 4789 mera
878 4734 1172 4805 violentia,
1233 4755 1337 4794 nec
1367 4755 1436 4795 ex
1461 4741 1729 4812 judicum
1762 4744 1990 4803 decreto

350 4819 474 4876 ﬁeri
507 4825 715 4894 potest.

822 4968 1361 5027 ANIMADVERSIO
1401 4972 1511 5029 ΧΧ.

415 5073 498 5129 Αη
527 5074 735 5131 Liberii
772 5089 968 5131 contra
996 5077 1367 5203 Atiianasium
1402 5084 1631 5154 epistola
1658 5102 1925 5157 germana

1007 5165 1059 5203 si
1092 5191 1105 5203 .
1136 5165 1324 5203 necne.
1590 5202 1593 5203 ν

1007 5165 1105 5218 sit,
1136 5165 1324 5207 necne.

420 5269 482 5323 In
516 5269 880 5343 Fragmentis
909 5271 1111 5328 Hilarii
1169 5276 1246 5347 (b)
1277 5275 1490 5350 legitur
1519 5281 1730 5338 Liberii
1762 5287 1996 5345 nomine

346 5356 595 5430 epistola
650 5361 721 5415 ad
778 5361 1125 5435 Orientales,
1182 5381 1299 5437 qua
1352 5370 1701 5428 testiﬁcatur
1730 5375 1997 5436 Liberius

348 5461 411 5503 se
464 5446 852 5507 Athanasium
924 5468 1162 5511 causam
1238 5456 1536 5516 dicturum
1594 5480 1697 5535 per
1773 5466 1996 5541 legatos

2103 4763 2162 4818 S.
2198 4761 2554 4831 Hilarii,tum
2588 4779 2695 4818 nos
2726 4766 2791 4817 ut
2811 4762 3248 4835 supposititiam
3268 4762 3761 4819 habuimus.Nam

2104 4850 2303 4907 statim
2338 4868 2372 4906 a
2404 4855 2590 4907 morte
2619 4850 2761 4906 Julii
2822 4868 3004 4924 papae,
3034 4856 3090 4907 et
3120 4852 3359 4907 ineunte
3393 4851 3609 4907 Liberii
3646 4851 3764 4924 epiu

2105 4944 2345 5013 scopatu
2412 4940 2548 4995 data
2606 4939 2856 4995 dicitur:
2888 4940 3021 4996 iniit
3078 4946 3275 4997 autem
3308 4940 3576 4997 Liberius
3606 4956 3760 4996 anno

2103 5032 2228 5085 352.
2258 5034 2325 5101 At
2354 5028 2720 5101 exploratum
2753 5034 2842 5085 est
2886 5030 3197 5103 utriusque
3230 5029 3519 5103 pressulis,
3556 5028 3762 5085 Liberii

2104 5123 2161 5175 ct
2187 5117 2515 5184 Athanasii,
2548 5119 2923 5186 testimoniis,
2986 5118 3221 5175 nonnisi
3272 5136 3425 5174 anno
3457 5118 3562 5173 357
3594 5117 3760 5174 Libe-

2105 5208 2280 5277 rium,
2314 5208 2484 5263 tazdio
2516 5206 2701 5263 exsilii
2740 5207 3011 5276 fractum,
3043 5209 3115 5264 ab
3147 5207 3453 5263 Athanasii
3487 5220 3760 5263 commué-

2106 5297 2279 5352 nione
2335 5296 2666 5353 recessisse.
2728 5297 2798 5352 Et
2853 5297 3092 5369 quidem
3153 5298 3225 5352 de
3283 5300 3402 5352 toto
3432 5295 3532 5351 illo
3564 5296 3757 5368 spatio

2107 5386 2261 5459 quod
2295 5385 2367 5440 ab
2399 5400 2551 5441 anno
2582 5385 2830 5457 353,quo
2854 5384 3122 5442 Liberius
3142 5386 3431 5459 synodum
3456 5401 3558 5456 pro
3576 5401 3764 5441 causa

2107 5474 2405 5532 Athanasii
2435 5473 2771 5547 postulavit,
2805 5475 2877 5532 ad
2936 5476 3041 5531 357
3074 5474 3433 5545 intercurrit,
3466 5473 3631 5532 nulla
3659 5490 3763 5549 po-

418 5628 503 5719 (Iq)‘
529 5630 864 5719 Eiliet‘n‘gn-t,
900 5637 991 5695 Vie
1044 5637 1110 5697 de
1137 5637 1193 5695 S.
1248 5638 1537 5712 Athanase,
1571 5648 1681 5706 art.
1710 5647 1803 5719 76,
1835 5653 1894 5710 et
1916 5648 1975 5713 la
2001 5656 2126 5715 not.
2154 5654 2250 5715 71.

430 5699 506 5787 (b)
537 5701 656 5766 Col.
690 5699 851 5773 1327.
