4146 6380
1305 352 1408 414 DE
1451 352 1639 415 VITA
1685 354 1784 414 ET
1824 353 2178 417 SCRIPTIS
2224 357 2288 416 S.
2334 357 2785 421 ATHANASII.

3538 375 3760 425 CLXXXI

340 482 450 536 test
481 478 621 535 oriri
671 481 1089 547 controversia,
1136 497 1270 539 cum
1303 488 1527 539 certum
1581 485 1659 540 sit
1687 484 1855 540 illum
1889 503 1991 558 per
2019 490 2073 554 Α
2105 503 2268 542 mum
2318 488 2699 546 reluctantem
2731 490 3115 546 Athanasium
3146 507 3180 546 a
3206 491 3619 549 communione
3649 511 3759 551 sua

340 568 396 623 id
418 568 699 641 temporis
724 585 829 625 nec
852 569 1039 626 officio
1067 588 1171 627 nec
1188 572 1503 629 Athanasio
1530 574 1785 629 defuisse
1811 576 1987 645 :quod

339 662 535 713 autem
568 675 674 714 nec
705 676 859 716 anno
909 662 1015 716 352
1045 678 1159 733 quo
1208 661 1340 717 iniit
1370 664 1801 736 episcopatum,
1838 682 1988 735 prae-

339 752 633 803 maturam
665 748 816 805 hanc
874 751 1180 805 Athanasii
1225 752 1663 808 damnationem
1705 754 1984 819 emiserit,

336 835 492 891 haud
524 836 723 892 minus
752 844 1118 910 compertum
1146 858 1159 895 :
1205 841 1328 912 ipse
1359 842 1577 913 quippe
1634 842 1901 898 Liberius
1928 844 1987 897 in

335 925 586 996 epistola
604 928 676 982 ad
704 928 1112 983 Constantium
1134 947 1285 985 anno
1308 930 1535 995 354,vel
1560 931 1806 1001 circiter,
1831 933 1984 997 data,

333 1015 405 1069 de
434 1014 823 1071 Orientalium
855 1017 1132 1088 epistolis
1166 1024 1368 1073 contra
1396 1019 1785 1076 Athanasium
1818 1022 1891 1076 ad
1925 1037 2009 1076 se-

338 1103 537 1160 missis
566 1104 707 1159 talia
739 1106 893 1159 fatur
917 1123 929 1161 :
964 1107 1071 1174 Qui
1096 1107 1261 1177 ﬁdem
1276 1115 1327 1162 et
1351 1110 1681 1163 sententiam
1710 1126 1816 1165 non
1841 1126 1984 1165 com-

335 1192 675 1248 modavimus
706 1198 971 1261 nostram,
1023 1196 1165 1267 quod
1195 1196 1375 1252 eodem
1424 1206 1673 1266 tempore
1716 1200 1988 1269 octoginta

334 1284 723 1354 episcoporum
778 1285 1167 1355 Egyptiarum
1219 1285 1284 1341 de
1341 1286 1649 1343 Athanasio
1715 1290 1986 1343 sententia

334 1372 785 1442 repugnabat.....
835 1374 980 1429 unde
1028 1380 1221 1429 contra
1276 1375 1534 1431 divinam
1589 1378 1759 1446 legem
1810 1379 1985 1432 visum

332 1465 430 1528 est,
462 1462 639 1517 etiam
666 1478 791 1516 cum
836 1464 1224 1534 episcoporum
1253 1480 1513 1519 numerus
1554 1482 1653 1536 pro
1684 1465 1986 1521 Athanasio

334 1550 515 1619 major
569 1552 873 1620 exsisteret,
920 1556 980 1606 in.
1028 1558 1185 1623 parte
1211 1554 1400 1624 aliqua
1455 1555 1807 1609 commodare
1860 1571 1983 1610 con-

332 1654 573 1695 sensum.
598 1640 760 1705 Quod
803 1640 923 1711 qui,
958 1641 1193 1711 amabo,
1224 1642 1415 1697 dicere
1447 1642 1751 1713 potuisset,
1787 1642 1836 1697 si
1858 1644 1985 1713 jam

334 1728 519 1784 missa
548 1728 620 1784 ad
651 1729 1037 1785 Athanasium
1069 1729 1376 1802 legatione,
1400 1731 1569 1787 illum
1602 1732 1711 1786 iter
1742 1733 1983 1787 Romam

334 1819 752 1874 detrectantem
777 1817 1032 1873 alienum
1067 1836 1101 1874 a
1129 1821 1543 1876 communione
1574 1838 1681 1876 sua
1712 1821 1987 1876 dixisset?

333 1907 416 1961 Ad
452 1906 573 1962 haec
601 1923 734 1961 vero
758 1924 892 1962 cum
926 1908 1145 1963 fractus
1176 1910 1453 1965 aerumnis
1486 1909 1741 1965 Liberius
1763 1927 1824 1965 se
1846 1927 1984 1981 pur-

334 2002 533 2068 gatum
565 1996 797 2052 Arianis
827 2014 955 2053 esse
985 2002 1240 2069 cuperet,
1273 2015 1595 2071 eorumque
1627 2000 1987 2055 communio-

337 2103 466 2142 nem
520 2090 832 2157 expeteret,
862 2088 917 2141 in
950 2086 1198 2159 epistola
1232 2105 1341 2143 sua
1370 2089 1439 2143 ad
1472 2088 1800 2144 Orientales
1833 2105 1985 2144 anno

334 2175 438 2228 357
482 2174 603 2228 haec
663 2173 771 2229 ait:
823 2176 933 2245 Ego
993 2175 1363 2231 Athanasium
1420 2194 1528 2233 non
1586 2176 1841 2247 defendo:
1892 2178 1987 2233 sed

334 2265 467 2334 quia
511 2267 830 2336 susceperat
858 2281 982 2320 eum
1008 2266 1165 2322 bona?
1210 2268 1495 2322 memoriae
1521 2268 1701 2323 Julius
1747 2266 1988 2322 decessor

335 2370 504 2418 meus,
538 2353 762 2409 verebar
792 2370 859 2409 ne
903 2354 1049 2426 forte
1081 2354 1146 2409 ab
1194 2355 1379 2427 aliquo
1406 2359 1807 2426 praevaricator
1826 2357 1985 2427 judi-

332 2458 506 2498 carer.
541 2442 607 2496 At
632 2442 735 2497 ubi
759 2444 1004 2511 cognovi,
1040 2443 1256 2514 quando
1289 2445 1393 2499 Deo
1431 2446 1669 2515 placuit,
1717 2448 1868 2516 iuste
1897 2461 1986 2500 vos

334 2532 500 2586 illum
528 2532 935 2597 condemnasse,
969 2549 1099 2587 mea:
1140 2550 1466 2588 consensum
1495 2535 1832 2589 commodavi
1859 2551 1983 2589 sen-

335 2622 525 2677 tentiis
572 2623 804 2677 vestris:
858 2622 1176 2692 litterasque
1231 2640 1395 2694 super
1448 2628 1670 2679 nomine
1717 2625 1836 2695 ejus
1890 2640 1987 2695 per

332 2712 564 2781 fratrem
612 2714 859 2765 nostrum
909 2712 1371 2767 Fortunatianum
1428 2713 1571 2777 dedi,
1630 2714 1987 2784 perferendas

335 2801 409 2856 ad
448 2802 830 2872 imperatorem
882 2800 1284 2855 Constantium.
1339 2802 1483 2856 Hinc
1534 2802 1704 2873 plane
1762 2803 1984 2875 perspi-

338 2905 515 2944 cuum
547 2892 633 2944 est
665 2888 961 2944 Liberium
994 2906 1110 2944 non
1144 2895 1277 2945 ante
1324 2891 1711 2947 Athanasium
1748 2909 1780 2947 a
1819 2909 1982 2947 com-

339 2978 613 3035 munione
656 2979 993 3048 rcmovisse,
1027 2996 1203 3051 quam
1236 2979 1459 3035 litteras
1490 2998 1558 3035 ea
1605 2981 1677 3036 de
1704 2998 1881 3036 causa
1911 2982 1981 3035 ad

333 3069 744 3140 imperatorem
768 3068 1175 3123 Constantium
1200 3068 1476 3135 mitteret,
1516 3071 1669 3137 quod
1694 3087 1846 3125 anno
1878 3071 1983 3124 357

331 3157 580 3213 factum:
633 3174 803 3213 nemo
836 3157 1050 3230 quippe
1109 3158 1202 3213 his
1234 3159 1501 3229 perlectis
1548 3177 1663 3215 non
1708 3161 1975 3231 fateatur,

2102 576 2399 647 repulcrit,
2422 578 2574 649 quod
2607 578 2663 633 in
2688 583 2921 651 tempus
2936 578 3346 650 rejiciasillam
3364 581 3759 653 Aquileiensis

2098 667 2303 736 synodi
2337 668 2712 723 indicLionem
2735 685 2753 722 :
2788 669 3080 740 siquidem
3131 686 3285 724 anno
3314 670 3441 736 353,
3494 670 3758 727 Liberius

2100 754 2199 817 ait,
2255 756 2587 823 jamdudum
2634 757 3064 827 Aquileiensem
3123 757 3414 829 synodum
3471 758 3753 815 indictam

2098 842 2280 897 fuisse
2312 860 2412 915 pro
2444 861 2622 900 causa
2667 846 2970 901 Athanasii
3002 847 3425 902 examinanda:
3482 863 3633 920 pone
3663 848 3761 904 in-

2098 930 2323 987 dictam
2378 934 2557 988 fuisse
2589 934 2699 989 sub
2734 936 2908 989 ﬁnem
2942 936 3081 989 anni
3121 937 3227 990 352
3276 952 3389 1007 quo
3422 940 3589 1007 pacto
3639 936 3757 993 alia

2097 1036 2223 1091 quas
2269 1038 2301 1075 a
2330 1038 2531 1078 mense
2560 1023 2742 1095 Aprili
2802 1025 2872 1079 ad
2907 1024 3082 1079 tinem
3117 1025 3384 1096 ejusdem
3417 1027 3557 1080 anni
3588 1030 3754 1098 gesta

2104 1109 2397 1175 feruntur,
2452 1116 2573 1166 tam
2631 1113 2789 1167 brevi
2838 1114 3026 1185 spatio
3075 1114 3394 1170 emetiare?
3443 1114 3561 1171 [mo
3616 1132 3751 1171 vero

2092 1199 2327 1257 etiamsi
2358 1201 2428 1254 ad
2489 1217 2557 1255 ea
2612 1201 2809 1256 omnia
2866 1204 3051 1273 spatio
3083 1204 3226 1258 satis
3284 1209 3480 1273 esset;
3536 1221 3607 1259 an
3640 1221 3751 1277 pn-

2097 1294 2187 1343 tes
2250 1288 2538 1343 Liberium
2598 1306 2731 1344 cum
2790 1290 2849 1345 in
2902 1292 3091 1346 medio
3147 1292 3284 1347 anni
3350 1293 3457 1348 352
3524 1292 3751 1350 litteras

2096 1374 2482 1432 Orientalium
2541 1378 2884 1450 accepisset,
2966 1396 3101 1434 mox
3161 1378 3382 1452 legatos
3466 1381 3749 1448 misisset,

2096 1480 2163 1520 ac
2195 1469 2327 1536 post
2378 1482 2579 1522 eorum
2640 1468 2915 1536 reditum,
2970 1467 3348 1524 Athanasium
3403 1486 3437 1524 a
3493 1485 3753 1525 commu-

2097 1553 2268 1608 nione
2301 1571 2408 1609 sua
2458 1556 2821 1619 removisset,
2870 1557 3069 1612 statim
3123 1557 3408 1629 synodum
3460 1557 3518 1611 in
3565 1558 3750 1613 Atha-

2097 1642 2245 1696 nasii
2298 1644 2546 1713 gratiam
2606 1645 2983 1716 postulasse?
3038 1648 3246 1702 Annon
3306 1647 3428 1703 haec
3476 1644 3742 1702 ἀσύστατα

2096 1737 2314 1797 essent,
2346 1734 2595 1799 etiamsi,
2632 1736 2785 1805 quod
2820 1739 3016 1790 tamen
3060 1752 3368 1808 negamus,
3401 1735 3576 1807 spatii
3610 1737 3753 1792 satis

2097 1824 2299 1877 esset?

2167 1910 2290 1964 Non
2326 1910 2525 1966 minus
2546 1930 2681 1967 cum
2699 1912 3022 1983 Athanasii,
3049 1931 3227 1985 quam
3262 1931 3396 1970 cum
3422 1914 3632 1971 Liberii
3657 1915 3751 1970 di-

2096 1997 2204 2053 ctis
2228 1998 2345 2053 haec
2378 2000 2624 2069 epistola
2674 2007 2931 2073 pugnat:
2969 2020 3105 2058 nam
3147 2004 3197 2058 is
3229 2004 3287 2058 in
3332 2004 3447 2059 fine
3476 2004 3753 2076 Apologia:

2094 2096 2283 2143 contra
2314 2091 2545 2144 Arianos
2575 2090 2656 2144 ait
2690 2091 2985 2146 Liberium
3046 2109 3148 2163 pro
3173 2093 3401 2162 judicio
3450 2093 3750 2165 episcopo-

2096 2194 2249 2244 rum,
2283 2178 2381 2249 qui
2412 2180 2737 2234 secundum
2770 2180 3159 2236 Athanasium
3202 2182 3555 2238 sententiam
3587 2182 3751 2239 dixe-

2096 2270 2244 2331 rant,
2334 2267 2636 2323 obstitisse
2697 2269 2950 2334 Arianis,
3010 2270 3191 2325 donec
3268 2270 3487 2326 biennii
3544 2270 3750 2327 exsilio

2098 2356 2314 2410 fractus
2348 2358 2593 2413 cederet.
2660 2358 2723 2413 Et
2753 2358 2811 2412 in
2870 2358 3117 2430 epistola
3168 2359 3479 2432 encyclica,
3530 2358 3753 2431 scripta

2096 2460 2248 2499 anno
2288 2444 2417 2507 356,
2478 2445 2559 2501 ait
2615 2446 2716 2517 (a),
2774 2447 3003 2503 Arianis
3058 2448 3349 2520 episcopis
3407 2448 3583 2504 fidem
3642 2448 3749 2503 ha-

2096 2532 2344 2587 bendam
2402 2535 2540 2597 fore,
2602 2535 2652 2589 si
2683 2536 2843 2606 paria
2898 2536 3218 2592 scriberent
3278 2536 3515 2607 Hosius,
3568 2536 3749 2592 Maxi-

2098 2622 2315 2683 minus,
2352 2621 2754 2695 Philogonius,
2804 2625 3169 2689 Eustathius,
3228 2625 3421 2680 Julius
3478 2629 3534 2681 et
3593 2625 3751 2680 Libe-

2095 2709 2238 2776 rius,
2273 2716 2405 2777 etc.,
2453 2714 2606 2783 quod
2659 2712 2759 2785 qui
2789 2713 2981 2769 dicere
3030 2714 3340 2785 potuisset,
3374 2714 3424 2769 si
3483 2713 3750 2771 Liberius

2086 2798 2444 2870 jampridem
2505 2818 2566 2856 se
2618 2801 2847 2857 Arianis
2896 2803 3187 2874 episcopis
3261 2802 3573 2875 astipulari
3648 2802 3748 2858 de-

2094 2887 2419 2944 clarasset?
2494 2891 2561 2945 Et
2618 2892 2772 2962 quod
2835 2893 3024 2963 magis
3078 2898 3303 2964 urgeat,
3378 2892 3436 2947 in
3507 2893 3748 2947 Historia

2095 2977 2425 3033 Arianorum
2454 2980 2524 3034 ad
2580 2980 2894 3047 monachos,
2947 2981 3028 3035 ait
3056 2982 3438 3050 Athanasius,
3499 2980 3746 3037 Arianos

2094 3066 2389 3123 Liberium
2446 3070 2516 3124 ab
2576 3070 2740 3124 initio
2783 3071 3155 3142 episcopatus
3189 3071 3301 3141 sui,
3354 3068 3492 3123 κατᾶ
3517 3068 3618 3137 τὴν
3648 3065 3744 3145 ἅρ-

2091 3156 2220 3229 χήν,
2254 3156 2565 3213 calumniis
2592 3159 2746 3230 apud
2780 3160 3190 3230 imperatorem
3219 3158 3616 3227 vellicasse,ut
3636 3159 3745 3215 ab-

330 3247 569 3303 omnino
601 3246 1027 3319 repudiandam
1061 3264 1189 3303 esse
1219 3248 1524 3319 epistolam
1550 3248 1734 3316 illam,
1760 3266 1873 3321 qua
1895 3250 1980 3303 di-
2013 3236 2055 3302 C
2095 3245 2375 3300 ducerent
2405 3264 2437 3299 a
2468 3247 2795 3317 proposito:
2830 3248 3099 3302 Arbitrati
3120 3253 3247 3303 sunt
3281 3250 3443 3320 impii
3470 3249 3738 3316 homines,

331 3335 483 3391 citur
512 3335 807 3390 Liberium
840 3335 1039 3391 statim
1073 3337 1144 3391 ab
1174 3336 1341 3391 initio
1369 3342 1649 3409 suscepta:
1673 3337 1977 3409 dignitatis

330 3424 718 3481 Athanasium
749 3424 1083 3481 damnasse.
1112 3426 1181 3480 Et
1209 3442 1343 3481 vero
1377 3443 1447 3481 ne
1482 3430 1712 3496 tempus
1743 3426 1978 3498 quidem

330 3514 733 3586 deprehendas
765 3530 881 3585 quo
928 3514 1316 3570 Athanasium
1350 3533 1383 3571 a
1430 3516 1843 3572 communione
1874 3533 1983 3571 sua

330 3602 657 3659 removerit.
693 3602 839 3657 Nam
872 3620 966 3657 an.
1000 3605 1127 3669 352,
1158 3604 1345 3676 Aprili
1367 3610 1645 3671 vertente,
1672 3605 1730 3660 in
1754 3606 1978 3678 episco-

330 3709 475 3764 pum
509 3693 837 3748 Romanum
897 3692 1139 3748 allectus
1198 3693 1343 3748 fuit:
1397 3712 1550 3750 anno
1609 3700 1804 3750 autem
1855 3694 1979 3757 353,

332 3780 534 3836 missis
560 3782 627 3836 ad
664 3780 1072 3837 Constantium
1122 3781 1332 3854 legatis
1382 3784 1693 3850 Arelatem,
1740 3785 1811 3839 ab
1856 3784 1984 3856 ipso

330 3869 685 3942 postulabat,
708 3872 767 3925 ut
788 3871 1029 3941 juberet,
1064 3871 1147 3926 sic
1184 3872 1624 3936 Liberius,sicut
1644 3873 1987 3944 jamdudum

328 3960 441 4030 ipsi
466 3959 767 4030 placuerat,
816 3958 1123 4015 concilium
1164 3960 1234 4015 ad
1264 3960 1583 4032 Aquileiam
1612 3965 1987 4036 congregari;

332 4048 603 4104 videlicet
633 4066 736 4120 pro
796 4065 975 4103 causa
1006 4048 1331 4119 Athanasii,
1396 4056 1458 4105 ut
1489 4052 1889 4122 exquireretur
1914 4070 1989 4108 an

332 4137 685 4208 rejiciendus
735 4155 770 4193 a
802 4137 1215 4194 communione
1265 4145 1423 4195 esset
1453 4157 1653 4197 necne.
1689 4141 1797 4197 Ubi
1829 4142 1990 4199 vides

323 4227 452 4297 jam
481 4231 615 4283 ante
646 4225 882 4299 aliquod
905 4232 1163 4299 tempus,
1197 4232 1263 4282 ut
1292 4228 1412 4294 illo,
1439 4230 1788 4301 jamdudum,
1816 4231 1993 4303 signi-

334 4316 563 4385 ficatur,
598 4316 669 4370 de
692 4317 913 4388 synodo
938 4333 1039 4388 pro
1062 4317 1555 4373 causaAthanasii
1578 4321 1836 4391 cogenda
1858 4338 1991 4375 cum

334 4404 688 4476 imperatore
715 4404 905 4477 egisse
940 4405 1248 4461 Liberium.
1283 4409 1427 4461 Cum
1462 4413 1655 4463 autem
1708 4426 1860 4465 anno
1892 4410 1996 4463 352

340 4493 606 4550 Liberius
638 4494 696 4548 in
716 4494 1058 4567 episcopum
1090 4499 1418 4551 Romanum
1455 4496 1700 4553 allectus
1732 4498 1925 4567 fuerit,
1948 4500 1999 4554 si

2087 3334 2304 3404 inquit,
2325 3351 2382 3388 se
2422 3337 2472 3389 si
2522 3336 2803 3391 Liberium
2850 3339 3165 3393 subornare
3190 3341 3426 3409 possent,
3457 3353 3645 3392 omnes
3676 3336 3745 3391 il-

2088 3423 2192 3477 lico
2220 3428 2571 3494 superaturos
2595 3443 2612 3477 :
2672 3425 2997 3496 exindeque
3027 3442 3286 3497 curasse,
3319 3430 3382 3481 ut
3428 3426 3501 3483 ad
3544 3425 3742 3497 ipsum

2091 3511 2385 3567 Liberium
2422 3514 2706 3569 Eusebius
2729 3515 2911 3586 spado
2936 3514 3284 3585 mitteretur,
3317 3516 3416 3586 qui
3442 3519 3545 3571 aut
3574 3514 3746 3570 donis

2092 3605 2192 3655 aut
2222 3602 2796 3659 iuterminationibus
2844 3604 2951 3658 viri
2992 3605 3386 3660 constantiam
3438 3604 3749 3675 emolliret,

2093 3705 2345 3761 eumque
2384 3692 2455 3746 ad
2508 3691 2895 3748 Athanasium
2948 3693 3354 3749 damnandum
3418 3693 3750 3766 instigaret.

2092 3780 2421 3850 Spadonem
2453 3798 2585 3836 vero
2636 3781 2902 3837 Liberius
2961 3782 3046 3837 sic
3091 3782 3338 3838 affatur:
3392 3784 3517 3851 Qui,
3550 3797 3754 3854 quteso,

2094 3868 2355 3924 adversus
2377 3870 2743 3926 Athanasium
2772 3871 2829 3925 id
2858 3880 3059 3941 agatur
3083 3872 3111 3926 ?
3140 3888 3274 3928 nam
3304 3888 3465 3945 quem
3495 3889 3604 3929 non
3643 3889 3758 3927 una

2095 3960 2293 4026 sol-um,
2326 3959 2418 4014 sed
2449 3964 2499 4015 et
2528 3963 2702 4015 altera
2732 3961 2974 4033 synodus
3005 3978 3075 4017 ea:
3104 3966 3212 4019 toto
3256 3964 3384 4018 orbe
3415 3970 3617 4030 coacto,
3652 3978 3759 4034 pu-

2097 4065 2231 4102 rum
2254 4050 2655 4121 innoxiumque
2678 4049 3006 4118 declaravit,
3042 4068 3203 4123 quem
3230 4056 3478 4108 Romana
3520 4050 3761 4124 synodus

2099 4154 2225 4192 cum
2254 4155 2387 4210 pace
2415 4139 2645 4207 dimisit,
2679 4157 2783 4211 quo
2798 4143 2955 4213 pacto
2971 4140 3236 4197 damnare
3249 4158 3545 4213 possumus
3563 4140 3590 4195 ‘l
3626 4140 3759 4209 Quis

2100 4244 2198 4283 nos
2224 4227 2553 4298 probaturus
2581 4238 2677 4299 est,
2709 4231 2759 4284 si
2780 4247 2940 4301 quem
2969 4239 3299 4303 prasentem
3317 4234 3571 4287 amanter
3599 4246 3759 4285 exce-

2097 4320 2303 4388 pimus,
2355 4316 2423 4371 ad
2468 4321 3010 4391 communionemque
3069 4320 3417 4386 admisimus,
3480 4324 3763 4375 absentem

2104 4407 2466 4461 aversemur?
2522 4424 2629 4462 non
2662 4409 3019 4463 ecclesiastici
3065 4411 3295 4464 canonis
3325 4408 3469 4463 illud
3518 4410 3618 4473 est,
3650 4412 3760 4464 etc.

2106 4495 2279 4559 Queis
2304 4496 2434 4567 ipsa
2463 4499 2590 4551 luce
2622 4496 2873 4553 lucidius
2892 4502 3001 4561 est,
3036 4498 3329 4553 Liberium
3360 4497 3431 4553 ab
3454 4497 3618 4552 initio
3641 4497 3764 4569 epi-

340 4582 506 4655 illud,
547 4583 902 4655 jamdudum,
940 4583 1167 4656 aliquot
1215 4586 1419 4641 saltem
1454 4592 1605 4641 retro
1650 4605 1883 4644 menses
1913 4588 1998 4643 si-
2029 4614 2076 4679 D
2108 4589 2381 4656 scopatus
2413 4586 3033 4651 sui,reminsolentem
3050 4591 3106 4642 et
3133 4590 3336 4642 contra
3356 4602 3613 4642 canones
3636 4602 3765 4642 esse

342 4672 622 4745 gnificare
648 4674 954 4742 concedas,
990 4679 1091 4728 aut
1123 4674 1269 4729 nihil
1300 4693 1542 4747 prorsus
1572 4677 1747 4749 spatii
1790 4694 1999 4748 super-

346 4762 477 4829 erit,
510 4761 601 4818 vel
665 4766 781 4817 tam
833 4767 1153 4835 angustum
1187 4768 1423 4837 tempus
1475 4769 1711 4821 maneat
1767 4782 2006 4821 necesse

344 4855 453 4919 est,
488 4855 554 4907 ut
583 4851 922 4907 nullatenus
972 4853 1200 4923 possint
1229 4869 1315 4915 ea,
1366 4872 1492 4925 quia
1523 4854 1581 4909 in
1634 4855 1843 4910 Liberii
1880 4856 2007 4927 epi-

346 4940 498 4996 stola
531 4940 696 4996 initio
745 4940 924 4996 allata
971 4943 1259 5013 feruntur,
1292 4951 1413 4998 tam
1474 4944 1743 5000 brevibus
1786 4944 2009 5000 includi

348 5028 660 5086 limitibus.
680 5029 849 5097 Nam,
875 5030 921 5084 si
958 5030 1224 5086 Liberius
1253 5048 1404 5086 anno
1430 5033 1554 5100 352,
1579 5034 1759 5105 Aprili
1786 5052 2008 5100 mense,

352 5119 425 5173 ad
457 5120 652 5175 sedem
684 5125 939 5187 evectus,
972 5119 1355 5175 Orientalium
1390 5123 1641 5193 acceptis
1664 5123 1894 5194 litteris,
1930 5124 2008 5179 le-

349 5214 516 5281 gatos
550 5214 667 5265 tres
719 5210 986 5277 Lucium,
1047 5209 1296 5265 Paulum
1331 5219 1384 5265 et
1444 5210 1749 5267 llelianum
1784 5212 2014 5269 miserit

348 5297 788 5371 Alexandriam,
825 5300 927 5372 qui
962 5298 1354 5355 Athanasium
1388 5300 1459 5354 ad
1495 5304 1815 5357 Romanam
1846 5319 2016 5374 syno-

356 5389 498 5444 dum
521 5394 848 5461 evocarent,
883 5406 950 5445 ac
984 5394 1187 5461 postea
1216 5387 1416 5461 legati,
1450 5406 1509 5444 re
1531 5389 1745 5446 infecta
1763 5392 2013 5447 etAtha-

362 5478 528 5535 nasio
560 5479 857 5536 abnuente
888 5479 1134 5536 Romam
1170 5478 1471 5551 redierint,
1507 5479 1888 5553 Liberiusque
1917 5482 2018 5539 de-

434 5697 512 5770 (a)
544 5698 606 5754 P.
642 5698 767 5752 219.

645 5827 911 5891 ΡΑτιιοι..
965 5827 1077 5891 Ga.
1122 5823 1318 5893 XXV.

2117 4679 2375 4746 putasse,
2392 4676 2440 4729 si
2464 4675 2822 4732 Athanasius
2844 4674 3068 4746 aliquot
3092 4677 3151 4731 in
3174 4676 3412 4748 synodis
3435 4674 3765 4744 absolutus,

2117 4766 2189 4819 ab
2222 4764 2616 4819 ecclesiastica
2646 4764 3062 4820 communione
3106 4768 3535 4833 removeretur;
3596 4768 3771 4836 atque

2118 4854 2259 4909 adeo
2292 4854 2621 4925 epistolam,
2657 4871 2784 4926 quae
2822 4855 2879 4909 in
2912 4852 3275 4927 Fragmentis
3304 4853 3506 4909 Hilarii
3536 4851 3772 4927 qualem

2120 4960 2301 5013 supra
2330 4942 2753 5013 descripsimus
2786 4944 3220 5009 circumfertur,
3242 4944 3340 4999 ubi
3363 4943 3719 5001 Athanasius
3741 4957 3776 4998 a

2125 5032 2348 5087 Liberio
2405 5032 2805 5104 episcopatum
2869 5034 3108 5088 ineunte
3166 5033 3478 5088 damnatus
3537 5030 3771 5099 dicitur,

2122 5121 2559 5193 supposititiam
2595 5138 2743 5177 esse.
2770 5123 2913 5177 Nam
2936 5126 3143 5193 praeter
3165 5140 3253 5189 ea,
3278 5139 3404 5194 quae
3422 5138 3600 5193 supra
3624 5119 3774 5175 dixi-

2125 5230 2279 5281 mus,
2314 5211 2772 5279 animadvertas,
2808 5228 3025 5283 quaiso,
3058 5211 3283 5267 nullam
3306 5211 3395 5267 vel
3416 5208 3779 5280 Arianos,vel

2124 5301 2443 5356 Eusebium
2478 5300 2841 5368 eunuchum,
2866 5301 2951 5355 vel
2983 5302 3390 5357 Constantium
3415 5304 3777 5373 Augustum,

2128 5407 2378 5461 quorum
2414 5405 2546 5444 cum
2580 5390 2809 5445 Liberio
2840 5388 3156 5462 colloquia,
3180 5395 3236 5445 et
3267 5390 3505 5462 quidem
3532 5389 3780 5464 prolixa,

2129 5479 2423 5547 feruntur,
2459 5477 2725 5551 pristinas
2758 5477 2920 5535 illius
2952 5482 3156 5536 contra
3182 5479 3570 5538 Athanasium
3618 5479 3785 5540 diota
