  <div class='ocr_page' id='page_1' title='image "/cluster/home/n/w/nwhite01/storage/ocr_20150623/25:no.1/coo.31924054873066/195.png"; bbox 0 0 4146 6414; ppageno 0'>
   <div class='ocr_carea' id='block_1_1' title="bbox 399 383 644 431">
    <p class='ocr_par' dir='ltr' id='par_1_1' title="bbox 399 383 644 431">
     <span class='ocr_line' id='line_1_1' title="bbox 399 383 644 431; baseline 0.008 -2"><span class='ocrx_word' id='word_1_1' title='bbox 399 383 430 429; x_wconf 92' lang='lat' dir='ltr'><strong>C</strong></span> <span class='ocrx_word' id='word_1_2' title='bbox 442 383 644 431; x_wconf 77' lang='lat' dir='ltr'><strong>LXXXII</strong></span> 
     </span>
    </p>
   </div>
   <div class='ocr_carea' id='block_1_2' title="bbox 1783 372 2399 437">
    <p class='ocr_par' dir='ltr' id='par_1_2' title="bbox 1783 372 2399 437">
     <span class='ocr_line' id='line_1_2' title="bbox 1783 372 2399 437; baseline 0.005 -5"><span class='ocrx_word' id='word_1_3' title='bbox 1783 372 2399 437; x_wconf 81' lang='lat' dir='ltr'>PROLEGOMENA.</span> 
     </span>
    </p>
   </div>
   <div class='ocr_carea' id='block_1_3' title="bbox 395 501 3801 580">
    <p class='ocr_par' dir='ltr' id='par_1_3' title="bbox 395 501 3801 580">
     <span class='ocr_line' id='line_1_3' title="bbox 395 501 3801 580; baseline 0.001 -24"><span class='ocrx_word' id='word_1_4' title='bbox 395 502 696 558; x_wconf 85' lang='lat' dir='ltr'>sententiae</span> <span class='ocrx_word' id='word_1_5' title='bbox 730 503 1087 560; x_wconf 83' lang='lat' dir='ltr'>mentionem</span> <span class='ocrx_word' id='word_1_6' title='bbox 1110 505 1351 560; x_wconf 79' lang='lat' dir='ltr'>fecisse:</span> <span class='ocrx_word' id='word_1_7' title='bbox 1385 505 1539 576; x_wconf 89' lang='lat' dir='ltr'>quod</span> <span class='ocrx_word' id='word_1_8' title='bbox 1563 508 1714 561; x_wconf 91' lang='lat' dir='ltr'>certe</span> <span class='ocrx_word' id='word_1_9' title='bbox 1747 504 2038 560; x_wconf 86' lang='lat' dir='ltr'>validissi-</span> <span class='ocrx_word' id='word_1_10' title='bbox 2069 509 2122 573; x_wconf 79' lang='grc' dir='ltr'><strong>Α</strong></span> <span class='ocrx_word' id='word_1_11' title='bbox 2154 513 2380 580; x_wconf 85' lang='lat' dir='ltr'>reperta</span> <span class='ocrx_word' id='word_1_12' title='bbox 2408 511 2514 578; x_wconf 89' lang='lat' dir='ltr'>est,</span> <span class='ocrx_word' id='word_1_13' title='bbox 2550 508 2829 580; x_wconf 88' lang='lat' dir='ltr'>permista</span> <span class='ocrx_word' id='word_1_14' title='bbox 2859 507 3083 564; x_wconf 74' lang='lat' dir='ltr'>scilicet</span> <span class='ocrx_word' id='word_1_15' title='bbox 3127 521 3261 562; x_wconf 92' lang='lat' dir='ltr'>cum</span> <span class='ocrx_word' id='word_1_16' title='bbox 3292 504 3568 579; x_wconf 80' lang='lat' dir='ltr'>operibus</span> <span class='ocrx_word' id='word_1_17' title='bbox 3612 501 3801 559; x_wconf 52' lang='lat' dir='ltr'>vario.</span> 
     </span>
    </p>
   </div>
   <div class='ocr_carea' id='block_1_4' title="bbox 395 592 2038 666">
    <p class='ocr_par' dir='ltr' id='par_1_4' title="bbox 395 592 2038 666">
     <span class='ocr_line' id='line_1_4' title="bbox 395 592 2038 666; baseline 0.002 -20"><span class='ocrx_word' id='word_1_18' title='bbox 395 608 559 646; x_wconf 91' lang='lat' dir='ltr'>mum</span> <span class='ocrx_word' id='word_1_19' title='bbox 594 597 716 648; x_wconf 88' lang='lat' dir='ltr'>erat</span> <span class='ocrx_word' id='word_1_20' title='bbox 749 593 819 647; x_wconf 90' lang='lat' dir='ltr'>ad</span> <span class='ocrx_word' id='word_1_21' title='bbox 857 592 1066 649; x_wconf 90' lang='lat' dir='ltr'>Liberii</span> <span class='ocrx_word' id='word_1_22' title='bbox 1101 595 1439 649; x_wconf 89' lang='lat' dir='ltr'>tentandam</span> <span class='ocrx_word' id='word_1_23' title='bbox 1468 595 1802 666; x_wconf 70' lang='lat' dir='ltr'>aequitatem</span> <span class='ocrx_word' id='word_1_24' title='bbox 1837 595 2038 649; x_wconf 88' lang='lat' dir='ltr'>incita-</span> 
     </span>
    </p>
   </div>
   <div class='ocr_carea' id='block_1_5' title="bbox 395 682 2035 750">
    <p class='ocr_par' dir='ltr' id='par_1_5' title="bbox 395 682 2035 750">
     <span class='ocr_line' id='line_1_5' title="bbox 395 682 2035 750; baseline 0.003 -16"><span class='ocrx_word' id='word_1_25' title='bbox 395 687 682 735; x_wconf 85' lang='lat' dir='ltr'>mentum.</span> <span class='ocrx_word' id='word_1_26' title='bbox 719 684 786 738; x_wconf 88' lang='lat' dir='ltr'>Et</span> <span class='ocrx_word' id='word_1_27' title='bbox 837 700 977 738; x_wconf 85' lang='lat' dir='ltr'>sane</span> <span class='ocrx_word' id='word_1_28' title='bbox 1020 684 1302 738; x_wconf 83' lang='lat' dir='ltr'>dixissent</span> <span class='ocrx_word' id='word_1_29' title='bbox 1345 682 1469 738; x_wconf 86' lang='lat' dir='ltr'>illi:</span> <span class='ocrx_word' id='word_1_30' title='bbox 1535 690 1722 750; x_wconf 76' lang='lat' dir='ltr'>Quare</span> <span class='ocrx_word' id='word_1_31' title='bbox 1781 683 2035 739; x_wconf 83' lang='lat' dir='ltr'>Athana-</span> 
     </span>
    </p>
   </div>
   <div class='ocr_carea' id='block_1_6' title="bbox 397 769 2038 844">
    <p class='ocr_par' dir='ltr' id='par_1_6' title="bbox 397 769 2038 844">
     <span class='ocr_line' id='line_1_6' title="bbox 397 769 2038 844; baseline 0.004 -22"><span class='ocrx_word' id='word_1_32' title='bbox 397 769 574 836; x_wconf 91' lang='lat' dir='ltr'>sium,</span> <span class='ocrx_word' id='word_1_33' title='bbox 601 787 773 842; x_wconf 84' lang='lat' dir='ltr'>quem</span> <span class='ocrx_word' id='word_1_34' title='bbox 806 775 926 826; x_wconf 90' lang='lat' dir='ltr'>tute</span> <span class='ocrx_word' id='word_1_35' title='bbox 947 774 1075 842; x_wconf 81' lang='lat' dir='ltr'>jam</span> <span class='ocrx_word' id='word_1_36' title='bbox 1105 773 1384 827; x_wconf 90' lang='lat' dir='ltr'>damnare</span> <span class='ocrx_word' id='word_1_37' title='bbox 1416 773 1735 844; x_wconf 78' lang='lat' dir='ltr'>occupasti.</span> <span class='ocrx_word' id='word_1_38' title='bbox 1787 780 1906 828; x_wconf 89' lang='lat' dir='ltr'>tam</span> <span class='ocrx_word' id='word_1_39' title='bbox 1938 791 2038 828; x_wconf 89' lang='lat' dir='ltr'>na-</span> 
     </span>
    </p>
   </div>
   <div class='ocr_carea' id='block_1_7' title="bbox 396 857 2041 934">
    <p class='ocr_par' dir='ltr' id='par_1_7' title="bbox 396 857 2041 934">
     <span class='ocr_line' id='line_1_7' title="bbox 396 857 2041 934; baseline 0.002 -22"><span class='ocrx_word' id='word_1_40' title='bbox 396 857 546 914; x_wconf 88' lang='lat' dir='ltr'>viter</span> <span class='ocrx_word' id='word_1_41' title='bbox 577 877 730 914; x_wconf 89' lang='lat' dir='ltr'>nunc</span> <span class='ocrx_word' id='word_1_42' title='bbox 763 860 1024 917; x_wconf 87' lang='lat' dir='ltr'>defendis</span> <span class='ocrx_word' id='word_1_43' title='bbox 1041 863 1068 916; x_wconf 81' lang='lat'><strong>?</strong></span> <span class='ocrx_word' id='word_1_44' title='bbox 1090 879 1377 934; x_wconf 83' lang='lat' dir='ltr'>quorsum</span> <span class='ocrx_word' id='word_1_45' title='bbox 1405 861 1607 917; x_wconf 74' lang='lat' dir='ltr'>isthzec</span> <span class='ocrx_word' id='word_1_46' title='bbox 1638 863 1884 917; x_wconf 82' lang='lat' dir='ltr'>mutatio</span> <span class='ocrx_word' id='word_1_47' title='bbox 1920 868 2041 916; x_wconf 92' lang='lat' dir='ltr'>tam</span> 
     </span>
    </p>
   </div>
   <div class='ocr_carea' id='block_1_8' title="bbox 399 948 744 1019">
    <p class='ocr_par' dir='ltr' id='par_1_8' title="bbox 399 948 744 1019">
     <span class='ocr_line' id='line_1_8' title="bbox 399 948 744 1019; baseline 0.003 -17"><span class='ocrx_word' id='word_1_48' title='bbox 399 948 744 1019; x_wconf 88' lang='lat' dir='ltr'>repontina?</span> 
     </span>
    </p>
   </div>
   <div class='ocr_carea' id='block_1_9' title="bbox 384 1037 2042 1111">
    <p class='ocr_par' dir='ltr' id='par_1_9' title="bbox 384 1037 2042 1111">
     <span class='ocr_line' id='line_1_9' title="bbox 384 1037 2042 1111; baseline 0.002 -20"><span class='ocrx_word' id='word_1_49' title='bbox 384 1100 395 1110; x_wconf 50' lang='grc'><em>,</em></span> <span class='ocrx_word' id='word_1_50' title='bbox 471 1037 716 1108; x_wconf 84' lang='lat' dir='ltr'>Reponit</span> <span class='ocrx_word' id='word_1_51' title='bbox 744 1037 1150 1095; x_wconf 91' lang='lat' dir='ltr'>Tillemontius</span> <span class='ocrx_word' id='word_1_52' title='bbox 1181 1042 1256 1111; x_wconf 87' lang='lat' dir='ltr'>(a)</span> <span class='ocrx_word' id='word_1_53' title='bbox 1280 1058 1298 1095; x_wconf 89' lang='lat'><em>:</em></span> <span class='ocrx_word' id='word_1_54' title='bbox 1355 1040 1492 1096; x_wconf 88' lang='lat' dir='ltr'>Eam</span> <span class='ocrx_word' id='word_1_55' title='bbox 1521 1039 1829 1111; x_wconf 86' lang='lat' dir='ltr'>epistolam</span> <span class='ocrx_word' id='word_1_56' title='bbox 1876 1039 2042 1095; x_wconf 89' lang='lat' dir='ltr'>Libe-</span> 
     </span>
    </p>
   </div>
   <div class='ocr_carea' id='block_1_10' title="bbox 401 1124 2044 1196">
    <p class='ocr_par' dir='ltr' id='par_1_10' title="bbox 401 1124 2044 1196">
     <span class='ocr_line' id='line_1_10' title="bbox 401 1124 2044 1196; baseline 0.002 -17"><span class='ocrx_word' id='word_1_57' title='bbox 401 1124 523 1180; x_wconf 85' lang='lat' dir='ltr'>rius</span> <span class='ocrx_word' id='word_1_58' title='bbox 552 1125 612 1180; x_wconf 90' lang='lat' dir='ltr'>in</span> <span class='ocrx_word' id='word_1_59' title='bbox 643 1127 870 1183; x_wconf 91' lang='lat' dir='ltr'>arcanis</span> <span class='ocrx_word' id='word_1_60' title='bbox 900 1129 1124 1196; x_wconf 88' lang='lat' dir='ltr'>habuit,</span> <span class='ocrx_word' id='word_1_61' title='bbox 1158 1146 1264 1185; x_wconf 90' lang='lat' dir='ltr'>nec</span> <span class='ocrx_word' id='word_1_62' title='bbox 1294 1129 1529 1195; x_wconf 91' lang='lat' dir='ltr'>emisit;</span> <span class='ocrx_word' id='word_1_63' title='bbox 1574 1129 1674 1185; x_wconf 91' lang='lat' dir='ltr'>sed</span> <span class='ocrx_word' id='word_1_64' title='bbox 1725 1145 1876 1184; x_wconf 90' lang='lat' dir='ltr'>anno</span> <span class='ocrx_word' id='word_1_65' title='bbox 1910 1134 2044 1183; x_wconf 88' lang='lat' dir='ltr'>tan-</span> 
     </span>
    </p>
   </div>
   <div class='ocr_carea' id='block_1_11' title="bbox 400 1215 2042 1290">
    <p class='ocr_par' dir='ltr' id='par_1_11' title="bbox 400 1215 2042 1290">
     <span class='ocr_line' id='line_1_11' title="bbox 400 1215 2042 1290; baseline 0.002 -22"><span class='ocrx_word' id='word_1_66' title='bbox 400 1219 525 1270; x_wconf 91' lang='lat' dir='ltr'>tum</span> <span class='ocrx_word' id='word_1_67' title='bbox 559 1215 686 1289; x_wconf 75' lang='lat'>357,</span> <span class='ocrx_word' id='word_1_68' title='bbox 719 1223 1031 1290; x_wconf 84' lang='lat' dir='ltr'>postquam</span> <span class='ocrx_word' id='word_1_69' title='bbox 1059 1221 1334 1275; x_wconf 77' lang='lat' dir='ltr'>aerumnis</span> <span class='ocrx_word' id='word_1_70' title='bbox 1367 1220 1586 1275; x_wconf 89' lang='lat' dir='ltr'>fractus</span> <span class='ocrx_word' id='word_1_71' title='bbox 1620 1224 1894 1286; x_wconf 81' lang='lat' dir='ltr'>cesserat,</span> <span class='ocrx_word' id='word_1_72' title='bbox 1957 1217 2042 1289; x_wconf 92' lang='lat' dir='ltr'>ip-</span> 
     </span>
    </p>
   </div>
   <div class='ocr_carea' id='block_1_12' title="bbox 400 1304 2043 1380">
    <p class='ocr_par' dir='ltr' id='par_1_12' title="bbox 400 1304 2043 1380">
     <span class='ocr_line' id='line_1_12' title="bbox 400 1304 2043 1380; baseline 0.001 -21"><span class='ocrx_word' id='word_1_73' title='bbox 400 1321 526 1359; x_wconf 85' lang='lat' dir='ltr'>sam</span> <span class='ocrx_word' id='word_1_74' title='bbox 558 1304 866 1379; x_wconf 89' lang='lat' dir='ltr'>evulgavit.</span> <span class='ocrx_word' id='word_1_75' title='bbox 901 1313 969 1364; x_wconf 84' lang='lat' dir='ltr'>At</span> <span class='ocrx_word' id='word_1_76' title='bbox 1013 1308 1060 1362; x_wconf 89' lang='lat' dir='ltr'>si</span> <span class='ocrx_word' id='word_1_77' title='bbox 1092 1309 1163 1363; x_wconf 92' lang='lat' dir='ltr'>de</span> <span class='ocrx_word' id='word_1_78' title='bbox 1211 1308 1452 1379; x_wconf 91' lang='lat' dir='ltr'>epistola</span> <span class='ocrx_word' id='word_1_79' title='bbox 1485 1312 1714 1362; x_wconf 88' lang='lat' dir='ltr'>tantum</span> <span class='ocrx_word' id='word_1_80' title='bbox 1752 1311 2043 1380; x_wconf 85' lang='lat' dir='ltr'>ageretur,</span> 
     </span>
    </p>
   </div>
   <div class='ocr_carea' id='block_1_13' title="bbox 399 1393 2046 1469">
    <p class='ocr_par' dir='ltr' id='par_1_13' title="bbox 399 1393 2046 1469">
     <span class='ocr_line' id='line_1_13' title="bbox 399 1393 2046 1469; baseline 0.002 -22"><span class='ocrx_word' id='word_1_81' title='bbox 399 1393 491 1448; x_wconf 88' lang='lat' dir='ltr'>vix</span> <span class='ocrx_word' id='word_1_82' title='bbox 523 1412 587 1450; x_wconf 86' lang='lat' dir='ltr'>ac</span> <span class='ocrx_word' id='word_1_83' title='bbox 620 1411 691 1450; x_wconf 90' lang='lat' dir='ltr'>ne</span> <span class='ocrx_word' id='word_1_84' title='bbox 721 1398 813 1450; x_wconf 86' lang='lat' dir='ltr'>vix</span> <span class='ocrx_word' id='word_1_85' title='bbox 841 1397 1079 1469; x_wconf 88' lang='lat' dir='ltr'>quidem</span> <span class='ocrx_word' id='word_1_86' title='bbox 1103 1402 1283 1453; x_wconf 88' lang='lat' dir='ltr'>staret</span> <span class='ocrx_word' id='word_1_87' title='bbox 1312 1397 1453 1452; x_wconf 89' lang='lat' dir='ltr'>illud</span> <span class='ocrx_word' id='word_1_88' title='bbox 1480 1398 1599 1454; x_wconf 84' lang='lat' dir='ltr'>sive</span> <span class='ocrx_word' id='word_1_89' title='bbox 1648 1397 2046 1461; x_wconf 85' lang='lat' dir='ltr'>ratiocinium,</span> 
     </span>
    </p>
   </div>
   <div class='ocr_carea' id='block_1_14' title="bbox 399 1483 2045 1558">
    <p class='ocr_par' dir='ltr' id='par_1_14' title="bbox 399 1483 2045 1558">
     <span class='ocr_line' id='line_1_14' title="bbox 399 1483 2045 1558; baseline 0 -19"><span class='ocrx_word' id='word_1_90' title='bbox 399 1483 521 1539; x_wconf 89' lang='lat' dir='ltr'>sive</span> <span class='ocrx_word' id='word_1_91' title='bbox 578 1491 998 1542; x_wconf 86' lang='lat' dir='ltr'>commentum.</span> <span class='ocrx_word' id='word_1_92' title='bbox 1045 1493 1184 1541; x_wconf 86' lang='lat' dir='ltr'>Cum</span> <span class='ocrx_word' id='word_1_93' title='bbox 1242 1492 1436 1542; x_wconf 90' lang='lat' dir='ltr'>autem</span> <span class='ocrx_word' id='word_1_94' title='bbox 1488 1486 1773 1558; x_wconf 77' lang='lat' dir='ltr'>legatione</span> <span class='ocrx_word' id='word_1_95' title='bbox 1799 1484 2045 1540; x_wconf 88' lang='lat' dir='ltr'>solemni</span> 
     </span>
    </p>
   </div>
   <div class='ocr_carea' id='block_1_15' title="bbox 398 1572 2044 1647">
    <p class='ocr_par' dir='ltr' id='par_1_15' title="bbox 398 1572 2044 1647">
     <span class='ocr_line' id='line_1_15' title="bbox 398 1572 2044 1647; baseline 0.002 -21"><span class='ocrx_word' id='word_1_96' title='bbox 398 1572 581 1628; x_wconf 91' lang='lat' dir='ltr'>trium</span> <span class='ocrx_word' id='word_1_97' title='bbox 633 1575 1106 1646; x_wconf 84' lang='lat' dir='ltr'>presbyterorum</span> <span class='ocrx_word' id='word_1_98' title='bbox 1132 1576 1396 1632; x_wconf 89' lang='lat' dir='ltr'>Liberius</span> <span class='ocrx_word' id='word_1_99' title='bbox 1420 1575 1809 1630; x_wconf 82' lang='lat' dir='ltr'>Athanasium</span> <span class='ocrx_word' id='word_1_100' title='bbox 1833 1575 1902 1630; x_wconf 93' lang='lat' dir='ltr'>ad</span> <span class='ocrx_word' id='word_1_101' title='bbox 1951 1592 2044 1647; x_wconf 83' lang='lat' dir='ltr'>sy-</span> 
     </span>
    </p>
   </div>
   <div class='ocr_carea' id='block_1_16' title="bbox 401 1661 2044 1730">
    <p class='ocr_par' dir='ltr' id='par_1_16' title="bbox 401 1661 2044 1730">
     <span class='ocr_line' id='line_1_16' title="bbox 401 1661 2044 1730; baseline 0.002 -15"><span class='ocrx_word' id='word_1_102' title='bbox 401 1661 620 1716; x_wconf 89' lang='lat' dir='ltr'>nodum</span> <span class='ocrx_word' id='word_1_103' title='bbox 639 1679 910 1720; x_wconf 81' lang='lat' dir='ltr'>evocasse</span> <span class='ocrx_word' id='word_1_104' title='bbox 924 1666 1164 1730; x_wconf 85' lang='lat' dir='ltr'>leratur,</span> <span class='ocrx_word' id='word_1_105' title='bbox 1179 1665 1590 1721; x_wconf 88' lang='lat' dir='ltr'>interminatus</span> <span class='ocrx_word' id='word_1_106' title='bbox 1610 1664 2044 1721; x_wconf 87' lang='lat' dir='ltr'>communionis</span> 
     </span>
    </p>
   </div>
   <div class='ocr_carea' id='block_1_17' title="bbox 400 1751 2046 1822">
    <p class='ocr_par' dir='ltr' id='par_1_17' title="bbox 400 1751 2046 1822">
     <span class='ocr_line' id='line_1_17' title="bbox 400 1751 2046 1822; baseline 0.003 -19"><span class='ocrx_word' id='word_1_107' title='bbox 400 1751 784 1822; x_wconf 87' lang='lat' dir='ltr'>privationem</span> <span class='ocrx_word' id='word_1_108' title='bbox 818 1754 876 1808; x_wconf 91' lang='lat' dir='ltr'>ni</span> <span class='ocrx_word' id='word_1_109' title='bbox 925 1756 1240 1822; x_wconf 85' lang='lat' dir='ltr'>accederet,</span> <span class='ocrx_word' id='word_1_110' title='bbox 1274 1754 1574 1810; x_wconf 84' lang='lat' dir='ltr'>incassum</span> <span class='ocrx_word' id='word_1_111' title='bbox 1625 1753 1778 1809; x_wconf 86' lang='lat' dir='ltr'>inter</span> <span class='ocrx_word' id='word_1_112' title='bbox 1831 1769 2046 1808; x_wconf 76' lang='lat' dir='ltr'>arcana</span> 
     </span>
    </p>
   </div>
   <div class='ocr_carea' id='block_1_18' title="bbox 349 1839 2044 1916">
    <p class='ocr_par' dir='ltr' id='par_1_18' title="bbox 349 1839 2044 1916">
     <span class='ocr_line' id='line_1_18' title="bbox 349 1839 2044 1916; baseline 0.001 -22"><span class='ocrx_word' id='word_1_113' title='bbox 349 1867 354 1873; x_wconf 88' lang='lat'><strong><em>-</em></strong></span> <span class='ocrx_word' id='word_1_114' title='bbox 402 1839 524 1895; x_wconf 69' lang='lat' dir='ltr'>haec</span> <span class='ocrx_word' id='word_1_115' title='bbox 572 1848 909 1913; x_wconf 88' lang='lat' dir='ltr'>computare</span> <span class='ocrx_word' id='word_1_116' title='bbox 941 1844 1173 1916; x_wconf 82' lang='lat' dir='ltr'>satagit.</span> <span class='ocrx_word' id='word_1_117' title='bbox 1200 1843 1432 1900; x_wconf 66' lang='lat' dir='ltr'>Nihilne</span> <span class='ocrx_word' id='word_1_118' title='bbox 1463 1844 1672 1899; x_wconf 90' lang='lat' dir='ltr'>horum</span> <span class='ocrx_word' id='word_1_119' title='bbox 1706 1841 2044 1899; x_wconf 89' lang='lat' dir='ltr'>subodorati</span> 
     </span>
    </p>
   </div>
   <div class='ocr_carea' id='block_1_19' title="bbox 400 1898 2124 2003">
    <p class='ocr_par' dir='ltr' id='par_1_19' title="bbox 400 1898 2124 2003">
     <span class='ocr_line' id='line_1_19' title="bbox 400 1898 2124 2003; baseline 0.001 -19"><span class='ocrx_word' id='word_1_120' title='bbox 400 1930 602 1984; x_wconf 86' lang='lat' dir='ltr'>Ariani</span> <span class='ocrx_word' id='word_1_121' title='bbox 637 1898 892 1986; x_wconf 68' lang='lat' dir='ltr'>fuerint?</span> <span class='ocrx_word' id='word_1_122' title='bbox 947 1934 1032 1987; x_wconf 87' lang='lat' dir='ltr'>An</span> <span class='ocrx_word' id='word_1_123' title='bbox 1064 1898 1214 1988; x_wconf 70' lang='lat' dir='ltr'>inter</span> <span class='ocrx_word' id='word_1_124' title='bbox 1243 1898 1457 1988; x_wconf 80' lang='lat' dir='ltr'>arcana</span> <span class='ocrx_word' id='word_1_125' title='bbox 1486 1898 1606 1989; x_wconf 71' lang='lat' dir='ltr'>haec</span> <span class='ocrx_word' id='word_1_126' title='bbox 1658 1898 1798 1988; x_wconf 88' lang='lat' dir='ltr'>item</span> <span class='ocrx_word' id='word_1_127' title='bbox 1832 1931 2046 2003; x_wconf 82' lang='lat' dir='ltr'>legatio</span> <span class='ocrx_word' id='word_1_128' title='bbox 2081 1898 2124 1962; x_wconf 77' lang='grc' dir='ltr'><strong>Β</strong></span> 
     </span>
    </p>
   </div>
   <div class='ocr_carea' id='block_1_20' title="bbox 401 2019 841 2091">
    <p class='ocr_par' dir='ltr' id='par_1_20' title="bbox 401 2019 841 2091">
     <span class='ocr_line' id='line_1_20' title="bbox 401 2019 841 2091; baseline 0.002 -18"><span class='ocrx_word' id='word_1_129' title='bbox 401 2019 578 2074; x_wconf 87' lang='lat' dir='ltr'>statui</span> <span class='ocrx_word' id='word_1_130' title='bbox 605 2019 841 2091; x_wconf 85' lang='lat' dir='ltr'>possit?</span> 
     </span>
    </p>
   </div>
   <div class='ocr_carea' id='block_1_21' title="bbox 471 2107 2042 2183">
    <p class='ocr_par' dir='ltr' id='par_1_21' title="bbox 471 2107 2042 2183">
     <span class='ocr_line' id='line_1_21' title="bbox 471 2107 2042 2183; baseline 0.003 -24"><span class='ocrx_word' id='word_1_131' title='bbox 471 2107 688 2163; x_wconf 74' lang='lat' dir='ltr'>Verum</span> <span class='ocrx_word' id='word_1_132' title='bbox 721 2109 907 2164; x_wconf 90' lang='lat' dir='ltr'>instar</span> <span class='ocrx_word' id='word_1_133' title='bbox 937 2109 1069 2166; x_wconf 91' lang='lat' dir='ltr'>ille:</span> <span class='ocrx_word' id='word_1_134' title='bbox 1129 2111 1253 2166; x_wconf 89' lang='lat' dir='ltr'>Non</span> <span class='ocrx_word' id='word_1_135' title='bbox 1284 2127 1602 2183; x_wconf 88' lang='lat' dir='ltr'>possumus</span> <span class='ocrx_word' id='word_1_136' title='bbox 1652 2111 1802 2166; x_wconf 91' lang='lat' dir='ltr'>hanc</span> <span class='ocrx_word' id='word_1_137' title='bbox 1828 2109 2042 2182; x_wconf 88' lang='lat' dir='ltr'>episto-</span> 
     </span>
    </p>
   </div>
   <div class='ocr_carea' id='block_1_22' title="bbox 399 2197 2044 2273">
    <p class='ocr_par' dir='ltr' id='par_1_22' title="bbox 399 2197 2044 2273">
     <span class='ocr_line' id='line_1_22' title="bbox 399 2197 2044 2273; baseline 0.001 -22"><span class='ocrx_word' id='word_1_138' title='bbox 399 2197 537 2266; x_wconf 88' lang='lat' dir='ltr'>lam,</span> <span class='ocrx_word' id='word_1_139' title='bbox 573 2203 770 2268; x_wconf 75' lang='lat' dir='ltr'>utpots</span> <span class='ocrx_word' id='word_1_140' title='bbox 812 2199 1202 2254; x_wconf 90' lang='lat' dir='ltr'>intermistam</span> <span class='ocrx_word' id='word_1_141' title='bbox 1251 2200 1382 2255; x_wconf 90' lang='lat' dir='ltr'>aliis</span> <span class='ocrx_word' id='word_1_142' title='bbox 1415 2200 1710 2273; x_wconf 88' lang='lat' dir='ltr'>germanis</span> <span class='ocrx_word' id='word_1_143' title='bbox 1759 2197 2044 2271; x_wconf 89' lang='lat' dir='ltr'>epistolis,</span> 
     </span>
    </p>
   </div>
   <div class='ocr_carea' id='block_1_23' title="bbox 398 2288 2045 2360">
    <p class='ocr_par' dir='ltr' id='par_1_23' title="bbox 398 2288 2045 2360">
     <span class='ocr_line' id='line_1_23' title="bbox 398 2288 2045 2360; baseline -0.001 -18"><span class='ocrx_word' id='word_1_144' title='bbox 398 2304 502 2360; x_wconf 89' lang='lat' dir='ltr'>pro</span> <span class='ocrx_word' id='word_1_145' title='bbox 533 2288 908 2360; x_wconf 89' lang='lat' dir='ltr'>supposititia</span> <span class='ocrx_word' id='word_1_146' title='bbox 939 2289 1168 2344; x_wconf 90' lang='lat' dir='ltr'>habere.</span> <span class='ocrx_word' id='word_1_147' title='bbox 1221 2294 1350 2344; x_wconf 83' lang='lat' dir='ltr'>Haec</span> <span class='ocrx_word' id='word_1_148' title='bbox 1383 2307 1523 2346; x_wconf 83' lang='lat' dir='ltr'>sane</span> <span class='ocrx_word' id='word_1_149' title='bbox 1571 2291 1674 2345; x_wconf 88' lang='lat' dir='ltr'>abs</span> <span class='ocrx_word' id='word_1_150' title='bbox 1707 2305 1766 2344; x_wconf 89' lang='lat' dir='ltr'>re</span> <span class='ocrx_word' id='word_1_151' title='bbox 1797 2289 2045 2343; x_wconf 75' lang='lat' dir='ltr'>afferun-</span> 
     </span>
    </p>
   </div>
   <div class='ocr_carea' id='block_1_24' title="bbox 395 2377 2045 2451">
    <p class='ocr_par' dir='ltr' id='par_1_24' title="bbox 395 2377 2045 2451">
     <span class='ocr_line' id='line_1_24' title="bbox 395 2377 2045 2451; baseline 0.001 -20"><span class='ocrx_word' id='word_1_152' title='bbox 395 2382 528 2445; x_wconf 88' lang='lat' dir='ltr'>tur;</span> <span class='ocrx_word' id='word_1_153' title='bbox 554 2379 931 2449; x_wconf 83' lang='lat' dir='ltr'>supposititia</span> <span class='ocrx_word' id='word_1_154' title='bbox 960 2396 1214 2451; x_wconf 90' lang='lat' dir='ltr'>namque</span> <span class='ocrx_word' id='word_1_155' title='bbox 1244 2380 1395 2435; x_wconf 89' lang='lat' dir='ltr'>veris</span> <span class='ocrx_word' id='word_1_156' title='bbox 1425 2379 1755 2435; x_wconf 89' lang='lat' dir='ltr'>intermista</span> <span class='ocrx_word' id='word_1_157' title='bbox 1783 2377 1892 2433; x_wconf 91' lang='lat' dir='ltr'>hoc</span> <span class='ocrx_word' id='word_1_158' title='bbox 1926 2395 2045 2432; x_wconf 87' lang='lat' dir='ltr'>ma-</span> 
     </span>
    </p>
   </div>
   <div class='ocr_carea' id='block_1_25' title="bbox 395 2465 2042 2539">
    <p class='ocr_par' dir='ltr' id='par_1_25' title="bbox 395 2465 2042 2539">
     <span class='ocr_line' id='line_1_25' title="bbox 395 2465 2042 2539; baseline 0 -19"><span class='ocrx_word' id='word_1_159' title='bbox 395 2465 548 2521; x_wconf 84' lang='lat' dir='ltr'>xime</span> <span class='ocrx_word' id='word_1_160' title='bbox 579 2483 697 2521; x_wconf 68' lang='lat' dir='ltr'>aevo</span> <span class='ocrx_word' id='word_1_161' title='bbox 715 2468 1148 2539; x_wconf 91' lang='lat' dir='ltr'>deprehendere</span> <span class='ocrx_word' id='word_1_162' title='bbox 1162 2467 1571 2538; x_wconf 89' lang='lat' dir='ltr'>noninsolens,</span> <span class='ocrx_word' id='word_1_163' title='bbox 1590 2469 1691 2523; x_wconf 90' lang='lat' dir='ltr'>sed</span> <span class='ocrx_word' id='word_1_164' title='bbox 1723 2467 2042 2522; x_wconf 77' lang='lat' dir='ltr'>admodum</span> 
     </span>
    </p>
   </div>
   <div class='ocr_carea' id='block_1_26' title="bbox 395 2556 2042 2627">
    <p class='ocr_par' dir='ltr' id='par_1_26' title="bbox 395 2556 2042 2627">
     <span class='ocr_line' id='line_1_26' title="bbox 395 2556 2042 2627; baseline 0.001 -18"><span class='ocrx_word' id='word_1_165' title='bbox 395 2556 670 2627; x_wconf 86' lang='lat' dir='ltr'>frequens</span> <span class='ocrx_word' id='word_1_166' title='bbox 700 2561 805 2612; x_wconf 88' lang='lat' dir='ltr'>est.</span> <span class='ocrx_word' id='word_1_167' title='bbox 861 2562 1067 2613; x_wconf 80' lang='lat' dir='ltr'>Annon</span> <span class='ocrx_word' id='word_1_168' title='bbox 1127 2557 1338 2613; x_wconf 91' lang='lat' dir='ltr'>Liberii</span> <span class='ocrx_word' id='word_1_169' title='bbox 1396 2558 1465 2613; x_wconf 91' lang='lat' dir='ltr'>ad</span> <span class='ocrx_word' id='word_1_170' title='bbox 1515 2557 1924 2623; x_wconf 85' lang='lat' dir='ltr'>Athanasium,</span> <span class='ocrx_word' id='word_1_171' title='bbox 1985 2560 2042 2610; x_wconf 92' lang='lat' dir='ltr'>et</span> 
     </span>
    </p>
   </div>
   <div class='ocr_carea' id='block_1_27' title="bbox 392 2645 2043 2719">
    <p class='ocr_par' dir='ltr' id='par_1_27' title="bbox 392 2645 2043 2719">
     <span class='ocr_line' id='line_1_27' title="bbox 392 2645 2043 2719; baseline 0 -20"><span class='ocrx_word' id='word_1_172' title='bbox 392 2645 699 2701; x_wconf 85' lang='lat' dir='ltr'>Athanasii</span> <span class='ocrx_word' id='word_1_173' title='bbox 731 2647 801 2701; x_wconf 91' lang='lat' dir='ltr'>ad</span> <span class='ocrx_word' id='word_1_174' title='bbox 827 2646 1119 2703; x_wconf 86' lang='lat' dir='ltr'>Liberium</span> <span class='ocrx_word' id='word_1_175' title='bbox 1141 2645 1420 2719; x_wconf 69' lang='lat' dir='ltr'>epistolae,</span> <span class='ocrx_word' id='word_1_176' title='bbox 1446 2663 1572 2718; x_wconf 65' lang='lat' dir='ltr'>quae</span> <span class='ocrx_word' id='word_1_177' title='bbox 1606 2664 1640 2701; x_wconf 89' lang='lat' dir='ltr'>a</span> <span class='ocrx_word' id='word_1_178' title='bbox 1665 2645 1867 2701; x_wconf 90' lang='lat' dir='ltr'>multis</span> <span class='ocrx_word' id='word_1_179' title='bbox 1890 2649 2043 2699; x_wconf 86' lang='lat' dir='ltr'>retro</span> 
     </span>
    </p>
   </div>
   <div class='ocr_carea' id='block_1_28' title="bbox 394 2733 2044 2808">
    <p class='ocr_par' dir='ltr' id='par_1_28' title="bbox 394 2733 2044 2808">
     <span class='ocr_line' id='line_1_28' title="bbox 394 2733 2044 2808; baseline -0.002 -18"><span class='ocrx_word' id='word_1_180' title='bbox 394 2734 622 2791; x_wconf 72' lang='lat' dir='ltr'>saaculis</span> <span class='ocrx_word' id='word_1_181' title='bbox 652 2736 1098 2808; x_wconf 86' lang='lat' dir='ltr'>iutergermana</span> <span class='ocrx_word' id='word_1_182' title='bbox 1115 2735 1419 2792; x_wconf 88' lang='lat' dir='ltr'>Athanasii</span> <span class='ocrx_word' id='word_1_183' title='bbox 1445 2751 1621 2806; x_wconf 88' lang='lat' dir='ltr'>opera</span> <span class='ocrx_word' id='word_1_184' title='bbox 1651 2734 1843 2789; x_wconf 94' lang='lat' dir='ltr'>locum</span> <span class='ocrx_word' id='word_1_185' title='bbox 1871 2733 2044 2788; x_wconf 89' lang='lat' dir='ltr'>habe-</span> 
     </span>
    </p>
   </div>
   <div class='ocr_carea' id='block_1_29' title="bbox 394 2821 2043 2897">
    <p class='ocr_par' dir='ltr' id='par_1_29' title="bbox 394 2821 2043 2897">
     <span class='ocr_line' id='line_1_29' title="bbox 394 2821 2043 2897; baseline -0.001 -19"><span class='ocrx_word' id='word_1_186' title='bbox 394 2825 554 2894; x_wconf 84' lang='lat' dir='ltr'>bant,</span> <span class='ocrx_word' id='word_1_187' title='bbox 581 2826 708 2896; x_wconf 89' lang='lat' dir='ltr'>jam</span> <span class='ocrx_word' id='word_1_188' title='bbox 743 2826 928 2882; x_wconf 88' lang='lat' dir='ltr'>cuivis</span> <span class='ocrx_word' id='word_1_189' title='bbox 980 2826 1176 2897; x_wconf 80' lang='lat' dir='ltr'>sagaci</span> <span class='ocrx_word' id='word_1_190' title='bbox 1206 2827 1327 2880; x_wconf 91' lang='lat' dir='ltr'>viro</span> <span class='ocrx_word' id='word_1_191' title='bbox 1375 2841 1478 2896; x_wconf 91' lang='lat' dir='ltr'>pro</span> <span class='ocrx_word' id='word_1_192' title='bbox 1511 2821 1908 2895; x_wconf 90' lang='lat' dir='ltr'>supposititiis</span> <span class='ocrx_word' id='word_1_193' title='bbox 1940 2821 2043 2876; x_wconf 87' lang='lat' dir='ltr'>ha-</span> 
     </span>
    </p>
   </div>
   <div class='ocr_carea' id='block_1_30' title="bbox 394 2910 2046 2983">
    <p class='ocr_par' dir='ltr' id='par_1_30' title="bbox 394 2910 2046 2983">
     <span class='ocr_line' id='line_1_30' title="bbox 394 2910 2046 2983; baseline -0.003 -14"><span class='ocrx_word' id='word_1_194' title='bbox 394 2915 650 2970; x_wconf 83' lang='lat' dir='ltr'>bentur?</span> <span class='ocrx_word' id='word_1_195' title='bbox 677 2918 905 2983; x_wconf 85' lang='lat' dir='ltr'>Annon,</span> <span class='ocrx_word' id='word_1_196' title='bbox 939 2920 1004 2972; x_wconf 88' lang='lat' dir='ltr'>ut</span> <span class='ocrx_word' id='word_1_197' title='bbox 1034 2915 1210 2970; x_wconf 91' lang='lat' dir='ltr'>habet</span> <span class='ocrx_word' id='word_1_198' title='bbox 1232 2913 1590 2968; x_wconf 85' lang='lat' dir='ltr'>Athanasius</span> <span class='ocrx_word' id='word_1_199' title='bbox 1621 2912 1678 2966; x_wconf 91' lang='lat' dir='ltr'>in</span> <span class='ocrx_word' id='word_1_200' title='bbox 1695 2912 1951 2983; x_wconf 76' lang='lat' dir='ltr'>Apologia</span> <span class='ocrx_word' id='word_1_201' title='bbox 1976 2910 2046 2965; x_wconf 83' lang='lat' dir='ltr'>ad</span> 
     </span>
    </p>
   </div>
   <div class='ocr_carea' id='block_1_31' title="bbox 396 3000 2042 3076">
    <p class='ocr_par' dir='ltr' id='par_1_31' title="bbox 396 3000 2042 3076">
     <span class='ocr_line' id='line_1_31' title="bbox 396 3000 2042 3076; baseline -0.001 -19"><span class='ocrx_word' id='word_1_202' title='bbox 396 3002 795 3076; x_wconf 83' lang='lat' dir='ltr'>Constqntium,</span> <span class='ocrx_word' id='word_1_203' title='bbox 810 3005 1028 3075; x_wconf 86' lang='lat' dir='ltr'>Ariani,</span> <span class='ocrx_word' id='word_1_204' title='bbox 1056 3020 1169 3058; x_wconf 93' lang='lat' dir='ltr'>non</span> <span class='ocrx_word' id='word_1_205' title='bbox 1195 3003 1365 3058; x_wconf 92' lang='lat' dir='ltr'>modo</span> <span class='ocrx_word' id='word_1_206' title='bbox 1387 3001 1690 3057; x_wconf 80' lang='lat' dir='ltr'>Athanasii</span> <span class='ocrx_word' id='word_1_207' title='bbox 1713 3006 1770 3056; x_wconf 88' lang='lat' dir='ltr'>et</span> <span class='ocrx_word' id='word_1_208' title='bbox 1793 3000 2042 3072; x_wconf 85' lang='lat' dir='ltr'>parium,</span> 
     </span>
    </p>
   </div>
   <div class='ocr_carea' id='block_1_32' title="bbox 395 3090 2046 3167">
    <p class='ocr_par' dir='ltr' id='par_1_32' title="bbox 395 3090 2046 3167">
     <span class='ocr_line' id='line_1_32' title="bbox 395 3090 2046 3167; baseline -0.002 -17"><span class='ocrx_word' id='word_1_209' title='bbox 395 3095 493 3150; x_wconf 91' lang='lat' dir='ltr'>sed</span> <span class='ocrx_word' id='word_1_210' title='bbox 527 3094 703 3150; x_wconf 88' lang='lat' dir='ltr'>etiam</span> <span class='ocrx_word' id='word_1_211' title='bbox 734 3095 1154 3167; x_wconf 90' lang='lat' dir='ltr'>imperatorum</span> <span class='ocrx_word' id='word_1_212' title='bbox 1186 3092 1426 3148; x_wconf 89' lang='lat' dir='ltr'>nomine</span> <span class='ocrx_word' id='word_1_213' title='bbox 1449 3090 1724 3163; x_wconf 85' lang='lat' dir='ltr'>epistolas</span> <span class='ocrx_word' id='word_1_214' title='bbox 1747 3091 2046 3164; x_wconf 86' lang='lat' dir='ltr'>confinge-</span> 
     </span>
    </p>
   </div>
   <div class='ocr_carea' id='block_1_33' title="bbox 395 3180 2047 3255">
    <p class='ocr_par' dir='ltr' id='par_1_33' title="bbox 395 3180 2047 3255">
     <span class='ocr_line' id='line_1_33' title="bbox 395 3180 2047 3255; baseline -0.001 -16"><span class='ocrx_word' id='word_1_215' title='bbox 395 3184 574 3239; x_wconf 88' lang='lat' dir='ltr'>bant:</span> <span class='ocrx_word' id='word_1_216' title='bbox 609 3183 748 3255; x_wconf 89' lang='lat' dir='ltr'>quid</span> <span class='ocrx_word' id='word_1_217' title='bbox 774 3188 929 3239; x_wconf 86' lang='lat' dir='ltr'>vetat</span> <span class='ocrx_word' id='word_1_218' title='bbox 957 3187 1013 3238; x_wconf 91' lang='lat' dir='ltr'>et</span> <span class='ocrx_word' id='word_1_219' title='bbox 1041 3183 1192 3239; x_wconf 89' lang='lat' dir='ltr'>hanc</span> <span class='ocrx_word' id='word_1_220' title='bbox 1221 3181 1360 3236; x_wconf 90' lang='lat' dir='ltr'>item</span> <span class='ocrx_word' id='word_1_221' title='bbox 1384 3181 1689 3237; x_wconf 86' lang='lat' dir='ltr'>conﬁctam</span> <span class='ocrx_word' id='word_1_222' title='bbox 1723 3182 1794 3237; x_wconf 89' lang='lat' dir='ltr'>ab</span> <span class='ocrx_word' id='word_1_223' title='bbox 1819 3180 2047 3238; x_wconf 81' lang='lat' dir='ltr'>Arianis</span> 
     </span>
    </p>
   </div>
   <div class='ocr_carea' id='block_1_34' title="bbox 396 3277 626 3333">
    <p class='ocr_par' dir='ltr' id='par_1_34' title="bbox 396 3277 626 3333">
     <span class='ocr_line' id='line_1_34' title="bbox 396 3277 626 3333; baseline -0.004 -2"><span class='ocrx_word' id='word_1_224' title='bbox 396 3277 577 3333; x_wconf 89' lang='lat' dir='ltr'>fuisse</span> <span class='ocrx_word' id='word_1_225' title='bbox 598 3277 626 3330; x_wconf 62' lang='grc' dir='ltr'>εἶ</span> 
     </span>
    </p>
   </div>
   <div class='ocr_carea' id='block_1_35' title="bbox 467 3361 2042 3439">
    <p class='ocr_par' dir='ltr' id='par_1_35' title="bbox 467 3361 2042 3439">
     <span class='ocr_line' id='line_1_35' title="bbox 467 3361 2042 3439; baseline -0.004 -15"><span class='ocrx_word' id='word_1_226' title='bbox 467 3369 627 3433; x_wconf 90' lang='lat' dir='ltr'>Quod</span> <span class='ocrx_word' id='word_1_227' title='bbox 669 3369 740 3423; x_wconf 88' lang='lat' dir='ltr'>ad</span> <span class='ocrx_word' id='word_1_228' title='bbox 781 3365 1172 3439; x_wconf 88' lang='lat' dir='ltr'>Appendicem</span> <span class='ocrx_word' id='word_1_229' title='bbox 1232 3362 1435 3418; x_wconf 81' lang='lat' dir='ltr'>Hilarii</span> <span class='ocrx_word' id='word_1_230' title='bbox 1493 3367 1737 3434; x_wconf 87' lang='lat' dir='ltr'>spectat,</span> <span class='ocrx_word' id='word_1_231' title='bbox 1786 3363 1894 3417; x_wconf 89' lang='lat' dir='ltr'>etsi</span> <span class='ocrx_word' id='word_1_232' title='bbox 1939 3361 2042 3417; x_wconf 91' lang='lat' dir='ltr'>illa</span> 
     </span>
    </p>
   </div>
   <div class='ocr_carea' id='block_1_36' title="bbox 393 3453 2036 3529">
    <p class='ocr_par' dir='ltr' id='par_1_36' title="bbox 393 3453 2036 3529">
     <span class='ocr_line' id='line_1_36' title="bbox 393 3453 2036 3529; baseline -0.005 -14"><span class='ocrx_word' id='word_1_233' title='bbox 393 3460 710 3515; x_wconf 89' lang='lat' dir='ltr'>admodum</span> <span class='ocrx_word' id='word_1_234' title='bbox 744 3455 1018 3529; x_wconf 88' lang='lat' dir='ltr'>perplexa</span> <span class='ocrx_word' id='word_1_235' title='bbox 1066 3455 1158 3525; x_wconf 80' lang='lat' dir='ltr'>sit,</span> <span class='ocrx_word' id='word_1_236' title='bbox 1193 3471 1257 3509; x_wconf 91' lang='lat' dir='ltr'>ac</span> <span class='ocrx_word' id='word_1_237' title='bbox 1313 3453 1516 3508; x_wconf 89' lang='lat' dir='ltr'>vitiata</span> <span class='ocrx_word' id='word_1_238' title='bbox 1571 3453 2036 3519; x_wconf 89' lang='lat' dir='ltr'>circumferatur,</span> 
     </span>
    </p>
   </div>
   <div class='ocr_carea' id='block_1_37' title="bbox 388 3541 2039 3616">
    <p class='ocr_par' dir='ltr' id='par_1_37' title="bbox 388 3541 2039 3616">
     <span class='ocr_line' id='line_1_37' title="bbox 388 3541 2039 3616; baseline -0.004 -14"><span class='ocrx_word' id='word_1_239' title='bbox 388 3547 616 3603; x_wconf 90' lang='lat' dir='ltr'>videtur</span> <span class='ocrx_word' id='word_1_240' title='bbox 644 3550 843 3600; x_wconf 88' lang='lat' dir='ltr'>tamen</span> <span class='ocrx_word' id='word_1_241' title='bbox 871 3542 1159 3616; x_wconf 78' lang='grc' dir='ltr'>εἷ’ρωνικὼς</span> <span class='ocrx_word' id='word_1_242' title='bbox 1194 3542 1310 3608; x_wconf 93' lang='lat' dir='ltr'>ille,</span> <span class='ocrx_word' id='word_1_243' title='bbox 1341 3546 1624 3612; x_wconf 87' lang='lat' dir='ltr'>tanquam</span> <span class='ocrx_word' id='word_1_244' title='bbox 1648 3541 1718 3596; x_wconf 92' lang='lat' dir='ltr'>de</span> <span class='ocrx_word' id='word_1_245' title='bbox 1748 3557 1807 3596; x_wconf 90' lang='lat' dir='ltr'>rc</span> <span class='ocrx_word' id='word_1_246' title='bbox 1837 3557 2039 3611; x_wconf 90' lang='lat' dir='ltr'>suspe-</span> 
     </span>
    </p>
   </div>
   <div class='ocr_carea' id='block_1_38' title="bbox 391 3630 2035 3702">
    <p class='ocr_par' dir='ltr' id='par_1_38' title="bbox 391 3630 2035 3702">
     <span class='ocr_line' id='line_1_38' title="bbox 391 3630 2035 3702; baseline -0.004 -12"><span class='ocrx_word' id='word_1_247' title='bbox 391 3641 483 3691; x_wconf 90' lang='lat' dir='ltr'>cta</span> <span class='ocrx_word' id='word_1_248' title='bbox 512 3636 727 3702; x_wconf 89' lang='lat' dir='ltr'>dicere,</span> <span class='ocrx_word' id='word_1_249' title='bbox 759 3633 900 3701; x_wconf 82' lang='lat' dir='ltr'>Quid</span> <span class='ocrx_word' id='word_1_250' title='bbox 926 3633 984 3687; x_wconf 90' lang='lat' dir='ltr'>in</span> <span class='ocrx_word' id='word_1_251' title='bbox 1016 3633 1102 3688; x_wconf 91' lang='lat' dir='ltr'>his</span> <span class='ocrx_word' id='word_1_252' title='bbox 1133 3633 1338 3687; x_wconf 75' lang='lat' dir='ltr'>litteris</span> <span class='ocrx_word' id='word_1_253' title='bbox 1366 3647 1474 3686; x_wconf 86' lang='lat' dir='ltr'>non</span> <span class='ocrx_word' id='word_1_254' title='bbox 1522 3632 1872 3686; x_wconf 79' lang='lat' dir='ltr'>sanctitatis?</span> <span class='ocrx_word' id='word_1_255' title='bbox 1904 3630 2035 3701; x_wconf 83' lang='lat' dir='ltr'>quid</span> 
     </span>
    </p>
   </div>
   <div class='ocr_carea' id='block_1_39' title="bbox 385 3719 2033 3791">
    <p class='ocr_par' dir='ltr' id='par_1_39' title="bbox 385 3719 2033 3791">
     <span class='ocr_line' id='line_1_39' title="bbox 385 3719 2033 3791; baseline -0.004 -12"><span class='ocrx_word' id='word_1_256' title='bbox 385 3743 498 3780; x_wconf 87' lang='lat' dir='ltr'>non</span> <span class='ocrx_word' id='word_1_257' title='bbox 543 3741 612 3779; x_wconf 74' lang='lat' dir='ltr'>ex</span> <span class='ocrx_word' id='word_1_258' title='bbox 657 3726 804 3778; x_wconf 86' lang='lat' dir='ltr'>metu</span> <span class='ocrx_word' id='word_1_259' title='bbox 835 3724 936 3778; x_wconf 86' lang='lat' dir='ltr'>Dei</span> <span class='ocrx_word' id='word_1_260' title='bbox 990 3726 1240 3778; x_wconf 83' lang='lat' dir='ltr'>eveniens</span> <span class='ocrx_word' id='word_1_261' title='bbox 1269 3722 1383 3778; x_wconf 82' lang='lat' dir='ltr'>est?</span> <span class='ocrx_word' id='word_1_262' title='bbox 1411 3721 1556 3775; x_wconf 90' lang='lat' dir='ltr'>Nam</span> <span class='ocrx_word' id='word_1_263' title='bbox 1607 3720 1882 3784; x_wconf 86' lang='lat' dir='ltr'>Hilarius,</span> <span class='ocrx_word' id='word_1_264' title='bbox 1931 3719 2033 3791; x_wconf 89' lang='lat' dir='ltr'>qui</span> 
     </span>
    </p>
   </div>
   <div class='ocr_carea' id='block_1_40' title="bbox 388 3809 2032 3886">
    <p class='ocr_par' dir='ltr' id='par_1_40' title="bbox 388 3809 2032 3886">
     <span class='ocr_line' id='line_1_40' title="bbox 388 3809 2032 3886; baseline -0.005 -16"><span class='ocrx_word' id='word_1_265' title='bbox 388 3831 692 3886; x_wconf 88' lang='lat' dir='ltr'>nunquam</span> <span class='ocrx_word' id='word_1_266' title='bbox 725 3813 1047 3870; x_wconf 84' lang='lat' dir='ltr'>Athanasio</span> <span class='ocrx_word' id='word_1_267' title='bbox 1078 3817 1134 3868; x_wconf 95' lang='lat' dir='ltr'>et</span> <span class='ocrx_word' id='word_1_268' title='bbox 1152 3811 1283 3867; x_wconf 82' lang='lat' dir='ltr'>fidei</span> <span class='ocrx_word' id='word_1_269' title='bbox 1305 3811 1634 3866; x_wconf 75' lang='lat' dir='ltr'>orthodoxae</span> <span class='ocrx_word' id='word_1_270' title='bbox 1657 3809 1861 3876; x_wconf 79' lang='lat' dir='ltr'>defuit,</span> <span class='ocrx_word' id='word_1_271' title='bbox 1886 3809 2032 3863; x_wconf 90' lang='lat' dir='ltr'>nihil</span> 
     </span>
    </p>
   </div>
   <div class='ocr_carea' id='block_1_41' title="bbox 387 3897 2031 3973">
    <p class='ocr_par' dir='ltr' id='par_1_41' title="bbox 387 3897 2031 3973">
     <span class='ocr_line' id='line_1_41' title="bbox 387 3897 2031 3973; baseline -0.004 -13"><span class='ocrx_word' id='word_1_272' title='bbox 387 3902 712 3960; x_wconf 89' lang='lat' dir='ltr'>sanctitatis</span> <span class='ocrx_word' id='word_1_273' title='bbox 743 3903 798 3958; x_wconf 88' lang='lat' dir='ltr'>in</span> <span class='ocrx_word' id='word_1_274' title='bbox 832 3902 993 3958; x_wconf 89' lang='lat' dir='ltr'>hisce</span> <span class='ocrx_word' id='word_1_275' title='bbox 1022 3901 1233 3958; x_wconf 88' lang='lat' dir='ltr'>litteris</span> <span class='ocrx_word' id='word_1_276' title='bbox 1263 3899 1694 3973; x_wconf 89' lang='lat' dir='ltr'>deprehendere</span> <span class='ocrx_word' id='word_1_277' title='bbox 1727 3897 1934 3970; x_wconf 89' lang='lat' dir='ltr'>potuit.</span> <span class='ocrx_word' id='word_1_278' title='bbox 1969 3897 2031 3953; x_wconf 90' lang='lat' dir='ltr'>In</span> 
     </span>
    </p>
   </div>
   <div class='ocr_carea' id='block_1_42' title="bbox 385 3987 2031 4064">
    <p class='ocr_par' dir='ltr' id='par_1_42' title="bbox 385 3987 2031 4064">
     <span class='ocr_line' id='line_1_42' title="bbox 385 3987 2031 4064; baseline -0.004 -16"><span class='ocrx_word' id='word_1_279' title='bbox 385 3993 886 4064; x_wconf 88' lang='lat' dir='ltr'>subsequentibus</span> <span class='ocrx_word' id='word_1_280' title='bbox 909 3996 1103 4047; x_wconf 91' lang='lat' dir='ltr'>autem</span> <span class='ocrx_word' id='word_1_281' title='bbox 1136 3991 1376 4057; x_wconf 88' lang='lat' dir='ltr'>indicat,</span> <span class='ocrx_word' id='word_1_282' title='bbox 1410 3988 1763 4053; x_wconf 87' lang='lat' dir='ltr'>Potamium,</span> <span class='ocrx_word' id='word_1_283' title='bbox 1800 3987 2031 4058; x_wconf 62' lang='lat' dir='ltr'>Epicteo</span> 
     </span>
    </p>
   </div>
   <div class='ocr_carea' id='block_1_43' title="bbox 383 4076 2028 4151">
    <p class='ocr_par' dir='ltr' id='par_1_43' title="bbox 383 4076 2028 4151">
     <span class='ocr_line' id='line_1_43' title="bbox 383 4076 2028 4151; baseline -0.005 -14"><span class='ocrx_word' id='word_1_284' title='bbox 383 4088 512 4137; x_wconf 91' lang='lat' dir='ltr'>tum</span> <span class='ocrx_word' id='word_1_285' title='bbox 555 4086 611 4137; x_wconf 92' lang='lat' dir='ltr'>et</span> <span class='ocrx_word' id='word_1_286' title='bbox 667 4083 1170 4149; x_wconf 87' lang='lat' dir='ltr'>Fortunatianum,</span> <span class='ocrx_word' id='word_1_287' title='bbox 1230 4077 1539 4151; x_wconf 90' lang='lat' dir='ltr'>epistolam</span> <span class='ocrx_word' id='word_1_288' title='bbox 1594 4076 1757 4131; x_wconf 84' lang='lat' dir='ltr'>illam</span> <span class='ocrx_word' id='word_1_289' title='bbox 1818 4076 2028 4130; x_wconf 90' lang='lat' dir='ltr'>Liberii</span> 
     </span>
    </p>
   </div>
   <div class='ocr_carea' id='block_1_44' title="bbox 386 4166 2031 4243">
    <p class='ocr_par' dir='ltr' id='par_1_44' title="bbox 386 4166 2031 4243">
     <span class='ocr_line' id='line_1_44' title="bbox 386 4166 2031 4243; baseline -0.003 -17"><span class='ocrx_word' id='word_1_290' title='bbox 386 4171 702 4243; x_wconf 87' lang='lat' dir='ltr'>respuisse.</span> <span class='ocrx_word' id='word_1_291' title='bbox 737 4171 954 4227; x_wconf 90' lang='lat' dir='ltr'>Verum</span> <span class='ocrx_word' id='word_1_292' title='bbox 986 4170 1107 4226; x_wconf 78' lang='lat' dir='ltr'>haec</span> <span class='ocrx_word' id='word_1_293' title='bbox 1142 4170 1286 4225; x_wconf 90' lang='lat' dir='ltr'>adeo</span> <span class='ocrx_word' id='word_1_294' title='bbox 1333 4167 1603 4222; x_wconf 89' lang='lat' dir='ltr'>intricata</span> <span class='ocrx_word' id='word_1_295' title='bbox 1635 4170 1793 4224; x_wconf 88' lang='lat' dir='ltr'>sunt.</span> <span class='ocrx_word' id='word_1_296' title='bbox 1847 4171 1910 4221; x_wconf 92' lang='lat' dir='ltr'>ut</span> <span class='ocrx_word' id='word_1_297' title='bbox 1939 4166 2031 4221; x_wconf 87' lang='lat' dir='ltr'>vix</span> 
     </span>
    </p>
   </div>
   <div class='ocr_carea' id='block_1_45' title="bbox 387 4255 2029 4334">
    <p class='ocr_par' dir='ltr' id='par_1_45' title="bbox 387 4255 2029 4334">
     <span class='ocr_line' id='line_1_45' title="bbox 387 4255 2029 4334; baseline -0.005 -16"><span class='ocrx_word' id='word_1_298' title='bbox 387 4265 585 4334; x_wconf 88' lang='lat' dir='ltr'>aptam</span> <span class='ocrx_word' id='word_1_299' title='bbox 617 4261 968 4318; x_wconf 88' lang='lat' dir='ltr'>sententiam</span> <span class='ocrx_word' id='word_1_300' title='bbox 991 4258 1275 4331; x_wconf 83' lang='lat' dir='ltr'>expiscari</span> <span class='ocrx_word' id='word_1_301' title='bbox 1307 4256 1518 4330; x_wconf 88' lang='lat' dir='ltr'>possis.</span> <span class='ocrx_word' id='word_1_302' title='bbox 1553 4255 1664 4311; x_wconf 89' lang='lat' dir='ltr'>Sed</span> <span class='ocrx_word' id='word_1_303' title='bbox 1690 4256 1834 4311; x_wconf 85' lang='lat' dir='ltr'>satis</span> <span class='ocrx_word' id='word_1_304' title='bbox 1857 4260 2029 4310; x_wconf 90' lang='lat' dir='ltr'>sunto</span> 
     </span>
    </p>
   </div>
   <div class='ocr_carea' id='block_1_46' title="bbox 385 4345 1644 4424">
    <p class='ocr_par' dir='ltr' id='par_1_46' title="bbox 385 4345 1644 4424">
     <span class='ocr_line' id='line_1_46' title="bbox 385 4345 1644 4424; baseline -0.003 -18"><span class='ocrx_word' id='word_1_305' title='bbox 385 4369 512 4424; x_wconf 66' lang='lat' dir='ltr'>quis</span> <span class='ocrx_word' id='word_1_306' title='bbox 544 4353 615 4408; x_wconf 91' lang='lat' dir='ltr'>de</span> <span class='ocrx_word' id='word_1_307' title='bbox 643 4351 853 4407; x_wconf 90' lang='lat' dir='ltr'>Liberii</span> <span class='ocrx_word' id='word_1_308' title='bbox 879 4349 1137 4423; x_wconf 71' lang='lat' dir='ltr'>epistolas</span> <span class='ocrx_word' id='word_1_309' title='bbox 1167 4345 1340 4416; x_wconf 79' lang='grc' dir='ltr'>νοθείᾳ</span> <span class='ocrx_word' id='word_1_310' title='bbox 1367 4347 1644 4402; x_wconf 89' lang='lat' dir='ltr'>diximus.</span> 
     </span>
    </p>
   </div>
   <div class='ocr_carea' id='block_1_47' title="bbox 839 4490 1561 4551">
    <p class='ocr_par' dir='ltr' id='par_1_47' title="bbox 839 4490 1561 4551">
     <span class='ocr_line' id='line_1_47' title="bbox 839 4490 1561 4551; baseline -0.006 -2"><span class='ocrx_word' id='word_1_311' title='bbox 839 4490 1382 4551; x_wconf 80' lang='lat' dir='ltr'>ANIMADVERSIO</span> <span class='ocrx_word' id='word_1_312' title='bbox 1422 4491 1561 4546; x_wconf 81' lang='lat' dir='ltr'>XXI.</span> 
     </span>
    </p>
   </div>
   <div class='ocr_carea' id='block_1_48' title="bbox 563 4599 1845 4675">
    <p class='ocr_par' dir='ltr' id='par_1_48' title="bbox 563 4599 1845 4675">
     <span class='ocr_line' id='line_1_48' title="bbox 563 4599 1845 4675; baseline -0.004 -16"><span class='ocrx_word' id='word_1_313' title='bbox 563 4609 644 4659; x_wconf 77' lang='lat' dir='ltr'>An</span> <span class='ocrx_word' id='word_1_314' title='bbox 673 4604 901 4675; x_wconf 86' lang='lat' dir='ltr'>epistola</span> <span class='ocrx_word' id='word_1_315' title='bbox 933 4601 1196 4657; x_wconf 87' lang='lat' dir='ltr'>catholica</span> <span class='ocrx_word' id='word_1_316' title='bbox 1225 4599 1519 4655; x_wconf 75' lang='lat' dir='ltr'>Athanasii</span> <span class='ocrx_word' id='word_1_317' title='bbox 1538 4601 1626 4665; x_wconf 83' lang='lat' dir='ltr'>sit,</span> <span class='ocrx_word' id='word_1_318' title='bbox 1658 4615 1845 4654; x_wconf 84' lang='lat' dir='ltr'>necne.</span> 
     </span>
    </p>
   </div>
   <div class='ocr_carea' id='block_1_49' title="bbox 453 4723 2024 4800">
    <p class='ocr_par' dir='ltr' id='par_1_49' title="bbox 453 4723 2024 4800">
     <span class='ocr_line' id='line_1_49' title="bbox 453 4723 2024 4800; baseline -0.004 -13"><span class='ocrx_word' id='word_1_319' title='bbox 453 4732 577 4787; x_wconf 91' lang='lat' dir='ltr'>Non</span> <span class='ocrx_word' id='word_1_320' title='bbox 612 4746 829 4800; x_wconf 89' lang='lat' dir='ltr'>paucas</span> <span class='ocrx_word' id='word_1_321' title='bbox 874 4728 930 4783; x_wconf 93' lang='lat' dir='ltr'>in</span> <span class='ocrx_word' id='word_1_322' title='bbox 976 4727 1082 4782; x_wconf 87' lang='lat' dir='ltr'>hac</span> <span class='ocrx_word' id='word_1_323' title='bbox 1115 4724 1362 4797; x_wconf 89' lang='lat' dir='ltr'>epistola</span> <span class='ocrx_word' id='word_1_324' title='bbox 1394 4723 1826 4796; x_wconf 83' lang='lat' dir='ltr'>peregrinitatis</span> <span class='ocrx_word' id='word_1_325' title='bbox 1856 4728 2024 4780; x_wconf 88' lang='lat' dir='ltr'>notas</span> 
     </span>
    </p>
   </div>
   <div class='ocr_carea' id='block_1_50' title="bbox 379 4813 2027 4893">
    <p class='ocr_par' dir='ltr' id='par_1_50' title="bbox 379 4813 2027 4893">
     <span class='ocr_line' id='line_1_50' title="bbox 379 4813 2027 4893; baseline -0.004 -18"><span class='ocrx_word' id='word_1_326' title='bbox 379 4820 907 4893; x_wconf 87' lang='lat' dir='ltr'>deprehendimus;</span> <span class='ocrx_word' id='word_1_327' title='bbox 971 4817 1076 4873; x_wconf 93' lang='lat' dir='ltr'>etsi</span> <span class='ocrx_word' id='word_1_328' title='bbox 1112 4815 1210 4870; x_wconf 88' lang='lat' dir='ltr'>illa</span> <span class='ocrx_word' id='word_1_329' title='bbox 1269 4815 1412 4869; x_wconf 88' lang='lat' dir='ltr'>adeo</span> <span class='ocrx_word' id='word_1_330' title='bbox 1443 4814 1634 4869; x_wconf 86' lang='lat' dir='ltr'>brevis</span> <span class='ocrx_word' id='word_1_331' title='bbox 1683 4813 1779 4880; x_wconf 88' lang='lat' dir='ltr'>sit,</span> <span class='ocrx_word' id='word_1_332' title='bbox 1837 4814 1930 4868; x_wconf 88' lang='lat' dir='ltr'>vix</span> <span class='ocrx_word' id='word_1_333' title='bbox 1962 4819 2027 4869; x_wconf 92' lang='lat' dir='ltr'>ut</span> 
     </span>
    </p>
   </div>
   <div class='ocr_carea' id='block_1_51' title="bbox 377 4903 2026 4982">
    <p class='ocr_par' dir='ltr' id='par_1_51' title="bbox 377 4903 2026 4982">
     <span class='ocr_line' id='line_1_51' title="bbox 377 4903 2026 4982; baseline -0.005 -16"><span class='ocrx_word' id='word_1_334' title='bbox 377 4910 664 4982; x_wconf 83' lang='lat' dir='ltr'>pagellam</span> <span class='ocrx_word' id='word_1_335' title='bbox 691 4907 954 4964; x_wconf 90' lang='lat' dir='ltr'>absolvat</span> <span class='ocrx_word' id='word_1_336' title='bbox 997 4907 1058 4960; x_wconf 90' lang='lat' dir='ltr'>In</span> <span class='ocrx_word' id='word_1_337' title='bbox 1080 4906 1206 4977; x_wconf 89' lang='lat' dir='ltr'>ipso</span> <span class='ocrx_word' id='word_1_338' title='bbox 1230 4903 1629 4976; x_wconf 80' lang='lat' dir='ltr'>quippetitulo</span> <span class='ocrx_word' id='word_1_339' title='bbox 1650 4919 1756 4957; x_wconf 85' lang='lat' dir='ltr'>vox</span> <span class='ocrx_word' id='word_1_340' title='bbox 1778 4903 2026 4975; x_wconf 91' lang='lat' dir='ltr'>epistola</span> 
     </span>
    </p>
   </div>
   <div class='ocr_carea' id='block_1_52' title="bbox 375 4992 2023 5065">
    <p class='ocr_par' dir='ltr' id='par_1_52' title="bbox 375 4992 2023 5065">
     <span class='ocr_line' id='line_1_52' title="bbox 375 4992 2023 5065; baseline -0.004 -11"><span class='ocrx_word' id='word_1_341' title='bbox 375 4999 661 5055; x_wconf 81' lang='lat' dir='ltr'>catholica</span> <span class='ocrx_word' id='word_1_342' title='bbox 703 4999 784 5054; x_wconf 91' lang='lat' dir='ltr'>ita</span> <span class='ocrx_word' id='word_1_343' title='bbox 826 4995 1086 5052; x_wconf 87' lang='lat' dir='ltr'>insolens</span> <span class='ocrx_word' id='word_1_344' title='bbox 1114 4994 1363 5058; x_wconf 90' lang='lat' dir='ltr'>videtur,</span> <span class='ocrx_word' id='word_1_345' title='bbox 1398 4997 1462 5047; x_wconf 89' lang='lat' dir='ltr'>ut</span> <span class='ocrx_word' id='word_1_346' title='bbox 1505 4992 1680 5048; x_wconf 89' lang='lat' dir='ltr'>mirer</span> <span class='ocrx_word' id='word_1_347' title='bbox 1710 4993 1756 5047; x_wconf 93' lang='lat' dir='ltr'>si</span> <span class='ocrx_word' id='word_1_348' title='bbox 1791 4993 2023 5065; x_wconf 87' lang='lat' dir='ltr'>uspiam</span> 
     </span>
    </p>
   </div>
   <div class='ocr_carea' id='block_1_53' title="bbox 376 5081 2025 5162">
    <p class='ocr_par' dir='ltr' id='par_1_53' title="bbox 376 5081 2025 5162">
     <span class='ocr_line' id='line_1_53' title="bbox 376 5081 2025 5162; baseline -0.005 -17"><span class='ocrx_word' id='word_1_349' title='bbox 376 5091 527 5162; x_wconf 89' lang='lat' dir='ltr'>apud</span> <span class='ocrx_word' id='word_1_350' title='bbox 561 5089 760 5143; x_wconf 84' lang='lat' dir='ltr'>Patres</span> <span class='ocrx_word' id='word_1_351' title='bbox 820 5089 1163 5156; x_wconf 86' lang='lat' dir='ltr'>usurpatam</span> <span class='ocrx_word' id='word_1_352' title='bbox 1215 5083 1507 5154; x_wconf 89' lang='lat' dir='ltr'>reperias:</span> <span class='ocrx_word' id='word_1_353' title='bbox 1571 5081 1863 5153; x_wconf 82' lang='lat' dir='ltr'>siquidem</span> <span class='ocrx_word' id='word_1_354' title='bbox 1904 5082 2025 5138; x_wconf 56' lang='lat' dir='ltr'>hac</span> 
     </span>
    </p>
   </div>
   <div class='ocr_carea' id='block_1_54' title="bbox 373 5171 2023 5247">
    <p class='ocr_par' dir='ltr' id='par_1_54' title="bbox 373 5171 2023 5247">
     <span class='ocr_line' id='line_1_54' title="bbox 373 5171 2023 5247; baseline -0.003 -15"><span class='ocrx_word' id='word_1_355' title='bbox 373 5195 480 5234; x_wconf 88' lang='lat' dir='ltr'>vox</span> <span class='ocrx_word' id='word_1_356' title='bbox 511 5184 735 5247; x_wconf 83' lang='lat' dir='ltr'>septem</span> <span class='ocrx_word' id='word_1_357' title='bbox 792 5173 1095 5231; x_wconf 85' lang='lat' dir='ltr'>catholicis</span> <span class='ocrx_word' id='word_1_358' title='bbox 1145 5171 1406 5243; x_wconf 90' lang='lat' dir='ltr'>epistolis</span> <span class='ocrx_word' id='word_1_359' title='bbox 1457 5172 1798 5242; x_wconf 83' lang='lat' dir='ltr'>(Canonicas</span> <span class='ocrx_word' id='word_1_360' title='bbox 1852 5171 2023 5243; x_wconf 80' lang='lat' dir='ltr'>vulgo</span> 
     </span>
    </p>
   </div>
   <div class='ocr_carea' id='block_1_55' title="bbox 375 5261 2020 5338">
    <p class='ocr_par' dir='ltr' id='par_1_55' title="bbox 375 5261 2020 5338">
     <span class='ocr_line' id='line_1_55' title="bbox 375 5261 2020 5338; baseline -0.004 -16"><span class='ocrx_word' id='word_1_361' title='bbox 375 5266 740 5338; x_wconf 77' lang='lat' dir='ltr'>nuncupant)</span> <span class='ocrx_word' id='word_1_362' title='bbox 763 5269 1102 5321; x_wconf 80' lang='lat' dir='ltr'>consecrata</span> <span class='ocrx_word' id='word_1_363' title='bbox 1120 5262 1594 5334; x_wconf 84' lang='lat' dir='ltr'>deprehenditur.</span> <span class='ocrx_word' id='word_1_364' title='bbox 1623 5262 1704 5316; x_wconf 82' lang='lat' dir='ltr'>Ad</span> <span class='ocrx_word' id='word_1_365' title='bbox 1726 5261 1846 5316; x_wconf 70' lang='lat' dir='ltr'>haec</span> <span class='ocrx_word' id='word_1_366' title='bbox 1866 5278 2020 5331; x_wconf 91' lang='lat' dir='ltr'>vero,</span> 
     </span>
    </p>
   </div>
   <div class='ocr_carea' id='block_1_56' title="bbox 375 5349 2023 5427">
    <p class='ocr_par' dir='ltr' id='par_1_56' title="bbox 375 5349 2023 5427">
     <span class='ocr_line' id='line_1_56' title="bbox 375 5349 2023 5427; baseline -0.004 -16"><span class='ocrx_word' id='word_1_367' title='bbox 375 5355 621 5427; x_wconf 87' lang='lat' dir='ltr'>epistola</span> <span class='ocrx_word' id='word_1_368' title='bbox 653 5356 852 5410; x_wconf 72' lang='lat' dir='ltr'>isthtec</span> <span class='ocrx_word' id='word_1_369' title='bbox 872 5355 926 5408; x_wconf 88' lang='lat' dir='ltr'>in</span> <span class='ocrx_word' id='word_1_370' title='bbox 947 5353 1212 5425; x_wconf 89' lang='lat' dir='ltr'>antiquis</span> <span class='ocrx_word' id='word_1_371' title='bbox 1234 5351 1542 5407; x_wconf 85' lang='lat' dir='ltr'>Athanasii</span> <span class='ocrx_word' id='word_1_372' title='bbox 1567 5350 1820 5422; x_wconf 91' lang='lat' dir='ltr'>Operum</span> <span class='ocrx_word' id='word_1_373' title='bbox 1849 5349 2023 5405; x_wconf 90' lang='lat' dir='ltr'>colle-</span> 
     </span>
    </p>
   </div>
   <div class='ocr_carea' id='block_1_57' title="bbox 373 5439 2021 5516">
    <p class='ocr_par' dir='ltr' id='par_1_57' title="bbox 373 5439 2021 5516">
     <span class='ocr_line' id='line_1_57' title="bbox 373 5439 2021 5516; baseline -0.002 -17"><span class='ocrx_word' id='word_1_374' title='bbox 373 5446 666 5500; x_wconf 89' lang='lat' dir='ltr'>ctionibus</span> <span class='ocrx_word' id='word_1_375' title='bbox 698 5462 810 5500; x_wconf 92' lang='lat' dir='ltr'>non</span> <span class='ocrx_word' id='word_1_376' title='bbox 869 5447 1202 5516; x_wconf 89' lang='lat' dir='ltr'>comparet;</span> <span class='ocrx_word' id='word_1_377' title='bbox 1264 5443 1364 5497; x_wconf 86' lang='lat' dir='ltr'>sed</span> <span class='ocrx_word' id='word_1_378' title='bbox 1423 5440 1746 5514; x_wconf 86' lang='lat' dir='ltr'>peregrinis</span> <span class='ocrx_word' id='word_1_379' title='bbox 1777 5440 1835 5494; x_wconf 89' lang='lat' dir='ltr'>in</span> <span class='ocrx_word' id='word_1_380' title='bbox 1879 5439 2021 5496; x_wconf 90' lang='lat' dir='ltr'>locis</span> 
     </span>
    </p>
   </div>
   <div class='ocr_carea' id='block_1_58' title="bbox 466 5657 1612 5732">
    <p class='ocr_par' dir='ltr' id='par_1_58' title="bbox 466 5657 1612 5732">
     <span class='ocr_line' id='line_1_58' title="bbox 466 5657 1612 5732; baseline -0.003 -18"><span class='ocrx_word' id='word_1_381' title='bbox 466 5659 520 5732; x_wconf 90' lang='lat' dir='ltr'>a)</span> <span class='ocrx_word' id='word_1_382' title='bbox 547 5658 778 5732; x_wconf 82' lang='lat' dir='ltr'>Tillem.</span> <span class='ocrx_word' id='word_1_383' title='bbox 818 5661 907 5717; x_wconf 75' lang='lat' dir='ltr'>Vis</span> <span class='ocrx_word' id='word_1_384' title='bbox 930 5659 997 5716; x_wconf 83' lang='lat' dir='ltr'>de</span> <span class='ocrx_word' id='word_1_385' title='bbox 1029 5658 1084 5715; x_wconf 88' lang='lat' dir='ltr'>S.</span> <span class='ocrx_word' id='word_1_386' title='bbox 1110 5657 1335 5728; x_wconf 87' lang='lat' dir='ltr'>Athan.,</span> <span class='ocrx_word' id='word_1_387' title='bbox 1366 5660 1486 5715; x_wconf 90' lang='lat' dir='ltr'>not.</span> <span class='ocrx_word' id='word_1_388' title='bbox 1523 5659 1612 5712; x_wconf 85' lang='lat'>68.</span> 
     </span>
    </p>
   </div>
   <div class='ocr_carea' id='block_1_59' title="bbox 441 5661 1017 5808">
    <p class='ocr_par' dir='ltr' id='par_1_59' title="bbox 441 5661 1017 5808">
     <span class='ocr_line' id='line_1_59' title="bbox 466 5661 997 5732; baseline 0.004 -18"><span class='ocrx_word' id='word_1_389' title='bbox 466 5661 520 5732; x_wconf 91' lang='lat' dir='ltr'>a)</span> <span class='ocrx_word' id='word_1_390' title='bbox 547 5661 778 5715; x_wconf 87' lang='lat' dir='ltr'>Tillem.</span> <span class='ocrx_word' id='word_1_391' title='bbox 818 5661 907 5717; x_wconf 75' lang='lat' dir='ltr'>Vis</span> <span class='ocrx_word' id='word_1_392' title='bbox 930 5661 997 5716; x_wconf 83' lang='lat' dir='ltr'>de</span> 
     </span>
     <span class='ocr_line' id='line_1_60' title="bbox 441 5661 1017 5808; baseline -0.002 -22"><span class='ocrx_word' id='word_1_393' title='bbox 441 5661 520 5808; x_wconf 38' lang='lat' dir='ltr'>Eb)</span> <span class='ocrx_word' id='word_1_394' title='bbox 548 5731 719 5802; x_wconf 91' lang='lat' dir='ltr'>Ibid.,</span> <span class='ocrx_word' id='word_1_395' title='bbox 754 5735 863 5788; x_wconf 89' lang='lat' dir='ltr'>art.</span> <span class='ocrx_word' id='word_1_396' title='bbox 894 5733 1017 5788; x_wconf 90' lang='grc'>110.</span> 
     </span>
    </p>
   </div>
   <div class='ocr_carea' id='block_1_60' title="bbox 2149 591 3806 670">
    <p class='ocr_par' dir='ltr' id='par_1_60' title="bbox 2149 591 3806 670">
     <span class='ocr_line' id='line_1_61' title="bbox 2149 591 3806 670; baseline -0.002 -20"><span class='ocrx_word' id='word_1_397' title='bbox 2149 614 2279 651; x_wconf 87' lang='lat' dir='ltr'>rum</span> <span class='ocrx_word' id='word_1_398' title='bbox 2307 614 2318 652; x_wconf 94' lang='lat'>:</span> <span class='ocrx_word' id='word_1_399' title='bbox 2354 615 2459 653; x_wconf 88' lang='lat' dir='ltr'>nec</span> <span class='ocrx_word' id='word_1_400' title='bbox 2482 598 2698 670; x_wconf 81' lang='lat' dir='ltr'>stylum</span> <span class='ocrx_word' id='word_1_401' title='bbox 2733 596 3037 652; x_wconf 86' lang='lat' dir='ltr'>Athanasii</span> <span class='ocrx_word' id='word_1_402' title='bbox 3069 597 3240 667; x_wconf 91' lang='lat' dir='ltr'>sapit,</span> <span class='ocrx_word' id='word_1_403' title='bbox 3276 596 3393 650; x_wconf 90' lang='lat' dir='ltr'>imo</span> <span class='ocrx_word' id='word_1_404' title='bbox 3425 610 3559 650; x_wconf 90' lang='lat' dir='ltr'>vero</span> <span class='ocrx_word' id='word_1_405' title='bbox 3583 591 3806 649; x_wconf 80' lang='lat' dir='ltr'>multas</span> 
     </span>
    </p>
   </div>
   <div class='ocr_carea' id='block_1_61' title="bbox 2147 681 3810 742">
    <p class='ocr_par' dir='ltr' id='par_1_61' title="bbox 2147 681 3810 742">
     <span class='ocr_line' id='line_1_62' title="bbox 2147 681 3810 742; baseline -0.002 -2"><span class='ocrx_word' id='word_1_406' title='bbox 2147 685 2228 741; x_wconf 90' lang='lat' dir='ltr'>ibi</span> <span class='ocrx_word' id='word_1_407' title='bbox 2261 703 2429 741; x_wconf 92' lang='lat' dir='ltr'>voces</span> <span class='ocrx_word' id='word_1_408' title='bbox 2475 687 2795 742; x_wconf 89' lang='lat' dir='ltr'>Athanasio</span> <span class='ocrx_word' id='word_1_409' title='bbox 2847 686 3043 741; x_wconf 90' lang='lat' dir='ltr'>minus</span> <span class='ocrx_word' id='word_1_410' title='bbox 3087 685 3334 740; x_wconf 87' lang='lat' dir='ltr'>usitatas</span> <span class='ocrx_word' id='word_1_411' title='bbox 3394 693 3453 740; x_wconf 87' lang='lat' dir='ltr'>et</span> <span class='ocrx_word' id='word_1_412' title='bbox 3482 681 3810 738; x_wconf 85' lang='lat' dir='ltr'>insolentes</span> 
     </span>
    </p>
   </div>
   <div class='ocr_carea' id='block_1_62' title="bbox 2150 773 3806 848">
    <p class='ocr_par' dir='ltr' id='par_1_62' title="bbox 2150 773 3806 848">
     <span class='ocr_line' id='line_1_63' title="bbox 2150 773 3806 848; baseline -0.003 -18"><span class='ocrx_word' id='word_1_413' title='bbox 2150 776 2426 843; x_wconf 87' lang='lat' dir='ltr'>reperias.</span> <span class='ocrx_word' id='word_1_414' title='bbox 2463 776 2523 830; x_wconf 90' lang='lat' dir='ltr'>In</span> <span class='ocrx_word' id='word_1_415' title='bbox 2556 775 2725 831; x_wconf 91' lang='lat' dir='ltr'>titulo</span> <span class='ocrx_word' id='word_1_416' title='bbox 2756 775 2973 848; x_wconf 88' lang='lat' dir='ltr'>quippe</span> <span class='ocrx_word' id='word_1_417' title='bbox 3008 773 3398 846; x_wconf 72' lang='lat' dir='ltr'>przeterillam</span> <span class='ocrx_word' id='word_1_418' title='bbox 3430 789 3611 844; x_wconf 82' lang='lat' dir='ltr'>supra</span> <span class='ocrx_word' id='word_1_419' title='bbox 3637 776 3806 826; x_wconf 90' lang='lat' dir='ltr'>nota-</span> 
     </span>
    </p>
   </div>
   <div class='ocr_carea' id='block_1_63' title="bbox 2150 860 3806 931">
    <p class='ocr_par' dir='ltr' id='par_1_63' title="bbox 2150 860 3806 931">
     <span class='ocr_line' id='line_1_64' title="bbox 2150 860 3806 931; baseline -0.002 -13"><span class='ocrx_word' id='word_1_420' title='bbox 2150 869 2293 931; x_wconf 92' lang='lat' dir='ltr'>tam,</span> <span class='ocrx_word' id='word_1_421' title='bbox 2349 883 2456 920; x_wconf 89' lang='lat' dir='ltr'>vox</span> <span class='ocrx_word' id='word_1_422' title='bbox 2513 865 2913 930; x_wconf 72' lang='grc' dir='ltr'>συνεπὶσκοποι,</span> <span class='ocrx_word' id='word_1_423' title='bbox 2965 863 3280 919; x_wconf 75' lang='lat' dir='ltr'>Athanasio</span> <span class='ocrx_word' id='word_1_424' title='bbox 3331 880 3444 918; x_wconf 91' lang='lat' dir='ltr'>non</span> <span class='ocrx_word' id='word_1_425' title='bbox 3509 860 3806 928; x_wconf 89' lang='lat' dir='ltr'>usuvenit,</span> 
     </span>
    </p>
   </div>
   <div class='ocr_carea' id='block_1_64' title="bbox 2153 950 3811 1028">
    <p class='ocr_par' dir='ltr' id='par_1_64' title="bbox 2153 950 3811 1028">
     <span class='ocr_line' id='line_1_65' title="bbox 2153 950 3811 1028; baseline -0.001 -20"><span class='ocrx_word' id='word_1_426' title='bbox 2153 954 2250 1024; x_wconf 89' lang='lat' dir='ltr'>qui</span> <span class='ocrx_word' id='word_1_427' title='bbox 2285 952 2972 1028; x_wconf 68' lang='grc' dir='ltr'>εοιηρθτσυλλειτωργοί,</span> <span class='ocrx_word' id='word_1_428' title='bbox 2997 961 3052 1010; x_wconf 91' lang='lat' dir='ltr'>et</span> <span class='ocrx_word' id='word_1_429' title='bbox 3073 954 3310 1027; x_wconf 89' lang='lat' dir='ltr'>quidem</span> <span class='ocrx_word' id='word_1_430' title='bbox 3333 950 3811 1024; x_wconf 78' lang='lat' dir='ltr'>frequentissime</span> 
     </span>
    </p>
   </div>
   <div class='ocr_carea' id='block_1_65' title="bbox 2153 1038 3812 1114">
    <p class='ocr_par' dir='ltr' id='par_1_65' title="bbox 2153 1038 3812 1114">
     <span class='ocr_line' id='line_1_66' title="bbox 2153 1038 3812 1114; baseline -0.004 -18"><span class='ocrx_word' id='word_1_431' title='bbox 2153 1043 2367 1098; x_wconf 85' lang='lat' dir='ltr'>habet:</span> <span class='ocrx_word' id='word_1_432' title='bbox 2403 1043 2496 1098; x_wconf 85' lang='lat' dir='ltr'>his</span> <span class='ocrx_word' id='word_1_433' title='bbox 2555 1045 2739 1114; x_wconf 81' lang='lat' dir='ltr'>adjice</span> <span class='ocrx_word' id='word_1_434' title='bbox 2770 1038 3049 1113; x_wconf 69' lang='grc' dir='ltr'>σύμϐολον</span> <span class='ocrx_word' id='word_1_435' title='bbox 3106 1049 3204 1110; x_wconf 79' lang='grc' dir='ltr'>τῆς</span> <span class='ocrx_word' id='word_1_436' title='bbox 3237 1040 3492 1108; x_wconf 81' lang='grc' dir='ltr'>πίστεως,</span> <span class='ocrx_word' id='word_1_437' title='bbox 3549 1045 3607 1095; x_wconf 87' lang='lat' dir='ltr'>et</span> <span class='ocrx_word' id='word_1_438' title='bbox 3633 1039 3812 1092; x_wconf 80' lang='grc' dir='ltr'>θεϊκον</span> 
     </span>
    </p>
   </div>
   <div class='ocr_carea' id='block_1_66' title="bbox 2158 1128 3811 1204">
    <p class='ocr_par' dir='ltr' id='par_1_66' title="bbox 2158 1128 3811 1204">
     <span class='ocr_line' id='line_1_67' title="bbox 2158 1128 3811 1204; baseline 0.001 -21"><span class='ocrx_word' id='word_1_439' title='bbox 2158 1134 2389 1202; x_wconf 58' lang='lat' dir='ltr'>maius,</span> <span class='ocrx_word' id='word_1_440' title='bbox 2447 1131 2681 1204; x_wconf 86' lang='lat' dir='ltr'>ignotas</span> <span class='ocrx_word' id='word_1_441' title='bbox 2740 1133 3063 1188; x_wconf 75' lang='lat' dir='ltr'>Athanasio</span> <span class='ocrx_word' id='word_1_442' title='bbox 3106 1149 3315 1188; x_wconf 91' lang='lat' dir='ltr'>voces:</span> <span class='ocrx_word' id='word_1_443' title='bbox 3392 1130 3494 1202; x_wconf 90' lang='lat' dir='ltr'>qui</span> <span class='ocrx_word' id='word_1_444' title='bbox 3553 1128 3811 1202; x_wconf 87' lang='lat' dir='ltr'>priorem</span> 
     </span>
    </p>
   </div>
   <div class='ocr_carea' id='block_1_67' title="bbox 2155 1216 3807 1290">
    <p class='ocr_par' dir='ltr' id='par_1_67' title="bbox 2155 1216 3807 1290">
     <span class='ocr_line' id='line_1_68' title="bbox 2155 1216 3807 1290; baseline -0.004 -13"><span class='ocrx_word' id='word_1_445' title='bbox 2155 1221 2475 1277; x_wconf 82' lang='lat' dir='ltr'>sexcenties</span> <span class='ocrx_word' id='word_1_446' title='bbox 2533 1222 2616 1276; x_wconf 92' lang='lat' dir='ltr'>sic</span> <span class='ocrx_word' id='word_1_447' title='bbox 2673 1221 2857 1290; x_wconf 76' lang='lat' dir='ltr'>etl‘ert,</span> <span class='ocrx_word' id='word_1_448' title='bbox 2913 1220 3141 1281; x_wconf 77' lang='grc' dir='ltr'>ὲκΘεσεις</span> <span class='ocrx_word' id='word_1_449' title='bbox 3186 1219 3470 1288; x_wconf 76' lang='grc' dir='ltr'>πίστεως,’</span> <span class='ocrx_word' id='word_1_450' title='bbox 3503 1218 3593 1274; x_wconf 91' lang='lat' dir='ltr'>vel</span> <span class='ocrx_word' id='word_1_451' title='bbox 3623 1216 3807 1279; x_wconf 76' lang='grc' dir='ltr'>πίστις</span> 
     </span>
    </p>
   </div>
   <div class='ocr_carea' id='block_1_68' title="bbox 2156 1308 3811 1382">
    <p class='ocr_par' dir='ltr' id='par_1_68' title="bbox 2156 1308 3811 1382">
     <span class='ocr_line' id='line_1_69' title="bbox 2156 1308 3811 1382; baseline 0 -18"><span class='ocrx_word' id='word_1_452' title='bbox 2156 1311 2474 1366; x_wconf 90' lang='lat' dir='ltr'>secundam</span> <span class='ocrx_word' id='word_1_453' title='bbox 2535 1327 2668 1367; x_wconf 92' lang='lat' dir='ltr'>vero</span> <span class='ocrx_word' id='word_1_454' title='bbox 2700 1311 2840 1364; x_wconf 81' lang='grc' dir='ltr'>Θεῖον</span> <span class='ocrx_word' id='word_1_455' title='bbox 2888 1309 3096 1381; x_wconf 73' lang='grc' dir='ltr'>πνεῦμα</span> <span class='ocrx_word' id='word_1_456' title='bbox 3129 1310 3346 1382; x_wconf 90' lang='lat' dir='ltr'>ubique</span> <span class='ocrx_word' id='word_1_457' title='bbox 3405 1308 3629 1365; x_wconf 89' lang='lat' dir='ltr'>scribit.</span> <span class='ocrx_word' id='word_1_458' title='bbox 3664 1308 3811 1364; x_wconf 78' lang='lat' dir='ltr'>ilino</span> 
     </span>
    </p>
   </div>
   <div class='ocr_carea' id='block_1_69' title="bbox 2155 1397 3808 1473">
    <p class='ocr_par' dir='ltr' id='par_1_69' title="bbox 2155 1397 3808 1473">
     <span class='ocr_line' id='line_1_70' title="bbox 2155 1397 3808 1473; baseline -0.001 -19"><span class='ocrx_word' id='word_1_459' title='bbox 2155 1399 2608 1467; x_wconf 86' lang='lat' dir='ltr'>animadvertas,</span> <span class='ocrx_word' id='word_1_460' title='bbox 2643 1400 2822 1471; x_wconf 87' lang='lat' dir='ltr'>hujus</span> <span class='ocrx_word' id='word_1_461' title='bbox 2852 1400 3106 1473; x_wconf 68' lang='lat' dir='ltr'>epistolae</span> <span class='ocrx_word' id='word_1_462' title='bbox 3130 1404 3450 1467; x_wconf 89' lang='lat' dir='ltr'>auctorem,</span> <span class='ocrx_word' id='word_1_463' title='bbox 3481 1397 3652 1470; x_wconf 88' lang='lat' dir='ltr'>quasi</span> <span class='ocrx_word' id='word_1_464' title='bbox 3683 1413 3808 1452; x_wconf 90' lang='lat' dir='ltr'>rem</span> 
     </span>
    </p>
   </div>
   <div class='ocr_carea' id='block_1_70' title="bbox 2158 1487 3813 1561">
    <p class='ocr_par' dir='ltr' id='par_1_70' title="bbox 2158 1487 3813 1561">
     <span class='ocr_line' id='line_1_71' title="bbox 2158 1487 3813 1561; baseline -0.001 -18"><span class='ocrx_word' id='word_1_465' title='bbox 2158 1489 2396 1544; x_wconf 85' lang='lat' dir='ltr'>maximi</span> <span class='ocrx_word' id='word_1_466' title='bbox 2432 1490 2712 1545; x_wconf 92' lang='lat' dir='ltr'>momenti</span> <span class='ocrx_word' id='word_1_467' title='bbox 2771 1491 3068 1545; x_wconf 91' lang='lat' dir='ltr'>dicturum</span> <span class='ocrx_word' id='word_1_468' title='bbox 3127 1487 3436 1561; x_wconf 89' lang='lat' dir='ltr'>epistolam</span> <span class='ocrx_word' id='word_1_469' title='bbox 3495 1487 3698 1552; x_wconf 88' lang='lat' dir='ltr'>ordiri,</span> <span class='ocrx_word' id='word_1_470' title='bbox 3751 1491 3813 1542; x_wconf 81' lang='lat' dir='ltr'>et</span> 
     </span>
    </p>
   </div>
   <div class='ocr_carea' id='block_1_71' title="bbox 2157 1575 3813 1648">
    <p class='ocr_par' dir='ltr' id='par_1_71' title="bbox 2157 1575 3813 1648">
     <span class='ocr_line' id='line_1_72' title="bbox 2157 1575 3813 1648; baseline -0.002 -15"><span class='ocrx_word' id='word_1_471' title='bbox 2157 1583 2352 1633; x_wconf 88' lang='lat' dir='ltr'>tamen</span> <span class='ocrx_word' id='word_1_472' title='bbox 2387 1578 2761 1648; x_wconf 87' lang='lat' dir='ltr'>paucissimis</span> <span class='ocrx_word' id='word_1_473' title='bbox 2816 1597 2937 1634; x_wconf 89' lang='lat' dir='ltr'>rem</span> <span class='ocrx_word' id='word_1_474' title='bbox 3000 1577 3317 1644; x_wconf 84' lang='lat' dir='ltr'>absolvere,</span> <span class='ocrx_word' id='word_1_475' title='bbox 3351 1581 3417 1632; x_wconf 93' lang='lat' dir='ltr'>ut</span> <span class='ocrx_word' id='word_1_476' title='bbox 3463 1575 3558 1630; x_wconf 89' lang='lat' dir='ltr'>vix</span> <span class='ocrx_word' id='word_1_477' title='bbox 3589 1575 3813 1631; x_wconf 86' lang='lat' dir='ltr'>sciatur</span> 
     </span>
    </p>
   </div>
   <div class='ocr_carea' id='block_1_72' title="bbox 2157 1665 3813 1740">
    <p class='ocr_par' dir='ltr' id='par_1_72' title="bbox 2157 1665 3813 1740">
     <span class='ocr_line' id='line_1_73' title="bbox 2157 1665 3813 1740; baseline -0.002 -18"><span class='ocrx_word' id='word_1_478' title='bbox 2157 1684 2284 1739; x_wconf 76' lang='lat' dir='ltr'>qua:</span> <span class='ocrx_word' id='word_1_479' title='bbox 2319 1684 2410 1722; x_wconf 90' lang='lat' dir='ltr'>res</span> <span class='ocrx_word' id='word_1_480' title='bbox 2443 1668 2669 1739; x_wconf 89' lang='lat' dir='ltr'>quodve</span> <span class='ocrx_word' id='word_1_481' title='bbox 2703 1669 3004 1740; x_wconf 87' lang='lat' dir='ltr'>negotium</span> <span class='ocrx_word' id='word_1_482' title='bbox 3030 1667 3112 1723; x_wconf 92' lang='lat' dir='ltr'>sic</span> <span class='ocrx_word' id='word_1_483' title='bbox 3127 1671 3353 1740; x_wconf 89' lang='lat' dir='ltr'>urgeat,</span> <span class='ocrx_word' id='word_1_484' title='bbox 3378 1666 3517 1721; x_wconf 86' lang='lat' dir='ltr'>etad</span> <span class='ocrx_word' id='word_1_485' title='bbox 3547 1665 3813 1721; x_wconf 85' lang='lat' dir='ltr'>scriben-</span> 
     </span>
    </p>
   </div>
   <div class='ocr_carea' id='block_1_73' title="bbox 2155 1753 3812 1828">
    <p class='ocr_par' dir='ltr' id='par_1_73' title="bbox 2155 1753 3812 1828">
     <span class='ocr_line' id='line_1_74' title="bbox 2155 1753 3812 1828; baseline -0.001 -18"><span class='ocrx_word' id='word_1_486' title='bbox 2155 1757 2295 1810; x_wconf 91' lang='lat' dir='ltr'>dum</span> <span class='ocrx_word' id='word_1_487' title='bbox 2328 1755 2610 1828; x_wconf 89' lang='lat' dir='ltr'>impellat.</span> <span class='ocrx_word' id='word_1_488' title='bbox 2639 1756 2720 1813; x_wconf 90' lang='lat' dir='ltr'>Ne</span> <span class='ocrx_word' id='word_1_489' title='bbox 2769 1755 2975 1826; x_wconf 89' lang='lat' dir='ltr'>multa,</span> <span class='ocrx_word' id='word_1_490' title='bbox 3007 1757 3237 1828; x_wconf 91' lang='lat' dir='ltr'>quoties</span> <span class='ocrx_word' id='word_1_491' title='bbox 3266 1755 3427 1809; x_wconf 89' lang='lat' dir='ltr'>illam</span> <span class='ocrx_word' id='word_1_492' title='bbox 3462 1753 3698 1826; x_wconf 88' lang='lat' dir='ltr'>perlegi,</span> <span class='ocrx_word' id='word_1_493' title='bbox 3752 1753 3812 1810; x_wconf 88' lang='lat' dir='ltr'>in</span> 
     </span>
    </p>
   </div>
   <div class='ocr_carea' id='block_1_74' title="bbox 2157 1843 3818 1918">
    <p class='ocr_par' dir='ltr' id='par_1_74' title="bbox 2157 1843 3818 1918">
     <span class='ocr_line' id='line_1_75' title="bbox 2157 1843 3818 1918; baseline -0.001 -19"><span class='ocrx_word' id='word_1_494' title='bbox 2157 1845 2477 1918; x_wconf 83' lang='lat' dir='ltr'>peregrinis</span> <span class='ocrx_word' id='word_1_495' title='bbox 2508 1846 2728 1901; x_wconf 91' lang='lat' dir='ltr'>versari</span> <span class='ocrx_word' id='word_1_496' title='bbox 2746 1845 3141 1902; x_wconf 90' lang='lat' dir='ltr'>mihividebar</span> <span class='ocrx_word' id='word_1_497' title='bbox 3165 1863 3177 1912; x_wconf 89' lang='lat'>;</span> <span class='ocrx_word' id='word_1_498' title='bbox 3209 1847 3289 1900; x_wconf 92' lang='lat' dir='ltr'>ita</span> <span class='ocrx_word' id='word_1_499' title='bbox 3307 1843 3616 1900; x_wconf 91' lang='lat' dir='ltr'>dissimilis</span> <span class='ocrx_word' id='word_1_500' title='bbox 3638 1843 3818 1898; x_wconf 83' lang='lat' dir='ltr'>Atha-</span> 
     </span>
    </p>
   </div>
   <div class='ocr_carea' id='block_1_75' title="bbox 2157 1929 3812 2007">
    <p class='ocr_par' dir='ltr' id='par_1_75' title="bbox 2157 1929 3812 2007">
     <span class='ocr_line' id='line_1_76' title="bbox 2157 1929 3812 2007; baseline -0.002 -19"><span class='ocrx_word' id='word_1_501' title='bbox 2157 1934 2419 1989; x_wconf 81' lang='lat' dir='ltr'>nasianis</span> <span class='ocrx_word' id='word_1_502' title='bbox 2467 1936 2742 2006; x_wconf 89' lang='lat' dir='ltr'>operibus</span> <span class='ocrx_word' id='word_1_503' title='bbox 2772 1939 2896 1990; x_wconf 88' lang='lat' dir='ltr'>est:</span> <span class='ocrx_word' id='word_1_504' title='bbox 2956 1951 3145 2006; x_wconf 87' lang='lat' dir='ltr'>neque</span> <span class='ocrx_word' id='word_1_505' title='bbox 3202 1944 3399 1990; x_wconf 85' lang='lat' dir='ltr'>tamen</span> <span class='ocrx_word' id='word_1_506' title='bbox 3431 1930 3556 2007; x_wconf 82' lang='grc' dir='ltr'>περὶ</span> <span class='ocrx_word' id='word_1_507' title='bbox 3604 1929 3812 1992; x_wconf 79' lang='grc' dir='ltr'>νοθείας</span> 
     </span>
    </p>
   </div>
   <div class='ocr_carea' id='block_1_76' title="bbox 2157 2022 3805 2096">
    <p class='ocr_par' dir='ltr' id='par_1_76' title="bbox 2157 2022 3805 2096">
     <span class='ocr_line' id='line_1_77' title="bbox 2157 2022 3805 2096; baseline -0.002 -16"><span class='ocrx_word' id='word_1_508' title='bbox 2157 2023 2244 2080; x_wconf 82' lang='lat' dir='ltr'>vel</span> <span class='ocrx_word' id='word_1_509' title='bbox 2298 2023 2655 2096; x_wconf 70' lang='grc' dir='ltr'>γνηςεότητος</span> <span class='ocrx_word' id='word_1_510' title='bbox 2696 2024 2989 2095; x_wconf 88' lang='lat' dir='ltr'>judicium</span> <span class='ocrx_word' id='word_1_511' title='bbox 3043 2025 3193 2080; x_wconf 83' lang='lat' dir='ltr'>ferre</span> <span class='ocrx_word' id='word_1_512' title='bbox 3224 2039 3404 2078; x_wconf 90' lang='lat' dir='ltr'>ausus</span> <span class='ocrx_word' id='word_1_513' title='bbox 3463 2039 3639 2090; x_wconf 87' lang='lat' dir='ltr'>sum;</span> <span class='ocrx_word' id='word_1_514' title='bbox 3703 2022 3805 2076; x_wconf 90' lang='lat' dir='ltr'>sed</span> 
     </span>
    </p>
   </div>
   <div class='ocr_carea' id='block_1_77' title="bbox 2158 2109 3808 2182">
    <p class='ocr_par' dir='ltr' id='par_1_77' title="bbox 2158 2109 3808 2182">
     <span class='ocr_line' id='line_1_78' title="bbox 2158 2109 3808 2182; baseline -0.001 -16"><span class='ocrx_word' id='word_1_515' title='bbox 2158 2113 2306 2167; x_wconf 91' lang='lat' dir='ltr'>inter</span> <span class='ocrx_word' id='word_1_516' title='bbox 2345 2113 2526 2168; x_wconf 86' lang='lat' dir='ltr'>dubia</span> <span class='ocrx_word' id='word_1_517' title='bbox 2558 2113 2760 2176; x_wconf 82' lang='lat' dir='ltr'>locavi,</span> <span class='ocrx_word' id='word_1_518' title='bbox 2821 2111 3227 2168; x_wconf 86' lang='lat' dir='ltr'>Tillemontius</span> <span class='ocrx_word' id='word_1_519' title='bbox 3285 2112 3359 2182; x_wconf 70' lang='grc' dir='ltr'>(ὁ)</span> <span class='ocrx_word' id='word_1_520' title='bbox 3418 2115 3624 2166; x_wconf 90' lang='lat' dir='ltr'>contra</span> <span class='ocrx_word' id='word_1_521' title='bbox 3682 2109 3808 2164; x_wconf 88' lang='lat' dir='ltr'>vult</span> 
     </span>
    </p>
   </div>
   <div class='ocr_carea' id='block_1_78' title="bbox 2156 2197 3812 2278">
    <p class='ocr_par' dir='ltr' id='par_1_78' title="bbox 2156 2197 3812 2278">
     <span class='ocr_line' id='line_1_79' title="bbox 2156 2197 3812 2278; baseline -0.002 -21"><span class='ocrx_word' id='word_1_522' title='bbox 2156 2202 2390 2274; x_wconf 86' lang='lat' dir='ltr'>penitus</span> <span class='ocrx_word' id='word_1_523' title='bbox 2430 2209 2668 2272; x_wconf 86' lang='lat' dir='ltr'>certam,</span> <span class='ocrx_word' id='word_1_524' title='bbox 2703 2219 2806 2258; x_wconf 90' lang='lat' dir='ltr'>nec</span> <span class='ocrx_word' id='word_1_525' title='bbox 2834 2197 3294 2278; x_wconf 41' lang='lat' dir='ltr'>apetamus“</span> <span class='ocrx_word' id='word_1_526' title='bbox 3332 2201 3426 2256; x_wconf 90' lang='lat' dir='ltr'>Lis</span> <span class='ocrx_word' id='word_1_527' title='bbox 3457 2200 3568 2255; x_wconf 90' lang='lat' dir='ltr'>sub</span> <span class='ocrx_word' id='word_1_528' title='bbox 3609 2199 3812 2271; x_wconf 88' lang='lat' dir='ltr'>judice</span> 
     </span>
    </p>
   </div>
   <div class='ocr_carea' id='block_1_79' title="bbox 2157 2288 3810 2364">
    <p class='ocr_par' dir='ltr' id='par_1_79' title="bbox 2157 2288 3810 2364">
     <span class='ocr_line' id='line_1_80' title="bbox 2157 2288 3810 2364; baseline -0.001 -19"><span class='ocrx_word' id='word_1_529' title='bbox 2157 2292 2443 2362; x_wconf 89' lang='lat' dir='ltr'>pendeat:</span> <span class='ocrx_word' id='word_1_530' title='bbox 2478 2293 2645 2347; x_wconf 90' lang='lat' dir='ltr'>nobis</span> <span class='ocrx_word' id='word_1_531' title='bbox 2673 2309 2796 2364; x_wconf 68' lang='lat' dir='ltr'>quae</span> <span class='ocrx_word' id='word_1_532' title='bbox 2815 2308 2992 2347; x_wconf 91' lang='lat' dir='ltr'>causa</span> <span class='ocrx_word' id='word_1_533' title='bbox 3015 2291 3349 2363; x_wconf 84' lang='lat' dir='ltr'>ambigendi</span> <span class='ocrx_word' id='word_1_534' title='bbox 3369 2290 3446 2344; x_wconf 87' lang='lat' dir='ltr'>sit</span> <span class='ocrx_word' id='word_1_535' title='bbox 3467 2288 3810 2362; x_wconf 86' lang='lat' dir='ltr'>exposuisse</span> 
     </span>
    </p>
   </div>
   <div class='ocr_carea' id='block_1_80' title="bbox 2155 2381 2477 2436">
    <p class='ocr_par' dir='ltr' id='par_1_80' title="bbox 2155 2381 2477 2436">
     <span class='ocr_line' id='line_1_81' title="bbox 2155 2381 2477 2436; baseline 0 -1"><span class='ocrx_word' id='word_1_536' title='bbox 2155 2381 2300 2435; x_wconf 85' lang='lat' dir='ltr'>satis</span> <span class='ocrx_word' id='word_1_537' title='bbox 2331 2385 2477 2436; x_wconf 90' lang='lat' dir='ltr'>esto.</span> 
     </span>
    </p>
   </div>
   <div class='ocr_carea' id='block_1_81' title="bbox 2618 2522 3372 2579">
    <p class='ocr_par' dir='ltr' id='par_1_81' title="bbox 2618 2522 3372 2579">
     <span class='ocr_line' id='line_1_82' title="bbox 2618 2522 3372 2579; baseline 0 -3"><span class='ocrx_word' id='word_1_538' title='bbox 2618 2523 3166 2579; x_wconf 79' lang='lat' dir='ltr'>ANIMADVERSIO</span> <span class='ocrx_word' id='word_1_539' title='bbox 3208 2522 3372 2578; x_wconf 80' lang='lat' dir='ltr'><strong>XXII.</strong></span> 
     </span>
    </p>
   </div>
   <div class='ocr_carea' id='block_1_82' title="bbox 2154 2627 3811 2700">
    <p class='ocr_par' dir='ltr' id='par_1_82' title="bbox 2154 2627 3811 2700">
     <span class='ocr_line' id='line_1_83' title="bbox 2154 2627 3811 2700; baseline 0 -16"><span class='ocrx_word' id='word_1_540' title='bbox 2154 2631 2228 2684; x_wconf 86' lang='lat' dir='ltr'>De</span> <span class='ocrx_word' id='word_1_541' title='bbox 2257 2628 2397 2685; x_wconf 90' lang='lat' dir='ltr'>aliis</span> <span class='ocrx_word' id='word_1_542' title='bbox 2429 2629 2614 2684; x_wconf 84' lang='lat' dir='ltr'>dubiis</span> <span class='ocrx_word' id='word_1_543' title='bbox 2645 2629 2946 2685; x_wconf 83' lang='lat' dir='ltr'>Athanasii</span> <span class='ocrx_word' id='word_1_544' title='bbox 2993 2629 3264 2700; x_wconf 84' lang='lat' dir='ltr'>operibus,</span> <span class='ocrx_word' id='word_1_545' title='bbox 3295 2633 3344 2683; x_wconf 86' lang='lat' dir='ltr'>et</span> <span class='ocrx_word' id='word_1_546' title='bbox 3373 2627 3439 2682; x_wconf 85' lang='lat' dir='ltr'>de</span> <span class='ocrx_word' id='word_1_547' title='bbox 3478 2628 3811 2698; x_wconf 83' lang='lat' dir='ltr'>quibusdam</span> 
     </span>
    </p>
   </div>
   <div class='ocr_carea' id='block_1_83' title="bbox 2831 2701 3188 2770">
    <p class='ocr_par' dir='ltr' id='par_1_83' title="bbox 2831 2701 3188 2770">
     <span class='ocr_line' id='line_1_84' title="bbox 2831 2701 3188 2770; baseline 0 -16"><span class='ocrx_word' id='word_1_548' title='bbox 2831 2701 3188 2770; x_wconf 80' lang='lat' dir='ltr'>fragmentis.</span> 
     </span>
    </p>
   </div>
   <div class='ocr_carea' id='block_1_84' title="bbox 2226 2841 3809 2910">
    <p class='ocr_par' dir='ltr' id='par_1_84' title="bbox 2226 2841 3809 2910">
     <span class='ocr_line' id='line_1_85' title="bbox 2226 2841 3809 2910; baseline 0.001 -13"><span class='ocrx_word' id='word_1_549' title='bbox 2226 2842 2580 2908; x_wconf 87' lang='lat' dir='ltr'>Orationem,</span> <span class='ocrx_word' id='word_1_550' title='bbox 2613 2842 2704 2897; x_wconf 91' lang='lat' dir='ltr'>cui</span> <span class='ocrx_word' id='word_1_551' title='bbox 2739 2841 2967 2907; x_wconf 89' lang='lat' dir='ltr'>titulus,</span> <span class='ocrx_word' id='word_1_552' title='bbox 3004 2843 3182 2899; x_wconf 87' lang='lat' dir='ltr'>Unum</span> <span class='ocrx_word' id='word_1_553' title='bbox 3212 2857 3326 2897; x_wconf 83' lang='lat' dir='ltr'>esse</span> <span class='ocrx_word' id='word_1_554' title='bbox 3354 2841 3655 2910; x_wconf 80' lang='lat' dir='ltr'>Christum,</span> <span class='ocrx_word' id='word_1_555' title='bbox 3698 2843 3809 2898; x_wconf 88' lang='lat' dir='ltr'>du-</span> 
     </span>
    </p>
   </div>
   <div class='ocr_carea' id='block_1_85' title="bbox 2157 2931 3806 2998">
    <p class='ocr_par' dir='ltr' id='par_1_85' title="bbox 2157 2931 3806 2998">
     <span class='ocr_line' id='line_1_86' title="bbox 2157 2931 3806 2998; baseline 0.001 -12"><span class='ocrx_word' id='word_1_556' title='bbox 2157 2931 2315 2987; x_wconf 81' lang='lat' dir='ltr'>biam</span> <span class='ocrx_word' id='word_1_557' title='bbox 2348 2948 2477 2987; x_wconf 89' lang='lat' dir='ltr'>esse</span> <span class='ocrx_word' id='word_1_558' title='bbox 2508 2947 2641 2986; x_wconf 90' lang='lat' dir='ltr'>cum</span> <span class='ocrx_word' id='word_1_559' title='bbox 2675 2931 2877 2986; x_wconf 90' lang='lat' dir='ltr'>multis</span> <span class='ocrx_word' id='word_1_560' title='bbox 2908 2931 3096 2986; x_wconf 92' lang='lat' dir='ltr'>doctis</span> <span class='ocrx_word' id='word_1_561' title='bbox 3149 2931 3291 2986; x_wconf 91' lang='lat' dir='ltr'>viris</span> <span class='ocrx_word' id='word_1_562' title='bbox 3326 2947 3660 2998; x_wconf 85' lang='lat' dir='ltr'>censemus,</span> <span class='ocrx_word' id='word_1_563' title='bbox 3696 2948 3806 2987; x_wconf 89' lang='lat' dir='ltr'>nec</span> 
     </span>
    </p>
   </div>
   <div class='ocr_carea' id='block_1_86' title="bbox 2156 3019 3808 3093">
    <p class='ocr_par' dir='ltr' id='par_1_86' title="bbox 2156 3019 3808 3093">
     <span class='ocr_line' id='line_1_87' title="bbox 2156 3019 3808 3093; baseline 0.001 -17"><span class='ocrx_word' id='word_1_564' title='bbox 2156 3021 2395 3076; x_wconf 89' lang='lat' dir='ltr'>dubiam</span> <span class='ocrx_word' id='word_1_565' title='bbox 2428 3021 2712 3076; x_wconf 79' lang='lat' dir='ltr'>difﬁtetur</span> <span class='ocrx_word' id='word_1_566' title='bbox 2743 3019 3255 3093; x_wconf 88' lang='lat' dir='ltr'>Tillemontius(c).</span> <span class='ocrx_word' id='word_1_567' title='bbox 3290 3021 3500 3076; x_wconf 86' lang='lat' dir='ltr'>Verum</span> <span class='ocrx_word' id='word_1_568' title='bbox 3531 3021 3632 3086; x_wconf 91' lang='lat' dir='ltr'>ait,</span> <span class='ocrx_word' id='word_1_569' title='bbox 3665 3020 3808 3092; x_wconf 91' lang='lat' dir='ltr'>quia</span> 
     </span>
    </p>
   </div>
   <div class='ocr_carea' id='block_1_87' title="bbox 2156 3109 3806 3182">
    <p class='ocr_par' dir='ltr' id='par_1_87' title="bbox 2156 3109 3806 3182">
     <span class='ocr_line' id='line_1_88' title="bbox 2156 3109 3806 3182; baseline -0.001 -16"><span class='ocrx_word' id='word_1_570' title='bbox 2156 3111 2277 3166; x_wconf 75' lang='lat' dir='ltr'>hac</span> <span class='ocrx_word' id='word_1_571' title='bbox 2309 3110 2490 3166; x_wconf 86' lang='lat' dir='ltr'>oratio</span> <span class='ocrx_word' id='word_1_572' title='bbox 2532 3128 2564 3165; x_wconf 86' lang='lat' dir='ltr'>a</span> <span class='ocrx_word' id='word_1_573' title='bbox 2606 3111 2772 3166; x_wconf 91' lang='lat' dir='ltr'>Petro</span> <span class='ocrx_word' id='word_1_574' title='bbox 2805 3110 3058 3166; x_wconf 92' lang='lat' dir='ltr'>Diacono</span> <span class='ocrx_word' id='word_1_575' title='bbox 3091 3111 3150 3166; x_wconf 92' lang='lat' dir='ltr'>in</span> <span class='ocrx_word' id='word_1_576' title='bbox 3182 3110 3431 3182; x_wconf 88' lang='lat' dir='ltr'>epistola</span> <span class='ocrx_word' id='word_1_577' title='bbox 3463 3109 3534 3165; x_wconf 88' lang='lat' dir='ltr'>ad</span> <span class='ocrx_word' id='word_1_578' title='bbox 3577 3110 3635 3165; x_wconf 92' lang='lat' dir='ltr'>S.</span> <span class='ocrx_word' id='word_1_579' title='bbox 3672 3109 3806 3165; x_wconf 84' lang='lat' dir='ltr'>Ful-</span> 
     </span>
    </p>
   </div>
   <div class='ocr_carea' id='block_1_88' title="bbox 2157 3199 3806 3274">
    <p class='ocr_par' dir='ltr' id='par_1_88' title="bbox 2157 3199 3806 3274">
     <span class='ocr_line' id='line_1_89' title="bbox 2157 3199 3806 3274; baseline -0.001 -18"><span class='ocrx_word' id='word_1_580' title='bbox 2157 3201 2418 3274; x_wconf 89' lang='lat' dir='ltr'>gentium</span> <span class='ocrx_word' id='word_1_581' title='bbox 2469 3200 2760 3268; x_wconf 88' lang='lat' dir='ltr'>laudatur,</span> <span class='ocrx_word' id='word_1_582' title='bbox 2794 3217 2900 3256; x_wconf 90' lang='lat' dir='ltr'>nos</span> <span class='ocrx_word' id='word_1_583' title='bbox 2933 3206 3299 3273; x_wconf 88' lang='lat' dir='ltr'>argumento,</span> <span class='ocrx_word' id='word_1_584' title='bbox 3334 3200 3492 3272; x_wconf 89' lang='lat' dir='ltr'>quod</span> <span class='ocrx_word' id='word_1_585' title='bbox 3537 3199 3675 3254; x_wconf 91' lang='lat' dir='ltr'>hinc</span> <span class='ocrx_word' id='word_1_586' title='bbox 3705 3199 3806 3254; x_wconf 90' lang='lat' dir='ltr'>ad-</span> 
     </span>
    </p>
   </div>
   <div class='ocr_carea' id='block_1_89' title="bbox 2073 3263 3805 3363">
    <p class='ocr_par' dir='ltr' id='par_1_89' title="bbox 2073 3263 3805 3363">
     <span class='ocr_line' id='line_1_90' title="bbox 2073 3263 3805 3363; baseline -0.002 -17"><span class='ocrx_word' id='word_1_587' title='bbox 2073 3263 2116 3330; x_wconf 79' lang='lat' dir='ltr'>C</span> <span class='ocrx_word' id='word_1_588' title='bbox 2153 3309 2356 3348; x_wconf 89' lang='lat' dir='ltr'>versus</span> <span class='ocrx_word' id='word_1_589' title='bbox 2387 3291 2721 3363; x_wconf 89' lang='lat' dir='ltr'>opinionem</span> <span class='ocrx_word' id='word_1_590' title='bbox 2777 3295 3036 3347; x_wconf 87' lang='lat' dir='ltr'>nostram</span> <span class='ocrx_word' id='word_1_591' title='bbox 3096 3290 3342 3356; x_wconf 89' lang='lat' dir='ltr'>eruitur,</span> <span class='ocrx_word' id='word_1_592' title='bbox 3377 3305 3682 3345; x_wconf 90' lang='lat' dir='ltr'>occurrere</span> <span class='ocrx_word' id='word_1_593' title='bbox 3708 3289 3805 3343; x_wconf 82' lang='lat' dir='ltr'>de-</span> 
     </span>
    </p>
   </div>
   <div class='ocr_carea' id='block_1_90' title="bbox 2150 3377 3800 3452">
    <p class='ocr_par' dir='ltr' id='par_1_90' title="bbox 2150 3377 3800 3452">
     <span class='ocr_line' id='line_1_91' title="bbox 2150 3377 3800 3452; baseline -0.002 -17"><span class='ocrx_word' id='word_1_594' title='bbox 2150 3381 2368 3436; x_wconf 90' lang='lat' dir='ltr'>buissc.</span> <span class='ocrx_word' id='word_1_595' title='bbox 2403 3381 2512 3436; x_wconf 91' lang='lat' dir='ltr'>Sed</span> <span class='ocrx_word' id='word_1_596' title='bbox 2546 3385 2961 3452; x_wconf 79' lang='lat' dir='ltr'>argumentum</span> <span class='ocrx_word' id='word_1_597' title='bbox 2994 3379 3336 3450; x_wconf 85' lang='lat' dir='ltr'>hujusmodi</span> <span class='ocrx_word' id='word_1_598' title='bbox 3372 3395 3442 3433; x_wconf 91' lang='lat' dir='ltr'>ne</span> <span class='ocrx_word' id='word_1_599' title='bbox 3483 3377 3800 3432; x_wconf 89' lang='lat' dir='ltr'>minimum</span> 
     </span>
    </p>
   </div>
   <div class='ocr_carea' id='block_1_91' title="bbox 2149 3466 3798 3543">
    <p class='ocr_par' dir='ltr' id='par_1_91' title="bbox 2149 3466 3798 3543">
     <span class='ocr_line' id='line_1_92' title="bbox 2149 3466 3798 3543; baseline -0.002 -17"><span class='ocrx_word' id='word_1_600' title='bbox 2149 3471 2386 3543; x_wconf 87' lang='lat' dir='ltr'>quidem</span> <span class='ocrx_word' id='word_1_601' title='bbox 2411 3470 2625 3543; x_wconf 89' lang='lat' dir='ltr'>negotii</span> <span class='ocrx_word' id='word_1_602' title='bbox 2661 3471 2945 3526; x_wconf 75' lang='lat' dir='ltr'>facessere</span> <span class='ocrx_word' id='word_1_603' title='bbox 2977 3469 3199 3541; x_wconf 89' lang='lat' dir='ltr'>possit:</span> <span class='ocrx_word' id='word_1_604' title='bbox 3261 3466 3612 3540; x_wconf 90' lang='lat' dir='ltr'>opusculum</span> <span class='ocrx_word' id='word_1_605' title='bbox 3641 3466 3798 3522; x_wconf 91' lang='lat' dir='ltr'>enim</span> 
     </span>
    </p>
   </div>
   <div class='ocr_carea' id='block_1_92' title="bbox 2146 3554 3800 3632">
    <p class='ocr_par' dir='ltr' id='par_1_92' title="bbox 2146 3554 3800 3632">
     <span class='ocr_line' id='line_1_93' title="bbox 2146 3554 3800 3632; baseline -0.003 -17"><span class='ocrx_word' id='word_1_606' title='bbox 2146 3560 2581 3632; x_wconf 90' lang='lat' dir='ltr'>perantiquum,</span> <span class='ocrx_word' id='word_1_607' title='bbox 2634 3563 2690 3613; x_wconf 88' lang='lat' dir='ltr'>et</span> <span class='ocrx_word' id='word_1_608' title='bbox 2722 3558 3018 3613; x_wconf 84' lang='lat' dir='ltr'>Athanasii</span> <span class='ocrx_word' id='word_1_609' title='bbox 3051 3557 3288 3612; x_wconf 90' lang='lat' dir='ltr'>nomine</span> <span class='ocrx_word' id='word_1_610' title='bbox 3347 3554 3559 3612; x_wconf 63' lang='lat' dir='ltr'>seculo</span> <span class='ocrx_word' id='word_1_611' title='bbox 3593 3555 3800 3612; x_wconf 83' lang='lat' dir='ltr'>Nesto-</span> 
     </span>
    </p>
   </div>
   <div class='ocr_carea' id='block_1_93' title="bbox 2150 3644 3804 3716">
    <p class='ocr_par' dir='ltr' id='par_1_93' title="bbox 2150 3644 3804 3716">
     <span class='ocr_line' id='line_1_94' title="bbox 2150 3644 3804 3716; baseline -0.002 -14"><span class='ocrx_word' id='word_1_612' title='bbox 2150 3650 2309 3704; x_wconf 79' lang='lat' dir='ltr'>riano</span> <span class='ocrx_word' id='word_1_613' title='bbox 2341 3649 2562 3704; x_wconf 90' lang='lat' dir='ltr'>editum</span> <span class='ocrx_word' id='word_1_614' title='bbox 2598 3647 2777 3704; x_wconf 90' lang='lat' dir='ltr'>fuisse</span> <span class='ocrx_word' id='word_1_615' title='bbox 2808 3648 3183 3703; x_wconf 88' lang='lat' dir='ltr'>arbitramur.</span> <span class='ocrx_word' id='word_1_616' title='bbox 3219 3646 3325 3710; x_wconf 83' lang='lat' dir='ltr'>Qui</span> <span class='ocrx_word' id='word_1_617' title='bbox 3361 3646 3575 3700; x_wconf 92' lang='lat' dir='ltr'>mirum</span> <span class='ocrx_word' id='word_1_618' title='bbox 3617 3644 3804 3716; x_wconf 90' lang='lat' dir='ltr'>igitur</span> 
     </span>
    </p>
   </div>
   <div class='ocr_carea' id='block_1_94' title="bbox 2145 3733 3800 3794">
    <p class='ocr_par' dir='ltr' id='par_1_94' title="bbox 2145 3733 3800 3794">
     <span class='ocr_line' id='line_1_95' title="bbox 2145 3733 3800 3794; baseline -0.003 0"><span class='ocrx_word' id='word_1_619' title='bbox 2145 3740 2194 3794; x_wconf 92' lang='lat' dir='ltr'>si</span> <span class='ocrx_word' id='word_1_620' title='bbox 2227 3741 2434 3794; x_wconf 62' lang='lat' dir='ltr'>saeculo</span> <span class='ocrx_word' id='word_1_621' title='bbox 2465 3742 2624 3793; x_wconf 82' lang='lat' dir='ltr'>sexto</span> <span class='ocrx_word' id='word_1_622' title='bbox 2656 3737 2960 3792; x_wconf 86' lang='lat' dir='ltr'>Athanasii</span> <span class='ocrx_word' id='word_1_623' title='bbox 2993 3737 3229 3792; x_wconf 88' lang='lat' dir='ltr'>nomine</span> <span class='ocrx_word' id='word_1_624' title='bbox 3261 3754 3294 3790; x_wconf 91' lang='lat' dir='ltr'>a</span> <span class='ocrx_word' id='word_1_625' title='bbox 3323 3735 3490 3790; x_wconf 93' lang='lat' dir='ltr'>Petro</span> <span class='ocrx_word' id='word_1_626' title='bbox 3545 3733 3800 3790; x_wconf 91' lang='lat' dir='ltr'>Diacono</span> 
     </span>
    </p>
   </div>
   <div class='ocr_carea' id='block_1_95' title="bbox 2144 3827 2694 3882">
    <p class='ocr_par' dir='ltr' id='par_1_95' title="bbox 2144 3827 2694 3882">
     <span class='ocr_line' id='line_1_96' title="bbox 2144 3827 2694 3882; baseline -0.004 0"><span class='ocrx_word' id='word_1_627' title='bbox 2144 3827 2446 3882; x_wconf 88' lang='lat' dir='ltr'>laudatum</span> <span class='ocrx_word' id='word_1_628' title='bbox 2482 3827 2694 3882; x_wconf 87' lang='lat' dir='ltr'>fuerit?</span> 
     </span>
    </p>
   </div>
   <div class='ocr_carea' id='block_1_96' title="bbox 2219 3912 3798 3985">
    <p class='ocr_par' dir='ltr' id='par_1_96' title="bbox 2219 3912 3798 3985">
     <span class='ocr_line' id='line_1_97' title="bbox 2219 3912 3798 3985; baseline -0.002 -15"><span class='ocrx_word' id='word_1_629' title='bbox 2219 3916 2453 3970; x_wconf 83' lang='lat' dir='ltr'>Librum</span> <span class='ocrx_word' id='word_1_630' title='bbox 2475 3915 2546 3970; x_wconf 90' lang='lat' dir='ltr'>de</span> <span class='ocrx_word' id='word_1_631' title='bbox 2580 3913 3004 3979; x_wconf 76' lang='lat' dir='ltr'>Incarnatione,</span> <span class='ocrx_word' id='word_1_632' title='bbox 3041 3914 3141 3985; x_wconf 93' lang='lat' dir='ltr'>qui</span> <span class='ocrx_word' id='word_1_633' title='bbox 3178 3914 3234 3967; x_wconf 91' lang='lat' dir='ltr'>in</span> <span class='ocrx_word' id='word_1_634' title='bbox 3267 3913 3429 3984; x_wconf 89' lang='lat' dir='ltr'>prius</span> <span class='ocrx_word' id='word_1_635' title='bbox 3451 3912 3624 3969; x_wconf 89' lang='lat' dir='ltr'>editis</span> <span class='ocrx_word' id='word_1_636' title='bbox 3660 3929 3798 3968; x_wconf 83' lang='lat' dir='ltr'>con-</span> 
     </span>
    </p>
   </div>
   <div class='ocr_carea' id='block_1_97' title="bbox 2139 4003 3799 4074">
    <p class='ocr_par' dir='ltr' id='par_1_97' title="bbox 2139 4003 3799 4074">
     <span class='ocr_line' id='line_1_98' title="bbox 2139 4003 3799 4074; baseline -0.002 -13"><span class='ocrx_word' id='word_1_637' title='bbox 2139 4011 2231 4061; x_wconf 90' lang='lat' dir='ltr'>tra</span> <span class='ocrx_word' id='word_1_638' title='bbox 2254 4005 2499 4060; x_wconf 89' lang='lat' dir='ltr'>Paulum</span> <span class='ocrx_word' id='word_1_639' title='bbox 2530 4005 2978 4059; x_wconf 82' lang='lat' dir='ltr'>Samosatenum</span> <span class='ocrx_word' id='word_1_640' title='bbox 3008 4003 3325 4074; x_wconf 88' lang='lat' dir='ltr'>inscriptus</span> <span class='ocrx_word' id='word_1_641' title='bbox 3352 4007 3493 4069; x_wconf 90' lang='lat' dir='ltr'>erat,</span> <span class='ocrx_word' id='word_1_642' title='bbox 3520 4003 3799 4058; x_wconf 89' lang='lat' dir='ltr'>nosinter</span> 
     </span>
    </p>
   </div>
   <div class='ocr_carea' id='block_1_98' title="bbox 2141 4091 3792 4166">
    <p class='ocr_par' dir='ltr' id='par_1_98' title="bbox 2141 4091 3792 4166">
     <span class='ocr_line' id='line_1_99' title="bbox 2141 4091 3792 4166; baseline -0.004 -17"><span class='ocrx_word' id='word_1_643' title='bbox 2141 4092 2922 4166; x_wconf 85' lang='lat' dir='ltr'>dubiaoperaablegavimus</span> <span class='ocrx_word' id='word_1_644' title='bbox 2946 4091 3387 4159; x_wconf 90' lang='lat' dir='ltr'>;Tillemontius</span> <span class='ocrx_word' id='word_1_645' title='bbox 3416 4109 3550 4148; x_wconf 83' lang='lat' dir='ltr'>vero</span> <span class='ocrx_word' id='word_1_646' title='bbox 3571 4092 3792 4165; x_wconf 74' lang='grc' dir='ltr'>γνήσιον</span> 
     </span>
    </p>
   </div>
   <div class='ocr_carea' id='block_1_99' title="bbox 2141 4180 3791 4255">
    <p class='ocr_par' dir='ltr' id='par_1_99' title="bbox 2141 4180 3791 4255">
     <span class='ocr_line' id='line_1_100' title="bbox 2141 4180 3791 4255; baseline -0.003 -16"><span class='ocrx_word' id='word_1_647' title='bbox 2141 4200 2268 4239; x_wconf 87' lang='lat' dir='ltr'>esse</span> <span class='ocrx_word' id='word_1_648' title='bbox 2301 4189 2540 4255; x_wconf 90' lang='lat' dir='ltr'>pugnat.</span> <span class='ocrx_word' id='word_1_649' title='bbox 2570 4181 2823 4253; x_wconf 90' lang='lat' dir='ltr'>Atlonge</span> <span class='ocrx_word' id='word_1_650' title='bbox 2851 4181 3046 4253; x_wconf 88' lang='lat' dir='ltr'>plures</span> <span class='ocrx_word' id='word_1_651' title='bbox 3062 4180 3624 4253; x_wconf 89' lang='lat' dir='ltr'>suspicandicausas</span> <span class='ocrx_word' id='word_1_652' title='bbox 3647 4197 3791 4252; x_wconf 68' lang='lat' dir='ltr'>pra:-</span> 
     </span>
    </p>
   </div>
   <div class='ocr_carea' id='block_1_100' title="bbox 2141 4268 3792 4343">
    <p class='ocr_par' dir='ltr' id='par_1_100' title="bbox 2141 4268 3792 4343">
     <span class='ocr_line' id='line_1_101' title="bbox 2141 4268 3792 4343; baseline -0.002 -16"><span class='ocrx_word' id='word_1_653' title='bbox 2141 4277 2251 4327; x_wconf 86' lang='lat' dir='ltr'>fert</span> <span class='ocrx_word' id='word_1_654' title='bbox 2282 4272 2389 4326; x_wconf 90' lang='lat' dir='ltr'>hoc</span> <span class='ocrx_word' id='word_1_655' title='bbox 2421 4269 2796 4343; x_wconf 84' lang='lat' dir='ltr'>Opusculum,</span> <span class='ocrx_word' id='word_1_656' title='bbox 2842 4287 3019 4342; x_wconf 90' lang='lat' dir='ltr'>quam</span> <span class='ocrx_word' id='word_1_657' title='bbox 3053 4268 3236 4325; x_wconf 79' lang='lat' dir='ltr'>oratio</span> <span class='ocrx_word' id='word_1_658' title='bbox 3281 4271 3459 4326; x_wconf 82' lang='lat' dir='ltr'>Unum</span> <span class='ocrx_word' id='word_1_659' title='bbox 3489 4285 3601 4324; x_wconf 81' lang='lat' dir='ltr'>esse</span> <span class='ocrx_word' id='word_1_660' title='bbox 3633 4269 3792 4324; x_wconf 87' lang='lat' dir='ltr'>Chri-</span> 
     </span>
    </p>
   </div>
   <div class='ocr_carea' id='block_1_101' title="bbox 2138 4357 3795 4432">
    <p class='ocr_par' dir='ltr' id='par_1_101' title="bbox 2138 4357 3795 4432">
     <span class='ocr_line' id='line_1_102' title="bbox 2138 4357 3795 4432; baseline -0.002 -15"><span class='ocrx_word' id='word_1_661' title='bbox 2138 4370 2301 4431; x_wconf 86' lang='lat' dir='ltr'>stum,</span> <span class='ocrx_word' id='word_1_662' title='bbox 2337 4361 2577 4432; x_wconf 88' lang='lat' dir='ltr'>suisque</span> <span class='ocrx_word' id='word_1_663' title='bbox 2611 4375 2672 4415; x_wconf 90' lang='lat' dir='ltr'>se</span> <span class='ocrx_word' id='word_1_664' title='bbox 2703 4359 2857 4416; x_wconf 91' lang='lat' dir='ltr'>notis</span> <span class='ocrx_word' id='word_1_665' title='bbox 2881 4359 3074 4432; x_wconf 90' lang='lat' dir='ltr'>prodit</span> <span class='ocrx_word' id='word_1_666' title='bbox 3095 4359 3444 4415; x_wconf 87' lang='lat' dir='ltr'>Nestoriano</span> <span class='ocrx_word' id='word_1_667' title='bbox 3468 4375 3586 4414; x_wconf 69' lang='lat' dir='ltr'>aevo</span> <span class='ocrx_word' id='word_1_668' title='bbox 3613 4357 3795 4414; x_wconf 89' lang='lat' dir='ltr'>fuisse</span> 
     </span>
    </p>
   </div>
   <div class='ocr_carea' id='block_1_102' title="bbox 2139 4447 3794 4522">
    <p class='ocr_par' dir='ltr' id='par_1_102' title="bbox 2139 4447 3794 4522">
     <span class='ocr_line' id='line_1_103' title="bbox 2139 4447 3794 4522; baseline -0.004 -14"><span class='ocrx_word' id='word_1_669' title='bbox 2139 4453 2486 4508; x_wconf 88' lang='lat' dir='ltr'>confectum.</span> <span class='ocrx_word' id='word_1_670' title='bbox 2522 4451 2583 4505; x_wconf 91' lang='lat' dir='ltr'>Id</span> <span class='ocrx_word' id='word_1_671' title='bbox 2614 4467 2747 4505; x_wconf 85' lang='lat' dir='ltr'>vero</span> <span class='ocrx_word' id='word_1_672' title='bbox 2803 4449 3107 4522; x_wconf 90' lang='lat' dir='ltr'>propalam</span> <span class='ocrx_word' id='word_1_673' title='bbox 3138 4450 3371 4505; x_wconf 90' lang='lat' dir='ltr'>videtur</span> <span class='ocrx_word' id='word_1_674' title='bbox 3398 4464 3466 4503; x_wconf 92' lang='lat' dir='ltr'>ex</span> <span class='ocrx_word' id='word_1_675' title='bbox 3523 4447 3633 4503; x_wconf 91' lang='lat' dir='ltr'>hoc</span> <span class='ocrx_word' id='word_1_676' title='bbox 3676 4464 3794 4503; x_wconf 92' lang='lat' dir='ltr'>uno</span> 
     </span>
    </p>
   </div>
   <div class='ocr_carea' id='block_1_103' title="bbox 2137 4535 3794 4615">
    <p class='ocr_par' dir='ltr' id='par_1_103' title="bbox 2137 4535 3794 4615">
     <span class='ocr_line' id='line_1_104' title="bbox 2137 4535 3794 4615; baseline -0.001 -23"><span class='ocrx_word' id='word_1_677' title='bbox 2137 4542 2298 4598; x_wconf 86' lang='lat' dir='ltr'>loco:</span> <span class='ocrx_word' id='word_1_678' title='bbox 2334 4541 2389 4591; x_wconf 69' lang='grc' dir='ltr'><strong>Ὀ</strong></span> <span class='ocrx_word' id='word_1_679' title='bbox 2431 4536 2486 4593; x_wconf 71' lang='grc' dir='ltr'>δὲ</span> <span class='ocrx_word' id='word_1_680' title='bbox 2521 4538 2822 4615; x_wconf 72' lang='grc' dir='ltr'>ἅνθρωπος,</span> <span class='ocrx_word' id='word_1_681' title='bbox 2858 4539 2941 4594; x_wconf 89' lang='lat' dir='ltr'>sic</span> <span class='ocrx_word' id='word_1_682' title='bbox 2973 4538 3074 4606; x_wconf 83' lang='lat' dir='ltr'>ibi,</span> <span class='ocrx_word' id='word_1_683' title='bbox 3102 4535 3154 4591; x_wconf 81' lang='grc' dir='ltr'>ἓν</span> <span class='ocrx_word' id='word_1_684' title='bbox 3193 4536 3509 4610; x_wconf 79' lang='grc' dir='ltr'>πρόσωπον,</span> <span class='ocrx_word' id='word_1_685' title='bbox 3539 4535 3628 4590; x_wconf 72' lang='grc' dir='ltr'>καὶ</span> <span class='ocrx_word' id='word_1_686' title='bbox 3658 4539 3794 4606; x_wconf 79' lang='grc' dir='ltr'>ζῶον</span> 
     </span>
    </p>
   </div>
   <div class='ocr_carea' id='block_1_104' title="bbox 2058 4623 3791 4703">
    <p class='ocr_par' dir='ltr' id='par_1_104' title="bbox 2058 4623 3791 4703">
     <span class='ocr_line' id='line_1_105' title="bbox 2058 4623 3791 4703; baseline -0.003 -18"><span class='ocrx_word' id='word_1_687' title='bbox 2058 4639 2104 4703; x_wconf 87' lang='lat' dir='ltr'><strong>D</strong></span> <span class='ocrx_word' id='word_1_688' title='bbox 2133 4631 2210 4700; x_wconf 81' lang='grc' dir='ltr'>ἓν,</span> <span class='ocrx_word' id='word_1_689' title='bbox 2247 4629 2349 4684; x_wconf 72' lang='grc' dir='ltr'>ἀπό</span> <span class='ocrx_word' id='word_1_690' title='bbox 2380 4650 2436 4683; x_wconf 81' lang='grc' dir='ltr'>τε</span> <span class='ocrx_word' id='word_1_691' title='bbox 2465 4629 2772 4702; x_wconf 56' lang='lat' dir='ltr'>maiust-.0;</span> <span class='ocrx_word' id='word_1_692' title='bbox 2813 4626 2901 4681; x_wconf 78' lang='grc' dir='ltr'>καὶ</span> <span class='ocrx_word' id='word_1_693' title='bbox 2950 4626 3166 4702; x_wconf 77' lang='grc' dir='ltr'>σαρκός·</span> <span class='ocrx_word' id='word_1_694' title='bbox 3201 4627 3336 4681; x_wconf 70' lang='grc' dir='ltr'>κατὰ</span> <span class='ocrx_word' id='word_1_695' title='bbox 3385 4623 3441 4681; x_wconf 74' lang='grc' dir='ltr'>δὲ</span> <span class='ocrx_word' id='word_1_696' title='bbox 3487 4626 3549 4680; x_wconf 83' lang='grc' dir='ltr'>τὸ</span> <span class='ocrx_word' id='word_1_697' title='bbox 3580 4625 3791 4698; x_wconf 78' lang='grc' dir='ltr'>ὁμοίω-</span> 
     </span>
    </p>
   </div>
   <div class='ocr_carea' id='block_1_105' title="bbox 2139 4712 3787 4794">
    <p class='ocr_par' dir='ltr' id='par_1_105' title="bbox 2139 4712 3787 4794">
     <span class='ocr_line' id='line_1_106' title="bbox 2139 4712 3787 4794; baseline -0.003 -20"><span class='ocrx_word' id='word_1_698' title='bbox 2139 4741 2212 4794; x_wconf 77' lang='grc' dir='ltr'>μα</span> <span class='ocrx_word' id='word_1_699' title='bbox 2244 4719 2405 4774; x_wconf 72' lang='grc' dir='ltr'>αὖτοῦ</span> <span class='ocrx_word' id='word_1_700' title='bbox 2435 4720 2658 4788; x_wconf 73' lang='grc' dir='ltr'>νοητὲον</span> <span class='ocrx_word' id='word_1_701' title='bbox 2692 4718 2779 4771; x_wconf 79' lang='grc' dir='ltr'>τὸν</span> <span class='ocrx_word' id='word_1_702' title='bbox 2835 4716 3059 4790; x_wconf 72' lang='grc' dir='ltr'>Χριστὸν</span> <span class='ocrx_word' id='word_1_703' title='bbox 3108 4715 3203 4770; x_wconf 76' lang='grc' dir='ltr'>ἓνοι</span> <span class='ocrx_word' id='word_1_704' title='bbox 3250 4716 3338 4770; x_wconf 79' lang='grc' dir='ltr'>καὶ</span> <span class='ocrx_word' id='word_1_705' title='bbox 3375 4715 3435 4770; x_wconf 69' lang='grc' dir='ltr'>οὐ</span> <span class='ocrx_word' id='word_1_706' title='bbox 3492 4712 3586 4769; x_wconf 71' lang='grc' dir='ltr'>δύο</span> <span class='ocrx_word' id='word_1_707' title='bbox 3618 4714 3787 4791; x_wconf 77' lang='grc' dir='ltr'>πρόσ-</span> 
     </span>
    </p>
   </div>
   <div class='ocr_carea' id='block_1_106' title="bbox 2135 4802 3791 4882">
    <p class='ocr_par' dir='ltr' id='par_1_106' title="bbox 2135 4802 3791 4882">
     <span class='ocr_line' id='line_1_107' title="bbox 2135 4802 3791 4882; baseline -0.004 -18"><span class='ocrx_word' id='word_1_708' title='bbox 2135 4831 2276 4879; x_wconf 69' lang='grc' dir='ltr'>ωπα,</span> <span class='ocrx_word' id='word_1_709' title='bbox 2329 4808 2458 4882; x_wconf 75' lang='grc' dir='ltr'>ὅπερ</span> <span class='ocrx_word' id='word_1_710' title='bbox 2511 4810 2544 4876; x_wconf 73' lang='grc' dir='ltr'>ἡ</span> <span class='ocrx_word' id='word_1_711' title='bbox 2596 4812 2686 4860; x_wconf 72' lang='grc' dir='ltr'>νῦν</span> <span class='ocrx_word' id='word_1_712' title='bbox 2736 4805 2957 4860; x_wconf 68' lang='grc' dir='ltr'>ἀπιστίαι</span> <span class='ocrx_word' id='word_1_713' title='bbox 3009 4807 3244 4880; x_wconf 63' lang='grc' dir='ltr'>βιάζετείι</span> <span class='ocrx_word' id='word_1_714' title='bbox 3299 4810 3503 4881; x_wconf 64' lang='grc' dir='ltr'>σαφῶς,</span> <span class='ocrx_word' id='word_1_715' title='bbox 3559 4802 3791 4859; x_wconf 82' lang='grc' dir='ltr'><strong>ἀπολει-</strong></span> 
     </span>
    </p>
   </div>
   <div class='ocr_carea' id='block_1_107' title="bbox 2134 4892 3791 4972">
    <p class='ocr_par' dir='ltr' id='par_1_107' title="bbox 2134 4892 3791 4972">
     <span class='ocr_line' id='line_1_108' title="bbox 2134 4892 3791 4972; baseline -0.004 -18"><span class='ocrx_word' id='word_1_716' title='bbox 2134 4901 2346 4972; x_wconf 76' lang='grc' dir='ltr'>πομένη</span> <span class='ocrx_word' id='word_1_717' title='bbox 2381 4902 2476 4951; x_wconf 68' lang='grc' dir='ltr'>τοῦ</span> <span class='ocrx_word' id='word_1_718' title='bbox 2513 4897 2773 4971; x_wconf 70' lang='grc' dir='ltr'>μεγέθους</span> <span class='ocrx_word' id='word_1_719' title='bbox 2801 4903 2902 4964; x_wconf 74' lang='grc' dir='ltr'>τῆς</span> <span class='ocrx_word' id='word_1_720' title='bbox 2956 4895 3100 4956; x_wconf 74' lang='grc' dir='ltr'>Οεὲοις</span> <span class='ocrx_word' id='word_1_721' title='bbox 3152 4897 3400 4970; x_wconf 72' lang='grc' dir='ltr'>χάριτος,</span> <span class='ocrx_word' id='word_1_722' title='bbox 3433 4896 3523 4949; x_wconf 72' lang='grc' dir='ltr'>καὶ</span> <span class='ocrx_word' id='word_1_723' title='bbox 3552 4899 3631 4966; x_wconf 80' lang='grc' dir='ltr'>τῷ</span> <span class='ocrx_word' id='word_1_724' title='bbox 3665 4892 3791 4948; x_wconf 81' lang='grc' dir='ltr'>Ἐλ-</span> 
     </span>
    </p>
   </div>
   <div class='ocr_carea' id='block_1_108' title="bbox 2134 4983 3789 5061">
    <p class='ocr_par' dir='ltr' id='par_1_108' title="bbox 2134 4983 3789 5061">
     <span class='ocr_line' id='line_1_109' title="bbox 2134 4983 3789 5061; baseline -0.002 -18"><span class='ocrx_word' id='word_1_725' title='bbox 2134 4988 2346 5060; x_wconf 71' lang='grc' dir='ltr'>ληνικῷ</span> <span class='ocrx_word' id='word_1_726' title='bbox 2380 4984 2665 5059; x_wconf 71' lang='grc' dir='ltr'>σκανδάλῳ</span> <span class='ocrx_word' id='word_1_727' title='bbox 2699 4983 3113 5061; x_wconf 60' lang='grc' dir='ltr'>περιπίπτοντα,</span> <span class='ocrx_word' id='word_1_728' title='bbox 3156 4985 3212 5039; x_wconf 80' lang='lat' dir='ltr'>id</span> <span class='ocrx_word' id='word_1_729' title='bbox 3246 4990 3369 5041; x_wconf 89' lang='lat' dir='ltr'>est:</span> <span class='ocrx_word' id='word_1_730' title='bbox 3398 4990 3570 5042; x_wconf 78' lang='lat' dir='ltr'>Ilomo</span> <span class='ocrx_word' id='word_1_731' title='bbox 3601 4993 3789 5040; x_wconf 80' lang='lat' dir='ltr'>autem</span> 
     </span>
    </p>
   </div>
   <div class='ocr_carea' id='block_1_109' title="bbox 2133 5077 3790 5150">
    <p class='ocr_par' dir='ltr' id='par_1_109' title="bbox 2133 5077 3790 5150">
     <span class='ocr_line' id='line_1_110' title="bbox 2133 5077 3790 5150; baseline -0.002 -16"><span class='ocrx_word' id='word_1_732' title='bbox 2133 5098 2243 5134; x_wconf 84' lang='lat' dir='ltr'>una</span> <span class='ocrx_word' id='word_1_733' title='bbox 2269 5096 2522 5150; x_wconf 82' lang='lat' dir='ltr'>persona,</span> <span class='ocrx_word' id='word_1_734' title='bbox 2573 5080 2624 5132; x_wconf 83' lang='lat' dir='ltr'>et</span> <span class='ocrx_word' id='word_1_735' title='bbox 2658 5093 2830 5131; x_wconf 87' lang='lat' dir='ltr'>unum</span> <span class='ocrx_word' id='word_1_736' title='bbox 2875 5077 3091 5130; x_wconf 82' lang='lat' dir='ltr'>animal</span> <span class='ocrx_word' id='word_1_737' title='bbox 3123 5080 3223 5140; x_wconf 74' lang='lat' dir='ltr'>est,</span> <span class='ocrx_word' id='word_1_738' title='bbox 3283 5077 3490 5146; x_wconf 86' lang='lat' dir='ltr'>spiritu</span> <span class='ocrx_word' id='word_1_739' title='bbox 3519 5078 3569 5130; x_wconf 82' lang='lat' dir='ltr'>el</span> <span class='ocrx_word' id='word_1_740' title='bbox 3623 5089 3790 5131; x_wconf 75' lang='lat' dir='ltr'>carne</span> 
     </span>
    </p>
   </div>
   <div class='ocr_carea' id='block_1_110' title="bbox 2131 5163 3784 5238">
    <p class='ocr_par' dir='ltr' id='par_1_110' title="bbox 2131 5163 3784 5238">
     <span class='ocr_line' id='line_1_111' title="bbox 2131 5163 3784 5238; baseline -0.005 -12"><span class='ocrx_word' id='word_1_741' title='bbox 2131 5167 2510 5235; x_wconf 66' lang='lat' dir='ltr'>con..s-tans;ad</span> <span class='ocrx_word' id='word_1_742' title='bbox 2535 5169 2689 5238; x_wconf 83' lang='lat' dir='ltr'>cujus</span> <span class='ocrx_word' id='word_1_743' title='bbox 2732 5166 3161 5220; x_wconf 77' lang='lat' dir='ltr'>similitudinem</span> <span class='ocrx_word' id='word_1_744' title='bbox 3207 5163 3636 5237; x_wconf 78' lang='lat' dir='ltr'>intelligendum</span> <span class='ocrx_word' id='word_1_745' title='bbox 3683 5170 3784 5232; x_wconf 79' lang='lat' dir='ltr'>est,</span> 
     </span>
    </p>
   </div>
   <div class='ocr_carea' id='block_1_111' title="bbox 2134 5253 3786 5327">
    <p class='ocr_par' dir='ltr' id='par_1_111' title="bbox 2134 5253 3786 5327">
     <span class='ocr_line' id='line_1_112' title="bbox 2134 5253 3786 5327; baseline -0.003 -14"><span class='ocrx_word' id='word_1_746' title='bbox 2134 5260 2408 5314; x_wconf 83' lang='lat' dir='ltr'>Christum</span> <span class='ocrx_word' id='word_1_747' title='bbox 2439 5275 2606 5311; x_wconf 84' lang='lat' dir='ltr'>unam</span> <span class='ocrx_word' id='word_1_748' title='bbox 2636 5272 2748 5311; x_wconf 79' lang='lat' dir='ltr'>esse</span> <span class='ocrx_word' id='word_1_749' title='bbox 2803 5271 3114 5327; x_wconf 82' lang='lat' dir='ltr'>personam,</span> <span class='ocrx_word' id='word_1_750' title='bbox 3147 5263 3199 5310; x_wconf 87' lang='lat' dir='ltr'>et</span> <span class='ocrx_word' id='word_1_751' title='bbox 3227 5270 3337 5310; x_wconf 88' lang='lat' dir='ltr'>non</span> <span class='ocrx_word' id='word_1_752' title='bbox 3387 5253 3545 5320; x_wconf 90' lang='lat' dir='ltr'>duas,</span> <span class='ocrx_word' id='word_1_753' title='bbox 3585 5261 3646 5309; x_wconf 90' lang='lat' dir='ltr'>ut</span> <span class='ocrx_word' id='word_1_754' title='bbox 3664 5255 3786 5324; x_wconf 85' lang='lat' dir='ltr'>jam</span> 
     </span>
    </p>
   </div>
   <div class='ocr_carea' id='block_1_112' title="bbox 2132 5343 3786 5417">
    <p class='ocr_par' dir='ltr' id='par_1_112' title="bbox 2132 5343 3786 5417">
     <span class='ocr_line' id='line_1_113' title="bbox 2132 5343 3786 5417; baseline -0.004 -13"><span class='ocrx_word' id='word_1_755' title='bbox 2132 5349 2487 5405; x_wconf 78' lang='lat' dir='ltr'>incredulitas</span> <span class='ocrx_word' id='word_1_756' title='bbox 2524 5345 2912 5417; x_wconf 78' lang='lat' dir='ltr'>magnitudine</span> <span class='ocrx_word' id='word_1_757' title='bbox 2968 5346 3173 5400; x_wconf 65' lang='lat' dir='ltr'>divinae</span> <span class='ocrx_word' id='word_1_758' title='bbox 3203 5344 3413 5415; x_wconf 70' lang='lat' dir='ltr'>gratiae</span> <span class='ocrx_word' id='word_1_759' title='bbox 3440 5343 3706 5399; x_wconf 66' lang='lat' dir='ltr'>destituta</span> <span class='ocrx_word' id='word_1_760' title='bbox 3735 5346 3786 5398; x_wconf 82' lang='lat' dir='ltr'>et</span> 
     </span>
    </p>
   </div>
   <div class='ocr_carea' id='block_1_113' title="bbox 2130 5433 3786 5510">
    <p class='ocr_par' dir='ltr' id='par_1_113' title="bbox 2130 5433 3786 5510">
     <span class='ocr_line' id='line_1_114' title="bbox 2130 5433 3786 5510; baseline -0.005 -16"><span class='ocrx_word' id='word_1_761' title='bbox 2130 5441 2190 5494; x_wconf 86' lang='lat' dir='ltr'>in</span> <span class='ocrx_word' id='word_1_762' title='bbox 2217 5437 2510 5510; x_wconf 83' lang='lat' dir='ltr'>gentilium</span> <span class='ocrx_word' id='word_1_763' title='bbox 2549 5435 2879 5491; x_wconf 86' lang='lat' dir='ltr'>scandalum</span> <span class='ocrx_word' id='word_1_764' title='bbox 2918 5433 3206 5507; x_wconf 80' lang='lat' dir='ltr'>prolapsa,</span> <span class='ocrx_word' id='word_1_765' title='bbox 3247 5435 3436 5505; x_wconf 86' lang='lat' dir='ltr'>aperte</span> <span class='ocrx_word' id='word_1_766' title='bbox 3473 5436 3528 5490; x_wconf 80' lang='lat' dir='ltr'>et</span> <span class='ocrx_word' id='word_1_767' title='bbox 3565 5446 3786 5489; x_wconf 83' lang='lat' dir='ltr'>summa</span> 
     </span>
    </p>
   </div>
   <div class='ocr_carea' id='block_1_114' title="bbox 2200 5653 2780 5730">
    <p class='ocr_par' dir='ltr' id='par_1_114' title="bbox 2200 5653 2780 5730">
     <span class='ocr_line' id='line_1_115' title="bbox 2200 5653 2780 5730; baseline 0 -18"><span class='ocrx_word' id='word_1_768' title='bbox 2200 5660 2268 5730; x_wconf 80' lang='grc' dir='ltr'>(ε)</span> <span class='ocrx_word' id='word_1_769' title='bbox 2305 5654 2476 5723; x_wconf 91' lang='lat' dir='ltr'>Ibid.,</span> <span class='ocrx_word' id='word_1_770' title='bbox 2507 5656 2628 5710; x_wconf 89' lang='lat' dir='ltr'>not.</span> <span class='ocrx_word' id='word_1_771' title='bbox 2658 5653 2780 5712; x_wconf 78' lang='grc'><strong>104.</strong></span> 
     </span>
    </p>
   </div>
  </div>
