4146 6374
1251 401 1352 461 DE
1397 400 1582 461 VITA
1626 399 1726 460 ET
1771 399 2120 460 SCRIPTlS
2167 400 2233 460 S.
2283 402 2738 468 ATHANASII.

3432 418 3702 465 CLXXXIII

295 531 350 584 vi
376 530 647 588 contendit
680 549 692 587 :
727 532 786 587 in
819 534 1042 588 caeteris
1086 533 1248 597 item,
1295 549 1422 604 quas
1475 533 1942 602 subsequuntur,
1973 536 2027 598 Α
2056 534 2258 602 positio
2291 533 2423 603 ﬁdei
2455 536 2714 604 proxime
2745 551 2999 606 sequens
3030 534 3253 589 nullam
3287 536 3516 606 praefert
3562 540 3707 590 tem-

291 619 701 677 Nestorianum
723 639 978 677 errorem
997 626 1125 678 tum
1159 627 1523 693 grassantem
1562 622 1777 676 videas.
1813 622 1942 674 llam

287 725 419 764 vero
449 709 753 766 Athanasii
787 729 903 766 aevo
935 712 1228 766 ascribere
1261 727 1375 764 non
1411 709 1582 765 licet:
1645 710 1744 764 ubi
1784 711 1939 764 enim

281 798 605 855 Athanasio
627 800 944 872 superstite
966 801 1166 856 videas
1187 799 1488 854 haareticos
1507 802 1654 854 duas
1692 799 1746 852 in
1773 799 1943 853 Chri-

282 891 376 942 sto
409 904 692 960 personas
722 906 850 945 esse
876 902 1073 960 aperte
1104 894 1162 944 et
1193 906 1429 944 summa
1482 887 1536 942 vi
1567 889 1938 943 contendere.

284 975 418 1031 Haec
447 977 624 1032 etiam
657 978 729 1032 ad
757 977 1170 1033 Nestorianum
1203 976 1481 1031 saeculum
1516 977 1824 1047 pertinere,
1849 976 1942 1030 in-

284 1064 484 1120 dicare
511 1065 742 1120 videtur
757 1066 947 1122 Codex
971 1065 1426 1138 antiquissimus
1448 1064 1807 1132 Basiliensis,
1843 1063 1942 1136 qui

286 1154 364 1208 ad
396 1154 744 1226 marginem,
773 1155 876 1210 ubi
907 1155 978 1210 de
1007 1154 1186 1210 Paulo
1219 1155 1601 1210 Samosateno
1633 1154 1845 1224 agitur,
1861 1152 1943 1207 sic

283 1241 505 1298 habet:
547 1237 629 1296 ὅτι
661 1242 809 1318 ἀρχὴ
842 1249 941 1311 τῆς
977 1241 1276 1314 Neo-topica
1309 1241 1567 1314 αἱρέσεως
1611 1241 1638 1294 ὁ
1691 1247 1940 1313 Σαμοσα-

282 1329 433 1398 τεός,
463 1332 520 1387 id
551 1337 660 1398 est,
697 1335 1034 1390 Nestorianm
1057 1333 1258 1390 haeresi
1288 1333 1516 1386 initium
1544 1331 1693 1386 dedit
1747 1336 1943 1387 Samo-

279 1423 622 1476 satenus.Ad
656 1422 777 1477 haec
809 1422 1080 1488 vero,hoc
1110 1421 1169 1476 in
1204 1420 1486 1493 opusculo
1546 1420 1785 1475 atfertur
1823 1419 1943 1474 haec

281 1509 596 1581 apostolici
631 1511 771 1566 dicti
802 1510 992 1578 lectio,
1040 1510 1067 1562 ὁ
1125 1509 1242 1562 θεὸς
1299 1507 1602 1585 ἐφανερώθη
1665 1506 1715 1561 ἐν
1764 1506 1938 1582 σαρκί·

277 1601 428 1654 Deus
456 1601 844 1672 manifestalus
873 1603 949 1655 est
999 1601 1059 1654 in
1115 1615 1299 1665 carne,
1361 1616 1487 1669 qua:
1546 1598 1604 1652 in
1666 1597 1944 1652 nonnulis

281 1688 504 1744 Graecis
536 1687 968 1761 exemplaribus
1001 1689 1249 1744 habetur
1275 1707 1286 1754 ;
1311 1688 1366 1742 in
1393 1687 1523 1742 aliis
1543 1704 1675 1742 vero
1709 1687 1940 1758 legitur,

281 1775 314 1831 ὅ
367 1776 678 1854 ἐφανερώθη
734 1775 785 1830 ἐν
836 1774 1013 1852 σαρκί,
1078 1777 1232 1845 Quod
1298 1779 1710 1847 manifestatum
1765 1779 1844 1830 est
1884 1777 1944 1829 in

283 1870 509 1924 carne‘.
544 1867 803 1923 Priorem
835 1885 968 1923 vero
999 1867 1306 1922 lectionem
1339 1883 1642 1936 nunquam
1683 1864 1941 1920 Athana-

284 1958 414 2013 sius
445 1957 503 2012 in
536 1957 774 2028 scriptis
806 1956 929 2012 suis
961 1955 1190 2011 attulit:
1236 1973 1350 2028 quo
1384 1955 1691 2010 manifeste
1723 1954 1942 2025 liqueat

285 2049 418 2117 ejus
439 2046 795 2118 exemplaria
818 2046 1202 2118 posteriorem
1217 2045 1494 2100 habuisse
1517 2062 1528 2098 :
1549 2042 1762 2110 nam,si
1787 2043 1940 2114 prio-

289 2152 412 2192 rem
445 2135 605 2191 illam
639 2133 1364 2199 circumtulissent,locum
1393 2149 1533 2188 sane
1564 2137 1768 2188 contra
1791 2132 1942 2186 Aria-

289 2242 398 2280 nos
429 2223 1000 2297 opportunissimum
1041 2223 1370 2278 sexcenties
1400 2220 1939 2292 usurpassetAtha-

293 2315 514 2380 nasius,
539 2313 638 2384 qui
667 2311 997 2367 incredibili
1029 2311 1336 2383 diligentia
1367 2309 1702 2381 Scripturas
1734 2325 1937 2380 perve-

293 2402 548 2474 stigavit,
581 2408 647 2458 ut
674 2401 724 2456 si
755 2418 872 2472 qua
901 2404 1106 2456 contra
1126 2399 1337 2455 Christi
1371 2399 1569 2455 hostes
1599 2398 1773 2468 objici
1803 2415 1940 2469 pos-

291 2496 444 2559 sent,
476 2505 546 2546 ex
574 2507 740 2547 sacra
769 2507 922 2562 penu
979 2490 1366 2561 depromeret.
1422 2489 1516 2543 Has
1572 2487 1738 2543 nobis
1771 2486 1940 2541 dubi-

290 2580 453 2636 tandi
484 2597 672 2636 causa
703 2598 716 2635 :
748 2579 962 2651 hisque
992 2578 1312 2650 perspectis
1332 2577 1630 2632 nominem
1663 2581 1801 2647 puto
1826 2593 1939 2631 non

288 2670 719 2738 haesitaturum,
753 2669 866 2725 nisi
899 2669 1038 2740 quid
1074 2667 1322 2722 ulterius
1354 2667 1723 2722 decernatur.

355 2761 698 2816 Tractatum
722 2758 816 2813 cui
848 2757 1078 2822 titulus,
1104 2758 1424 2826 Quicunque
1482 2756 1690 2810 dixerit
1719 2755 1942 2809 verbum

287 2853 478 2906 contra
509 2850 712 2904 Filium
743 2848 1001 2914 hominis,
1035 2845 1311 2918 opinatur
1355 2843 1765 2899 Tillemontins
1814 2860 1943 2899 esse

288 2943 514 3012 partem
547 2936 804 3010 epistolae
836 2937 906 2991 ad
940 2935 1341 2991 Marcellinum
1371 2953 1383 2988 :
1417 2951 1532 3006 quo
1586 2933 1782 2989 videas
1823 2950 1940 2988 non

283 3028 500 3100 legisse
531 3043 664 3082 eum
700 3044 827 3098 quas
870 3026 941 3081 de
999 3025 1109 3080 hoc
1161 3025 1487 3097 fragmento
1537 3023 1813 3078 diximus.
1845 3023 1944 3076 Est

284 3119 598 3191 quippe,ut
628 3134 695 3172 ex
717 3115 958 3188 optimis
981 3113 1281 3170 codicibus
1303 3117 1360 3168 et
1398 3129 1466 3167 ex
1514 3112 1661 3167 serie
1681 3127 1941 3183 compro-

281 3208 721 3279 bavimus,pars
753 3210 1049 3278 postrema
1088 3203 1342 3276 epistolae
1376 3206 1594 3274 quarta:
1655 3201 1726 3256 ad
1767 3201 1937 3254 Sera-

1974 1912 2021 1976 B

2055 621 2210 691 poris
2240 626 2431 676 notam
2463 625 2592 685 ;:<od
2611 624 3345 695 quiaejusmodidoctrinre
3365 641 3545 678 causa
3568 642 3703 680 cum

2050 710 2280 763 Arianis
2313 718 2635 782 pugnatum
2695 718 2804 781 est,
2865 719 3000 768 ante
3056 714 3276 785 scripta
3305 713 3704 770 Arianismum

2052 801 2456 869 oppugnantia
2485 804 2792 857 commode
2817 802 3058 858 localur.
3101 803 3411 857 Tractatus
3443 803 3501 856 in
3534 802 3703 872 illud,

2055 887 2249 942 Omnia
2281 889 2421 943 mihi
2448 891 2652 945 tradita
2681 897 2810 946 sunt
2841 910 2874 946 a
2906 894 3072 948 Patre
3092 893 3132 958 ²,
3168 892 3308 962 quia
3357 896 3493 946 ante
3523 892 3704 948 Euse-

2055 975 2132 1029 bii
2165 976 2628 1034 Nicomedionsis
2654 986 2900 1035 mortem
2924 981 3180 1052 scriptus
3205 980 3543 1051 fertur,quae
3571 997 3706 1036 con-

2053 1064 2184 1136 tigit
2215 1082 2366 1120 anno
2396 1068 2524 1131 542,
2559 1069 2628 1122 ab
2661 1085 2814 1124 anno
2845 1072 2972 1137 339,
3005 1087 3118 1140 quo
3165 1070 3348 1124 redux
3395 1070 3468 1124 ab
3498 1069 3702 1126 exsilio

2053 1153 2408 1209 Athanasius
2431 1155 2830 1213 Alexandrinae
2853 1157 2974 1212 sedi
3005 1158 3308 1213 restitutus
3330 1163 3438 1228 est,
3473 1159 3544 1213 ad
3568 1159 3699 1226 342,

2055 1258 2170 1312 quo
2202 1243 2344 1297 obiit
2375 1245 2938 1317 Eusebius,scriptus
2971 1248 3142 1301 fuerit
3172 1251 3417 1318 oportet.
3445 1247 3702 1319 Epistola

2053 1332 2345 1404 encyclica
2376 1351 2529 1388 anno
2559 1335 3016 1402 3H,certissime
3047 1335 3264 1406 scripta
3295 1339 3402 1391 est.
3443 1337 3704 1409 Apologia

2051 1430 2239 1476 contra
2265 1424 2515 1491 Arianos,
2553 1441 2704 1479 anno
2736 1425 2965 1480 circiter
2993 1426 3117 1491 350,
3152 1425 3304 1480 edita
3340 1425 3470 1491 fuit,
3505 1430 3570 1480 ut
3619 1427 3702 1482 fa-

2055 1512 2210 1564 tetur
2239 1509 2364 1581 ipse
2395 1511 2826 1568 Tillemontius.
2864 1514 3017 1568 Libri
3053 1520 3128 1568 De
3184 1514 3418 1568 Nicsenis
3463 1514 3705 1572 decretis

2053 1603 2111 1653 et
2141 1601 2215 1653 De
2242 1604 2515 1656 sententia
2551 1603 2826 1673 Dionysii,
2866 1607 2996 1674 post
3028 1603 3285 1657 reditum
3333 1603 3639 1659 Athanasii
3673 1622 3708 1661 a

2053 1689 2309 1743 secundo
2343 1689 2545 1746 exsilio
2577 1696 2632 1746 et
2653 1696 2786 1746 ante
2818 1692 3056 1746 tertium
3089 1692 3357 1746 adornati
3402 1696 3562 1760 sunt,
3593 1693 3707 1749 sci-

2054 1774 2187 1830 licet
2218 1777 2290 1832 ab
2323 1795 2474 1833 anno
2499 1779 2604 1834 350
2635 1781 2705 1835 ad
2741 1782 2938 1849 361,ut
2968 1781 3048 1835 ibi
3073 1781 3523 1851 comprobatur:
3546 1782 3708 1853 Epis-

2054 1865 2174 1920 tola
2205 1867 2276 1920 ad
2314 1868 2708 1938 Dracontium,
2769 1869 3111 1925 imminente
3165 1867 3372 1925 ultimo
3401 1869 3707 1926 Athanasii

2051 1955 2163 2008 sub
2195 1955 2531 2011 Constantio
2563 1957 2764 2013 exsilio
2788 1975 2940 2014 anno
2964 1959 3194 2014 circiter
3223 1957 3490 2030 354,ipso
3516 1961 3706 2016 faten-

2049 2047 2104 2098 te
2134 2043 2523 2100 Tillemontio.
2559 2048 2692 2112 Qua:
2745 2052 3074 2119 sequuntur
3118 2047 3274 2102 haud
3321 2048 3516 2103 dubiis
3550 2050 3704 2105 notis

2051 2133 2136 2186 sic
2167 2132 2549 2188 ordinamus:
2583 2135 2842 2206 Epistola
2873 2137 2944 2190 ad
3003 2135 3307 2208 episcopos
3355 2137 3606 2209 Egyptii
3647 2143 3705 2194 et

2054 2221 2426 2293 Libym,anno
2449 2225 2552 2277 356
2579 2249 2592 2290 ;
2615 2224 2878 2295 Apologia
2906 2225 2975 2279 ad
3011 2224 3419 2293 Constantium,
3459 2228 3700 2284 eodem:

2051 2311 2308 2381 Apologia
2339 2311 2402 2365 de
2428 2315 2584 2382 fuga,
2619 2329 2772 2368 anno
2814 2314 2958 2378 356;
3007 2314 3264 2384 Apologia
3323 2313 3391 2368 ad
3443 2314 3706 2372 Constan-

2049 2401 2207 2468 tium,
2243 2402 2483 2457 eodem:
2519 2403 2777 2473 Apologia
2806 2404 2875 2457 de
2901 2405 3060 2473 fuga,
3093 2421 3245 2458 anno
3294 2405 3399 2458 357
3445 2403 3532 2459 vel
3574 2405 3702 2475 358,

2052 2489 2310 2560 Epistola
2341 2491 2408 2544 ad
2446 2491 2823 2562 Serapionem
2855 2491 2920 2546 de
2948 2498 3128 2547 morte
3179 2492 3300 2547 Arii
3357 2497 3413 2548 et
3461 2495 3705 2550 Historia

2050 2578 2398 2634 Arianorum
2429 2580 2499 2634 ad
2528 2581 2842 2648 monachos,
2877 2582 3078 2636 eodem
3111 2598 3262 2637 anno
3285 2582 3390 2636 358
3416 2626 3428 2651 ,
3474 2583 3704 2639 Oratio-

2053 2683 2156 2721 nes
2187 2672 2387 2722 contra
2417 2669 2662 2724 Arianos
2695 2670 2898 2725 eodem
2941 2670 3170 2726 circiter
3201 2675 3463 2742 tempore
3503 2673 3702 2744 profu-

2052 2772 2163 2825 gus
2186 2756 2437 2828 scripsit,
2465 2757 2799 2828 pariterque
2826 2758 3102 2828 epistolas
3146 2764 3400 2830 quatuor
3430 2762 3500 2816 ad
3535 2762 3704 2818 Sera-

2054 2845 2284 2915 pionem
2319 2850 2522 2901 contra
2553 2847 2799 2902 Arianos
2848 2853 2904 2902 et
2956 2850 3562 2917 Pneumatomachos;
3616 2851 3707 2906 Li-

2051 2935 2222 2988 brum
2252 2935 2327 2989 De
2355 2937 2577 3006 synodis
2601 2936 3240 3007 subsequentem,anno
3273 2940 3378 2992 359
3403 2957 3416 3006 ;
3451 2940 3702 2997 Tomum

2053 3024 2123 3078 ad
2155 3024 2726 3093 Antiochenos,anno
2758 3027 3038 3081 362.1-lmc
3094 3027 3350 3082 maxima
3393 3045 3528 3099 pars
3571 3047 3704 3102 ope-

2052 3129 2181 3166 rum
2205 3112 2508 3167 Athanasii
2536 3131 2667 3168 cum
2683 3113 2883 3167 ordine
2898 3116 3330 3186 temporis,tum
3353 3123 3702 3188 argumento

2051 3201 2358 3265 cohznrent,
2394 3207 2450 3256 et
2479 3201 2730 3256 Arianici
2791 3203 3084 3258 tumultus
3136 3204 3347 3259 seriem
3381 3207 3699 3274 quamdam

278 3295 854 3370 pionem.Vide’quae
879 3292 987 3348 hac
1020 3293 1089 3347 de
1122 3309 1181 3346 re
1213 3307 1436 3346 necnon
1471 3291 1540 3345 de
1565 3288 1829 3362 epistolis
1861 3288 1933 3342 ad
1967 3283 2008 3347 C
2049 3289 2413 3355 exhibent-,ac
2444 3307 2589 3362 pene
2619 3291 2815 3345 omnia
2873 3291 3176 3363 polemica,
3209 3293 3488 3349 historica
3519 3296 3698 3351 simul

276 3386 659 3458 Serapionem
679 3383 1105 3439 edisseruimus
1120 3399 1176 3452 p.
1192 3379 1491 3447 515,initio
1511 3379 1782 3434 secunda:
1804 3395 1934 3448 par-

274 3476 361 3532 tis
389 3476 456 3547 (t.
483 3475 574 3542 II).
600 3475 815 3530 Earum
841 3472 1057 3544 quippe
1079 3470 1286 3526 seriem
1311 3470 1465 3525 haud
1491 3467 1687 3523 dubiis
1706 3465 1938 3522 indiciis

271 3570 339 3622 et
369 3563 636 3620 codicum
669 3561 1016 3617 auctoritate
1046 3558 1505 3616 restauravimus
1532 3576 1544 3625 ;
1579 3557 1606 3610 ὁ
1634 3555 1937 3629 μακαρίτης

270 3669 416 3710 vero
446 3651 887 3725 ingravescente
918 3650 1124 3705 morbo
1157 3650 1214 3704 in
1246 3648 1641 3718 extremisque
1676 3662 1940 3713 versans,

272 3746 407 3801 haec
437 3760 554 3798 non
587 3740 1019 3796 animadvertit.

356 3837 640 3888 Caeterum
672 3831 1000 3902 fragmenta
1056 3829 1115 3883 in
1172 3829 1501 3893 Leviticum,
1527 3831 1584 3882 et
1613 3827 1673 3880 in
1705 3826 1945 3881 Paulum

273 3924 730 3987 Samosatenum,
765 3936 893 3990 quae
916 3919 1054 3988 jure
1085 3917 1423 3989 suspicatur
1452 3916 1548 3972 ille
1567 3916 1838 3971 alicunde
1860 3914 1946 3969 di-

280 4011 463 4067 v—ulsa
497 4010 701 4076 fuisse,
737 4026 844 4064 nos
884 4010 944 4062 in
1001 4005 1234 4078 Syllabo
1278 4007 1347 4061 ad
1410 4007 1660 4061 frontem
1692 4005 1947 4076 Operum

276 4100 600 4157 Athanasii
633 4098 790 4153 unde
817 4100 1090 4168 excerpta
1121 4096 1339 4151 fuerint
1368 4095 1780 4150 indicavimus.

369 4189 574 4244 Restat
592 4191 656 4242 ut
673 4187 743 4242 de
765 4187 968 4242 ordine
989 4186 1244 4258 Operum
1268 4184 1570 4239 Athanasii
1596 4183 1796 4255 paucis
1821 4200 1954 4255 aga-

282 4295 435 4334 mus
463 4275 912 4333 :Tillemontius
942 4275 1161 4347 quippe
1189 4291 1366 4346 quam
1397 4274 1697 4328 tenuimus
1729 4277 1954 4344 tempo-

279 4369 373 4424 ris
405 4367 763 4433 seriem,non
795 4365 1035 4420 omnino
1069 4364 1377 4437 probatam
1410 4363 1522 4416 sibi
1573 4362 1952 4417 testificatur:

284 4473 452 4524 nam,
487 4455 699 4528 inquit,
733 4454 1094 4527 paucissima
1119 4457 1257 4508 sunt
1279 4452 1588 4507 Athanasii
1612 4469 1954 4522 opera,quze

286 4562 411 4618 quo
440 4550 706 4617 tempore
732 4543 1066 4614 conscripta
1123 4542 1338 4598 fuerint
1385 4541 1679 4614 assignari
1718 4540 1910 4597 valeat
1941 4557 1953 4596 :

2045 3384 2101 3432 et
2131 3379 2462 3450 dogmatica
2493 3384 2648 3434 sunt.
2683 3379 2788 3434 llla
2818 3397 2986 3452 porro
3021 3381 3346 3454 scjungere,
3387 3400 3452 3438 ac
3482 3383 3695 3440 distra-

2046 3467 2567 3540 here,diversisqae
2598 3469 2783 3524 titulis
2814 3487 2948 3524 cum
2982 3469 3175 3524 dubiis
3204 3471 3379 3526 etiam
3419 3474 3694 3544 operibus

2049 3557 2331 3630 permista
2362 3557 2642 3629 digerere,
2677 3563 2742 3613 ut
2798 3559 3042 3614 tentavit
3091 3559 3524 3631 Tiilemontius,
3559 3580 3695 3619 cum

2053 3650 2206 3702 recta
2235 3646 2458 3701 ratione
2491 3646 2572 3702 ita
2602 3651 2916 3718 pugnat,ut
2946 3646 3196 3703 libenter
3226 3649 3296 3702 ad
3336 3648 3534 3720 ipsum
3581 3650 3705 3705 Til-

2051 3735 2400 3790 lemontium
2425 3735 2636 3790 melius
2659 3736 3075 3802 consultum,si
3110 3737 3168 3791 in
3225 3737 3372 3793 vivis
3403 3744 3576 3806 esset,
3611 3756 3711 3812 ap-

2055 3824 2786 3897 pellarem.Neminemque
2813 3830 2950 3897 puto
2989 3825 3128 3893 fore,
3153 3827 3253 3897 qui
3280 3826 3402 3882 hac
3443 3833 3713 3886 accurate

2058 3913 2388 3986 perlegerit,
2421 3915 2562 3985 quin
2592 3915 2710 3970 haec
2761 3915 2952 3970 nativo
2987 3916 3196 3970 ordine
3229 3916 3548 3973 distributa
3586 3935 3715 3975 esse

2061 4004 2457 4069 contendat,et
2489 4004 2630 4074 quin
2662 4020 2810 4075 aegre
2843 4005 2988 4059 ferat
3018 4005 3192 4060 aliam
3227 4007 3473 4078 proponi
3501 4007 3712 4064 seriem

2061 4097 2116 4146 et
2148 4092 2374 4146 ordinis
2403 4092 3004 4149 rationem.Ha:csatis
3027 4099 3241 4149 sunto:
3295 4112 3429 4151 cum
3463 4097 3717 4153 maxime

2063 4182 2216 4253 quod
2250 4181 2513 4236 ordinem
2547 4187 2602 4235 et
2634 4183 2842 4237 seriem
2875 4199 3116 4254 operum
3169 4183 3428 4254 cujusvis
3459 4185 3717 4257 Scripto-

2063 4273 2144 4326 ris
2176 4275 2418 4342 spectat,
2449 4271 2730 4326 arbitratu
2765 4277 2820 4326 et
2852 4277 2996 4326 nutu
3031 4272 3283 4344 quisque
3339 4290 3446 4328 suo
3489 4273 3720 4344 judicet

2064 4366 2120 4416 et
2149 4360 2244 4414 alii
2280 4361 2395 4414 alia
2427 4360 2571 4415 ralio
2606 4359 2904 4431 digerendi
2943 4360 3186 4432 placeat.
3221 4361 3481 4433 Exempli
3514 4379 3719 4431 causa;

2066 4450 2112 4504 si
2149 4466 2344 4521 parem
2377 4449 2839 4503 Tillemontiana:
2871 4467 3106 4520 operam
3132 4451 3720 4522 suscepissem,nun-

2067 4555 2243 4609 quam
2278 4537 2641 4592 induxissem
2677 4537 3035 4602 animum,ut
3063 4554 3153 4592 res
3188 4537 3498 4593 historiam
3529 4539 3722 4595 Eccle—

279 4651 474 4708 quare
505 4633 689 4691 alium
722 4631 820 4688 ille
851 4632 1119 4688 ordinem
1151 4633 1480 4688 secundum
1532 4630 1863 4702 argumenti
1898 4635 1954 4686 et
1986 4653 2030 4716 D
2069 4629 2165 4682 sia:
2190 4630 2521 4698 spectantes
2543 4625 2679 4680 vitis
2701 4631 3036 4680 sanctorum
3053 4631 3109 4681 et
3130 4625 3725 4683 virorumillustrium

281 4725 546 4781 materiae
579 4723 868 4779 rationem
902 4721 1204 4794 conﬁngit,
1268 4725 1325 4776 et
1385 4720 1754 4776 commodius
1813 4718 1948 4774 iniri

283 4831 463 4888 posse
493 4814 768 4869 azstimat.
809 4811 1026 4867 Verum
1059 4811 1181 4866 haec
1212 4809 1574 4866 'l'illemontii
1623 4809 1952 4864 observatio

281 4920 362 4960 ne
388 4901 476 4958 vel
501 4901 799 4958 tantillum
833 4917 940 4957 nos
972 4919 1006 4955 a
1035 4901 1284 4972 pristino
1326 4900 1597 4954 instituto
1655 4899 1950 4954 dimovet:

281 4992 428 5058 quia
459 5007 528 5046 ex
560 4991 842 5046 diuturna
872 4989 1178 5044 Athanasii
1201 4990 1556 5061 scriptorum
1583 4987 1954 5058 tractatione,

297 5078 756 5136 commodiorem
790 5083 992 5134 nostra
1017 5095 1130 5133 non
1164 5094 1337 5150 posse
1361 5077 1470 5132 texi
1498 5077 1707 5132 seriem
1735 5092 1962 5148 compe-

288 5168 503 5225 rimus.
535 5167 839 5240 Siquidem
872 5173 1077 5224 contra
1107 5183 1285 5238 quam
1333 5171 1501 5237 putat
1529 5165 1959 5232 Tillemontius,

289 5259 448 5315 inter
478 5258 774 5330 praecipua
800 5256 1100 5313 Athanasii
1123 5272 1300 5328 Opera
1323 5271 1508 5327 pauca
1531 5259 1687 5320 sunt,
1705 5271 1958 5324 quorum

289 5354 551 5420 tempus,
587 5347 818 5403 circiter
843 5347 1075 5416 saltem,
1108 5345 1429 5418 ignoretur.
1464 5343 1611 5398 Nam
1657 5343 1773 5398 duo
1815 5343 1955 5399 libri

291 5436 491 5493 Contra
519 5440 732 5506 gentes,
765 5435 864 5508 qui
919 5451 1130 5508 agmen
1185 5438 1389 5507 agunt,
1417 5436 1550 5489 ante
1587 5433 1944 5489 Arianorum

288 5525 616 5584 tumultum
647 5526 718 5582 ab
745 5525 1065 5582 Athanasio
1089 5525 1305 5596 juvene
1327 5521 1644 5595 conscripti
1671 5523 1945 5578 sunt.Ex-

365 5746 380 5781 ¹
417 5745 438 5802 Ι
467 5745 618 5802 Tim.
653 5761 737 5816 xu,
772 5743 858 5800 16.
936 5742 960 5778 ²
990 5738 1199 5800 Matth.
1230 5755 1313 5813 xx,
1342 5739 1436 5797 27.

2066 4716 2413 4789 singillatim
2446 4715 2754 4787 descriptis
2787 4715 3147 4770 includerem
3181 4733 3194 4783 ;
3229 4717 3387 4772 unde
3435 4715 3579 4772 illud
3611 4717 3730 4773 im-

2067 4812 2384 4877 portunum
2419 4805 2653 4870 accidit,
2689 4810 2771 4875 ut,
2808 4822 2939 4860 cum
2969 4821 3061 4860 res
3090 4822 3144 4859 v.
3169 4821 3225 4876 g.
3250 4806 3496 4862 Nicena:
3521 4807 3731 4878 synodi

2083 4895 2216 4967 quis
2252 4894 2544 4966 perlegere
2561 4893 2692 4948 velit
2725 4911 2838 4949 non
2857 4895 2964 4949 sub
2991 4911 3107 4949 uno
3127 4893 3296 4950 titulo
3319 4895 3518 4951 omnia
3553 4895 3733 4951 simul

2069 4985 2262 5057 posita
2294 4983 2727 5054 deprehendat;
2761 4983 2858 5038 sed
2886 4985 2954 5038 ad
2988 4983 3377 5049 Constantini,
3413 4983 3726 5040 Alexandri

2072 5073 2469 5136 Alexandrini,
2505 5072 2687 5134 llosii,
2722 5073 3044 5138 Athanasii,
3077 5074 3309 5130 Eusebii
3350 5073 3729 5130 Caesariensis

2071 5164 2394 5220 etaliorum
2419 5161 2854 5227 Vitas,diversis
2869 5163 3045 5216 etiam
3063 5162 3120 5216 in
3142 5163 3315 5217 tomis
3341 5163 3728 5235 conscriptas,

2071 5254 2448 5312 remittatur;
2481 5257 2544 5306 ut
2575 5252 2712 5322 quid
2737 5250 2952 5322 singuli
2979 5253 3397 5307 eorumeadem
3420 5253 3478 5307 in
3507 5253 3731 5324 synodo

2074 5343 2299 5416 egerint
2327 5341 2584 5396 ediscere
2616 5344 2810 5411 queat.
2863 5340 3080 5396 Verum
3152 5359 3277 5412 quae
3321 5341 3466 5397 mihi
3500 5342 3734 5416 ingrata

2074 5438 2162 5488 est
2191 5431 2643 5488 Tillemontiana
2672 5429 2840 5497 ratio,
2892 5429 3022 5485 aliis
3083 5431 3329 5486 fortasse
3366 5432 3733 5503 perjucunda

2075 5527 2132 5580 et
2161 5522 2407 5595 probata
2434 5519 2580 5577 erit:
2609 5535 2797 5590 neque
2829 5534 2933 5591 ego
2965 5519 3349 5593 probantibus
3381 5525 3438 5578 et
3477 5521 3718 5579 laudan-
