4146 6402
434 420 696 475 CLXXXVI

1829 406 2439 477 PROLEGOMENA.

433 548 668 605 cilemet
697 545 1057 601 inaccessam
1109 561 1237 600 eam
1269 541 1317 601 si
1347 544 1436 600 vel
1496 543 1873 617 aliquatenus
1932 562 2066 601 asse

2196 544 2356 601 οὖσαν
2399 545 2489 603 καὶ
2546 545 2646 605 οὐκ
2693 546 2915 630 ἐφικτὴν
2961 547 3191 618 τελείως
3242 550 3380 631 πρὸς
3433 545 3688 630 μίμησιν,
3740 549 3839 612 κᾶν

436 654 710 710 qnamur,
744 653 859 692 non
895 635 1204 690 minimum
1240 636 1410 690 nobis
1441 635 1694 689 arbitror
1723 635 1927 689 afferre
1960 635 2081 690 fru-

435 733 705 784 ctum.De
725 726 1030 781 Athanasii
1057 725 1265 796 loquor
1284 725 1606 795 vita,quam
1631 741 1732 778 ceu
1758 725 2078 795 quamdam

433 816 669 873 virtutis
691 815 1046 885 columnam,
1066 814 1341 869 omnibus
1364 814 1741 885 conspicuam
1765 820 2082 884 notamque

434 905 707 963 exhibere
736 905 1005 959 conabor.
1032 902 1382 974 Hujusmodi
1417 918 1670 973 namque
1699 903 1802 956 viri
1834 904 1970 970 vita,
1998 905 2083 957 tot

436 1000 675 1070 propter
720 995 895 1049 Deum
956 991 1391 1047 calamitatibus
1451 992 1762 1064 perfuncti,
1817 996 1905 1046 tot
1950 996 2078 1045 tan-

434 1090 643 1157 tasque
672 1082 1029 1138 mutationes
1081 1082 1321 1153 experti,
1384 1086 1499 1136 tam
1552 1082 1906 1151 frequentes,
1956 1085 2077 1135 tam

433 1173 663 1231 varias:
697 1190 813 1228 non
846 1170 982 1226 talis
1014 1173 1185 1227 modo
1218 1176 1325 1239 est,
1359 1189 1486 1243 quae
1510 1171 1709 1243 probis
1740 1170 1955 1224 animis
1979 1170 2079 1223 ad-

434 1263 805 1320 mirationem
837 1279 957 1316 una
985 1278 1119 1315 cum
1150 1260 1448 1331 voluptate
1495 1260 1736 1326 aﬂ'erat;
1790 1259 1891 1313 sed
1951 1273 2081 1328 quae

431 1352 566 1408 illos
624 1352 697 1408 ad
757 1349 1137 1424 philnSOphiaa
1196 1350 1481 1418 studium,
1523 1350 1594 1403 ad
1644 1362 2079 1419 quamcumque

432 1440 611 1497 aliam
641 1440 944 1507 virtutem,
986 1455 1171 1510 spem,
1235 1437 1801 1510 magnanimitatem,
1855 1436 2078 1506 patien-

431 1532 575 1588 tiam
608 1528 1107 1603 opportunissime
1138 1527 1427 1582 instituat.
1460 1527 1622 1581 Haud
1645 1524 1809 1581 facile
1824 1524 2078 1596 profecto

431 1620 592 1677 illius
622 1625 787 1693 gesta
816 1618 1015 1675 omnia
1047 1633 1385 1689 percensere
1412 1635 1423 1672 :
1457 1633 1573 1671 non
1607 1615 1780 1670 modo
1814 1614 1971 1668 enim
2003 1613 2077 1668 ob

433 1708 907 1781 magnitudinem
939 1706 1168 1762 imitatu
1197 1705 1481 1769 difficilia,
1504 1705 1603 1759 sed
1636 1704 1811 1759 etiam
1835 1704 1907 1758 ob
1931 1703 2081 1758 mul-

429 1799 744 1856 titudinem
773 1797 868 1853 vix
900 1800 1038 1852 sunt
1058 1794 1483 1851 enumeranda:
1508 1809 1710 1849 verum
1724 1810 1851 1864 quae
1873 1791 2076 1848 audire

2192 635 2280 691 ἐπὶ
2312 638 2477 692 ποσὸν
2512 636 2568 693 δὲ
2599 638 2754 713 ὅμως
2800 643 3188 719 κατορθωθείη,
3236 644 3336 699 οὐκ
3381 641 3668 721 ἐλάχιστον
3701 647 3840 717 ἡμῖν

2189 724 2381 800 κέρδος
2411 730 2825 805 παρεχομένην,
2863 732 3178 788 Ἀθανασίου
3227 735 3371 812 φημὶ
3422 739 3518 789 τοῦ
3572 732 3841 810 μεγάλου,

2189 815 2387 885 ταύτην
2449 815 2628 894 ὥσπερ
2706 821 2826 873 τινα
2901 818 3110 892 στήλην
3191 822 3387 898 ἀρετῆς
3444 820 3690 899 ἔμψυχον
3749 825 3844 878 καὶ

2191 905 2450 959 ἀθάνατον
2487 950 2500 974 ,
2562 904 2791 984 διαιρανῆ
2845 915 2975 964 πᾶσι
3022 910 3112 965 καὶ
3170 912 3450 987 γνώριμον
3509 919 3846 983 καταστῆσαι

2190 994 2537 1067 πειράσομαι.
2575 994 2799 1071 ’Δνδρὸς
2847 998 2951 1071 γὰρ
3005 997 3255 1052 τοιούτου
3309 998 3449 1071 βίος,
3499 999 3589 1053 καὶ
3643 998 3843 1057 τοσαύ-

2188 1101 2308 1143 ταις
2361 1084 2454 1154 μὲν
2534 1080 2621 1137 διὰ
2697 1085 2825 1140 Θεὸν
2906 1084 3217 1161 πληγέντος
3290 1093 3410 1150 ταῖς
3484 1100 3791 1166 συμφοραῖς
3826 1136 3843 1162 ,

2186 1171 2449 1234 τοσαύτας
2510 1170 2567 1227 δὲ
2611 1173 2702 1228 καὶ
2757 1172 3065 1248 μεταϐολὰς
3117 1177 3468 1247 ὑποστάντος,
3525 1178 3615 1233 καὶ
3665 1178 3844 1241 οὕτως

2190 1261 2352 1322 αὐτὰς
2414 1260 2881 1333 ἀλλεπαλλήλους
2937 1266 3027 1320 καὶ
3088 1265 3513 1344 ἀγχιστρόφους,
3566 1267 3629 1323 οὗ
3674 1269 3842 1340 μόνον

2189 1350 2371 1412 ἱκανὸς
2424 1350 2568 1406 ἔσται
2644 1353 2733 1407 καὶ
2794 1351 2985 1416 ἁπλῶς
3062 1354 3396 1428 ἀκουόμενος
3466 1357 3647 1429 θαῦμα
3726 1360 3845 1431 μεθ’

2188 1436 2393 1509 ἡδονῆς
2427 1439 2653 1495 ἐνθεῖναι
2709 1447 2829 1504 ταῖς
2887 1441 3212 1520 φιλαγάθοις
3273 1447 3500 1520 ψυχαῖς,
3553 1443 3700 1501 ἀλλὰ
3747 1447 3845 1502 καὶ

2188 1526 2535 1607 φιλοσοφίαν,
2581 1530 2743 1593 αὐτὰς
2792 1533 2925 1605 μετᾶ
2971 1539 3071 1601 τῆς
3124 1530 3304 1603 ἄλλης
3354 1533 3570 1610 ἀρετῆς,
3620 1533 3843 1605 ἐλπίδα,

2191 1615 2631 1694 μεγαλοψυχίαν,
2680 1612 2986 1692 ὑπομονὴν,
3016 1618 3301 1676 παιδεῦσαι
3346 1622 3708 1697 καιριώτατπ
3738 1625 3843 1697 (a).

2188 1708 2367 1760 Πάντα
2401 1707 2494 1780 μὲν
2538 1706 2627 1762 οὖν
2682 1708 2741 1763 οὐ
2794 1707 2976 1784 ῥᾴδιον
3030 1712 3098 1764 τὰ
3147 1710 3349 1765 έκείνον
3404 1708 3655 1782 διεξιέναι
3687 1731 3700 1745 ⁸
3736 1712 3844 1768 εἶσὶ

2187 1796 2290 1870 γὰρ
2344 1794 2406 1849 οὐ
2461 1797 2803 1869 μιμήσασθαί
2842 1797 3004 1870 μόνον
3057 1796 3146 1853 διὰ
3192 1799 3255 1854 τὸ
3318 1801 3545 1875 μέγεθος
3595 1802 3842 1876 χαλεπὰ,

430 1886 815 1945 utilissimum
848 1886 989 1941 erit:
1014 1901 1142 1956 quas
1174 1882 1435 1956 quidem,
1464 1899 1584 1938 una
1612 1898 1747 1937 cum
1777 1880 1929 1948 aliis,
1988 1897 2066 1935 ex-

2190 1882 2334 1984 ἄλλα
2358 1885 2447 1984 καὶ
2495 1890 2585 1984 τῷ.
2619 1884 2818 1984 πλήθει
2870 1884 3100 1943 διελθεῖν
3132 1885 3371 1965 δυσχερῆ
3409 1906 3421 1921 ’
3456 1886 3583 1943 ἀλλ’
3630 1888 3729 1945 ὅσα
3777 1911 3849 1965 γε

431 1977 660 2052 plorata
687 1975 891 2033 multis
920 1977 1076 2031 sunt.

499 2162 554 2214 2.
577 2156 898 2213 Athanasio
929 2154 1110 2229 igitur
1140 2152 1330 2225 patria
1360 2152 1470 2206 fuit
1521 2150 1661 2206 urbs
1719 2150 1777 2204 in
1836 2149 2077 2221 Egypto

430 2247 810 2306 celeberrima
839 2243 1204 2301 Alexandria.
1228 2243 1501 2298 Parentes
1533 2239 1666 2295 aliis
1695 2239 1909 2294 virtute
1940 2254 2078 2311 prae-

430 2338 786 2404 stantiores;
819 2335 921 2392 sed
952 2334 1072 2389 ﬁlio
1122 2337 1321 2387 tamen
1379 2331 1483 2385 uni
1531 2329 1857 2396 inferiores,
1889 2333 1955 2383 ut
2009 2345 2077 2384 ex

429 2429 621 2484 fructu
652 2427 844 2492 arbor,
878 2441 944 2480 ex
976 2422 1240 2497 germine
1289 2421 1476 2483 radtx,
1533 2421 1813 2490 majorem
1872 2433 2075 2473 conse-

431 2522 710 2590 queretur
738 2514 995 2570 laudem.’
1029 2512 1212 2582 Cujus
1243 2509 1423 2564 animi
1456 2508 1787 2581 ingenuitas
1818 2506 2073 2563 liberali-

428 2610 658 2677 tasque,
692 2620 903 2659 sanum
934 2617 999 2657 ac
1020 2605 1297 2656 constans
1327 2597 1648 2670 ingenium,
1695 2596 1880 2667 pietas
1938 2611 2077 2669 erga

428 2694 637 2761 Deum,
670 2691 982 2766 propensio
1013 2690 1085 2745 ad
1118 2686 1467 2760 spiritualia,
1512 2686 1710 2742 statim
1745 2703 1778 2741 a
1824 2685 2077 2757 pueritia

430 2782 694 2841 emicuit.
753 2780 1005 2835 Vixdum
1049 2778 1206 2834 enim
1264 2780 1587 2832 excesserat
1653 2776 1724 2830 ab
1799 2774 2072 2841 infantia,

431 2872 666 2946 quando
698 2874 785 2937 (ut
818 2868 965 2925 solet
995 2867 1095 2922 illa
1125 2871 1263 2922 aetas
1291 2866 1468 2931 ludis,
1500 2869 1555 2920 et
1585 2863 1900 2937 azqualium
1944 2880 2077 2919 con—

431 2960 611 3018 sortio
637 2959 913 3034 gaudere,
945 2957 1017 3013 ob
1048 2954 1230 3011 animi
1278 2954 1729 3027 simplicitatem)
1760 2954 1828 3008 ad
1890 2952 2083 3024 quod-

433 3051 570 3108 dam
594 3050 775 3105 maris
793 3047 960 3103 littus
982 3062 1114 3102 cum
1139 3044 1461 3117 aequalibus
1482 3043 1580 3099 ille
1602 3042 1870 3109 accessit,
1893 3042 2079 3097 visus-

432 3156 547 3214 que
577 3143 666 3196 est
696 3138 778 3194 ibi
803 3136 988 3208 jocari
1020 3152 1154 3191 cum
1188 3133 1325 3189 illis.
1360 3137 1426 3190 Αι
1455 3149 1549 3189 res
1580 3132 1730 3188 seria
1760 3132 1927 3186 lusus
1980 3130 2077 3186 ille

429 3234 575 3297 erat,
606 3232 782 3301 atque
813 3228 1143 3282 futurorum
1163 3224 1419 3296 signum,
1451 3238 1677 3278 necnon
1708 3220 1936 3277 occasio
1968 3219 2078 3275 fuit

2185 1975 2275 2027 xui
2307 1973 2518 2029 ἀκούειν
2554 1973 2972 2053 ὠφελιμώτερα,
3022 1977 3112 2032 καὶ
3159 1982 3278 2041 τοῖς
3314 1974 3552 2041 πολλοῖς
3585 1978 3700 2051 ἅμα
3726 1983 3841 2034 τῶν

2187 2059 2372 2117 ἄλλων
2409 2063 2518 2119 ἐστὶ
2551 2066 2968 2141 γνωριμώτερα.

2255 2155 2309 2206 2.
2344 2152 2649 2224 Ἀθανασίῳ
2689 2152 2871 2207 τοίνυν
2920 2153 3118 2228 πατρὶς
3171 2154 3266 2226 μὲν
3321 2154 3356 2223 ἡ
3409 2155 3525 2207 κατ’
3561 2151 3840 2228 Αἴγυπτον

2186 2240 2592 2314 ὀνομαστοτάτη
2640 2242 2857 2296 πόλεων
2910 2239 3292 2315 ’Δλεξάνδρεια
3323 2259 3337 2273 ·
3370 2243 3598 2319 πατέρες
3639 2240 3698 2298 δὲ
3724 2248 3834 2298 τῶν

2190 2329 2284 2401 μὲν
2334 2326 2520 2383 ἄλλων
2576 2328 2937 2406 διενεγκόντες
2988 2332 3086 2399 τὴν
3139 2331 3355 2405 ἀρετήν,
3410 2331 3577 2405 μόνου
3634 2329 3693 2387 δὲ
3736 2337 3838 2387 τοῦ

2184 2415 2377 2479 παιδὸς
2410 2417 2749 2492 λειπόμενοι,
2800 2420 2876 2481 ὡς
2930 2419 2988 2474 ἐκ
3014 2424 3111 2474 τοῦ
3155 2424 3365 2495 καρποῦ
3400 2417 3613 2493 μᾶλλον
3645 2421 3707 2476 τὸ
3737 2443 3837 2499 φυ-

2182 2507 2298 2576 τὸν,
2328 2507 2417 2562 καὶ
2448 2510 2544 2577 τήν
2577 2508 2726 2584 ῥίζαν
2777 2508 2838 2563 ἐκ
2879 2513 2978 2563 τοῦ
3030 2506 3268 2583 βλαστοῦ
3322 2509 3726 2585 μακαρίζεσθαι.
3758 2510 3835 2564 Οὗ

2183 2596 2365 2650 καὶτὸ
2393 2603 2495 2665 τῆς
2543 2601 2731 2673 ψυχῆς
2761 2597 2974 2672 εὐγενές
3018 2617 3076 2651 τε
3128 2598 3218 2651 xui
3270 2595 3595 2672 ἐλευθέριον,
3634 2599 3726 2654 καὶ
3774 2600 3842 2655 τὸ

2187 2684 2334 2760 ὑγιὲς
2364 2689 2460 2740 τοῦ
2490 2684 2657 2755 ἤθους
2708 2686 2797 2740 καὶ
2848 2686 3129 2759 στάσιμον,
3162 2685 3197 2755 ἦ
3230 2706 3288 2741 τε
3316 2688 3451 2762 πρὸς
3484 2689 3610 2742 Θεὸν
3658 2691 3843 2751 νεῦσις

2183 2775 2273 2829 καὶ
2328 2776 2363 2843 ἠ
2418 2774 2542 2850 περὶ
2597 2776 2665 2829 τὰ
2716 2776 3055 2848 πνευματικὰ
3110 2775 3278 2851 ῥοπή,
3339 2775 3398 2831 ἐκ
3444 2774 3635 2838 παιδὸς
3681 2776 3842 2840 εὐθὺς

2185 2861 2507 2941 διεφαίνετο.
2540 2870 2699 2937 ⁹¹Αρτι
2727 2865 2831 2940 γὰρ
2873 2865 2973 2933 τὴν
3021 2869 3130 2919 τῶν
3180 2865 3391 2935 νηπίων
3426 2860 3667 2939 ἀμείϐων
3699 2864 3834 2935 ἡλι-

2183 2952 2303 3007 κίαν
2364 2954 2473 3026 (καὶ
2532 2955 2621 3008 οἷα
2676 2954 2906 3029 πέφυκεν
2968 2952 3102 3023 αὕτη
3159 2951 3404 3017 παιδιαῖς
3478 2955 3562 3009 ἀεὶ
3622 2975 3838 3031 χαιρειν

2183 3043 2273 3096 καὶ
2301 3042 2591 3116 ὁμηλίκων
2636 3042 2946 3105 συνουσίαις
2997 3039 3065 3097 δι’
3095 3041 3424 3116 ἁπλότητα),
3475 3039 3697 3120 ἔρχεται
3744 3045 3838 3100 xui

2187 3131 2346 3194 οὗτός
2399 3153 2533 3187 ποτε
2610 3133 2744 3205 μετά
2812 3137 2920 3187 τῶν
2997 3130 3313 3201 ἡλικιωτῶν
3393 3131 3481 3188 ἐπί
3555 3154 3680 3188 τινα
3733 3140 3837 3204 τῆς

2188 3218 2465 3290 Θαλάσσης
2523 3221 2729 3291 ἀκτήν.
2780 3221 2877 3276 Καὶ
2933 3222 3251 3295 συμπαίζειν
3298 3222 3393 3295 μὲν
3452 3221 3637 3283 αὐτοῖς
3691 3225 3841 3299 παρὰ

427 3284 487 3377 et
514 3284 889 3393 principium,
922 3331 1034 3388 quo
1065 3314 1137 3370 ad
1165 3284 1256 3369 Dei
1288 3284 1635 3368 famulatum
1682 3311 1947 3366 accessit.
2010 3311 2066 3365 In

2186 3316 2304 3373 ταῖς
2330 3284 2521 3387 ὄχθαις
2573 3284 2767 3381 ἐδόκει,
2824 3284 3031 3379 σπουδῆ
3087 3284 3241 3379 δὲ’ἦν
3292 3284 3515 3379 ἀληθῶς
3554 3313 3589 3380 ἠ
3620 3284 3836 3383 παιδίὰ,

428 3410 567 3466 ludo
599 3423 855 3481 namque
886 3404 1050 3478 pueri
1082 3403 1454 3459 sacerdotum
1489 3399 1815 3456 ministeria
1837 3398 2071 3464 imitati,

425 3498 817 3555 Athanasium
847 3494 1123 3551 ordinant
1144 3492 1480 3564 episcopum
1508 3510 1520 3559 ;
1548 3507 1614 3546 ac
1640 3490 1739 3562 qui
1762 3488 1821 3543 in
1841 3488 2074 3561 presby-

420 3592 578 3645 teros
608 3590 666 3642 et
694 3586 969 3641 diaconos
1000 3581 1261 3654 deputati
1303 3584 1487 3647 erant,
1521 3579 1908 3634 admovebant
1958 3577 2068 3646 ipsi

421 3692 635 3750 pueros
662 3674 956 3746 baptismo
979 3673 1243 3728 nondum
1274 3670 1634 3741 obsignatos,
1668 3671 1733 3722 ut
1762 3666 1835 3722 ab
1865 3683 1931 3723 eo
1954 3666 2067 3722 tin-

418 3768 715 3839 gerentur.
748 3764 900 3819 Tum
931 3760 1030 3817 ille
1059 3757 1706 3815 omniaconstitutarite
1725 3756 2064 3828 perficiens;

416 3871 627 3928 pueros
660 3869 813 3925 aqua
845 3850 1070 3907 marina
1092 3848 1438 3920 baptizatos,
1470 3845 1929 3902 videbaturvelle
1960 3846 2065 3901 ali-

415 3961 534 4018 qua
563 3942 961 4000 admonitione
990 3937 1300 3995 cohortari.
1354 3936 1458 3993 Cui
1487 3951 1620 3991 vero
1667 3935 2063 3991 Alexandrinae

410 4039 540 4090 tum
571 4035 817 4106 praeerat
847 4028 1116 4086 Ecclesiae
1139 4026 1308 4082 divus
1338 4025 1683 4092 Alexander,
1716 4029 1926 4081 nactus
1961 4025 2063 4081 ali-

412 4139 591 4197 quam
623 4120 989 4195 negotiorum
1022 4116 1541 4183 intermissionem,
1575 4113 2061 4187 aliquantumque

408 4227 626 4267 vacans
657 4227 689 4266 a
719 4210 894 4266 rebus
925 4206 1072 4273 suis,
1118 4222 1253 4261 cum
1310 4204 1607 4259 recreandi
1641 4203 1822 4260 animi
1882 4220 2061 4259 causa

400 4301 734 4374 jucundum
770 4297 950 4354 maris
980 4300 1281 4368 aspectum
1315 4293 1502 4349 oculis
1540 4292 2057 4365 contemplaretur,

405 4391 612 4448 videns
632 4389 771 4445 huic
798 4388 938 4443 ludo
967 4388 1266 4442 vacantem
1298 4382 1711 4453 Athanasium,
1743 4387 2055 4454 postquam

402 4495 519 4537 non
549 4478 847 4535 modicum
877 4474 1159 4548 temporis
1190 4471 1520 4546 spectaculo
1550 4471 1812 4526 intentus
1843 4472 2058 4527 consti-

401 4569 592 4635 tisset,
622 4566 789 4624 valde
818 4582 940 4623 rem
972 4563 1318 4632 admiratus,
1355 4576 1567 4634 pueros
1598 4562 1799 4616 statim
1818 4560 2051 4616 accivit:

2182 3400 2271 3453 xui
2299 3404 2407 3454 τῶν
2444 3396 2759 3473 μελλόντων
2794 3398 2856 3454 οὗ
2902 3398 3074 3461 τύπος
3121 3398 3307 3473 μόνον,
3358 3397 3504 3454 ἀλλὰ
3552 3401 3644 3455 xui
3695 3401 3831 3476 πρό·
3920 3468 3928 3474 _

2182 3510 2339 3567 φασις
2369 3489 2671 3563 Ἀθανασίῳ
2722 3489 2810 3544 καὶ
2866 3489 3088 3565 ἀπαρχὴ
3136 3496 3236 3558 τῆς
3268 3489 3405 3564 πρὸς
3454 3490 3581 3545 Θεὸν
3614 3490 3830 3546 οἰκειώ-

2181 3599 2315 3641 σεως
2348 3624 2360 3636 .
2419 3580 2865 3653 ’Υποκρινάμενοι
2941 3579 3044 3654 γὰρ
3102 3577 3155 3633 ἐν
3226 3581 3296 3652 τῇ
3352 3575 3543 3649 παιδιᾷ
3597 3580 3666 3634 τὰ
3718 3584 3829 3636 τῶν

2180 3668 2365 3741 ἱερέων
2425 3669 2477 3721 οἱ
2530 3665 2741 3738 παῖδες,
2792 3668 3103 3723 ’Δθανάσιον
3170 3668 3263 3740 μὲν
3325 3666 3617 3723 ἐπίσκοπον
3667 3666 3827 3738 δῆθεν

2176 3761 2608 3833 χειροτονοῦσιν·
2642 3755 2793 3810 αὐτοὶ
2827 3754 2905 3825 δὲ,
2935 3756 3011 3818 είς
3054 3750 3452 3831 πρεσϐυτέρους
3503 3756 3684 3833 ὥσπερ
3735 3758 3829 3813 καὶ

2176 3842 2455 3908 διακόνους
2506 3845 2900 3922 ἀφορισθέντες,
2949 3852 3230 3921 προσῆγον
3280 3845 3429 3918 αότῷ
3476 3845 3674 3909 παῖδας
3708 3847 3823 3902 ἑτέ-

2174 3955 2300 4009 ρους
2362 3933 2756 4012 ἀσφρσγίστους
2816 3932 2893 3988 ἔτι
2950 3939 3029 4006 τῷ
3085 3933 3216 4007 θείῳ
3278 3933 3633 4009 βαπτίσματι,
3686 3935 3828 3992 ὥστε

2174 4025 2260 4078 ὑπ’
2319 4022 2483 4078 αὐτοῦ
2537 4024 2916 4097 βαπτισθῆναι.
2971 4023 3226 4086 Κάκεῖνος
3284 4025 3459 4079 πάντα
3512 4023 3687 4080 τελῶν
3740 4023 3826 4080 ἐπ’

2170 4114 2354 4175 αὐτοῖς
2431 4115 2505 4187 (b)
2577 4114 2646 4167 τὰ
2719 4115 3131 4187 νενομισμένα,
3189 4114 3280 4168 καὶ
3346 4112 3623 4187 θαλαττίῳ
3694 4113 3825 4178 τοὺς

2168 4200 2365 4265 παῖδας
2401 4200 2674 4278 βαπτίζων
2722 4200 2895 4274 ύδατι,
2947 4201 3103 4275 ἐῴκει
3159 4200 3447 4277 βούλεσθαί
3491 4224 3638 4266 τινος
3684 4205 3824 4279 πρὸς

2167 4290 2363 4353 αὐτοὺς
2428 4291 2517 4346 καὶ
2595 4292 2961 4364 παραινέσεως
3038 4291 3270 4365 ἅψασθαί
3306 4335 3320 4348 .
3380 4298 3434 4345 'O
3507 4298 3638 4367 γοῦν
3719 4301 3822 4364 τῆς

2169 4379 2565 4457 Ἀλεξανδρέων
2637 4386 2935 4452 τηνικαῦτα
3006 4382 3286 4457 προεστὼς
3356 4384 3501 4446 θεῖος
3566 4381 3822 4455 Ἀλέξαν-

2166 4468 2305 4546 δροι,
2358 4467 2569 4546 σχολὴν
2621 4474 2729 4524 τῶν
2772 4469 2825 4524 έν
2876 4471 3062 4546 χερσὶν
3119 4468 3290 4546 ἄγων,
3342 4471 3432 4527 καὶ
3479 4493 3587 4527 τινι
3627 4472 3823 4550 μετρίᾳ

2166 4558 2292 4622 δοὺς
2323 4560 2506 4615 ἑαυτὸν
2558 4559 2751 4625 ἀνέσει,
2799 4561 2895 4621 τὰς
2946 4554 3099 4633 ὄψεις
3142 4580 3202 4614 τε
3245 4567 3364 4624 τοῖς
3411 4558 3659 4631 ἡδίστοις
3698 4561 3819 4617 ἐπι-

400 4675 468 4715 ac
496 4659 947 4731 quibuscumque
976 4671 1110 4710 cum
1143 4651 1449 4708 Athanasii
1483 4667 1639 4722 purae
1662 4666 1897 4716 manus,
1918 4654 2047 4705 tum

2178 4644 2341 4704 ἷαλὼν
2400 4655 2501 4717 τῆς
2556 4645 2833 4715 θαλάσσης
2888 4648 3139 4722 θεάμασι,
3198 4650 3288 4705 καὶ
3346 4648 3538 4722 παιδιᾷ
3591 4649 3820 4726 τοιαύτῃ

397 4746 484 4802 illi
516 4746 846 4802 divinorum
879 4747 1300 4817 praeceptorum
1333 4739 1908 4795 abiufantiadiaconi
1931 4739 2050 4794 sive

396 4834 675 4902 ministri,
708 4851 814 4891 ceu
844 4833 1165 4907 quamdam
1196 4831 1256 4885 in
1288 4829 1517 4885 Christo
1563 4828 1740 4901 sigilli
1798 4829 2043 4884 formam

394 4925 833 4999 imposuerant:
866 4940 964 4979 eos
997 4921 1095 4976 ille
1126 4923 1395 4992 prompta
1417 4934 1593 4973 manu
1617 4917 2043 4990 inungit,quasi

391 5013 777 5071 honestarum
806 5009 1109 5067 Athanasii
1129 5012 1541 5080 praematurum
1556 5022 1731 5061 manu
1744 5023 1840 5061 um
1855 5007 2042 5077 impo-

390 5103 662 5160 sitionem
693 5104 1088 5165 revereretur;
1123 5112 1308 5169 neque
1331 5096 1557 5150 irritam
1574 5095 1899 5151 faciendam
1913 5112 2043 5151 esse

382 5192 694 5264 judicaret.
718 5190 876 5255 Illos,
911 5190 1177 5260 inquam,
1211 5185 1450 5256 inungit
1477 5200 1542 5239 ac
1566 5185 2043 5256 baptismateini-

392 5282 520 5337 tiat.
554 5282 815 5337 Necdum
846 5278 1005 5335 enim
1036 5275 1298 5332 initiatos
1330 5275 1511 5330 fuisse
1535 5274 1660 5345 jam
1721 5290 1894 5347 supra
1952 5275 2039 5330 di-

388 5374 548 5427 ctum
580 5375 689 5426 est.
724 5371 925 5442 Ipsum
961 5370 1156 5422 autem
1191 5348 1843 5430 Athanasium,dulcem
1870 5365 2037 5420 illum

384 5459 622 5516 virtutis
654 5459 891 5515 ﬂorem:
925 5454 1386 5513 amcenissimam
1420 5452 1704 5526 plantam,
1732 5454 1859 5524 jam
1890 5459 2037 5509 tem-

386 5548 648 5622 pestivis,
679 5550 799 5604 imo
831 5543 1204 5619 praematuris
1244 5543 1491 5615 spiritus
1523 5542 1811 5598 fructibus
1842 5542 2037 5616 pullu-

457 5692 535 5763 (α)
565 5688 817 5763 Golbert,
850 5690 903 5743 2.
945 5690 1301 5763 κυριῶτοεεοςἶ

457 5692 513 5763 (α
565 5692 817 5759 Golbert,
850 5692 903 5743 2.
945 5692 1301 5761 κυριῶτατος,

455 5692 535 5838 (bi
559 5762 652 5821 Sic
672 5766 791 5819 tres
811 5776 955 5818 mss.
978 5764 1131 5817 recte
1159 5756 1477 5827 Editivero,
1511 5756 1599 5811 ὐπ’
1630 5755 1818 5829 αὺτῆς,

2160 4739 2448 4816 χρώμενον
2487 4734 2615 4791 ἰδὼν
2666 4736 3003 4815 Ἀθανάσιον,
3052 4738 3251 4801 ἱκανῶς
3301 4759 3360 4794 τε
3409 4744 3479 4814 τῇ
3527 4742 3621 4812 θέᾳ
3649 4760 3819 4818 προσ-

2159 4824 2468 4903 διατρίψας,
2517 4826 2608 4880 καὶ
2658 4826 2796 4879 πάνυ
2846 4823 3052 4904 σφόδρα
3110 4829 3389 4902 θαυμάσας
3436 4830 3554 4884 καθ’
3603 4831 3817 4896 έαυτὸν,

2158 4915 2278 4993 ἄγει
2333 4915 2461 4978 τοὺς
2516 4911 2714 4976 παῖδας
2774 4913 2926 4975 εὐθύς
2962 4934 2973 4946 ’
3016 4915 3105 4970 xui
3154 4916 3361 4973 τούτων
3420 4918 3569 4981 ὅσοις
3631 4920 3726 4992 μὲν
3756 4920 3819 4974 αἱ

2155 5006 2379 5080 καθαραὶ
2438 5009 2620 5079 ’χεῖρες
2677 5004 2993 5060 Ἀθανασίου
3065 5005 3155 5060 καὶ
3226 5006 3385 5062 θείων
3461 5006 3698 5064 ἐντολῶν
3753 5007 3818 5064 ἐκ

2154 5094 2351 5165 νηπίου
2385 5091 2647 5163 διάκονοι,
2695 5094 2933 5166 καθάπερ
2982 5094 3102 5150 τινὰ
3138 5095 3305 5151 τύπον
3345 5103 3448 5167 τῆς
3498 5097 3551 5154 έν
3593 5102 3814 5171 Χριστῷ

2154 5183 2450 5262 σφραγῖδος
2511 5178 2777 5238 ἐπέϐαλον
2812 5226 2829 5254 ,
2891 5183 3118 5247 τοότους
3176 5186 3448 5261 προθύμῳ
3513 5187 3661 5265 χειρὶ
3717 5188 3811 5243 καὶ

2151 5273 2311 5334 αὐτὸς
2365 5272 2628 5347 έπιχρίει,
2670 5273 2760 5325 οἷα
2805 5272 2906 5341 τὴν
2964 5277 3071 5328 τῶν
3128 5272 3313 5329 καλῶν
3373 5274 3589 5331 ἐκείνων
3648 5278 3813 5331 Ἀθα-

2150 5363 2335 5417 νασίου
2395 5366 2596 5437 χειρῶν
2680 5359 2911 5416 ἐπίθεσιν
2983 5362 3074 5416 καὶ
3240 5364 3347 5441 πρὸ
3415 5371 3515 5435 τῆς
3581 5362 3809 5435 ἡλικίας

2152 5451 2491 5521 δυσωπηθεὶς
2538 5448 2629 5503 καὶ
2682 5449 2909 5521 ματαίαν
2958 5453 3126 5505 θεῖναι
3181 5454 3255 5524 μή
3309 5450 3603 5516 δικαιώσας
3637 5471 3651 5486 ⁸
3696 5451 3814 5510 ἐπι-

2148 5540 2296 5617 χρίει
2343 5539 2523 5594 τοίνυν
2577 5535 2772 5600 αὐτοὺς
2823 5538 2913 5593 καὶ
2960 5536 3168 5595 τελειοῖ
3216 5538 3306 5596 διὰ
3351 5546 3448 5597 τοῦ
3501 5540 3811 5617 βαπτίσμα-

2219 5685 2289 5757 (ε)
2321 5682 2481 5739 Colb.
2514 5683 2567 5753 2,
2602 5679 2721 5736 κᾶν.
